  <div class='ocr_page' id='page_1' title='image "/cluster/home/n/w/nwhite01/storage/ocr_20150623/38/hvd.32044096580600/560.png"; bbox 0 0 3886 6188; ppageno 0'>
   <div class='ocr_carea' id='block_1_1' title="bbox 225 270 357 327">
    <p class='ocr_par' dir='ltr' id='par_1_1' title="bbox 225 270 357 327">
     <span class='ocr_line' id='line_1_1' title="bbox 225 270 357 327; baseline 0.008 -2"><span class='ocrx_word' id='word_1_1' title='bbox 225 270 357 327; x_wconf 77' lang='grc'><strong>1109</strong></span> 
     </span>
    </p>
   </div>
   <div class='ocr_carea' id='block_1_2' title="bbox 223 374 1799 454">
    <p class='ocr_par' dir='ltr' id='par_1_2' title="bbox 223 374 1799 454">
     <span class='ocr_line' id='line_1_2' title="bbox 223 374 1799 454; baseline -0.01 -11"><span class='ocrx_word' id='word_1_2' title='bbox 223 396 421 450; x_wconf 71' lang='lat' dir='ltr'><strong>rentur,</strong></span> <span class='ocrx_word' id='word_1_3' title='bbox 453 393 508 438; x_wconf 91' lang='lat' dir='ltr'><strong>ut</strong></span> <span class='ocrx_word' id='word_1_4' title='bbox 546 383 687 453; x_wconf 83' lang='lat' dir='ltr'><strong>quod</strong></span> <span class='ocrx_word' id='word_1_5' title='bbox 722 383 837 454; x_wconf 87' lang='lat' dir='ltr'><strong>ipse</strong></span> <span class='ocrx_word' id='word_1_6' title='bbox 871 381 1070 437; x_wconf 86' lang='lat' dir='ltr'><strong>sciebat</strong></span> <span class='ocrx_word' id='word_1_7' title='bbox 1108 380 1181 435; x_wconf 86' lang='lat' dir='ltr'><strong>illi</strong></span> <span class='ocrx_word' id='word_1_8' title='bbox 1222 379 1533 433; x_wconf 70' lang='lat' dir='ltr'><strong>faterentur.</strong></span> <span class='ocrx_word' id='word_1_9' title='bbox 1567 377 1634 432; x_wconf 84' lang='lat' dir='ltr'><strong>Et</strong></span> <span class='ocrx_word' id='word_1_10' title='bbox 1659 374 1799 447; x_wconf 87' lang='lat' dir='ltr'><strong>quod</strong></span> 
     </span>
    </p>
   </div>
   <div class='ocr_carea' id='block_1_3' title="bbox 219 469 1799 543">
    <p class='ocr_par' dir='ltr' id='par_1_3' title="bbox 219 469 1799 543">
     <span class='ocr_line' id='line_1_3' title="bbox 219 469 1799 543; baseline -0.008 -9"><span class='ocrx_word' id='word_1_11' title='bbox 219 476 474 539; x_wconf 76' lang='lat' dir='ltr'><strong>audistis,</strong></span> <span class='ocrx_word' id='word_1_12' title='bbox 508 473 691 529; x_wconf 87' lang='lat' dir='ltr'><strong>mirari</strong></span> <span class='ocrx_word' id='word_1_13' title='bbox 730 482 1037 543; x_wconf 59' lang='lat' dir='ltr'><strong>coeperunt,</strong></span> <span class='ocrx_word' id='word_1_14' title='bbox 1066 472 1189 539; x_wconf 84' lang='lat' dir='ltr'><strong>quia</strong></span> <span class='ocrx_word' id='word_1_15' title='bbox 1230 471 1299 526; x_wconf 84' lang='lat' dir='ltr'><strong>de</strong></span> <span class='ocrx_word' id='word_1_16' title='bbox 1332 486 1391 525; x_wconf 87' lang='lat' dir='ltr'><strong>re</strong></span> <span class='ocrx_word' id='word_1_17' title='bbox 1427 469 1570 525; x_wconf 88' lang='lat' dir='ltr'><strong>clara</strong></span> <span class='ocrx_word' id='word_1_18' title='bbox 1601 478 1655 524; x_wconf 89' lang='lat' dir='ltr'><strong>ct</strong></span> <span class='ocrx_word' id='word_1_19' title='bbox 1694 478 1799 523; x_wconf 86' lang='lat' dir='ltr'><strong>tam</strong></span> 
     </span>
    </p>
   </div>
   <div class='ocr_carea' id='block_1_4' title="bbox 219 559 1795 632">
    <p class='ocr_par' dir='ltr' id='par_1_4' title="bbox 219 559 1795 632">
     <span class='ocr_line' id='line_1_4' title="bbox 219 559 1795 632; baseline -0.008 -7"><span class='ocrx_word' id='word_1_20' title='bbox 219 565 497 625; x_wconf 81' lang='lat' dir='ltr'><strong>manifesta</strong></span> <span class='ocrx_word' id='word_1_21' title='bbox 520 565 666 620; x_wconf 86' lang='lat' dir='ltr'><strong>velut</strong></span> <span class='ocrx_word' id='word_1_22' title='bbox 688 580 721 620; x_wconf 71' lang='grc' dir='ltr'>ι</span> <span class='ocrx_word' id='word_1_23' title='bbox 741 563 1012 618; x_wconf 87' lang='lat' dir='ltr'><strong>nesciente</strong></span> <span class='ocrx_word' id='word_1_24' title='bbox 1039 561 1515 632; x_wconf 79' lang='lat' dir='ltr'><strong>interrogabantur.</strong></span> <span class='ocrx_word' id='word_1_25' title='bbox 1541 559 1617 614; x_wconf 83' lang='lat' dir='ltr'><strong>Tu</strong></span> <span class='ocrx_word' id='word_1_26' title='bbox 1639 559 1795 623; x_wconf 77' lang='lat' dir='ltr'><strong>solus,</strong></span> 
     </span>
    </p>
   </div>
   <div class='ocr_carea' id='block_1_5' title="bbox 221 648 1802 729">
    <p class='ocr_par' dir='ltr' id='par_1_5' title="bbox 221 648 1802 729">
     <span class='ocr_line' id='line_1_5' title="bbox 221 648 1802 729; baseline -0.008 -14"><span class='ocrx_word' id='word_1_27' title='bbox 221 657 483 729; x_wconf 80' lang='lat' dir='ltr'><strong>inquiunt,</strong></span> <span class='ocrx_word' id='word_1_28' title='bbox 515 655 812 727; x_wconf 78' lang='lat' dir='ltr'><strong>peregrinus</strong></span> <span class='ocrx_word' id='word_1_29' title='bbox 839 670 893 708; x_wconf 87' lang='lat' dir='ltr'><strong>es</strong></span> <span class='ocrx_word' id='word_1_30' title='bbox 916 652 970 707; x_wconf 88' lang='lat' dir='ltr'><strong>in</strong></span> <span class='ocrx_word' id='word_1_31' title='bbox 996 653 1310 719; x_wconf 78' lang='lat' dir='ltr'><strong>Jerusalem,</strong></span> <span class='ocrx_word' id='word_1_32' title='bbox 1339 661 1387 706; x_wconf 84' lang='lat' dir='ltr'><strong>et</strong></span> <span class='ocrx_word' id='word_1_33' title='bbox 1412 651 1575 706; x_wconf 84' lang='lat' dir='ltr'><strong>nescis</strong></span> <span class='ocrx_word' id='word_1_34' title='bbox 1601 665 1714 722; x_wconf 68' lang='lat' dir='ltr'><strong>qua</strong></span> <span class='ocrx_word' id='word_1_35' title='bbox 1730 648 1802 703; x_wconf 89' lang='lat' dir='ltr'><strong>ibi</strong></span> 
     </span>
    </p>
   </div>
   <div class='ocr_carea' id='block_1_6' title="bbox 221 742 1801 826">
    <p class='ocr_par' dir='ltr' id='par_1_6' title="bbox 221 742 1801 826">
     <span class='ocr_line' id='line_1_6' title="bbox 221 742 1801 826; baseline -0.008 -19"><span class='ocrx_word' id='word_1_36' title='bbox 221 763 355 826; x_wconf 84' lang='lat' dir='ltr'><strong>gesta</strong></span> <span class='ocrx_word' id='word_1_37' title='bbox 376 762 491 806; x_wconf 80' lang='lat' dir='ltr'><strong>sunt</strong></span> <span class='ocrx_word' id='word_1_38' title='bbox 509 751 535 805; x_wconf 75' lang='grc'><em>7</em></span> <span class='ocrx_word' id='word_1_39' title='bbox 553 749 731 805; x_wconf 81' lang='lat' dir='ltr'><strong>Atille</strong></span> <span class='ocrx_word' id='word_1_40' title='bbox 755 748 889 803; x_wconf 68' lang='lat' dir='ltr'><strong>dixit</strong></span> <span class='ocrx_word' id='word_1_41' title='bbox 913 765 928 801; x_wconf 90' lang='lat'><strong>:</strong></span> <span class='ocrx_word' id='word_1_42' title='bbox 957 746 1084 812; x_wconf 61' lang='lat' dir='ltr'><strong>Quae</strong></span> <span class='ocrx_word' id='word_1_43' title='bbox 1099 748 1125 801; x_wconf 81' lang='lat'><strong>.’</strong></span> <span class='ocrx_word' id='word_1_44' title='bbox 1152 745 1229 800; x_wconf 89' lang='lat' dir='ltr'><strong>De</strong></span> <span class='ocrx_word' id='word_1_45' title='bbox 1245 743 1372 800; x_wconf 77' lang='lat' dir='ltr'><strong>Iesu</strong></span> <span class='ocrx_word' id='word_1_46' title='bbox 1399 742 1690 807; x_wconf 73' lang='lat' dir='ltr'><strong>Nazarene,</strong></span> <span class='ocrx_word' id='word_1_47' title='bbox 1712 742 1801 812; x_wconf 75' lang='lat' dir='ltr'><strong>qui</strong></span> 
     </span>
    </p>
   </div>
   <div class='ocr_carea' id='block_1_7' title="bbox 223 833 1796 914">
    <p class='ocr_par' dir='ltr' id='par_1_7' title="bbox 223 833 1796 914">
     <span class='ocr_line' id='line_1_7' title="bbox 223 833 1796 914; baseline -0.006 -16"><span class='ocrx_word' id='word_1_48' title='bbox 223 847 318 911; x_wconf 76' lang='lat' dir='ltr'><strong>fuit</strong></span> <span class='ocrx_word' id='word_1_49' title='bbox 356 842 600 914; x_wconf 79' lang='lat' dir='ltr'><strong>propheta</strong></span> <span class='ocrx_word' id='word_1_50' title='bbox 628 848 804 910; x_wconf 81' lang='lat' dir='ltr'><strong><em>potem</em></strong></span> <span class='ocrx_word' id='word_1_51' title='bbox 829 841 977 912; x_wconf 80' lang='lat' dir='ltr'><strong>[actis</strong></span> <span class='ocrx_word' id='word_1_52' title='bbox 1000 848 1048 891; x_wconf 88' lang='lat' dir='ltr'><strong>et</strong></span> <span class='ocrx_word' id='word_1_53' title='bbox 1074 838 1222 891; x_wconf 84' lang='lat' dir='ltr'><strong>dictis</strong></span> <span class='ocrx_word' id='word_1_54' title='bbox 1248 836 1399 908; x_wconf 87' lang='lat' dir='ltr'><strong>(Luc.</strong></span> <span class='ocrx_word' id='word_1_55' title='bbox 1431 851 1587 902; x_wconf 77' lang='lat' dir='ltr'><strong>xxrv,</strong></span> <span class='ocrx_word' id='word_1_56' title='bbox 1617 833 1796 905; x_wconf 86' lang='grc'><strong>1-19).</strong></span> 
     </span>
    </p>
   </div>
   <div class='ocr_carea' id='block_1_8' title="bbox 222 925 1800 1000">
    <p class='ocr_par' dir='ltr' id='par_1_8' title="bbox 222 925 1800 1000">
     <span class='ocr_line' id='line_1_8' title="bbox 222 925 1800 1000; baseline -0.007 -10"><span class='ocrx_word' id='word_1_57' title='bbox 222 936 331 990; x_wconf 86' lang='lat' dir='ltr'><strong>lluc</strong></span> <span class='ocrx_word' id='word_1_58' title='bbox 357 943 440 990; x_wconf 90' lang='lat' dir='ltr'><strong>est</strong></span> <span class='ocrx_word' id='word_1_59' title='bbox 458 975 473 999; x_wconf 86' lang='lat'><strong>,</strong></span> <span class='ocrx_word' id='word_1_60' title='bbox 505 948 539 986; x_wconf 90' lang='grc' dir='ltr'><strong>ο</strong></span> <span class='ocrx_word' id='word_1_61' title='bbox 566 930 854 1000; x_wconf 77' lang='lat' dir='ltr'><strong>discipuli?</strong></span> <span class='ocrx_word' id='word_1_62' title='bbox 880 928 1142 998; x_wconf 78' lang='lat' dir='ltr'><strong>PrOpheta</strong></span> <span class='ocrx_word' id='word_1_63' title='bbox 1173 937 1285 983; x_wconf 82' lang='lat' dir='ltr'><strong>erat</strong></span> <span class='ocrx_word' id='word_1_64' title='bbox 1310 925 1587 994; x_wconf 82' lang='lat' dir='ltr'><strong>Christus,</strong></span> <span class='ocrx_word' id='word_1_65' title='bbox 1618 925 1800 980; x_wconf 88' lang='lat' dir='ltr'><strong>Domi-</strong></span> 
     </span>
    </p>
   </div>
   <div class='ocr_carea' id='block_1_9' title="bbox 220 1017 1801 1096">
    <p class='ocr_par' dir='ltr' id='par_1_9' title="bbox 220 1017 1801 1096">
     <span class='ocr_line' id='line_1_9' title="bbox 220 1017 1801 1096; baseline -0.008 -14"><span class='ocrx_word' id='word_1_66' title='bbox 220 1042 319 1083; x_wconf 91' lang='lat' dir='ltr'><strong>nus</strong></span> <span class='ocrx_word' id='word_1_67' title='bbox 348 1022 763 1096; x_wconf 67' lang='lat' dir='ltr'><strong>urophetarum&#39;t</strong></span> <span class='ocrx_word' id='word_1_68' title='bbox 790 1021 964 1077; x_wconf 81' lang='lat' dir='ltr'><strong>Judici</strong></span> <span class='ocrx_word' id='word_1_69' title='bbox 993 1029 1170 1076; x_wconf 87' lang='lat' dir='ltr'><strong>vestro</strong></span> <span class='ocrx_word' id='word_1_70' title='bbox 1194 1034 1386 1076; x_wconf 90' lang='lat' dir='ltr'><strong>nomen</strong></span> <span class='ocrx_word' id='word_1_71' title='bbox 1414 1017 1675 1088; x_wconf 69' lang='lat' dir='ltr'><strong>prteconis</strong></span> <span class='ocrx_word' id='word_1_72' title='bbox 1700 1017 1801 1070; x_wconf 84' lang='lat' dir='ltr'><strong>im-</strong></span> 
     </span>
    </p>
   </div>
   <div class='ocr_carea' id='block_1_10' title="bbox 220 1108 1804 1190">
    <p class='ocr_par' dir='ltr' id='par_1_10' title="bbox 220 1108 1804 1190">
     <span class='ocr_line' id='line_1_10' title="bbox 220 1108 1804 1190; baseline -0.006 -19"><span class='ocrx_word' id='word_1_73' title='bbox 220 1119 434 1190; x_wconf 83' lang='lat' dir='ltr'><strong>ponitis.</strong></span> <span class='ocrx_word' id='word_1_74' title='bbox 486 1114 562 1170; x_wconf 87' lang='lat' dir='ltr'><strong>Ad</strong></span> <span class='ocrx_word' id='word_1_75' title='bbox 607 1115 902 1169; x_wconf 86' lang='lat' dir='ltr'><strong>alienorum</strong></span> <span class='ocrx_word' id='word_1_76' title='bbox 947 1112 1108 1167; x_wconf 86' lang='lat' dir='ltr'><strong>verba</strong></span> <span class='ocrx_word' id='word_1_77' title='bbox 1151 1110 1492 1167; x_wconf 72' lang='lat' dir='ltr'><strong>devenerant.</strong></span> <span class='ocrx_word' id='word_1_78' title='bbox 1539 1108 1677 1175; x_wconf 85' lang='lat' dir='ltr'><strong>Quid</strong></span> <span class='ocrx_word' id='word_1_79' title='bbox 1721 1115 1804 1164; x_wconf 87' lang='lat' dir='ltr'><strong>est</strong></span> 
     </span>
    </p>
   </div>
   <div class='ocr_carea' id='block_1_11' title="bbox 216 1201 1803 1277">
    <p class='ocr_par' dir='ltr' id='par_1_11' title="bbox 216 1201 1803 1277">
     <span class='ocr_line' id='line_1_11' title="bbox 216 1201 1803 1277; baseline -0.004 -14"><span class='ocrx_word' id='word_1_80' title='bbox 216 1210 358 1277; x_wconf 86' lang='lat' dir='ltr'><strong>quod</strong></span> <span class='ocrx_word' id='word_1_81' title='bbox 401 1208 542 1274; x_wconf 90' lang='lat' dir='ltr'><strong>dixi,</strong></span> <span class='ocrx_word' id='word_1_82' title='bbox 573 1208 869 1261; x_wconf 86' lang='lat' dir='ltr'><strong>alienorum</strong></span> <span class='ocrx_word' id='word_1_83' title='bbox 906 1205 1105 1259; x_wconf 86' lang='lat' dir='ltr'><strong>verba?</strong></span> <span class='ocrx_word' id='word_1_84' title='bbox 1137 1203 1400 1269; x_wconf 81' lang='lat' dir='ltr'><strong>Recolite,</strong></span> <span class='ocrx_word' id='word_1_85' title='bbox 1433 1201 1645 1273; x_wconf 79' lang='lat' dir='ltr'><strong>quando</strong></span> <span class='ocrx_word' id='word_1_86' title='bbox 1688 1201 1803 1270; x_wconf 90' lang='lat' dir='ltr'><strong>ipse</strong></span> 
     </span>
    </p>
   </div>
   <div class='ocr_carea' id='block_1_12' title="bbox 217 1291 1803 1366">
    <p class='ocr_par' dir='ltr' id='par_1_12' title="bbox 217 1291 1803 1366">
     <span class='ocr_line' id='line_1_12' title="bbox 217 1291 1803 1366; baseline -0.006 -11"><span class='ocrx_word' id='word_1_87' title='bbox 217 1302 371 1355; x_wconf 79' lang='lat' dir='ltr'><strong>Jesns</strong></span> <span class='ocrx_word' id='word_1_88' title='bbox 397 1299 468 1354; x_wconf 88' lang='lat' dir='ltr'><strong>ait</strong></span> <span class='ocrx_word' id='word_1_89' title='bbox 490 1296 764 1366; x_wconf 78' lang='lat' dir='ltr'><strong>discipulis</strong></span> <span class='ocrx_word' id='word_1_90' title='bbox 787 1297 897 1350; x_wconf 84' lang='lat' dir='ltr'><strong>suis</strong></span> <span class='ocrx_word' id='word_1_91' title='bbox 914 1336 927 1361; x_wconf 93' lang='lat'><strong>,</strong></span> <span class='ocrx_word' id='word_1_92' title='bbox 959 1295 1116 1361; x_wconf 82' lang='lat' dir='ltr'><strong>Quem</strong></span> <span class='ocrx_word' id='word_1_93' title='bbox 1140 1311 1219 1348; x_wconf 88' lang='lat' dir='ltr'><strong>me</strong></span> <span class='ocrx_word' id='word_1_94' title='bbox 1242 1294 1468 1347; x_wconf 76' lang='lat' dir='ltr'><strong>homines</strong></span> <span class='ocrx_word' id='word_1_95' title='bbox 1493 1309 1600 1346; x_wconf 88' lang='lat' dir='ltr'><strong>esse</strong></span> <span class='ocrx_word' id='word_1_96' title='bbox 1624 1291 1803 1346; x_wconf 84' lang='lat' dir='ltr'><strong>dicunt</strong></span> 
     </span>
    </p>
   </div>
   <div class='ocr_carea' id='block_1_13' title="bbox 217 1383 1804 1462">
    <p class='ocr_par' dir='ltr' id='par_1_13' title="bbox 217 1383 1804 1462">
     <span class='ocr_line' id='line_1_13' title="bbox 217 1383 1804 1462; baseline -0.006 -18"><span class='ocrx_word' id='word_1_97' title='bbox 217 1392 381 1462; x_wconf 79' lang='lat' dir='ltr'><strong>ﬁlium</strong></span> <span class='ocrx_word' id='word_1_98' title='bbox 405 1388 657 1443; x_wconf 75' lang='lat' dir='ltr'><strong>hominis?</strong></span> <span class='ocrx_word' id='word_1_99' title='bbox 693 1387 1087 1456; x_wconf 86' lang='lat' dir='ltr'><strong>responderunt</strong></span> <span class='ocrx_word' id='word_1_100' title='bbox 1125 1384 1407 1455; x_wconf 80' lang='lat' dir='ltr'><strong>opiniones</strong></span> <span class='ocrx_word' id='word_1_101' title='bbox 1448 1383 1671 1439; x_wconf 88' lang='lat' dir='ltr'><strong>alienas.</strong></span> <span class='ocrx_word' id='word_1_102' title='bbox 1700 1383 1804 1436; x_wconf 81' lang='lat' dir='ltr'><strong>Alii</strong></span> 
     </span>
    </p>
   </div>
   <div class='ocr_carea' id='block_1_14' title="bbox 217 1474 1802 1549">
    <p class='ocr_par' dir='ltr' id='par_1_14' title="bbox 217 1474 1802 1549">
     <span class='ocr_line' id='line_1_14' title="bbox 217 1474 1802 1549; baseline -0.004 -15"><span class='ocrx_word' id='word_1_103' title='bbox 217 1483 392 1534; x_wconf 84' lang='lat' dir='ltr'><strong>dicunt</strong></span> <span class='ocrx_word' id='word_1_104' title='bbox 418 1480 552 1549; x_wconf 80' lang='lat' dir='ltr'><strong>quod</strong></span> <span class='ocrx_word' id='word_1_105' title='bbox 579 1478 723 1533; x_wconf 80' lang='lat' dir='ltr'><strong>Elius</strong></span> <span class='ocrx_word' id='word_1_106' title='bbox 742 1494 832 1542; x_wconf 85' lang='lat' dir='ltr'><strong>es;</strong></span> <span class='ocrx_word' id='word_1_107' title='bbox 859 1476 973 1543; x_wconf 82' lang='lat' dir='ltr'><strong>alii,</strong></span> <span class='ocrx_word' id='word_1_108' title='bbox 997 1477 1117 1548; x_wconf 80' lang='lat' dir='ltr'><strong>quia</strong></span> <span class='ocrx_word' id='word_1_109' title='bbox 1144 1475 1369 1531; x_wconf 82' lang='lat' dir='ltr'><strong>Joannes</strong></span> <span class='ocrx_word' id='word_1_110' title='bbox 1395 1474 1664 1544; x_wconf 86' lang='lat' dir='ltr'><strong>Baptista;</strong></span> <span class='ocrx_word' id='word_1_111' title='bbox 1689 1475 1802 1540; x_wconf 87' lang='lat' dir='ltr'><strong>alii,</strong></span> 
     </span>
    </p>
   </div>
   <div class='ocr_carea' id='block_1_15' title="bbox 218 1565 1805 1640">
    <p class='ocr_par' dir='ltr' id='par_1_15' title="bbox 218 1565 1805 1640">
     <span class='ocr_line' id='line_1_15' title="bbox 218 1565 1805 1640; baseline -0.002 -17"><span class='ocrx_word' id='word_1_112' title='bbox 218 1573 339 1640; x_wconf 78' lang='lat' dir='ltr'><strong>quia</strong></span> <span class='ocrx_word' id='word_1_113' title='bbox 364 1570 611 1626; x_wconf 80' lang='lat' dir='ltr'><strong>Jeremias</strong></span> <span class='ocrx_word' id='word_1_114' title='bbox 630 1611 645 1635; x_wconf 95' lang='lat'><strong>,</strong></span> <span class='ocrx_word' id='word_1_115' title='bbox 673 1578 759 1623; x_wconf 88' lang='lat' dir='ltr'><strong>aut</strong></span> <span class='ocrx_word' id='word_1_116' title='bbox 779 1586 912 1623; x_wconf 86' lang='lat' dir='ltr'><strong>unus</strong></span> <span class='ocrx_word' id='word_1_117' title='bbox 935 1585 999 1622; x_wconf 80' lang='lat' dir='ltr'><strong>ea:</strong></span> <span class='ocrx_word' id='word_1_118' title='bbox 1030 1567 1319 1640; x_wconf 80' lang='lat' dir='ltr'><strong>PrOphetis.</strong></span> <span class='ocrx_word' id='word_1_119' title='bbox 1348 1565 1518 1622; x_wconf 80' lang='lat' dir='ltr'><strong>Verba</strong></span> <span class='ocrx_word' id='word_1_120' title='bbox 1547 1567 1646 1622; x_wconf 86' lang='lat' dir='ltr'><strong>ista</strong></span> <span class='ocrx_word' id='word_1_121' title='bbox 1670 1567 1805 1621; x_wconf 83' lang='lat' dir='ltr'><strong>alie-</strong></span> 
     </span>
    </p>
   </div>
   <div class='ocr_carea' id='block_1_16' title="bbox 217 1658 1803 1729">
    <p class='ocr_par' dir='ltr' id='par_1_16' title="bbox 217 1658 1803 1729">
     <span class='ocr_line' id='line_1_16' title="bbox 217 1658 1803 1729; baseline -0.003 -12"><span class='ocrx_word' id='word_1_122' title='bbox 217 1678 410 1717; x_wconf 87' lang='lat' dir='ltr'><strong>norum</strong></span> <span class='ocrx_word' id='word_1_123' title='bbox 454 1671 603 1715; x_wconf 84' lang='lat' dir='ltr'><strong>erant</strong></span> <span class='ocrx_word' id='word_1_124' title='bbox 624 1700 639 1722; x_wconf 85' lang='lat'><strong>.</strong></span> <span class='ocrx_word' id='word_1_125' title='bbox 672 1676 776 1715; x_wconf 88' lang='lat' dir='ltr'><strong>non</strong></span> <span class='ocrx_word' id='word_1_126' title='bbox 808 1660 1208 1729; x_wconf 87' lang='lat' dir='ltr'><strong>discipulorum.</strong></span> <span class='ocrx_word' id='word_1_127' title='bbox 1238 1659 1378 1715; x_wconf 85' lang='lat' dir='ltr'><strong>Ecce</strong></span> <span class='ocrx_word' id='word_1_128' title='bbox 1404 1659 1472 1715; x_wconf 82' lang='lat' dir='ltr'><strong>ad</strong></span> <span class='ocrx_word' id='word_1_129' title='bbox 1503 1660 1615 1729; x_wconf 88' lang='lat' dir='ltr'><strong>ipsa</strong></span> <span class='ocrx_word' id='word_1_130' title='bbox 1642 1658 1803 1714; x_wconf 85' lang='lat' dir='ltr'><strong>verba</strong></span> 
     </span>
    </p>
   </div>
   <div class='ocr_carea' id='block_1_17' title="bbox 215 1753 1803 1825">
    <p class='ocr_par' dir='ltr' id='par_1_17' title="bbox 215 1753 1803 1825">
     <span class='ocr_line' id='line_1_17' title="bbox 215 1753 1803 1825; baseline -0.003 -14"><span class='ocrx_word' id='word_1_131' title='bbox 215 1754 464 1825; x_wconf 86' lang='lat' dir='ltr'><strong>discipuli</strong></span> <span class='ocrx_word' id='word_1_132' title='bbox 480 1765 761 1809; x_wconf 83' lang='lat' dir='ltr'><strong>venerunt.</strong></span> <span class='ocrx_word' id='word_1_133' title='bbox 788 1754 941 1808; x_wconf 81' lang='lat' dir='ltr'><strong>Nunc</strong></span> <span class='ocrx_word' id='word_1_134' title='bbox 960 1770 1079 1823; x_wconf 83' lang='lat' dir='ltr'><strong>ergo</strong></span> <span class='ocrx_word' id='word_1_135' title='bbox 1103 1769 1189 1808; x_wconf 84' lang='lat' dir='ltr'><strong>vos</strong></span> <span class='ocrx_word' id='word_1_136' title='bbox 1207 1770 1354 1818; x_wconf 84' lang='lat' dir='ltr'><strong>quem</strong></span> <span class='ocrx_word' id='word_1_137' title='bbox 1373 1767 1451 1808; x_wconf 85' lang='lat' dir='ltr'><strong>me</strong></span> <span class='ocrx_word' id='word_1_138' title='bbox 1473 1770 1579 1809; x_wconf 82' lang='lat' dir='ltr'><strong>esse</strong></span> <span class='ocrx_word' id='word_1_139' title='bbox 1594 1753 1803 1807; x_wconf 77' lang='lat' dir='ltr'><strong>dicitis?</strong></span> 
     </span>
    </p>
   </div>
   <div class='ocr_carea' id='block_1_18' title="bbox 219 1845 1801 1917">
    <p class='ocr_par' dir='ltr' id='par_1_18' title="bbox 219 1845 1801 1917">
     <span class='ocr_line' id='line_1_18' title="bbox 219 1845 1801 1917; baseline 0 -16"><span class='ocrx_word' id='word_1_140' title='bbox 219 1845 592 1917; x_wconf 78' lang='lat' dir='ltr'><strong>Respondistis</strong></span> <span class='ocrx_word' id='word_1_141' title='bbox 621 1847 749 1899; x_wconf 88' lang='lat' dir='ltr'><strong>mihi</strong></span> <span class='ocrx_word' id='word_1_142' title='bbox 777 1846 1060 1914; x_wconf 83' lang='lat' dir='ltr'><strong>opiniones</strong></span> <span class='ocrx_word' id='word_1_143' title='bbox 1100 1846 1331 1911; x_wconf 82' lang='lat' dir='ltr'><strong>alienas,</strong></span> <span class='ocrx_word' id='word_1_144' title='bbox 1365 1847 1524 1901; x_wconf 74' lang='lat' dir='ltr'><strong>fidem</strong></span> <span class='ocrx_word' id='word_1_145' title='bbox 1570 1855 1801 1903; x_wconf 79' lang='lat' dir='ltr'><strong>vestram</strong></span> 
     </span>
    </p>
   </div>
   <div class='ocr_carea' id='block_1_19' title="bbox 218 1936 1801 2007">
    <p class='ocr_par' dir='ltr' id='par_1_19' title="bbox 218 1936 1801 2007">
     <span class='ocr_line' id='line_1_19' title="bbox 218 1936 1801 2007; baseline -0.001 -15"><span class='ocrx_word' id='word_1_146' title='bbox 218 1938 343 1993; x_wconf 78' lang='lat' dir='ltr'><strong>volo</strong></span> <span class='ocrx_word' id='word_1_147' title='bbox 371 1936 575 1992; x_wconf 88' lang='lat' dir='ltr'><strong>audire.</strong></span> <span class='ocrx_word' id='word_1_148' title='bbox 610 1938 759 1991; x_wconf 82' lang='lat' dir='ltr'><strong>Tunc</strong></span> <span class='ocrx_word' id='word_1_149' title='bbox 788 1937 860 1991; x_wconf 93' lang='lat' dir='ltr'><strong>ait</strong></span> <span class='ocrx_word' id='word_1_150' title='bbox 880 1937 1085 2001; x_wconf 83' lang='lat' dir='ltr'><strong>Petrus,</strong></span> <span class='ocrx_word' id='word_1_151' title='bbox 1105 1952 1240 1992; x_wconf 82' lang='lat' dir='ltr'><strong>unus</strong></span> <span class='ocrx_word' id='word_1_152' title='bbox 1262 1950 1357 2005; x_wconf 86' lang='lat' dir='ltr'><strong>pro</strong></span> <span class='ocrx_word' id='word_1_153' title='bbox 1383 1937 1646 2002; x_wconf 79' lang='lat' dir='ltr'><strong>omnibus,</strong></span> <span class='ocrx_word' id='word_1_154' title='bbox 1679 1938 1801 2007; x_wconf 86' lang='lat' dir='ltr'><strong>quia</strong></span> 
     </span>
    </p>
   </div>
   <div class='ocr_carea' id='block_1_20' title="bbox 217 2025 1804 2084">
    <p class='ocr_par' dir='ltr' id='par_1_20' title="bbox 217 2025 1804 2084">
     <span class='ocr_line' id='line_1_20' title="bbox 217 2025 1804 2084; baseline 0 -1"><span class='ocrx_word' id='word_1_155' title='bbox 217 2030 397 2084; x_wconf 89' lang='lat' dir='ltr'><strong>unitas</strong></span> <span class='ocrx_word' id='word_1_156' title='bbox 417 2029 468 2082; x_wconf 94' lang='lat' dir='ltr'><strong>in</strong></span> <span class='ocrx_word' id='word_1_157' title='bbox 495 2028 745 2083; x_wconf 88' lang='lat' dir='ltr'><strong>omnibus</strong></span> <span class='ocrx_word' id='word_1_158' title='bbox 778 2029 814 2080; x_wconf 76' lang='grc' dir='ltr'><strong>’ς</strong></span> <span class='ocrx_word' id='word_1_159' title='bbox 840 2025 917 2081; x_wconf 83' lang='lat' dir='ltr'><strong>Tu</strong></span> <span class='ocrx_word' id='word_1_160' title='bbox 937 2044 988 2081; x_wconf 81' lang='lat' dir='ltr'><strong>es</strong></span> <span class='ocrx_word' id='word_1_161' title='bbox 1009 2027 1235 2082; x_wconf 80' lang='lat' dir='ltr'><strong>Christus</strong></span> <span class='ocrx_word' id='word_1_162' title='bbox 1256 2025 1422 2081; x_wconf 82' lang='lat' dir='ltr'><strong>Filius</strong></span> <span class='ocrx_word' id='word_1_163' title='bbox 1440 2026 1536 2082; x_wconf 89' lang='lat' dir='ltr'><strong>Dei</strong></span> <span class='ocrx_word' id='word_1_164' title='bbox 1552 2028 1664 2082; x_wconf 77' lang='lat' dir='ltr'><strong>rivi.</strong></span> <span class='ocrx_word' id='word_1_165' title='bbox 1688 2028 1804 2083; x_wconf 84' lang='lat' dir='ltr'><strong>Non</strong></span> 
     </span>
    </p>
   </div>
   <div class='ocr_carea' id='block_1_21' title="bbox 217 2117 1800 2193">
    <p class='ocr_par' dir='ltr' id='par_1_21' title="bbox 217 2117 1800 2193">
     <span class='ocr_line' id='line_1_21' title="bbox 217 2117 1800 2193; baseline -0.001 -19"><span class='ocrx_word' id='word_1_166' title='bbox 217 2122 539 2193; x_wconf 88' lang='lat' dir='ltr'><strong>quicumque</strong></span> <span class='ocrx_word' id='word_1_167' title='bbox 568 2135 704 2174; x_wconf 89' lang='lat' dir='ltr'><strong>unus</strong></span> <span class='ocrx_word' id='word_1_168' title='bbox 742 2133 807 2174; x_wconf 84' lang='lat' dir='ltr'><strong>ex</strong></span> <span class='ocrx_word' id='word_1_169' title='bbox 842 2117 1150 2189; x_wconf 78' lang='lat' dir='ltr'><strong>Prophetis,</strong></span> <span class='ocrx_word' id='word_1_170' title='bbox 1186 2117 1280 2175; x_wconf 89' lang='lat' dir='ltr'><strong>sed</strong></span> <span class='ocrx_word' id='word_1_171' title='bbox 1323 2119 1492 2174; x_wconf 88' lang='lat' dir='ltr'><strong>Filius</strong></span> <span class='ocrx_word' id='word_1_172' title='bbox 1530 2119 1625 2175; x_wconf 87' lang='lat' dir='ltr'><strong>Dei</strong></span> <span class='ocrx_word' id='word_1_173' title='bbox 1660 2119 1800 2185; x_wconf 84' lang='lat' dir='ltr'><strong>vivi;</strong></span> 
     </span>
    </p>
   </div>
   <div class='ocr_carea' id='block_1_22' title="bbox 216 2209 1803 2281">
    <p class='ocr_par' dir='ltr' id='par_1_22' title="bbox 216 2209 1803 2281">
     <span class='ocr_line' id='line_1_22' title="bbox 216 2209 1803 2281; baseline 0 -16"><span class='ocrx_word' id='word_1_174' title='bbox 216 2213 536 2281; x_wconf 82' lang='lat' dir='ltr'><strong>adimpletor</strong></span> <span class='ocrx_word' id='word_1_175' title='bbox 550 2210 955 2281; x_wconf 83' lang='lat' dir='ltr'><strong>Prophetarum,</strong></span> <span class='ocrx_word' id='word_1_176' title='bbox 971 2218 1185 2266; x_wconf 78' lang='lat' dir='ltr'><strong>creator</strong></span> <span class='ocrx_word' id='word_1_177' title='bbox 1206 2219 1260 2265; x_wconf 90' lang='lat' dir='ltr'><strong>et</strong></span> <span class='ocrx_word' id='word_1_178' title='bbox 1284 2211 1627 2280; x_wconf 75' lang='lat' dir='ltr'><strong>Angelorum.</strong></span> <span class='ocrx_word' id='word_1_179' title='bbox 1656 2209 1731 2264; x_wconf 83' lang='lat' dir='ltr'><strong>Tu</strong></span> <span class='ocrx_word' id='word_1_180' title='bbox 1752 2228 1803 2265; x_wconf 86' lang='lat' dir='ltr'><strong>es</strong></span> 
     </span>
    </p>
   </div>
   <div class='ocr_carea' id='block_1_23' title="bbox 217 2302 1805 2372">
    <p class='ocr_par' dir='ltr' id='par_1_23' title="bbox 217 2302 1805 2372">
     <span class='ocr_line' id='line_1_23' title="bbox 217 2302 1805 2372; baseline -0.002 -11"><span class='ocrx_word' id='word_1_181' title='bbox 217 2306 450 2362; x_wconf 84' lang='lat' dir='ltr'><strong>Christus</strong></span> <span class='ocrx_word' id='word_1_182' title='bbox 468 2304 630 2360; x_wconf 79' lang='lat' dir='ltr'><strong>Filius</strong></span> <span class='ocrx_word' id='word_1_183' title='bbox 649 2303 741 2357; x_wconf 89' lang='lat' dir='ltr'><strong>Dei</strong></span> <span class='ocrx_word' id='word_1_184' title='bbox 750 2304 864 2357; x_wconf 81' lang='lat' dir='ltr'><strong>vivi.</strong></span> <span class='ocrx_word' id='word_1_185' title='bbox 885 2303 1097 2357; x_wconf 84' lang='lat' dir='ltr'><strong>Audivit</strong></span> <span class='ocrx_word' id='word_1_186' title='bbox 1111 2302 1250 2372; x_wconf 90' lang='lat' dir='ltr'><strong>quod</strong></span> <span class='ocrx_word' id='word_1_187' title='bbox 1267 2302 1444 2357; x_wconf 86' lang='lat' dir='ltr'><strong>decuit</strong></span> <span class='ocrx_word' id='word_1_188' title='bbox 1459 2302 1605 2357; x_wconf 89' lang='lat' dir='ltr'><strong>illum</strong></span> <span class='ocrx_word' id='word_1_189' title='bbox 1621 2302 1805 2358; x_wconf 85' lang='lat' dir='ltr'><strong>audire</strong></span> 
     </span>
    </p>
   </div>
   <div class='ocr_carea' id='block_1_24' title="bbox 214 2390 1800 2457">
    <p class='ocr_par' dir='ltr' id='par_1_24' title="bbox 214 2390 1800 2457">
     <span class='ocr_line' id='line_1_24' title="bbox 214 2390 1800 2457; baseline -0.004 -6"><span class='ocrx_word' id='word_1_190' title='bbox 214 2413 277 2451; x_wconf 75' lang='lat' dir='ltr'><strong>ex</strong></span> <span class='ocrx_word' id='word_1_191' title='bbox 301 2396 403 2450; x_wconf 87' lang='lat' dir='ltr'><strong>hac</strong></span> <span class='ocrx_word' id='word_1_192' title='bbox 422 2411 564 2457; x_wconf 81' lang='lat' dir='ltr'><strong>voce,</strong></span> <span class='ocrx_word' id='word_1_193' title='bbox 586 2403 639 2449; x_wconf 90' lang='lat' dir='ltr'><strong>et</strong></span> <span class='ocrx_word' id='word_1_194' title='bbox 667 2394 755 2448; x_wconf 84' lang='lat' dir='ltr'><strong>tali</strong></span> <span class='ocrx_word' id='word_1_195' title='bbox 780 2407 926 2449; x_wconf 78' lang='lat' dir='ltr'><strong>voce.</strong></span> <span class='ocrx_word' id='word_1_196' title='bbox 952 2413 970 2444; x_wconf 78' lang='grc' dir='ltr'>ι</span> <span class='ocrx_word' id='word_1_197' title='bbox 996 2393 1186 2447; x_wconf 80' lang='lat' dir='ltr'><strong>Beatus</strong></span> <span class='ocrx_word' id='word_1_198' title='bbox 1209 2406 1287 2455; x_wconf 86' lang='lat' dir='ltr'><strong>es,</strong></span> <span class='ocrx_word' id='word_1_199' title='bbox 1305 2390 1489 2448; x_wconf 81' lang='lat' dir='ltr'><strong>Simon</strong></span> <span class='ocrx_word' id='word_1_200' title='bbox 1512 2391 1800 2451; x_wconf 60' lang='lat' dir='ltr'><strong>BaroJona:</strong></span> 
     </span>
    </p>
   </div>
   <div class='ocr_carea' id='block_1_25' title="bbox 174 2483 1804 2558">
    <p class='ocr_par' dir='ltr' id='par_1_25' title="bbox 174 2483 1804 2558">
     <span class='ocr_line' id='line_1_25' title="bbox 174 2483 1804 2558; baseline -0.001 -19"><span class='ocrx_word' id='word_1_201' title='bbox 174 2518 187 2527; x_wconf 89' lang='lat'><strong><em>-</em></strong></span> <span class='ocrx_word' id='word_1_202' title='bbox 215 2488 340 2558; x_wconf 83' lang='lat' dir='ltr'><strong>quia</strong></span> <span class='ocrx_word' id='word_1_203' title='bbox 386 2503 491 2541; x_wconf 85' lang='lat' dir='ltr'><strong>non</strong></span> <span class='ocrx_word' id='word_1_204' title='bbox 531 2486 624 2540; x_wconf 91' lang='lat' dir='ltr'><strong>tibi</strong></span> <span class='ocrx_word' id='word_1_205' title='bbox 666 2485 920 2540; x_wconf 81' lang='lat' dir='ltr'><strong>revelarit</strong></span> <span class='ocrx_word' id='word_1_206' title='bbox 960 2498 1087 2539; x_wconf 84' lang='lat' dir='ltr'><strong>caro</strong></span> <span class='ocrx_word' id='word_1_207' title='bbox 1125 2492 1181 2538; x_wconf 91' lang='lat' dir='ltr'><strong>ct</strong></span> <span class='ocrx_word' id='word_1_208' title='bbox 1225 2483 1474 2554; x_wconf 79' lang='lat' dir='ltr'><strong>sanguis,</strong></span> <span class='ocrx_word' id='word_1_209' title='bbox 1503 2483 1597 2540; x_wconf 89' lang='lat' dir='ltr'><strong>sed</strong></span> <span class='ocrx_word' id='word_1_210' title='bbox 1647 2483 1804 2538; x_wconf 86' lang='lat' dir='ltr'><strong>Pater</strong></span> 
     </span>
    </p>
   </div>
   <div class='ocr_carea' id='block_1_26' title="bbox 217 2574 1800 2649">
    <p class='ocr_par' dir='ltr' id='par_1_26' title="bbox 217 2574 1800 2649">
     <span class='ocr_line' id='line_1_26' title="bbox 217 2574 1800 2649; baseline -0.003 -16"><span class='ocrx_word' id='word_1_211' title='bbox 217 2594 370 2633; x_wconf 76' lang='lat' dir='ltr'><strong>lucus</strong></span> <span class='ocrx_word' id='word_1_212' title='bbox 394 2578 484 2649; x_wconf 90' lang='lat' dir='ltr'><strong>qui</strong></span> <span class='ocrx_word' id='word_1_213' title='bbox 517 2578 567 2631; x_wconf 92' lang='lat' dir='ltr'><strong>in</strong></span> <span class='ocrx_word' id='word_1_214' title='bbox 593 2577 745 2633; x_wconf 68' lang='lat' dir='ltr'><strong>celis</strong></span> <span class='ocrx_word' id='word_1_215' title='bbox 770 2584 871 2631; x_wconf 84' lang='lat' dir='ltr'><strong>est.</strong></span> <span class='ocrx_word' id='word_1_216' title='bbox 900 2577 963 2630; x_wconf 86' lang='lat' dir='ltr'><strong>Et</strong></span> <span class='ocrx_word' id='word_1_217' title='bbox 988 2591 1088 2645; x_wconf 82' lang='lat' dir='ltr'><strong>ego</strong></span> <span class='ocrx_word' id='word_1_218' title='bbox 1112 2574 1232 2630; x_wconf 91' lang='lat' dir='ltr'><strong>dico</strong></span> <span class='ocrx_word' id='word_1_219' title='bbox 1254 2575 1380 2642; x_wconf 89' lang='lat' dir='ltr'><strong>tibi,</strong></span> <span class='ocrx_word' id='word_1_220' title='bbox 1408 2575 1485 2629; x_wconf 91' lang='lat' dir='ltr'><strong>Tn</strong></span> <span class='ocrx_word' id='word_1_221' title='bbox 1511 2590 1570 2630; x_wconf 78' lang='lat' dir='ltr'><strong>es</strong></span> <span class='ocrx_word' id='word_1_222' title='bbox 1594 2576 1800 2638; x_wconf 84' lang='lat' dir='ltr'><strong>Petrus,</strong></span> 
     </span>
    </p>
   </div>
   <div class='ocr_carea' id='block_1_27' title="bbox 215 2667 1802 2740">
    <p class='ocr_par' dir='ltr' id='par_1_27' title="bbox 215 2667 1802 2740">
     <span class='ocr_line' id='line_1_27' title="bbox 215 2667 1802 2740; baseline -0.003 -15"><span class='ocrx_word' id='word_1_223' title='bbox 215 2680 266 2725; x_wconf 90' lang='lat' dir='ltr'><strong>ct</strong></span> <span class='ocrx_word' id='word_1_224' title='bbox 286 2687 451 2740; x_wconf 81' lang='lat' dir='ltr'><strong>super</strong></span> <span class='ocrx_word' id='word_1_225' title='bbox 479 2669 613 2724; x_wconf 88' lang='lat' dir='ltr'><strong>hanc</strong></span> <span class='ocrx_word' id='word_1_226' title='bbox 640 2680 840 2739; x_wconf 83' lang='lat' dir='ltr'><strong>petram</strong></span> <span class='ocrx_word' id='word_1_227' title='bbox 879 2667 1154 2723; x_wconf 74' lang='lat' dir='ltr'><strong>mdillcaho</strong></span> <span class='ocrx_word' id='word_1_228' title='bbox 1180 2668 1474 2724; x_wconf 78' lang='lat' dir='ltr'><strong>Ecclesium</strong></span> <span class='ocrx_word' id='word_1_229' title='bbox 1504 2684 1679 2722; x_wconf 88' lang='lat' dir='ltr'><strong>meam</strong></span> <span class='ocrx_word' id='word_1_230' title='bbox 1699 2710 1713 2729; x_wconf 81' lang='lat'><em>.</em></span> <span class='ocrx_word' id='word_1_231' title='bbox 1744 2677 1802 2721; x_wconf 85' lang='lat' dir='ltr'><strong>et</strong></span> 
     </span>
    </p>
   </div>
   <div class='ocr_carea' id='block_1_28' title="bbox 218 2762 1804 2835">
    <p class='ocr_par' dir='ltr' id='par_1_28' title="bbox 218 2762 1804 2835">
     <span class='ocr_line' id='line_1_28' title="bbox 218 2762 1804 2835; baseline -0.001 -16"><span class='ocrx_word' id='word_1_232' title='bbox 218 2774 384 2835; x_wconf 73' lang='lat' dir='ltr'><strong>porta:</strong></span> <span class='ocrx_word' id='word_1_233' title='bbox 415 2764 706 2819; x_wconf 70' lang='lat' dir='ltr'><strong>inferorum</strong></span> <span class='ocrx_word' id='word_1_234' title='bbox 738 2779 847 2819; x_wconf 88' lang='lat' dir='ltr'><strong>non</strong></span> <span class='ocrx_word' id='word_1_235' title='bbox 875 2763 1090 2818; x_wconf 80' lang='lat' dir='ltr'><strong>vincent</strong></span> <span class='ocrx_word' id='word_1_236' title='bbox 1116 2778 1254 2817; x_wconf 89' lang='lat' dir='ltr'><strong>eam.</strong></span> <span class='ocrx_word' id='word_1_237' title='bbox 1286 2762 1402 2817; x_wconf 90' lang='lat' dir='ltr'><strong>&#39;l&#39;ibi</strong></span> <span class='ocrx_word' id='word_1_238' title='bbox 1449 2762 1586 2817; x_wconf 83' lang='lat' dir='ltr'><strong>dabo</strong></span> <span class='ocrx_word' id='word_1_239' title='bbox 1625 2762 1804 2817; x_wconf 82' lang='lat' dir='ltr'><strong>claves</strong></span> 
     </span>
    </p>
   </div>
   <div class='ocr_carea' id='block_1_29' title="bbox 216 2840 1809 2926">
    <p class='ocr_par' dir='ltr' id='par_1_29' title="bbox 216 2840 1809 2926">
     <span class='ocr_line' id='line_1_29' title="bbox 216 2840 1809 2926; baseline -0.002 -17"><span class='ocrx_word' id='word_1_240' title='bbox 216 2856 367 2926; x_wconf 74' lang='lat' dir='ltr'><strong>ra-gni</strong></span> <span class='ocrx_word' id='word_1_241' title='bbox 398 2840 661 2911; x_wconf 72' lang='lat' dir='ltr'><strong>caelorum</strong></span> <span class='ocrx_word' id='word_1_242' title='bbox 687 2874 699 2909; x_wconf 89' lang='lat'><strong>:</strong></span> <span class='ocrx_word' id='word_1_243' title='bbox 728 2869 779 2909; x_wconf 89' lang='lat' dir='ltr'><strong>et</strong></span> <span class='ocrx_word' id='word_1_244' title='bbox 809 2868 1157 2925; x_wconf 61' lang='lat' dir='ltr'><strong>quaecumque</strong></span> <span class='ocrx_word' id='word_1_245' title='bbox 1181 2854 1404 2909; x_wconf 86' lang='lat' dir='ltr'><strong>solveris</strong></span> <span class='ocrx_word' id='word_1_246' title='bbox 1434 2854 1486 2909; x_wconf 88' lang='lat' dir='ltr'><strong>in</strong></span> <span class='ocrx_word' id='word_1_247' title='bbox 1515 2862 1685 2917; x_wconf 86' lang='lat' dir='ltr'><strong>terra,</strong></span> <span class='ocrx_word' id='word_1_248' title='bbox 1718 2867 1809 2906; x_wconf 84' lang='lat' dir='ltr'><strong>so-</strong></span> 
     </span>
    </p>
   </div>
   <div class='ocr_carea' id='block_1_30' title="bbox 217 2943 1801 3015">
    <p class='ocr_par' dir='ltr' id='par_1_30' title="bbox 217 2943 1801 3015">
     <span class='ocr_line' id='line_1_30' title="bbox 217 2943 1801 3015; baseline -0.003 -15"><span class='ocrx_word' id='word_1_249' title='bbox 217 2946 329 3000; x_wconf 85' lang='lat' dir='ltr'><strong>luta</strong></span> <span class='ocrx_word' id='word_1_250' title='bbox 379 2954 537 3000; x_wconf 84' lang='lat' dir='ltr'><strong>erunt</strong></span> <span class='ocrx_word' id='word_1_251' title='bbox 571 2956 625 3001; x_wconf 86' lang='lat' dir='ltr'><strong>et</strong></span> <span class='ocrx_word' id='word_1_252' title='bbox 670 2946 720 2999; x_wconf 93' lang='lat' dir='ltr'><strong>in</strong></span> <span class='ocrx_word' id='word_1_253' title='bbox 765 2946 935 3010; x_wconf 66' lang='lat' dir='ltr'><strong>coelo;</strong></span> <span class='ocrx_word' id='word_1_254' title='bbox 965 2955 1020 3000; x_wconf 89' lang='lat' dir='ltr'><strong>et</strong></span> <span class='ocrx_word' id='word_1_255' title='bbox 1060 2960 1408 3015; x_wconf 75' lang='lat' dir='ltr'><strong>qumcumqne</strong></span> <span class='ocrx_word' id='word_1_256' title='bbox 1458 2943 1705 3014; x_wconf 78' lang='lat' dir='ltr'><strong>ligaveris</strong></span> <span class='ocrx_word' id='word_1_257' title='bbox 1749 2943 1801 2997; x_wconf 88' lang='lat' dir='ltr'><strong>in</strong></span> 
     </span>
    </p>
   </div>
   <div class='ocr_carea' id='block_1_31' title="bbox 216 3035 1805 3107">
    <p class='ocr_par' dir='ltr' id='par_1_31' title="bbox 216 3035 1805 3107">
     <span class='ocr_line' id='line_1_31' title="bbox 216 3035 1805 3107; baseline -0.001 -16"><span class='ocrx_word' id='word_1_258' title='bbox 216 3048 389 3103; x_wconf 74' lang='lat' dir='ltr'><strong>terra,</strong></span> <span class='ocrx_word' id='word_1_259' title='bbox 421 3037 579 3107; x_wconf 84' lang='lat' dir='ltr'><strong>ligata</strong></span> <span class='ocrx_word' id='word_1_260' title='bbox 627 3046 782 3090; x_wconf 87' lang='lat' dir='ltr'><strong>erunt</strong></span> <span class='ocrx_word' id='word_1_261' title='bbox 824 3046 878 3091; x_wconf 89' lang='lat' dir='ltr'><strong>et</strong></span> <span class='ocrx_word' id='word_1_262' title='bbox 924 3036 975 3089; x_wconf 91' lang='lat' dir='ltr'><strong>in</strong></span> <span class='ocrx_word' id='word_1_263' title='bbox 1027 3036 1184 3091; x_wconf 79' lang='lat' dir='ltr'><strong>cmlo.</strong></span> <span class='ocrx_word' id='word_1_264' title='bbox 1223 3055 1242 3087; x_wconf 71' lang='grc' dir='ltr'><strong><em>ι</em></strong></span> <span class='ocrx_word' id='word_1_265' title='bbox 1274 3035 1433 3090; x_wconf 85' lang='lat' dir='ltr'><strong>Fides</strong></span> <span class='ocrx_word' id='word_1_266' title='bbox 1471 3038 1572 3090; x_wconf 92' lang='lat' dir='ltr'><strong>hoc</strong></span> <span class='ocrx_word' id='word_1_267' title='bbox 1612 3037 1805 3091; x_wconf 85' lang='lat' dir='ltr'><strong>meruit</strong></span> 
     </span>
    </p>
   </div>
   <div class='ocr_carea' id='block_1_32' title="bbox 215 3131 1800 3203">
    <p class='ocr_par' dir='ltr' id='par_1_32' title="bbox 215 3131 1800 3203">
     <span class='ocr_line' id='line_1_32' title="bbox 215 3131 1800 3203; baseline -0.003 -14"><span class='ocrx_word' id='word_1_268' title='bbox 215 3137 436 3200; x_wconf 85' lang='lat' dir='ltr'><strong>audire,</strong></span> <span class='ocrx_word' id='word_1_269' title='bbox 466 3153 570 3190; x_wconf 86' lang='lat' dir='ltr'><strong>non</strong></span> <span class='ocrx_word' id='word_1_270' title='bbox 614 3135 794 3190; x_wconf 85' lang='lat' dir='ltr'><strong>homo.</strong></span> <span class='ocrx_word' id='word_1_271' title='bbox 835 3134 968 3189; x_wconf 84' lang='lat' dir='ltr'><strong>Nam</strong></span> <span class='ocrx_word' id='word_1_272' title='bbox 1016 3135 1130 3203; x_wconf 87' lang='lat' dir='ltr'><strong>ipse</strong></span> <span class='ocrx_word' id='word_1_273' title='bbox 1172 3132 1331 3185; x_wconf 91' lang='lat' dir='ltr'><strong>homo</strong></span> <span class='ocrx_word' id='word_1_274' title='bbox 1369 3131 1493 3201; x_wconf 90' lang='lat' dir='ltr'><strong>quid</strong></span> <span class='ocrx_word' id='word_1_275' title='bbox 1524 3140 1668 3197; x_wconf 84' lang='lat' dir='ltr'><strong>erat,</strong></span> <span class='ocrx_word' id='word_1_276' title='bbox 1701 3131 1800 3185; x_wconf 83' lang='lat' dir='ltr'><strong>nisi</strong></span> 
     </span>
    </p>
   </div>
   <div class='ocr_carea' id='block_1_33' title="bbox 212 3221 1803 3299">
    <p class='ocr_par' dir='ltr' id='par_1_33' title="bbox 212 3221 1803 3299">
     <span class='ocr_line' id='line_1_33' title="bbox 212 3221 1803 3299; baseline -0.001 -21"><span class='ocrx_word' id='word_1_277' title='bbox 212 3228 356 3299; x_wconf 83' lang='lat' dir='ltr'><strong>quod</strong></span> <span class='ocrx_word' id='word_1_278' title='bbox 375 3227 449 3282; x_wconf 82' lang='lat' dir='ltr'><strong>ait</strong></span> <span class='ocrx_word' id='word_1_279' title='bbox 470 3228 731 3294; x_wconf 79' lang='lat' dir='ltr'><strong>Psalrnus,</strong></span> <span class='ocrx_word' id='word_1_280' title='bbox 754 3223 931 3281; x_wconf 83' lang='lat' dir='ltr'><strong>Omnis</strong></span> <span class='ocrx_word' id='word_1_281' title='bbox 952 3226 1100 3279; x_wconf 88' lang='lat' dir='ltr'><strong>homo</strong></span> <span class='ocrx_word' id='word_1_282' title='bbox 1122 3224 1338 3279; x_wconf 72' lang='lat' dir='ltr'><strong>mendax</strong></span> <span class='ocrx_word' id='word_1_283' title='bbox 1362 3221 1529 3296; x_wconf 84' lang='lat' dir='ltr'><strong>(Psal.</strong></span> <span class='ocrx_word' id='word_1_284' title='bbox 1545 3238 1669 3289; x_wconf 83' lang='lat' dir='ltr'><strong>cxv,</strong></span> <span class='ocrx_word' id='word_1_285' title='bbox 1687 3225 1710 3278; x_wconf 90' lang='grc'><strong>1</strong></span> <span class='ocrx_word' id='word_1_286' title='bbox 1726 3224 1803 3294; x_wconf 69' lang='grc' dir='ltr'><strong>υτ</strong></span> 
     </span>
    </p>
   </div>
   <div class='ocr_carea' id='block_1_34' title="bbox 278 3313 1804 3384">
    <p class='ocr_par' dir='ltr' id='par_1_34' title="bbox 278 3313 1804 3384">
     <span class='ocr_line' id='line_1_34' title="bbox 278 3313 1804 3384; baseline -0.003 -12"><span class='ocrx_word' id='word_1_287' title='bbox 278 3317 515 3374; x_wconf 77' lang='lat' dir='ltr'><strong>CAPUT</strong></span> <span class='ocrx_word' id='word_1_288' title='bbox 560 3319 645 3372; x_wconf 83' lang='lat' dir='ltr'><strong>IV.</strong></span> <span class='ocrx_word' id='word_1_289' title='bbox 675 3348 731 3358; x_wconf 76' lang='lat'><strong>-</strong></span> <span class='ocrx_word' id='word_1_290' title='bbox 781 3316 839 3371; x_wconf 78' lang='grc'><strong>4.</strong></span> <span class='ocrx_word' id='word_1_291' title='bbox 882 3314 1021 3370; x_wconf 88' lang='lat' dir='ltr'><strong>Petri</strong></span> <span class='ocrx_word' id='word_1_292' title='bbox 1049 3332 1170 3369; x_wconf 75' lang='lat' dir='ltr'><strong>mox</strong></span> <span class='ocrx_word' id='word_1_293' title='bbox 1197 3314 1419 3368; x_wconf 81' lang='lat' dir='ltr'><strong>humana</strong></span> <span class='ocrx_word' id='word_1_294' title='bbox 1465 3313 1701 3384; x_wconf 81' lang='lat' dir='ltr'><strong>cogitatio</strong></span> <span class='ocrx_word' id='word_1_295' title='bbox 1742 3313 1804 3368; x_wconf 90' lang='lat' dir='ltr'><strong>de</strong></span> 
     </span>
    </p>
   </div>
   <div class='ocr_carea' id='block_1_35' title="bbox 215 3406 1806 3480">
    <p class='ocr_par' dir='ltr' id='par_1_35' title="bbox 215 3406 1806 3480">
     <span class='ocr_line' id='line_1_35' title="bbox 215 3406 1806 3480; baseline 0 -18"><span class='ocrx_word' id='word_1_296' title='bbox 215 3410 444 3464; x_wconf 77' lang='lat' dir='ltr'><strong>Christo.</strong></span> <span class='ocrx_word' id='word_1_297' title='bbox 471 3410 711 3480; x_wconf 82' lang='lat' dir='ltr'><strong>Denique</strong></span> <span class='ocrx_word' id='word_1_298' title='bbox 735 3409 989 3464; x_wconf 89' lang='lat' dir='ltr'><strong>continuo</strong></span> <span class='ocrx_word' id='word_1_299' title='bbox 1016 3416 1137 3478; x_wconf 86' lang='lat' dir='ltr'><strong>post</strong></span> <span class='ocrx_word' id='word_1_300' title='bbox 1159 3407 1273 3462; x_wconf 65' lang='lat' dir='ltr'><strong>haec</strong></span> <span class='ocrx_word' id='word_1_301' title='bbox 1289 3407 1453 3462; x_wconf 82' lang='lat' dir='ltr'><strong>verba</strong></span> <span class='ocrx_word' id='word_1_302' title='bbox 1472 3406 1806 3462; x_wconf 83' lang='lat' dir='ltr'><strong>denuntiavit</strong></span> 
     </span>
    </p>
   </div>
   <div class='ocr_carea' id='block_1_36' title="bbox 211 3496 1809 3569">
    <p class='ocr_par' dir='ltr' id='par_1_36' title="bbox 211 3496 1809 3569">
     <span class='ocr_line' id='line_1_36' title="bbox 211 3496 1809 3569; baseline -0.002 -16"><span class='ocrx_word' id='word_1_303' title='bbox 211 3501 317 3553; x_wconf 65' lang='lat' dir='ltr'><strong>iiiis</strong></span> <span class='ocrx_word' id='word_1_304' title='bbox 348 3499 648 3569; x_wconf 56' lang='lat' dir='ltr'><strong>passionem</strong></span> <span class='ocrx_word' id='word_1_305' title='bbox 688 3513 837 3553; x_wconf 90' lang='lat' dir='ltr'><strong>suam</strong></span> <span class='ocrx_word' id='word_1_306' title='bbox 876 3507 930 3555; x_wconf 88' lang='lat' dir='ltr'><strong>et</strong></span> <span class='ocrx_word' id='word_1_307' title='bbox 974 3506 1220 3553; x_wconf 83' lang='lat' dir='ltr'><strong>mortem.</strong></span> <span class='ocrx_word' id='word_1_308' title='bbox 1248 3496 1477 3566; x_wconf 85' lang='lat' dir='ltr'><strong>Expavit</strong></span> <span class='ocrx_word' id='word_1_309' title='bbox 1499 3496 1722 3560; x_wconf 83' lang='lat' dir='ltr'><strong>Petrus,</strong></span> <span class='ocrx_word' id='word_1_310' title='bbox 1748 3506 1809 3551; x_wconf 85' lang='lat' dir='ltr'><strong>et</strong></span> 
     </span>
    </p>
   </div>
   <div class='ocr_carea' id='block_1_37' title="bbox 209 3587 1800 3658">
    <p class='ocr_par' dir='ltr' id='par_1_37' title="bbox 209 3587 1800 3658">
     <span class='ocr_line' id='line_1_37' title="bbox 209 3587 1800 3658; baseline -0.001 -15"><span class='ocrx_word' id='word_1_311' title='bbox 209 3593 279 3645; x_wconf 85' lang='lat' dir='ltr'><strong>ait</strong></span> <span class='ocrx_word' id='word_1_312' title='bbox 306 3607 322 3643; x_wconf 90' lang='lat'>:</span> <span class='ocrx_word' id='word_1_313' title='bbox 351 3590 493 3645; x_wconf 79' lang='lat' dir='ltr'><strong>Absit</strong></span> <span class='ocrx_word' id='word_1_314' title='bbox 514 3607 547 3643; x_wconf 82' lang='grc' dir='ltr'><em>α</em></span> <span class='ocrx_word' id='word_1_315' title='bbox 568 3600 634 3657; x_wconf 88' lang='lat' dir='ltr'><strong>te,</strong></span> <span class='ocrx_word' id='word_1_316' title='bbox 662 3589 890 3655; x_wconf 81' lang='lat' dir='ltr'><strong>Domine,</strong></span> <span class='ocrx_word' id='word_1_317' title='bbox 916 3604 1015 3643; x_wconf 84' lang='lat' dir='ltr'><strong>non</strong></span> <span class='ocrx_word' id='word_1_318' title='bbox 1043 3589 1127 3658; x_wconf 76' lang='lat' dir='ltr'><strong>ﬁet</strong></span> <span class='ocrx_word' id='word_1_319' title='bbox 1147 3587 1307 3642; x_wconf 81' lang='lat' dir='ltr'><strong>istud.</strong></span> <span class='ocrx_word' id='word_1_320' title='bbox 1336 3587 1486 3642; x_wconf 87' lang='lat' dir='ltr'><strong>Tunc</strong></span> <span class='ocrx_word' id='word_1_321' title='bbox 1506 3587 1763 3641; x_wconf 87' lang='lat' dir='ltr'><strong>Dominus</strong></span> <span class='ocrx_word' id='word_1_322' title='bbox 1787 3605 1800 3641; x_wconf 89' lang='lat'><strong>:</strong></span> 
     </span>
    </p>
   </div>
   <div class='ocr_carea' id='block_1_38' title="bbox 212 3676 1803 3750">
    <p class='ocr_par' dir='ltr' id='par_1_38' title="bbox 212 3676 1803 3750">
     <span class='ocr_line' id='line_1_38' title="bbox 212 3676 1803 3750; baseline -0.002 -15"><span class='ocrx_word' id='word_1_323' title='bbox 212 3682 346 3735; x_wconf 82' lang='lat' dir='ltr'><strong>Redi</strong></span> <span class='ocrx_word' id='word_1_324' title='bbox 376 3691 488 3750; x_wconf 83' lang='lat' dir='ltr'><strong>post</strong></span> <span class='ocrx_word' id='word_1_325' title='bbox 514 3697 626 3747; x_wconf 84' lang='lat' dir='ltr'><strong>me,</strong></span> <span class='ocrx_word' id='word_1_326' title='bbox 650 3690 874 3735; x_wconf 80' lang='lat' dir='ltr'><strong>satanas.</strong></span> <span class='ocrx_word' id='word_1_327' title='bbox 924 3679 1112 3735; x_wconf 80' lang='lat' dir='ltr'><strong>Petrus</strong></span> <span class='ocrx_word' id='word_1_328' title='bbox 1151 3680 1400 3732; x_wconf 80' lang='lat' dir='ltr'><strong>satanas?</strong></span> <span class='ocrx_word' id='word_1_329' title='bbox 1424 3676 1523 3734; x_wconf 85' lang='lat' dir='ltr'><strong>Ubi</strong></span> <span class='ocrx_word' id='word_1_330' title='bbox 1564 3685 1690 3733; x_wconf 86' lang='lat' dir='ltr'><strong>sunt</strong></span> <span class='ocrx_word' id='word_1_331' title='bbox 1716 3678 1803 3732; x_wconf 91' lang='lat' dir='ltr'><strong>illa</strong></span> 
     </span>
    </p>
   </div>
   <div class='ocr_carea' id='block_1_39' title="bbox 208 3765 1823 3837">
    <p class='ocr_par' dir='ltr' id='par_1_39' title="bbox 208 3765 1823 3837">
     <span class='ocr_line' id='line_1_39' title="bbox 208 3765 1823 3837; baseline -0.003 -10"><span class='ocrx_word' id='word_1_332' title='bbox 208 3773 376 3827; x_wconf 82' lang='lat' dir='ltr'><strong>verba</strong></span> <span class='ocrx_word' id='word_1_333' title='bbox 398 3813 414 3837; x_wconf 90' lang='lat'><strong>,</strong></span> <span class='ocrx_word' id='word_1_334' title='bbox 440 3769 622 3825; x_wconf 85' lang='lat' dir='ltr'><strong>Beatus</strong></span> <span class='ocrx_word' id='word_1_335' title='bbox 644 3786 725 3836; x_wconf 83' lang='lat' dir='ltr'><strong>es,</strong></span> <span class='ocrx_word' id='word_1_336' title='bbox 757 3769 936 3825; x_wconf 82' lang='lat' dir='ltr'><strong>Simon</strong></span> <span class='ocrx_word' id='word_1_337' title='bbox 976 3765 1252 3822; x_wconf 75' lang='lat' dir='ltr'><strong>Der-Iona</strong></span> <span class='ocrx_word' id='word_1_338' title='bbox 1267 3766 1295 3821; x_wconf 85' lang='lat'><strong><em>?</em></strong></span> <span class='ocrx_word' id='word_1_339' title='bbox 1311 3766 1575 3837; x_wconf 83' lang='lat' dir='ltr'><strong>Numquid</strong></span> <span class='ocrx_word' id='word_1_340' title='bbox 1617 3767 1823 3822; x_wconf 45' lang='lat' dir='ltr'><strong>beatus-</strong></span> 
     </span>
    </p>
   </div>
   <div class='ocr_carea' id='block_1_40' title="bbox 207 3857 1804 3927">
    <p class='ocr_par' dir='ltr' id='par_1_40' title="bbox 207 3857 1804 3927">
     <span class='ocr_line' id='line_1_40' title="bbox 207 3857 1804 3927; baseline -0.004 -9"><span class='ocrx_word' id='word_1_341' title='bbox 207 3865 463 3919; x_wconf 80' lang='lat' dir='ltr'><strong>satanas?</strong></span> <span class='ocrx_word' id='word_1_342' title='bbox 483 3862 691 3927; x_wconf 83' lang='lat' dir='ltr'><strong>Beatus,</strong></span> <span class='ocrx_word' id='word_1_343' title='bbox 723 3860 791 3917; x_wconf 87' lang='lat' dir='ltr'><strong>de</strong></span> <span class='ocrx_word' id='word_1_344' title='bbox 817 3861 910 3916; x_wconf 85' lang='lat' dir='ltr'><strong>Dei</strong></span> <span class='ocrx_word' id='word_1_345' title='bbox 937 3861 958 3892; x_wconf 77' lang='grc'>⁸</span> <span class='ocrx_word' id='word_1_346' title='bbox 980 3875 994 3913; x_wconf 89' lang='lat'><strong>:</strong></span> <span class='ocrx_word' id='word_1_347' title='bbox 1018 3867 1252 3924; x_wconf 79' lang='lat' dir='ltr'><strong>satanas,</strong></span> <span class='ocrx_word' id='word_1_348' title='bbox 1274 3857 1342 3912; x_wconf 88' lang='lat' dir='ltr'><strong>de</strong></span> <span class='ocrx_word' id='word_1_349' title='bbox 1369 3857 1617 3913; x_wconf 84' lang='lat' dir='ltr'><strong>hominis.</strong></span> <span class='ocrx_word' id='word_1_350' title='bbox 1643 3857 1804 3913; x_wconf 85' lang='lat' dir='ltr'><strong>Deni-</strong></span> 
     </span>
    </p>
   </div>
   <div class='ocr_carea' id='block_1_41' title="bbox 207 3947 1803 4029">
    <p class='ocr_par' dir='ltr' id='par_1_41' title="bbox 207 3947 1803 4029">
     <span class='ocr_line' id='line_1_41' title="bbox 207 3947 1803 4029; baseline -0.004 -20"><span class='ocrx_word' id='word_1_351' title='bbox 207 3972 319 4029; x_wconf 84' lang='lat' dir='ltr'><strong>que</strong></span> <span class='ocrx_word' id='word_1_352' title='bbox 350 3958 464 4027; x_wconf 83' lang='lat' dir='ltr'><strong>ipse</strong></span> <span class='ocrx_word' id='word_1_353' title='bbox 493 3955 745 4010; x_wconf 84' lang='lat' dir='ltr'><strong>Dominus</strong></span> <span class='ocrx_word' id='word_1_354' title='bbox 770 3951 1016 4022; x_wconf 80' lang='lat' dir='ltr'><strong>exposuit</strong></span> <span class='ocrx_word' id='word_1_355' title='bbox 1042 3964 1207 4021; x_wconf 87' lang='lat' dir='ltr'><strong>quare</strong></span> <span class='ocrx_word' id='word_1_356' title='bbox 1237 3949 1387 4004; x_wconf 89' lang='lat' dir='ltr'><strong>illum</strong></span> <span class='ocrx_word' id='word_1_357' title='bbox 1427 3947 1623 4003; x_wconf 80' lang='lat' dir='ltr'><strong>dixerit</strong></span> <span class='ocrx_word' id='word_1_358' title='bbox 1660 3955 1803 4003; x_wconf 78' lang='lat' dir='ltr'><strong>sata-</strong></span> 
     </span>
    </p>
   </div>
   <div class='ocr_carea' id='block_1_42' title="bbox 209 4038 1803 4114">
    <p class='ocr_par' dir='ltr' id='par_1_42' title="bbox 209 4038 1803 4114">
     <span class='ocr_line' id='line_1_42' title="bbox 209 4038 1803 4114; baseline -0.006 -12"><span class='ocrx_word' id='word_1_359' title='bbox 209 4064 340 4104; x_wconf 83' lang='lat' dir='ltr'><strong>nam</strong></span> <span class='ocrx_word' id='word_1_360' title='bbox 366 4066 379 4100; x_wconf 94' lang='lat'>:</span> <span class='ocrx_word' id='word_1_361' title='bbox 412 4045 530 4100; x_wconf 80' lang='lat' dir='ltr'><strong>Non</strong></span> <span class='ocrx_word' id='word_1_362' title='bbox 550 4046 682 4099; x_wconf 84' lang='lat' dir='ltr'><strong>enim</strong></span> <span class='ocrx_word' id='word_1_363' title='bbox 710 4042 850 4114; x_wconf 80' lang='lat' dir='ltr'><strong>sapis</strong></span> <span class='ocrx_word' id='word_1_364' title='bbox 875 4057 988 4112; x_wconf 73' lang='lat' dir='ltr'><strong>ante</strong></span> <span class='ocrx_word' id='word_1_365' title='bbox 1015 4050 1132 4101; x_wconf 76' lang='lat' dir='ltr'><strong>sunt</strong></span> <span class='ocrx_word' id='word_1_366' title='bbox 1162 4039 1291 4107; x_wconf 89' lang='lat' dir='ltr'><strong>Dei,</strong></span> <span class='ocrx_word' id='word_1_367' title='bbox 1316 4038 1406 4094; x_wconf 86' lang='lat' dir='ltr'><strong>sed</strong></span> <span class='ocrx_word' id='word_1_368' title='bbox 1429 4055 1542 4110; x_wconf 77' lang='lat' dir='ltr'><strong>qua:</strong></span> <span class='ocrx_word' id='word_1_369' title='bbox 1565 4048 1681 4093; x_wconf 87' lang='lat' dir='ltr'><strong>sunt</strong></span> <span class='ocrx_word' id='word_1_370' title='bbox 1707 4038 1803 4092; x_wconf 81' lang='lat' dir='ltr'><strong>he-</strong></span> 
     </span>
    </p>
   </div>
   <div class='ocr_carea' id='block_1_43' title="bbox 209 4126 1803 4208">
    <p class='ocr_par' dir='ltr' id='par_1_43' title="bbox 209 4126 1803 4208">
     <span class='ocr_line' id='line_1_43' title="bbox 209 4126 1803 4208; baseline -0.008 -14"><span class='ocrx_word' id='word_1_371' title='bbox 209 4140 366 4194; x_wconf 81' lang='lat' dir='ltr'><strong>minis</strong></span> <span class='ocrx_word' id='word_1_372' title='bbox 411 4135 627 4208; x_wconf 77' lang='lat' dir='ltr'><strong>(Matth.</strong></span> <span class='ocrx_word' id='word_1_373' title='bbox 665 4149 793 4201; x_wconf 77' lang='lat' dir='ltr'><strong>xvr,</strong></span> <span class='ocrx_word' id='word_1_374' title='bbox 826 4130 1032 4205; x_wconf 75' lang='grc'><strong>15-25).</strong></span> <span class='ocrx_word' id='word_1_375' title='bbox 1082 4129 1233 4187; x_wconf 74' lang='lat' dir='ltr'><strong>[inde</strong></span> <span class='ocrx_word' id='word_1_376' title='bbox 1262 4140 1387 4186; x_wconf 90' lang='lat' dir='ltr'><strong>tunc</strong></span> <span class='ocrx_word' id='word_1_377' title='bbox 1415 4128 1641 4184; x_wconf 83' lang='lat' dir='ltr'><strong>beatus?</strong></span> <span class='ocrx_word' id='word_1_378' title='bbox 1672 4126 1803 4195; x_wconf 79' lang='lat' dir='ltr'><strong>Quia</strong></span> 
     </span>
    </p>
   </div>
   <div class='ocr_carea' id='block_1_44' title="bbox 211 4219 1802 4294">
    <p class='ocr_par' dir='ltr' id='par_1_44' title="bbox 211 4219 1802 4294">
     <span class='ocr_line' id='line_1_44' title="bbox 211 4219 1802 4294; baseline -0.008 -10"><span class='ocrx_word' id='word_1_379' title='bbox 211 4248 317 4284; x_wconf 71' lang='lat' dir='ltr'><strong>nm:</strong></span> <span class='ocrx_word' id='word_1_380' title='bbox 341 4230 430 4283; x_wconf 84' lang='lat' dir='ltr'><strong>tibi</strong></span> <span class='ocrx_word' id='word_1_381' title='bbox 456 4226 689 4281; x_wconf 74' lang='lat' dir='ltr'><strong>reuelauit</strong></span> <span class='ocrx_word' id='word_1_382' title='bbox 712 4240 831 4279; x_wconf 87' lang='lat' dir='ltr'><strong>caro</strong></span> <span class='ocrx_word' id='word_1_383' title='bbox 852 4233 895 4278; x_wconf 90' lang='lat' dir='ltr'><strong>et</strong></span> <span class='ocrx_word' id='word_1_384' title='bbox 925 4222 1154 4294; x_wconf 82' lang='lat' dir='ltr'><strong>sanguis,</strong></span> <span class='ocrx_word' id='word_1_385' title='bbox 1177 4221 1267 4276; x_wconf 85' lang='lat' dir='ltr'><strong>sed</strong></span> <span class='ocrx_word' id='word_1_386' title='bbox 1294 4219 1451 4275; x_wconf 88' lang='lat' dir='ltr'><strong>Pater</strong></span> <span class='ocrx_word' id='word_1_387' title='bbox 1468 4236 1608 4273; x_wconf 88' lang='lat' dir='ltr'><strong>meus</strong></span> <span class='ocrx_word' id='word_1_388' title='bbox 1634 4220 1721 4288; x_wconf 85' lang='lat' dir='ltr'><strong>qui</strong></span> <span class='ocrx_word' id='word_1_389' title='bbox 1748 4219 1802 4273; x_wconf 86' lang='lat' dir='ltr'><strong>in</strong></span> 
     </span>
    </p>
   </div>
   <div class='ocr_carea' id='block_1_45' title="bbox 209 4307 1805 4387">
    <p class='ocr_par' dir='ltr' id='par_1_45' title="bbox 209 4307 1805 4387">
     <span class='ocr_line' id='line_1_45' title="bbox 209 4307 1805 4387; baseline -0.007 -13"><span class='ocrx_word' id='word_1_390' title='bbox 209 4321 356 4374; x_wconf 70' lang='lat' dir='ltr'><strong>rantis</strong></span> <span class='ocrx_word' id='word_1_391' title='bbox 395 4329 488 4374; x_wconf 82' lang='lat' dir='ltr'><strong>est.</strong></span> <span class='ocrx_word' id='word_1_392' title='bbox 520 4316 669 4373; x_wconf 85' lang='lat' dir='ltr'><strong>Unde</strong></span> <span class='ocrx_word' id='word_1_393' title='bbox 712 4323 894 4387; x_wconf 85' lang='lat' dir='ltr'><strong>postea</strong></span> <span class='ocrx_word' id='word_1_394' title='bbox 934 4312 1185 4368; x_wconf 76' lang='lat' dir='ltr'><strong>satanas?</strong></span> <span class='ocrx_word' id='word_1_395' title='bbox 1212 4310 1332 4367; x_wconf 84' lang='lat' dir='ltr'><strong>Non</strong></span> <span class='ocrx_word' id='word_1_396' title='bbox 1374 4310 1512 4382; x_wconf 82' lang='lat' dir='ltr'><strong>sapis</strong></span> <span class='ocrx_word' id='word_1_397' title='bbox 1548 4325 1664 4382; x_wconf 72' lang='lat' dir='ltr'><strong>qua:</strong></span> <span class='ocrx_word' id='word_1_398' title='bbox 1708 4307 1805 4363; x_wconf 86' lang='lat' dir='ltr'><strong>Dei</strong></span> 
     </span>
    </p>
   </div>
   <div class='ocr_carea' id='block_1_46' title="bbox 210 4398 1809 4480">
    <p class='ocr_par' dir='ltr' id='par_1_46' title="bbox 210 4398 1809 4480">
     <span class='ocr_line' id='line_1_46' title="bbox 210 4398 1809 4480; baseline -0.008 -14"><span class='ocrx_word' id='word_1_399' title='bbox 210 4421 522 4478; x_wconf 61' lang='lat' dir='ltr'><strong>ianuam:</strong></span> <span class='ocrx_word' id='word_1_400' title='bbox 568 4408 779 4480; x_wconf 82' lang='lat' dir='ltr'><strong>quando</strong></span> <span class='ocrx_word' id='word_1_401' title='bbox 819 4405 1102 4476; x_wconf 82' lang='lat' dir='ltr'><strong>sapiebas,</strong></span> <span class='ocrx_word' id='word_1_402' title='bbox 1127 4404 1314 4459; x_wconf 87' lang='lat' dir='ltr'><strong>beatus</strong></span> <span class='ocrx_word' id='word_1_403' title='bbox 1355 4400 1625 4457; x_wconf 80' lang='lat' dir='ltr'><strong>eras:sed</strong></span> <span class='ocrx_word' id='word_1_404' title='bbox 1665 4398 1809 4469; x_wconf 82' lang='lat' dir='ltr'><strong>sapis</strong></span> 
     </span>
    </p>
   </div>
   <div class='ocr_carea' id='block_1_47' title="bbox 210 4490 1801 4573">
    <p class='ocr_par' dir='ltr' id='par_1_47' title="bbox 210 4490 1801 4573">
     <span class='ocr_line' id='line_1_47' title="bbox 210 4490 1801 4573; baseline -0.006 -19"><span class='ocrx_word' id='word_1_405' title='bbox 210 4517 333 4573; x_wconf 67' lang='lat' dir='ltr'><strong>quin</strong></span> <span class='ocrx_word' id='word_1_406' title='bbox 370 4501 629 4554; x_wconf 76' lang='lat' dir='ltr'><strong>hominum</strong></span> <span class='ocrx_word' id='word_1_407' title='bbox 666 4506 805 4553; x_wconf 82' lang='lat' dir='ltr'><strong>sunt.</strong></span> <span class='ocrx_word' id='word_1_408' title='bbox 836 4496 977 4552; x_wconf 86' lang='lat' dir='ltr'><strong>Ecce</strong></span> <span class='ocrx_word' id='word_1_409' title='bbox 1019 4495 1286 4566; x_wconf 88' lang='lat' dir='ltr'><strong>quomodo</strong></span> <span class='ocrx_word' id='word_1_410' title='bbox 1310 4492 1604 4548; x_wconf 85' lang='lat' dir='ltr'><strong>alternabat</strong></span> <span class='ocrx_word' id='word_1_411' title='bbox 1627 4490 1801 4546; x_wconf 86' lang='lat' dir='ltr'><strong>anima</strong></span> 
     </span>
    </p>
   </div>
   <div class='ocr_carea' id='block_1_48' title="bbox 208 4581 1801 4662">
    <p class='ocr_par' dir='ltr' id='par_1_48' title="bbox 208 4581 1801 4662">
     <span class='ocr_line' id='line_1_48' title="bbox 208 4581 1801 4662; baseline -0.008 -15"><span class='ocrx_word' id='word_1_412' title='bbox 208 4592 623 4662; x_wconf 84' lang='lat' dir='ltr'><strong>discipulorum,</strong></span> <span class='ocrx_word' id='word_1_413' title='bbox 654 4588 804 4659; x_wconf 87' lang='lat' dir='ltr'><strong>quasi</strong></span> <span class='ocrx_word' id='word_1_414' title='bbox 829 4603 895 4642; x_wconf 82' lang='lat' dir='ltr'><strong>ex</strong></span> <span class='ocrx_word' id='word_1_415' title='bbox 923 4596 1043 4644; x_wconf 91' lang='lat' dir='ltr'><strong>ortu</strong></span> <span class='ocrx_word' id='word_1_416' title='bbox 1071 4594 1126 4642; x_wconf 88' lang='lat' dir='ltr'><strong>et</strong></span> <span class='ocrx_word' id='word_1_417' title='bbox 1151 4599 1342 4641; x_wconf 89' lang='lat' dir='ltr'><strong>occasu</strong></span> <span class='ocrx_word' id='word_1_418' title='bbox 1368 4602 1381 4639; x_wconf 90' lang='lat'><strong>:</strong></span> <span class='ocrx_word' id='word_1_419' title='bbox 1406 4582 1566 4639; x_wconf 89' lang='lat' dir='ltr'><strong>modo</strong></span> <span class='ocrx_word' id='word_1_420' title='bbox 1593 4581 1801 4649; x_wconf 84' lang='lat' dir='ltr'><strong>stabat,</strong></span> 
     </span>
    </p>
   </div>
   <div class='ocr_carea' id='block_1_49' title="bbox 212 4671 1805 4750">
    <p class='ocr_par' dir='ltr' id='par_1_49' title="bbox 212 4671 1805 4750">
     <span class='ocr_line' id='line_1_49' title="bbox 212 4671 1805 4750; baseline -0.011 -12"><span class='ocrx_word' id='word_1_421' title='bbox 212 4682 383 4738; x_wconf 82' lang='lat' dir='ltr'><strong>modo</strong></span> <span class='ocrx_word' id='word_1_422' title='bbox 409 4681 655 4750; x_wconf 54' lang='lat' dir='ltr'><strong>iacebat:</strong></span> <span class='ocrx_word' id='word_1_423' title='bbox 673 4678 832 4732; x_wconf 85' lang='lat' dir='ltr'><strong>modo</strong></span> <span class='ocrx_word' id='word_1_424' title='bbox 858 4675 1273 4742; x_wconf 87' lang='lat' dir='ltr'><strong>illuminabatur,</strong></span> <span class='ocrx_word' id='word_1_425' title='bbox 1302 4673 1464 4729; x_wconf 87' lang='lat' dir='ltr'><strong>modo</strong></span> <span class='ocrx_word' id='word_1_426' title='bbox 1485 4671 1805 4727; x_wconf 88' lang='lat' dir='ltr'><strong>tenebraba-</strong></span> 
     </span>
    </p>
   </div>
   <div class='ocr_carea' id='block_1_50' title="bbox 211 4762 1801 4841">
    <p class='ocr_par' dir='ltr' id='par_1_50' title="bbox 211 4762 1801 4841">
     <span class='ocr_line' id='line_1_50' title="bbox 211 4762 1801 4841; baseline -0.009 -12"><span class='ocrx_word' id='word_1_427' title='bbox 211 4786 345 4836; x_wconf 81' lang='lat' dir='ltr'><strong>tur;</strong></span> <span class='ocrx_word' id='word_1_428' title='bbox 376 4773 497 4841; x_wconf 84' lang='lat' dir='ltr'><strong>quia</strong></span> <span class='ocrx_word' id='word_1_429' title='bbox 527 4771 594 4826; x_wconf 89' lang='lat' dir='ltr'><strong>de</strong></span> <span class='ocrx_word' id='word_1_430' title='bbox 621 4771 711 4825; x_wconf 86' lang='lat' dir='ltr'><strong>Dei</strong></span> <span class='ocrx_word' id='word_1_431' title='bbox 739 4767 1156 4833; x_wconf 86' lang='lat' dir='ltr'><strong>illuminabatur,</strong></span> <span class='ocrx_word' id='word_1_432' title='bbox 1187 4763 1255 4819; x_wconf 90' lang='lat' dir='ltr'><strong>de</strong></span> <span class='ocrx_word' id='word_1_433' title='bbox 1278 4779 1378 4820; x_wconf 88' lang='lat' dir='ltr'><strong>suo</strong></span> <span class='ocrx_word' id='word_1_434' title='bbox 1407 4762 1801 4819; x_wconf 86' lang='lat' dir='ltr'><strong>tenebrabatur.</strong></span> 
     </span>
    </p>
   </div>
   <div class='ocr_carea' id='block_1_51' title="bbox 214 4854 1806 4923">
    <p class='ocr_par' dir='ltr' id='par_1_51' title="bbox 214 4854 1806 4923">
     <span class='ocr_line' id='line_1_51' title="bbox 214 4854 1806 4923; baseline -0.009 -2"><span class='ocrx_word' id='word_1_435' title='bbox 214 4865 375 4923; x_wconf 80' lang='lat' dir='ltr'><strong>Unde</strong></span> <span class='ocrx_word' id='word_1_436' title='bbox 421 4860 854 4918; x_wconf 83' lang='lat' dir='ltr'><strong>ilhuuinabatur?</strong></span> <span class='ocrx_word' id='word_1_437' title='bbox 907 4859 1139 4914; x_wconf 83' lang='lat' dir='ltr'><strong>Accedite</strong></span> <span class='ocrx_word' id='word_1_438' title='bbox 1164 4857 1234 4912; x_wconf 86' lang='lat' dir='ltr'><strong>ad</strong></span> <span class='ocrx_word' id='word_1_439' title='bbox 1270 4871 1420 4922; x_wconf 80' lang='lat' dir='ltr'><strong>eunt,</strong></span> <span class='ocrx_word' id='word_1_440' title='bbox 1455 4865 1501 4910; x_wconf 92' lang='lat' dir='ltr'><strong>et</strong></span> <span class='ocrx_word' id='word_1_441' title='bbox 1541 4854 1806 4909; x_wconf 81' lang='lat' dir='ltr'><strong>illumina-</strong></span> 
     </span>
    </p>
   </div>
   <div class='ocr_carea' id='block_1_52' title="bbox 212 4946 1807 5027">
    <p class='ocr_par' dir='ltr' id='par_1_52' title="bbox 212 4946 1807 5027">
     <span class='ocr_line' id='line_1_52' title="bbox 212 4946 1807 5027; baseline -0.009 -15"><span class='ocrx_word' id='word_1_442' title='bbox 212 4957 348 5012; x_wconf 82' lang='lat' dir='ltr'><strong>mini</strong></span> <span class='ocrx_word' id='word_1_443' title='bbox 403 4953 574 5027; x_wconf 83' lang='lat' dir='ltr'><strong>(Psal.</strong></span> <span class='ocrx_word' id='word_1_444' title='bbox 627 4969 831 5021; x_wconf 61' lang='grc' dir='ltr'>χχχιιι,</span> <span class='ocrx_word' id='word_1_445' title='bbox 886 4951 984 5024; x_wconf 82' lang='grc'><strong>6).</strong></span> <span class='ocrx_word' id='word_1_446' title='bbox 1034 4951 1184 5008; x_wconf 87' lang='lat' dir='ltr'><strong>Unde</strong></span> <span class='ocrx_word' id='word_1_447' title='bbox 1252 4947 1658 5004; x_wconf 88' lang='lat' dir='ltr'><strong>tenebrabatur?</strong></span> <span class='ocrx_word' id='word_1_448' title='bbox 1708 4946 1807 5014; x_wconf 85' lang='lat' dir='ltr'><strong>Qui</strong></span> 
     </span>
    </p>
   </div>
   <div class='ocr_carea' id='block_1_53' title="bbox 212 5035 1803 5123">
    <p class='ocr_par' dir='ltr' id='par_1_53' title="bbox 212 5035 1803 5123">
     <span class='ocr_line' id='line_1_53' title="bbox 212 5035 1803 5123; baseline -0.011 -18"><span class='ocrx_word' id='word_1_449' title='bbox 212 5052 446 5123; x_wconf 81' lang='lat' dir='ltr'><strong>loquitur</strong></span> <span class='ocrx_word' id='word_1_450' title='bbox 475 5047 824 5111; x_wconf 86' lang='lat' dir='ltr'><strong>mendacium,</strong></span> <span class='ocrx_word' id='word_1_451' title='bbox 855 5044 919 5098; x_wconf 86' lang='lat' dir='ltr'><strong>de</strong></span> <span class='ocrx_word' id='word_1_452' title='bbox 956 5058 1048 5099; x_wconf 88' lang='lat' dir='ltr'><strong>suo</strong></span> <span class='ocrx_word' id='word_1_453' title='bbox 1088 5041 1308 5110; x_wconf 84' lang='lat' dir='ltr'><strong>loquitur</strong></span> <span class='ocrx_word' id='word_1_454' title='bbox 1329 5038 1505 5112; x_wconf 86' lang='lat' dir='ltr'><strong>(Joau.</strong></span> <span class='ocrx_word' id='word_1_455' title='bbox 1539 5053 1662 5103; x_wconf 86' lang='lat' dir='ltr'><strong>vnt,</strong></span> <span class='ocrx_word' id='word_1_456' title='bbox 1690 5035 1803 5106; x_wconf 73' lang='grc'><strong>4-1).</strong></span> 
     </span>
    </p>
   </div>
   <div class='ocr_carea' id='block_1_54' title="bbox 217 5134 1807 5200">
    <p class='ocr_par' dir='ltr' id='par_1_54' title="bbox 217 5134 1807 5200">
     <span class='ocr_line' id='line_1_54' title="bbox 217 5134 1807 5200; baseline -0.008 -4"><span class='ocrx_word' id='word_1_457' title='bbox 217 5141 419 5197; x_wconf 83' lang='lat' dir='ltr'><strong>Filium</strong></span> <span class='ocrx_word' id='word_1_458' title='bbox 446 5139 536 5194; x_wconf 88' lang='lat' dir='ltr'><strong>Dei</strong></span> <span class='ocrx_word' id='word_1_459' title='bbox 561 5139 667 5193; x_wconf 84' lang='lat' dir='ltr'><strong>vivi</strong></span> <span class='ocrx_word' id='word_1_460' title='bbox 693 5137 919 5200; x_wconf 81' lang='lat' dir='ltr'><strong>dixerat,</strong></span> <span class='ocrx_word' id='word_1_461' title='bbox 941 5145 994 5191; x_wconf 90' lang='lat' dir='ltr'><strong>et</strong></span> <span class='ocrx_word' id='word_1_462' title='bbox 1015 5134 1236 5190; x_wconf 89' lang='lat' dir='ltr'><strong>timebat</strong></span> <span class='ocrx_word' id='word_1_463' title='bbox 1256 5147 1325 5189; x_wconf 90' lang='lat' dir='ltr'><strong>ne</strong></span> <span class='ocrx_word' id='word_1_464' title='bbox 1351 5140 1666 5195; x_wconf 86' lang='lat' dir='ltr'><strong>moreretur,</strong></span> <span class='ocrx_word' id='word_1_465' title='bbox 1685 5144 1807 5185; x_wconf 86' lang='lat' dir='ltr'><strong>cum</strong></span> 
     </span>
    </p>
   </div>
   <div class='ocr_carea' id='block_1_55' title="bbox 221 5228 1815 5298">
    <p class='ocr_par' dir='ltr' id='par_1_55' title="bbox 221 5228 1815 5298">
     <span class='ocr_line' id='line_1_55' title="bbox 221 5228 1815 5298; baseline -0.01 -8"><span class='ocrx_word' id='word_1_466' title='bbox 221 5234 395 5290; x_wconf 82' lang='lat' dir='ltr'><strong>Filius</strong></span> <span class='ocrx_word' id='word_1_467' title='bbox 435 5233 529 5287; x_wconf 82' lang='lat' dir='ltr'><strong>Dei</strong></span> <span class='ocrx_word' id='word_1_468' title='bbox 572 5240 736 5298; x_wconf 85' lang='lat' dir='ltr'><strong>esset,</strong></span> <span class='ocrx_word' id='word_1_469' title='bbox 763 5238 819 5286; x_wconf 88' lang='lat' dir='ltr'><strong>et</strong></span> <span class='ocrx_word' id='word_1_470' title='bbox 854 5230 923 5285; x_wconf 89' lang='lat' dir='ltr'><strong>ad</strong></span> <span class='ocrx_word' id='word_1_471' title='bbox 963 5229 1066 5284; x_wconf 91' lang='lat' dir='ltr'><strong>hoc</strong></span> <span class='ocrx_word' id='word_1_472' title='bbox 1094 5228 1360 5292; x_wconf 85' lang='lat' dir='ltr'><strong>venisset,</strong></span> <span class='ocrx_word' id='word_1_473' title='bbox 1390 5236 1447 5282; x_wconf 92' lang='lat' dir='ltr'><strong>nt</strong></span> <span class='ocrx_word' id='word_1_474' title='bbox 1489 5233 1815 5281; x_wconf 74' lang='lat' dir='ltr'><strong>moreretur-</strong></span> 
     </span>
    </p>
   </div>
   <div class='ocr_carea' id='block_1_56' title="bbox 289 5419 1811 5489">
    <p class='ocr_par' dir='ltr' id='par_1_56' title="bbox 289 5419 1811 5489">
     <span class='ocr_line' id='line_1_56' title="bbox 289 5419 1811 5489; baseline -0.01 -10"><span class='ocrx_word' id='word_1_475' title='bbox 289 5433 306 5463; x_wconf 79' lang='grc'><strong><em>³</em></strong></span> <span class='ocrx_word' id='word_1_476' title='bbox 334 5430 420 5479; x_wconf 87' lang='lat' dir='ltr'><strong>ttlc</strong></span> <span class='ocrx_word' id='word_1_477' title='bbox 440 5442 502 5478; x_wconf 83' lang='lat' dir='ltr'><strong>ex</strong></span> <span class='ocrx_word' id='word_1_478' title='bbox 525 5436 630 5478; x_wconf 66' lang='lat' dir='ltr'><strong>Mss.</strong></span> <span class='ocrx_word' id='word_1_479' title='bbox 665 5426 900 5486; x_wconf 80' lang='lat' dir='ltr'><strong>addimus,</strong></span> <span class='ocrx_word' id='word_1_480' title='bbox 924 5422 1037 5489; x_wconf 76' lang='lat' dir='ltr'><strong>quia</strong></span> <span class='ocrx_word' id='word_1_481' title='bbox 1060 5422 1218 5476; x_wconf 82' lang='lat' dir='ltr'><strong>unitas</strong></span> <span class='ocrx_word' id='word_1_482' title='bbox 1238 5421 1292 5489; x_wconf 75' lang='lat' dir='ltr'><strong>in</strong></span> <span class='ocrx_word' id='word_1_483' title='bbox 1309 5419 1545 5489; x_wconf 65' lang='lat' dir='ltr'><strong>muribus.</strong></span> <span class='ocrx_word' id='word_1_484' title='bbox 1572 5423 1811 5489; x_wconf 65' lang='lat' dir='ltr'><strong>Praeterea</strong></span> 
     </span>
    </p>
   </div>
   <div class='ocr_carea' id='block_1_57' title="bbox 221 5483 1810 5560">
    <p class='ocr_par' dir='ltr' id='par_1_57' title="bbox 221 5483 1810 5560">
     <span class='ocr_line' id='line_1_57' title="bbox 221 5483 1810 5560; baseline -0.008 -20"><span class='ocrx_word' id='word_1_485' title='bbox 221 5492 360 5560; x_wconf 70' lang='lat' dir='ltr'><strong>)lura</strong></span> <span class='ocrx_word' id='word_1_486' title='bbox 383 5496 612 5552; x_wconf 62' lang='lat' dir='ltr'><strong>Superius</strong></span> <span class='ocrx_word' id='word_1_487' title='bbox 633 5497 685 5539; x_wconf 91' lang='lat' dir='ltr'><strong>et</strong></span> <span class='ocrx_word' id='word_1_488' title='bbox 706 5483 909 5538; x_wconf 79' lang='lat' dir='ltr'><strong>inferius</strong></span> <span class='ocrx_word' id='word_1_489' title='bbox 923 5483 1096 5537; x_wconf 78' lang='lat' dir='ltr'><strong>omissa</strong></span> <span class='ocrx_word' id='word_1_490' title='bbox 1123 5489 1174 5537; x_wconf 90' lang='lat' dir='ltr'><strong>in</strong></span> <span class='ocrx_word' id='word_1_491' title='bbox 1206 5484 1367 5542; x_wconf 83' lang='lat' dir='ltr'><strong>editis,</strong></span> <span class='ocrx_word' id='word_1_492' title='bbox 1398 5483 1720 5533; x_wconf 79' lang='lat' dir='ltr'><strong>restituuntur</strong></span> <span class='ocrx_word' id='word_1_493' title='bbox 1746 5490 1810 5529; x_wconf 79' lang='lat' dir='ltr'><strong>ex</strong></span> 
     </span>
    </p>
   </div>
   <div class='ocr_carea' id='block_1_58' title="bbox 221 5554 1813 5671">
    <p class='ocr_par' dir='ltr' id='par_1_58' title="bbox 221 5554 1813 5671">
     <span class='ocr_line' id='line_1_58' title="bbox 221 5554 1813 5671; baseline -0.004 -7"><span class='ocrx_word' id='word_1_494' title='bbox 221 5554 565 5671; x_wconf 43' lang='lat' dir='ltr'><strong>beetﬁitniifsde</strong></span> <span class='ocrx_word' id='word_1_495' title='bbox 596 5621 693 5665; x_wconf 78' lang='lat' dir='ltr'><strong>nco</strong></span> <span class='ocrx_word' id='word_1_496' title='bbox 721 5622 738 5661; x_wconf 91' lang='lat'><strong><em>:</em></strong></span> <span class='ocrx_word' id='word_1_497' title='bbox 763 5618 816 5662; x_wconf 87' lang='lat' dir='ltr'><strong>et</strong></span> <span class='ocrx_word' id='word_1_498' title='bbox 837 5608 960 5661; x_wconf 75' lang='lat' dir='ltr'><strong>intra</strong></span> <span class='ocrx_word' id='word_1_499' title='bbox 987 5605 1266 5671; x_wconf 66' lang='lat' dir='ltr'><strong>dehognine.</strong></span> <span class='ocrx_word' id='word_1_500' title='bbox 1290 5613 1347 5671; x_wconf 73' lang='lat' dir='ltr'><strong>At</strong></span> <span class='ocrx_word' id='word_1_501' title='bbox 1379 5603 1718 5671; x_wconf 60' lang='lat' dir='ltr'><strong>annumin“,</strong></span> <span class='ocrx_word' id='word_1_502' title='bbox 1751 5600 1813 5652; x_wconf 80' lang='lat' dir='ltr'><strong>de</strong></span> 
     </span>
    </p>
   </div>
   <div class='ocr_carea' id='block_1_59' title="bbox 220 5665 1563 5750">
    <p class='ocr_par' dir='ltr' id='par_1_59' title="bbox 220 5665 1563 5750">
     <span class='ocr_line' id='line_1_59' title="bbox 220 5665 1563 5750; baseline -0.01 -23"><span class='ocrx_word' id='word_1_503' title='bbox 220 5674 341 5738; x_wconf 81' lang='lat' dir='ltr'><strong>Dei;</strong></span> <span class='ocrx_word' id='word_1_504' title='bbox 358 5665 582 5750; x_wconf 61' lang='lat' dir='ltr'><strong>Submitti,</strong></span> <span class='ocrx_word' id='word_1_505' title='bbox 600 5675 724 5724; x_wconf 83' lang='lat' dir='ltr'><strong>dono</strong></span> <span class='ocrx_word' id='word_1_506' title='bbox 746 5684 764 5725; x_wconf 89' lang='lat'><strong><em>:</em></strong></span> <span class='ocrx_word' id='word_1_507' title='bbox 788 5680 855 5736; x_wconf 87' lang='lat' dir='ltr'><strong>et,</strong></span> <span class='ocrx_word' id='word_1_508' title='bbox 886 5672 946 5723; x_wconf 81' lang='lat' dir='ltr'><strong>tte</strong></span> <span class='ocrx_word' id='word_1_509' title='bbox 964 5669 1164 5723; x_wconf 69' lang='lat' dir='ltr'><strong>luminis</strong></span> <span class='ocrx_word' id='word_1_510' title='bbox 1176 5683 1194 5732; x_wconf 84' lang='lat'><strong>,&#39;</strong></span> <span class='ocrx_word' id='word_1_511' title='bbox 1208 5667 1400 5733; x_wconf 77' lang='lat' dir='ltr'><strong>supple,</strong></span> <span class='ocrx_word' id='word_1_512' title='bbox 1420 5665 1563 5717; x_wconf 83' lang='lat' dir='ltr'><strong>malo.</strong></span> 
     </span>
    </p>
   </div>
   <div class='ocr_carea' id='block_1_60' title="bbox 1555 226 2117 326">
    <p class='ocr_par' dir='ltr' id='par_1_60' title="bbox 1555 226 2117 326">
     <span class='ocr_line' id='line_1_60' title="bbox 1555 226 2117 326; baseline 0.011 -5"><span class='ocrx_word' id='word_1_513' title='bbox 1555 262 1781 321; x_wconf 70' lang='lat' dir='ltr'><strong>sumre</strong></span> <span class='ocrx_word' id='word_1_514' title='bbox 1817 226 2117 326; x_wconf 77' lang='lat' dir='ltr'><strong>ccxxxn.</strong></span> 
     </span>
    </p>
   </div>
   <div class='ocr_carea' id='block_1_61' title="bbox 2383 246 2453 254">
    <p class='ocr_par' dir='ltr' id='par_1_61' title="bbox 2383 246 2453 254">
     <span class='ocr_line' id='line_1_61' title="bbox 2383 246 2453 254; baseline 0.029 -2"><span class='ocrx_word' id='word_1_515' title='bbox 2383 246 2453 254; x_wconf 71' lang='grc' dir='ltr'><strong>-ο</strong></span> 
     </span>
    </p>
   </div>
   <div class='ocr_carea' id='block_1_62' title="bbox 3351 269 3491 330">
    <p class='ocr_par' dir='ltr' id='par_1_62' title="bbox 3351 269 3491 330">
     <span class='ocr_line' id='line_1_62' title="bbox 3351 269 3491 330; baseline 0.029 -4"><span class='ocrx_word' id='word_1_516' title='bbox 3351 269 3410 327; x_wconf 88' lang='grc'><strong>1-1</strong></span> <span class='ocrx_word' id='word_1_517' title='bbox 3426 271 3491 330; x_wconf 75' lang='lat' dir='ltr'><strong>to</strong></span> 
     </span>
    </p>
   </div>
   <div class='ocr_carea' id='block_1_63' title="bbox 1905 373 3489 448">
    <p class='ocr_par' dir='ltr' id='par_1_63' title="bbox 1905 373 3489 448">
     <span class='ocr_line' id='line_1_63' title="bbox 1905 373 3489 448; baseline 0.003 -17"><span class='ocrx_word' id='word_1_518' title='bbox 1905 373 2015 432; x_wconf 84' lang='lat' dir='ltr'><strong>Nisi</strong></span> <span class='ocrx_word' id='word_1_519' title='bbox 2045 377 2137 434; x_wconf 86' lang='lat' dir='ltr'><strong>ille</strong></span> <span class='ocrx_word' id='word_1_520' title='bbox 2177 378 2409 435; x_wconf 87' lang='lat' dir='ltr'><strong>venisset</strong></span> <span class='ocrx_word' id='word_1_521' title='bbox 2434 387 2489 434; x_wconf 90' lang='lat' dir='ltr'><strong>ut</strong></span> <span class='ocrx_word' id='word_1_522' title='bbox 2509 387 2824 448; x_wconf 90' lang='lat' dir='ltr'><strong>moreretur,</strong></span> <span class='ocrx_word' id='word_1_523' title='bbox 2848 394 2944 435; x_wconf 92' lang='lat' dir='ltr'><strong>nos</strong></span> <span class='ocrx_word' id='word_1_524' title='bbox 2989 377 3129 436; x_wconf 90' lang='lat' dir='ltr'><strong>unde</strong></span> <span class='ocrx_word' id='word_1_525' title='bbox 3159 379 3489 436; x_wconf 81' lang='lat' dir='ltr'><strong>viveremus&quot;</strong></span> 
     </span>
    </p>
   </div>
   <div class='ocr_carea' id='block_1_64' title="bbox 1975 490 3491 557">
    <p class='ocr_par' dir='ltr' id='par_1_64' title="bbox 1975 490 3491 557">
     <span class='ocr_line' id='line_1_64' title="bbox 1975 490 3491 557; baseline 0.003 -11"><span class='ocrx_word' id='word_1_526' title='bbox 1975 490 2200 549; x_wconf 77' lang='lat' dir='ltr'><strong>CAPUT</strong></span> <span class='ocrx_word' id='word_1_527' title='bbox 2241 491 2303 546; x_wconf 84' lang='lat' dir='ltr'><strong>V.</strong></span> <span class='ocrx_word' id='word_1_528' title='bbox 2329 521 2402 533; x_wconf 89' lang='lat'><strong>-—</strong></span> <span class='ocrx_word' id='word_1_529' title='bbox 2426 494 2478 548; x_wconf 89' lang='lat'><strong>5.</strong></span> <span class='ocrx_word' id='word_1_530' title='bbox 2514 491 2625 548; x_wconf 83' lang='lat' dir='ltr'><strong>Nec</strong></span> <span class='ocrx_word' id='word_1_531' title='bbox 2652 510 2787 548; x_wconf 88' lang='lat' dir='ltr'><strong>mors</strong></span> <span class='ocrx_word' id='word_1_532' title='bbox 2812 492 3014 548; x_wconf 83' lang='lat' dir='ltr'><strong>Christo</strong></span> <span class='ocrx_word' id='word_1_533' title='bbox 3033 535 3047 557; x_wconf 93' lang='lat'><strong>,</strong></span> <span class='ocrx_word' id='word_1_534' title='bbox 3086 510 3174 548; x_wconf 81' lang='lat' dir='ltr'><strong>nec</strong></span> <span class='ocrx_word' id='word_1_535' title='bbox 3213 496 3311 548; x_wconf 77' lang='lat' dir='ltr'><strong>rita</strong></span> <span class='ocrx_word' id='word_1_536' title='bbox 3350 498 3491 550; x_wconf 77' lang='lat' dir='ltr'><strong>nobis</strong></span> 
     </span>
    </p>
   </div>
   <div class='ocr_carea' id='block_1_65' title="bbox 1907 583 3490 655">
    <p class='ocr_par' dir='ltr' id='par_1_65' title="bbox 1907 583 3490 655">
     <span class='ocr_line' id='line_1_65' title="bbox 1907 583 3490 655; baseline 0.001 -17"><span class='ocrx_word' id='word_1_537' title='bbox 1907 583 2194 638; x_wconf 74' lang='lat' dir='ltr'><strong>debebatur.</strong></span> <span class='ocrx_word' id='word_1_538' title='bbox 2229 583 2379 640; x_wconf 87' lang='lat' dir='ltr'><strong>Unde</strong></span> <span class='ocrx_word' id='word_1_539' title='bbox 2401 585 2553 640; x_wconf 89' lang='lat' dir='ltr'><strong>nobis</strong></span> <span class='ocrx_word' id='word_1_540' title='bbox 2577 586 2701 650; x_wconf 84' lang='lat' dir='ltr'><strong>vita,</strong></span> <span class='ocrx_word' id='word_1_541' title='bbox 2732 584 2873 641; x_wconf 85' lang='lat' dir='ltr'><strong>unde</strong></span> <span class='ocrx_word' id='word_1_542' title='bbox 2900 584 2971 640; x_wconf 92' lang='lat' dir='ltr'><strong>illi</strong></span> <span class='ocrx_word' id='word_1_543' title='bbox 3005 586 3187 640; x_wconf 72' lang='lat' dir='ltr'><strong>mors?</strong></span> <span class='ocrx_word' id='word_1_544' title='bbox 3212 584 3384 655; x_wconf 80' lang='lat' dir='ltr'><strong>ipsum</strong></span> <span class='ocrx_word' id='word_1_545' title='bbox 3411 601 3490 640; x_wconf 79' lang='lat' dir='ltr'><strong>at-</strong></span> 
     </span>
    </p>
   </div>
   <div class='ocr_carea' id='block_1_66' title="bbox 1908 674 3490 749">
    <p class='ocr_par' dir='ltr' id='par_1_66' title="bbox 1908 674 3490 749">
     <span class='ocr_line' id='line_1_66' title="bbox 1908 674 3490 749; baseline 0.003 -20"><span class='ocrx_word' id='word_1_546' title='bbox 1908 675 2067 732; x_wconf 88' lang='lat' dir='ltr'><strong>tende</strong></span> <span class='ocrx_word' id='word_1_547' title='bbox 2092 693 2104 728; x_wconf 92' lang='lat'><strong>:</strong></span> <span class='ocrx_word' id='word_1_548' title='bbox 2129 674 2193 731; x_wconf 82' lang='lat' dir='ltr'><strong>In</strong></span> <span class='ocrx_word' id='word_1_549' title='bbox 2224 677 2473 749; x_wconf 81' lang='lat' dir='ltr'><strong>principio</strong></span> <span class='ocrx_word' id='word_1_550' title='bbox 2498 687 2606 733; x_wconf 88' lang='lat' dir='ltr'><strong>erat</strong></span> <span class='ocrx_word' id='word_1_551' title='bbox 2644 677 2878 743; x_wconf 79' lang='lat' dir='ltr'><strong>Verbum,</strong></span> <span class='ocrx_word' id='word_1_552' title='bbox 2907 689 2951 733; x_wconf 89' lang='lat' dir='ltr'><strong>et</strong></span> <span class='ocrx_word' id='word_1_553' title='bbox 2985 677 3199 733; x_wconf 78' lang='lat' dir='ltr'><strong>Verbum</strong></span> <span class='ocrx_word' id='word_1_554' title='bbox 3219 691 3322 733; x_wconf 81' lang='lat' dir='ltr'><strong>erat</strong></span> <span class='ocrx_word' id='word_1_555' title='bbox 3351 683 3490 749; x_wconf 83' lang='lat' dir='ltr'><strong>apud</strong></span> 
     </span>
    </p>
   </div>
   <div class='ocr_carea' id='block_1_67' title="bbox 1907 765 3489 835">
    <p class='ocr_par' dir='ltr' id='par_1_67' title="bbox 1907 765 3489 835">
     <span class='ocr_line' id='line_1_67' title="bbox 1907 765 3489 835; baseline 0 -14"><span class='ocrx_word' id='word_1_556' title='bbox 1907 765 2094 831; x_wconf 79' lang='lat' dir='ltr'><strong>Deum,</strong></span> <span class='ocrx_word' id='word_1_557' title='bbox 2128 777 2175 822; x_wconf 89' lang='lat' dir='ltr'><strong>et</strong></span> <span class='ocrx_word' id='word_1_558' title='bbox 2204 767 2343 822; x_wconf 85' lang='lat' dir='ltr'><strong>Deus</strong></span> <span class='ocrx_word' id='word_1_559' title='bbox 2363 776 2468 822; x_wconf 77' lang='lat' dir='ltr'><strong>erat</strong></span> <span class='ocrx_word' id='word_1_560' title='bbox 2508 766 2740 822; x_wconf 76' lang='lat' dir='ltr'><strong>Verbum.</strong></span> <span class='ocrx_word' id='word_1_561' title='bbox 2767 768 2956 835; x_wconf 73' lang='lat' dir='ltr'><strong>Qna‘re</strong></span> <span class='ocrx_word' id='word_1_562' title='bbox 2983 770 3051 822; x_wconf 87' lang='lat' dir='ltr'><strong>ibi</strong></span> <span class='ocrx_word' id='word_1_563' title='bbox 3080 778 3323 823; x_wconf 83' lang='lat' dir='ltr'><strong>mortem.</strong></span> <span class='ocrx_word' id='word_1_564' title='bbox 3358 769 3489 826; x_wconf 79' lang='lat' dir='ltr'><strong>Ubi?</strong></span> 
     </span>
    </p>
   </div>
   <div class='ocr_carea' id='block_1_68' title="bbox 1907 858 3486 930">
    <p class='ocr_par' dir='ltr' id='par_1_68' title="bbox 1907 858 3486 930">
     <span class='ocr_line' id='line_1_68' title="bbox 1907 858 3486 930; baseline 0.001 -18"><span class='ocrx_word' id='word_1_565' title='bbox 1907 858 2088 914; x_wconf 87' lang='lat' dir='ltr'><strong>unde?</strong></span> <span class='ocrx_word' id='word_1_566' title='bbox 2111 859 2411 928; x_wconf 75' lang='lat' dir='ltr'><strong>quomodo?</strong></span> <span class='ocrx_word' id='word_1_567' title='bbox 2439 858 2565 913; x_wconf 86' lang='lat' dir='ltr'><strong>Erat</strong></span> <span class='ocrx_word' id='word_1_568' title='bbox 2588 858 2837 923; x_wconf 85' lang='lat' dir='ltr'><strong>Verbum,</strong></span> <span class='ocrx_word' id='word_1_569' title='bbox 2861 858 3095 913; x_wconf 69' lang='lat' dir='ltr'><strong>Verbum</strong></span> <span class='ocrx_word' id='word_1_570' title='bbox 3118 861 3252 930; x_wconf 86' lang='lat' dir='ltr'><strong>apud</strong></span> <span class='ocrx_word' id='word_1_571' title='bbox 3285 861 3448 915; x_wconf 82' lang='lat' dir='ltr'><strong>Deum</strong></span> <span class='ocrx_word' id='word_1_572' title='bbox 3472 903 3486 928; x_wconf 90' lang='lat'><strong>,</strong></span> 
     </span>
    </p>
   </div>
   <div class='ocr_carea' id='block_1_69' title="bbox 1910 947 3486 1022">
    <p class='ocr_par' dir='ltr' id='par_1_69' title="bbox 1910 947 3486 1022">
     <span class='ocr_line' id='line_1_69' title="bbox 1910 947 3486 1022; baseline 0 -18"><span class='ocrx_word' id='word_1_573' title='bbox 1910 948 2049 1004; x_wconf 91' lang='lat' dir='ltr'><strong>Deus</strong></span> <span class='ocrx_word' id='word_1_574' title='bbox 2078 949 2329 1004; x_wconf 85' lang='lat' dir='ltr'><strong>Verbum.</strong></span> <span class='ocrx_word' id='word_1_575' title='bbox 2373 947 2428 1005; x_wconf 91' lang='lat' dir='ltr'><strong>Si</strong></span> <span class='ocrx_word' id='word_1_576' title='bbox 2465 950 2668 1003; x_wconf 86' lang='lat' dir='ltr'><strong>invenis</strong></span> <span class='ocrx_word' id='word_1_577' title='bbox 2716 949 2787 1002; x_wconf 88' lang='lat' dir='ltr'><strong>ibi</strong></span> <span class='ocrx_word' id='word_1_578' title='bbox 2814 964 3027 1003; x_wconf 78' lang='lat' dir='ltr'><strong>carnem</strong></span> <span class='ocrx_word' id='word_1_579' title='bbox 3060 960 3113 1004; x_wconf 89' lang='lat' dir='ltr'><strong>et</strong></span> <span class='ocrx_word' id='word_1_580' title='bbox 3138 951 3447 1022; x_wconf 77' lang='lat' dir='ltr'><strong>sanguipcm</strong></span> <span class='ocrx_word' id='word_1_581' title='bbox 3472 993 3486 1012; x_wconf 89' lang='lat'><strong><em>.</em></strong></span> 
     </span>
    </p>
   </div>
   <div class='ocr_carea' id='block_1_70' title="bbox 1910 1039 3492 1112">
    <p class='ocr_par' dir='ltr' id='par_1_70' title="bbox 1910 1039 3492 1112">
     <span class='ocr_line' id='line_1_70' title="bbox 1910 1039 3492 1112; baseline 0.001 -16"><span class='ocrx_word' id='word_1_582' title='bbox 1910 1040 2115 1097; x_wconf 86' lang='lat' dir='ltr'><strong>invenis</strong></span> <span class='ocrx_word' id='word_1_583' title='bbox 2154 1051 2400 1096; x_wconf 81' lang='lat' dir='ltr'><strong>mortem.</strong></span> <span class='ocrx_word' id='word_1_584' title='bbox 2442 1041 2579 1112; x_wconf 80' lang='lat' dir='ltr'><strong>Ergo</strong></span> <span class='ocrx_word' id='word_1_585' title='bbox 2622 1039 2698 1094; x_wconf 87' lang='lat' dir='ltr'><strong>illi</strong></span> <span class='ocrx_word' id='word_1_586' title='bbox 2731 1039 2903 1096; x_wconf 80' lang='lat' dir='ltr'><strong>Verbo</strong></span> <span class='ocrx_word' id='word_1_587' title='bbox 2939 1041 3078 1096; x_wconf 92' lang='lat' dir='ltr'><strong>unde</strong></span> <span class='ocrx_word' id='word_1_588' title='bbox 3118 1042 3301 1096; x_wconf 82' lang='lat' dir='ltr'><strong>mors?</strong></span> <span class='ocrx_word' id='word_1_589' title='bbox 3327 1042 3492 1098; x_wconf 60' lang='lat' dir='ltr'><strong>Nabis</strong></span> 
     </span>
    </p>
   </div>
   <div class='ocr_carea' id='block_1_71' title="bbox 1910 1132 3487 1204">
    <p class='ocr_par' dir='ltr' id='par_1_71' title="bbox 1910 1132 3487 1204">
     <span class='ocr_line' id='line_1_71' title="bbox 1910 1132 3487 1204; baseline 0 -16"><span class='ocrx_word' id='word_1_590' title='bbox 1910 1143 2085 1189; x_wconf 87' lang='lat' dir='ltr'><strong>autem</strong></span> <span class='ocrx_word' id='word_1_591' title='bbox 2132 1132 2433 1189; x_wconf 85' lang='lat' dir='ltr'><strong>hominibus</strong></span> <span class='ocrx_word' id='word_1_592' title='bbox 2479 1135 2531 1188; x_wconf 90' lang='lat' dir='ltr'><strong>in</strong></span> <span class='ocrx_word' id='word_1_593' title='bbox 2572 1142 2713 1189; x_wconf 86' lang='lat' dir='ltr'><strong>terra</strong></span> <span class='ocrx_word' id='word_1_594' title='bbox 2752 1133 2968 1204; x_wconf 85' lang='lat' dir='ltr'><strong>positis,</strong></span> <span class='ocrx_word' id='word_1_595' title='bbox 2996 1135 3334 1199; x_wconf 87' lang='lat' dir='ltr'><strong>mortalibus,</strong></span> <span class='ocrx_word' id='word_1_596' title='bbox 3367 1151 3487 1191; x_wconf 86' lang='lat' dir='ltr'><strong>cor-</strong></span> 
     </span>
    </p>
   </div>
   <div class='ocr_carea' id='block_1_72' title="bbox 1908 1224 3487 1298">
    <p class='ocr_par' dir='ltr' id='par_1_72' title="bbox 1908 1224 3487 1298">
     <span class='ocr_line' id='line_1_72' title="bbox 1908 1224 3487 1298; baseline 0 -17"><span class='ocrx_word' id='word_1_597' title='bbox 1908 1225 2275 1298; x_wconf 83' lang='lat' dir='ltr'><strong>rnptibilibus,</strong></span> <span class='ocrx_word' id='word_1_598' title='bbox 2314 1225 2710 1295; x_wconf 83' lang='lat' dir='ltr'><strong>peccatoribus,</strong></span> <span class='ocrx_word' id='word_1_599' title='bbox 2742 1225 2882 1281; x_wconf 83' lang='lat' dir='ltr'><strong>unde</strong></span> <span class='ocrx_word' id='word_1_600' title='bbox 2923 1224 3068 1280; x_wconf 85' lang='lat' dir='ltr'><strong>vita?</strong></span> <span class='ocrx_word' id='word_1_601' title='bbox 3095 1224 3211 1281; x_wconf 82' lang='lat' dir='ltr'><strong>Non</strong></span> <span class='ocrx_word' id='word_1_602' title='bbox 3254 1238 3366 1281; x_wconf 88' lang='lat' dir='ltr'><strong>erat</strong></span> <span class='ocrx_word' id='word_1_603' title='bbox 3417 1227 3487 1282; x_wconf 94' lang='lat' dir='ltr'><strong>illi</strong></span> 
     </span>
    </p>
   </div>
   <div class='ocr_carea' id='block_1_73' title="bbox 1912 1316 3492 1382">
    <p class='ocr_par' dir='ltr' id='par_1_73' title="bbox 1912 1316 3492 1382">
     <span class='ocr_line' id='line_1_73' title="bbox 1912 1316 3492 1382; baseline -0.003 -11"><span class='ocrx_word' id='word_1_604' title='bbox 1912 1316 2050 1372; x_wconf 91' lang='lat' dir='ltr'><strong>unde</strong></span> <span class='ocrx_word' id='word_1_605' title='bbox 2081 1316 2301 1372; x_wconf 87' lang='lat' dir='ltr'><strong>haberet</strong></span> <span class='ocrx_word' id='word_1_606' title='bbox 2326 1326 2580 1382; x_wconf 88' lang='lat' dir='ltr'><strong>mortem;</strong></span> <span class='ocrx_word' id='word_1_607' title='bbox 2609 1332 2714 1370; x_wconf 90' lang='lat' dir='ltr'><strong>non</strong></span> <span class='ocrx_word' id='word_1_608' title='bbox 2755 1316 3081 1372; x_wconf 82' lang='lat' dir='ltr'><strong>habebamus</strong></span> <span class='ocrx_word' id='word_1_609' title='bbox 3109 1333 3205 1371; x_wconf 87' lang='lat' dir='ltr'><strong>nos</strong></span> <span class='ocrx_word' id='word_1_610' title='bbox 3239 1316 3377 1371; x_wconf 89' lang='lat' dir='ltr'><strong>unde</strong></span> <span class='ocrx_word' id='word_1_611' title='bbox 3399 1318 3492 1370; x_wconf 80' lang='lat' dir='ltr'><strong>ha-</strong></span> 
     </span>
    </p>
   </div>
   <div class='ocr_carea' id='block_1_74' title="bbox 1909 1406 3491 1478">
    <p class='ocr_par' dir='ltr' id='par_1_74' title="bbox 1909 1406 3491 1478">
     <span class='ocr_line' id='line_1_74' title="bbox 1909 1406 3491 1478; baseline -0.001 -16"><span class='ocrx_word' id='word_1_612' title='bbox 1909 1406 2157 1463; x_wconf 88' lang='lat' dir='ltr'><strong>beremus</strong></span> <span class='ocrx_word' id='word_1_613' title='bbox 2180 1408 2342 1465; x_wconf 85' lang='lat' dir='ltr'><strong>vitam</strong></span> <span class='ocrx_word' id='word_1_614' title='bbox 2368 1427 2382 1463; x_wconf 91' lang='lat'><strong>:</strong></span> <span class='ocrx_word' id='word_1_615' title='bbox 2405 1408 2608 1478; x_wconf 85' lang='lat' dir='ltr'><strong>accepit</strong></span> <span class='ocrx_word' id='word_1_616' title='bbox 2635 1406 2722 1462; x_wconf 91' lang='lat' dir='ltr'><strong>ille</strong></span> <span class='ocrx_word' id='word_1_617' title='bbox 2751 1416 2977 1464; x_wconf 88' lang='lat' dir='ltr'><strong>mortem</strong></span> <span class='ocrx_word' id='word_1_618' title='bbox 2998 1408 3064 1464; x_wconf 90' lang='lat' dir='ltr'><strong>de</strong></span> <span class='ocrx_word' id='word_1_619' title='bbox 3085 1419 3287 1473; x_wconf 89' lang='lat' dir='ltr'><strong>nostro,</strong></span> <span class='ocrx_word' id='word_1_620' title='bbox 3320 1418 3377 1463; x_wconf 89' lang='lat' dir='ltr'><strong>ut</strong></span> <span class='ocrx_word' id='word_1_621' title='bbox 3398 1409 3491 1463; x_wconf 75' lang='lat' dir='ltr'><strong>da-</strong></span> 
     </span>
    </p>
   </div>
   <div class='ocr_carea' id='block_1_75' title="bbox 1909 1500 3491 1569">
    <p class='ocr_par' dir='ltr' id='par_1_75' title="bbox 1909 1500 3491 1569">
     <span class='ocr_line' id='line_1_75' title="bbox 1909 1500 3491 1569; baseline 0.003 -14"><span class='ocrx_word' id='word_1_622' title='bbox 1909 1510 1989 1555; x_wconf 91' lang='lat' dir='ltr'><strong>rct</strong></span> <span class='ocrx_word' id='word_1_623' title='bbox 2032 1500 2183 1556; x_wconf 88' lang='lat' dir='ltr'><strong>nobis</strong></span> <span class='ocrx_word' id='word_1_624' title='bbox 2222 1501 2380 1556; x_wconf 89' lang='lat' dir='ltr'><strong>vitam</strong></span> <span class='ocrx_word' id='word_1_625' title='bbox 2423 1501 2492 1556; x_wconf 89' lang='lat' dir='ltr'><strong>de</strong></span> <span class='ocrx_word' id='word_1_626' title='bbox 2539 1517 2655 1557; x_wconf 93' lang='lat' dir='ltr'><strong>suo.</strong></span> <span class='ocrx_word' id='word_1_627' title='bbox 2701 1500 2982 1569; x_wconf 88' lang='lat' dir='ltr'><strong>Quomodo</strong></span> <span class='ocrx_word' id='word_1_628' title='bbox 3019 1502 3107 1558; x_wconf 90' lang='lat' dir='ltr'><strong>ille</strong></span> <span class='ocrx_word' id='word_1_629' title='bbox 3154 1512 3377 1557; x_wconf 87' lang='lat' dir='ltr'><strong>mortem</strong></span> <span class='ocrx_word' id='word_1_630' title='bbox 3423 1504 3491 1560; x_wconf 88' lang='lat' dir='ltr'><strong>de</strong></span> 
     </span>
    </p>
   </div>
   <div class='ocr_carea' id='block_1_76' title="bbox 1908 1590 3487 1667">
    <p class='ocr_par' dir='ltr' id='par_1_76' title="bbox 1908 1590 3487 1667">
     <span class='ocr_line' id='line_1_76' title="bbox 1908 1590 3487 1667; baseline 0.001 -19"><span class='ocrx_word' id='word_1_631' title='bbox 1908 1590 2126 1650; x_wconf 82' lang='lat' dir='ltr'><strong>nostro?</strong></span> <span class='ocrx_word' id='word_1_632' title='bbox 2156 1592 2371 1649; x_wconf 84' lang='lat' dir='ltr'><strong>Verbum</strong></span> <span class='ocrx_word' id='word_1_633' title='bbox 2395 1611 2511 1648; x_wconf 88' lang='lat' dir='ltr'><strong>caro</strong></span> <span class='ocrx_word' id='word_1_634' title='bbox 2539 1598 2727 1667; x_wconf 75' lang='lat' dir='ltr'><strong>factum</strong></span> <span class='ocrx_word' id='word_1_635' title='bbox 2754 1605 2860 1661; x_wconf 85' lang='lat' dir='ltr'><strong>est,</strong></span> <span class='ocrx_word' id='word_1_636' title='bbox 2892 1604 2938 1648; x_wconf 90' lang='lat' dir='ltr'><strong>et</strong></span> <span class='ocrx_word' id='word_1_637' title='bbox 2972 1593 3209 1649; x_wconf 84' lang='lat' dir='ltr'><strong>habitavit</strong></span> <span class='ocrx_word' id='word_1_638' title='bbox 3235 1595 3287 1650; x_wconf 89' lang='lat' dir='ltr'><strong>in</strong></span> <span class='ocrx_word' id='word_1_639' title='bbox 3327 1594 3487 1649; x_wconf 79' lang='lat' dir='ltr'><strong>trabis.</strong></span> 
     </span>
    </p>
   </div>
   <div class='ocr_carea' id='block_1_77' title="bbox 1909 1684 3483 1757">
    <p class='ocr_par' dir='ltr' id='par_1_77' title="bbox 1909 1684 3483 1757">
     <span class='ocr_line' id='line_1_77' title="bbox 1909 1684 3483 1757; baseline 0.002 -19"><span class='ocrx_word' id='word_1_640' title='bbox 1909 1685 2128 1753; x_wconf 80' lang='lat' dir='ltr'><strong>Accepit</strong></span> <span class='ocrx_word' id='word_1_641' title='bbox 2154 1684 2279 1739; x_wconf 91' lang='lat' dir='ltr'><strong>hinc</strong></span> <span class='ocrx_word' id='word_1_642' title='bbox 2314 1700 2344 1739; x_wconf 91' lang='lat' dir='ltr'><strong>a</strong></span> <span class='ocrx_word' id='word_1_643' title='bbox 2388 1685 2573 1751; x_wconf 90' lang='lat' dir='ltr'><strong>nobis,</strong></span> <span class='ocrx_word' id='word_1_644' title='bbox 2617 1685 2757 1755; x_wconf 91' lang='lat' dir='ltr'><strong>quod</strong></span> <span class='ocrx_word' id='word_1_645' title='bbox 2784 1685 2997 1741; x_wconf 86' lang='lat' dir='ltr'><strong>oll‘erret</strong></span> <span class='ocrx_word' id='word_1_646' title='bbox 3032 1701 3130 1757; x_wconf 91' lang='lat' dir='ltr'><strong>pro</strong></span> <span class='ocrx_word' id='word_1_647' title='bbox 3162 1686 3332 1740; x_wconf 80' lang='lat' dir='ltr'><strong>nobis.</strong></span> <span class='ocrx_word' id='word_1_648' title='bbox 3372 1686 3483 1741; x_wconf 86' lang='lat' dir='ltr'><strong>Vita</strong></span> 
     </span>
    </p>
   </div>
   <div class='ocr_carea' id='block_1_78' title="bbox 1908 1772 3486 1847">
    <p class='ocr_par' dir='ltr' id='par_1_78' title="bbox 1908 1772 3486 1847">
     <span class='ocr_line' id='line_1_78' title="bbox 1908 1772 3486 1847; baseline 0.002 -20"><span class='ocrx_word' id='word_1_649' title='bbox 1908 1783 2085 1828; x_wconf 87' lang='lat' dir='ltr'><strong>autem</strong></span> <span class='ocrx_word' id='word_1_650' title='bbox 2104 1774 2242 1829; x_wconf 89' lang='lat' dir='ltr'><strong>unde</strong></span> <span class='ocrx_word' id='word_1_651' title='bbox 2257 1773 2444 1829; x_wconf 74' lang='lat' dir='ltr'><strong>nobis?</strong></span> <span class='ocrx_word' id='word_1_652' title='bbox 2461 1772 2529 1828; x_wconf 86' lang='lat' dir='ltr'><strong>Et</strong></span> <span class='ocrx_word' id='word_1_653' title='bbox 2547 1775 2648 1829; x_wconf 85' lang='lat' dir='ltr'><strong>vita</strong></span> <span class='ocrx_word' id='word_1_654' title='bbox 2667 1783 2772 1828; x_wconf 91' lang='lat' dir='ltr'><strong>erat</strong></span> <span class='ocrx_word' id='word_1_655' title='bbox 2792 1775 2881 1830; x_wconf 73' lang='lat' dir='ltr'><strong>lux</strong></span> <span class='ocrx_word' id='word_1_656' title='bbox 2895 1775 3155 1829; x_wconf 82' lang='lat' dir='ltr'><strong>hominum</strong></span> <span class='ocrx_word' id='word_1_657' title='bbox 3179 1774 3353 1847; x_wconf 77' lang='lat' dir='ltr'><strong>(Ioan.</strong></span> <span class='ocrx_word' id='word_1_658' title='bbox 3380 1793 3416 1839; x_wconf 84' lang='grc' dir='ltr'><strong>ι,</strong></span> <span class='ocrx_word' id='word_1_659' title='bbox 3436 1778 3486 1840; x_wconf 87' lang='grc'><strong>1,</strong></span> 
     </span>
    </p>
   </div>
   <div class='ocr_carea' id='block_1_79' title="bbox 1908 1862 3490 1938">
    <p class='ocr_par' dir='ltr' id='par_1_79' title="bbox 1908 1862 3490 1938">
     <span class='ocr_line' id='line_1_79' title="bbox 1908 1862 3490 1938; baseline 0.001 -19"><span class='ocrx_word' id='word_1_660' title='bbox 1908 1862 2008 1931; x_wconf 69' lang='lat' dir='ltr'><strong>ll,</strong></span> <span class='ocrx_word' id='word_1_661' title='bbox 2042 1864 2120 1937; x_wconf 61' lang='lat' dir='ltr'><strong>tl).</strong></span> <span class='ocrx_word' id='word_1_662' title='bbox 2169 1864 2285 1935; x_wconf 87' lang='lat' dir='ltr'><strong>Ipse</strong></span> <span class='ocrx_word' id='word_1_663' title='bbox 2329 1865 2483 1922; x_wconf 89' lang='lat' dir='ltr'><strong>nobis</strong></span> <span class='ocrx_word' id='word_1_664' title='bbox 2512 1866 2649 1932; x_wconf 84' lang='lat' dir='ltr'><strong>vita,</strong></span> <span class='ocrx_word' id='word_1_665' title='bbox 2681 1881 2778 1922; x_wconf 91' lang='lat' dir='ltr'><strong>nos</strong></span> <span class='ocrx_word' id='word_1_666' title='bbox 2825 1867 2897 1921; x_wconf 89' lang='lat' dir='ltr'><strong>illi</strong></span> <span class='ocrx_word' id='word_1_667' title='bbox 2945 1882 3109 1923; x_wconf 87' lang='lat' dir='ltr'><strong>mors.</strong></span> <span class='ocrx_word' id='word_1_668' title='bbox 3160 1867 3264 1923; x_wconf 84' lang='lat' dir='ltr'><strong>Sed</strong></span> <span class='ocrx_word' id='word_1_669' title='bbox 3315 1870 3490 1938; x_wconf 83' lang='lat' dir='ltr'><strong>qualis</strong></span> 
     </span>
    </p>
   </div>
   <div class='ocr_carea' id='block_1_80' title="bbox 1908 1956 3491 2029">
    <p class='ocr_par' dir='ltr' id='par_1_80' title="bbox 1908 1956 3491 2029">
     <span class='ocr_line' id='line_1_80' title="bbox 1908 1956 3491 2029; baseline 0.002 -19"><span class='ocrx_word' id='word_1_670' title='bbox 1908 1956 2087 2012; x_wconf 81' lang='lat' dir='ltr'><strong>mors?</strong></span> <span class='ocrx_word' id='word_1_671' title='bbox 2133 1956 2478 2026; x_wconf 77' lang='lat' dir='ltr'><strong>Dignatione,</strong></span> <span class='ocrx_word' id='word_1_672' title='bbox 2530 1971 2634 2011; x_wconf 92' lang='lat' dir='ltr'><strong>non</strong></span> <span class='ocrx_word' id='word_1_673' title='bbox 2689 1957 3026 2023; x_wconf 89' lang='lat' dir='ltr'><strong>conditione;</strong></span> <span class='ocrx_word' id='word_1_674' title='bbox 3073 1960 3194 2028; x_wconf 86' lang='lat' dir='ltr'><strong>quia</strong></span> <span class='ocrx_word' id='word_1_675' title='bbox 3246 1958 3491 2029; x_wconf 77' lang='lat' dir='ltr'><strong>dignatus</strong></span> 
     </span>
    </p>
   </div>
   <div class='ocr_carea' id='block_1_81' title="bbox 1907 2046 3492 2122">
    <p class='ocr_par' dir='ltr' id='par_1_81' title="bbox 1907 2046 3492 2122">
     <span class='ocr_line' id='line_1_81' title="bbox 1907 2046 3492 2122; baseline 0.001 -21"><span class='ocrx_word' id='word_1_676' title='bbox 1907 2055 1989 2102; x_wconf 74' lang='lat' dir='ltr'><strong>est</strong></span> <span class='ocrx_word' id='word_1_677' title='bbox 2010 2088 2022 2108; x_wconf 87' lang='lat'><strong><em>.</em></strong></span> <span class='ocrx_word' id='word_1_678' title='bbox 2057 2046 2178 2119; x_wconf 88' lang='lat' dir='ltr'><strong>quia</strong></span> <span class='ocrx_word' id='word_1_679' title='bbox 2222 2047 2418 2115; x_wconf 89' lang='lat' dir='ltr'><strong>voluit,</strong></span> <span class='ocrx_word' id='word_1_680' title='bbox 2447 2048 2568 2118; x_wconf 88' lang='lat' dir='ltr'><strong>quia</strong></span> <span class='ocrx_word' id='word_1_681' title='bbox 2612 2048 2860 2103; x_wconf 83' lang='lat' dir='ltr'><strong>misertus</strong></span> <span class='ocrx_word' id='word_1_682' title='bbox 2896 2058 2978 2103; x_wconf 86' lang='lat' dir='ltr'><strong>est</strong></span> <span class='ocrx_word' id='word_1_683' title='bbox 3010 2065 3023 2103; x_wconf 88' lang='lat'><strong>:</strong></span> <span class='ocrx_word' id='word_1_684' title='bbox 3054 2058 3317 2122; x_wconf 82' lang='lat' dir='ltr'><strong>potestate</strong></span> <span class='ocrx_word' id='word_1_685' title='bbox 3350 2065 3492 2106; x_wconf 85' lang='lat' dir='ltr'><strong>mor-</strong></span> 
     </span>
    </p>
   </div>
   <div class='ocr_carea' id='block_1_82' title="bbox 1911 2135 3491 2211">
    <p class='ocr_par' dir='ltr' id='par_1_82' title="bbox 1911 2135 3491 2211">
     <span class='ocr_line' id='line_1_82' title="bbox 1911 2135 3491 2211; baseline 0.002 -20"><span class='ocrx_word' id='word_1_686' title='bbox 1911 2146 2031 2193; x_wconf 89' lang='lat' dir='ltr'><strong>tuus</strong></span> <span class='ocrx_word' id='word_1_687' title='bbox 2069 2144 2169 2193; x_wconf 81' lang='lat' dir='ltr'><strong>est.</strong></span> <span class='ocrx_word' id='word_1_688' title='bbox 2204 2135 2506 2194; x_wconf 79' lang='lat' dir='ltr'><strong>Potestatem</strong></span> <span class='ocrx_word' id='word_1_689' title='bbox 2527 2182 2542 2207; x_wconf 94' lang='lat'><strong>,</strong></span> <span class='ocrx_word' id='word_1_690' title='bbox 2580 2141 2777 2211; x_wconf 84' lang='lat' dir='ltr'><strong>inquit,</strong></span> <span class='ocrx_word' id='word_1_691' title='bbox 2809 2141 2965 2194; x_wconf 81' lang='lat' dir='ltr'><strong>habeo</strong></span> <span class='ocrx_word' id='word_1_692' title='bbox 3013 2140 3234 2209; x_wconf 83' lang='lat' dir='ltr'><strong>ponendi</strong></span> <span class='ocrx_word' id='word_1_693' title='bbox 3265 2142 3491 2195; x_wconf 84' lang='lat' dir='ltr'><strong>animam</strong></span> 
     </span>
    </p>
   </div>
   <div class='ocr_carea' id='block_1_83' title="bbox 1910 2231 3489 2304">
    <p class='ocr_par' dir='ltr' id='par_1_83' title="bbox 1910 2231 3489 2304">
     <span class='ocr_line' id='line_1_83' title="bbox 1910 2231 3489 2304; baseline 0.004 -22"><span class='ocrx_word' id='word_1_694' title='bbox 1910 2245 2104 2295; x_wconf 87' lang='lat' dir='ltr'><strong>meam,</strong></span> <span class='ocrx_word' id='word_1_695' title='bbox 2132 2239 2178 2284; x_wconf 90' lang='lat' dir='ltr'><strong>et</strong></span> <span class='ocrx_word' id='word_1_696' title='bbox 2214 2238 2505 2301; x_wconf 84' lang='lat' dir='ltr'><strong>potestatem</strong></span> <span class='ocrx_word' id='word_1_697' title='bbox 2543 2231 2701 2286; x_wconf 83' lang='lat' dir='ltr'><strong>habeo</strong></span> <span class='ocrx_word' id='word_1_698' title='bbox 2738 2232 2923 2287; x_wconf 83' lang='lat' dir='ltr'><strong>iterum</strong></span> <span class='ocrx_word' id='word_1_699' title='bbox 2956 2233 3189 2286; x_wconf 85' lang='lat' dir='ltr'><strong>sumendi</strong></span> <span class='ocrx_word' id='word_1_700' title='bbox 3224 2249 3334 2287; x_wconf 84' lang='lat' dir='ltr'><strong>eam</strong></span> <span class='ocrx_word' id='word_1_701' title='bbox 3378 2232 3489 2304; x_wconf 84' lang='lat' dir='ltr'><strong>(Id.</strong></span> 
     </span>
    </p>
   </div>
   <div class='ocr_carea' id='block_1_84' title="bbox 1908 2320 3492 2393">
    <p class='ocr_par' dir='ltr' id='par_1_84' title="bbox 1908 2320 3492 2393">
     <span class='ocr_line' id='line_1_84' title="bbox 1908 2320 3492 2393; baseline 0.003 -17"><span class='ocrx_word' id='word_1_702' title='bbox 1908 2337 1942 2376; x_wconf 76' lang='grc' dir='ltr'><strong>ι</strong></span> <span class='ocrx_word' id='word_1_703' title='bbox 1965 2364 1979 2388; x_wconf 90' lang='grc'><em>,</em></span> <span class='ocrx_word' id='word_1_704' title='bbox 2013 2320 2122 2392; x_wconf 87' lang='grc'><strong>18).</strong></span> <span class='ocrx_word' id='word_1_705' title='bbox 2157 2321 2268 2377; x_wconf 84' lang='lat' dir='ltr'><strong>Hoc</strong></span> <span class='ocrx_word' id='word_1_706' title='bbox 2294 2320 2482 2378; x_wconf 82' lang='lat' dir='ltr'><strong>Petrus</strong></span> <span class='ocrx_word' id='word_1_707' title='bbox 2520 2323 2821 2390; x_wconf 86' lang='lat' dir='ltr'><strong>nesciebat,</strong></span> <span class='ocrx_word' id='word_1_708' title='bbox 2847 2322 3058 2393; x_wconf 86' lang='lat' dir='ltr'><strong>quando</strong></span> <span class='ocrx_word' id='word_1_709' title='bbox 3100 2323 3278 2379; x_wconf 84' lang='lat' dir='ltr'><strong>audita</strong></span> <span class='ocrx_word' id='word_1_710' title='bbox 3320 2335 3492 2380; x_wconf 82' lang='lat' dir='ltr'><strong>morte</strong></span> 
     </span>
    </p>
   </div>
   <div class='ocr_carea' id='block_1_85' title="bbox 1910 2410 3493 2483">
    <p class='ocr_par' dir='ltr' id='par_1_85' title="bbox 1910 2410 3493 2483">
     <span class='ocr_line' id='line_1_85' title="bbox 1910 2410 3493 2483; baseline 0 -15"><span class='ocrx_word' id='word_1_711' title='bbox 1910 2412 2119 2468; x_wconf 84' lang='lat' dir='ltr'><strong>Domini</strong></span> <span class='ocrx_word' id='word_1_712' title='bbox 2146 2416 2376 2476; x_wconf 79' lang='lat' dir='ltr'><strong>expavit.</strong></span> <span class='ocrx_word' id='word_1_713' title='bbox 2416 2410 2522 2471; x_wconf 88' lang='lat' dir='ltr'><strong>Sed</strong></span> <span class='ocrx_word' id='word_1_714' title='bbox 2560 2430 2684 2470; x_wconf 81' lang='lat' dir='ltr'><strong>ecce</strong></span> <span class='ocrx_word' id='word_1_715' title='bbox 2709 2414 2818 2483; x_wconf 89' lang='lat' dir='ltr'><strong>jam</strong></span> <span class='ocrx_word' id='word_1_716' title='bbox 2863 2414 3068 2469; x_wconf 80' lang='lat' dir='ltr'><strong>dixerat</strong></span> <span class='ocrx_word' id='word_1_717' title='bbox 3100 2412 3359 2470; x_wconf 77' lang='lat' dir='ltr'><strong>Dominus</strong></span> <span class='ocrx_word' id='word_1_718' title='bbox 3380 2433 3493 2469; x_wconf 82' lang='lat' dir='ltr'><strong>tnu-</strong></span> 
     </span>
    </p>
   </div>
   <div class='ocr_carea' id='block_1_86' title="bbox 1910 2505 3494 2572">
    <p class='ocr_par' dir='ltr' id='par_1_86' title="bbox 1910 2505 3494 2572">
     <span class='ocr_line' id='line_1_86' title="bbox 1910 2505 3494 2572; baseline 0.001 -13"><span class='ocrx_word' id='word_1_719' title='bbox 1910 2506 2133 2559; x_wconf 89' lang='lat' dir='ltr'><strong>riturum</strong></span> <span class='ocrx_word' id='word_1_720' title='bbox 2162 2520 2253 2572; x_wconf 86' lang='lat' dir='ltr'><strong>se,</strong></span> <span class='ocrx_word' id='word_1_721' title='bbox 2286 2514 2340 2562; x_wconf 87' lang='lat' dir='ltr'><strong>et</strong></span> <span class='ocrx_word' id='word_1_722' title='bbox 2365 2514 2785 2562; x_wconf 86' lang='lat' dir='ltr'><strong>resurrecturum</strong></span> <span class='ocrx_word' id='word_1_723' title='bbox 2828 2506 2981 2561; x_wconf 87' lang='lat' dir='ltr'><strong>tertia</strong></span> <span class='ocrx_word' id='word_1_724' title='bbox 3014 2505 3118 2561; x_wconf 89' lang='lat' dir='ltr'><strong>die.</strong></span> <span class='ocrx_word' id='word_1_725' title='bbox 3148 2505 3367 2561; x_wconf 84' lang='lat' dir='ltr'><strong>Factum</strong></span> <span class='ocrx_word' id='word_1_726' title='bbox 3411 2517 3494 2561; x_wconf 81' lang='lat' dir='ltr'><strong>est</strong></span> 
     </span>
    </p>
   </div>
   <div class='ocr_carea' id='block_1_87' title="bbox 1908 2594 3488 2667">
    <p class='ocr_par' dir='ltr' id='par_1_87' title="bbox 1908 2594 3488 2667">
     <span class='ocr_line' id='line_1_87' title="bbox 1908 2594 3488 2667; baseline -0.001 -15"><span class='ocrx_word' id='word_1_727' title='bbox 1908 2599 2051 2667; x_wconf 87' lang='lat' dir='ltr'><strong>quod</strong></span> <span class='ocrx_word' id='word_1_728' title='bbox 2103 2597 2453 2667; x_wconf 59' lang='lat' dir='ltr'><strong>praedixerat,</strong></span> <span class='ocrx_word' id='word_1_729' title='bbox 2485 2607 2539 2652; x_wconf 92' lang='lat' dir='ltr'><strong>et</strong></span> <span class='ocrx_word' id='word_1_730' title='bbox 2579 2613 2684 2654; x_wconf 89' lang='lat' dir='ltr'><strong>non</strong></span> <span class='ocrx_word' id='word_1_731' title='bbox 2726 2595 3016 2652; x_wconf 83' lang='lat' dir='ltr'><strong>credebant</strong></span> <span class='ocrx_word' id='word_1_732' title='bbox 3059 2596 3158 2666; x_wconf 84' lang='lat' dir='ltr'><strong>qui</strong></span> <span class='ocrx_word' id='word_1_733' title='bbox 3193 2594 3488 2652; x_wconf 86' lang='lat' dir='ltr'><strong>audieram.</strong></span> 
     </span>
    </p>
   </div>
   <div class='ocr_carea' id='block_1_88' title="bbox 1911 2685 3492 2758">
    <p class='ocr_par' dir='ltr' id='par_1_88' title="bbox 1911 2685 3492 2758">
     <span class='ocr_line' id='line_1_88' title="bbox 1911 2685 3492 2758; baseline -0.002 -15"><span class='ocrx_word' id='word_1_734' title='bbox 1911 2685 2046 2744; x_wconf 86' lang='lat' dir='ltr'><strong>Ecce</strong></span> <span class='ocrx_word' id='word_1_735' title='bbox 2092 2688 2206 2758; x_wconf 88' lang='lat' dir='ltr'><strong>jam</strong></span> <span class='ocrx_word' id='word_1_736' title='bbox 2262 2688 2484 2743; x_wconf 84' lang='lat' dir='ltr'><strong>triduum</strong></span> <span class='ocrx_word' id='word_1_737' title='bbox 2536 2697 2641 2756; x_wconf 84' lang='lat' dir='ltr'><strong>est,</strong></span> <span class='ocrx_word' id='word_1_738' title='bbox 2683 2702 2747 2743; x_wconf 78' lang='lat' dir='ltr'><strong>ea:</strong></span> <span class='ocrx_word' id='word_1_739' title='bbox 2791 2704 2890 2757; x_wconf 86' lang='lat' dir='ltr'><strong>quo</strong></span> <span class='ocrx_word' id='word_1_740' title='bbox 2940 2687 3039 2740; x_wconf 78' lang='lat' dir='ltr'><strong>ista</strong></span> <span class='ocrx_word' id='word_1_741' title='bbox 3076 2687 3210 2756; x_wconf 78' lang='lat' dir='ltr'><strong>{aeta</strong></span> <span class='ocrx_word' id='word_1_742' title='bbox 3254 2697 3404 2749; x_wconf 85' lang='lat' dir='ltr'><strong>sunt;</strong></span> <span class='ocrx_word' id='word_1_743' title='bbox 3445 2697 3492 2742; x_wconf 86' lang='lat' dir='ltr'><strong>et</strong></span> 
     </span>
    </p>
   </div>
   <div class='ocr_carea' id='block_1_89' title="bbox 1908 2774 3493 2849">
    <p class='ocr_par' dir='ltr' id='par_1_89' title="bbox 1908 2774 3493 2849">
     <span class='ocr_line' id='line_1_89' title="bbox 1908 2774 3493 2849; baseline -0.001 -17"><span class='ocrx_word' id='word_1_744' title='bbox 1908 2795 2002 2832; x_wconf 83' lang='lat' dir='ltr'><strong>nos</strong></span> <span class='ocrx_word' id='word_1_745' title='bbox 2058 2777 2358 2849; x_wconf 79' lang='lat' dir='ltr'><strong>putabamus</strong></span> <span class='ocrx_word' id='word_1_746' title='bbox 2409 2778 2527 2848; x_wconf 84' lang='lat' dir='ltr'><strong>quia</strong></span> <span class='ocrx_word' id='word_1_747' title='bbox 2573 2777 2685 2848; x_wconf 85' lang='lat' dir='ltr'><strong>ipse</strong></span> <span class='ocrx_word' id='word_1_748' title='bbox 2743 2787 2869 2832; x_wconf 80' lang='lat' dir='ltr'><strong>esset</strong></span> <span class='ocrx_word' id='word_1_749' title='bbox 2922 2776 3275 2845; x_wconf 79' lang='lat' dir='ltr'><strong>redempturus</strong></span> <span class='ocrx_word' id='word_1_750' title='bbox 3327 2774 3493 2831; x_wconf 79' lang='lat' dir='ltr'><strong>Israel</strong></span> 
     </span>
    </p>
   </div>
   <div class='ocr_carea' id='block_1_90' title="bbox 1910 2864 3492 2941">
    <p class='ocr_par' dir='ltr' id='par_1_90' title="bbox 1910 2864 3492 2941">
     <span class='ocr_line' id='line_1_90' title="bbox 1910 2864 3492 2941; baseline -0.003 -17"><span class='ocrx_word' id='word_1_751' title='bbox 1910 2869 2079 2941; x_wconf 85' lang='lat' dir='ltr'><strong>(Luc.</strong></span> <span class='ocrx_word' id='word_1_752' title='bbox 2126 2885 2284 2935; x_wconf 85' lang='lat' dir='ltr'><strong>xxtv,</strong></span> <span class='ocrx_word' id='word_1_753' title='bbox 2311 2867 2443 2941; x_wconf 73' lang='grc'><strong>21).</strong></span> <span class='ocrx_word' id='word_1_754' title='bbox 2501 2868 2840 2940; x_wconf 87' lang='lat' dir='ltr'><strong>Sperabatis,</strong></span> <span class='ocrx_word' id='word_1_755' title='bbox 2878 2866 2988 2937; x_wconf 83' lang='lat' dir='ltr'><strong>jam</strong></span> <span class='ocrx_word' id='word_1_756' title='bbox 3049 2864 3381 2935; x_wconf 83' lang='lat' dir='ltr'><strong>desperatis?</strong></span> <span class='ocrx_word' id='word_1_757' title='bbox 3425 2866 3492 2920; x_wconf 90' lang='lat' dir='ltr'><strong>de</strong></span> 
     </span>
    </p>
   </div>
   <div class='ocr_carea' id='block_1_91' title="bbox 1911 2957 3489 3032">
    <p class='ocr_par' dir='ltr' id='par_1_91' title="bbox 1911 2957 3489 3032">
     <span class='ocr_line' id='line_1_91' title="bbox 1911 2957 3489 3032; baseline -0.003 -16"><span class='ocrx_word' id='word_1_758' title='bbox 1911 2976 2007 3032; x_wconf 83' lang='lat' dir='ltr'><strong>spe</strong></span> <span class='ocrx_word' id='word_1_759' title='bbox 2057 2961 2361 3019; x_wconf 82' lang='lat' dir='ltr'><strong>cecidistis?</strong></span> <span class='ocrx_word' id='word_1_760' title='bbox 2401 2960 2569 3016; x_wconf 88' lang='lat' dir='ltr'><strong>Levat</strong></span> <span class='ocrx_word' id='word_1_761' title='bbox 2612 2976 2707 3017; x_wconf 88' lang='lat' dir='ltr'><strong>vos</strong></span> <span class='ocrx_word' id='word_1_762' title='bbox 2756 2960 2844 3030; x_wconf 89' lang='lat' dir='ltr'><strong>qui</strong></span> <span class='ocrx_word' id='word_1_763' title='bbox 2902 2958 3173 3015; x_wconf 87' lang='lat' dir='ltr'><strong>vobiscum</strong></span> <span class='ocrx_word' id='word_1_764' title='bbox 3231 2957 3489 3012; x_wconf 87' lang='lat' dir='ltr'><strong>ambulat.</strong></span> 
     </span>
    </p>
   </div>
   <div class='ocr_carea' id='block_1_92' title="bbox 1911 3049 3487 3132">
    <p class='ocr_par' dir='ltr' id='par_1_92' title="bbox 1911 3049 3487 3132">
     <span class='ocr_line' id='line_1_92' title="bbox 1911 3049 3487 3132; baseline -0.006 -21"><span class='ocrx_word' id='word_1_765' title='bbox 1911 3055 2164 3127; x_wconf 90' lang='lat' dir='ltr'><strong>Discipuli</strong></span> <span class='ocrx_word' id='word_1_766' title='bbox 2190 3063 2361 3132; x_wconf 77' lang='lat' dir='ltr'><strong>erant,</strong></span> <span class='ocrx_word' id='word_1_767' title='bbox 2391 3053 2563 3124; x_wconf 88' lang='lat' dir='ltr'><strong>ipsum</strong></span> <span class='ocrx_word' id='word_1_768' title='bbox 2592 3052 2897 3117; x_wconf 87' lang='lat' dir='ltr'><strong>audierant,</strong></span> <span class='ocrx_word' id='word_1_769' title='bbox 2927 3066 3048 3105; x_wconf 89' lang='lat' dir='ltr'><strong>cum</strong></span> <span class='ocrx_word' id='word_1_770' title='bbox 3075 3049 3191 3120; x_wconf 86' lang='lat' dir='ltr'><strong>ipso</strong></span> <span class='ocrx_word' id='word_1_771' title='bbox 3220 3049 3487 3112; x_wconf 84' lang='lat' dir='ltr'><strong>vixerant,</strong></span> 
     </span>
    </p>
   </div>
   <div class='ocr_carea' id='block_1_93' title="bbox 1912 3142 3493 3220">
    <p class='ocr_par' dir='ltr' id='par_1_93' title="bbox 1912 3142 3493 3220">
     <span class='ocr_line' id='line_1_93' title="bbox 1912 3142 3493 3220; baseline -0.006 -17"><span class='ocrx_word' id='word_1_772' title='bbox 1912 3150 2223 3220; x_wconf 80' lang='lat' dir='ltr'><strong>magistrum</strong></span> <span class='ocrx_word' id='word_1_773' title='bbox 2254 3148 2427 3218; x_wconf 87' lang='lat' dir='ltr'><strong>ipsum</strong></span> <span class='ocrx_word' id='word_1_774' title='bbox 2448 3155 2733 3208; x_wconf 78' lang='lat' dir='ltr'><strong>noverant,</strong></span> <span class='ocrx_word' id='word_1_775' title='bbox 2757 3144 2824 3198; x_wconf 90' lang='lat' dir='ltr'><strong>ab</strong></span> <span class='ocrx_word' id='word_1_776' title='bbox 2852 3142 2943 3198; x_wconf 89' lang='lat' dir='ltr'><strong>illo</strong></span> <span class='ocrx_word' id='word_1_777' title='bbox 2970 3142 3209 3200; x_wconf 83' lang='lat' dir='ltr'><strong>instructi</strong></span> <span class='ocrx_word' id='word_1_778' title='bbox 3240 3151 3410 3206; x_wconf 88' lang='lat' dir='ltr'><strong>erant,</strong></span> <span class='ocrx_word' id='word_1_779' title='bbox 3438 3151 3493 3196; x_wconf 85' lang='lat' dir='ltr'><strong>et</strong></span> 
     </span>
    </p>
   </div>
   <div class='ocr_carea' id='block_1_94' title="bbox 1912 3230 3489 3309">
    <p class='ocr_par' dir='ltr' id='par_1_94' title="bbox 1912 3230 3489 3309">
     <span class='ocr_line' id='line_1_94' title="bbox 1912 3230 3489 3309; baseline -0.006 -15"><span class='ocrx_word' id='word_1_780' title='bbox 1912 3255 2016 3294; x_wconf 91' lang='lat' dir='ltr'><strong>non</strong></span> <span class='ocrx_word' id='word_1_781' title='bbox 2043 3247 2331 3309; x_wconf 83' lang='lat' dir='ltr'><strong>potuerunt</strong></span> <span class='ocrx_word' id='word_1_782' title='bbox 2358 3237 2550 3292; x_wconf 84' lang='lat' dir='ltr'><strong>imitari</strong></span> <span class='ocrx_word' id='word_1_783' title='bbox 2592 3246 2644 3291; x_wconf 86' lang='lat' dir='ltr'><strong>et</strong></span> <span class='ocrx_word' id='word_1_784' title='bbox 2684 3233 2881 3290; x_wconf 85' lang='lat' dir='ltr'><strong>habere</strong></span> <span class='ocrx_word' id='word_1_785' title='bbox 2926 3230 3084 3287; x_wconf 78' lang='lat' dir='ltr'><strong>ﬁdem</strong></span> <span class='ocrx_word' id='word_1_786' title='bbox 3114 3231 3331 3286; x_wconf 90' lang='lat' dir='ltr'><strong>latronis</strong></span> <span class='ocrx_word' id='word_1_787' title='bbox 3360 3244 3489 3302; x_wconf 65' lang='grc' dir='ltr'><strong>ναις</strong></span> 
     </span>
    </p>
   </div>
   <div class='ocr_carea' id='block_1_95' title="bbox 1910 3329 2395 3387">
    <p class='ocr_par' dir='ltr' id='par_1_95' title="bbox 1910 3329 2395 3387">
     <span class='ocr_line' id='line_1_95' title="bbox 1910 3329 2395 3387; baseline -0.004 -1"><span class='ocrx_word' id='word_1_788' title='bbox 1910 3330 2084 3387; x_wconf 82' lang='lat' dir='ltr'><strong>dentis</strong></span> <span class='ocrx_word' id='word_1_789' title='bbox 2109 3330 2161 3385; x_wconf 92' lang='lat' dir='ltr'><strong>in</strong></span> <span class='ocrx_word' id='word_1_790' title='bbox 2188 3344 2345 3385; x_wconf 85' lang='lat' dir='ltr'><strong>cruce</strong></span> <span class='ocrx_word' id='word_1_791' title='bbox 2365 3329 2395 3384; x_wconf 74' lang='lat' dir='ltr'><strong>l‘</strong></span> 
     </span>
    </p>
   </div>
   <div class='ocr_carea' id='block_1_96' title="bbox 1982 3441 3489 3510">
    <p class='ocr_par' dir='ltr' id='par_1_96' title="bbox 1982 3441 3489 3510">
     <span class='ocr_line' id='line_1_96' title="bbox 1982 3441 3489 3510; baseline -0.011 -7"><span class='ocrx_word' id='word_1_792' title='bbox 1982 3445 2206 3503; x_wconf 62' lang='lat' dir='ltr'><strong>CAPUT</strong></span> <span class='ocrx_word' id='word_1_793' title='bbox 2237 3444 2322 3498; x_wconf 76' lang='lat' dir='ltr'><strong>Vl.</strong></span> <span class='ocrx_word' id='word_1_794' title='bbox 2350 3472 2419 3485; x_wconf 90' lang='lat'><strong>——</strong></span> <span class='ocrx_word' id='word_1_795' title='bbox 2439 3443 2491 3499; x_wconf 88' lang='lat'><strong>6.</strong></span> <span class='ocrx_word' id='word_1_796' title='bbox 2522 3442 2758 3498; x_wconf 76' lang='lat' dir='ltr'><strong>Latronis</strong></span> <span class='ocrx_word' id='word_1_797' title='bbox 2785 3441 2911 3510; x_wconf 79' lang='lat' dir='ltr'><strong>ﬁdes</strong></span> <span class='ocrx_word' id='word_1_798' title='bbox 2939 3454 3089 3507; x_wconf 86' lang='lat' dir='ltr'><strong>quam</strong></span> <span class='ocrx_word' id='word_1_799' title='bbox 3133 3455 3314 3508; x_wconf 83' lang='lat' dir='ltr'><strong>magna</strong></span> <span class='ocrx_word' id='word_1_800' title='bbox 3334 3478 3348 3502; x_wconf 93' lang='lat'><strong>,</strong></span> <span class='ocrx_word' id='word_1_801' title='bbox 3376 3453 3489 3489; x_wconf 77' lang='lat' dir='ltr'><strong>eum</strong></span> 
     </span>
    </p>
   </div>
   <div class='ocr_carea' id='block_1_97' title="bbox 1918 3527 3493 3607">
    <p class='ocr_par' dir='ltr' id='par_1_97' title="bbox 1918 3527 3493 3607">
     <span class='ocr_line' id='line_1_97' title="bbox 1918 3527 3493 3607; baseline -0.008 -14"><span class='ocrx_word' id='word_1_802' title='bbox 1918 3541 2131 3594; x_wconf 83' lang='lat' dir='ltr'><strong>titubant</strong></span> <span class='ocrx_word' id='word_1_803' title='bbox 2188 3535 2442 3607; x_wconf 81' lang='lat' dir='ltr'><strong>discipuli.</strong></span> <span class='ocrx_word' id='word_1_804' title='bbox 2473 3534 2577 3589; x_wconf 87' lang='lat' dir='ltr'><strong>Sed</strong></span> <span class='ocrx_word' id='word_1_805' title='bbox 2627 3533 2762 3588; x_wconf 82' lang='lat' dir='ltr'><strong>forte</strong></span> <span class='ocrx_word' id='word_1_806' title='bbox 2789 3531 2948 3600; x_wconf 85' lang='lat' dir='ltr'><strong>aliqui</strong></span> <span class='ocrx_word' id='word_1_807' title='bbox 2980 3537 3211 3584; x_wconf 88' lang='lat' dir='ltr'><strong>vestrum</strong></span> <span class='ocrx_word' id='word_1_808' title='bbox 3252 3527 3493 3581; x_wconf 70' lang='lat' dir='ltr'><strong>ltcs‘t‘ltlttl</strong></span> 
     </span>
    </p>
   </div>
   <div class='ocr_carea' id='block_1_98' title="bbox 1910 3620 3492 3701">
    <p class='ocr_par' dir='ltr' id='par_1_98' title="bbox 1910 3620 3492 3701">
     <span class='ocr_line' id='line_1_98' title="bbox 1910 3620 3492 3701; baseline -0.012 -14"><span class='ocrx_word' id='word_1_809' title='bbox 1910 3630 2050 3701; x_wconf 84' lang='lat' dir='ltr'><strong>quod</strong></span> <span class='ocrx_word' id='word_1_810' title='bbox 2073 3628 2179 3684; x_wconf 84' lang='lat' dir='ltr'><strong>dixi</strong></span> <span class='ocrx_word' id='word_1_811' title='bbox 2208 3628 2277 3681; x_wconf 91' lang='lat' dir='ltr'><strong>de</strong></span> <span class='ocrx_word' id='word_1_812' title='bbox 2307 3629 2534 3692; x_wconf 85' lang='lat' dir='ltr'><strong>latrone,</strong></span> <span class='ocrx_word' id='word_1_813' title='bbox 2561 3639 2666 3680; x_wconf 90' lang='lat' dir='ltr'><strong>non</strong></span> <span class='ocrx_word' id='word_1_814' title='bbox 2696 3621 2960 3677; x_wconf 88' lang='lat' dir='ltr'><strong>audiendo</strong></span> <span class='ocrx_word' id='word_1_815' title='bbox 2980 3620 3280 3690; x_wconf 85' lang='lat' dir='ltr'><strong>passionem</strong></span> <span class='ocrx_word' id='word_1_816' title='bbox 3302 3632 3492 3671; x_wconf 75' lang='lat' dir='ltr'><strong>secun-</strong></span> 
     </span>
    </p>
   </div>
   <div class='ocr_carea' id='block_1_99' title="bbox 1910 3709 3491 3787">
    <p class='ocr_par' dir='ltr' id='par_1_99' title="bbox 1910 3709 3491 3787">
     <span class='ocr_line' id='line_1_99' title="bbox 1910 3709 3491 3787; baseline -0.011 -8"><span class='ocrx_word' id='word_1_817' title='bbox 1910 3724 2037 3779; x_wconf 84' lang='lat' dir='ltr'><strong>dum</strong></span> <span class='ocrx_word' id='word_1_818' title='bbox 2067 3734 2255 3775; x_wconf 87' lang='lat' dir='ltr'><strong>omnes</strong></span> <span class='ocrx_word' id='word_1_819' title='bbox 2278 3716 2661 3787; x_wconf 78' lang='lat' dir='ltr'><strong>Evangelistas.</strong></span> <span class='ocrx_word' id='word_1_820' title='bbox 2691 3714 2795 3770; x_wconf 81' lang='lat' dir='ltr'><strong>lste</strong></span> <span class='ocrx_word' id='word_1_821' title='bbox 2818 3712 2959 3767; x_wconf 87' lang='lat' dir='ltr'><strong>enim</strong></span> <span class='ocrx_word' id='word_1_822' title='bbox 2977 3710 3294 3780; x_wconf 80' lang='lat' dir='ltr'><strong>evangelista</strong></span> <span class='ocrx_word' id='word_1_823' title='bbox 3324 3709 3491 3766; x_wconf 75' lang='lat' dir='ltr'><strong>Lucas</strong></span> 
     </span>
    </p>
   </div>
   <div class='ocr_carea' id='block_1_100' title="bbox 1912 3796 3493 3882">
    <p class='ocr_par' dir='ltr' id='par_1_100' title="bbox 1912 3796 3493 3882">
     <span class='ocr_line' id='line_1_100' title="bbox 1912 3796 3493 3882; baseline -0.013 -13"><span class='ocrx_word' id='word_1_824' title='bbox 1912 3812 2150 3869; x_wconf 84' lang='lat' dir='ltr'><strong>narravit</strong></span> <span class='ocrx_word' id='word_1_825' title='bbox 2190 3808 2332 3882; x_wconf 91' lang='lat' dir='ltr'><strong>quod</strong></span> <span class='ocrx_word' id='word_1_826' title='bbox 2376 3809 2518 3864; x_wconf 89' lang='lat' dir='ltr'><strong>dico.</strong></span> <span class='ocrx_word' id='word_1_827' title='bbox 2561 3805 2693 3875; x_wconf 85' lang='lat' dir='ltr'><strong>Quia</strong></span> <span class='ocrx_word' id='word_1_828' title='bbox 2721 3805 2827 3860; x_wconf 91' lang='lat' dir='ltr'><strong>duo</strong></span> <span class='ocrx_word' id='word_1_829' title='bbox 2854 3803 3090 3858; x_wconf 88' lang='lat' dir='ltr'><strong>latrones</strong></span> <span class='ocrx_word' id='word_1_830' title='bbox 3113 3796 3346 3857; x_wconf 76' lang='lat' dir='ltr'><strong>crucifixi</strong></span> <span class='ocrx_word' id='word_1_831' title='bbox 3371 3808 3493 3851; x_wconf 90' lang='lat' dir='ltr'><strong>sunt</strong></span> 
     </span>
    </p>
   </div>
   <div class='ocr_carea' id='block_1_101' title="bbox 1912 3890 3492 3970">
    <p class='ocr_par' dir='ltr' id='par_1_101' title="bbox 1912 3890 3492 3970">
     <span class='ocr_line' id='line_1_101' title="bbox 1912 3890 3492 3970; baseline -0.013 -7"><span class='ocrx_word' id='word_1_832' title='bbox 1912 3923 2032 3964; x_wconf 91' lang='lat' dir='ltr'><strong>cum</strong></span> <span class='ocrx_word' id='word_1_833' title='bbox 2052 3905 2290 3970; x_wconf 87' lang='lat' dir='ltr'><strong>Christo,</strong></span> <span class='ocrx_word' id='word_1_834' title='bbox 2310 3902 2442 3957; x_wconf 78' lang='lat' dir='ltr'><strong>dixit</strong></span> <span class='ocrx_word' id='word_1_835' title='bbox 2457 3902 2559 3956; x_wconf 89' lang='lat' dir='ltr'><strong>hoc</strong></span> <span class='ocrx_word' id='word_1_836' title='bbox 2576 3912 2630 3957; x_wconf 85' lang='lat' dir='ltr'><strong>et</strong></span> <span class='ocrx_word' id='word_1_837' title='bbox 2651 3897 2930 3954; x_wconf 71' lang='lat' dir='ltr'><strong>Mattlurus</strong></span> <span class='ocrx_word' id='word_1_838' title='bbox 2946 3893 3159 3964; x_wconf 76' lang='lat' dir='ltr'><strong>(Matth.</strong></span> <span class='ocrx_word' id='word_1_839' title='bbox 3180 3908 3345 3958; x_wconf 76' lang='lat' dir='ltr'><strong>xxvn,</strong></span> <span class='ocrx_word' id='word_1_840' title='bbox 3364 3890 3492 3961; x_wconf 75' lang='lat'><strong>38)?</strong></span> 
     </span>
    </p>
   </div>
   <div class='ocr_carea' id='block_1_102' title="bbox 1913 3985 3495 4061">
    <p class='ocr_par' dir='ltr' id='par_1_102' title="bbox 1913 3985 3495 4061">
     <span class='ocr_line' id='line_1_102' title="bbox 1913 3985 3495 4061; baseline -0.01 -9"><span class='ocrx_word' id='word_1_841' title='bbox 1913 3997 2007 4052; x_wconf 87' lang='lat' dir='ltr'><strong>sed</strong></span> <span class='ocrx_word' id='word_1_842' title='bbox 2038 4009 2174 4050; x_wconf 90' lang='lat' dir='ltr'><strong>unus</strong></span> <span class='ocrx_word' id='word_1_843' title='bbox 2197 4008 2383 4050; x_wconf 86' lang='lat' dir='ltr'><strong>eorum</strong></span> <span class='ocrx_word' id='word_1_844' title='bbox 2412 3993 2677 4048; x_wconf 87' lang='lat' dir='ltr'><strong>latronum</strong></span> <span class='ocrx_word' id='word_1_845' title='bbox 2707 3989 2828 4061; x_wconf 86' lang='lat' dir='ltr'><strong>quia</strong></span> <span class='ocrx_word' id='word_1_846' title='bbox 2857 3985 3129 4042; x_wconf 82' lang='lat' dir='ltr'><strong>insultavit</strong></span> <span class='ocrx_word' id='word_1_847' title='bbox 3156 3985 3408 4048; x_wconf 87' lang='lat' dir='ltr'><strong>Domino,</strong></span> <span class='ocrx_word' id='word_1_848' title='bbox 3438 3993 3495 4037; x_wconf 83' lang='lat' dir='ltr'><strong>et</strong></span> 
     </span>
    </p>
   </div>
   <div class='ocr_carea' id='block_1_103' title="bbox 1914 4077 3493 4155">
    <p class='ocr_par' dir='ltr' id='par_1_103' title="bbox 1914 4077 3493 4155">
     <span class='ocr_line' id='line_1_103' title="bbox 1914 4077 3493 4155; baseline -0.006 -13"><span class='ocrx_word' id='word_1_849' title='bbox 1914 4087 2047 4142; x_wconf 88' lang='lat' dir='ltr'><strong>alter</strong></span> <span class='ocrx_word' id='word_1_850' title='bbox 2069 4101 2252 4141; x_wconf 89' lang='lat' dir='ltr'><strong>eorum</strong></span> <span class='ocrx_word' id='word_1_851' title='bbox 2277 4083 2400 4155; x_wconf 90' lang='lat' dir='ltr'><strong>quia</strong></span> <span class='ocrx_word' id='word_1_852' title='bbox 2427 4081 2653 4138; x_wconf 88' lang='lat' dir='ltr'><strong>credidit</strong></span> <span class='ocrx_word' id='word_1_853' title='bbox 2680 4080 2733 4136; x_wconf 93' lang='lat' dir='ltr'><strong>in</strong></span> <span class='ocrx_word' id='word_1_854' title='bbox 2761 4078 3054 4144; x_wconf 89' lang='lat' dir='ltr'><strong>Christum,</strong></span> <span class='ocrx_word' id='word_1_855' title='bbox 3083 4077 3357 4132; x_wconf 76' lang='lat' dir='ltr'><strong>Manlia-ns</strong></span> <span class='ocrx_word' id='word_1_856' title='bbox 3388 4092 3493 4134; x_wconf 86' lang='lat' dir='ltr'><strong>non</strong></span> 
     </span>
    </p>
   </div>
   <div class='ocr_carea' id='block_1_104' title="bbox 1911 4168 3492 4241">
    <p class='ocr_par' dir='ltr' id='par_1_104' title="bbox 1911 4168 3492 4241">
     <span class='ocr_line' id='line_1_104' title="bbox 1911 4168 3492 4241; baseline -0.007 -8"><span class='ocrx_word' id='word_1_857' title='bbox 1911 4177 2082 4241; x_wconf 78' lang='lat' dir='ltr'><strong>dixit,</strong></span> <span class='ocrx_word' id='word_1_858' title='bbox 2123 4175 2295 4232; x_wconf 77' lang='lat' dir='ltr'><strong>Lucas</strong></span> <span class='ocrx_word' id='word_1_859' title='bbox 2324 4173 2477 4229; x_wconf 73' lang='lat' dir='ltr'><strong>dixit.</strong></span> <span class='ocrx_word' id='word_1_860' title='bbox 2506 4171 2825 4227; x_wconf 74' lang='lat' dir='ltr'><strong>Recolamns</strong></span> <span class='ocrx_word' id='word_1_861' title='bbox 2852 4169 3009 4224; x_wconf 78' lang='lat' dir='ltr'><strong>tidem</strong></span> <span class='ocrx_word' id='word_1_862' title='bbox 3051 4168 3271 4223; x_wconf 88' lang='lat' dir='ltr'><strong>latronis</strong></span> <span class='ocrx_word' id='word_1_863' title='bbox 3291 4210 3306 4233; x_wconf 90' lang='lat'><strong>,</strong></span> <span class='ocrx_word' id='word_1_864' title='bbox 3335 4185 3492 4238; x_wconf 87' lang='lat' dir='ltr'><strong>quam</strong></span> 
     </span>
    </p>
   </div>
   <div class='ocr_carea' id='block_1_105' title="bbox 1912 4260 3495 4340">
    <p class='ocr_par' dir='ltr' id='par_1_105' title="bbox 1912 4260 3495 4340">
     <span class='ocr_line' id='line_1_105' title="bbox 1912 4260 3495 4340; baseline -0.008 -8"><span class='ocrx_word' id='word_1_865' title='bbox 1912 4291 2019 4332; x_wconf 87' lang='lat' dir='ltr'><strong>non</strong></span> <span class='ocrx_word' id='word_1_866' title='bbox 2047 4272 2250 4328; x_wconf 85' lang='lat' dir='ltr'><strong>invenit</strong></span> <span class='ocrx_word' id='word_1_867' title='bbox 2270 4269 2514 4327; x_wconf 85' lang='lat' dir='ltr'><strong>Christus</strong></span> <span class='ocrx_word' id='word_1_868' title='bbox 2536 4277 2658 4340; x_wconf 88' lang='lat' dir='ltr'><strong>post</strong></span> <span class='ocrx_word' id='word_1_869' title='bbox 2679 4260 3121 4321; x_wconf 55' lang='lat' dir='ltr'><strong>resurrectionem</strong></span> <span class='ocrx_word' id='word_1_870' title='bbox 3149 4263 3201 4317; x_wconf 92' lang='lat' dir='ltr'><strong>in</strong></span> <span class='ocrx_word' id='word_1_871' title='bbox 3222 4262 3495 4333; x_wconf 82' lang='lat' dir='ltr'><strong>discipulis</strong></span> 
     </span>
    </p>
   </div>
   <div class='ocr_carea' id='block_1_106' title="bbox 1910 4354 3491 4426">
    <p class='ocr_par' dir='ltr' id='par_1_106' title="bbox 1910 4354 3491 4426">
     <span class='ocr_line' id='line_1_106' title="bbox 1910 4354 3491 4426; baseline -0.009 -3"><span class='ocrx_word' id='word_1_872' title='bbox 1910 4367 2042 4423; x_wconf 85' lang='lat' dir='ltr'><strong>suis.</strong></span> <span class='ocrx_word' id='word_1_873' title='bbox 2071 4363 2343 4421; x_wconf 87' lang='lat' dir='ltr'><strong>Pendebat</strong></span> <span class='ocrx_word' id='word_1_874' title='bbox 2369 4363 2421 4416; x_wconf 92' lang='lat' dir='ltr'><strong>in</strong></span> <span class='ocrx_word' id='word_1_875' title='bbox 2448 4375 2609 4415; x_wconf 89' lang='lat' dir='ltr'><strong>cruce</strong></span> <span class='ocrx_word' id='word_1_876' title='bbox 2637 4358 2909 4421; x_wconf 84' lang='lat' dir='ltr'><strong>Christus,</strong></span> <span class='ocrx_word' id='word_1_877' title='bbox 2937 4354 3200 4426; x_wconf 88' lang='lat' dir='ltr'><strong>pendebat</strong></span> <span class='ocrx_word' id='word_1_878' title='bbox 3228 4364 3281 4410; x_wconf 92' lang='lat' dir='ltr'><strong>et</strong></span> <span class='ocrx_word' id='word_1_879' title='bbox 3321 4355 3454 4410; x_wconf 86' lang='lat' dir='ltr'><strong>latro</strong></span> <span class='ocrx_word' id='word_1_880' title='bbox 3478 4373 3491 4409; x_wconf 89' lang='lat'><strong>:</strong></span> 
     </span>
    </p>
   </div>
   <div class='ocr_carea' id='block_1_107' title="bbox 1915 4445 3497 4518">
    <p class='ocr_par' dir='ltr' id='par_1_107' title="bbox 1915 4445 3497 4518">
     <span class='ocr_line' id='line_1_107' title="bbox 1915 4445 3497 4518; baseline -0.008 -5"><span class='ocrx_word' id='word_1_881' title='bbox 1915 4460 1967 4513; x_wconf 91' lang='lat' dir='ltr'><strong>in</strong></span> <span class='ocrx_word' id='word_1_882' title='bbox 1994 4456 2173 4512; x_wconf 87' lang='lat' dir='ltr'><strong>medio</strong></span> <span class='ocrx_word' id='word_1_883' title='bbox 2198 4454 2325 4518; x_wconf 86' lang='lat' dir='ltr'><strong>ille,</strong></span> <span class='ocrx_word' id='word_1_884' title='bbox 2354 4452 2429 4507; x_wconf 90' lang='lat' dir='ltr'><strong>illi</strong></span> <span class='ocrx_word' id='word_1_885' title='bbox 2470 4467 2500 4506; x_wconf 89' lang='lat' dir='ltr'><strong>a</strong></span> <span class='ocrx_word' id='word_1_886' title='bbox 2546 4448 2818 4505; x_wconf 79' lang='lat' dir='ltr'><strong>lateribus.</strong></span> <span class='ocrx_word' id='word_1_887' title='bbox 2870 4446 3094 4502; x_wconf 88' lang='lat' dir='ltr'><strong>lnsultat</strong></span> <span class='ocrx_word' id='word_1_888' title='bbox 3139 4461 3301 4508; x_wconf 81' lang='lat' dir='ltr'><strong>unus,</strong></span> <span class='ocrx_word' id='word_1_889' title='bbox 3329 4445 3497 4501; x_wconf 72' lang='lat' dir='ltr'><strong>credit</strong></span> 
     </span>
    </p>
   </div>
   <div class='ocr_carea' id='block_1_108' title="bbox 1910 4536 3493 4616">
    <p class='ocr_par' dir='ltr' id='par_1_108' title="bbox 1910 4536 3493 4616">
     <span class='ocr_line' id='line_1_108' title="bbox 1910 4536 3493 4616; baseline -0.006 -14"><span class='ocrx_word' id='word_1_890' title='bbox 1910 4549 2066 4610; x_wconf 82' lang='lat' dir='ltr'><strong>alter,</strong></span> <span class='ocrx_word' id='word_1_891' title='bbox 2094 4545 2299 4616; x_wconf 82' lang='lat' dir='ltr'><strong>judicat</strong></span> <span class='ocrx_word' id='word_1_892' title='bbox 2343 4543 2549 4597; x_wconf 77' lang='lat' dir='ltr'><strong>medius</strong></span> <span class='ocrx_word' id='word_1_893' title='bbox 2597 4542 2701 4596; x_wconf 89' lang='lat' dir='ltr'><strong>ille.</strong></span> <span class='ocrx_word' id='word_1_894' title='bbox 2738 4540 2831 4594; x_wconf 90' lang='lat' dir='ltr'><strong>llle</strong></span> <span class='ocrx_word' id='word_1_895' title='bbox 2876 4539 3017 4593; x_wconf 89' lang='lat' dir='ltr'><strong>enim</strong></span> <span class='ocrx_word' id='word_1_896' title='bbox 3043 4536 3133 4607; x_wconf 88' lang='lat' dir='ltr'><strong>qui</strong></span> <span class='ocrx_word' id='word_1_897' title='bbox 3177 4536 3493 4602; x_wconf 82' lang='lat' dir='ltr'><strong>insultabat,</strong></span> 
     </span>
    </p>
   </div>
   <div class='ocr_carea' id='block_1_109' title="bbox 1914 4627 3494 4697">
    <p class='ocr_par' dir='ltr' id='par_1_109' title="bbox 1914 4627 3494 4697">
     <span class='ocr_line' id='line_1_109' title="bbox 1914 4627 3494 4697; baseline -0.009 -2"><span class='ocrx_word' id='word_1_898' title='bbox 1914 4641 2018 4696; x_wconf 91' lang='lat' dir='ltr'><strong>hoc</strong></span> <span class='ocrx_word' id='word_1_899' title='bbox 2043 4639 2175 4694; x_wconf 80' lang='lat' dir='ltr'><strong>dixit</strong></span> <span class='ocrx_word' id='word_1_900' title='bbox 2203 4656 2217 4694; x_wconf 90' lang='lat'><strong>:</strong></span> <span class='ocrx_word' id='word_1_901' title='bbox 2249 4637 2310 4693; x_wconf 86' lang='lat' dir='ltr'><strong>Si</strong></span> <span class='ocrx_word' id='word_1_902' title='bbox 2331 4635 2499 4690; x_wconf 79' lang='lat' dir='ltr'><strong>Filius</strong></span> <span class='ocrx_word' id='word_1_903' title='bbox 2538 4633 2638 4689; x_wconf 87' lang='lat' dir='ltr'><strong>Dei</strong></span> <span class='ocrx_word' id='word_1_904' title='bbox 2660 4650 2743 4697; x_wconf 85' lang='lat' dir='ltr'><strong>es,</strong></span> <span class='ocrx_word' id='word_1_905' title='bbox 2776 4631 2931 4686; x_wconf 75' lang='lat' dir='ltr'><strong>libera</strong></span> <span class='ocrx_word' id='word_1_906' title='bbox 2957 4639 3022 4684; x_wconf 91' lang='lat' dir='ltr'><strong>te.</strong></span> <span class='ocrx_word' id='word_1_907' title='bbox 3053 4628 3120 4684; x_wconf 86' lang='lat' dir='ltr'><strong>Et</strong></span> <span class='ocrx_word' id='word_1_908' title='bbox 3145 4628 3282 4684; x_wconf 87' lang='lat' dir='ltr'><strong>alius</strong></span> <span class='ocrx_word' id='word_1_909' title='bbox 3322 4627 3388 4683; x_wconf 90' lang='lat' dir='ltr'><strong>ad</strong></span> <span class='ocrx_word' id='word_1_910' title='bbox 3432 4629 3494 4682; x_wconf 87' lang='lat' dir='ltr'><strong>il-</strong></span> 
     </span>
    </p>
   </div>
   <div class='ocr_carea' id='block_1_110' title="bbox 1912 4723 3503 4793">
    <p class='ocr_par' dir='ltr' id='par_1_110' title="bbox 1912 4723 3503 4793">
     <span class='ocr_line' id='line_1_110' title="bbox 1912 4723 3503 4793; baseline -0.011 -6"><span class='ocrx_word' id='word_1_911' title='bbox 1912 4733 2019 4787; x_wconf 89' lang='lat' dir='ltr'><strong>lum</strong></span> <span class='ocrx_word' id='word_1_912' title='bbox 2048 4747 2062 4784; x_wconf 89' lang='lat'><strong>:</strong></span> <span class='ocrx_word' id='word_1_913' title='bbox 2091 4729 2169 4787; x_wconf 87' lang='lat' dir='ltr'><strong>Tu</strong></span> <span class='ocrx_word' id='word_1_914' title='bbox 2192 4747 2293 4784; x_wconf 87' lang='lat' dir='ltr'><strong>non</strong></span> <span class='ocrx_word' id='word_1_915' title='bbox 2316 4729 2461 4783; x_wconf 85' lang='lat' dir='ltr'><strong>times</strong></span> <span class='ocrx_word' id='word_1_916' title='bbox 2483 4726 2668 4780; x_wconf 88' lang='lat' dir='ltr'><strong>Deum.</strong></span> <span class='ocrx_word' id='word_1_917' title='bbox 2709 4724 2770 4779; x_wconf 85' lang='lat' dir='ltr'><strong>Si</strong></span> <span class='ocrx_word' id='word_1_918' title='bbox 2804 4739 2896 4777; x_wconf 85' lang='lat' dir='ltr'><strong>nos</strong></span> <span class='ocrx_word' id='word_1_919' title='bbox 2937 4731 3141 4793; x_wconf 83' lang='lat' dir='ltr'><strong>propter</strong></span> <span class='ocrx_word' id='word_1_920' title='bbox 3165 4723 3299 4792; x_wconf 78' lang='lat' dir='ltr'><strong>facta</strong></span> <span class='ocrx_word' id='word_1_921' title='bbox 3328 4729 3503 4774; x_wconf 84' lang='lat' dir='ltr'><strong>nostra</strong></span> 
     </span>
    </p>
   </div>
   <div class='ocr_carea' id='block_1_111' title="bbox 1915 4809 3494 4894">
    <p class='ocr_par' dir='ltr' id='par_1_111' title="bbox 1915 4809 3494 4894">
     <span class='ocr_line' id='line_1_111' title="bbox 1915 4809 3494 4894; baseline -0.009 -16"><span class='ocrx_word' id='word_1_922' title='bbox 1915 4825 2090 4878; x_wconf 86' lang='lat' dir='ltr'><strong>merito</strong></span> <span class='ocrx_word' id='word_1_923' title='bbox 2111 4822 2354 4894; x_wconf 85' lang='lat' dir='ltr'><strong>patimur,</strong></span> <span class='ocrx_word' id='word_1_924' title='bbox 2382 4819 2489 4893; x_wconf 73' lang='lat' dir='ltr'><strong>ipse</strong></span> <span class='ocrx_word' id='word_1_925' title='bbox 2514 4817 2635 4888; x_wconf 82' lang='lat' dir='ltr'><strong>quid</strong></span> <span class='ocrx_word' id='word_1_926' title='bbox 2659 4814 2814 4887; x_wconf 77' lang='lat' dir='ltr'><strong>fecit?</strong></span> <span class='ocrx_word' id='word_1_927' title='bbox 2836 4814 2903 4869; x_wconf 89' lang='lat' dir='ltr'><strong>Et</strong></span> <span class='ocrx_word' id='word_1_928' title='bbox 2930 4827 3217 4868; x_wconf 72' lang='lat' dir='ltr'><strong>conuersus</strong></span> <span class='ocrx_word' id='word_1_929' title='bbox 3243 4809 3454 4865; x_wconf 75' lang='lat' dir='ltr'><strong>adeum</strong></span> <span class='ocrx_word' id='word_1_930' title='bbox 3479 4828 3494 4863; x_wconf 83' lang='lat'><strong><em>:</em></strong></span> 
     </span>
    </p>
   </div>
   <div class='ocr_carea' id='block_1_112' title="bbox 1917 4904 3494 4975">
    <p class='ocr_par' dir='ltr' id='par_1_112' title="bbox 1917 4904 3494 4975">
     <span class='ocr_line' id='line_1_112' title="bbox 1917 4904 3494 4975; baseline -0.011 -6"><span class='ocrx_word' id='word_1_931' title='bbox 1917 4914 2169 4969; x_wconf 75' lang='lat' dir='ltr'><strong>Memento</strong></span> <span class='ocrx_word' id='word_1_932' title='bbox 2209 4911 2306 4966; x_wconf 86' lang='lat' dir='ltr'><strong>mei</strong></span> <span class='ocrx_word' id='word_1_933' title='bbox 2325 4951 2339 4975; x_wconf 91' lang='lat'><strong>,</strong></span> <span class='ocrx_word' id='word_1_934' title='bbox 2368 4909 2584 4962; x_wconf 83' lang='lat' dir='ltr'><strong>Domine</strong></span> <span class='ocrx_word' id='word_1_935' title='bbox 2605 4922 2757 4974; x_wconf 84' lang='lat' dir='ltr'><strong>,cum</strong></span> <span class='ocrx_word' id='word_1_936' title='bbox 2783 4904 2975 4958; x_wconf 77' lang='lat' dir='ltr'><strong>ueneris</strong></span> <span class='ocrx_word' id='word_1_937' title='bbox 3010 4904 3063 4956; x_wconf 88' lang='lat' dir='ltr'><strong>in</strong></span> <span class='ocrx_word' id='word_1_938' title='bbox 3098 4916 3307 4970; x_wconf 82' lang='lat' dir='ltr'><strong>regnum</strong></span> <span class='ocrx_word' id='word_1_939' title='bbox 3334 4908 3494 4953; x_wconf 72' lang='lat' dir='ltr'><strong>tum».</strong></span> 
     </span>
    </p>
   </div>
   <div class='ocr_carea' id='block_1_113' title="bbox 1917 4991 3499 5078">
    <p class='ocr_par' dir='ltr' id='par_1_113' title="bbox 1917 4991 3499 5078">
     <span class='ocr_line' id='line_1_113' title="bbox 1917 4991 3499 5078; baseline -0.01 -17"><span class='ocrx_word' id='word_1_940' title='bbox 1917 5008 2102 5078; x_wconf 78' lang='lat' dir='ltr'><strong>Magna</strong></span> <span class='ocrx_word' id='word_1_941' title='bbox 2134 5005 2295 5060; x_wconf 78' lang='lat' dir='ltr'><strong>ﬁdes!</strong></span> <span class='ocrx_word' id='word_1_942' title='bbox 2328 5002 2452 5056; x_wconf 86' lang='lat' dir='ltr'><strong>huic</strong></span> <span class='ocrx_word' id='word_1_943' title='bbox 2478 4999 2600 5055; x_wconf 81' lang='lat' dir='ltr'><strong>ﬁdei</strong></span> <span class='ocrx_word' id='word_1_944' title='bbox 2627 4996 2761 5066; x_wconf 86' lang='lat' dir='ltr'><strong>quid</strong></span> <span class='ocrx_word' id='word_1_945' title='bbox 2789 4995 2909 5050; x_wconf 89' lang='lat' dir='ltr'><strong>addi</strong></span> <span class='ocrx_word' id='word_1_946' title='bbox 2941 4994 3139 5064; x_wconf 87' lang='lat' dir='ltr'><strong>possit,</strong></span> <span class='ocrx_word' id='word_1_947' title='bbox 3168 4993 3372 5063; x_wconf 75' lang='lat' dir='ltr'><strong>ignoro.</strong></span> <span class='ocrx_word' id='word_1_948' title='bbox 3405 4991 3499 5046; x_wconf 77' lang='lat' dir='ltr'><strong>&#39;l&#39;i-</strong></span> 
     </span>
    </p>
   </div>
   <div class='ocr_carea' id='block_1_114' title="bbox 1917 5082 3498 5163">
    <p class='ocr_par' dir='ltr' id='par_1_114' title="bbox 1917 5082 3498 5163">
     <span class='ocr_line' id='line_1_114' title="bbox 1917 5082 3498 5163; baseline -0.011 -11"><span class='ocrx_word' id='word_1_949' title='bbox 1917 5100 2233 5155; x_wconf 83' lang='lat' dir='ltr'><strong>tubaverunt</strong></span> <span class='ocrx_word' id='word_1_950' title='bbox 2256 5093 2354 5163; x_wconf 86' lang='lat' dir='ltr'><strong>ipsi</strong></span> <span class='ocrx_word' id='word_1_951' title='bbox 2379 5091 2469 5161; x_wconf 90' lang='lat' dir='ltr'><strong>qui</strong></span> <span class='ocrx_word' id='word_1_952' title='bbox 2500 5089 2746 5145; x_wconf 88' lang='lat' dir='ltr'><strong>viderunt</strong></span> <span class='ocrx_word' id='word_1_953' title='bbox 2769 5084 3038 5141; x_wconf 88' lang='lat' dir='ltr'><strong>Christum</strong></span> <span class='ocrx_word' id='word_1_954' title='bbox 3071 5093 3307 5138; x_wconf 88' lang='lat' dir='ltr'><strong>mortuos</strong></span> <span class='ocrx_word' id='word_1_955' title='bbox 3331 5082 3498 5137; x_wconf 88' lang='lat' dir='ltr'><strong>susci-</strong></span> 
     </span>
    </p>
   </div>
   <div class='ocr_carea' id='block_1_115' title="bbox 1921 5176 3496 5252">
    <p class='ocr_par' dir='ltr' id='par_1_115' title="bbox 1921 5176 3496 5252">
     <span class='ocr_line' id='line_1_115' title="bbox 1921 5176 3496 5252; baseline -0.01 -8"><span class='ocrx_word' id='word_1_956' title='bbox 1921 5198 2117 5244; x_wconf 88' lang='lat' dir='ltr'><strong>tantem</strong></span> <span class='ocrx_word' id='word_1_957' title='bbox 2148 5204 2161 5241; x_wconf 88' lang='lat'><strong>:</strong></span> <span class='ocrx_word' id='word_1_958' title='bbox 2187 5184 2411 5242; x_wconf 87' lang='lat' dir='ltr'><strong>credidit</strong></span> <span class='ocrx_word' id='word_1_959' title='bbox 2431 5183 2519 5238; x_wconf 90' lang='lat' dir='ltr'><strong>ille</strong></span> <span class='ocrx_word' id='word_1_960' title='bbox 2551 5181 2642 5252; x_wconf 86' lang='lat' dir='ltr'><strong>qui</strong></span> <span class='ocrx_word' id='word_1_961' title='bbox 2670 5180 2881 5235; x_wconf 88' lang='lat' dir='ltr'><strong>videbat</strong></span> <span class='ocrx_word' id='word_1_962' title='bbox 2906 5193 3086 5233; x_wconf 86' lang='lat' dir='ltr'><strong>secum</strong></span> <span class='ocrx_word' id='word_1_963' title='bbox 3118 5177 3169 5231; x_wconf 92' lang='lat' dir='ltr'><strong>in</strong></span> <span class='ocrx_word' id='word_1_964' title='bbox 3201 5176 3343 5247; x_wconf 82' lang='lat' dir='ltr'><strong>ligno</strong></span> <span class='ocrx_word' id='word_1_965' title='bbox 3366 5191 3496 5245; x_wconf 76' lang='lat' dir='ltr'><strong>peu-</strong></span> 
     </span>
    </p>
   </div>
   <div class='ocr_carea' id='block_1_116' title="bbox 1874 5266 3494 5342">
    <p class='ocr_par' dir='ltr' id='par_1_116' title="bbox 1874 5266 3494 5342">
     <span class='ocr_line' id='line_1_116' title="bbox 1874 5266 3494 5342; baseline -0.007 -9"><span class='ocrx_word' id='word_1_966' title='bbox 1874 5278 1889 5287; x_wconf 87' lang='grc'><em>’</em></span> <span class='ocrx_word' id='word_1_967' title='bbox 1917 5280 2156 5334; x_wconf 87' lang='lat' dir='ltr'><strong>dentem.</strong></span> <span class='ocrx_word' id='word_1_968' title='bbox 2189 5273 2414 5342; x_wconf 81' lang='lat' dir='ltr'><strong>Quando</strong></span> <span class='ocrx_word' id='word_1_969' title='bbox 2458 5273 2530 5328; x_wconf 90' lang='lat' dir='ltr'><strong>illi</strong></span> <span class='ocrx_word' id='word_1_970' title='bbox 2562 5273 2953 5336; x_wconf 80' lang='lat' dir='ltr'><strong>titubaverunt,</strong></span> <span class='ocrx_word' id='word_1_971' title='bbox 2982 5280 3105 5323; x_wconf 89' lang='lat' dir='ltr'><strong>tunc</strong></span> <span class='ocrx_word' id='word_1_972' title='bbox 3137 5268 3228 5323; x_wconf 77' lang='lat' dir='ltr'><strong>ille</strong></span> <span class='ocrx_word' id='word_1_973' title='bbox 3254 5266 3494 5322; x_wconf 86' lang='lat' dir='ltr'><strong>credidit.</strong></span> 
     </span>
    </p>
   </div>
   <div class='ocr_carea' id='block_1_117' title="bbox 1918 5356 3500 5440">
    <p class='ocr_par' dir='ltr' id='par_1_117' title="bbox 1918 5356 3500 5440">
     <span class='ocr_line' id='line_1_117' title="bbox 1918 5356 3500 5440; baseline -0.01 -16"><span class='ocrx_word' id='word_1_974' title='bbox 1918 5371 2138 5440; x_wconf 82' lang='lat' dir='ltr'><strong>Qualem</strong></span> <span class='ocrx_word' id='word_1_975' title='bbox 2186 5367 2417 5423; x_wconf 84' lang='lat' dir='ltr'><strong>fructum</strong></span> <span class='ocrx_word' id='word_1_976' title='bbox 2449 5364 2693 5421; x_wconf 86' lang='lat' dir='ltr'><strong>Christus</strong></span> <span class='ocrx_word' id='word_1_977' title='bbox 2741 5362 2808 5417; x_wconf 89' lang='lat' dir='ltr'><strong>de</strong></span> <span class='ocrx_word' id='word_1_978' title='bbox 2851 5360 3002 5415; x_wconf 83' lang='lat' dir='ltr'><strong>arido</strong></span> <span class='ocrx_word' id='word_1_979' title='bbox 3046 5360 3186 5429; x_wconf 78' lang='lat' dir='ltr'><strong>ligno</strong></span> <span class='ocrx_word' id='word_1_980' title='bbox 3233 5356 3500 5426; x_wconf 52' lang='lat' dir='ltr'><strong>percepit?</strong></span> 
     </span>
    </p>
   </div>
   <div class='ocr_carea' id='block_1_118' title="bbox 1918 5449 3501 5530">
    <p class='ocr_par' dir='ltr' id='par_1_118' title="bbox 1918 5449 3501 5530">
     <span class='ocr_line' id='line_1_118' title="bbox 1918 5449 3501 5530; baseline -0.009 -16"><span class='ocrx_word' id='word_1_981' title='bbox 1918 5461 2051 5530; x_wconf 78' lang='lat' dir='ltr'><strong>Quid</strong></span> <span class='ocrx_word' id='word_1_982' title='bbox 2098 5461 2147 5516; x_wconf 91' lang='lat' dir='ltr'><strong>ei</strong></span> <span class='ocrx_word' id='word_1_983' title='bbox 2190 5458 2387 5514; x_wconf 86' lang='lat' dir='ltr'><strong>dixerit</strong></span> <span class='ocrx_word' id='word_1_984' title='bbox 2418 5457 2670 5513; x_wconf 89' lang='lat' dir='ltr'><strong>Dominus</strong></span> <span class='ocrx_word' id='word_1_985' title='bbox 2712 5453 3007 5507; x_wconf 88' lang='lat' dir='ltr'><strong>audiamus.</strong></span> <span class='ocrx_word' id='word_1_986' title='bbox 3052 5452 3205 5504; x_wconf 76' lang='lat' dir='ltr'><strong>Amen</strong></span> <span class='ocrx_word' id='word_1_987' title='bbox 3239 5449 3348 5503; x_wconf 70' lang='lat' dir='ltr'><strong>dico</strong></span> <span class='ocrx_word' id='word_1_988' title='bbox 3375 5449 3461 5502; x_wconf 83' lang='lat' dir='ltr'><strong>tibi</strong></span> <span class='ocrx_word' id='word_1_989' title='bbox 3487 5490 3501 5511; x_wconf 86' lang='lat'><strong>,</strong></span> 
     </span>
    </p>
   </div>
   <div class='ocr_carea' id='block_1_119' title="bbox 1923 5538 3506 5617">
    <p class='ocr_par' dir='ltr' id='par_1_119' title="bbox 1923 5538 3506 5617">
     <span class='ocr_line' id='line_1_119' title="bbox 1923 5538 3506 5617; baseline -0.009 -9"><span class='ocrx_word' id='word_1_990' title='bbox 1923 5556 2070 5610; x_wconf 81' lang='lat' dir='ltr'><strong>hodie</strong></span> <span class='ocrx_word' id='word_1_991' title='bbox 2091 5568 2283 5606; x_wconf 86' lang='lat' dir='ltr'><strong>mecum</strong></span> <span class='ocrx_word' id='word_1_992' title='bbox 2322 5551 2420 5604; x_wconf 90' lang='lat' dir='ltr'><strong>eris</strong></span> <span class='ocrx_word' id='word_1_993' title='bbox 2460 5550 2510 5603; x_wconf 88' lang='lat' dir='ltr'><strong>in</strong></span> <span class='ocrx_word' id='word_1_994' title='bbox 2553 5547 2791 5613; x_wconf 82' lang='lat' dir='ltr'><strong>paradiso</strong></span> <span class='ocrx_word' id='word_1_995' title='bbox 2814 5543 2964 5617; x_wconf 73' lang='lat' dir='ltr'><strong>(Luc.</strong></span> <span class='ocrx_word' id='word_1_996' title='bbox 2995 5556 3122 5598; x_wconf 77' lang='lat' dir='ltr'><strong>xxttt</strong></span> <span class='ocrx_word' id='word_1_997' title='bbox 3143 5583 3158 5608; x_wconf 91' lang='lat'><strong>,</strong></span> <span class='ocrx_word' id='word_1_998' title='bbox 3186 5538 3255 5596; x_wconf 74' lang='lat'><strong>59</strong></span> <span class='ocrx_word' id='word_1_999' title='bbox 3283 5541 3391 5608; x_wconf 74' lang='grc'><strong>45).</strong></span> <span class='ocrx_word' id='word_1_1000' title='bbox 3426 5539 3506 5594; x_wconf 80' lang='grc' dir='ltr'><strong>Τιι</strong></span> 
     </span>
    </p>
   </div>
   <div class='ocr_carea' id='block_1_120' title="bbox 1925 5631 3501 5723">
    <p class='ocr_par' dir='ltr' id='par_1_120' title="bbox 1925 5631 3501 5723">
     <span class='ocr_line' id='line_1_120' title="bbox 1925 5631 3501 5723; baseline -0.011 -18"><span class='ocrx_word' id='word_1_1001' title='bbox 1925 5648 2104 5706; x_wconf 78' lang='lat' dir='ltr'><strong>dillers</strong></span> <span class='ocrx_word' id='word_1_1002' title='bbox 2135 5656 2206 5719; x_wconf 88' lang='lat' dir='ltr'><strong>te,</strong></span> <span class='ocrx_word' id='word_1_1003' title='bbox 2235 5658 2334 5716; x_wconf 80' lang='lat' dir='ltr'><strong>ego</strong></span> <span class='ocrx_word' id='word_1_1004' title='bbox 2360 5657 2589 5715; x_wconf 81' lang='lat' dir='ltr'><strong>agnosco</strong></span> <span class='ocrx_word' id='word_1_1005' title='bbox 2619 5650 2690 5697; x_wconf 90' lang='lat' dir='ltr'><strong>te.</strong></span> <span class='ocrx_word' id='word_1_1006' title='bbox 2724 5636 2941 5723; x_wconf 63' lang='lat' dir='ltr'><strong>Quando</strong></span> <span class='ocrx_word' id='word_1_1007' title='bbox 2974 5650 3018 5710; x_wconf 65' lang='grc' dir='ltr'>εί</span> <span class='ocrx_word' id='word_1_1008' title='bbox 3038 5643 3211 5692; x_wconf 83' lang='lat' dir='ltr'><strong>oraret</strong></span> <span class='ocrx_word' id='word_1_1009' title='bbox 3239 5632 3403 5698; x_wconf 72' lang='lat' dir='ltr'><strong>latro,</strong></span> <span class='ocrx_word' id='word_1_1010' title='bbox 3435 5631 3501 5687; x_wconf 83' lang='lat' dir='ltr'><strong>de</strong></span> 
     </span>
    </p>
   </div>
  </div>
