3954 6196
462 344 589 398 illi

462 468 738 523 latrocinio
765 466 829 520 ad
856 466 1108 536 judicent,
1139 466 1203 521 de
1229 465 1405 534 judice
1436 466 1499 521 ad
1527 480 1761 535 crucem,
1789 464 1856 520 de
1883 477 2041 519 cruce

459 561 523 615 ad
566 557 904 626 paradisum?
937 558 1169 627 Denique
1212 559 1325 628 ipse
1361 558 1641 613 attendens
1682 559 1867 611 merita
1910 570 2036 616 sua,

393 696 395 698 .
463 665 563 702 non
595 648 753 709 dixit,
784 647 1047 703 Memento
1080 649 1303 724 mei,‘ut
1331 648 1521 703 liberes
1565 662 1653 703 me
1690 646 1885 701 hodie:
1912 643 2037 709 sed,

460 758 568 795 cum
593 740 781 793 veneris
809 740 859 792 in
886 757 1091 811 regnum
1123 751 1262 794 tuum
1284 782 1299 806 ,
1329 750 1454 795 tunc
1483 739 1579 792 mei
1610 754 1798 794 memor
1817 747 1955 799 esto;
1982 743 2042 789 ut

452 832 499 883 si
531 833 656 884 mihi
687 840 950 886 tormenta
990 832 1272 897 debemur,
1299 830 1382 886 vel
1426 844 1703 901 quousque
1746 827 1957 884 veneris
1986 825 2037 880 in

456 938 674 991 regnum
706 905 874 978 tuum.
922 923 984 977 Et
1012 924 1097 978 ille
1123 943 1134 977 :
1160 922 1274 980 Non
1302 924 1411 988 sic;
1445 921 1681 978 invasisti
1722 921 1773 975 in
1812 934 2035 989 regnum

453 1015 711 1069 ('mlorttm
731 1059 744 1080 ,
778 1016 881 1069 vim
914 1015 1104 1080 fecisti,
1136 1015 1446 1083 credidisti,
1474 1015 1713 1086 rapuisti.
1745 1011 1907 1067 Hodie
1929 1028 2037 1064 mc-

455 1124 567 1159 emn
595 1109 693 1161 eris
720 1109 772 1160 in
797 1109 1052 1179 paradiso.
1082 1108 1196 1163 Non
1228 1116 1279 1164 te
1302 1107 1490 1162 dill‘ero
1515 1125 1526 1160 :
1552 1115 1711 1161 tanta:
1733 1105 1851 1159 iidei
1881 1103 2038 1159 hodie

452 1198 617 1252 reddo
652 1198 792 1267 quod
839 1198 1028 1254 debeo.
1077 1198 1234 1253 Latro
1279 1198 1441 1265 dicit,
1474 1196 1728 1251 Memento
1765 1196 1895 1259 mei,
1922 1211 2037 1248 cum

350 1306 359 1315 ε
452 1293 645 1345 emeris
673 1294 722 1345 in
750 1310 961 1362 regnum
998 1300 1158 1347 tuum.
1185 1290 1299 1346 Non
1325 1290 1494 1345 solum
1521 1288 1770 1345 credebat
1796 1303 2036 1347 resurre-

450 1392 658 1436 cturum
678 1425 692 1448 ,
724 1383 816 1437 sed
839 1384 996 1437 etiam
1039 1390 1399 1452 regnaturum.
1428 1380 1681 1435 Pendenti
1700 1421 1717 1445 ,
1746 1378 1999 1433 crueilixo
2018 1417 2057 1441 ,.

449 1482 708 1538 cruento,
740 1472 961 1528 hzercnti
992 1470 1154 1530 :Cum
1202 1472 1427 1537 veneris,
1474 1471 1677 1541 inquit,
1724 1470 1777 1523 in
1825 1485 2036 1539 regnum

452 1575 611 1618 tuum.
638 1565 702 1618 Et
728 1564 825 1625 illi,
848 1563 959 1619 Nos
987 1563 1331 1635 sperabamus.
1357 1562 1460 1619 Ubi
1482 1578 1630 1632 spem
1653 1562 1788 1616 latro
1814 1561 2033 1625 invenit,

449 1653 745 1724 disoipulus
775 1655 1023 1726 perdidit.

520 1744 745 1801 CAPUT
779 1745 883 1799 VII.
912 1776 982 1787 —-
1008 1747 1060 1803 Ἰ.
1091 1743 1155 1801 In
1179 1745 1424 1815 [ractione
1445 1745 1590 1814 panis
1616 1744 1906 1816 agnoscitur
1929 1741 2029 1797 Do-

449 1835 637 1889 minus.
668 1835 867 1890 Deinde
903 1836 1012 1905 jam
1035 1877 1051 1901 ,
1083 1835 1383 1891 charissimi
1404 1876 1419 1901 ,
1449 1851 1698 1909 magnum
1729 1850 2034 1890 sacramen-

450 1937 559 1980 tum
586 1924 727 1993 quod
771 1929 1145 1996 cognovimus,
1170 1927 1375 1985 'audite.
1405 1925 1864 1982 Ambulabatcum
1907 1926 2032 1992 illis,

448 2017 735 2086 suscipitur
784 2017 1050 2085 hospitio,
1096 2032 1287 2087 panem
1333 2016 1556 2088 frangit,
1601 2028 1656 2073 et
1698 2017 2035 2088 cognoscitur

459 2105 608 2177 (Luc.
640 2122 795 2174 tmv,
827 2107 1044 2178 21-51).
1076 2108 1141 2161 Et
1185 2123 1284 2163 nos
1324 2123 1431 2163 non
1460 2108 1699 2163 dicamus
1722 2109 1848 2179 quia
1876 2106 2033 2163 Chri-

446 2205 587 2251 stum
619 2212 723 2251 nou
753 2199 1134 2268 cognovimus:
1160 2200 1435 2264 novimus,
1456 2200 1499 2254 si
1521 2200 1808 2255 credimus.
1839 2199 2032 2255 Parum

446 2298 531 2342 est
552 2330 566 2352 ,
596 2290 841 2343 novimus
869 2291 911 2343 si
936 2290 1236 2356 credimus;
1271 2291 1526 2345 habemus
1544 2291 1589 2346 si
1610 2290 1896 2346 credimus.
1930 2290 2032 2345 Ila-

446 2377 642 2431 bebant
671 2378 741 2433 illi
768 2377 1035 2438 Christum
1070 2379 1120 2433 in
1147 2381 1390 2436 convivio
1409 2423 1422 2445 ,
1447 2396 1546 2436 nos
1570 2381 1713 2436 intus
1739 2381 1793 2435 in
1830 2381 2027 2436 animo.

446 2467 574 2521 I’lus
598 2481 678 2523 est
712 2467 983 2525 Christum
1018 2469 1212 2526 habere
1258 2470 1308 2524 in
1349 2471 1541 2538 corde,
1570 2487 1726 2542 quam
1769 2472 1821 2526 in
1848 2472 2026 2527 domo.

443 2556 552 2612 Cor
578 2558 721 2613 enim
750 2569 987 2619 nostrum
1015 2559 1235 2614 interius
1260 2561 1413 2617 nobis
1438 2573 1541 2629 est,
1564 2545 1719 2630 quam
1749 2564 1818 2616 sit
1840 2561 2032 2618 domus

445 2661 626 2705 nostra
658 2652 697 2704 ί.
725 2650 841 2707 Jam
860 2668 992 2707 vero
1022 2652 1110 2707 ubi
1135 2669 1256 2710 eum
1284 2653 1444 2712 debet
1488 2654 1662 2711 lideiis
1701 2656 2030 2725 agnoscere?

444 2745 706 2814 Agnoscit
733 2746 822 2815 qui
851 2743 1021 2800 fidelis
1041 2755 1122 2802 est
1149 2764 1162 2801 :
1182 2748 1271 2817 qui
1294 2755 1468 2802 autem
1491 2748 1906 2809 catechumenus
1923 2758 2025 2815 est,

444 2835 676 2904 ignorat.
725 2835 829 2893 Sed
868 2836 1084 2907 januam
1124 2847 1306 2895 contra
1347 2839 1495 2894 illum
1522 2855 1679 2896 nemo
1704 2840 1946 2909 claudat,
1973 2852 2027 2896 ut

443 2926 651 2981 noverit
666 2927 711 2979 ¹.

512 3017 566 3073 8.
596 3017 678 3072 Ad
700 3020 1008 3090 parauerim.
1038 3020 1297 3078 Hesterno
1323 3023 1408 3079 die
1443 3025 1622 3080 manui
1643 3068 1657 3092 ,
1686 3036 1739 3081 et
1763 3025 2026 3082 admoneo

404 3172 407 3177 Q
441 3110 769 3165 Charitatem
800 3121 1069 3179 vestram,
1110 3113 1233 3183 quia
1261 3117 1582 3173 resurrectio
1623 3115 1819 3172 Christi
1851 3131 1934 3173 est
1970 3119 2022 3172 in

442 3199 613 3264 nobis,
638 3200 682 3254 si
709 3200 844 3263 bene
867 3204 1135 3271 vivamus;
1160 3206 1202 3261 si
1234 3205 1338 3260 vita
1365 3216 1519 3262 vetus
1545 3194 1723 3264 nostra
1748 3209 1884 3263 mala
1912 3225 2024 3265 mo-

444 3290 630 3354 riatur,
661 3299 715 3344 et
756 3290 992 3361 quotidie
1035 3310 1169 3348 nova
1214 3297 1456 3365 proﬁciat
1484 3293 1573 3370 (In
1601 3314 1831 3357 sermone
1869 3317 2017 3371 supe-

437 3382 593 3443 riori,
627 3398 715 3435 nn.
743 3381 819 3453 2,
848 3384 924 3455 5).
957 3385 1242 3442 Abundaut
1287 3387 1372 3442 hic
1414 3390 1732 3464 pmniteutes
1763 3407 1776 3442 :
1812 3392 2024 3460 quando

436 3471 546 3525 illis
576 3472 862 3539 imponitur
905 3490 1128 3542 manus,
1165 3476 1218 3530 lit
1255 3476 1388 3534 ordo
1432 3478 1791 3549 longissimus.
1823 3480 1983 3536 Orate
2004 3524 2018 3549 ,

437 3562 790 3631 paenitcntcs;
818 3573 872 3620 ct
892 3574 1019 3621 eunt
1042 3582 1197 3623 orare
1226 3568 1565 3639 pmniteutes.
1592 3569 1828 3626 Discutio
1853 3572 2022 3640 [ιωηὶ-

437 3662 640 3717 tentes,
670 3661 723 3708 et
765 3653 978 3710 invenio
1026 3655 1165 3712 male
1205 3658 1462 3714 viventes.
1495 3659 1772 3728 Quomodo
1801 3663 2022 3732 pmuitet

433 3745 576 3815 quod
611 3745 699 3800 fit?
726 3746 779 3803 Si
809 3748 1027 3816 poenitet
1051 3792 1064 3816 ,
1099 3766 1202 3804 non
1246 3749 1356 3807 ﬂat.
1400 3751 1455 3807 Si
1481 3762 1658 3808 autem
1702 3753 1793 3817 lit,
1826 3767 2018 3809 nomen

432 3848 606 3905 errat,
636 3840 835 3894 crimen
866 3849 1064 3895 manet.
1093 3841 1264 3911 Aliqui
1306 3842 1404 3911 ipsi
1442 3843 1540 3897 sibi
1584 3845 1908 3912 pmnitentite
1935 3843 2017 3899 lo-

433 3944 553 3983 cum
587 3928 889 3997 petierunt;
912 3930 1073 4000 aliqui
1108 3933 1556 3989 cxcomntunicati
1588 3946 1616 3987 a
1640 3934 1791 3988 nobis
1822 3934 1873 3988 in
1906 3949 2017 4003 p02-

433 4019 667 4075 nitcnlim
694 4020 869 4076 locum
890 4021 1086 4077 redacti
1109 4030 1233 4077 sunt
1257 4041 1269 4078 :
1294 4034 1345 4077 et
1369 4025 1456 4094 qui
1483 4025 1581 4079 sibi
1610 4026 1895 4095 petierunt,
1916 4027 2016 4082 hoc

432 4112 613 4167 volunt
641 4111 812 4168 facere
845 4114 984 4183 quod
1017 4113 1313 4181 faciebant;
1346 4124 1400 4171 et
1436 4116 1526 4185 qui
1556 4132 1583 4169 a
1617 4116 1770 4177 nobis
1803 4129 2015 4173 excom-

430 4200 685 4267 purulenti
726 4203 777 4257 in
815 4204 1139 4275 pmnilettliu!
1182 4206 1357 4274 lumini
1403 4206 1600 4262 redacti
1645 4215 1800 4271 sunt,
1831 4209 2015 4263 nolunt

429 4291 553 4346 inde
574 4307 822 4364 surgere,
845 4296 994 4365 quasi
1017 4295 1217 4352 clecms
1239 4298 1306 4351 sit
1333 4298 1480 4352 locus
1505 4299 1888 4368 pcenitentium.
1914 4299 2013 4368 Qui

427 4383 590 4439 debet
633 4401 753 4441 esse
797 4386 944 4442 locus
988 4388 1331 4457 humilitatis,
1359 4390 1417 4444 iit
1459 4391 1608 4446 locus
1652 4391 1941 4462 iniquitatis
1965 4391 2008 4448 ³.

433 4472 595 4527 Vobis
620 4475 741 4530 dico
760 4519 774 4541 ,
808 4478 896 4544 qui
931 4480 1188 4532 vocamini
1229 4482 1545 4550 pmnitentcs
1566 4524 1580 4547 ,
1609 4491 1662 4537 et
1704 4498 1810 4537 non
1837 4482 1968 4538 estis
1994 4502 2008 4540 :

430 4564 583 4617 vobis
611 4565 752 4620 dico.
786 4568 920 4637 Quid
945 4569 1092 4623 vobis
1112 4568 1320 4623 dicam?
1342 4570 1522 4627 Laudo
1547 4587 1659 4636 vos,
1692 4573 1746 4626 in
1778 4572 1878 4627 hoc
1906 4589 2010 4628 non

340 4700 351 4708 ,
429 4651 584 4706 lattth
611 4672 624 4707 :
651 4655 743 4709 sed
771 4671 925 4723 gemo
955 4666 1008 4710 et
1040 4657 1246 4728 plango.

501 4746 727 4803 CAPUT
760 4747 889 4803 VIII.
912 4780 983 4790 -—-
1011 4749 1076 4803 Et
1102 4751 1225 4820 quid
1256 4752 1471 4816 faciam,
1503 4754 1671 4807 factus
1702 4757 1804 4808 vile
1833 4758 2007 4810 canti-

425 4853 543 4890 cum
580 4837 639 4891 l"3
670 4838 975 4905 Mutamini,
1009 4842 1281 4895 mutamiui
1306 4884 1320 4907 ,
1353 4859 1500 4913 rogo.
1534 4843 1667 4896 Viue
1688 4846 1807 4899 linis
1837 4846 2007 4902 incer—

426 4941 507 4982 tus
537 4940 636 4984 est.
667 4931 853 4986 Omnis
875 4931 1032 4987 homo
1059 4948 1180 5001 cum
1203 4948 1327 4989 casu
1350 4949 1447 4991 Suo
1472 4936 1724 4991 ambulat.
1748 4937 1883 5004 Quid
1906 4939 2007 4993 dif-

425 5022 569 5075 fertis
597 5022 733 5077 bene
763 5022 970 5089 vivere,
998 5039 1118 5078 cum
1149 5026 1342 5095 putatis
1376 5027 1497 5097 quia
1536 5027 1686 5097 longa
1728 5032 1829 5082 erit
1858 5030 2005 5083 vita?

425 5111 659 5181 Longam
705 5115 864 5168 vitam
910 5117 1136 5185 putatis,
1168 5127 1221 5171 et
1269 5127 1493 5173 mortem
1531 5120 1862 5173 subitaneam
1899 5136 2003 5175 noo

424 5203 655 5271 timetis?
682 5204 786 5260 Sed
814 5222 937 5260 cccc
965 5206 1119 5277 longa
1147 5208 1214 5262 sit
1238 5226 1251 5263 :
1277 5220 1327 5264 et
1347 5224 1530 5278 qucero
1556 5226 1715 5264 unum
1741 5213 2002 5280 pontium-

483 5359 502 5387 ί
520 5355 832 5412 Plu-incensis
858 5365 938 5408 Ms.

521 5394 533 5405 .
553 5394 832 5412 mm"..-
862 5394 938 5408 π...

416 5425 526 5467 Jam
549 5430 663 5467 vero
685 5417 765 5468 ubi
787 5432 897 5470 eum
919 5394 980 5471 de

416 5477 541 5529 detis
556 5487 651 5534 est.

481 5545 499 5571 ³
519 5539 685 5591 Plures
703 5549 829 5602 διες,
855 5550 905 5594 ιιι
928 5557 1018 5594 non
1037 5543 1197 5596 intret.

480 5604 498 5629 ³
517 5605 589 5667 sie
611 5608 936 5666 manust-rimi.
967 5615 1016 5655 At
1042 5609 1177 5667 editi,
1202 5608 1261 5658 ait
1286 5608 1414 5659 locns
1438 5609 1623 5661 Innniiit
1641 5612 1730 5661 ιτὶις.

417 5662 1025 5771 ἕωῦιλίξιιυοιΜδςηῂιαιεδ
1050 5662 1263 5721 διυηίἱὶρ
1288 5671 1540 5723 canticum.
1580 5675 1652 5721 ’.Ιξί
1681 5689 1772 5723 ιιυιι
1796 5674 1994 5730 Ιιίιὶιυιιῑ.

1020 5360 1312 5426 adsidamus
1333 5370 1510 5413 nostra.
1530 5369 1632 5414 Mox
1661 5364 1842 5426 [.luros.
1876 5375 2001 5425 vss,

1040 5427 1088 5472 at
1110 5420 1271 5484 ﬁdelis
1292 5435 1576 5487 agnoscere,
1604 5420 1815 5490 agnoscit
1846 5428 1929 5493 qui
1950 5420 2001 5492 [i1

1651 387 1656 391 ρ
1682 346 1738 401 S.
1780 338 2140 401 AUGUSTINI
2182 339 2481 397 EI‘ISCUPI

3597 354 3739 411 HI'Z

2149 470 2283 523 tem,
2318 471 2505 515 etnon
2558 463 2766 516 invenio
2812 464 2849 514 ¹.
2882 463 3090 530 Quanto
3136 467 3327 523 melius
3368 470 3523 540 longa
3558 471 3729 536 born.

2145 569 2326 623 quam,
2359 553 2497 608 mala
2521 554 2623 608 vita
2654 555 2794 608 erit?
2822 552 3064 632 Longam
3102 572 3312 612 cumam
3352 560 3549 615 malam
3577 577 3731 619 nemo

2146 645 2322 713 ferre,
2354 648 2558 717 longam
2611 648 2771 701 vitam
2816 649 3010 703 malam
3056 664 3248 706 omnes
3286 651 3470 707 volunt
3511 653 3725 711 habere.

2148 735 2340 807 Utique
2369 738 2414 790 si
2435 737 2635 807 grande
2658 747 2742 793 est
2768 738 2909 809 quod
2939 740 3166 796 vivimus
3188 784 3201 804 ,
3236 742 3434 797 bonum
3460 745 3532 799 sit
3560 747 3727 814 ipsum

2147 830 2365 895 grande.
2410 826 2547 894 Quid
2587 828 2728 881 enim
2759 829 2838 883 vis
2878 830 3042 898 mali,
3073 830 3161 887 die
3189 832 3355 899 mibi,
3385 835 3439 887 in
3483 834 3729 890 ontnibus

2145 921 2250 977 tuis
2296 921 2533 986 actibus,
2573 923 3012 992 cogitationibus,
3062 924 3475 994 cupiditatibus?
3510 925 3725 981 Terram

2145 1014 2335 1068 malam
2363 1029 2467 1068 non
2500 1015 2601 1077 vis,
2633 1024 2868 1083 segetem
2896 1016 3086 1069 malam
3129 1032 3233 1070 non
3272 1018 3351 1071 vis
3389 1016 3608 1085 utique,
3634 1022 3722 1075 sed

2144 1104 2371 1171 bonam;
2400 1104 2643 1159 arborem
2673 1105 2897 1172 bonam,
2930 1120 3122 1175 equum
3152 1105 3371 1170 bonum,
3399 1121 3615 1161 servum
3636 1110 3724 1163 bo-

2144 1211 2304 1262 num,
2337 1196 2564 1250 amicum
2609 1195 2805 1250 bonum
2828 1238 2844 1262 ,
2878 1196 3047 1250 lilium
3093 1198 3288 1251 bonum
3309 1237 3326 1264 ,
3355 1212 3578 1253 uxorem
3628 1200 3720 1253 bo-

2142 1302 2285 1340 nam.
2319 1286 2385 1340 Et
2411 1287 2537 1355 quid
2576 1286 2690 1341 haec
2721 1301 2907 1355 magna
2949 1303 3310 1342 commemoro
3344 1288 3717 1359 :quandoquio
3748 1325 3757 1332 -

2142 1378 2263 1434 dem
2308 1390 2507 1433 vestem
2540 1380 2706 1448 ipsam
2751 1380 2943 1433 malam
2988 1394 3092 1433 non
3135 1380 3212 1433 vis
3252 1380 3477 1443 habere,
3507 1382 3605 1436 sed
3635 1382 3721 1436 bo-

2142 1486 2299 1537 nam;
2328 1471 2551 1541 caligam
2594 1482 2866 1540 postremo
2904 1471 3072 1542 ipsam
3101 1488 3207 1526 non
3248 1472 3327 1526 vis
3356 1473 3458 1527 nisi
3499 1473 3721 1528 bonam?

2142 1566 2249 1617 Aut
2272 1562 2338 1617 da
2371 1561 2504 1617 mihi
2527 1561 2721 1632 aliquid
2752 1572 2803 1616 te
2839 1563 2973 1617 velle
2998 1563 3136 1631 quod
3165 1563 3361 1617 malum
3390 1574 3474 1619 est
3495 1606 3511 1631 ,
3548 1575 3723 1621 necte

2140 1656 2279 1711 velle
2294 1655 2489 1725 aliquid
2509 1655 2725 1709 bonum.
2749 1654 2888 1710 Puto
2907 1698 2922 1722 ,
2951 1656 3129 1710 villam
3157 1658 3347 1711 malam
3377 1672 3481 1711 non
3503 1658 3610 1721 vis,
3632 1663 3721 1713 sed

2141 1750 2368 1813 bonam;
2400 1749 2569 1804 solum
2598 1750 2828 1804 animam
2858 1750 3052 1805 malam
3073 1752 3155 1804 vis
3176 1752 3287 1821 (a)?
3314 1751 3452 1820 Quid
3481 1762 3534 1807 tc
3554 1752 3720 1807 oden-

2139 1840 2300 1897 disti?
2318 1839 2455 1910 Quid
2475 1840 2541 1895 de
2564 1849 2616 1897 le
2641 1841 2781 1896 male
2805 1852 2863 1895 tu
2882 1842 2994 1911 ipse
3021 1843 3297 1897 meruisti?
3318 1843 3461 1897 Inter
3481 1844 3619 1898 bona
3640 1855 3720 1898 tua

2140 1949 2247 1988 non
2263 1933 2341 1987 vis
2355 1947 2475 1988 esse
2487 1931 2705 2000 malum,
2720 1935 2821 1988 nisi
2839 1946 2890 1989 te
2905 1934 3096 1989 solum.
3112 1930 3296 1989 Putate
3309 1937 3429 2005 quia
3448 1936 3571 1991 dico
3587 1938 3721 2005 quod

2139 2027 2319 2091 soleo,
2352 2035 2402 2082 et
2431 2026 2602 2082 facitis
2627 2027 2766 2096 quod
2796 2027 3001 2103 soletis.
3032 2027 3147 2098 Ego
3165 2044 3346 2083 coram
3375 2030 3492 2084 Deo
3514 2032 3723 2083 excutio

2139 2120 2451 2174 vestimenta
2475 2133 2613 2175 mea.
2638 2119 2825 2174 Timeo
2864 2134 2931 2174 ne
2957 2119 3087 2174 mihi
3113 2120 3420 2189 imputetur,
3450 2123 3581 2190 quia
3620 2139 3720 2178 non

2138 2212 2277 2266 dico.
2296 2210 2541 2267 Ofllcium
2564 2227 2739 2268 meum
2758 2212 2977 2283 impleo,
3005 2214 3229 2267 fructum
3248 2219 3482 2268 vestrum
3503 2230 3716 2284 qua-ro;

2137 2306 2206 2361 de
2229 2304 2383 2359 bonis
2411 2305 2660 2375 Operibus
2680 2305 2871 2359 vestris
2894 2305 3145 2376 gaudium
3189 2303 3396 2362 habere
3424 2307 3555 2362 voto
3574 2349 3589 2368 ,
3619 2324 3717 2362 non

2140 2398 2441 2467 peetmiam.
2462 2396 2578 2452 Non
2608 2398 2745 2451 enim
2771 2400 2859 2468 qui
2890 2399 3027 2454 bene
3048 2399 3198 2464 vivit,
3227 2399 3441 2454 divitem
3470 2416 3559 2455 me
3580 2401 3718 2455 facit.

2138 2487 2204 2542 Et
2219 2497 2395 2543 tamen
2412 2488 2547 2543 bene
2562 2488 2722 2551 vivat,
2746 2499 2798 2543 ct
2814 2488 2953 2543 facit.
2977 2489 3181 2543 Divitia‘
3199 2506 3331 2543 mese
3354 2507 3459 2543 non
3480 2492 3580 2544 nisi
3603 2507 3722 2560 spes

2135 2588 2312 2634 vestra
2376 2588 2459 2633 est
2506 2578 2559 2633 in
2606 2578 2836 2634 Christo.
2895 2577 3156 2634 Gaudium
3219 2595 3431 2647 meum,
3475 2582 3720 2636 solatium

2134 2685 2313 2725 meum
2333 2711 2347 2733 ,
2374 2679 2427 2724 et
2450 2672 2886 2738 reSpiramentum
2913 2672 3265 2739 periculorum
3293 2689 3535 2728 meorum
3561 2676 3611 2727 in
3643 2674 3723 2727 Itis

2133 2763 2513 2818 tentationibus
2536 2763 2734 2817 nullum
2763 2772 2872 2825 est,
2904 2764 3005 2818 nisi
3028 2765 3163 2818 bona
3187 2765 3516 2840 vitavestra.
3550 2766 3721 2821 Obseo

2132 2870 2224 2912 cro
2246 2871 2371 2924 vos,
2404 2856 2593 2912 fratres
2613 2898 2628 2923 ,
2657 2857 2700 2911 si
2727 2856 2872 2911 obliti
2895 2857 3024 2911 estis
3053 2858 3212 2912 vestri
3244 2857 3572 2913 miseremini
3596 2861 3724 2920 mei.

2540 2988 2769 3048 SEBRIO
2806 2988 3131 3045 CCXXXIII.
3160 2994 3178 3014 ‘
3208 2990 3301 3063 (ὁ).

2581 3097 2631 3139 In
2652 3089 2828 3143 diebus
2856 3089 3178 3151 Paschalibus,
3201 3105 3264 3142 tv.

2248 3186 2328 3245 De
2353 3190 2711 3246 resurrectione
2736 3190 2924 3248 Christi
2949 3192 3219 3246 secundum
3240 3190 3474 3246 Marcum
3498 3195 3591 3265 (ε).

2197 3303 2422 3360 CAPUT
2453 3302 2736 3360 PRIMUM.
2758 3304 2899 3359 —i.
2928 3303 3332 3359 Resurrectionis
3356 3305 3483 3373 ﬁdes
3513 3308 3723 3374 propriis

2125 3394 2546 3450 Christianorum.
2570 3394 2809 3451 Audistis
2835 3396 3118 3451 lectionem
3160 3397 3327 3451 sancti
3362 3398 3629 3464 Evangelii
3651 3399 3720 3453 de

2125 3489 2516 3545 resurrectione
2542 3488 2761 3545 Christi.
2795 3489 2852 3545 In
2883 3490 3275 3545 resurrectione
3295 3488 3493 3544 Christi
3514 3502 3718 3545 emissa.

2123 3580 2271 3636 bilita
2299 3588 2382 3637 est
2412 3579 2545 3636 tldes
2562 3590 2764 3635 nostra.
2789 3580 3093 3636 Passionem
3113 3578 3310 3634 Christi
3354 3590 3410 3636 ct
3440 3581 3637 3649 Pagani
3663 3586 3716 3635 et

2124 3673 2271 3743 impii
2296 3679 2350 3728 et
2381 3672 2549 3729 Judaei
2592 3673 2934 3729 crediderunt
2964 3691 2978 3729 :
3008 3673 3459 3729 resurrectionem
3502 3676 3712 3727 nonnisi

2122 3763 2429 3821 Christiani.
2476 3764 2664 3819 Passio
2712 3762 2909 3819 Christi
2958 3764 3223 3835 signiﬁcat
3269 3764 3519 3819 miserias
3560 3764 3712 3832 huius

2122 3858 2245 3912 vita:
2278 3871 2293 3911 :
2324 3856 2645 3911 resurrectio
2688 3855 2883 3910 Christi
2929 3855 3165 3910 ostendit
3208 3855 3592 3910 beatitudinem
3633 3856 3709 3908 [ιο

2122 3956 2254 4001 tum:
2283 3946 2423 4000 vita).
2470 3944 2528 4001 In
2555 3947 2803 4016 przosenti
2843 3946 3144 4001 laboremus
3177 3964 3191 4000 :
3221 3947 3274 3999 in
3306 3946 3483 3999 futura
3524 3961 3707 4014 spere-

2122 4052 2260 4091 mus.
2294 4036 2448 4091 lIodo
2488 4046 2695 4107 tempus
2734 4046 2814 4092 est
2855 4037 3032 4106 Operis
3063 4055 3078 4091 :
3108 4048 3233 4091 tunc
3276 4037 3559 4092 mercedis.
3606 4037 3704 4102 Qui

2121 4129 2423 4200 pigercstiu
2439 4127 2739 4184 exhibendo
2763 4144 2942 4197 opere,
2967 4128 3248 4197 impudens
3267 4138 3351 4181 est
3377 4129 3428 4181 in
3450 4126 3700 4198 exigenda

2120 4219 2384 4277 mercede.
2422 4220 2659 4275 Audistis
2699 4220 2824 4290 quid
2874 4219 3068 4275 dixerit
3115 4219 3392 4289 discipulis
3432 4220 3543 4273 suis
3589 4224 3705 4287 post

2119 4313 2590 4371 resurrectionem.
2631 4312 2771 4366 Misit
2804 4327 2899 4366 eos
2937 4312 3002 4366 ad
3037 4312 3381 4382 Evangelium
3414 4314 3698 4381 pratdican-

2118 4404 2277 4468 dum,
2320 4413 2374 4457 et
2420 4403 2616 4458 factum
2665 4414 2749 4458 est
2779 4422 2792 4457 :
2824 4403 3164 4474 pratdicatum
3209 4414 3294 4457 est
3325 4404 3690 4472 Evangelium,

2118 4497 2357 4565 pervenit
2379 4496 2445 4550 ad
2473 4512 2589 4550 nos.
2625 4494 2694 4550 Et
2712 4511 2837 4551 ecce
2858 4536 2875 4561 ,
2899 4494 2964 4549 In
2984 4511 3179 4550 omnem
3201 4507 3386 4550 terram
3407 4498 3523 4550 exiit
3549 4512 3688 4548 sonas

2114 4605 2310 4650 eorum,
2338 4591 2459 4643 etin
2486 4590 2610 4658 ﬁnes
2636 4589 2772 4644 orbis
2793 4599 2941 4643 terra!
2958 4589 3105 4643 verba
3129 4604 3303 4643 eorum
3336 4588 3508 4661 (Psal.
3534 4603 3648 4643 xvm
3664 4627 3677 4648 .

2115 4682 2193 4745 5).
2245 4679 2579 4735 Ambulando
2606 4689 2660 4734 et
2685 4679 3038 4745 ambulando,
3069 4678 3416 4749 Evangelium
3458 4677 3676 4749 pervenit

2113 4773 2177 4826 ad
2209 4788 2306 4827 nos
2330 4814 2345 4838 ,
2376 4783 2429 4829 ct
2455 4773 2519 4827 ad
2546 4773 2695 4827 ﬁnes
2725 4783 2900 4829 terrm.
2942 4771 3182 4826 Breviter
3206 4771 3481 4826 constituit
3507 4768 3669 4829 nobis,

2114 4867 2335 4935 loquens
2382 4864 2657 4934 discipulis
2699 4863 2811 4917 suis
2847 4862 2972 4932 quid
3020 4861 3315 4921 faciamus.
3344 4861 3467 4931 quid
3509 4870 3664 4928 sperc—

2113 4970 2250 5011 nms.
2282 4955 2370 5009 Ait
2413 4955 2555 5009 enim
2581 4997 2595 5019 ,
2628 4955 2763 5009 sient
2811 4953 3034 5008 audistis
3073 4953 3287 5022 quando
3332 4951 3660 5021 loquebatur:

2114 5048 2215 5115 Qui
2275 5047 2543 5102 crediderit
2576 5057 2620 5099 et
2644 5047 2924 5117 baptizatus
2965 5046 3151 5115 fuerit,
3179 5042 3350 5097 salvus
3370 5045 3461 5097 erit
3486 5046 3502 5112 (
3523 5040 3660 5095 Mart.

2113 5155 2196 5192 xvt
2223 5180 2237 5205 ,
2264 5137 2389 5209 l6).
2423 5136 2665 5207 Exigitur
2690 5153 2718 5191 a
2762 5137 2915 5192 nobis
2942 5135 3101 5201 lides,
3133 5134 3357 5190 oil‘crtur
3381 5134 3551 5187 salus:
3579 5128 3661 5195 Qui

2110 5228 2375 5283 crediderit
2412 5239 2458 5282 et
2484 5228 2766 5298 baptizatus
2819 5228 2968 5300 [iterit
2990 5269 3006 5293 ,
3030 5229 3198 5281 salvus
3236 5227 3349 5280 erit.
3393 5226 3660 5279 I’retionnu

2174 5367 2189 5395 ι
2217 5362 2379 5429 plures
2406 5364 2712 5429 manuscripti
2746 5370 2917 5429 carent
2944 5361 3023 5411 his
3042 5362 3237 5429 verbis,
3267 5367 3328 5429 et_
3349 5371 3507 5429 qurere
3535 5368 3659 5429 Itym

2107 5426 2425 5537 mmth’m
2452 5432 2497 5475 et
2519 5437 2613 5476 non
2640 5422 2862 5485 irtvenio;
2887 5436 3156 5486 eorumne
3188 5421 3295 5473 loco
3314 5421 3505 5482 habent,
3529 5421 3659 5470 tium

2108 5498 2156 5537 ut
2321 5501 2362 5537 at
2389 5524 2399 5535 .

2108 5498 2156 5539 ut
2180 5495 2301 5537 bona
2321 5495 2399 5538 δη.

2172 5553 2187 5568 “
2212 5549 2499 5598 Emendatus
2514 5549 2574 5598 ad
2594 5548 2643 5597 d.
2670 5562 2711 5596 r.
2732 5556 2769 5597 t.
2795 5562 2841 5597 v.
2862 5555 2914 5598 et
2932 5553 3041 5596 Lor.

2169 5612 2240 5671 (α)
2267 5611 2380 5660 vide
2402 5619 2552 5659 Serm.
2575 5611 2654 5669 72,
2678 5624 2728 5658 n.
2832 5617 2881 5657 et
2905 5617 3053 5659 Serm.
3073 5608 3152 5672 82,
3174 5625 3221 5659 υ.
3254 5610 3333 5673 Η.

2170 5674 2237 5735 (b)
2265 5675 2401 5732 Alias,
2426 5673 2488 5721 de
2514 5675 2726 5724 Diversis

2169 5738 2236 5800 (cf)
2262 5737 2373 5785 tiitat
2398 5735 2557 5793 t-‘lorus
2577 5736 2633 5791 ad
2661 5742 2784 5785 nom.
2814 5748 2910 5795 tm.
