3886 6188
192 338 325 394 IIIS

182 450 432 521 estquod
478 450 629 506 nobis
682 451 1006 519 promittitur
1030 494 1044 517 ,
1076 453 1240 522 gratis
1273 454 1330 506 tit
1373 453 1513 523 quod
1537 454 1771 522 jubetur.

254 542 308 595 9..
336 540 581 596 —Sulus
609 542 922 597 credentibus
948 545 1189 613 promisso
1214 545 1540 599 discernenda
1557 564 1589 600 a
1618 547 1779 600 salute

181 637 471 704 temporali.
496 634 725 690 Christus
750 646 822 689 est
845 639 959 709 fons
986 639 1192 691 vitaa.—
1207 638 1309 703 Qui
1324 639 1590 693 crediderit
1618 652 1662 694 et
1686 641 1776 693 ba-

184 728 404 794 ptiz'ttus
430 727 623 796 fuerit,
672 720 842 780 salvus
871 727 985 780 erit.
1018 727 1154 795 Quid
1185 729 1366 784 enim?
1413 731 1501 800 qui
1540 729 1653 784 haec
1678 746 1774 785 au-

180 818 399 872 diebant
423 859 440 882 ,
466 818 597 871 salvi
621 834 725 871 non
752 826 907 872 erant
925 817 950 872 ?
971 818 1160 873 Nonne
1189 821 1338 875 multi
1370 822 1498 875 salvi
1530 822 1772 886 credunt,

182 907 311 964 salvi
358 916 483 962 sunt
526 918 579 961 et
622 917 905 979 antequam
959 909 1214 965 credant?
1265 912 1406 966 Salvi
1453 913 1607 981 plane
1638 931 1651 967 :
1682 913 1775 968 sed

181 1012 312 1052 vana
343 998 488 1051 salus
516 997 788 1052 hominum
816 999 987 1071 (Psal.
1018 1017 1131 1065 ιιι,
1164 1003 1231 1056 15
1255 1003 1296 1073 ).
1323 1003 1509 1068 Qualis
1546 1012 1628 1058 est
1677 1005 1773 1058 ista

178 1090 343 1154 salus,
371 1103 491 1158 quae
523 1089 613 1143 tibi
650 1104 770 1144 cum
798 1090 1045 1160 jumento
1074 1103 1164 1146 tuo
1193 1094 1491 1148 communis
1516 1095 1641 1148 est?
1669 1094 1773 1149 Ve-

180 1193 477 1236 rumtamen
502 1184 662 1238 etiam
695 1184 806 1252 ipsa
838 1185 978 1239 unde
1002 1226 1017 1251 ,
1059 1186 1158 1239 nisi
1188 1186 1388 1250 abillo,
1409 1187 1478 1241 de
1506 1203 1612 1255 quo
1642 1188 1776 1242 seri-

182 1283 329 1341 ptum
355 1282 473 1327 est:
510 1273 751 1328 Homines
786 1283 833 1327 et
863 1276 1094 1346 jumenta
1120 1277 1285 1331 salvos
1309 1277 1486 1345 facies,
1523 1277 1777 1334 Domine?

182 1363 243 1417 Et
271 1363 478 1417 addidit
512 1380 524 1416 :
559 1363 847 1418 Secundum
876 1367 1246 1421 multitudinem
1277 1369 1629 1423 misericordia:
1653 1379 1771 1436 tuae,

176 1454 336 1510 Deus.
393 1455 557 1510 Tanta
583 1466 665 1510 est
692 1458 832 1510 euiut
878 1458 1159 1512 multitudo
1205 1461 1582 1515 misericordite
1631 1471 1772 1535 uno,

182 1557 233 1600 ut
263 1548 447 1601 veniat
473 1563 500 1600 a
531 1557 581 1601 te
610 1550 754 1601 salus
786 1548 836 1602 in
882 1550 1036 1603 istam
1084 1565 1299 1604 carnem
1352 1553 1630 1606 mortalem
1675 1553 1772 1606 ho-

182 1637 407 1702 minum,
434 1639 609 1692 veniat
637 1650 690 1691 et
728 1638 794 1691 ad
824 1654 1041 1693 carnem
1072 1655 1343 1708 pecorum.
1369 1642 1494 1696 lla-c
1522 1653 1604 1697 est
1633 1644 1773 1697 mul—
1824 1674 1831 1682 -

187 1729 364 1782 titudo
390 1728 770 1783 titiSCt'lCOl‘dltL‘
793 1737 914 1782 ttae.
942 1729 1089 1783 Filiis
1118 1732 1220 1784 tuis
1249 1733 1417 1801 qttid?
1447 1733 1583 1787 Ecce
1608 1734 1771 1788 Itami-

185 1836 267 1873 nes
298 1830 348 1873 et
370 1821 601 1890 jumentu
646 1820 811 1874 salvos
832 1821 1013 1890 facies,
1047 1820 1277 1875 Domine.
1307 1822 1445 1876 Nihil
1477 1825 1631 1878 nobis
1653 1841 1769 1878 am-

183 1913 363 1981 plius?
390 1913 540 1982 Quod
575 1913 877 1967 hominibus
918 1916 1336 1983 quibuscumque
1361 1958 1376 1981 ,
1406 1918 1544 1984 qttod
1566 1919 1773 1988 pecori-

183 2008 303 2073 bus,
337 2008 437 2061 hoc
466 2016 744 2077 pra-statur
770 2016 821 2059 et
867 2006 1059 2061 nobis?
1080 2006 1192 2060 Non
1223 2008 1372 2076 plane
1402 2008 1519 2064 hoc.

245 2096 478 2152 (iAPU'I‘
502 2096 767 2152 ll.—Sed
788 2097 951 2166 quid?
973 2098 1105 2151 Audi
1134 2116 1145 2151 :
1169 2098 1292 2151 Filii
1320 2111 1485 2153 autem
1514 2101 1772 2155 hominum

183 2188 271 2242 sub
297 2187 518 2257 tegmine
536 2186 735 2240 alarum
764 2198 962 2240 tuarum
988 2189 1257 2257 sperabunt
1280 2206 1298 2243 :
1318 2189 1690 2244 inebriabuntur
1709 2194 1770 2246 ab

178 2282 406 2333 ubertate
433 2279 611 2332 domus
639 2289 739 2332 tute
765 2320 781 2345 ,
809 2288 855 2332 et
883 2289 1101 2333 torrente
1133 2280 1405 2350 voluptatis
1434 2292 1535 2335 tua:
1579 2283 1772 2351 potabis

179 2388 277 2424 eos.
317 2370 573 2435 Quoniam
595 2369 733 2439 apud
759 2379 806 2423 te
830 2379 898 2423 est
922 2371 1164 2440 fonsvitte
1189 2369 1356 2441 (Paul.
1395 2387 1561 2433 xxxv,
1592 2374 1621 2426 7
1663 2374 1768 2446 10).

181 2462 430 2518 Christus
453 2471 533 2516 est
550 2464 664 2516 fons
682 2463 824 2517 vitm.
842 2462 886 2516 ll
924 2462 1175 2517 behamus
1191 2463 1414 2517 salutem
1433 2481 1549 2517 cum
1565 2466 1776 2533 jumen-

181 2554 265 2619 tis,
295 2568 578 2622 quousque
606 2554 810 2607 veniret
832 2553 895 2606 ad
920 2568 1015 2606 nos
1042 2552 1160 2608 fons
1187 2555 1304 2607 vita:
1326 2553 1469 2607 :l‘ons
1487 2555 1605 2606 vita-
1631 2556 1772 2610 venit

179 2643 243 2696 ad
264 2658 369 2695 nos
390 2683 408 2708 ,
439 2652 492 2697 et
517 2642 633 2696 lous
660 2643 779 2696 vita:
804 2651 1043 2697 mortuus
1067 2652 1145 2698 est
1170 2654 1384 2713 propter
1405 2658 1520 2698 nos.
1552 2643 1773 2713 Negahil

180 2737 348 2790 vitam
390 2750 540 2789 suam
565 2776 578 2796 ,
611 2735 699 2805 qui
743 2735 895 2789 nobis
924 2737 1160 2805 erogavit
1195 2745 1419 2790 mortem
1447 2739 1635 2790 suam?
1656 2736 1770 2805 Ipsa

177 2838 254 2883 est
272 2830 457 2891 salus,
487 2844 605 2897 qua:
627 2843 730 2881 non
761 2836 842 2880 est
869 2842 1024 2882 vana.
1043 2827 1243 2893 Quare?
1268 2828 1397 2895 Quia
1424 2843 1529 2881 non
1562 2830 1771 2882 transit.

245 2920 302 2973 5.
342 2917 583 2971 Homines
621 2928 665 2971 et
696 2919 791 2986 filii
835 2918 1092 2970 hominum
1118 2919 1171 2971 in
1202 2934 1297 2984 quo
1327 2916 1584 2983 differant.
1634 2918 1773 2974 Bene

177 3009 652 3065 animadvertenda
702 3020 785 3063 est
838 3010 932 3062 ista
982 3009 1287 3075 distinctio,
1338 3009 1584 3065 Homines
1618 3022 1664 3064 et
1687 3012 1775 3081 ju-

181 3113 354 3156 menta
372 3102 539 3155 salvos
563 3101 739 3169 facies,
769 3099 984 3154 Domine
1005 3116 1025 3153 :
1058 3100 1321 3166 Homines,
1355 3103 1683 3170 pertinentes
1707 3101 1773 3156 ad

181 3194 477 3247 hominem.
504 3190 626 3244 Filii
645 3202 812 3244 autem
838 3191 1117 3256 hominum,
1150 3191 1473 3259 pertinentes
1495 3193 1558 3246 ad
1583 3193 1772 3248 Filium

182 3283 419 3338 hominis
438 3324 453 3347 ,
485 3282 575 3335 sub
603 3284 821 3352 tegmine
847 3282 1046 3334 alarum
1087 3292 1287 3335 tuarum
1312 3285 1602 3353 sperabunt.
1634 3289 1776 3338 Con-

181 3376 392 3430 stituite
437 3374 587 3428 vobis
629 3384 753 3429 ante
803 3374 987 3428 oculos
1023 3373 1161 3428 duos
1188 3372 1449 3429 homines.
1489 3375 1689 3446 Erigite
1717 3378 1777 3430 li-

181 3470 302 3523 dem
330 3508 343 3530 ,
386 3468 599 3534 evigilet
641 3481 735 3520 cor
777 3477 1011 3520 vestrum
1060 3466 1454 3521 :recordamini
1503 3468 1773 3524 hominem

182 3561 232 3613 in
273 3573 389 3628 quo
433 3557 643 3625 decepti
670 3571 891 3621 sumus;
922 3557 1275 3612 recordamini
1312 3556 1580 3613 hominem
1611 3575 1639 3612 a
1670 3575 1776 3629 quo

182 3650 449 3719 redempti
497 3666 699 3703 sumus.
730 3647 821 3703 Ille
862 3648 1022 3703 homo
1069 3648 1320 3718 numquid
1352 3649 1776 3704 ﬁliushominis?

180 3740 356 3795 Adam
386 3739 550 3793 ltotno
590 3748 735 3802 erat,
769 3738 906 3792 illius
949 3737 1179 3791 hominis
1206 3754 1311 3791 non
1353 3746 1486 3792 erat.
1521 3739 1644 3793 Ideo
1672 3739 1776 3793 Do-

182 3834 364 3887 minus
384 3830 630 3884 Chrisms
658 3830 871 3885 assidue
909 3845 967 3883 se
995 3828 1124 3883 dicit
1153 3828 1315 3882 (ilium
1341 3828 1584 3891 hominis,
1619 3840 1674 3882 ut
1701 3832 1777 3884 la-

180 3926 283 3979 ciat
312 3938 414 3977 nos
441 3922 703 3977 recordari
732 3921 998 3976 hominem
1043 3920 1131 3989 qui
1161 3935 1264 3973 non
1311 3921 1407 3972 luit
1436 3920 1573 3974 illius
1605 3920 1776 3974 innui-

182 4016 269 4068 nis
295 4032 310 4067 :
336 4024 393 4066 ut
422 4013 762 4067 recordemur
787 4012 836 4065 in
869 4012 959 4065 illo
1000 4021 1221 4064 mortem
1248 4052 1261 4074 ,
1296 4010 1346 4063 in
1379 4010 1479 4064 isto
1504 4011 1694 4077 vitam;
1727 4012 1776 4065 in

184 4108 274 4162 illo
305 4116 607 4177 peccatum,
631 4106 683 4158 in
716 4105 815 4158 isto
837 4103 1203 4158 remissionem
1229 4112 1585 4172 peccatorum;
1616 4105 1664 4157 in
1688 4104 1780 4157 illo

183 4200 485 4261 vinculum,
514 4199 565 4251 in
598 4200 699 4253 isto
721 4197 1051 4261 libertatem;
1082 4196 1133 4250 in
1158 4196 1244 4249 illo
1270 4195 1664 4250 damnationem
1686 4239 1700 4262 ,
1726 4197 1778 4250 in

184 4294 291 4348 ism
332 4291 741 4345 absolutionem.
793 4290 905 4346 Duo
934 4305 1060 4359 ergo
1091 4290 1175 4344 isti
1207 4290 1446 4344 homines
1499 4289 1778 4360 signiticati

183 4394 317 4438 sunt
341 4385 395 4437 in
424 4383 506 4436 his
534 4383 735 4447 verbis,
768 4380 1010 4437 Homines
1038 4393 1085 4436 et
1115 4384 1352 4453 jumenta
1392 4382 1560 4437 salros
1584 4387 1738 4455 facies
1762 4426 1777 4451 ,

187 4476 433 4529 Domine.
474 4473 748 4537 "omines,
783 4473 1104 4542 pertinentes
1145 4477 1209 4527 ad
1255 4472 1524 4528 hominem
1560 4491 1573 4528 :
1604 4483 1669 4526 et-
1686 4475 1781 4545 jn-

185 4578 383 4631 menta,
412 4566 568 4621 simul
595 4582 712 4619 cum
758 4565 1010 4633 iumentis
1057 4579 1150 4619 eos
1198 4567 1362 4619 salvos
1388 4567 1558 4637 facies.
1612 4566 1782 4621 llomo

185 4661 338 4713 enim
371 4659 422 4711 in
450 4657 655 4715 honore
675 4656 878 4726 positus
906 4670 1007 4707 non
1038 4655 1289 4709 intellexit
1314 4696 1329 4721 ,
1358 4656 1494 4710 sicut
1524 4656 1781 4725 scriptum

186 4761 272 4808 cst
309 4746 509 4801 :llomo
539 4748 589 4799 in
616 4747 804 4799 honore
833 4746 1022 4816 positus
1052 4763 1148 4798 non
1173 4746 1446 4809 intellexit;
1467 4757 1784 4815 comparatus

187 4852 262 4895 est
266 4840 515 4912 jumentis
528 4838 811 4901 insensotis,
826 4848 870 4891 et
883 4837 1060 4891 similis
1077 4838 1401 4907 foctusesteis
1418 4836 1581 4908 (Psal.
1600 4854 1625 4891 κ
1636 4854 1781 4903 LVIII,

196 4933 309 5002 15).
335 4930 649 4997 Propterea,
675 4928 915 4982 Homines
944 4937 987 4981 et
999 4929 1250 4999 jnmentu,
1269 4927 1461 4996 quibus
1479 4928 1679 4983 similes
1704 4928 1785 4981 fa-

187 5024 261 5077 cti
292 5030 419 5075 sunt
444 5020 705 5083 homines,
735 5019 853 5088 quia
891 5033 994 5073 non
1017 5019 1404 5082 intellexerunt,
1429 5027 1480 5072 et
1499 5018 1579 5073 eis
1597 5019 1785 5089 quibus

190 5112 464 5168 dominari
507 5111 670 5166 ercati
715 5120 871 5170 sunt,
906 5109 1193 5179 comparati
1223 5118 1377 5171 sunt,
1421 5109 1584 5162 salvos
1610 5110 1782 5179 facies.

271 5200 509 5257 CAPUT
543 5200 717 5255 ll|.—
738 5202 786 5253 4.
819 5199 976 5254 Salus
998 5200 1079 5252 hic
1099 5216 1213 5252 vera
1234 5215 1333 5253 non
1362 5200 1562 5252 inventa
1586 5216 1617 5252 a
1642 5199 1786 5254 Chri-

191 5304 300 5346 sto.
360 5290 589 5346 Christus
649 5300 795 5343 nutus
861 5290 1125 5350 mortalis,
1183 5299 1232 5340 nt
1290 5300 1496 5342 mortem
1543 5293 1781 5360 auferret.

192 5382 469 5454 Numquid
504 5382 614 5452 ipsa
646 5392 727 5435 est
750 5381 892 5435 salus
923 5423 935 5443 ,
968 5380 1034 5434 de
1057 5395 1156 5449 qua
1184 5380 1380 5434 dictum
1410 5390 1489 5434 est
1510 5422 1525 5447 ,
1557 5383 1653 5446 Qui
1679 5399 1786 5434 rre-

198 5475 394 5528 diderit
416 5515 430 5535 ,
463 5484 507 5526 et
551 5472 834 5540 baptizatus
862 5472 1041 5542 fuerit,
1066 5470 1234 5526 salvus
1281 5473 1369 5524 erit
1389 5473 1412 5524 ἶ)
1434 5473 1549 5524 Alia
1595 5482 1672 5525 est
1702 5473 1785 5525 illa

190 5568 382 5631 salus,
435 5566 587 5635 longe
631 5564 750 5618 alia.
788 5563 970 5632 Angeli
1015 5565 1149 5619 hanc
1195 5564 1429 5619 habent:
1464 5564 1626 5618 nolite
1671 5581 1786 5617 eam

195 5674 449 5727 qna-rere
477 5658 526 5709 itt
569 5669 726 5710 terra.
764 5654 946 5721 Magna
998 5665 1106 5715 est,
1137 5655 1227 5708 sed
1276 5672 1377 5706 nott
1431 5663 1513 5707 est
1545 5654 1645 5706 l-ic.
1677 5655 1786 5706 Non

194 5758 290 5817 (ﬁt
318 5750 414 5808 ista
457 5764 543 5801 res
594 5746 656 5800 dc
686 5746 780 5799 ista
817 5746 1028 5816 regium
1054 5785 1070 5809 ,
1104 5763 1204 5797 not:
1233 5753 1311 5809 est
1356 5745 1423 5797 hi:
1468 5744 1585 5798 ι-ιιζδ
1623 5746 1784 5801 salvis.

1541 340 1770 395 SERMO
1808 340 2131 395 CCXXXI”.

3343 355 3480 411 illis

1893 452 2114 507 Sursum
2140 469 2255 509 cor.
2290 455 2427 521 Quid
2455 456 2539 511 hic
2567 459 2761 529 quaeris
2793 460 2844 515 in
2886 470 3024 517 terra
3054 464 3276 520 salutem
3298 466 3480 524 hanc?

1887 542 1999 613 ipsa
2045 545 2190 599 Salus
2233 547 2335 600 huc
2370 547 2549 615 venit,
2580 559 2633 604 et
2663 566 2885 606 mortem
2931 563 3163 608 nostram
3211 554 3297 611 'nic
3328 558 3477 615 inve-

1885 637 1982 690 nit.
2014 636 2279 707 Numquid
2316 640 2566 693 Dominns
2588 653 2771 697 noster
2790 644 2947 699 Jesns
2971 645 3234 712 Christus,
3266 650 3478 716 quando

1883 726 2027 780 venit
2055 726 2120 780 ad
2166 743 2262 782 nes
2291 728 2341 783 in
2387 745 2581 795 carne,
2612 732 2813 787 invenit
2856 736 2943 791 hic
2984 737 3207 791 salutem
3240 740 3389 794 istam
3423 743 3474 797 in

1883 821 2099 886 regione
2148 820 2641 889 nttstraHlagunm
2680 824 2803 892 quid
2847 825 2947 879 huc
2993 829 3165 883 attulit
3214 844 3476 888 mercator

1883 908 1982 963 iste
2007 908 2074 963 de
2102 912 2320 980 regione
2346 926 2439 966 sua
2486 915 2704 969 veniens
2735 933 2747 963 τ
2778 927 3040 971 mercator
3072 922 3168 973 istc
3191 921 3387 977 invenit
3423 926 3475 979 in

1881 1000 2098 1069 regione
2127 1013 2306 1056 nostra
2335 1004 2474 1071 quod
2504 1004 2589 1059 hic
2618 1005 2870 1061 abundat.
2899 1009 3033 1075 Quid
3078 1011 3163 1065 hic
3200 1014 3473 1069 abundat?

1881 1090 2037 1146 Nasci
2062 1103 2111 1147 et
2140 1096 2296 1147 mori.
2327 1096 2487 1149 Plena
2534 1108 2614 1152 est
2640 1108 2778 1153 terra
2810 1101 2891 1155 his
2918 1105 3214 1167 mercibus,
3249 1108 3393 1161 nasci
3419 1119 3473 1163 et

1882 1184 2044 1238 mori.
2074 1185 2237 1239 Natus
2281 1198 2361 1241 est
2386 1230 2398 1251 ,
2422 1199 2476 1243 et
2522 1203 2759 1244 mortuus
2784 1202 2885 1247 est.
2917 1194 3021 1249 Sed
3068 1212 3166 1265 qua
3205 1199 3283 1251 via
3317 1212 3473 1257 natus

1879 1274 2000 1330 est?
2044 1276 2121 1330 Ad
2164 1278 2314 1331 istam
2347 1282 2613 1350 regionem
2651 1283 2944 1346 venit,scd
2989 1303 3092 1340 non
3138 1304 3197 1341 ea
3244 1290 3323 1342 via
3368 1308 3469 1361 qua

1880 1374 1933 1419 et
1964 1382 2059 1420 nos
2096 1368 2260 1420 venit.
2306 1370 2378 1423 De
2406 1372 2543 1424 coelo
2586 1374 2726 1427 enim
2761 1377 2904 1428 venit
2928 1395 2953 1426 a
2988 1377 3163 1431 l’atre.
3201 1378 3262 1433 Et
3295 1391 3471 1437 tamen

1881 1467 2034 1512 natus
2060 1466 2141 1512 est
2163 1462 2424 1516 mortalis.
2450 1463 2611 1518 Natus
2637 1477 2711 1519 est
2744 1466 2808 1521 de
2834 1468 3029 1536 Spiritu
3059 1482 3244 1524 sancto
3268 1489 3331 1526 ex
3362 1474 3470 1526 vir-

1877 1549 1999 1617 gine
2027 1549 2205 1603 Maria.
2233 1551 2495 1622 Numquid
2546 1571 2643 1608 nos
2698 1558 2775 1611 sic
2799 1560 2864 1612 de
2902 1561 3068 1612 Adam
3108 1572 3161 1614 et
3191 1562 3469 1620 Eva?Nos

1882 1655 1973 1708 per
2001 1643 2483 1709 enitettpiscmtiam
2504 1647 2705 1708 carnis.
2732 1648 3011 1702 illeautem
3036 1668 3139 1702 non
3164 1669 3258 1719 per
3280 1653 3467 1721 ipsam.

1880 1728 2040 1783 Maria
2070 1731 2212 1784 enim
2261 1735 2406 1802 virgo
2430 1735 2545 1789 sine
2586 1738 2719 1789 virili
2751 1739 3033 1806 amplexu,
3065 1742 3178 1794 sine
3219 1746 3471 1813 concupi-

1877 1823 2092 1876 scentia:
2116 1835 2266 1885 aestu;
2286 1828 2531 1891 quoniam
2558 1844 2622 1881 ne
2651 1838 2915 1896 pateretur
2944 1835 3084 1886 hunc
3105 1844 3310 1896 :estum,
3345 1837 3467 1889 ideo

1877 1914 1924 1966 ci
1968 1915 2163 1968 dictum
2213 1928 2327 1980 est,
2359 1918 2584 1985 Spiritus
2632 1933 2835 1973 sanctas
2874 1919 3203 1993 superveniet"
3227 1927 3277 1977 in
3302 1937 3392 1988 .te,
3423 1936 3469 1979 et

1877 2006 2035 2058 virtus
2064 2006 2636 2062 ditissimiobumbrubit
2659 2012 2746 2064 tibi
2772 2011 2920 2082 (Lac.
2945 2030 2978 2076 I,
3012 2016 3124 2083 Si»).
3162 2015 3318 2085 Virgo
3340 2032 3469 2088 ergo

1875 2095 2035 2149 Maria
2064 2114 2165 2150 non
2194 2100 2479 2154 concubuit
2505 2111 2557 2154 et
2579 2105 2854 2171 Concepit:
2884 2104 2974 2157 sed
3005 2106 3231 2160 credidit
3254 2118 3305 2161 et
3334 2124 3465 2163 eon-

1875 2189 2034 2257 ccpit.
2088 2189 2250 2243 Natus
2296 2201 2376 2244 est
2426 2193 2568 2245 enim
2624 2195 2863 2247 mortalis
2912 2197 3242 2250 mortalibus.
3291 2200 3467 2264 Quare

1878 2279 2154 2332 mortalis?
2198 2281 2329 2345 Quia
2362 2281 2412 2333 in
2462 2282 2808 2337 similitudine
2846 2284 3021 2338 carnis
3062 2288 3259 2353 peccati
3287 2288 3462 2355 (liam.

1876 2385 1965 2422 vm
1992 2412 2006 2427 .
2031 2371 2085 2438 5)
2119 2388 2132 2417 ε
2165 2388 2267 2425 non
2308 2372 2359 2424 itt
2404 2388 2562 2426 carne
2612 2374 2809 2441 νοθευιὶ
2834 2415 2850 2440 ,
2898 2376 2989 2429 sed
3024 2378 3074 2429 in
3122 2380 3465 2436 sunilitudine

1875 2460 2050 2514 carnis
2096 2463 2315 2529 peccati.
2359 2464 2493 2528 Quid
2529 2464 2683 2517 habet
2728 2482 2851 2519 raro
2900 2468 3136 2533 poet-aii?
3164 2468 3384 2523 Mortem
3410 2481 3466 2526 et

1876 2560 2170 2618 peccatum.
2199 2553 2332 2620 Quid
2353 2553 2536 2608 habuit
2560 2556 2848 2609 similitudo
2867 2558 3045 2611 Carnis
3063 2563 3257 2626 percuti
3276 2561 3299 2617 ἶ)
3321 2561 3463 2616 Mor-

1879 2652 1982 2695 tem
2014 2642 2129 2697 sine
2184 2653 2402 2710 peccato
2463 2644 2515 2698 Si
2535 2645 2764 2699 .ltaheret
2795 2658 3068 2714 peccatum
3098 2688 3113 2714 ,
3158 2666 3284 2702 caro
3323 2662 3466 2707 esset

1878 2733 2076 2801 peccati
2108 2751 2121 2786 :
2146 2733 2191 2786 si
2219 2743 2441 2789 mortem
2471 2751 2572 2788 non
2602 2735 2843 2801 haberet,
2877 2753 2980 2790 non
3010 2751 3149 2794 esset
3173 2742 3465 2797 similitudo

1877 2822 2050 2876 carnis
2094 2825 2316 2893 peccati.
2345 2824 2488 2878 Talis
2518 2827 2660 2879 venit
2686 2868 2700 2891 ,
2729 2827 2974 2882 Salvator
3013 2830 3154 2884 venit
3185 2848 3198 2883 :
3228 2844 3465 2889 mortuus

1877 2924 1959 2968 est
1981 2956 1995 2979 ,
2020 2914 2112 2968 sed
2143 2926 2370 2969 mortem
2414 2917 2607 2971 occidit
2637 2935 2650 2970 :
2680 2919 2843 2972 ﬁnivit
2871 2920 2921 2973 in
2950 2936 3008 2974 se
3053 2932 3209 2990 quam
3241 2924 3465 2978 timeba-

1878 3019 2025 3068 mus;
2055 3006 2287 3073 suscepit
2317 3006 2457 3060 illam
2484 3047 2497 3069 ,
2526 3017 2581 3061 et
2608 3010 2802 3063 occidit
2832 3010 2996 3076 illam;
3028 3014 3298 3082 quomodo
3322 3030 3470 3071 sum-

1877 3111 1997 3148 mus
2024 3106 2240 3150 venator
2261 3098 2465 3163 leonem
2497 3099 2675 3166 cepit,
2708 3110 2762 3153 et
2791 3104 3013 3158 necavit.

1948 3185 2175 3239 CAPUT
2204 3185 2286 3240 IV.
2317 3216 2390 3226 —
2412 3188 2445 3241 5
2465 3225 2478 3238 .
2513 3187 2657 3243 Mors
2702 3191 2752 3244 in
2781 3191 2980 3245 Christo
3008 3204 3224 3247 mortua.
3262 3195 3358 3251 Ubi
3386 3208 3470 3253 est

1878 3276 2064 3330 mors?
2093 3278 2283 3345 Qua-re
2327 3280 2379 3333 in
2405 3281 2620 3336 Christo
2643 3322 2659 3346 ,
2686 3282 2797 3351 jam
2829 3300 2933 3338 non
2982 3297 3063 3340 est
3096 3306 3108 3340 :
3136 3289 3228 3342 sed
3261 3288 3384 3355 fait,
3415 3299 3470 3345 ct

1880 3378 2084 3423 mortua
2120 3379 2203 3425 est
2255 3371 2346 3425 ibi.
2393 3370 2437 3427 Ο
2467 3375 2603 3436 vita,
2650 3391 2796 3429 mors
2837 3379 3062 3432 mortis!
3094 3379 3240 3434 Burin
3291 3386 3470 3437 annuo

1880 3470 2068 3521 estote.
2100 3465 2354 3523 morietur
2378 3474 2432 3518 et
2454 3466 2503 3519 in
2528 3467 2699 3520 nobis.
2718 3469 2866 3533 Quod
2898 3473 3168 3537 prmcessit
3195 3473 3246 3525 in
3273 3474 3467 3541 capite,

1881 3552 2132 3606 reddetur
2178 3554 2230 3606 in
2285 3554 2579 3609 membris:
2610 3559 2864 3611 morietur
2901 3568 2956 3612 et
3002 3561 3053 3613 in
3098 3562 3249 3615 nobis
3303 3580 3468 3618 mors.

1880 3644 1985 3698 Sed
2009 3644 2260 3714 quando?
2286 3646 2344 3699 in
2376 3646 2480 3700 line
2528 3648 2709 3700 saacnli
2735 3690 2749 3712 ,
2786 3650 2836 3702 iu
2887 3654 3277 3706 resurrectione
3323 3669 3472 3709 utor-

1884 3744 2114 3796 tuorum,
2138 3751 2295 3805 quam
2338 3737 2605 3792 credimus
2629 3779 2643 3801 ,
2673 3749 2724 3791 et
2753 3739 2820 3794 de
2860 3756 2960 3806 qna
2993 3758 3095 3794 non
3145 3743 3467 3799 dubitamus.

1887 3827 1986 3893 Qui
2028 3829 2162 3882 enim
2208 3820 2475 3883 credtiierit
2502 3839 2548 3883 et
2605 3829 2888 3898 baptizatus
2931 3834 3125 3901 fuerit,
3166 3836 3275 3902 ipse
3302 3835 3473 3891 salvus

1884 3921 1995 3973 erit.
2028 3920 2263 3989 Sequere
2283 3922 2423 3991 quod
2457 3910 2688 3976 timeas:
2725 3923 2824 3990 Qui
2848 3934 3013 3976 autem
3041 3942 3139 3978 non
3163 3927 3465 3995 crediderit,

1883 4013 2314 4067 condemnabitur.
2346 4015 2485 4084 Ergo
2513 4031 2656 4071 mors
2684 4018 2939 4072 morietur
2967 4019 3019 4071 in
3049 4021 3203 4073 nobis
3226 4062 3241 4083 ,
3267 4022 3470 4076 victura

1883 4114 1965 4157 est
2003 4105 2053 4157 in
2083 4104 2366 4160 damnatis.
2401 4106 2495 4161 Ubi
2547 4122 2691 4160 mors
2739 4109 2939 4163 neSeit-t
2981 4121 3247 4177 mortem,
3277 4112 3474 4180 sempi-

1887 4205 2033 4250 terna
2063 4212 2208 4250 mors
2233 4199 2330 4251 erit
2363 4216 2377 4251 :
2409 4201 2530 4266 quia
2559 4213 2753 4254 interna
2788 4211 3044 4257 tormenta
3087 4215 3259 4258 erunt.
3289 4204 3344 4259 In
3373 4222 3472 4259 tto—

1886 4288 1967 4343 bis
1995 4290 2250 4343 morietur
2270 4333 2284 4349 .
2315 4300 2369 4345 et
2418 4306 2522 4345 non
2577 4294 2697 4346 erit.
2727 4293 2897 4347 Vultis
2927 4296 3121 4349 nosse?
3154 4297 3280 4349 Ilico
3324 4298 3475 4353 vobis

1887 4394 2050 4449 pauca
2082 4380 2242 4433 verba
2286 4382 2747 4449 tritunphantinm,
2781 4398 2829 4437 ut
2861 4384 3098 4438 habeatis
3137 4387 3276 4455 quod
3305 4387 3473 4442 muli-

1890 4470 2102 4536 tcmini,
2132 4472 2272 4539 quod
2321 4473 2484 4526 Corde
2527 4475 2751 4526 ('attlctis
2773 4516 2787 4538 ,
2819 4474 2957 4543 quod
2990 4484 3098 4528 toto
3137 4477 3314 4530 animo
3352 4492 3478 4544 spe-

1889 4564 2051 4626 retis,
2096 4563 2242 4630 quod
2282 4563 2385 4618 litle
2430 4573 2484 4618 et
2540 4565 2680 4619 bono
2723 4582 2882 4634 opere
2936 4569 3234 4637 requiratis.
3284 4569 3475 4625 Audite

1888 4652 2045 4706 verba
2076 4653 2544 4722 tritnnphantium,
2570 4657 2781 4723 quando
2815 4675 2918 4710 non
2960 4659 3061 4712 crit
3103 4675 3282 4724 mors;
3309 4676 3479 4729 quau-

1888 4744 1957 4798 do
1994 4753 2050 4798 et
2102 4746 2151 4798 in
2202 4747 2388 4812 nobis,
2420 4747 2555 4801 sicut
2601 4758 2655 4803 et
2694 4750 2745 4802 in
2772 4751 2943 4814 capite
2975 4761 3190 4814 nosuo,
3220 4751 3478 4804 morietur

1890 4852 2054 4891 mors.
2102 4838 2294 4892 Paulus
2345 4841 2618 4907 apostolus
2662 4840 2788 4894 dicit
2836 4858 2850 4894 :
2899 4841 3107 4906 Oportet
3155 4841 3478 4909 corruptibile

1891 4926 1984 4980 hoc
2004 4927 2213 4981 induere
2240 4929 2683 4997 incorruptionem,
2713 4940 2760 4982 et
2783 4931 2994 4983 mortale
3019 4932 3111 4983 hac
3155 4931 3363 4984 induere
3383 4932 3478 4983 im-

1892 5019 2265 5071 mortalitatem.
2305 5017 2449 5070 Tunc
2478 5020 2561 5083 ﬁet
2583 5034 2747 5071 sermo
2784 5019 2868 5088 qui
2908 5020 3122 5087 scriptus
3149 5030 3254 5081 est,
3292 5020 3480 5074 Absor-

1894 5117 1979 5175 pta
2003 5117 2075 5162 est
2092 5123 2225 5160 mors
2247 5107 2297 5159 in
2328 5108 2601 5160 victoriam.
2621 5107 2736 5161 Dixi
2753 5109 2901 5160 vobis
2917 5110 3035 5176 quia
3060 5110 3315 5163 morietur
3331 5125 3478 5165 mors

1892 5200 1945 5252 in
1974 5198 2126 5251 nobis
2156 5214 2168 5249 :
2201 5197 2453 5267 Absorpta
2481 5207 2555 5251 est
2576 5214 2709 5251 mors
2734 5198 2783 5251 in
2806 5199 3080 5252 victoriam.
3104 5198 3201 5252 Ista
3225 5208 3307 5255 est
3334 5216 3478 5254 inors

1895 5290 2099 5343 mortis.
2134 5289 2540 5351 Absorbebitur,
2576 5298 2632 5341 ut
2669 5304 2773 5343 non
2807 5303 3078 5359 appareat.
3111 5291 3246 5358 Quid
3279 5300 3393 5351 est,
3424 5301 3497 5346 ut‘

1897 5398 1999 5437 non
2032 5380 2316 5451 appareat?
2345 5381 2409 5437 Ut
2436 5399 2537 5435 non
2566 5383 2667 5446 sit,
2723 5397 2819 5435 nec
2865 5382 3036 5444 intus,
3070 5398 3167 5437 nec
3197 5383 3341 5437 loris.
3374 5383 3478 5437 Ab-

1898 5482 2070 5543 sorpta
2094 5482 2166 5525 est
2194 5489 2325 5524 mors
2357 5474 2405 5525 in
2434 5474 2715 5526 victoriam.
2746 5472 3020 5527 Caudi-ant
3061 5473 3478 5540 triumphantes;

1897 5563 2189 5631 gaudeant,
2220 5562 2400 5617 dicunt
2449 5563 2588 5632 quod
2638 5565 2911 5633 sequitur:
2948 5563 3042 5617 Ubi
3082 5574 3186 5627 est,
3214 5562 3480 5632 mors,'vi-

1898 5655 2059 5707 rtoria
2090 5657 2213 5707 tuo?
2241 5655 2323 5708 ubi
2348 5665 2452 5719 est,
2488 5672 2639 5716 mors,
2670 5658 2870 5710 ara/cus
2894 5667 3005 5710 tuus
3030 5656 3080 5727 (Ι
3108 5656 3222 5711 Cor.
3257 5674 3345 5719 xv,
3378 5658 3475 5712 ειπ-

1902 5746 2027 5815 55)?
2060 5745 2155 5801 Ubi
2183 5755 2256 5801 cst
2286 5785 2301 5814 ,
2329 5746 2563 5816 Cepisti,
2595 5747 2872 5816 poszcdisti
2893 5790 2906 5817 ,
2942 5748 3146 5818 \‘cia‘t't,
3172 5755 3228 5804 et
3260 5749 3350 5803 tibi
3377 5750 3440 5812 ad
