3926 6188
480 307 621 365 1115

482 421 694 487 dixisti;
725 420 1063 490 percussisti,
1092 430 1144 476 et
1193 420 1429 477 occidisti
1457 438 1472 485 ;
1505 419 1602 474 Ubi
1641 431 1710 474 est
1730 464 1743 485 ,
1778 437 1913 476 mors
1940 463 1955 486 ,
1987 422 2065 474 ri-

481 494 792 570 etoriﬁua?
818 512 904 566 ubi
932 522 1030 578 est,
1056 529 1211 576 mors,
1241 512 1445 567 aculeus
1475 514 1624 568 tuus?
1649 513 1835 568 Nonne
1859 512 2067 569 confre-

481 606 558 675 git
584 605 729 659 illum
775 602 1031 659 Dominus
1059 605 1252 659 meus?
1282 603 1325 660 Ο
1377 621 1521 659 mors
1542 647 1557 670 ,
1592 605 1803 675 quando
1846 605 2072 661 Domino

483 708 605 749 meo
635 693 833 748 hmsisti
856 734 870 759 ,
897 701 1022 749 tunc
1060 704 1114 749 et
1153 694 1282 749 mihi
1330 697 1529 763 peristi.
1558 695 1659 751 lsta
1699 696 1870 752 salute
1903 696 2072 751 salvus

483 784 609 851 erit,
637 786 723 856 qui
743 784 1009 840 crediderit
1034 795 1078 840 et
1119 786 1398 856 baptizatus
1428 786 1598 855 fuerit.
1636 786 1733 855 Qui
1779 798 1945 841 autem
1972 803 2072 842 non

482 876 783 944 crediderit,
816 878 1249 933 condemnabitur.
1298 879 1486 948 Fugite
1532 880 2029 934 condemnationem
2055 919 2068 944 ,

484 976 660 1023 amate
689 976 743 1024 et
767 976 980 1040 sperate
1005 969 1230 1023 salutem
1250 977 1525 1024 aeternam.

883 1101 1116 1158 seruio
1154 1101 1456 1158 ccxxxw
1500 1108 1517 1127 -
1557 1103 1650 1175 (α).

952 1219 1001 1262 tu
1023 1212 1198 1263 diebus
1221 1214 1538 1276 Paschalibus,
1564 1230 1610 1266 v.

630 1323 711 1378 De
739 1325 1095 1379 resurrectione
1114 1324 1300 1381 Christi
1318 1327 1591 1381 secundum
1622 1327 1811 1382 Lucam
1837 1328 1928 1401 (b).

563 1458 611 1512 1.
659 1457 889 1523 Quatuor
927 1456 1205 1529 Evangelia
1249 1458 1345 1529 legi
1380 1458 1577 1512 debent.
1631 1459 1863 1525 Quatuor
1895 1459 2072 1515 Eran-

488 1548 681 1616 gclista:
749 1549 1037 1603 necessarii.
1092 1549 1430 1604 Resurreelio
1511 1551 1715 1605 Domini
1784 1551 2073 1607 secundum

492 1653 682 1692 omnes
709 1646 934 1708 quatuor
980 1640 1341 1710 Evangelistas
1368 1642 1561 1711 legitur
1595 1643 1675 1695 his
1703 1642 1908 1698 diebus.
1954 1644 2076 1699 Ideo

490 1729 632 1783 enim
664 1731 1018 1785 necessarium
1047 1740 1129 1785 est
1155 1741 1210 1785 ut
1236 1732 1476 1802 legantur
1501 1747 1706 1796 eomes,
1733 1734 1850 1803 quia
1879 1735 2071 1806 singuli

492 1833 598 1873 non
628 1819 874 1874 dixerunt
904 1822 1113 1886 omnia;
1144 1822 1235 1877 sed
1264 1838 1382 1892 qua:
1409 1824 1542 1877 alios
1562 1827 1919 1893 pnetcrmisit,
1941 1826 2076 1881 alius

491 1909 658 1963 dixit:
682 1918 735 1963 et
772 1911 1003 1979 quodam
1049 1914 1210 1967 modo
1239 1914 1337 1967 sibi
1379 1915 1641 1970 dederunt
1667 1917 1838 1971 locum
1867 1932 2074 1986 omnes,

495 2011 551 2056 ut
581 2005 865 2058 necessarii
897 2015 1077 2060 essent
1102 2021 1305 2061 omnes.
1337 2007 1541 2062 Marcus
1562 2010 1902 2080 evangelista,
1926 2010 2080 2081 cujus

496 2093 747 2149 hesterno
769 2094 854 2149 die
874 2096 1218 2166 Evangelium
1249 2100 1524 2164 recitatum
1556 2094 1669 2167 est,
1690 2103 1920 2156 breviter
1945 2103 2075 2157 dixit

493 2185 635 2255 quod
667 2185 837 2241 Lucas
869 2188 1082 2242 uberius
1113 2199 1425 2257 prosecutus
1463 2201 1566 2255 est,
1608 2191 1676 2247 de
1716 2192 1923 2247 duobus
1952 2194 2073 2264 qui-

494 2276 715 2331 busdam
744 2278 1039 2348 discipulis,
1086 2280 1174 2349 qui
1203 2294 1306 2334 non
1348 2292 1499 2336 erant
1524 2281 1592 2338 de
1617 2298 1839 2337 numero
1865 2285 2076 2354 quidem

492 2369 796 2434 duodecim,
823 2372 915 2425 sed
937 2379 1112 2426 tamen
1130 2371 1374 2443 discipuli
1391 2383 1571 2428 ριἐιιιιῖ
1598 2377 1789 2445 quibus
1810 2376 1911 2430 iter
1926 2392 2078 2447 agon-

495 2463 636 2518 tibus
665 2464 917 2518 Dominus
958 2467 1221 2535 apparuit,
1265 2476 1468 2521 etcum
1509 2467 1587 2521 eis
1631 2469 1937 2524 ambulavit.
1988 2471 2078 2526 ille

493 2556 637 2609 enim
679 2556 1044 2611 tantummodo
1084 2556 1217 2610 dixit
1263 2558 1385 2625 quia
1431 2559 1675 2626 apparuit
1719 2558 1925 2613 duobus
1978 2561 2076 2615 iter

494 2647 804 2716 agentibus:
838 2648 937 2702 iste
973 2664 1099 2702 vero
1129 2650 1447 2718 evangelista
1482 2648 1672 2715 Lucas,
1717 2658 1772 2706 et
1812 2651 1936 2722 quid
1976 2653 2077 2707 illis

493 2737 707 2800 dixerit,
736 2745 788 2791 et
812 2738 937 2806 quid
970 2739 1048 2791 eis
1080 2739 1438 2808 responderit,
1469 2748 1523 2794 et
1551 2756 1828 2812 quousque
1854 2759 1974 2797 cum
2001 2745 2079 2799 eis

493 2830 865 2896 ambulaverit,
898 2840 952 2886 et
978 2832 1245 2900 quomodo
1279 2847 1399 2886 cum
1433 2833 1484 2886 in
1512 2835 1665 2904 panis
1700 2834 1955 2891 fractioue
1984 2851 2077 2891 co-

492 2923 802 2993 gnoverint;
834 2924 1012 2978 omnia
1042 2924 1155 2980 haec
1182 2924 1337 2990 dixit,
1367 2926 1503 2979 sicut
1532 2926 1847 2981 audivimus.

565 3015 620 3067 2.
660 3013 911 3086 Discipuli
953 3014 1015 3068 de
1054 3014 1254 3069 Christo
1294 3015 1596 3083 dubitantes,
1641 3033 1674 3070 a
1712 3018 1906 3073 latrone
1942 3020 2074 3074 victi.

493 3104 628 3171 Quid
655 3118 803 3173 ergo,
836 3102 1046 3170 fratres,
1075 3105 1201 3174 quid
1240 3104 1325 3160 hic
1359 3106 1705 3161 discutimus?
1731 3106 2080 3164 Aidiﬁcamur

492 3195 558 3248 ad
584 3193 905 3248 credendum
936 3196 1292 3249 resurrexisse
1328 3194 1610 3248 Dominum
1637 3195 1923 3251 Christum.
1965 3198 2075 3255 lam

493 3283 842 3339 credebantus
857 3287 1070 3354 quando
1090 3284 1432 3355 Evangelium
1453 3287 1771 3354 audivimus,
1792 3298 1845 3344 et
1866 3289 1917 3343 in
1942 3291 2072 3347 hanc

491 3377 772 3431 ecclesiam
813 3375 972 3431 hodie
1001 3377 1279 3432 credentes
1311 3378 1532 3448 ingressi
1559 3394 1741 3434 sumus
1774 3398 1790 3437 :
1820 3391 1874 3435 et
1899 3389 2075 3437 tamen

492 3469 674 3523 nescio
699 3468 968 3539 quomodo
996 3484 1116 3523 eum
1151 3469 1347 3538 gaudio
1374 3469 1605 3535 auditur,
1636 3471 1780 3540 quod
1820 3474 2075 3529 memoria

497 3568 801 3614 renovatur.
831 3559 1109 3627 Quomodo
1141 3559 1297 3614 vultis
1326 3559 1627 3616 trtilicetur
1668 3577 1762 3617 cor
1807 3571 2071 3629 nostrum,

492 3650 706 3719 quando
729 3650 972 3706 videmur
998 3652 1115 3706 istis
1137 3652 1226 3721 qui
1254 3651 1305 3705 in
1327 3651 1409 3705 via
1429 3651 1788 3719 ambulabant,
1813 3664 1865 3709 et
1884 3654 2075 3726 quibus

491 3745 747 3800 Dominus
775 3746 1037 3815 apparuit,
1082 3760 1201 3799 esse
1231 3744 1514 3800 meliores?
1561 3744 1671 3841 N.os
1714 3748 1854 3801 enim
1895 3748 2071 3804 credi-

490 3851 612 3892 mus
640 3837 781 3907 quod
819 3837 892 3892 illi
924 3836 1157 3891 nondum
1183 3835 1490 3892 credebant.
1521 3835 1681 3908 Spém
1708 3837 2070 3909 perdiderant,

490 3938 545 3983 et
592 3944 692 3984 nos
744 3945 848 3984 non
903 3928 1228 3993 dubitamus,
1277 3929 1416 3984 unde
1451 3931 1526 3985 illi
1557 3930 1886 3987 dubitabant.
1940 3931 2074 3988 Cru-

489 4019 650 4074 cilixo
677 4019 905 4074 Domino
924 4035 1072 4088 spem
1089 4017 1460 4089 perdiderant:
1484 4020 1586 4075 hoc
1610 4023 1852 4091 apparuit
1877 4024 1928 4078 in
1956 4040 2073 4080 ver-

492 4107 575 4164 bis
611 4110 844 4177 illorum,
874 4111 1086 4180 quando
1113 4111 1195 4166 eis
1232 4110 1383 4177 dixit,
1418 4112 1519 4177 Qui
1549 4121 1668 4168 sunt
1698 4114 1782 4167 isti
1823 4131 2073 4171 semiones

486 4216 613 4268 quos
635 4200 825 4256 habetis
849 4202 980 4256 inter
998 4218 1103 4268 vos,
1131 4213 1178 4256 et
1201 4216 1355 4273 quare
1386 4205 1551 4258 tristes
1587 4206 1739 4259 estis?
1758 4206 1826 4261 Et
1856 4207 1965 4263 illi:
1996 4208 2071 4264 Tu

488 4292 626 4346 solus
645 4293 982 4362 peregrinaris
1009 4294 1059 4347 in
1084 4292 1389 4361 Jerusalem,
1418 4306 1467 4348 et
1492 4296 1651 4349 nescis
1673 4313 1786 4360 qua:
1816 4296 1884 4352 ibi
1909 4300 2071 4353 conti-

490 4383 706 4452 gerunt?
736 4384 804 4437 Et
832 4385 1106 4454 respondit
1154 4385 1275 4440 ille:
1310 4386 1474 4452 Quae?
1504 4388 1688 4442 Sciens
1707 4389 1882 4443 omnia
1910 4390 1978 4446 de
2014 4406 2070 4447 se

489 4476 605 4543 ipso
645 4476 949 4545 qumrebnt:
992 4478 1114 4545 quia
1143 4492 1200 4531 se
1230 4478 1280 4530 in
1308 4478 1436 4547 ipsis
1461 4494 1580 4535 esse
1608 4482 1866 4551 cupiebat.
1903 4484 2072 4548 Qum?

488 4566 640 4620 dixit.
669 4567 735 4619 Et
764 4566 837 4619 illi
862 4583 878 4618 :
913 4564 991 4619 De
1009 4565 1135 4620 Jrsu
1158 4565 1448 4632 Nazarene,
1478 4570 1561 4633 qui
1582 4572 1677 4639 fuit
1705 4572 1777 4624 vir
1802 4574 2066 4643 propheta,

487 4675 701 4729 magnus
721 4659 773 4711 in
798 4657 945 4711 dictis
961 4667 1008 4711 et
1029 4658 1196 4727 factis.
1223 4659 1361 4713 Ecce
1387 4660 1634 4715 meliores
1658 4678 1859 4718 sumus.
1888 4666 1962 4720 Illi
1990 4667 2072 4721 di-

485 4752 677 4806 cebant
702 4750 972 4806 Christum
1001 4750 1310 4821 prophetam
1332 4769 1345 4806 :
1364 4766 1460 4805 nos
1479 4766 1599 4806 eum
1619 4755 1859 4809 novimus
1892 4757 2066 4812 Domi-

485 4857 613 4897 num
629 4841 1036 4912 Prophetarum.
1073 4841 1213 4906 Fuit,
1230 4842 1492 4912 inquiunt,
1523 4843 1765 4912 propheta
1780 4861 1992 4915 magnus
2017 4850 2069 4903 in

486 4930 635 5001 factis
661 4938 706 4984 et
731 4927 896 4983 dictis.
937 4926 1009 4982 Et
1044 4929 1295 4999 quomodo
1329 4945 1441 4982 eum
1478 4929 1727 5000 principes
1755 4932 2066 4988 sacerdotum

485 5021 845 5091 cruci/iurant
864 5028 946 5074 :et
970 5035 1080 5073 ecce
1107 5020 1251 5073 tertia
1280 5019 1387 5073 dies
1433 5029 1502 5072 est
1538 5036 1600 5073 ea:
1635 5036 1731 5089 quo
1772 5020 1878 5074 Ιιιῑιε
1902 5025 2070 5078 omnia

487 5116 624 5182 facta
645 5120 781 5166 sunt.
804 5108 915 5164 Nos
929 5118 1096 5163 autem
1111 5110 1452 5179 sperabamus.
1479 5109 1640 5177 Spera
1650 5110 1781 5165 hatis
1802 5128 1814 5165 :
1834 5111 1942 5180 jam
1962 5130 2065 5169 non

484 5202 745 5273 speratis?
775 5202 871 5257 Hie
908 5210 989 5257 est
1018 5202 1190 5256 ornnis
1228 5202 1570 5270 diseipulatus
1598 5203 1803 5256 vester?
1828 5202 1881 5257 In
1907 5220 2067 5262 cruce

484 5294 624 5348 latro
646 5307 744 5349 vos
770 5293 919 5349 vicit.
950 5293 1058 5348 Vos
1086 5293 1232 5347 obliti
1263 5295 1394 5346 estis
1422 5308 1541 5347 eum
1568 5294 1657 5362 qui
1696 5293 1950 5351 docebat:
1982 5299 2067 5353 ille

482 5385 698 5455 agnovit
719 5400 839 5440 cum
870 5401 975 5457 quo
995 5384 1275 5455 pendebat.
1302 5383 1411 5439 Nos
1425 5384 1765 5454 sprmbanms.
1786 5387 1918 5453 Quid
1946 5405 2066 5457 spc-

542 5545 563 5609 ‘_
587 5546 874 5609 Emendatus
894 5546 1075 5609 pariter
1095 5546 1222 5596 add.
1239 5558 1281 5596 r.
1305 5551 1341 5596 t.
1367 5557 1413 5596 ν.
1437 5552 1487 5597 et
1501 5545 1561 5596 ad
1584 5552 1693 5596 Lor.

568 5607 618 5670 (ι)
639 5605 778 5670 Alias,
801 5609 866 5670 de
888 5605 1098 5659 Diversis
1111 5610 1190 5657 87.
1490 5665 1494 5670 .

565 5665 616 5726 b)
638 5665 950 5720 citat'rtorus
977 5671 1035 5718 ad
1061 5676 1073 5717 l
1097 5677 1201 5720 Cor.
1227 5683 1287 5727 x,
1315 5677 1366 5720 et
1390 5670 1446 5718 ait
1479 5665 1513 5718 ll
1536 5671 1654 5719 Tim.
1693 5685 1742 5719 ιι.
1776 5672 1971 5724 Habitus
1992 5681 2067 5726 est

481 5729 703 5791 maxime
720 5729 802 5781 die
825 5740 932 5794 post
953 5733 1256 5793 superiorem
1277 5746 1581 5796 sermonem,
1618 5745 1679 5783 ex
1715 5746 1764 5783 n.
1800 5735 1848 5785 5.

1738 306 1776 364 S
1835 306 2202 365 AUGUSTINI
2243 309 2546 369 EPISCUPI

3573 337 3684 394 1116

2178 420 2414 477 rabatis?
2437 423 2574 491 Quia
2600 426 2706 495 ipse
2734 438 2850 480 erat-
2877 428 3220 500 redempturus
3254 431 3422 494 Israel.
3439 439 3570 507 Quod
3586 463 3688 517 spot

2178 511 2392 578 rabatis,
2422 523 2476 568 et
2499 514 2587 569 illo
2610 513 2865 572 cruciﬁxo
2898 518 3218 590 perdidistis,
3258 522 3353 581 hoc
3392 527 3515 586 latro
3545 511 3684 592 eruci-

2180 601 2314 657 ﬁxus
2341 605 2572 675 agnovit.
2605 606 2695 661 Ait
2732 608 2881 679 enim
2929 609 3149 666 Domino
3187 630 3201 668 :
3231 613 3447 686 Domine,
3490 638 3690 683 nummo

2179 694 2295 760 mei,
2328 711 2439 749 cum
2463 699 2653 754 veneris
2681 699 2732 752 in
2754 717 2965 771 regnum
2983 711 3122 756 tuum
3141 703 3282 777 (Luc.
3304 724 3446 773 xxtn,
3465 714 3565 784 42).
3579 717 3689 777 Ecce

2179 784 2300 854 quia
2334 785 2444 856 ipse
2471 798 2587 844 erat
2613 791 2988 862 redempturus
3015 793 3193 853 lsrael.
3234 796 3367 856 Crux
3409 802 3510 872 illa,
3546 809 3691 866 schola

2180 887 2315 931 erat.
2342 876 2416 932 Ibi
2444 878 2628 934 docuit
2667 882 2916 954 Magister
2945 886 3221 944 latronem.
3253 890 3464 963 Lignum
3499 902 3691 966 penden-

2183 968 2268 1032 tis,
2294 969 2547 1025 cathedra
2576 971 2771 1029 t‘actnm
2794 984 2876 1031 est
2904 976 3162 1035 docentis.
3190 980 3294 1037 Sed
3320 986 3403 1054 qui
3433 988 3625 1044 reddidit
3648 1007 3692 1051 se

2182 1060 2350 1123 vobis,
2385 1073 2596 1119 revocet
2623 1079 2771 1135 Spem
2799 1066 2969 1124 vobis.
2993 1058 3083 1126 Sic
3106 1081 3158 1127 et
3186 1072 3370 1128 factum
3390 1087 3483 1132 est.
3506 1079 3692 1139 hiemen-

2186 1156 2291 1204 tute
2323 1159 2520 1217 tamen,
2565 1153 2889 1224 charissimi,
2920 1161 3355 1229 quemadmodum
3384 1165 3607 1225 Dominus
3623 1172 3692 1229 Je-
3740 1226 3746 1233 .

2182 1254 2273 1293 sus
2299 1240 2366 1296 ab
2392 1242 2490 1310 eis,
2520 1258 2747 1314 quorum
2778 1249 2918 1303 oculi
2949 1251 3262 1307 tenebantur
3299 1272 3362 1310 ne
3402 1257 3532 1313 illum
3567 1277 3706 1333 agna.

2182 1343 2414 1397 soerent,
2459 1334 2510 1387 in
2550 1333 2820 1392 fracticne
2847 1340 2997 1408 panis
3025 1342 3190 1397 voluit
3216 1359 3273 1398 se
3295 1349 3509 1413 agnosci.
3536 1350 3693 1409 Norqu
3838 1366 3839 1413 ξ

2184 1418 2367 1476 fideles
2395 1424 2521 1493 quid
2550 1425 2720 1481 dicam
2750 1440 2992 1486 ruerunt
3022 1432 3291 1491 Christum
3320 1439 3371 1493 in
3398 1438 3616 1498 factione
3632 1462 3693 1515 pa

2184 1513 2284 1566 nis.
2307 1513 2423 1568 Non
2449 1518 2590 1572 enim
2622 1522 2795 1576 omnis
2829 1524 3001 1592 panis,
3031 1526 3126 1580 sed
3148 1529 3408 1598 accipiens
3430 1513 3733 1607 benedictio-if

2183 1619 2301 1657 nem
2330 1604 2550 1675 Christi,
2594 1608 2652 1663 lit
2694 1623 2892 1681 corpus
2931 1613 3157 1669 Christi.
3191 1616 3265 1672 lbi
3295 1619 3362 1674 illi
3407 1604 3721 1693 agnoverunta
3838 1618 3839 1623 ‘

2182 1696 2600 1765 exsultaverunt,
2629 1698 2701 1758 ad
2724 1702 2860 1758 alios
2888 1718 3272 1774 perrexerunt:
3294 1711 3398 1780 jam
3423 1717 3618 1771 scientes
3634 1720 3693 1773 in-

2182 1796 2458 1851 venerunt,
2495 1799 2778 1847 narrantes
2804 1795 2945 1863 quod
2975 1797 3241 1865 viderant,
3289 1800 3553 1874 Evangelio
3584 1808 3697 1864 addi-

2180 1874 2374 1930 derunt
2398 1875 2508 1946 (Id.
2534 1895 2680 1947 xxiv,
2710 1883 2919 1955 15-35).
2954 1885 3102 1941 Dicta
3136 1898 3276 1956 sunt,
3301 1890 3427 1946 facta
3446 1907 3570 1959 sunt.
3599 1899 3699 1953 scri-

2182 1974 2268 2034 pta
2297 1976 2452 2022 sunt:
2486 1982 2843 2039 pervenerunt
2872 1976 2937 2030 ad
2968 1993 3087 2033 nos.

2253 2058 2306 2112 5.
2349 2058 2506 2115 Fides
2535 2060 2847 2121 Christianos
2871 2085 2904 2121 a
2935 2067 3164 2140 Puganis
3182 2081 3229 2125 et
3250 2071 3438 2129 luditis
3452 2076 3693 2132 discernens.

2184 2147 2339 2206 Fides
2378 2152 2778 2211 Christianorum
2818 2176 3037 2230 quonam
3067 2162 3243 2231 cli/fert
3275 2182 3305 2218 a
3332 2167 3427 2236 [ide
3451 2168 3694 2225 dementia.

2181 2242 2473 2301 Credamus
2503 2249 2556 2303 in
2602 2250 2874 2308 Christum
2917 2256 3270 2324 crucifixum;
3297 2258 3384 2314 sed
3412 2276 3518 2314 eum
3541 2263 3612 2331 qui
3634 2264 3695 2318 die

2186 2339 2342 2392 tertio
2369 2344 2676 2397 resurrexit.
2700 2343 2815 2413 Ipsa
2846 2356 2927 2401 cst
2961 2348 3096 2402 ﬁdes
3124 2365 3244 2421 qua:
3278 2367 3371 2407 nos
3397 2352 3630 2425 distinguit
3650 2355 3697 2410 ab

2184 2427 2282 2492 eis,
2331 2429 2606 2501 distinguit
2649 2450 2678 2488 a
2724 2435 2972 2507 Paganis,
3021 2439 3698 2511 distinguitaiudarisdides

2183 2535 2285 2589 qua
2314 2522 2579 2578 credimus
2605 2525 2870 2582 Christum
2901 2533 3269 2588 resurrexisse
3292 2549 3320 2587 a
3347 2536 3562 2590 mortuis.
3589 2535 3696 2603 Apo-

2183 2614 2354 2669 stolus
2382 2615 2511 2671 dicit
2536 2618 2815 2673 Timotheo
2834 2639 2848 2676 :
2881 2622 3081 2677 Memor
3102 2635 3211 2679 esto
3232 2626 3467 2682 Christum
3480 2628 3626 2682 .Iesatu
3640 2646 3699 2681 re-

2182 2709 2458 2763 surrexisse
2477 2726 2507 2762 a
2537 2713 2765 2777 mortuis,
2798 2729 2859 2767 ea:
2885 2715 3076 2769 semine
3101 2715 3291 2783 David,
3318 2719 3562 2773 secundum
3583 2734 3700 2775 eran-

2183 2798 2368 2867 grlium
2395 2816 2557 2852 nteant
2588 2800 2649 2871 (11
2677 2801 2809 2856 Tim.
2844 2820 2899 2870 It,
2933 2806 3010 2875 8).
3043 2806 3288 2878 Itemque
3312 2811 3418 2879 ipse
3445 2813 3700 2881 Apostolus:

2188 2889 2318 2951 Quia
2341 2890 2386 2942 si
2409 2891 2679 2947 credideris
2698 2894 2749 2947 in
2774 2895 2924 2948 corde
2944 2906 3052 2961 tuo,
3081 2899 3274 2970 inquit,
3295 2902 3407 2970 quia
3427 2899 3702 2955 Domitiana

2180 2977 2214 3033 J
2221 2997 2352 3047 esus,
2375 2991 2422 3035 et
2446 2985 2700 3055 confessus
2729 2985 2886 3053 fueris
2911 3005 2998 3043 ore
3026 2999 3124 3045 tuo
3147 2993 3267 3062 quia
3285 2992 3414 3047 Deus
3434 2993 3558 3047 illum
3573 2993 3702 3047 susci-

2184 3072 2303 3123 tavit
2323 3087 2354 3124 a
2378 3074 2604 3139 mortuis,
2638 3073 2808 3130 salvus
2833 3077 2931 3131 eris
2953 3078 3143 3149 (Rom.
3175 3097 3228 3146 x,
3256 3082 3332 3154 9).
3352 3081 3459 3151 Ipsa
3484 3091 3555 3137 est
3574 3081 3703 3147 salus,

2183 3162 2248 3216 de
2277 3178 2378 3232 qua
2409 3163 2660 3220 hesterno
2703 3167 2789 3221 die
2824 3168 3092 3239 disputavi
3136 3171 3225 3245 (In
3254 3190 3414 3243 super.
3434 3172 3603 3245 serua).
3629 3171 3701 3240 Qui

2181 3255 2446 3308 crediderit
2466 3268 2511 3310 et
2529 3257 2813 3327 baptizatus
2829 3259 2998 3326 fuerit,
3017 3263 3196 3318 saluus
3213 3264 3301 3318 erit
3322 3264 3493 3335 (Marc.
3512 3261 3700 3325 “1.16).

2183 3346 2307 3402 Seio
2336 3361 2430 3401 vos
2452 3349 2673 3404 credere
2694 3369 2705 3403 :
2730 3350 2859 3403 salvi
2877 3352 3045 3406 eritis.
3076 3352 3258 3411 Corde
3275 3358 3497 3417 retinete,
3517 3369 3596 3409 ore
3610 3367 3702 3422 prec

2183 3434 2314 3491 ferte
2340 3436 2461 3508 quia
2492 3437 2734 3494 Christus
2761 3441 3051 3495 resurrexit
3103 3458 3137 3497 a
3182 3444 3416 3499 mortuis.
3454 3442 3545 3499 Sed
3581 3441 3699 3496 ﬁdem

2182 3525 2372 3582 habete
2396 3527 2844 3596 Christianorum,
2877 3547 2981 3585 non
3010 3532 3419 3591 daimoniorum.
3455 3534 3572 3590 Ecce
3593 3534 3703 3589 enim

2179 3616 2446 3688 distinguo
2475 3619 2574 3674 ista
2603 3621 2752 3677 vobis
2790 3638 2804 3676 :
2836 3624 2975 3693 quod
3008 3640 3194 3680 mcum
3221 3635 3317 3692 est,
3352 3627 3613 3696 distinguo;
3634 3639 3697 3679 se-

2180 3708 2409 3762 cundum
2458 3711 2682 3779 gratiam
2714 3712 2807 3768 Dei
2847 3728 2965 3783 qua:
3003 3714 3135 3770 data
3184 3726 3266 3772 est
3310 3717 3451 3781 mihi,
3490 3716 3698 3785 distinguo

2182 3800 2348 3855 vobis.
2376 3800 2506 3856 Cum
2539 3803 2852 3870 distinxcro,
2884 3806 3086 3873 eligite,
3115 3807 3333 3878 diligite.
3362 3807 3488 3864 Ecce
3508 3808 3614 3867 dixi.
3635 3803 3697 3859 Fi-

2179 3887 2274 3943 des
2301 3890 2420 3959 ista,
2446 3908 2546 3962 qua
2567 3893 2836 3951 credimus
2864 3894 3144 3952 Christum
3165 3898 3344 3954 Jesum
3367 3897 3696 3955 resurresissea

2178 3980 2424 4049 mortuis,
2470 3982 2746 4054 distinguit
2789 4000 2889 4039 nos
2913 4003 2942 4039 a
2972 3987 3229 4058 Paganis.
3258 3990 3441 4059 Quaere
3465 4006 3494 4044 a
3518 3989 3695 4058 Pagano.

2179 4079 2353 4126 utrum
2371 4073 2656 4128 cruciﬁxus
2674 4074 2828 4130 fuerit
2842 4075 3089 4132 Christus
3112 4097 3125 4132 :
3145 4081 3356 4144 clamat,
3379 4080 3542 4136 Valde.
3558 4078 3700 4135 Utrum

2178 4164 2559 4219 resurrexerit:
2583 4174 2760 4235 negat.
2784 4166 2974 4235 Quiere
2992 4183 3021 4222 a
3051 4169 3267 4238 Judazo,
3292 4182 3456 4227 utrum
3475 4169 3696 4226 cruciﬁxus

2176 4256 2246 4309 sit
2264 4255 2507 4311 Christus
2526 4274 2539 4310 :
2560 4260 2842 4312 conlitetur
2856 4258 3058 4314 crimen
3079 4272 3361 4330 parentum
3372 4277 3590 4326 suorum;
3603 4273 3695 4313 ωιισ

2180 4346 2357 4401 litetur
2376 4347 2607 4413 crimen,
2639 4347 2729 4402 ubi
2762 4347 2922 4404 habet
2950 4359 3004 4404 et
3031 4361 3263 4421 partem.
3292 4353 3429 4407 Bibit
3452 4353 3574 4407 enim
3593 4346 3694 4417 Quod

2177 4439 2224 4492 ei
2249 4447 2495 4507 parentes
2521 4439 2601 4492 sui
2626 4439 3079 4509 prepioaverunt:
3108 4441 3334 4514 Sanguis
3353 4444 3458 4516 ejus
3478 4451 3701 4514 super”,-

2175 4539 2220 4583 et
2250 4547 2402 4600 super
2420 4531 2558 4600 ﬁlios
2578 4542 2772 4585 nostros
2802 4533 3196 4605 (.ilattliaxvn,
3229 4536 3344 4607 25).
3378 4536 3474 4592 Sed
3496 4530 3693 4607 quam!»

2177 4622 2286 4686 illo,
2311 4632 2484 4677 utrum
2507 4626 2907 4678 resurrexerita
2938 4628 3203 4682 mortuis:
3235 4629 3459 4699 negabit,
3494 4622 3691 4683 irridebit.

2175 4713 2461 4767 accusabit.
2495 4714 2736 4768 Distincti
2775 4730 2981 4770 smnus.
3014 4717 3298 4774 Credimus
3320 4720 3456 4774 enim
3478 4713 3690 4772 [108011τὶ-

2176 4811 2315 4859 stum
2342 4822 2404 4860 ex
2431 4807 2632 4861 semine
2656 4808 2817 4862 David
2840 4811 3133 4864 secundum
3163 4827 3379 4866 Carnem
3408 4807 3693 4867 resurrexisso

2175 4910 2205 4948 a
2233 4898 2472 4951 mortuis.
2505 4896 2768 4968 Numquid
2797 4898 2897 4954 hoc
2917 4900 3192 4958 d.rnioues
3214 4906 3522 4967 nescierunt,
3540 4898 3690 4955 autin:

2176 4985 2446 5043 diemones
2475 5005 2579 5043 non
2607 4990 2968 5055 crediderunt,
2997 5009 3116 5063 quae
3163 5005 3219 5049 et
3261 4993 3531 5050 viderunt?
3553 4989 3694 5047 Mille

2175 5087 2457 5149 antequam
2490 5084 2890 5144 resurrexisset,
2920 5085 3224 5140 clamalmnt
3250 5095 3305 5139 et
3337 5085 3589 5140 dicebant:
3612 5076 3695 5134 Sd-

2177 5187 2288 5225 mus
2315 5172 2401 5237 qui
2422 5174 2511 5233 sis,
2540 5171 2705 5227 Filius
2736 5173 2846 5227 Dei.
2883 5176 3430 5232 Discernebamusnos
3448 5191 3475 5228 a
3499 5168 3694 5241 Pagan-'5.

2174 5264 2443 5320 credendo
2465 5265 2731 5320 Christum
2754 5270 3107 5322 resurrexisse
3129 5285 3142 5321 :
3173 5270 3215 5323 si
3238 5268 3427 5339 aliquid
3448 5274 3694 5337 passurum.

2173 5377 2201 5413 a
2234 5360 2562 5415 dmmonibus
2584 5378 2679 5415 nos
2699 5363 3080 5418 discernanuts.
3115 5364 3250 5431 Quid
3268 5374 3367 5423 est,
3392 5362 3591 5417 obsecro
3606 5367 3692 5411 vos.

2172 5455 2299 5524 quid
2324 5466 2404 5509 est
2433 5457 2572 5526 quod
2600 5457 2847 5511 dixerunt
2871 5457 3175 5512 dzrmoncs?
3201 5456 3399 5513 Scimus
3425 5453 3503 5525 qui
3524 5452 3600 5509 sis.
3627 5443 3695 5499 Π-

2174 5545 2270 5597 lius
2294 5544 2409 5598 Dei.
2445 5528 2772 5613 Etatidiunt,
2819 5548 3151 5602 Obnntrscite
3197 5548 3379 5617 (Μαι-ε.
3412 5561 3446 5607 ι,
3489 5543 3564 5600 st.
3601 5537 3691 5593 25).

2173 5635 2358 5691 Nonne
2389 5637 2487 5691 hoc
2512 5637 2757 5693 dixerunt
2784 5639 2922 5708 quod
2953 5650 3003 5693 et
3036 5640 3243 5704 Petrus,
3270 5635 3468 5708 quando
3494 5624 3690 5703 qumsivit

2173 5726 2240 5782 ab
2268 5729 2342 5782 cis
2370 5738 2422 5783 ct
2452 5728 2579 5782 dixit
2604 5745 2615 5780 :
2644 5730 2802 5798 Quem
2835 5748 2911 5784 me
2931 5731 3098 5785 dicunt
3127 5728 3348 5782 homines
3371 5726 3497 5783 me?
3517 5722 3574 5777 εἰ
3592 5731 3689 5774 αὕτη
