3926 6188
121 678 126 707 ι

117 710 125 783 l

116 788 125 855 ἑ

169 372 308 431 ΗΠ

166 484 450 555 opiniones
477 476 876 549 respondissent
901 475 1127 540 alienas,
1158 470 1358 526 addidit
1384 477 1438 523 et
1462 467 1756 555 interroga-

164 553 239 632 vit
265 574 453 630 dicens
476 589 492 627 :
532 568 629 625 Vos
647 581 814 623 autem
833 582 978 637 quem
1004 579 1081 618 me
1108 577 1215 619 esse
1233 559 1441 615 dicitis?
1464 553 1759 625 Respondit

166 669 393 725 Petrus:
420 662 496 718 Tu
523 678 575 716 es
603 660 833 716 Christus
860 656 1029 712 Filius
1047 654 1144 709 Dei
1168 651 1285 708 uiui.
1314 652 1426 706 lloc
1463 650 1755 710 dzrmonOS,

170 760 268 815 hoc
318 758 542 811 Petrus:
572 752 674 806 hoc
702 749 917 819 maligni
952 746 1192 818 spiritus,
1225 743 1328 800 hoc
1356 741 1664 811 Apostolus.
1695 738 1761 791 Et

168 848 389 904 audiunt
417 845 712 907 daemones,
755 822 1305 893 'Obmutescitemudit
1335 833 1539 894 Petrus,
1573 827 1759 882 Beatus

168 936 218 993 es
237 936 453 1006 (Matth.
480 949 591 997 xvt,
618 931 828 1001 l5-l7).
854 927 1005 995 Quod
1028 923 1366 981 discernebat
1387 923 1522 988 illos,
1542 918 1759 973 bocdis-

170 1037 353 1083 cernat
401 1035 455 1082 et
494 1040 611 1080 nOs.
661 1022 816 1079 Unde
860 1021 961 1074 hoc
1001 1018 1272 1073 daemones
1313 1011 1643 1070 clamabant?
1670 1008 1760 1063 Ti-

172 1116 387 1173 mcndo.
419 1115 570 1170 Unde
597 1110 822 1167 I’etrus?
850 1107 1146 1178 Diligendo.
1170 1105 1379 1175 Eligitc,
1400 1103 1620 1171 diligite.
1643 1100 1758 1169 Ipsa

170 1217 248 1265 est
263 1206 404 1262 ﬁdes
423 1221 541 1276 qua:
560 1203 893 1260 Christianos
914 1216 944 1256 a
972 1197 1300 1254 duxmonibus
1326 1194 1606 1257 discernit;
1628 1192 1760 1246 fides

175 1316 276 1355 non
305 1311 675 1368 qumcumque.
703 1294 836 1350 Nam
860 1296 933 1349 ait
958 1291 1231 1361 apestolus
1257 1290 1507 1353 lacubus,
1543 1287 1616 1340 Tu
1647 1303 1759 1341 cre-

173 1392 285 1446 dis:
303 1388 540 1459 Epistola
559 1387 656 1441 hoc
684 1384 842 1439 habet
866 1383 1087 1453 apostoli
1116 1381 1334 1436 Jacobi:
1362 1379 1435 1433 Tu
1463 1379 1625 1432 credis
1644 1378 1761 1445 quia

173 1497 301 1535 unus
320 1489 394 1534 cst
424 1477 592 1549 Deus:
612 1476 734 1530 bene
762 1475 908 1545 facis.
936 1473 1004 1527 Et
1042 1473 1293 1527 dwmoues
1319 1471 1548 1534 credunt,
1573 1478 1619 1521 et
1641 1484 1764 1521 con-

172 1571 463 1625 tremiscwtt
490 1566 689 1641 (Jacobi
713 1582 769 1631 ιι,
804 1563 912 1636 l9).
945 1564 1060 1632 Ipse
1090 1563 1190 1618 hoc
1217 1561 1367 1626 dixit,
1392 1560 1479 1631 qui
1502 1561 1551 1613 in
1570 1559 1759 1614 eadem

176 1659 411 1729 Epistula
438 1657 671 1726 scripsit,
703 1653 764 1711 Si
790 1654 942 1723 [idem
971 1652 1152 1706 habeat
1175 1652 1380 1721 aliquis,
1409 1666 1562 1721 opera
1595 1658 1762 1703 autem

175 1767 270 1806 non
292 1753 498 1814 habent,
522 1746 762 1820 numquid
788 1754 945 1816 potest
967 1744 1092 1815 ﬁdes
1113 1745 1309 1798 salvere
1324 1761 1437 1799 eum
1454 1742 1503 1817 (Ι
1511 1742 1614 1796 bid.
1640 1742 1762 1814 id)?

177 1841 240 1899 Et
268 1840 546 1911 apostolus
580 1839 775 1895 Paulus
796 1837 1131 1902 discernens,
1160 1836 1233 1888 ait
1256 1853 1268 1888 :
1295 1833 1472 1904 Neque
1493 1835 1760 1887 circumci-

175 1938 249 1988 sio
274 1933 475 2003 aliquid
502 1932 651 1995 valet,
692 1946 848 1999 neque
890 1929 1226 1999 pra'putium;
1259 1927 1347 1981 sed
1375 1926 1501 1993 ﬁdes
1527 1940 1641 1993 qua?
1676 1942 1764 1994 per

176 2024 493 2079 dilectionem
521 2031 760 2091 operatur
804 2018 1001 2089 (Galat.
1031 2033 1087 2084 v,
1118 2017 1194 2088 6).
1229 2017 1619 2080 Discrevimus,
1648 2016 1761 2071 dis-

181 2116 430 2170 tinximus
463 2130 480 2166 :
521 2113 629 2167 imo
656 2110 958 2165 distinctam
998 2109 1317 2173 invenimus,
1350 2106 1651 2160 distinctam
1681 2106 1761 2160 lc-

176 2210 371 2279 gimus,
392 2204 694 2261 distinctam
718 2218 836 2257 esse
855 2201 1156 2256 didicimus.
1181 2198 1458 2269 Quomodo
1482 2196 1732 2266 distingui
1746 2225 1762 2237 ο

181 2317 299 2353 sunt
329 2297 465 2361 Iide;
488 2297 565 2350 sic
588 2294 974 2364 distinguantur
1002 2302 1056 2348 et
1084 2290 1342 2356 moribus,
1366 2290 1443 2344 sic
1470 2289 1763 2358 distingua-

182 2405 299 2444 mur
324 2396 381 2444 et
403 2388 677 2457 operibus,
706 2385 916 2440 accensi
965 2382 1245 2445 ebaritate,
1286 2396 1445 2451 quam
1494 2380 1766 2434 (temones

182 2496 285 2533 non
316 2477 603 2532 habebant.
633 2475 749 2544 Quo
794 2475 913 2545 igne
952 2485 1006 2528 et
1045 2473 1124 2527 illi
1162 2473 1267 2526 duo
1294 2473 1346 2525 in
1376 2472 1453 2524 via
1486 2470 1762 2525 ardebant.

179 2571 404 2643 Cognito
429 2571 572 2624 enim
599 2568 811 2623 Christo
848 2574 904 2622 et
927 2566 1016 2620 'ab
1042 2566 1123 2622 eis
1150 2565 1493 2630 discedente”
1520 2564 1767 2619 dixerunt.

181 2663 318 2733 apud
350 2678 443 2717 se:
469 2659 654 2714 Nonne
693 2674 781 2712 cor
810 2668 1035 2712 nostrum
1071 2665 1180 2710 erat
1215 2656 1398 2708 ardens
1437 2656 1488 2707 in
1527 2655 1626 2718 eia,
1655 2671 1767 2709 cum

183 2754 395 2824 aperiret
423 2752 566 2805 nobis
606 2750 901 2818 Scripturas
930 2746 1081 2821 (Luc.
1110 2762 1261 2811 xxrv,
1293 2744 1420 2817 52)?
1446 2746 1675 2800 Ardete:
1702 2762 1768 2802 ne

183 2847 410 2901 aid-alis
426 2845 546 2914 igne
561 2859 663 2913 quo
679 2842 850 2897 arsuri
868 2851 989 2895 sunt
1007 2837 1632 2912 (ltemones(.llattlt.xxv,
1651 2839 1766 2910 41).

183 2938 379 2996 Milete
407 2938 525 3006 igua
553 2933 847 2996 cbaritatis,
877 2942 935 2986 ut
962 2946 992 2986 a
1022 2931 1351 2986 dzemonibus
1382 2945 1476 2984 vos
1497 2931 1768 2984 discerna-

186 3035 268 3086 tis.
298 3027 471 3086 Ardor
497 3032 594 3084 iste
619 3039 831 3080 sursum
864 3038 958 3078 vos
983 3023 1142 3092 rapit,
1164 3037 1374 3076 sursum
1398 3022 1550 3083 tollit,
1581 3022 1631 3075 in
1655 3037 1767 3076 etn-

187 3127 291 3180 Ium
318 3125 477 3178 levat.
510 3116 775 3190 Quidquid
807 3114 1172 3178 molestiarum
1194 3100 1333 3181 passi
1361 3112 1565 3167 fueritis
1588 3111 1640 3165 in
1664 3121 1771 3166 ter-

186 3234 260 3281 ra,
293 3227 783 3286 quanttnncumque
805 3211 1156 3266 christianum
1183 3226 1276 3263 cor
1303 3207 1550 3263 deorsum
1601 3208 1771 3263 humi-

187 3310 363 3362 liatunt
394 3314 602 3376 premat
628 3304 903 3366 inimicus;
933 3318 1137 3356 summa
1171 3301 1301 3371 petit
1337 3300 1499 3355 ardor
1526 3301 1769 3355 dilectio-

190 3400 284 3454 nis.
310 3397 725 3454 Simtlitudinetn
756 3395 1002 3463 accipite.
1024 3393 1079 3448 Si
1112 3390 1336 3446 faculam
1364 3400 1543 3445 teneas
1572 3391 1769 3445 arden-

189 3503 313 3556 tem,
360 3499 562 3544 rectam
612 3487 787 3557 capite
828 3500 1040 3540 sursum
1090 3493 1299 3548 teneas;
1332 3482 1559 3538 ﬂamma:
1604 3483 1770 3538 crinis

187 3582 346 3649 surgit
379 3580 429 3632 in
455 3576 687 3632 ctelum:
716 3575 956 3647 deprime
980 3573 1229 3639 faculam,
1254 3573 1466 3627 ﬂamma
1496 3572 1547 3627 in
1578 3572 1767 3627 emtum

187 3674 255 3727 it:
278 3672 361 3726 fac
389 3670 612 3724 faculam
641 3667 814 3737 capite
839 3665 1111 3730 deorsum,
1143 3663 1400 3734 numquid
1427 3673 1479 3716 et
1505 3663 1769 3716 tlatnmam

186 3763 405 3833 deponis
427 3760 478 3815 in
507 3757 742 3815 terram?
762 3756 1108 3825 Quacumque
1130 3753 1323 3808 ardens
1349 3754 1536 3823 vergit,
1560 3751 1770 3807 llamnza

186 3854 338 3907 aliam
370 3852 509 3904 viam
543 3848 732 3915 nescit,
759 3847 954 3902 caelum
983 3845 1133 3915 petit.
1158 3844 1359 3913 Spiritu
1391 3841 1654 3897 ferventes
1678 3858 1770 3900 ae-

186 3941 471 3997 rendimini
498 3941 619 4009 igne
656 3938 965 3993 cbaritatis:
993 3936 1201 3989 fervere
1226 3933 1385 3988 facite
1413 3949 1504 3988 vos
1531 3933 1773 3988 laudibus

187 4034 295 4093 Dei,
324 4044 374 4087 et
408 4031 646 4085 moribus
675 4028 909 4098 Optimis.
944 4025 1094 4080 Alter
1113 4025 1335 4090 calidus,
1365 4024 1502 4079 alter
1530 4025 1770 4095 frigidus:

185 4124 384 4179 calidus
416 4122 659 4191 frigidum
695 4119 979 4180 accendat;
1008 4125 1063 4172 ct
1087 4117 1175 4187 qui
1204 4131 1390 4185 parum
1417 4116 1587 4180 ardet,
1628 4125 1775 4187 optet

185 4224 546 4283 augmentum,
577 4220 692 4266 oret
720 4210 1105 4278 adjumentum.
1142 4206 1397 4261 Dominus
1444 4219 1656 4275 paratus
1692 4217 1774 4262 est

186 4309 341 4360 dare:
374 4320 471 4358 nos
502 4304 718 4375 pansis1
752 4301 1004 4357 cordibus
1046 4309 1292 4370 optemus
1329 4300 1589 4370 accipere.
1635 4301 1775 4355 Con-

187 4398 321 4452 versi
352 4396 419 4450 ad
449 4393 750 4460 Dominum,
783 4401 885 4448 etc.

634 4506 866 4563 SERMO
903 4505 1183 4561 ccxxxv
1226 4505 1324 4578 ((ι).

649 4626 699 4669 ιιι
714 4618 889 4670 diebus
906 4616 1225 4680 Paschalibus,
1246 4632 1310 4669 vt.

260 4727 331 4782 De
378 4728 551 4781 eadem
594 4725 805 4779 lectione
845 4723 1111 4795 Evangelii
1149 4721 1336 4791 Luem,
1377 4740 1491 4793 cap.
1536 4738 1697 4790 χειν,

840 4816 913 4887 7.
952 4810 1128 4871 l3—3l.

253 4939 523 4998 CAPUT
588 4937 934 4994 PRIMUM.
994 4967 1064 4976 —
1119 4936 1170 4990 i.
1235 4934 1575 5005 Evangelistte
1636 4936 1776 4990 salva

186 5034 494 5089 narrationis
514 5034 719 5087 veritate
735 5029 949 5085 variant.
969 5028 1232 5085 Hesterno
1253 5027 1358 5090 die.
1383 5027 1433 5081 id
1455 5036 1535 5081 est
1555 5036 1710 5082 nocte
1728 5029 1771 5094 ',

186 5127 322 5181 lecta
354 5135 437 5179 est
474 5140 539 5179 ex
572 5124 860 5192 Evangelio
904 5121 1226 5177 resurrectio
1251 5118 1564 5175 Salvatoris.
1612 5119 1771 5174 Lecta

183 5227 265 5271 est
293 5228 472 5271 autem
502 5232 564 5269 ex
598 5215 883 5284 Evangelia
910 5211 1203 5268 secundum
1224 5210 1525 5265 Mattbanun
1555 5228 1568 5264 :
1618 5210 1775 5266 hodie

184 5323 315 5363 vero
345 5351 359 5373 ,
386 5309 523 5362 sicut
550 5307 773 5360 audistis
804 5305 1147 5375 pronuntiare
1197 5303 1470 5357 Lcctnrcm
1499 5345 1513 5368 ,
1555 5301 1772 5355 recitata

249 5467 265 5498 ι
293 5468 367 5516 sic
389 5465 625 5515 meliores
637 5464 964 5526 manuscripti.
988 5471 1043 5513 At
1063 5471 1193 5526 μοι,
1216 5464 1398 5525 paucis.

246 5528 462 5589 'Aliquot
484 5528 790 5589 manuscriptl
815 5521 1055 5589 omittunt,
1082 5524 1136 5589 id
1160 5521 1230 5575 est
1251 5532 1403 5589 nocte.
1430 5530 1483 5573 Et
1506 5523 1625 5572 infra
1648 5521 1772 5589 loco,

184 5584 452 5641 secratdum
506 5584 814 5650 stutthtcu'm,
853 5588 998 5637 iidem
1036 5588 1229 5638 codices
1278 5587 1476 5645 habent,
1513 5584 1775 5637 secrmdum

190 5661 553 5769 Μῆᾙξᾷειιιιε
576 5711 633 5760 ad
659 5719 763 5761 tres
782 5711 860 5761 cb.
887 5711 945 5759 ad
978 5711 1026 5759 (Ι.
1065 5724 1112 5761 ιι.
1149 5722 1189 5760 r.
1224 5725 1269 5759 v.
1309 5716 1498 5760 Anni-‘1‘.
1521 5717 1623 5761 t‘ar.
1663 5716 1772 5760 Lov.

248 5776 327 5838 (et)
350 5774 492 5837 Alias,
515 5774 578 5823 de
602 5783 837 5837 ’t‘cmpt'rc
867 5775 883 5822 l
904 5773 969 5823 ιο.

1514 354 1597 411 8E
1622 349 1743 406 ιλιι)
1776 346 2083 405 CCXXXV.

3310 343 3442 400 1118

1865 468 1947 514 est
1973 458 2127 513 nobis
2151 458 2359 513 Domini
2386 458 2705 513 resurrectio
2725 498 2742 532 ,
2767 457 2905 513 sicut
2931 457 3102 513 Lucas
3121 457 3446 526 evangelista

1866 551 2200 619 conscripsit.
2231 549 2383 616 Quod
2403 564 2548 619 saepe
2571 547 2893 605 admonendi
2927 548 3077 614 estis,
3119 556 3173 602 et
3197 551 3447 603 memori-

1868 650 1949 697 ter
1969 650 2153 697 tenere
2180 640 2426 706 debetis;
2450 656 2559 696 non
2584 655 2680 695 vos
2705 640 2862 695 debet
2892 654 3109 694 movere
3134 637 3273 708 quod
3311 637 3446 692 alius

1865 733 2189 804 evangelista
2216 731 2366 797 dicit,
2397 733 2440 786 si
2479 732 2605 803 quid
2645 732 2781 787 alius
2817 729 3172 800 praetermittit
3204 729 3364 799 :qnia
3394 739 3448 784 et

1866 826 1952 880 ille
1974 826 2061 895 qui
2084 825 2439 893 praztermittit
2458 824 2599 894 quod
2618 823 2754 878 alius
2774 822 2921 885 dicit,
2943 822 3069 877 dicit
3088 820 3284 890 aliquid
3305 819 3446 890 quod
3499 816 3501 819 ’

1867 915 1952 969 ille
1984 916 2416 985 prmtcrmiserat.
2448 915 2636 984 Aliqua
2662 928 2790 968 vero
2819 913 3010 983 singuli
3039 911 3247 986 dicunt,
3279 920 3332 965 et
3357 910 3446 965 alii

1868 1015 1975 1061 tres
2001 1022 2107 1060 non
2134 1005 2350 1071 dicunt;
2376 1005 2548 1073 aliqua
2567 1005 2672 1059 duo
2694 1004 2896 1070 dicunt,
2914 1013 2966 1057 et
2990 1003 3079 1057 alii
3102 1018 3206 1056 non
3227 1002 3442 1066 dicunt;

1865 1098 2038 1166 aliqua
2063 1108 2168 1151 tres
2188 1097 2391 1161 dicunt,
2419 1106 2473 1151 et
2493 1111 2629 1150 unus
2654 1110 2759 1150 non
2780 1095 2925 1150 dicit.
2949 1095 3249 1149 Auctoritas
3270 1104 3444 1148 autent

1869 1196 2013 1240 tanta
2049 1196 2131 1240 est
2169 1186 2443 1255 Evangelii
2471 1186 2671 1247 sancti,
2707 1194 2762 1239 ut
2788 1184 2908 1253 quia
2940 1184 2992 1236 in
3027 1183 3106 1237 eis
3134 1182 3448 1251 loquebatur

1867 1276 2097 1346 Spiritus
2126 1288 2279 1341 unus,
2301 1292 2483 1331 verum
2508 1278 2575 1332 sit
2603 1277 2761 1331 etiam
2790 1276 2927 1345 quod
2951 1275 3142 1329 dixerit
3162 1290 3314 1328 unus.
3336 1274 3447 1329 Iloc

1866 1383 1993 1437 ergo
2018 1368 2157 1438 quod
2190 1369 2348 1422 modo
2375 1367 2616 1430 audistis,
2646 1368 2766 1437 quia
2800 1367 3058 1422 Dominus
3083 1366 3273 1430 Jesns,
3304 1374 3448 1435 post-

1866 1460 2092 1527 eaquam
2127 1459 2423 1513 resurrexit
2450 1474 2481 1511 a
2523 1459 2778 1520 mortuis,
2814 1457 3014 1512 invenit
3039 1456 3173 1510 duos
3198 1455 3249 1510 in
3274 1456 3354 1511 via
3381 1470 3446 1511 ex

1867 1546 2137 1617 discipulis
2165 1547 2303 1612 suis,
2338 1547 2700 1616 colloquentes
2721 1546 2946 1600 invicem
2978 1545 3045 1600 de
3072 1545 3154 1600 bis
3182 1561 3299 1614 qua:
3321 1561 3450 1601 cou-

1868 1638 2115 1707 tigerant,
2145 1647 2199 1692 et
2225 1638 2357 1692 dixit
2386 1637 2489 1690 illis
2510 1677 2523 1700 ,
2557 1637 2654 1702 Qui
2679 1646 2796 1689 sunt
2831 1652 3086 1690 sermones
3112 1636 3195 1690 isti
3220 1653 3343 1703 quos
3372 1638 3450 1691 lo-

1865 1729 2076 1803 quimini
2107 1729 2378 1794 vobiscum,
2403 1736 2447 1780 et
2472 1729 2586 1782 estis
2616 1729 2778 1782 tristes
2798 1728 2824 1782 ?
2852 1736 2955 1781 etc.
2983 1743 2999 1792 ;
3021 1726 3165 1781 solus
3189 1726 3320 1781 dixit
3347 1727 3449 1781 Lu-

1866 1835 1955 1874 cas
1984 1820 2324 1887 evangelista.
2380 1818 2617 1872 Breviter
2643 1819 2744 1872 hoc
2764 1818 2935 1887 attigit
2955 1818 3181 1884 Marcus,
3210 1818 3331 1886 quia
3355 1833 3449 1886 ap—

1868 1911 2039 1979 paruit
2084 1909 2293 1964 duobus
2332 1908 2384 1962 in
2430 1909 2512 1962 via
2543 1907 2731 1979 (Marc.
2762 1924 2849 1962 xvt
2871 1948 2885 1971 ,
2920 1908 3003 1971 l9...
3039 1908 3125 1976 15)
3157 1924 3170 1961 :
3203 1907 3297 1961 sed
3323 1908 3447 1978 quid

1870 2000 1946 2053 illi
1970 1999 2201 2054 dixerint
2242 1997 2470 2054 Domino
2493 2038 2509 2066 ,
2537 1999 2620 2053 vel
2659 1997 2783 2069 quid
2827 1998 2908 2053 eis
2933 1996 3127 2053 dixerit
3153 1998 3407 2053 Dominus
3429 2040 3446 2065 ,

1869 2090 2225 2159 prmtermisit.

1936 2179 1990 2233 2.
2022 2179 2250 2233 Christus
2277 2196 2389 2233 cum
2415 2177 2675 2248 discipulis
2701 2178 2752 2232 in
2781 2178 2877 2231 eia.
2903 2176 3041 2245 Quid
3063 2191 3191 2247 ergo
3235 2177 3332 2230 ista
3373 2176 3451 2232 le-

1868 2269 1973 2323 Ctio
1997 2269 2219 2323 contulit
2243 2268 2436 2322 nobis?
2465 2269 2706 2336 Magnum
2745 2266 2814 2320 ali
2840 2266 2981 2335 inid,
3001 2266 3045 2320 si
3073 2266 3446 2336 intelligamus.

1868 2359 2124 2429 Apparuit
2150 2359 2305 2413 .lesus
2334 2377 2347 2412 :
2379 2358 2655 2413 videbatur
2683 2358 2876 2423 oculis,
2908 2366 2963 2413 et
2989 2371 3091 2411 non
3122 2359 3449 2427 agnosceba-

1872 2464 1973 2506 tur.
2008 2452 2258 2523 Magistcr
2292 2450 2593 2504 ambulabat
2618 2465 2737 2503 cum
2770 2449 2871 2502 illis
2900 2450 2952 2502 in
2981 2449 3086 2515 via,
3114 2457 3167 2503 ct
3196 2449 3308 2518 ipse
3337 2458 3453 2504 erat

1870 2545 1952 2597 via
1982 2561 1995 2597 :
2025 2553 2080 2598 et
2125 2541 2357 2595 nondum
2385 2541 2460 2594 illi
2503 2540 2844 2594 ambulabant
2885 2540 2940 2593 in
2966 2539 3087 2604 via;
3120 2539 3213 2593 sed
3255 2541 3452 2595 invenit

1869 2649 1964 2690 eos
1988 2634 2317 2688 exorbitaSsc
2345 2632 2412 2686 de
2442 2633 2543 2685 via.
2576 2631 2801 2699 Quando
2826 2635 2970 2685 enim
2997 2647 3116 2685 cum
3145 2631 3249 2688 illis
3281 2632 3453 2689 fuerat

1871 2736 1999 2782 ante
2044 2726 2388 2796 passionem,
2435 2723 2610 2777 omnia
2660 2722 3015 2791 pra-dixerat,
3069 2736 3346 2790 passurum
3392 2739 3452 2779 sc

1872 2819 2035 2873 fuisse
2061 2858 2077 2881 ,
2106 2818 2420 2871 tinniturum
2442 2856 2455 2880 ,
2488 2815 2644 2869 tertio
2669 2814 2758 2868 die
2793 2824 3213 2869 resurrecturum
3239 2814 3448 2886 (Matth.

1871 2925 1963 2972 xx,
2003 2909 2091 2975 l8,
2126 2907 2213 2975 19)
2247 2925 2260 2962 :
2294 2908 2470 2960 omnia
2516 2906 2868 2975 praedixerat;
2913 2906 3006 2960 sed
3047 2908 3236 2960 mors‘
3272 2907 3412 2961 illius
3434 2948 3448 2972 ,

1872 3000 2078 3053 illorum
2106 2998 2302 3052 oblivio
2326 2996 2442 3050 fuit.
2465 2997 2554 3051 Sic
2579 2996 2871 3064 perturbati
2905 3005 3052 3062 sunt,
3084 2997 3299 3066 quando
3330 3013 3451 3052 eum

1873 3089 2117 3145 viderunt
2142 3089 2193 3142 in
2249 3088 2393 3156 ligno
2433 3086 2772 3156 pendentem,
2808 3096 2867 3140 ut
2922 3087 3296 3142 obliviscercut
3357 3089 3453 3144 do-

1870 3189 2103 3252 centem,
2133 3195 2237 3234 non
2266 3185 2634 3252 exspectarent
2660 3188 3054 3257 resurgentem,
3086 3195 3181 3247 nec
3215 3190 3459 3237 tenerent

1876 3283 2292 3352 promittentem.

1943 3372 2168 3428 CAPUT
2210 3372 2274 3424 ιι.
2300 3401 2370 3413 --
2394 3370 2527 3437 Nos,
2562 3372 2826 3441 inquiunt,
2855 3371 3177 3441 sperabamus
3201 3373 3317 3441 quia
3349 3374 3457 3443 ipse

1874 3474 1981 3518 erat
2004 3464 2357 3533 redempturus
2386 3461 2570 3517 Israel.
2601 3462 2646 3517 Ο
2679 3464 2942 3532 discipuli,
2970 3464 3296 3531 spembatis;
3327 3481 3456 3535 ergo

1868 3556 1978 3624 jam
2000 3558 2111 3610 non
2139 3554 2364 3622 speratis
2382 3555 2407 3605 ‘t
2431 3554 2569 3606 Ecce
2595 3553 2839 3606 Christus
2864 3553 3012 3618 vivit,
3035 3562 3088 3606 et
3100 3568 3227 3622 spes
3248 3565 3455 3609 mortua

1874 3656 1957 3701 est
1981 3646 2032 3699 in
2059 3645 2209 3699 vobis
2237 3645 2251 3698 ι
2282 3643 2508 3698 Prorsus
2534 3643 2661 3696 vivit
2681 3644 2943 3696 Christus.
2990 3643 3181 3697 Vivens
3216 3643 3458 3701 Christus

1878 3744 2083 3790 mortua
2126 3733 2509 3803 discipulorum
2547 3732 2711 3788 Corda
2753 3732 2996 3787 invenit:
3024 3749 3248 3802 quorum
3289 3736 3458 3791 oculis

1875 3837 1927 3882 et
1969 3826 2216 3896 apparuit
2241 3834 2295 3880 et
2324 3841 2429 3879 non
2456 3826 2730 3894 apparuit;
2760 3835 2819 3880 et
2859 3825 3135 3879 videbatur
3155 3835 3209 3881 et
3235 3828 3458 3883 abscon-

1875 3918 2116 3972 debatur.
2155 3916 2287 3971 Nam
2324 3916 2368 3970 si
2411 3930 2517 3969 non
2549 3915 2867 3981 videbatur,
2894 3914 3161 3984 quomodo
3202 3916 3349 3971 illum
3379 3918 3460 3971 in—

1878 4017 2239 4077 terrogantem
2277 4006 2604 4072 audiebant,
2635 4006 2981 4077 interroganti
3026 4007 3459 4077 respondebant?

1876 4099 1934 4153 In
1964 4101 2042 4154 via
2077 4116 2198 4154 eum
2243 4100 2351 4156 illis
2378 4109 2627 4169 tanquam
2655 4114 2837 4153 comes
2877 4099 3180 4154 ambulabat
3208 4141 3222 4164 ,
3263 4113 3316 4156 et
3345 4104 3460 4172 ipse

1876 4192 1985 4248 dux
2011 4204 2145 4247 erat.
2178 4194 2370 4262 Utique
2395 4193 2670 4256 videbant,
2699 4194 2793 4247 sed
2823 4208 2929 4246 non
2957 4194 3332 4262 agnoscebant.
3366 4195 3462 4251 Te-

1877 4285 2123 4337 nebantur
2150 4284 2283 4337 enim
2311 4283 2447 4337 oculi
2485 4300 2659 4337 eorum
2681 4323 2696 4347 ,
2736 4283 2874 4337 sicut
2897 4282 3197 4339 audivimus
3215 4325 3231 4351 ,
3263 4302 3326 4341 ne
3346 4305 3459 4342 eum

1878 4384 2223 4446 agnoscerent.
2251 4374 2367 4428 Non
2406 4374 2756 4439 tenebantur,
2800 4388 2867 4428 ne
2891 4371 3132 4430 viderent
3159 4390 3173 4430 :
3203 4376 3298 4433 sed
3326 4387 3463 4433 tene-

1879 4467 2078 4531 bantur,
2104 4484 2167 4520 ne
2192 4483 2306 4520 eum
2335 4476 2683 4536 agnoscerent.

1950 4559 2003 4614 3.
2036 4557 2266 4611 Christus
2297 4575 2389 4611 cur
2412 4559 2617 4629 agnosci
2637 4558 2791 4612 voluit
2811 4559 2862 4613 in
2884 4559 3133 4631 fractione
3159 4563 3324 4630 panis.
3353 4560 3466 4617 [Iob

1879 4648 2169 4719 spitalitatis
2199 4664 2404 4703 merces.
2453 4648 2570 4714 Eia,
2614 4649 2839 4715 fratres,
2871 4650 2958 4705 ubi
3007 4651 3169 4706 voluit
3207 4651 3462 4708 Dominus

1879 4740 2224 4813 agnosci?ln
2254 4741 2512 4798 fractione
2557 4741 2727 4810 panis.
2769 4742 2954 4797 Securi
2998 4757 3218 4807 sumus,
3269 4752 3458 4812 panem

1880 4831 2191 4902 frangimus,
2219 4843 2273 4887 et
2301 4832 2586 4887 Dominum
2615 4832 2972 4901 agnoscimus.
3001 4831 3183 4887 Noluit
3204 4834 3416 4901 agnosci
3440 4870 3460 4899 ,

1881 4923 1984 4978 nisi
2012 4923 2079 4977 ibi
2104 4940 2119 4989 ;
2149 4933 2365 4993 propter
2400 4936 2530 4983 nos,
2565 4922 2651 4989 qui
2680 4935 2784 4974 non
2811 4936 2934 4975 cum
2977 4922 3139 4975 visuri
3168 4936 3381 4977 eramus
3408 4923 3461 4977 in

1880 5028 2059 5075 carne,
2088 5020 2143 5066 et
2171 5021 2344 5064 tamen
2389 5009 2757 5064 manducaturi
2796 5022 3012 5063 eramus
3055 5009 3171 5079 ejus
3218 5025 3461 5067 carnem.

1882 5102 2130 5173 Quisquis
2158 5116 2286 5170 ergo
2318 5101 2487 5155 lidclis
2515 5114 2575 5154 es
2597 5143 2612 5163 ,
2661 5100 2902 5169 quisquis
2932 5116 3038 5156 non
3069 5102 3296 5158 inaniter
3322 5105 3467 5159 chri-

1882 5195 2083 5247 stianns
2115 5190 2343 5254 vocaris,
2369 5190 2609 5259 quisquis
2635 5189 2913 5244 ecclesiam
2939 5207 3043 5245 non
3064 5193 3181 5247 sino
3203 5208 3363 5250 causa
3395 5196 3467 5249 in-

1881 5286 2138 5355 grederis,
2168 5284 2407 5353 quisquis
2431 5282 2647 5336 verbum
2677 5283 2769 5336 Dei
2794 5298 2915 5338 cum
2947 5284 3137 5339 timore
3166 5292 3222 5339 et
3247 5299 3345 5355 spe
3374 5303 3466 5340 an-

1882 5380 1986 5446 dis,
2015 5378 2323 5432 consoletur
2345 5385 2395 5431 tc
2417 5376 2602 5430 fractio
2627 5377 2795 5445 panis.
2828 5377 3079 5432 Absentia
3103 5377 3332 5443 Domini,
3359 5394 3464 5433 non

1881 5482 1963 5526 est
1994 5470 2232 5527 absentia
2266 5487 2277 5522 :
2310 5467 2503 5523 habeto
2533 5468 2689 5522 tidem
2717 5510 2731 5531 ,
2759 5478 2814 5522 et
2851 5479 3022 5523 tecum
3050 5478 3133 5523 est
3167 5485 3325 5539 quem
3355 5486 3460 5525 non

1884 5563 2051 5619 vides.
2079 5562 2178 5628 Illi,
2212 5559 2423 5617 quando
2448 5575 2565 5615 cum
2593 5560 2671 5614 eis
2713 5560 2964 5617 Dominus
2992 5561 3336 5631 loquebatur,
3368 5576 3466 5619 me

1952 5772 1964 5802 ι
1991 5768 2127 5829 Editi,
2152 5778 2321 5817 sermo.
2351 5764 2815 5827 310llll$‘l$5.,tll0l'8.
