3926 6188
516 333 662 391 1119

519 451 679 507 ﬁdem
725 449 995 506 habebam
1020 465 1035 502 :
1061 448 1183 519 quia
1226 462 1347 502 cum
1386 444 1744 500 resin-rexisse
1774 459 1879 498 non
1908 447 2093 502 crede-

514 543 660 606 bant,
685 556 789 595 non
820 555 1099 611 resurgere
1138 553 1295 608 posse
1318 536 1624 606 sperabant.
1657 535 2005 591 Perdiderant
2035 538 2096 591 ti-

513 632 656 697 dem,
691 632 1031 701 perdiderant
1056 646 1225 701 spem.
1258 629 1617 684 Ambulabant
1644 630 1835 683 mortui
1861 644 1984 683 eum
2013 631 2093 684 vi-

512 734 669 780 vente
691 767 708 792 ,
746 726 1086 780 ambulabant
1123 724 1319 779 mortui
1354 739 1475 779 cum
1505 724 1618 793 ipsa
1648 724 1774 778 vita.
1820 725 1952 779 Cum
1992 723 2097 780 illis

510 815 818 871 ambulabat
856 819 960 870 vita
988 833 1002 882 ;
1034 816 1129 871 sed
1158 816 1210 870 in
1241 831 1424 871 eorum
1452 810 1703 870 cordibus
1741 816 1974 872 nondum
2004 814 2095 872 re-

511 916 700 960 novata
735 908 751 938 ¹
783 917 899 961 erat
930 908 1052 960 vita.

583 997 807 1053 CAPUT
847 998 934 1053 lll.
961 1029 1034 1039 —
1060 999 1128 1053 Et
1154 1008 1207 1053 tu
1233 1014 1379 1068 ergo,
1404 999 1447 1054 si
1475 999 1554 1053 vis
1580 998 1776 1053 habere
1805 999 1990 1066 vitam,
2015 1000 2095 1055 lac

508 1087 650 1157 quod
684 1089 941 1151 fecerunt,
965 1099 1022 1143 ut
1042 1104 1298 1156 agnoscas
1326 1090 1623 1143 Dominum.
1658 1089 1896 1159 Hospitio
1914 1105 2094 1147 susce-

512 1188 723 1247 perunt.
754 1180 958 1235 Sim.lis
986 1181 1125 1235 enim
1166 1190 1277 1235 erat
1312 1182 1565 1236 Dominus
1604 1190 1851 1252 tanquam
1891 1183 1943 1236 in
1974 1184 2093 1238 lon-

511 1271 705 1341 ginqua
735 1272 1007 1340 pergenti,
1040 1273 1112 1326 illi
1141 1288 1267 1326 vero
1296 1283 1576 1326 tenuerunt
1601 1288 1743 1328 eum.
1790 1273 1857 1327 Et
1885 1284 2093 1342 postea-

509 1376 667 1430 quam
699 1372 959 1416 w-nerunt
986 1363 1051 1416 ad
1104 1364 1276 1418 locum
1325 1381 1430 1432 quo
1462 1365 2089 1429 teudebant,~dixerunt:

505 1448 627 1503 lam
655 1452 736 1504 hic
761 1454 1015 1506 uobiscum
1043 1471 1189 1508 mane
1211 1496 1225 1519 ,
1256 1454 1522 1507 declinavit
1565 1456 1696 1509 enim
1727 1456 1778 1509 in
1830 1473 2091 1525 vesperum

507 1542 633 1596 dies.
681 1543 824 1598 Tene
857 1544 1157 1615 hospitem,
1202 1546 1245 1599 si
1289 1546 1365 1598 vis
1404 1561 1694 1614 agnoscere
1737 1547 2088 1602 Salvatorem.

506 1633 657 1700 Quod
701 1636 892 1689 tulerat
923 1637 1204 1689 inlidelilas
1228 1677 1241 1699 ,
1275 1637 1505 1691 reddidit
1534 1639 1879 1709 hospitalitas.
1914 1639 2092 1695 Domi-

506 1742 610 1781 nus
652 1743 780 1796 ergo
824 1730 1163 1795 przrsentarit
1201 1744 1260 1782 se
1309 1729 1479 1797 ipsum
1523 1731 1572 1782 in
1617 1730 1873 1784 lraclione
1920 1731 2085 1799 panis.

508 1816 702 1871 Discite
734 1819 819 1871 ubi
854 1820 1130 1870 Dominum
1164 1820 1445 1886 qua-ratis,
1475 1819 1662 1874 discite
1698 1820 1782 1872 ubi
1813 1820 2050 1875 habeatis
2072 1863 2087 1885 ,

504 1908 693 1961 discite
733 1909 819 1961 ubi
865 1911 1197 1976 agnoscatis,
1231 1910 1445 1977 quando
1489 1910 1836 1965 mandueatis.
1885 1911 2087 1967 Norunt

505 1998 645 2050 cnim
691 1998 872 2051 lideles
913 1998 1110 2067 aliquid
1154 2000 1293 2068 quod
1342 2000 1529 2055 melius
1574 2001 1872 2072 intelligunt
1911 2003 1962 2057 in
1991 2003 2087 2057 ista

502 2087 752 2151 lectione,
783 2104 942 2157 quam
973 2091 1044 2142 illi
1075 2091 1163 2159 qui
1198 2107 1299 2144 non
1334 2101 1618 2149 noverunt.

573 2181 626 2234 4.
674 2180 904 2233 Christus
941 2180 1212 2234 abscntavit
1256 2199 1308 2235 se
1351 2199 1561 2249 corpore
1601 2192 1652 2235 nt
1697 2184 1978 2253 Indi/iretur
2019 2188 2087 2255 ﬁ-

502 2269 610 2323 des.
662 2269 912 2323 Dominus
938 2270 1093 2325 .lrsus
1131 2271 1371 2340 Cognitus
1400 2284 1514 2336 cst;
1544 2283 1599 2327 et
1634 2284 1972 2345 posteaquam
1998 2292 2085 2331 c0-

499 2360 680 2429 gnilus
707 2369 807 2419 est.
842 2375 1099 2428 nusquam
1127 2363 1440 2432 comparuit.
1463 2364 1737 2418 Abscessit
1770 2366 1836 2417 ab
1862 2366 1940 2421 cis
1966 2382 2087 2421 cor-

502 2466 665 2519 pore,
711 2451 800 2520 qui
852 2452 1130 2505 tenebatur
1168 2453 1288 2507 lide.
1346 2451 1467 2506 Ideo
1510 2456 1649 2507 enim
1696 2456 1948 2510 Dominus
1990 2459 2085 2512 ab-

501 2542 726 2595 scutarii
768 2557 826 2596 se
852 2546 1089 2611 corpore
1138 2543 1205 2597 ab
1245 2545 1388 2597 omni
1434 2545 1666 2599 Ecclesia
1693 2589 1705 2608 ,
1758 2555 1812 2602 et
1848 2550 2087 2603 ascendit

505 2632 558 2686 in
586 2634 800 2693 caelum.
828 2642 886 2687 ut
918 2634 1047 2687 lides
1074 2634 1383 2688 :ndilicrtur.
1427 2634 1482 2689 Si
1511 2638 1651 2690 enim
1682 2652 1786 2690 non
1822 2640 1955 2692 nosti
1985 2641 2083 2694 nisi

444 2697 451 2701 .
505 2724 644 2792 quod
687 2724 873 2785 vides,
906 2724 990 2777 ubi
1019 2736 1096 2778 cst
1141 2724 1312 2778 lides?
1355 2724 1410 2780 Si
1453 2738 1628 2781 autem
1671 2728 1844 2781 credis
1867 2730 2084 2798 etquod

505 2831 609 2869 non
653 2815 821 2881 vides,
858 2830 978 2870 cum
1020 2815 1213 2870 videris
1255 2817 1529 2887 gaudebis.
1573 2818 1886 2874 IEdilicelur
1913 2821 2081 2887 lides,

502 2909 623 2976 quia
671 2908 922 2963 reddetur
971 2909 1198 2977 Species.
1246 2909 1432 2963 Veniet
1470 2911 1609 2980 quod
1657 2926 1760 2963 non
1806 2912 2080 2980 videmus,

503 3003 677 3057 veniet
699 3042 716 3067 ,
762 3000 952 3056 fratres
979 3043 992 3062 ,
1024 3004 1195 3056 veniet
1229 3018 1242 3053 :
1276 3002 1368 3055 sed
1409 3002 1527 3056 vide
1556 3004 1823 3071 quomodo
1854 3012 1904 3058 te
1933 3005 2082 3059 inve-

503 3093 631 3147 niet.
683 3091 813 3144 Nam
854 3093 1027 3147 veniet
1076 3092 1215 3161 quod
1256 3091 1437 3146 dicunt
1479 3092 1772 3149 homines:
1822 3093 1922 3150 Ubi
1963 3105 2080 3164 est,

468 3222 472 3226 A
498 3183 711 3253 quando
735 3191 837 3247 est,
865 3183 1133 3251 quomodo
1167 3192 1249 3237 est
1271 3222 1284 3247 ,
1313 3183 1524 3253 quando
1550 3184 1678 3250 erit,
1711 3186 1924 3255 quando
1952 3203 2082 3243 vcn-

500 3282 673 3328 turum
704 3276 829 3328 est?
852 3271 1041 3337 Certus
1081 3285 1199 3328 esto
1222 3315 1237 3339 ,
1266 3275 1443 3329 veniet
1478 3292 1490 3327 :
1523 3290 1622 3330 nec
1650 3276 1824 3330 solum
1868 3280 2075 3345 veniet,

496 3362 590 3417 sed
621 3372 674 3417 et
704 3364 747 3416 si
778 3364 915 3417 nolis
943 3363 1141 3418 veniet.
1176 3363 1266 3417 Vae
1299 3364 1387 3434 qui
1418 3379 1523 3418 non
1561 3364 1940 3434 crediderunt;
1980 3369 2083 3424 erit

496 3454 637 3508 enim
682 3453 765 3508 bis
793 3468 1013 3522 magnus
1058 3463 1297 3517 tremor;
1329 3463 1383 3507 et
1425 3469 1673 3523 magnum
1714 3458 1962 3525 gaudium
2002 3459 2081 3513 eis

494 3545 583 3613 qui
608 3544 971 3600 crediderunt.
1007 3541 1327 3598 Gaudebant
1351 3542 1555 3606 ﬁdeles,
1584 3545 1975 3602 eonfundentur
2000 3548 2083 3603 in.

496 3633 702 3689 ﬁdeles.
735 3634 945 3690 Fideles
971 3633 1162 3687 dicturi
1206 3644 1332 3687 sunt
1363 3650 1377 3686 :
1410 3632 1624 3689 Gratias
1663 3636 1789 3703 tibi,
1822 3637 2076 3706 Domine;

497 3743 618 3781 vera
643 3726 961 3791 audivimus,
1004 3740 1127 3779 vera
1158 3726 1483 3781 credidimus
1505 3768 1520 3791 ,
1550 3732 2038 3799 vera'speravimus
2061 3775 2076 3797 ,

494 3833 619 3872 vera
650 3817 936 3872 cernimus.
965 3815 1209 3871 inﬁdeles
1247 3827 1422 3871 autem
1450 3817 1638 3871 dicturi
1669 3829 1792 3873 sunt
1823 3836 1838 3875 :
1871 3821 1967 3877 Ubi
1998 3832 2081 3878 est

491 3910 633 3979 quod
660 3925 764 3963 non
794 3908 1185 3963 credebamus?
1212 3909 1297 3963 ubi
1338 3919 1419 3964 est
1458 3911 1597 3980 quod
1640 3911 1724 3965 illa
1765 3929 1884 3981 qua:
1932 3914 2080 3986 lege-

491 4002 704 4065 bantur,
750 4000 1025 4056 mendacia
1077 4001 1433 4070 putabamus?
1460 4000 1760 4075 [Landandi
1788 4019 1915 4075 ergo
1935 4007 1956 4037 ²
1987 4007 2076 4076 qui

492 4108 597 4147 non
644 4094 823 4148 vident
866 4103 921 4148 ct
962 4091 1182 4146 credunt
1207 4107 1226 4147 :
1253 4091 1370 4161 quia
1409 4107 1528 4145 cum
1570 4093 1828 4157 viderint,
1877 4095 2077 4164 gaude-

491 4183 643 4240 bunt.
664 4186 831 4239 Causa
853 4183 1041 4239 salutis
1060 4191 1256 4237 nostrae
1280 4183 1513 4254 suscrpit
1536 4183 1791 4237 Dominus
1816 4199 2033 4242 carnem
2059 4204 2074 4248 ;

490 4276 544 4331 in
575 4291 675 4347 qua
704 4277 935 4344 suscepit
960 4283 1013 4328 et
1045 4284 1288 4327 inortem.
1321 4272 1631 4328 ltesurresit
1655 4273 1740 4328 die
1764 4276 1937 4338 tertio,
1965 4275 2074 4344 jam

492 4383 598 4423 non
630 4368 853 4422 ulterius
882 4365 1211 4429 moriturus;
1243 4375 1296 4418 et
1328 4374 1535 4432 recepta
1564 4379 1720 4433 quam
1760 4365 2078 4432 deposuerat

489 4459 665 4512 carnis
690 4456 1012 4519 substantia,
1047 4456 1250 4523 primus
1286 4454 1444 4507 nobis
1466 4455 1873 4509 resurrectionis
1904 4455 2078 4509 incor-

490 4550 754 4618 ruptibilis
784 4548 910 4601 fecit
948 4546 1274 4614 exemplum.
1315 4546 1623 4599 Ascendcns
1652 4546 1701 4599 in
1736 4548 1922 4602 eodem
1952 4562 2076 4602 eor-

492 4654 623 4710 pore
650 4638 714 4692 ad
749 4638 994 4701 Patrem,
1042 4636 1191 4690 sedet
1232 4634 1298 4688 ad
1344 4634 1614 4693 dexteram
1646 4636 1779 4701 Dei,
1816 4637 2073 4706 judicium

489 4730 662 4789 Pullis
687 4727 1088 4785 communicatis
1115 4734 1396 4796 potestate,
1420 4741 1577 4795 quem
1606 4737 1885 4781 venturum
1910 4729 1975 4783 ad
2002 4733 2077 4797 jn-

487 4824 685 4881 dicium
729 4836 1007 4893 speramus
1035 4819 1275 4874 vivorum
1303 4833 1366 4873 ac
1409 4826 1738 4872 mortuorum
1766 4835 1779 4871 :
1814 4829 1870 4874 ut
1894 4831 1947 4874 et
1977 4835 2074 4876 nos

485 4915 555 4972 de
580 4914 733 4971 nobis
758 4913 1060 4976 credamus,
1092 4911 1160 4965 de
1199 4912 1313 4980 ipso
1344 4908 1559 4976 pulvere
1587 4909 1831 4964 eamdem
1857 4927 2073 4968 carnem

486 5010 729 5079 accipere
750 5048 767 5073 ,
815 5003 1001 5060 eadem
1031 5018 1151 5058 ossa
1176 5043 1192 5069 ,
1224 5000 1468 5057 eamdem
1509 5014 1725 5070 semper
1767 5016 2071 5058 mansuram

484 5102 846 5160 membrorum
889 5097 1301 5168 reparationem.
1348 5094 1549 5150 Omnes
1597 5109 1782 5149 sumus
1825 5110 2071 5152 resurre-

485 5194 620 5250 cturi
651 5209 666 5248 :
697 5191 793 5246 sed
834 5205 937 5245 non
966 5202 1154 5242 omnes
1181 5186 1428 5240 laxtaturi.
1470 5184 1641 5238 Veniet
1679 5186 1820 5249 dies,
1860 5185 2066 5255 inquit,

481 5284 687 5358 quando
714 5297 885 5335 omnes
913 5280 996 5349 qui
1022 5280 1074 5332 in
1105 5277 1438 5332 monumentis
1479 5286 1593 5330 sunt
1617 5317 1631 5337 ,
1672 5276 1876 5331 audient
1907 5292 2071 5331 uocem

484 5376 612 5431 Filii
651 5372 749 5428 Dei
782 5388 800 5426 :
828 5381 876 5427 et
906 5370 1173 5442 precedent
1201 5369 1288 5439 qui
1325 5368 1454 5421 bona
1490 5377 1728 5438 egerunt,
1767 5368 1821 5420 in
1849 5384 2071 5422 resurre-

483 5472 700 5523 ctionem
729 5467 878 5531 vitm;
906 5464 992 5532 qui
1020 5478 1135 5516 vero
1160 5461 1292 5514 male
1316 5467 1539 5529 egerunt,
1580 5459 1633 5511 in
1658 5459 2067 5513 resurrectione»:

474 5559 665 5627 iudicii
696 5557 874 5632 (Joau.
904 5570 961 5621 ν,
986 5554 1077 5622 28,
1109 5549 1250 5624 29)].
1276 5549 1354 5606 Ita
1399 5550 1510 5616 lict,
1543 5558 1598 5604 ut
1625 5548 1922 5604 confusioni
1950 5551 2070 5605 red-

549 5692 566 5723 ¹
593 5696 690 5739 Am.
719 5695 770 5739 et
798 5695 869 5737 Er.
896 5687 1152 5744 omittunt,
1191 5688 1416 5733 renovata
1437 5694 1455 5742 ;
1474 5681 1611 5743 cujus
1632 5679 1739 5728 loco
1755 5682 1931 5742 Regius
1969 5692 2068 5728 ma-

485 5752 784 5810 nuscriptus,
813 5752 1047 5798 rerocnta.
1517 5806 1524 5814 _
1804 5820 1808 5825 .
2030 5816 2034 5819 Δ

549 5814 569 5846 ³
589 5819 698 5861 inec
736 5823 847 5874 (ιιιω
886 5808 1068 5860 ansulis
1091 5806 1397 5860 includuntur
1421 5804 1705 5856 addiderunt
1724 5801 2062 5854 Lmanicnscs.

1754 326 1808 386 s.
1849 296 2218 387 suousrtsi
2261 333 2567 393 EPISCOPI

3647 356 3753 418 nu

2210 446 2365 502 datur
2390 450 2729 519 supplicium,
2755 453 2961 511 dducam
2990 464 3008 498 ί
3037 459 3294 517 reddatur
3317 467 3607 535 prmmium.
3631 472 3753 534 low

2205 541 2347 594 enim
2375 543 2452 595 illi
2482 543 2536 597 in
2560 545 2924 603 ambustionem
2954 562 3199 607 teteruam
3230 595 3244 609 .
3270 556 3402 626 justi
3438 569 3600 615 autem
3633 565 3752 626 iugi.

2204 642 2307 682 tam
2343 642 2583 687 (sternam
2627 635 2836 707 (Matth.
2874 655 2979 695 xxv
3002 683 3019 708 ,
3058 643 3171 715 46).
3221 647 3481 706 Conversi
3514 653 3577 708 ad
3611 655 3753 713 Dona.

2205 736 2331 777 num
2353 764 2367 790 ,
2395 733 2499 780 etc.

2623 870 2853 954 sunto
2889 899 3237 959 ccxxxvr
3266 906 3367 981 (ο).

2643 1056 2694 1100 ιιι
2713 1050 2890 1104 diebus
2922 1056 3239 1122 Paschalibus,
3268 1076 3348 1112 vn.

2269 1189 2350 1246 De
2385 1193 2561 1249 eadem
2597 1196 2807 1253 lectione
2848 1197 3115 1273 Evangelii
3158 1203 3354 1274 Luca,
3400 1224 3514 1278 cap.
3544 1227 3693 1278 sxw,

2793 1314 2865 1385 γ.
2897 1316 3057 1372 ts-st
3096 1318 3189 1390 (in.

2274 1440 2324 1493 1.
2357 1439 2500 1494 Mors
2521 1440 2706 1496 Christi
2725 1455 2930 1516 propter
2956 1449 3100 1502 aliud
3116 1492 3129 1513 ,
3153 1461 3198 1504 et
3226 1463 3431 1523 prOpIer
3448 1457 3582 1510 aliud
3598 1476 3715 1515 rem

2196 1530 2366 1583 rertio.
2419 1531 2675 1587 Dominus
2720 1547 2904 1592 noster
2949 1539 3105 1595 Jesus
3151 1542 3417 1610 Christus,
3464 1549 3592 1603 sicut
3626 1554 3743 1621 Apo-

2196 1620 2361 1672 stolus
2388 1623 2533 1685 dicit,
2563 1636 2787 1680 mortuus
2816 1637 2887 1682 est
2909 1641 3114 1699 propter
3130 1632 3313 1687 delicta
3336 1647 3525 1702 nostra,
3542 1649 3583 1693 et
3603 1620 3739 1696 resur-

2195 1722 2322 1766 reait
2344 1717 2971 1787 praptcrjustiﬂcarionem
2988 1735 3210 1777 nostram
3229 1730 3243 1792 (
3259 1725 3404 1779 (lein.
3433 1745 3501 1787 Iv.
3523 1731 3622 1803 25).
3641 1735 3735 1790 Sie-

2198 1816 2253 1858 nt
2286 1816 2456 1861 morte
2483 1808 2650 1877 ipsius
2688 1811 3043 1878 semiuamur,
3075 1816 3153 1870 sic
3178 1824 3561 1879 l’t'StllTCCtittltc
3604 1827 3736 1895 ipsius

2192 1898 2573 1964 germiuamus.
2600 1901 2807 1956 Etrnim
2826 1915 2995 1959 morte
3011 1907 3176 1974 ipsius
3201 1911 3335 1979 signi
3345 1913 3523 1967 licatnr
3537 1921 3737 1973 nun-svi-

2196 1994 2261 2037 ta:
2292 1998 2505 2041 nostrae.
2536 1990 2611 2044 De
2644 1993 2740 2047 hac
2768 2009 2826 2048 re
2851 1996 2972 2047 audi
3004 1999 3316 2065 Apostolum
3338 2002 3734 2076 :Cousrpnlti,in-

2193 2078 2324 2144 quit,
2344 2095 2514 2135 sumus
2534 2081 2733 2136 Christo
2752 2101 2841 2154 per
2858 2084 3173 2153 Buptismum
3194 2091 3246 2144 in
3270 2103 3496 2155 mortem,
3517 2106 3568 2148 ut
3593 2114 3734 2168 quera-

2191 2165 2462 2221 admodum
2510 2170 2736 2228 Christus
2765 2179 3033 2231 resurrexit
3066 2196 3098 2231 η
3125 2183 3336 2236 mortuis
3356 2224 3371 2249 ,
3403 2185 3475 2238 sic
3524 2196 3566 2239 et
3590 2206 3668 2243 nos
3693 2192 3733 2243 ia

2192 2261 2411 2315 novitate
2423 2264 2535 2316 viae
2553 2266 2863 2321 ambulemus
2877 2267 2984 2340 (Id.
3005 2287 3074 2335 γι,
3100 2273 3175 2340 4).
3202 2272 3291 2327 Ille
3309 2292 3413 2329 nun
3438 2277 3603 2332 habuit
3619 2284 3732 2351 qtlod

2190 2352 2499 2407 emendaret
2528 2355 2577 2408 in
2605 2370 2763 2413 cruce
2790 2376 2804 2411 :
2824 2361 2944 2427 quia
2965 2360 3080 2414 sine
3098 2369 3563 2426 peceatoasmndit
3580 2371 3734 2426 ineiu-

2190 2455 2329 2493 cem.
2365 2441 2474 2497 Nos
2505 2445 2554 2498 in
2583 2462 2741 2502 cruce
2767 2450 2882 2518 ejus
2908 2453 3258 2509 emendentur
3276 2497 3292 2519 ,
3339 2468 3393 2511 et
3422 2459 3490 2512 ibi
3517 2475 3736 2529 potuimus

2190 2530 2329 2600 quod
2360 2535 2498 2611 male
2523 2540 2885 2594 contraximus
2907 2582 2922 2598 .
2969 2552 3030 2595 ιιι
3066 2544 3348 2611 justilicari
3390 2552 3505 2613 ejus
3530 2566 3737 2606 resuma

2191 2623 2368 2677 etione
2404 2628 2689 2695 possimus.
2721 2630 3055 2703 Distingucre
3078 2641 3222 2691 enim
3252 2640 3320 2692 ita
3361 2640 3601 2698 debetis:
3624 2644 3736 2698 Tra-

2191 2713 2327 2768 ditus
2355 2724 2427 2768 est
2458 2732 2666 2785 propter
2706 2722 2893 2775 delicta
2921 2735 3092 2779 nostra
3114 2768 3129 2793 ,
3173 2740 3221 2782 et
3260 2734 3527 2787 resurrexit
3561 2747 3740 2805 propta

2189 2806 2595 2875 justi/irationem
2636 2826 2881 2867 nostram.
2911 2815 3027 2871 Non
3052 2818 3215 2883 dixit,
3257 2821 3504 2878 Traditus
3530 2837 3606 2880 est
3641 2841 3745 2896 pro-

2190 2906 2307 2963 pter
2342 2898 2772 2966 justihcationem
2819 2917 3054 2963 nostram
3078 2951 3094 2975 ,
3135 2920 3187 2965 et
3227 2917 3519 2970 resurrexit
3551 2928 3746 2987 propter

2188 2986 2383 3042 delicta
2412 3001 2615 3046 nostra.
2662 2994 2716 3047 lu
2749 2995 2865 3065 cjus
2908 3000 3188 3055 traditione
3217 3003 3467 3059 delictum
3496 2986 3674 3072 sonat,
3703 3011 3747 3063 iu

2187 3077 2306 3146 ejus
2334 3083 2727 3138 resurrectione
2750 3086 2954 3155 jnstitia
2979 3102 3152 3146 sanat.
3188 3092 3332 3165 Ergo
3357 3098 3607 3153 moriatur
3626 3100 3744 3155 deli-

2185 3178 2353 3234 ctum,
2390 3181 2445 3225 et
2474 3186 2713 3244 resurgat
2735 3177 2962 3246 jnstitia.

2256 3262 2311 3314 2.
2346 3260 2477 3333 Spes
2507 3266 2772 3335 discipulis
2797 3281 2954 3324 morte
2977 3271 3165 3329 Christi
3189 3276 3382 3332 ablata.
3411 3280 3566 3337 Istam
3589 3298 3743 3354 spem,

2187 3348 2286 3405 hoc
2318 3352 2516 3408 donum
2542 3397 2557 3422 ,
2601 3357 2739 3412 hanc
2768 3362 3175 3429 promissionem
3202 3408 3217 3433 ,
3251 3370 3389 3424 hanc
3419 3382 3608 3428 tantum
3635 3390 3742 3446 gra-

2186 3442 2332 3507 tiam,
2361 3446 2573 3513 quando
2603 3458 2846 3505 mortuus
2874 3462 2956 3507 est
2982 3453 3247 3523 Christus,
3287 3459 3533 3531 discipuli
3557 3442 3663 3535 ejus
3686 3466 3743 3519 de

2183 3533 2360 3586 animo
2405 3535 2791 3606 perdiderunt,
2825 3551 2879 3595 et
2909 3543 2961 3597 in
2988 3544 3103 3613 ejus
3143 3558 3316 3603 morte
3344 3551 3415 3606 ab
3441 3568 3533 3623 spe
3554 3533 3745 3610 decide-

2185 3635 2327 3678 runt.
2360 3624 2499 3681 Ecce
2525 3631 2938 3688 annuntiabatur
2965 3635 3068 3689 illis
3093 3644 3417 3697 resurrectio
3441 3644 3569 3714 ejus,
3592 3657 3643 3699 ct
3671 3648 3739 3700 \i-

2182 3711 2445 3769 debantur
2474 3718 2579 3772 illis
2604 3721 2763 3776 verba
2787 3725 3137 3781 nuntiantium
3159 3730 3312 3799 quasi
3337 3711 3734 3792 delirameutuui.

2184 3802 2346 3872 Quasi
2390 3808 2795 3868 delirameutum
2849 3815 2982 3871 facta
3033 3830 3149 3874 erat
3194 3824 3412 3879 veritas.
3454 3825 3507 3882 Si
3550 3829 3735 3896 quaMo

2185 3898 2504 3966 praedicatur
2533 3907 2854 3961 resurrectio
2878 3910 2928 3962 in
2955 3909 3057 3965 isto
3081 3920 3341 3982 tempore,
3365 3926 3422 3972 et
3447 3918 3639 3974 videtur
3653 3919 3733 3972 ali-

2186 3988 2272 4043 cui
2303 4004 2422 4046 esse
2457 3993 2866 4051 deliramentum
2890 4038 2906 4062 ,
2935 4014 3112 4056 nonne
3139 4010 3343 4059 ontnes'
3364 4007 3539 4063 dicunt
3562 4008 3732 4063 babae

2186 4077 2334 4133 illmn
2365 4084 2566 4151 grande
2596 4089 2960 4144 tormentum?
2986 4092 3171 4148 Nonne
3195 4110 3387 4152 euntes
3409 4100 3725 4166 detestantur,

2184 4172 2518 4239 abhorrent,
2562 4191 2911 4248 avrrsautur,
2940 4199 3097 4240 aures
3129 4186 3418 4255 claudunt,
3454 4192 3621 4245 audire
3645 4205 3727 4245 uo-

2185 4261 2295 4316 lunt
2322 4266 2344 4317 '.’
2374 4264 2515 4320 Ecce
2553 4270 2693 4335 quod
2738 4283 2891 4326 erant
2932 4273 3216 4345 discipuli,
3265 4292 3478 4335 mortuo
3503 4282 3723 4336 (.ltristo:

2182 4353 2322 4422 quod
2355 4371 2451 4408 nos
2476 4356 2843 4424 esborreunts,
2874 4363 2974 4418 hoc
3000 4374 3152 4420 erant
3181 4366 3278 4423 illi.
3311 4369 3426 4427 lloc
3450 4372 3624 4426 malum
3646 4371 3724 4423 lia-

2183 4441 2379 4497 bebant
2425 4454 2622 4525 arietes
2645 4489 2660 4511 ,
2691 4452 2831 4519 quod
2876 4452 3094 4508 horrent
3130 4456 3272 4527 agni.
3308 4459 3505 4515 Deiule
3530 4461 3603 4515 isti
3633 4459 3722 4514 duo

2182 4535 2376 4605 quibus
2401 4521 2649 4606 apparuit
2675 4541 2726 4593 iu
2755 4544 2858 4603 via.
2883 4555 2934 4598 et
2966 4548 3278 4602 tenebantur
3300 4555 3439 4607 ouidi
3460 4569 3638 4613 conon,
3663 4566 3718 4605 uo

2180 4624 2326 4678 illum
2360 4641 2710 4696 agnoscerent
2737 4674 2750 4695 ,
2783 4634 2867 4685 ubi
2894 4645 3007 4689 crat
3032 4652 3126 4691 cor
3148 4679 3162 4702 ,
3212 4640 3445 4697 indicant
3471 4645 3641 4707 verita;
3671 4651 3716 4696 et

2180 4718 2303 4786 quid
2332 4730 2520 4788 agatur
2540 4722 2829 4788 inanimo,
2861 4743 2955 4781 vos
2986 4730 3136 4784 testis
3159 4741 3261 4796 cst,
3291 4735 3384 4788 sed
3414 4737 3556 4791 nobis
3580 4754 3592 4790 :
3619 4749 3713 4788 nam

2180 4808 2255 4863 illi
2285 4812 2444 4867 etiam
2466 4827 2560 4867 cor
2590 4819 2820 4884 patebat.
2855 4820 2927 4875 lle
2954 4820 3090 4875 illius
3116 4834 3286 4879 morte
3308 4826 3636 4898 loquebantur
3656 4829 3714 4879 in-

2183 4908 2263 4957 ter
2288 4918 2365 4958 se.
2395 4905 2649 4975 Adjuuxil
2681 4923 2739 4963 se
2768 4911 2868 4964 illis
2904 4912 3014 4983 ipse
3044 4916 3192 4981 quasi
3240 4921 3441 4973 tertius,
3464 4922 3646 4985 Viator;
3675 4929 3718 4972 et

2177 4994 2263 5049 via
2288 4996 2338 5049 in
2363 4997 2445 5051 via
2461 5000 2623 5068 cazpit
2640 5002 2891 5073 colloqui,
2913 5006 3241 5063 cmmniscui'
3267 5027 3583 5068 sermonem.
3602 5013 3721 5080 ulm-

2181 5086 2251 5142 rit
2274 5087 2400 5158 quid
2443 5088 2586 5145 inter
2615 5106 2674 5146 se.
2703 5092 3046 5165 loquerentur
3068 5138 3083 5163 ,
3114 5113 3235 5153 cum
3265 5104 3445 5157 omnia
3482 5106 3657 5166 sciret;
3678 5112 3724 5154 ω

2176 5272 2277 5348 Non
2299 5266 2543 5348 habebam
2567 5276 2667 5339 tim.
2686 5278 2737 5348 ct
2752 5276 2824 5348 fr.
2844 5284 2938 5322 nec
2955 5276 3107 5347 uestri
3126 5280 3435 5348 manuscripti
3458 5283 3538 5344 qui
3556 5280 3626 5348 hic
3643 5288 3727 5342 post

2178 5328 2623 5406 verbanmendurin
2646 5333 2943 5406 putubqntqs,
2964 5338 3184 5406 pmxime
3201 5328 3664 5406 sulijici'untrtlu‘fiit
3689 5328 3729 5392 ut

2175 5390 2577 5467 confusioni,etc.
2603 5390 2696 5467 ore
2717 5394 2842 5444 male
2860 5390 3030 5467 siones
3051 5390 3317 5467 eoba‘rent'.
3341 5390 3503 5466 Itaque
3521 5390 3729 5467 fragmen-

2176 5459 2277 5527 tpm
2311 5453 2503 5527 esseiid
2526 5456 2823 5516 suspicamur
2852 5456 3061 5510 alterius
3093 5453 3727 5527 cujuspiamsérmonis'wm

2173 5515 2512 5586 de_s,vmbolo.‘
2564 5576 2592 5586 Δ.

2240 5579 2253 5608 ³
2283 5585 2330 5625 tn
2351 5585 2475 5636 Mss,
2496 5577 2691 5631 (Milite.

2236 5660 2253 5676 ⁴
2274 5661 2561 5711 Emendatus
2577 5660 2634 5710 ad
2653 5660 2714 5711 cl.
2733 5675 2773 5711 r.
2794 5670 2828 5712 t.
2850 5672 2943 5714 vat.
2964 5680 3011 5715 v.
3034 5672 3141 5719 Lor.

2235 5739 2315 5801 (θ’)
2334 5741 2469 5795 alias,
2485 5743 2547 5789 de
2574 5745 2783 5791 Diversis
2804 5744 2882 5793 88.

2235 5801 2307 5864 (Ιι)
2333 5814 2340 5841 ι
2364 5805 2507 5853 ilatur
2531 5819 2556 5853 a
2585 5806 2706 5856 Beda
2730 5816 2780 5857 οἰ
2805 5807 2956 5872 Floro,
2981 5811 3039 5860 ad
3066 5818 3192 5861 item.
3213 5828 3280 5865 tv.
