3926 6188
154 373 282 432 1121

150 503 239 546 eos
274 485 342 541 ad
378 483 770 540 confessionem
812 491 1058 550 tanquam
1102 476 1345 532 nesciens
1395 476 1728 543 provocaret.

153 583 212 637 Et
236 578 422 635 dicunt
449 576 525 631 illi
552 593 569 629 :
604 573 681 629 Tu
706 573 843 628 solus
883 568 1221 643 peregrinaris
1245 568 1297 620 in
1323 564 1646 625 Jerusalem,
1685 569 1733 613 et

154 672 311 728 nescis
338 669 462 741 quid
485 677 655 721 actum
684 668 747 719 sit
768 666 821 718 in
846 665 937 718 illa
964 664 1073 715 istis
1096 661 1289 723 diebus,
1319 657 1381 711 de
1402 655 1526 711 Jesu
1553 653 1731 707 Naza-

161 779 303 828 tcno,
332 759 422 833 qui
457 758 556 828 fuit
598 756 844 825 prop/tcta
874 768 1084 823 magnus
1107 752 1132 804 Ρ
1154 751 1270 806 iam
1301 763 1406 802 non
1438 745 1692 799 Dominus
1716 784 1729 808 ,

161 853 239 909 Sed
268 850 550 920 propheta.
598 848 707 901 Iloe
732 846 875 900 enim
913 858 1033 898 eum
1068 840 1324 913 putabant
1369 838 1529 891 luisse
1552 874 1568 900 ,
1613 850 1733 889 cum

161 954 397 999 mortuus
412 951 573 999 esset.
599 939 778 995 Adhm
811 935 1142 989 honorabant
1187 933 1336 1002 quasi
1384 927 1733 1000 prophetam;

159 1037 385 1094 nondum
416 1035 774 1104 agnoscebant
816 1030 1093 1083 Domintnn
1117 1069 1132 1092 ,
1167 1041 1270 1079 non
1301 1025 1470 1078 solum
1504 1019 1739 1089 Prophe-

156 1141 342 1190 tarum.
375 1129 469 1183 sed
499 1127 658 1181 etiam
688 1122 1028 1193 Angclnrnm.
1055 1117 1338 1184 Quomodo,
1370 1115 1633 1184 inquiunt,
1661 1128 1739 1165 se-

155 1222 313 1275 niores
339 1217 501 1273 nostri
525 1226 572 1270 et
597 1215 847 1284 principes
867 1213 1178 1265 sacerdotum
1205 1207 1521 1261 tradiderunt
1547 1220 1658 1258 eum
1685 1202 1738 1256 in

155 1313 526 1369 damnationem
555 1310 749 1363 mortis.
774 1305 841 1360 Et
861 1321 970 1360 ecce
984 1304 1098 1374 jam
1127 1300 1302 1355 tertius
1322 1309 1393 1353 est
1421 1299 1528 1351 dies
1556 1313 1619 1350 ea:
1639 1311 1737 1367 quo

155 1409 244 1463 ista
270 1417 416 1478 gesta
442 1411 581 1460 sunt.
616 1400 729 1457 Nos
760 1409 927 1452 autent
965 1395 1290 1467 sperabamus
1329 1391 1445 1462 quia
1488 1390 1595 1459 ipse
1631 1395 1738 1440 erat

156 1497 505 1565 redempturus
533 1492 713 1548 Israel.
748 1486 873 1559 Ipse
890 1496 969 1541 est
1003 1496 1142 1540 totus
1172 1482 1363 1538 labor?
1394 1480 1733 1550 Sperabatis,

153 1589 253 1659 jam
283 1586 586 1657 desperatis
605 1584 629 1637 ’ἶ
656 1581 858 1636 Videtis
890 1580 1009 1650 quia
1041 1575 1379 1647 perdiderant
1408 1587 1579 1642 Spem.
1612 1570 1739 1624 Ca:-

161 1680 224 1749 pit
252 1693 387 1748 ergo
416 1676 492 1731 eis
513 1689 780 1746 exponere
806 1673 1130 1746 Scripturas,
1158 1677 1215 1720 ιιι
1242 1665 1349 1719 illic
1382 1666 1547 1734 magis
1573 1677 1739 1732 agno-

158 1767 671 1834 scerentChristum,
691 1768 776 1821 ubi
789 1759 1438 1820 deseruerantChristum.
1462 1757 1584 1811 Ideo
1597 1755 1737 1810 enim

159 1864 568 1933 desperaverant
595 1861 885 1921 Christum.
913 1857 1034 1927 quia
1061 1854 1301 1909 viderant
1328 1842 1617 1907 mortuum.
1649 1849 1741 1904 Ille

160 1969 281 2009 vero
312 1954 527 2025 aperuit
564 1953 642 2006 eis
675 1950 977 2020 Scripturas
1000 1989 1014 2011 .
1057 1955 1113 2000 ιιι
1147 1953 1496 2015 agnoscerent
1527 1941 1650 2011 quia
1694 1955 1739 1995 ει

160 2053 402 2098 mortuus
426 2059 530 2096 non
560 2039 766 2105 fuisset,
790 2038 1032 2093 Christus
1054 2048 1297 2089 essenon
1328 2041 1523 2102 posset.
1554 2031 1737 2085 Docuit

159 2135 219 2189 ale
248 2135 436 2203 Moyse
459 2175 475 2199 ,
517 2132 698 2187 docuit
722 2131 791 2185 de
828 2126 1272 2196 subsequentibus
1296 2122 1619 2192 Scriptor-is,
1647 2122 1734 2173 do-

161 2226 257 2281 cuit
288 2226 359 2281 de
392 2223 699 2293 l’rophetis,
732 2220 873 2291 quod
916 2220 1019 2274 illis
1044 2220 1287 2282 dixerat,
1324 2216 1454 2282 Quia
1484 2214 1741 2285 oportebat

160 2318 413 2373 Christum
437 2314 565 2368 mori
583 2355 598 2377 ,
622 2323 667 2369 et
696 2313 768 2366 sic
795 2313 984 2365 intrare
1009 2313 1059 2364 in
1090 2309 1304 2382 gloriam
1332 2324 1496 2362 suout.
1540 2306 1739 2361 Audie-

160 2408 281 2463 bant
308 2450 322 2472 ,
346 2406 673 2479 gaudebant,
698 2402 1033 2473 suspirabant
1059 2418 1073 2465 ;
1113 2411 1167 2455 et
1189 2396 1460 2470 quomodo
1483 2398 1580 2467 ipsi
1608 2412 1739 2453 con-

160 2498 279 2553 fessi
309 2508 457 2563 sunt,
487 2496 748 2551 ardebant
779 2511 793 2547 :
824 2503 878 2549 et
904 2500 1222 2563 praesentem
1244 2485 1422 2542 lucem
1449 2502 1555 2542 non
1580 2503 1743 2558 agno-

157 2590 399 2644 sccbant.

225 2683 282 2737 3.
317 2677 694 2749 llospitutitatis
724 2675 973 2730 meritum.
1001 2672 1169 2741 Quale
1205 2681 1381 2726 autem
1398 2661 1740 2744 mysterium,

160 2775 350 2830 lintres
377 2770 519 2827 mei?
548 2771 711 2825 Intrat
741 2768 805 2823 ad
833 2783 947 2828 eos,
975 2769 1030 2821 lit
1054 2768 1133 2821 cis
1160 2764 1389 2832 hospes;
1427 2774 1479 2818 et
1519 2764 1608 2834 qui
1651 2779 1744 2834 per

163 2874 323 2920 totam
366 2863 507 2918 viam
560 2877 665 2915 non
712 2859 1120 2930 agnoscebatur,
1177 2858 1227 2911 in
1277 2857 1532 2911 fractione
1594 2855 1742 2925 panis

158 2957 485 3027 agnoscitur.
521 2953 715 3009 Discite
744 2952 981 3021 hoSpitcs
1006 2949 1297 3020 Suscipere,
1328 2949 1412 3003 ubi
1442 2950 1746 3019 agnoscitur

157 3046 424 3103 Christus.
453 3046 532 3099 Au
557 3044 771 3098 nescitis
793 3042 913 3112 quia
939 3042 982 3095 si
1010 3058 1165 3110 quem
1187 3041 1531 3094 christianum
1558 3053 1745 3096 susce-

159 3141 366 3210 peritis,
409 3140 582 3206 ipsmn
625 3133 932 3203 suscipitis?
977 3131 1165 3186 Nonne
1205 3131 1316 3198 ipse
1350 3132 1499 3193 dicit,
1547 3130 1745 3203 Ilospes

160 3232 251 3301 fni,
281 3241 327 3283 et
349 3227 638 3298 suscepistis
677 3228 793 3279 ine?
833 3224 901 3280 Et
938 3223 1151 3293 quando
1179 3222 1227 3276 ei
1262 3220 1473 3286 dicitur,
1510 3220 1743 3288 Domine,

160 3322 363 3394 quando
403 3332 449 3375 te
483 3319 699 3374 vidimus
732 3317 1019 3388 hospitem?
1050 3314 1372 3382 ltespondet,
1404 3311 1527 3366 Cum
1563 3313 1653 3366 uni
1685 3329 1748 3368 ea:

159 3415 383 3469 minimis
414 3413 534 3466 meis
556 3411 762 3480 fecistis,
787 3408 911 3461 mihi
936 3407 1123 3479 fecistis
1148 3404 1356 3476 (.llattlt.
1386 3420 1509 3469 xxv,
1537 3405 1627 3472 35,
1654 3405 1743 3471 58,

161 3510 275 3578 ω).
302 3506 436 3562 Cntn
467 3522 595 3575 ergo
626 3503 946 3558 christianus
971 3500 1316 3554 christianum
1358 3498 1601 3567 suscipit,
1633 3512 1749 3552 scr—

162 3603 312 3657 vinut
341 3598 581 3653 metubra
608 3595 889 3660 membris;
920 3602 974 3647 et
998 3592 1192 3663 gaudet
1216 3599 1396 3661 caput,
1436 3602 1491 3646 et
1520 3590 1619 3645 sibi
1651 3589 1748 3643 im-

163 3703 312 3767 putat
333 3692 515 3747 datmn
541 3688 679 3759 quod
709 3687 948 3743 membro
981 3688 1099 3754 ejus
1144 3685 1300 3739 fuerit
1329 3695 1622 3755 erogatum.
1652 3683 1750 3738 llic

163 3802 295 3858 ergo
330 3793 580 3858 pascatur
615 3782 860 3838 Christus
904 3780 1168 3842 esuriens,
1192 3778 1413 3847 accipiat
1460 3785 1639 3846 potum
1678 3776 1750 3830 si-

165 3879 327 3943 tiens,
356 3876 614 3930 vestiatur
662 3872 854 3936 nudos,
892 3870 1228 3940 suscipiatur
1259 3867 1590 3937 peregrinus,
1621 3867 1748 3920 visi-

165 3978 581 4039 tetnra-grotus.
616 3965 728 4021 lloc
773 3964 931 4018 habet
976 3962 1268 4017 necessitas
1314 3960 1541 4015 itineris.
1570 3959 1660 4013 Sic
1697 3960 1749 4015 in

166 4062 265 4117 ista
312 4058 740 4131 peregrinatione
778 4054 1060 4109 vivendum
1095 4064 1197 4116 est,
1228 4052 1316 4107 ubi
1345 4063 1465 4122 eget
1485 4051 1747 4107 Christus.

165 4155 297 4225 Eget
325 4154 378 4207 in
407 4153 539 4215 suis,
572 4150 759 4218 plenus
787 4148 949 4202 estin
987 4161 1066 4202 se.
1093 4144 1199 4200 Sed
1240 4145 1327 4213 qui
1367 4152 1487 4214 eget
1522 4144 1573 4197 in
1617 4144 1747 4207 suis,

168 4256 222 4302 et
270 4246 459 4316 plenus
502 4254 583 4296 est
627 4241 676 4295 in
713 4255 792 4305 se,
838 4250 1053 4309 egentes
1096 4237 1309 4292 adducit
1337 4237 1403 4291 ad
1434 4251 1511 4291 se.
1544 4236 1619 4289 lbi
1648 4250 1751 4288 non

168 4340 267 4395 erit
299 4337 490 4400 fames,
520 4349 624 4389 non
650 4334 752 4388 erit
783 4333 930 4399 sitis,
956 4346 1060 4385 non
1105 4330 1208 4384 erit
1251 4328 1484 4395 auditas,
1518 4344 1623 4382 non
1653 4328 1758 4382 erit

170 4428 452 4502 agritudo,
476 4442 578 4481 non
595 4425 696 4480 erit
715 4423 1093 4494 peregrinatio,
1111 4436 1214 4475 non
1233 4421 1333 4475 erit
1346 4420 1514 4484 labor,
1534 4437 1637 4476 non
1656 4420 1757 4474 erit

171 4519 343 4576 dolor.
372 4517 499 4573 Scio
526 4516 646 4586 quia
678 4515 775 4569 iSIa
804 4514 873 4568 ibi
903 4527 1006 4567 non
1036 4520 1212 4574 erunt.
1245 4522 1299 4566 et
1324 4511 1503 4566 nescio
1532 4511 1656 4578 quid
1685 4511 1756 4565 ibi

171 4613 292 4667 erit.
319 4609 426 4665 Ista
457 4608 600 4662 enim
626 4621 746 4676 qua:
774 4604 844 4660 ibi
873 4619 979 4659 non
1017 4611 1195 4667 erunt,
1226 4600 1351 4657 novi
1384 4618 1397 4654 :
1423 4601 1550 4657 illud
1578 4611 1757 4657 autem

171 4701 319 4774 quod
339 4702 413 4756 ibi
438 4702 714 4755 inventuri
735 4713 945 4763 sumus,
964 4712 1066 4752 nec
1079 4697 1272 4752 oculos
1297 4698 1456 4761 vidit,
1481 4714 1582 4752 nec
1600 4697 1752 4752 auris

171 4793 403 4857 audivit,
433 4808 538 4847 nec
570 4792 626 4846 in
656 4806 753 4845 eor
789 4788 1027 4844 hominis
1050 4788 1301 4843 ascendit
1332 4788 1376 4859 (l
1405 4786 1528 4843 Cor.
1573 4804 1633 4855 ιι,
1671 4788 1749 4855 9).

172 4882 374 4941 Amare
394 4897 712 4946 possumus,
735 4880 1044 4936 desiderare
1070 4893 1382 4945 possumus,
1404 4880 1459 4933 in
1481 4880 1583 4935 hac
1604 4894 1752 4950 pere-

173 4973 475 5042 grinatione
503 4976 649 5021 tanto
675 4967 815 5021 bono
841 4966 1109 5034 suspirare
1137 4980 1419 5034 possumus
1440 4980 1453 5016 :
1478 4964 1637 5035 digne
1664 4965 1763 5021 hoc

175 5064 411 5136 cogitare
431 5069 486 5116 et
509 5058 688 5115 verbis
721 5056 986 5127 explicare
1016 5072 1120 5111 non
1151 5072 1452 5127 possumus.
1480 5055 1638 5111 Certe
1661 5072 1762 5128 ego

176 5168 282 5209 non
334 5167 572 5223 possunt.
600 5149 764 5220 Ergo,
796 5147 986 5203 fratres
1023 5148 1147 5213 mei,
1178 5148 1399 5217 quaerite
1422 5148 1541 5216 quis
1572 5149 1760 5217 possit.

175 5242 230 5299 Si
258 5242 505 5297 invenire
533 5238 785 5310 potestis;
810 5246 863 5292 et
887 5253 974 5292 me
1000 5237 1271 5291 vobiscum
1303 5236 1620 5306 discipulum
1654 5248 1763 5293 tra-

179 5332 309 5388 hite.
335 5331 466 5387 Illud
492 5332 626 5396 scio,
653 5330 905 5401 quoniam
935 5328 1024 5399 qui
1061 5337 1235 5398 potens
1256 5337 1344 5392 est,
1378 5328 1515 5382 sicut
1542 5333 1768 5398 Aposto-

181 5424 265 5480 lus
314 5425 409 5487 ait,
462 5426 628 5491 facere
662 5436 815 5491 super
850 5436 1002 5491 quam
1047 5420 1279 5490 petimus,
1316 5427 1403 5472 aut
1440 5419 1767 5491 intelligimus

184 5514 401 5587 (Ephes.
420 5531 499 5581 nt,
525 5513 638 5585 20),
671 5512 794 5568 illuc
822 5510 1095 5582 perducet,
1113 5510 1201 5566 ubi
1227 5511 1317 5565 ﬁat
1342 5511 1481 5582 quod
1510 5513 1766 5582 scriptum

184 5618 284 5675 est,
313 5605 462 5662 Beati
487 5605 571 5674 qui
602 5604 829 5658 habitant
860 5603 915 5657 in
949 5602 1100 5657 domo
1125 5611 1231 5667 tua,
1257 5603 1311 5656 in
1341 5604 1529 5656 secula
1554 5605 1768 5660 sazculoo

184 5718 296 5756 sum
321 5701 604 5757 laudabunt
635 5708 682 5754 te
710 5695 884 5769 (Psal.
916 5711 1142 5764 uuln,
1169 5696 1250 5767 5).
1279 5695 1471 5752 Totum
1500 5699 1768 5769 negotium

189 5807 447 5864 nostrum,
478 5795 595 5851 laus
621 5793 716 5849 Dei
742 5792 859 5848 erit.
888 5791 1024 5858 Quid
1054 5789 1409 5858 laudabimus,
1433 5793 1476 5846 si
1496 5809 1599 5848 non
1628 5811 1771 5851 ama-

1503 352 1732 410 SERMO
1772 353 2125 409 CCXXX)“.

3291 364 3427 418 “22

1844 466 2076 534 bimus';
2108 478 2161 524 et
2200 469 2329 524 illud
2364 472 2680 539 amabimus,
2703 472 2842 542 quod
2876 473 3207 530 videbimus?
3231 476 3425 532 Verum

1842 559 1982 613 enim
2012 560 2330 628 videbimus,
2377 571 2433 616 et
2476 563 2644 632 ipsmn
2696 579 2883 619 verum
2930 565 3073 621 Deus
3118 568 3240 634 erit,
3268 584 3424 638 quem

1844 651 2194 706 laudabimus.
2228 651 2305 706 lbi
2354 654 2687 712 inveniemus
2712 657 2855 726 quod
2895 657 3051 712 hodie
3074 662 3425 729 cantavimus,

1843 744 2037 809 Amen,
2068 742 2263 798 Verum
2290 755 2408 799 est:
2435 747 2681 811 Alleluia,
2716 748 2951 804 Laudate
2979 750 3283 806 Dominum.

2231 901 2460 958 SERMO
2500 903 2827 959 ccxxxvu
2868 908 2890 929 ο
2940 870 3035 978 (α).

2258 1022 2309 1066 ιιι
2330 1016 2508 1067 diebus
2529 1018 2844 1076 Paschalihus,
2869 1033 2949 1069 vni
2968 1020 3009 1069 ³.

1842 1095 1923 1152 De
1957 1097 2137 1152 ultima
2171 1100 2381 1154 lectione
2416 1099 2679 1171 Evangelii
2720 1101 2897 1166 Luae,
2923 1119 3038 1173 cap.
3066 1118 3208 1169 xxnv,
3235 1103 3422 1170 57-39;

2199 1208 2314 1246 cum
2331 1192 2632 1262 refutatione
2647 1192 3071 1247 Manio/imorum.

1938 1346 2163 1403 CAPUT
2228 1345 2513 1402 PRIMUM.
2577 1376 2645 1387 —
2701 1347 2751 1400 1.
2800 1344 3083 1420 ,οἱδάριιῖἰε
3150 1347 3425 1414 spiritum.

1847 1454 1944 1492 non
1968 1455 2169 1491 carnem
2195 1437 2381 1493 Christi
2409 1455 2463 1492 se
2490 1438 2659 1492 ridere
2698 1439 2984 1509 palantibus
3001 1480 3013 1501 ,
3038 1437 3224 1490 similes
3254 1436 3428 1490 Muni-

1844 1530 1991 1585 cluvi.
2022 1529 2277 1604 Negantes
2317 1547 2515 1583 carnem
2559 1530 2768 1596 Clu-isti,
2822 1541 2977 1583 totum
3025 1530 3429 1601 mysteriunt're-

1845 1620 2147 1687 demptionis
2173 1630 2359 1674 nostra:
2382 1632 2647 1674 evucuant.
2679 1620 2759 1674 De
2792 1622 3183 1675 resurrectione
3222 1620 3428 1672 Detuini

1844 1714 1985 1785 quod
2012 1715 2332 1784 sequebatur
2358 1714 2411 1769 itt
2441 1713 2733 1785 Evangelio
2759 1716 3051 1770 secundum
3083 1714 3300 1779 Lucam,
3335 1713 3430 1767 ho~

1846 1806 1934 1862 die
1963 1806 2304 1862 terminatum
2333 1815 2433 1872 est,
2461 1808 2548 1860 ubi
2580 1807 2879 1861 audivimus
2912 1807 3220 1875 apparuisse
3256 1805 3433 1858 Domi-

1848 1913 1974 1952 num
2016 1901 2066 1951 in
2100 1899 2277 1953 medio
2325 1898 2707 1967 discipulorum
2750 1896 2976 1952 ‘suorum
3023 1898 3431 1963 disceptantium

1844 1990 1914 2045 de
1941 1993 2333 2047 resurrectione
2364 1991 2503 2060 ejus,
2535 1999 2590 2045 ct
2630 2006 2732 2043 non
2761 1990 3114 2044 credentium.
3145 1989 3276 2043 'l‘am
3306 2003 3434 2044 vero

1846 2083 1926 2138 eis
1951 2084 2279 2153 inopinatum
2314 2085 2409 2139 fuit
2435 2093 2487 2139 et
2513 2083 2844 2148 incredibile,
2874 2094 2931 2138 ut
2959 2099 3056 2138 nec
3085 2084 3327 2138 videntes
3353 2083 3432 2135 vi-

1847 2176 2056 2231 derent.
2081 2176 2344 2232 Videbant
2372 2179 2512 2233 enim
2537 2178 2735 2245 vivum,
2765 2194 2923 2247 quem
2955 2179 3266 2249 plauserant
3290 2193 3433 2232 mor-

1848 2276 2031 2322 tuum:
2062 2267 2310 2321 videbant
2348 2268 2400 2322 in
2440 2267 2617 2322 medio
2656 2267 2738 2322 sui
2779 2278 3030 2331 stantem,
3058 2283 3215 2337 quem
3250 2268 3436 2322 dolue-

1848 2368 1969 2413 rant
2015 2359 2067 2413 in
2111 2374 2271 2413 cruce
2334 2358 2967 2429 peudentcmuVidehant
3012 2374 3172 2427 ergo;
3220 2368 3269 2413 et
3310 2359 3432 2427 quia

1846 2450 1958 2505 Suis
1985 2450 2154 2504 oculis
2180 2466 2284 2504 non
2317 2451 2625 2512 credebant,
2657 2460 2714 2505 ut
2736 2466 2919 2506 verum
2948 2452 3210 2517 viderent,
3242 2451 3345 2505 falli
3373 2466 3435 2506 su

1848 2543 2121 2612 putabant.
2158 2541 2530 2596 Existimabam
2572 2543 2724 2608 enim,
2767 2545 2905 2596 sicut
2931 2543 3175 2609 audistis,
3206 2560 3259 2597 se
3281 2543 3433 2612 spirio

1848 2646 1952 2688 tum
1980 2635 2165 2689 ridere.
2193 2635 2343 2702 Quod
2390 2644 2570 2702 postea
2611 2633 2955 2687 crediderunt
2982 2634 3048 2687 de
3077 2635 3288 2688 Christo
3317 2650 3436 2703 pes-

1848 2726 1968 2780 simi
2003 2727 2258 2790 lueretiei,
2295 2726 2441 2795 prius
2469 2725 2569 2779 hoc
2594 2725 2938 2779 crediderunt
2968 2725 3258 2801 titubantes
3288 2728 3435 2793 Apo-

1849 2819 1992 2874 stoli.
2022 2819 2160 2874 Sunt
2185 2818 2328 2890 cnim
2359 2818 2517 2872 hodie
2556 2819 2645 2888 qui
2688 2835 2793 2872 non
2828 2819 3051 2873 credunt
3091 2834 3306 2874 carnem
3340 2818 3437 2872 lia-

1848 2908 2026 2965 bttisse
2056 2909 2320 2965 Christum
2347 2926 2361 2962 :
2392 2911 2510 2980 quia
2549 2920 2602 2964 et
2649 2920 2853 2979 partum
2883 2911 3101 2979 virginis
3128 2912 3429 2973 destruunt,

1848 3009 1900 3056 et
1954 3001 2141 3054 nolunt
2180 3016 2302 3054 eum
2350 3010 2529 3053 natum
2576 3015 2637 3054 ex
2687 2999 2880 3053 femina
2920 3001 3157 3055 credere.
3221 2999 3436 3054 Verbum

1848 3108 1967 3147 caro
1993 3097 2185 3158 factum
2214 3102 2285 3147 est
2316 3092 2493 3164 (Joan.
2524 3109 2563 3158 ι,
2598 3093 2711 3160 ll),
2746 3108 2967 3161 prorsus
2996 3093 3308 3147 alienaut’a
3341 3110 3435 3149 sua
3485 3162 3495 3172 ν

1850 3186 1974 3250 lidc,
2008 3186 2088 3240 vel
2135 3185 2309 3254 potius
2347 3200 2375 3236 a
2423 3200 2517 3238 sua
2569 3184 2895 3237 infidelitate.
2922 3184 3110 3238 Totam
3145 3185 3295 3237 istam
3323 3185 3437 3238 dis-

1851 3277 2216 3347 pensationem
2257 3276 2446 3330 salntis
2493 3285 2710 3338 nostrae,
2743 3275 2883 3345 quod
2929 3274 3098 3331 factus
3149 3287 3231 3330 est
3277 3275 3437 3333 homo

1856 3383 1951 3436 pro
1974 3367 2311 3437 inveniendo
2352 3366 2581 3427 homine
2614 3367 2702 3436 qui
2734 3367 2874 3421 Deus
2905 3365 3100 3420 fecerat
3125 3367 3432 3431 hominem;

1854 3467 2019 3512 totum
2048 3460 2168 3522 hoc,
2198 3458 2337 3527 quod
2359 3458 2600 3512 Christus
2624 3458 2675 3510 in
2703 3456 3070 3511 remissionem
3101 3466 3435 3524 peccatorum

1854 3559 2154 3603 nostrorum
2185 3564 2389 3611 verum,
2418 3563 2521 3601 non
2553 3550 2741 3602 falsum
2772 3548 3084 3617 sanguinem
3113 3546 3271 3613 fudit,
3294 3559 3349 3601 et
3369 3548 3438 3602 de

1854 3656 1981 3695 vero
2013 3654 2110 3694 suo
2140 3640 2398 3709 sanguine
2423 3637 2832 3707 chirographum
2862 3650 3197 3706 peccatorum
3229 3649 3438 3693 nostro-

1853 3751 1971 3790 rum
1996 3735 2224 3798 delevit;
2255 3734 2354 3788 ltoc
2377 3744 2543 3788 totum
2573 3735 2807 3788 lncretici
2828 3734 3157 3791 damnabili-5
3179 3752 3438 3793 evacuare

1855 3839 2134 3883 conantur.
2181 3828 2373 3882 Totum
2428 3827 2547 3890 hoc,
2589 3838 2646 3882 ιιι
2690 3828 2966 3882 Maniclnci
3008 3829 3253 3894 credam,
3296 3832 3436 3902 quod

1855 3923 2314 3992 apparuit‘oculis
2360 3921 2656 3989 hominum,
2707 3920 2925 3993 spiritus
2977 3922 3105 3990 fuit,
3151 3938 3278 3977 caro
3331 3939 3439 3979 non

1857 4013 1972 4069 fuit.

1927 4104 2153 4161 CAPUT
2192 4104 2255 4159 11.
2278 4134 2352 4145 -
2372 4102 2429 4162 9..
2451 4102 2571 4158 Non
2612 4104 2789 4158 melius
2818 4104 2883 4158 de
2908 4103 3107 4158 Christo
3126 4098 3326 4170 sentire,
3355 4105 3440 4171 aui

1859 4213 1971 4250 eum
1998 4197 2171 4250 dicunt
2205 4196 2439 4266 spiritum
2478 4196 2633 4266 fuisse
2678 4196 2786 4248 sine
2830 4210 2998 4248 carne.
3032 4195 3169 4248 Ecce
3211 4195 3442 4264 loquitur

1862 4287 2229 4356 EVangelium.
2267 4285 2453 4340 Stabat
2498 4287 2752 4342 Dominus
2797 4287 2935 4342 inter
2975 4287 3265 4356 discipulos
3294 4302 3439 4354 suos,

1861 4380 2095 4435 nondum
2123 4378 2404 4434 credentes
2428 4379 2570 4448 quod
2600 4389 2986 4436 resurrcxerat.
3017 4381 3273 4435 Videbunt
3294 4396 3440 4447 eum,

1860 4481 1917 4525 et
1942 4471 2197 4541 putabant
2224 4487 2286 4525 se
2311 4471 2553 4538 spiritum
2577 4469 2777 4523 videre.
2810 4469 2865 4525 Si
2894 4470 3023 4524 nihil
3055 4470 3178 4525 mali
3200 4483 3442 4537 est,cre-

1863 4562 1991 4618 dere
2018 4561 2285 4617 Christum
2322 4562 2564 4630 spiritum
2611 4559 2794 4625 fuisse,
2827 4577 2930 4614 non
2958 4577 3174 4617 carnem
3200 4579 3216 4626 ;
3245 4564 3288 4617 si
3316 4564 3445 4618 nihil

1864 4654 1988 4708 mali
2028 4662 2130 4719 est,
2155 4652 2492 4707 dimittantur
2534 4653 2586 4706 in
2633 4653 2730 4706 ista
2775 4654 3026 4723 opinione
3062 4654 3327 4724 discipuli.
3356 4656 3451 4710 Αι-

1868 4744 2087 4806 tendite,
2120 4755 2174 4799 ut
2202 4744 2507 4814 iutelligatis
2532 4744 2675 4813 quod
2699 4745 2821 4799 volo
2848 4744 3028 4800 dicere
3061 4763 3075 4799 :
3110 4746 3446 4801 Deusautcm
3502 4795 3504 4797 ,

1865 4836 2029 4893 donet
2072 4845 2132 4892 ut
2166 4838 2359 4903 dicam,
2392 4838 2442 4891 id
2471 4846 2573 4902 est,
2604 4838 2683 4890 sic
2707 4837 2914 4904 dicam,
2938 4822 3206 4906 quomodo
3234 4853 3329 4893 vos
3352 4855 3450 4891 an-
3538 4892 3552 4901 ,

1867 4929 1985 4985 dire
2008 4928 2240 4998 expedit.
2274 4930 2411 4982 Ecce
2442 4928 2544 4982 hoc
2574 4929 2747 4996 ipsum
2783 4938 2989 4996 repeto.
3023 4927 3323 4997 Aliquando
3353 4929 3450 4997 ipsi
3538 4920 3545 4923 ’

1868 5021 2230 5088 detestabiles,
2259 5036 2478 5077 carnem
2523 5020 2874 5087 detestantes,
2904 5031 2958 5074 et
3003 5020 3296 5076 secundum
3331 5036 3454 5075 car--

1870 5130 1993 5169 nem
2021 5114 2281 5182 viventes,
2302 5114 2582 5184 aliquando
2606 5114 2705 5168 hoc
2731 5113 2933 5181 dicunt,
2957 5123 3011 5170 et
3039 5116 3116 5170 sic
3141 5116 3412 5185 decipiant
3436 5130 3451 5167 :

1938 5301 1954 5333 ι
1982 5300 2229 5358 ΡΑ1111,1100
2251 5307 2303 5349 et
2324 5298 2545 5361 proximo
2559 5298 2684 5358 loco,
2702 5297 2979 5350 amittimus.
3001 5308 3057 5350 At
3074 5299 3337 5348 Victorinus
3354 5308 3465 5358 Ms,

1873 5363 2155 5414 amabimus.
2190 5371 2289 5419 Quo
2313 5363 2458 5410 etiam
2481 5376 2543 5410 ex
2568 5361 2732 5412 codice
2759 5362 3029 5411 restituitur
3063 5362 3165 5409 lucc
3197 5364 3459 5420 sententia,

1882 5434 2055 5474 Verum
2072 5422 2198 5474 enim
2217 5422 2496 5487 ridebimus,
2525 5431 2639 5487 etc.,
2658 5436 2768 5487 qua:
2785 5424 2833 5470 in
2855 5425 2997 5472 editis
3013 5423 3333 5487 desideratur.

1941 5489 2034 5540 ³1η
2057 5488 2248 5549 optimae
2275 5493 2399 5535 nota:
2423 5484 2715 5549 l~‘loriacenci_
2743 5489 3066 5549 manuscripto
3088 5485 3165 5533 hic
3198 5498 3360 5533 sermo
3387 5487 3460 5533 iu-

1876 5546 2117 5605 scrihitut‘,
2152 5550 2599 5610 tractatusquartu
2625 5546 2808 5610 ﬁlia._
2890 5606 2919 5610 ,γ
2982 5546 2998 5610 ί
3044 5608 3055 5610 _
3124 5600 3125 5603 η

1943 5612 1964 5642 ³
1985 5612 2059 5660 sic
2085 5611 2136 5658 in
2171 5605 2520 5670 manhscrip'tis.
2549 5617 2601 5656 Al.
2624 5607 2839 5670 incditis
2861 5606 2955 5658 alia
2978 5608 3167 5657 inducta
3196 5612 3269 5657 est
3294 5619 3460 5658 vocum

1876 5675 2218 5733 interpunctio,
2243 5669 2422 5733 ciuisse
2444 5670 2613 5730 verbo,
2635 5669 2861 5720 aliemmt.

1943 5739 1960 5751 ‘
1979 5732 2243 5790 (instigatus
2265 5733 2322 5782 ad
2349 5732 2383 5779 f.
2409 5745 2450 5779 r.
2477 5740 2512 5781 t.
2551 5746 2595 5779 v.
2627 5741 2721 5782 Am.
2751 5738 2821 5780 Er.
2847 5740 2946 5780 Par.
2970 5737 3077 5780 Lov.

1943 5797 2015 5853 (π)
2042 5795 2177 5854 Alias,
2197 5795 2260 5843 de
2282 5802 2519 5843 'I'emnore
2550 5794 2650 5845 H5.
