3926 6188
503 364 641 422 “9.3

500 480 600 545 Qui
632 478 821 533 melius
845 474 1067 532 credunt
1104 473 1172 529 de
1215 471 1449 539 Christo,
1485 470 1560 525 illi
1601 470 1688 540 qui
1729 470 1915 525 dicunt
1960 471 2085 539 quia

501 586 715 626 carnem
740 567 942 633 habuit,
967 582 1033 622 an
1072 581 1169 622 nos
1195 567 1282 637 qui
1309 566 1556 629 dicimus,
1590 564 1734 619 Deus
1760 571 1891 628 erat,
1924 563 2087 632 Spiri-

501 675 585 720 tus
611 674 746 728 erat,
775 673 827 718 et
851 662 1021 717 oculis
1049 661 1322 715 hominum
1343 675 1444 713 non
1466 673 1685 728 corpus,
1714 657 1807 713 sed
1833 657 1975 711 Deus
1993 671 2088 724 ap-

501 754 755 823 parebat?
784 753 920 819 Quid
967 763 1050 808 est
1098 752 1309 816 melius,
1358 766 1507 812 caro,
1542 766 1608 803 an
1655 749 1910 819 spiritus?
1949 747 2086 814 Quid

502 844 805 911 responsuri
848 856 1052 907 sumus,
1087 841 1184 893 nisi
1234 841 1477 907 Spiritum
1527 856 1687 894 carne
1732 853 1850 893 esse
1899 838 2087 891 melio-

500 934 650 989 rem?
677 934 732 989 Si
761 950 909 1005 ergo,
942 936 1088 998 dicit,
1121 933 1394 987 conlitcris
1420 934 1538 1001 quia
1567 932 1785 1001 spiritus
1812 930 1998 984 melior
2018 931 2087 983 sit

498 1042 655 1096 quam
698 1042 855 1087 caro;
882 1026 1074 1081 melius
1120 1040 1219 1094 ego
1257 1025 1325 1081 de
1368 1025 1581 1080 Christo
1625 1024 1818 1086 sentio,
1845 1022 2082 1092 quicum

501 1118 747 1187 spiritum
798 1118 961 1173 fuisse
998 1117 1138 1181 dico,
1186 1134 1292 1172 non
1340 1133 1576 1172 carnem.
1611 1115 1655 1169 Ο
1684 1115 1864 1169 infelix
1896 1115 2079 1169 error!

502 1209 717 1276 Quare?
760 1209 869 1277 Ego
907 1223 1123 1263 carnem
1163 1210 1279 1263 dico
1322 1209 1483 1261 fuisse
1514 1204 1819 1261 Christum?
1847 1204 1921 1258 'l‘u
1951 1203 2085 1257 dicis

504 1300 746 1369 spiritum
774 1316 787 1355 :
813 1315 910 1369 ego
939 1299 1183 1372 sp‘ritum
1216 1308 1268 1353 et
1296 1314 1530 1352 carnem.
1560 1298 1673 1351 Non
1707 1307 1758 1350 tu
1790 1296 1978 1350 melius
2004 1294 2087 1347 di-

501 1392 599 1453 cis,
634 1391 726 1446 sed
758 1392 933 1445 minus
959 1393 1114 1449 dicis.
1140 1392 1274 1446 Audi
1296 1407 1425 1461 ergo
1443 1401 1607 1444 totum
1630 1390 1768 1459 quod
1799 1388 1918 1442 dico
1945 1402 2042 1457 ego
2067 1404 2080 1439 :

500 1483 553 1537 id
585 1493 685 1549 CSl,
711 1486 853 1553 qntstl
884 1487 1010 1539 tlicit
1034 1485 1296 1538 catholica
1328 1484 1476 1547 ﬁdes,
1507 1484 1645 1553 quod
1675 1483 1802 1535 dicit
1829 1479 2084 1534 fundatis-

500 1577 630 1629 sima
677 1586 732 1631 et
778 1577 1116 1632 serenissima
1150 1577 1363 1630 veritas.
1409 1574 1487 1628 Tu
1535 1574 1622 1643 qui
1667 1572 1798 1626 dicis
1840 1571 2081 1640 Spiritum

501 1678 707 1722 tantum
752 1669 912 1723 lui~sc
943 1667 1247 1733 Christum;
1278 1666 1417 1737 quod
1449 1674 1610 1722 estet
1636 1665 1851 1735 Spiritus
1881 1674 2080 1728 noster,

498 1758 553 1816 id
579 1773 680 1826 est,
709 1763 884 1815 anima
929 1771 1126 1824 nostra,
1158 1761 1259 1814 hoc
1303 1760 1437 1814 dicis
1487 1768 1688 1812 tantum
1735 1757 1896 1811 fuisse
1934 1755 2085 1810 Chri-

502 1852 827 1907 stumzaudi
868 1851 992 1921 quid
1040 1850 1206 1905 dicas.
1253 1850 1385 1903 Dico
1427 1848 1566 1918 quod
1607 1848 1759 1902 dicis.
1803 1846 1930 1900 Erat
1972 1845 2083 1914 ipse

502 1946 720 2015 spiritus
740 1960 804 1999 ex
828 1961 889 1999 ea
923 1955 1106 1998 natura
1137 1953 1190 1999 et
1213 1943 1529 2005 substantia,
1552 1941 1690 1996 unde
1716 1950 1770 1995 et
1798 1949 1977 1994 noster
2004 1945 2085 1993 est

501 2038 735 2108 spiritus.
767 2035 976 2104 Quanto
1016 2037 1191 2089 minus
1233 2035 1397 2100 dicas,
1425 2034 1659 2089 attende.
1690 2033 1820 2088 Erat
1857 2033 1926 2087 ibi
1954 2032 2084 2085 Ver-

502 2128 649 2191 bum,
675 2138 788 2181 erat
820 2127 887 2180 ibi
915 2143 1060 2181 caro.
1092 2127 1169 2179 Tu
1199 2125 1330 2179 dicis
1364 2143 1376 2177 :
1415 2125 1690 2178 llumanus
1732 2124 1949 2192 spiritus
1991 2137 2081 2176 so-

502 2219 600 2274 lus.
631 2220 738 2289 Ego
781 2219 940 2272 diro:
971 2218 1235 2283 Verbum,
1284 2217 1521 2285 Spiritus,
1571 2231 1799 2286 corpus;
1845 2214 1987 2269 Deus
2032 2221 2085 2266 et

502 2311 680 2363 homo.
705 2310 758 2363 Si
786 2309 891 2363 duo
920 2308 1043 2363 nolo
1070 2308 1268 2371 dicere,
1304 2308 1346 2362 si
1388 2307 1519 2361 duas
1566 2322 1650 2359 res
1692 2306 1814 2359 nolo
1869 2305 2079 2367 dicere;

501 2402 606 2456 isto
651 2411 771 2456 utor
807 2400 1147 2471 compendio,
1177 2399 1243 2453 Di.
1259 2415 1322 2453 us
1351 2409 1403 2453 et
1442 2399 1620 2451 homo.
1654 2398 1717 2450 Et
1740 2410 1895 2451 verus
1922 2395 2080 2460 Deus,

499 2502 554 2549 et
579 2508 735 2548 verus
762 2493 942 2545 homo.
970 2490 1110 2545 Nihil
1139 2489 1324 2542 falsum
1353 2490 1404 2542 in
1434 2489 1784 2553 immanitate,
1817 2486 1947 2540 nihil
1985 2485 2083 2538 l'al-

499 2600 615 2640 sum
646 2585 695 2637 in
723 2583 1017 2637 divinitate.
1052 2582 1157 2637 Sed
1201 2582 1266 2635 dc
1314 2581 1430 2650 ipso
1472 2581 1685 2634 homine
1733 2580 1776 2632 si
1814 2578 2006 2647 quaeris
2054 2592 2082 2630 a

502 2693 606 2742 mc,
639 2677 744 2729 duo
776 2677 965 2730 iterum
995 2674 1115 2728 dico
1141 2691 1156 2726 :
1178 2674 1366 2728 Anima
1400 2673 1648 2739 humana,
1674 2682 1726 2726 et
1751 2688 1874 2726 caro
1901 2670 2084 2724 huma-

501 2769 691 2824 na.Tu
746 2769 906 2823 homo
951 2784 1010 2823 es
1059 2777 1276 2838 propter
1322 2768 1551 2821 animam
1597 2775 1649 2819 et
1695 2778 1909 2818 carnem
1952 2763 2084 2818 :ille

496 2859 747 2915 Christus
774 2868 989 2929 propter
1021 2859 1183 2912 Deum
1216 2865 1269 2911 et
1298 2856 1587 2911 hominem.
1612 2855 1750 2909 Ecce
1772 2853 1910 2924 quod
1940 2852 2079 2906 dico.

569 2951 621 3005 5.
654 2949 1049 3003 Manichatorum
1079 2965 1219 3001 error
1241 2948 1293 3000 in
1323 2947 1685 3016 discipulorum
1702 2944 2086 3011 reprehensione

498 3024 788 3093 damnatus.
823 3038 1075 3108 Discipuli
1099 3039 1333 3108 spiritum
1363 3054 1415 3090 se
1448 3036 1615 3090 ridere
1634 3044 1884 3106 putantes,
1908 3050 2080 3104 repre-

461 3161 469 3169 ι
499 3131 806 3185 henduntur.
833 3130 936 3185 Sed
969 3140 1023 3183 tu
1049 3129 1239 3185 melius
1268 3138 1318 3183 te
1357 3128 1535 3181 dicere
1569 3136 1738 3194 putas,
1767 3126 1885 3195 quia
1911 3124 2077 3179 dicis:

497 3223 722 3292 Spiritus
758 3229 903 3286 erat,
934 3220 1153 3289 spiritus
1196 3218 1506 3288 apparebat,
1532 3217 1750 3287 Spiritus
1776 3214 2076 3283 videbatur,

497 3315 713 3384 Spiritus
751 3314 803 3368 in
834 3314 1048 3368 homine
1072 3311 1508 3367 conversabatur.
1538 3310 1650 3363 lloc
1674 3307 1839 3364 dicis:
1863 3317 1919 3361 ut
1947 3307 2077 3372 dixi,

498 3404 600 3460 hoc
621 3404 946 3475 putabantct
967 3402 1232 3472 discipuli.
1258 3401 1310 3457 Si
1334 3401 1463 3455 nihil
1490 3400 1612 3454 mali
1634 3398 1786 3465 dicis,
1814 3399 1856 3452 si
1884 3400 2077 3453 bonum

494 3504 578 3551 cst
601 3495 742 3566 quod
774 3496 948 3562 dicis;
982 3496 1178 3552 bonum
1219 3502 1336 3551 erat
1377 3503 1430 3550 ct
1466 3493 1607 3564 quod
1647 3491 1888 3561 discipuli
1932 3502 2081 3561 puta-

497 3588 639 3641 bant.
668 3586 723 3642 Si
754 3587 1004 3641 Dominus
1042 3587 1119 3642 sic
1160 3601 1254 3643 eos
1289 3586 1509 3651 dimisit,
1545 3593 1599 3638 ut
1641 3584 1743 3639 hoc
1783 3592 2072 3653 putarent;

495 3678 841 3734 dimittendus
871 3694 931 3734 es
958 3687 1011 3733 et
1041 3688 1116 3733 tu.
1143 3678 1255 3734 lioc
1279 3678 1421 3732 enim
1450 3676 1739 3731 credebant
1759 3675 1901 3746 quod
1926 3685 1978 3729 ct
2000 3683 2075 3727 tu:

496 3773 541 3827 si
572 3771 768 3827 bonum
806 3780 889 3828 cst
930 3771 1071 3843 quod
1113 3780 1165 3826 tu
1206 3772 1401 3837 credis,
1429 3771 1624 3825 bonum
1669 3777 1783 3824 erat
1820 3767 1957 3838 quod
2004 3767 2078 3821 illi

494 3862 801 3916 credebant.
830 3861 937 3918 Sed
959 3878 1066 3916 non
1098 3872 1213 3916 erat
1241 3861 1460 3916 bonum.

567 3953 648 4007 CA
661 3954 793 4012 PUT
832 3953 917 4009 lli.
942 3954 1110 4009 —-Ait
1136 3954 1238 4007 illis
1266 3953 1541 4016 Dominus,
1561 3950 1698 4016 Quid
1711 3950 1897 4006 turbati
1920 3951 2080 4006 estis?

480 4043 833 4121 Perturbatio
868 4046 1097 4103 credidit
1141 4045 1281 4116 quod
1308 4045 1503 4099 credis.
1535 4044 1711 4110 Quid?
1734 4044 1994 4097 Putabant
2019 4058 2077 4097 se

493 4137 734 4205 spiritum
767 4138 964 4191 videre.
1008 4136 1073 4191 Et
1121 4136 1386 4191 Dominus
1431 4134 1496 4188 ad
1545 4133 1659 4188 hcce
1688 4149 1702 4186 :
1735 4132 1869 4200 Quid
1894 4133 2080 4186 turbati

493 4227 628 4291 estis,
660 4236 704 4281 ct
729 4228 1056 4297 cogitationes
1083 4227 1360 4280 ascendunt
1398 4226 1449 4279 in
1480 4241 1566 4278 cor
1590 4224 1845 4277 vestrum?
1868 4221 2081 4293 Cogita-

494 4317 666 4372 tiones
694 4318 809 4372 ista:
834 4328 1059 4373 terreare
1083 4303 1225 4371 sunt.
1253 4316 1309 4373 Si
1337 4317 1477 4371 enim
1502 4316 1746 4371 caelestes
1767 4325 1963 4381 essent,
1991 4314 2080 4369 dc-

493 4408 815 4462 sccnderent
849 4408 902 4461 in
933 4422 1044 4472 cor,
1078 4423 1182 4461 non
1231 4407 1598 4461 ascenderent.
1630 4406 1804 4472 Quare
1830 4405 1970 4458 enim
1998 4404 2077 4458 di-

491 4497 630 4552 citur
662 4498 834 4561 nobis,
862 4497 1081 4550 Sursum
1108 4510 1222 4562 cor,
1253 4496 1351 4549 nisi
1388 4503 1445 4548 ut
1480 4506 1705 4550 terrenae
1730 4495 2075 4563 cogitationes

493 4600 598 4638 non
638 4596 761 4639 ante
800 4600 859 4639 se
906 4585 1137 4638 inveniat
1160 4600 1256 4639 cor
1279 4592 1538 4648 nostrum,
1569 4585 1709 4654 quod
1740 4601 1946 4639 sursum
1975 4599 2074 4652 po-

491 4674 797 4730 suerimus?
841 4675 1003 4745 Ergo,
1055 4674 1190 4739 Quid
1232 4675 1417 4729 turbati
1463 4678 1599 4741 estis,
1654 4687 1701 4729 et
1752 4678 2075 4747 cogitationes

491 4766 767 4821 ascendunt
800 4768 851 4821 in
874 4783 963 4820 cor
986 4766 1245 4821 vestrum?
1272 4764 1453 4821 Videte
1477 4782 1655 4819 manus
1684 4783 1820 4821 meas
1851 4778 1898 4820 et
1926 4768 2074 4836 pedes

490 4873 647 4925 meos,
676 4858 880 4929 palpate
906 4866 954 4912 et
979 4857 1156 4911 ridete.
1184 4857 1237 4913 Si
1269 4872 1451 4926 parum
1480 4862 1562 4909 est
1587 4855 1735 4909 vobis
1765 4856 2066 4923 attendere;

490 4963 679 5003 manus
705 4948 920 5003 mittite.
952 4947 1005 5003 Si
1037 4963 1220 5017 parum
1264 4956 1347 5002 est
1386 4947 1677 5009 attendere,
1708 4961 1810 5002 nec
1847 4946 2072 5001 sul‘liciat

489 5048 742 5109 tangere;
770 5040 999 5110 palpate.
1021 5038 1151 5100 Nec,
1172 5038 1412 5108 Tangite,
1440 5038 1610 5091 solum
1642 5037 1805 5101 dixit;
1833 5038 1924 5093 sed
1948 5038 2069 5092 Pal-

489 5140 610 5202 pate
652 5140 708 5187 et
750 5140 1096 5187 contrectato.
1130 5131 1359 5186 Probent
1401 5131 1501 5185 sibi
1548 5146 1736 5185 manus
1784 5139 1994 5193 vestrm,
2023 5131 2069 5185 si

488 5224 818 5278 mentiuntur
839 5223 977 5278 oculi
1004 5220 1205 5276 vestri:
1232 5220 1450 5291 Palpate
1483 5230 1529 5274 et
1567 5220 1745 5287 videte,
1792 5220 1974 5276 oculos
2013 5221 2064 5274 in

486 5314 735 5369 manib‘us
762 5313 972 5369 habete.
1000 5312 1135 5379 Quid
1165 5312 1395 5382 palpate,
1438 5319 1491 5366 et
1531 5311 1655 5381 quid
1697 5309 1912 5366 videte?
1935 5309 2068 5378 Quia

487 5405 695 5473 spiritus
714 5420 914 5459 carnem
929 5414 977 5459 et
997 5420 1111 5459 ossa
1127 5420 1226 5458 non
1251 5402 1416 5469 habet,
1437 5404 1565 5457 sicut
1584 5420 1661 5457 me
1676 5403 1849 5458 videtis
1864 5402 2063 5456 habere.

488 5493 719 5549 Errabas
739 5508 861 5549 cum
887 5492 1178 5564 discipulis,
1205 5494 1472 5564 corrigere
1499 5508 1617 5547 eum
1643 5492 1932 5561 discipulis.
1957 5490 2065 5545 llu-

488 5602 703 5641 manum
760 5596 862 5654 est,
907 5585 1164 5642 concedo.
1211 5585 1412 5641 Putatis
1460 5583 1701 5656 spiritum
1751 5583 2059 5638 Chri-tum:

490 5674 590 5729 hoc
618 5685 675 5729 et
712 5676 922 5738 Petrus,
949 5675 1049 5731 hoc
1079 5685 1133 5731 ct
1160 5677 1339 5731 cznteri
1367 5678 1455 5747 qui
1482 5677 1723 5746 spiritum
1749 5684 2066 5745 putaverunt

488 5775 546 5816 se
594 5764 801 5831 videre;
852 5766 943 5820 sed
986 5766 1036 5820 in
1082 5766 1183 5821 isto
1223 5781 1403 5821 errore
1448 5783 1551 5820 non
1591 5779 1977 5835 remanserunt,
2003 5773 2063 5819 ut

1724 362 1784 418 S.
1827 358 2192 420 AUGUSTINI
2231 358 2535 418 EPISCOFI

3628 356 3737 415 1193

2196 469 2335 523 scias
2362 481 2577 536 prorsus
2616 464 2718 520 hoc
2755 464 2919 521 fuisse
2945 465 2997 520 in
3027 466 3282 524 cordibus
3311 482 3514 524 eorum.
3537 469 3739 529 Medicus

2193 572 2287 611 eos
2317 572 2420 610 non
2447 557 2647 611 dimisit
2685 557 2768 611 sic
2809 570 2824 611 :
2866 558 3113 621 accessit,
3139 560 3585 617 medicamentum
3609 564 3737 620 adhi-

2194 648 2307 702 buit
2332 665 2346 702 :
2371 649 2588 702 vulnera
2628 648 2682 701 in
2722 647 2975 704 cordibus
2995 650 3241 717 videbat;
3287 662 3343 711 et
3381 654 3520 710 unde
3551 656 3735 715 vulnera

2191 740 2431 793 cordium
2460 750 2691 806 curaret,
2722 740 2773 794 in
2802 757 3028 808 c0rporc
3052 744 3333 800 cicatrices
3360 732 3574 802 ferebat.

2261 830 2488 886 CAPUT
2530 832 2614 885 lV.
2636 861 2710 873 --
2732 833 2784 887 4.
2832 832 2909 885 De
2927 833 3127 890 Christo
3145 837 3269 906 quid
3292 838 3605 893 credendum.
3636 840 3733 895 νπ-

2191 921 2307 974 bum
2354 920 2465 975 Dei.
2517 920 2872 977 Iucarnatione
2908 927 3125 993 ,τηεσερῆ
3175 935 3335 981 totum
3374 928 3633 984 hominem.
3666 933 3736 988 Sic

2190 1027 2317 1082 ergo
2358 1013 2656 1067 credamus.
2691 1012 2812 1068 Scio
2850 1014 2971 1083 quia
3004 1015 3084 1069 sic
3117 1016 3378 1072 creditis:
3410 1019 3502 1072 sed
3543 1036 3604 1075 ne
3626 1020 3734 1077 forte

2191 1104 2242 1159 in
2270 1120 2398 1175 agro
2429 1106 2529 1159 isto
2560 1106 2764 1160 Domini
2808 1109 2876 1161 sit
2920 1106 3081 1162 herba
3120 1109 3279 1169 mala,
3315 1110 3473 1163 etiam
3502 1128 3590 1167 eos
3625 1115 3731 1167 allo-

2188 1210 2324 1265 quor
2366 1212 2502 1265 quos
2544 1212 2647 1250 non
2675 1197 2850 1253 video.
2882 1198 3051 1253 Nemo
3091 1199 3275 1255 credat
3299 1200 3368 1255 de
3397 1202 3614 1267 Christo,
3651 1208 3727 1260 ni~i

2189 1285 2330 1353 quod
2357 1286 2425 1340 de
2468 1300 2526 1341 se
2560 1287 2705 1341 credi
2746 1288 2912 1341 voluit
2936 1287 3180 1343 Christus
3213 1306 3228 1344 :
3259 1299 3384 1345 ante
3424 1307 3572 1360 quem
3604 1295 3730 1350 uoltis

2190 1376 2424 1444 expedit,
2454 1385 2511 1430 ut
2535 1376 2818 1431 credamus
2838 1377 2980 1446 quod
3005 1378 3149 1432 credi
3171 1378 3237 1433 de
3258 1394 3318 1435 se
3339 1381 3519 1446 voluit,
3548 1385 3623 1453 qui
3648 1401 3725 1442 nos

2190 1466 2434 1529 redemit,
2467 1467 2554 1534 qui
2595 1467 2818 1521 salutem
2859 1478 3097 1521 nostram
3123 1469 3386 1539 qumSivit,
3416 1472 3499 1540 qui
3527 1488 3609 1541 pro
3646 1492 3723 1528 nn.

2190 1555 2271 1609 bis
2301 1558 2612 1627 sanguinem
2645 1555 2812 1623 fudit;
2854 1559 2941 1627 qui
2971 1574 3065 1628 pro
3095 1561 3248 1615 nobis
3274 1562 3413 1630 quod
3454 1579 3550 1618 non
3586 1566 3628 1620 ci
3651 1567 3724 1621 dc-

2188 1647 2411 1702 behalur
2435 1649 2671 1718 pertulit,
2703 1650 2791 1720 qui
2823 1651 2976 1707 nobis
3000 1652 3139 1721 quod
3169 1653 3320 1713 nobis
3346 1670 3450 1709 non
3475 1656 3725 1713 debebatur

2187 1739 2363 1793 attulit
2390 1756 2403 1791 :
2432 1739 2533 1793 hoc
2556 1740 2859 1797 credamus.
2886 1740 3131 1796 Christus
3154 1744 3277 1812 quid
3312 1747 3432 1799 est?
3457 1745 3606 1801 Filius
3633 1749 3721 1811 Dei,

2186 1830 2420 1886 Verbum
2449 1832 2562 1886 Dei.
2603 1833 2742 1899 Quid
2788 1842 2870 1887 est
2902 1833 3132 1888 Verbum
3164 1834 3297 1890 Dei?
3323 1836 3471 1903 Quod
3512 1839 3605 1894 dici
3640 1857 3725 1894 non

2185 1930 2366 1991 potest
2414 1937 2510 1991 per
2534 1923 2755 1978 verbum
2809 1922 3058 1987 hominis,
3105 1924 3206 1978 hoc
3251 1934 3334 1980 est
3383 1926 3596 1982 Verbum
3632 1929 3723 1984 Dei.

2185 2010 2390 2077 Quaeris
2415 2027 2443 2064 a
2476 2027 2562 2066 me
2590 2012 2715 2082 quid
2747 2011 2816 2066 sit
2846 2012 3076 2067 Verbum
3116 2014 3227 2068 Dei.
3252 2014 3307 2069 Si
3341 2016 3432 2069 tibi
3458 2018 3633 2073 vellem
3661 2021 3726 2072 di-

2184 2116 2310 2155 cere
2334 2099 2461 2170 quid
2498 2102 2568 2154 sit
2604 2101 2823 2156 verbum
2855 2101 3107 2169 hominis,
3148 2119 3252 2157 non
3293 2107 3521 2174 explieo,
3550 2106 3725 2178 fatigur,

2189 2190 2397 2254 hmsito,
2441 2193 2765 2255 succumbo;
2798 2207 2902 2248 non
2947 2209 3162 2264 possum
3193 2196 3459 2265 explicare
3484 2199 3583 2251 vim
3606 2200 3727 2254 verbi

2187 2279 2426 2334 humani.
2458 2282 2593 2337 Ecce
2620 2292 2903 2352 antequam
2933 2283 3105 2337 dicam
3133 2284 3305 2351 vobis,
3347 2288 3484 2355 quod
3526 2289 3638 2342 volo
3659 2290 3726 2343 tli-

2187 2386 2327 2434 cere,
2370 2370 2478 2441 jam
2535 2373 2755 2427 verbum
2798 2381 2883 2429 est
2937 2374 2989 2427 in
3029 2375 3190 2430 corde
3247 2392 3404 2442 meo;
3457 2380 3671 2433 nondum
3706 2396 3730 2433 θ

2188 2478 2276 2518 me
2304 2463 2502 2516 dictum
2528 2473 2629 2528 est,
2659 2474 2712 2520 et
2733 2463 2872 2535 apud
2898 2481 2982 2520 me
3009 2476 3091 2521 est
3118 2484 3133 2521 :
3161 2466 3353 2522 dicitur
3378 2484 3409 2522 a
3435 2484 3536 2535 me,
3560 2482 3611 2525 et
3635 2487 3734 2540 pcr-

2187 2554 2332 2608 venit
2355 2554 2417 2606 ad
2446 2561 2516 2619 te,
2547 2564 2600 2607 et
2627 2569 2729 2610 non
2762 2555 2960 2610 recedit
2981 2570 3012 2610 a
3039 2573 3144 2611 me.
3176 2557 3470 2625 lntenditis,
3503 2568 3556 2614 ut
3576 2563 3735 2616 audia-

2190 2646 2257 2697 tis
2277 2644 2495 2699 verbum
2521 2660 2551 2699 a
2578 2661 2693 2710 me;
2728 2656 2934 2703 mentes
2958 2658 3160 2703 vestras
3185 2664 3369 2718 pasco,
3395 2667 3512 2706 cum
3550 2654 3734 2723 loquor.

2192 2736 2504 2792 Divideretis
2542 2738 2680 2793 inter
2720 2755 2811 2793 vos
2845 2740 3047 2805 cibum,
3097 2741 3142 2794 si
3184 2741 3432 2799 aﬁ'errem
3469 2748 3734 2809 ventribus,

2189 2844 2287 2883 nec
2317 2837 2455 2882 totus
2482 2830 2784 2897 perveniret
2812 2831 2877 2886 ad
2920 2832 3191 2900 singulos;
3235 2834 3331 2888 sed
3363 2844 3555 2905 quanto
3582 2838 3738 2904 plures

2188 2918 2339 2983 estis,
2370 2926 2517 2971 tanto
2539 2918 2588 2971 in
2614 2918 2763 2987 plura
2786 2919 2950 2973 frusta
2978 2920 3120 2989 quod
3148 2935 3398 2990 ponerem
3435 2924 3734 2989 divideretis,

2184 3014 2239 3062 et
2267 3016 2411 3062 tanto
2442 3009 2616 3064 minus
2644 3009 2867 3079 quisque
2894 3011 3176 3079 acciperet,
3200 3028 3398 3083 quanto
3426 3017 3587 3086 major
3611 3028 3739 3073 esset

2184 3097 2552 3166 accipientium
2608 3098 2905 3153 multitudo.
2957 3099 3113 3157 Modo
3160 3112 3337 3157 autem
3392 3107 3559 3161 cibum
3603 3108 3736 3161 attuli

2185 3189 2482 3253 mentibus;
2512 3187 2651 3254 dico,
2684 3188 2941 3261 Accipite,
2974 3191 3188 3253 sumite,
3213 3194 3475 3250 comedite
3508 3200 3736 3265 :accepi-

2183 3280 2301 3345 stis,
2329 3280 2655 3345 comedistis,
2677 3290 2730 3335 et
2753 3296 2858 3335 non
2884 3281 3158 3339 divisistis.
3185 3285 3451 3356 Quidquid
3474 3291 3664 3358 loquor,
3687 3300 3736 3344 et

2182 3369 2432 3423 omnibus
2461 3378 2628 3425 totum
2656 3379 2759 3435 est,
2785 3380 2838 3426 et
2875 3373 3094 3441 singulis
3133 3383 3298 3429 totum
3329 3386 3434 3433 est.
3467 3379 3595 3434 Ecce
3616 3395 3736 3450 quo-

2183 3461 2343 3513 modo
2372 3476 2475 3514 non
2515 3470 2689 3530 potest
2722 3462 2850 3516 satis
2873 3465 3143 3532 expliCari,
3178 3475 3431 3536 quantam
3459 3470 3559 3523 vim
3595 3470 3734 3523 habet

2183 3550 2411 3606 hominis
2445 3552 2702 3607 verbum:
2729 3562 2782 3607 ct
2827 3553 2999 3609 dicitis
3036 3555 3186 3624 mihi,
3235 3557 3373 3624 Quid
3415 3570 3495 3615 cst
3536 3561 3727 3615 verbum

2182 3642 2316 3696 Dei?
2349 3642 2575 3697 Verbum
2600 3644 2691 3698 Dei
2721 3646 2890 3714 pascit
2917 3646 3239 3716 Angelorum
3273 3658 3351 3703 tot
3375 3652 3552 3706 millia.
3580 3653 3729 3706 Mente

2182 3733 2325 3786 enim
2372 3743 2677 3802 pascuntur,
2722 3744 2901 3791 mente
2932 3736 3237 3805 implentur.
3285 3740 3475 3810 Implet
3506 3744 3725 3814 Angelos,

2184 3823 2373 3894 implet
2394 3825 2672 3886 mundum,
2699 3826 2885 3896 implet
2908 3828 3126 3899 virginis
3149 3838 3355 3885 uterum
3381 3850 3396 3886 :
3424 3848 3520 3888 nec
3542 3835 3603 3888 ibi
3625 3848 3729 3904 spa-

2183 3914 2363 3979 tiatur,
2411 3930 2511 3969 nec
2555 3915 2644 3969 hic
2680 3926 3015 3987 angustatur.
3057 3919 3192 3985 Quid
3236 3932 3319 3976 est
3362 3922 3580 3977 Verbum
3620 3924 3726 3978 Dei?

2181 4001 2299 4072 lpse
2351 4004 2492 4060 dicat
2520 4023 2532 4058 :
2564 4005 2795 4060 breviter
2836 4007 2904 4061 de
2942 4023 3001 4063 se
3048 4010 3212 4075 dicit;
3243 4011 3336 4066 sed
3385 4029 3618 4085 magnum
3658 4023 3728 4067 est

2180 4096 2318 4164 quod
2357 4096 2484 4151 dicit
2513 4114 2526 4150 :
2561 4094 2671 4168 Ego
2698 4107 2746 4151 et
2780 4096 2935 4153 Pater
2962 4116 3121 4153 unum
3159 4118 3330 4155 sumus
3355 4103 3524 4175 (lacn.
3551 4121 3600 4167 κ.
3627 4105 3725 4174 50).

2179 4185 2315 4241 Nolo
2362 4202 2607 4241 nmncres
2632 4228 2648 4253 ,
2688 4189 2848 4243 verba
2891 4191 3154 4259 appendc.
3206 4192 3345 4258 Quid
3399 4196 3553 4265 ergo?
3591 4195 3725 4249 Pium

2181 4276 2337 4331 verba
2368 4275 2434 4332 de
2469 4292 2575 4332 uno
2601 4278 2762 4332 verbo
2809 4294 2913 4332 non
2950 4280 3222 4335 sufficiunt
3248 4284 3575 4352 explicando.
3624 4283 3725 4336 Fer-

2132 4382 2136 4386 ·
2179 4365 2295 4419 hum
2322 4383 2449 4438 ergo
2472 4368 2611 4438 quod
2636 4385 2740 4422 non
2766 4378 2941 4438 potest
2958 4371 3228 4440 explicari,
3251 4390 3370 4428 caro
3386 4379 3567 4446 factum
3587 4383 3666 4439 est,
3686 4384 3725 4427 et

2179 4458 2414 4512 habitarit
2458 4461 2511 4513 in
2558 4459 2699 4513 nobis
2741 4459 2849 4532 (Id.
2880 4477 2918 4525 ι,
2953 4460 3054 4535 14).
3104 4463 3353 4533 Suscepit
3396 4474 3557 4521 totum
3595 4465 3724 4535 quasi

2179 4552 2390 4622 plenum
2421 4553 2710 4620 hominem,
2753 4554 2983 4607 animam
3015 4564 3070 4609 et
3106 4570 3298 4624 corpus
3340 4557 3580 4613 hominis.
3605 4556 3721 4612 Etsi

2176 4643 2369 4713 aliquid
2398 4644 2761 4713 scrupulosius
2791 4644 2871 4697 vis
2901 4644 3113 4708 audire;
3142 4646 3263 4715 quia
3289 4647 3520 4703 animam
3545 4659 3595 4703 et
3622 4662 3719 4701 car-

2177 4752 2294 4788 nem
2325 4736 2481 4789 habet
2509 4744 2562 4790 et
2591 4750 2755 4806 pecus
2782 4754 2795 4788 :
2825 4751 2946 4790 cum
2972 4736 3091 4790 dico
3127 4738 3359 4793 animam
3391 4742 3650 4796 humanam
3674 4745 3718 4793 et

2174 4840 2388 4879 carnem
2426 4826 2731 4890 humanam,
2762 4834 2921 4879 totam
2947 4827 3175 4880 animam
3214 4826 3498 4886 humanam
3528 4829 3719 4901 accepit.

2173 4916 2407 4972 Fuerunt
2436 4918 2577 4973 enim
2607 4919 2694 4987 qui
2724 4917 2845 4972 hinc
2876 4917 3122 4973 Inrrcsim
3155 4918 3411 4988 facerent,
3441 4934 3494 4977 et
3517 4923 3724 4978 dicerent
3758 4920 3767 4927 ’

2171 5009 2293 5080 quia
2324 5009 2498 5063 anima
2526 5008 2723 5063 Christi
2770 5024 2871 5061 non
2913 5007 3103 5063 habuit
3135 5020 3391 5075 mentem,
3426 5030 3528 5070 non
3566 5013 3724 5069 habuit

2172 5099 2518 5166 intellectum,
2566 5114 2671 5152 non
2713 5096 2895 5152 habuit
2931 5100 3218 5165 rationem;
3264 5102 3359 5157 sed
3392 5102 3611 5159 Verbum
3647 5102 3723 5156 Dei
3770 5086 3773 5087 ν

2173 5189 2271 5244 fuit
2299 5190 2373 5244 illi
2402 5206 2497 5259 pro
2536 5198 2735 5256 mente,
2767 5206 2863 5260 pro
2901 5190 3195 5255 intellectu,
3229 5209 3324 5262 pro
3363 5197 3583 5251 ratione.
3612 5194 3727 5250 Nolo

2168 5282 2243 5336 sic
2264 5281 2471 5337 credas.
2500 5280 2689 5337 Totum
2730 5282 2973 5349 redemit,
3006 5284 3094 5352 qui
3123 5294 3287 5339 totum
3314 5290 3549 5343 ereavit:
3579 5298 3726 5343 totum

2168 5372 2421 5441 suscepit,
2449 5380 2615 5425 totum
2653 5370 2899 5425 liberavit
2932 5372 3188 5428 Verbum.
3233 5375 3307 5430 lbi
3336 5393 3492 5434 meus
3520 5376 3729 5434 hominis

2166 5472 2217 5518 et
2255 5462 2570 5527 intellectus,
2611 5462 2680 5517 ibi
2710 5463 2885 5517 anima
2913 5463 3184 5520 viviﬁcans
3224 5483 3473 5537 carnem;
3515 5472 3583 5527 ibi
3617 5487 3727 5529 caro

2166 5569 2289 5609 vera
2314 5561 2368 5609 et
2395 5554 2596 5625 integra
2621 5570 2636 5609 :
2665 5562 2935 5623 peccatum
2966 5556 3137 5612 solum
3162 5573 3267 5613 non
3294 5559 3363 5617 ibi
3388 5564 3449 5617 ³.·

2228 5714 2350 5788 "tu,
2371 5718 2421 5763 et
2442 5718 2556 5788 hor.
2576 5711 2649 5761 sic
2671 5725 2701 5788 :A
2994 5726 3202 5788 carpent.
3218 5724 3345 5788 faro
3362 5733 3476 5770 ma
3495 5728 3541 5772 et
3559 5721 3721 5788 integra

2166 5781 2269 5825 erat
2284 5774 2366 5836 tbi,
2392 5781 2639 5839 peccatum
2653 5773 2807 5825 solum
2819 5773 2918 5824 non
2934 5784 3037 5826 erat
3214 5786 3272 5828 at.
