3954 6196
208 351 341 409 Ηὶῦ

638 456 869 514 SERMO
904 454 1259 513 CCXXXVIII
1288 460 1327 508 ‘.

644 601 694 644 tn
713 593 891 644 diebus
908 590 1229 652 Paschalihus,
1264 604 1333 640 ιι.

201 699 274 755 De
294 697 466 755 eadem
486 697 695 752 lectione
714 693 979 766 Evangelii
999 693 1171 761 Lucw,
1191 710 1302 764 cap.
1331 709 1476 758 XXIV,
1514 693 1544 763 ᾗ
1571 731 1584 744 .
1603 691 1780 746 5847.

272 835 323 886 I.
375 828 605 886 Christus
654 844 798 883 uerus
836 835 883 881 et
926 843 1042 880 vera
1084 824 1315 881 Ecclesia
1364 841 1427 883 ea:
1473 823 1585 878 Ioco
1623 822 1782 876 Luca:

197 926 509 997 agnoscitur.
555 922 646 979 Sic
686 935 838 977 sacra
884 918 1237 990 perennisque
1282 916 1585 986 evangelica
1624 913 1784 970 lectio

199 1019 352 1073 nobis
398 1016 733 1073 demonstrat
784 1027 967 1068 verum
1005 1002 1319 1074 Christum;
1345 1017 1399 1064 et
1441 1023 1620 1064 veram
1679 1008 1782 1062 l-Jc-

196 1110 430 1173 clcsiam,
466 1121 535 1160 ne
587 1105 640 1160 in
685 1103 863 1173 aliquo
904 1117 1091 1158 eorum
1142 1115 1414 1163 erremus,
1459 1109 1549 1152 aut
1596 1107 1782 1152 sancto

198 1214 396 1270 sponso
436 1197 596 1250 aliam
624 1209 721 1264 pro
745 1194 846 1247 alia
870 1205 1251 1262 supponamus,
1280 1198 1372 1244 aut
1389 1199 1588 1244 sanctae
1621 1203 1783 1256 spon-

198 1304 270 1347 sa!
293 1303 397 1344 non
427 1301 581 1343 suum
614 1286 788 1338 virum
817 1282 913 1338 sed
950 1283 1113 1337 alium
1143 1282 1515 1349 importcmus.
1546 1277 1688 1347 Ergo
1713 1292 1780 1331 ue

199 1384 251 1435 in
300 1380 479 1448 aliquo
523 1389 708 1431 eorum
755 1387 1015 1437 erremus,
1066 1382 1313 1441 tanquam
1364 1368 1781 1423 matrimonialcs

196 1487 379 1527 eorum
410 1468 678 1537 Evangelii
706 1466 912 1520 tabulas
940 1462 1243 1518 audiamus.

264 1564 320 1617 9.
359 1558 549 1617 Contra
603 1556 920 1611 Manichacus
957 1564 1005 1609 et
1050 1552 1486 1617 Priscitlianistas,
1525 1549 1782 1619 Christum

197 1656 377 1711 habere
401 1669 572 1707 seram
595 1665 819 1705 carnem.
850 1648 923 1702 De
949 1647 1172 1701 Domino
1209 1644 1427 1701 Christo
1458 1658 1565 1698 non
1590 1640 1778 1696 defue-

197 1759 337 1814 runt,
359 1762 459 1803 nec
476 1745 688 1807 desunt,
715 1742 904 1813 quisic
930 1741 1200 1805 falluntur,
1226 1748 1289 1793 ut
1312 1753 1434 1794 eum
1455 1751 1638 1793 veram
1663 1750 1782 1790 caro

197 1857 316 1899 nem
344 1839 593 1895 habuisse
620 1850 727 1891 non
752 1832 1053 1889 crederent.
1084 1830 1315 1885 Audiam
1332 1828 1474 1899 quod
1503 1826 1661 1882 modo
1684 1841 1781 1880 au~

194 1932 441 1988 divimus.
486 1928 544 1984 lu
588 1926 726 1982 ctelo
763 1933 866 1989 est,
913 1922 1007 1978 sed
1049 1922 1135 1976 hic
1175 1931 1366 1976 sonat:
1397 1919 1467 1974 ad
1504 1918 1778 1973 dexteram

196 2024 366 2080 Patris
393 1998 566 2084 sedet,
596 2018 693 2074 sed
732 2017 870 2072 inter
908 2028 1010 2069 nos
1035 2012 1287 2082 loquitur.
1316 2011 1434 2077 Ipse
1461 2025 1520 2065 se
1559 2009 1774 2071 indicet.

197 2118 308 2187 ipse
332 2129 391 2170 se
414 2109 736 2168 manifestet.
765 2105 899 2173 Quid
931 2118 1065 2175 opus
1088 2111 1171 2158 est
1198 2109 1257 2156 ut
1291 2102 1454 2156 alium
1485 2099 1554 2154 de
1580 2099 1670 2154 illo
1700 2106 1780 2151 te-

196 2220 329 2263 stem
356 2199 693 2275 quaeramus?
737 2199 913 2268 Ipsum
960 2196 1133 2265 potius
1176 2192 1477 2248 audiamus.
1522 2189 1783 2258 Apparuit

198 2297 467 2367 discipulis
494 2294 628 2353 suis.
650 2300 705 2347 et
732 2289 911 2345 subito
947 2286 1093 2342 stetit
1122 2286 1173 2338 in
1201 2283 1378 2339 medio
1402 2295 1611 2337 eorum.
1642 2279 1780 2333 Cum

198 2391 458 2460 legeretur
475 2383 717 2439 audistis.
748 2379 830 2435 Illi
863 2388 1043 2433 autem
1083 2375 1272 2430 turbati
1312 2380 1474 2428 sunt:
1505 2370 1781 2426 existima-

196 2483 324 2538 bant
349 2480 491 2536 enim
533 2492 593 2533 se
621 2474 867 2545 spiritum
908 2470 1112 2525 videre.
1145 2466 1258 2521 Hoc
1285 2473 1366 2519 cst
1393 2462 1534 2532 quod
1572 2468 1778 2530 putant,

195 2574 286 2643 qui
323 2586 444 2627 eum
474 2581 656 2623 veram
683 2576 899 2619 carnem
949 2560 1145 2614 habere
1191 2571 1297 2610 non
1328 2552 1589 2609 credunt:
1620 2548 1782 2603 Mani-

196 2663 330 2719 ehati
369 2666 516 2724 sunt,
551 2651 970 2711 Priscillianista:
1008 2656 1152 2713 sunt,
1186 2655 1240 2701 et
1283 2644 1401 2698 alim.
1434 2652 1783 2711 quascumque

198 2770 299 2811 nec
337 2747 675 2808 nominandae
709 2752 908 2817 pestes.
956 2741 1072 2796 Non
1113 2739 1256 2793 enim
1287 2742 1474 2806 putant
1513 2732 1781 2788 Christum

198 2847 326 2904 nihil
350 2859 490 2911 esse,
520 2842 624 2897 hoc
647 2853 755 2893 non
783 2842 1006 2906 putant;
1036 2831 1129 2887 sed
1154 2828 1400 2899 Spiritum
1428 2833 1611 2894 putant
1636 2836 1779 2887 esse,

196 2951 408 2995 carnem
444 2949 548 2988 non
580 2928 846 2985 habuisse.
877 2922 1015 2990 Quid
1059 2930 1135 2986 tu,
1174 2917 1487 2977 Catholica?
1525 2912 1654 2984 quiti
1702 2922 1780 2979 tu,

196 3040 414 3099 sponsa.
450 3037 556 3077 non
583 3016 859 3076 adultera?
890 3015 1025 3082 Euge
1055 3009 1181 3080 quid
1211 3018 1288 3074 tu,
1314 3006 1416 3099 nisi
1442 3002 1586 3099 quod
1620 3002 1689 3057 ab
1716 3016 1783 3057 eo

196 3095 473 3174 didicisti?
515 3111 628 3166 Non
671 3107 813 3163 enim
858 3104 1018 3159 alium
1065 3100 1342 3155 meliorem
1381 3096 1449 3151 de
1494 3095 1586 3149 illo
1621 3107 1781 3163 quam

194 3210 371 3280 ipsum
412 3213 602 3260 testem
653 3197 893 3259 invenire
937 3190 1177 3262 potuisti.
1223 3184 1533 3280 Ergo‘quid
1563 3183 1684 3280 tu:
1716 3183 1786 3280 Ct

198 3274 428 3355 Verbum
456 3304 511 3350 et
530 3291 777 3362 spiritum
806 3283 1035 3341 hominis
1060 3291 1114 3337 et
1138 3294 1350 3336 carnem
1376 3276 1608 3331 hominis
1629 3274 1785 3329 Chri-

195 3401 340 3447 stum
367 3402 487 3445 esse
511 3376 767 3440 didicisti.
794 3375 933 3447 Quid
961 3373 1189 3430 didicisti
1210 3371 1278 3425 de
1308 3367 1524 3425 Verbo?
1551 3366 1617 3421 lu
1639 3367 1783 3436 prin-

196 3483 331 3554 cipio
376 3487 482 3533 erat
535 3473 773 3536 Verbum,
817 3478 863 3524 et
911 3465 1126 3521 Verbum
1170 3472 1276 3519 erat
1313 3460 1467 3554 apud
1513 3458 1694 3554 Deum,
1734 3466 1784 3515 et

198 3548 336 3630 Deus
374 3578 480 3625 erat
516 3565 775 3622 Verbum:
803 3560 901 3614 hoc
944 3565 1051 3612 erat
1078 3556 1133 3609 in
1159 3552 1408 3624 principio
1439 3550 1580 3622 apud
1621 3548 1785 3602 Deum

198 3665 377 3734 (Joan.
408 3678 445 3727 ι,
474 3662 526 3724 I,
552 3654 632 3732 2).
662 3654 797 3722 Quid
827 3650 1061 3708 didicisti
1094 3649 1162 3704 de
1197 3646 1386 3717 spiritu
1414 3640 1677 3734 hominist
1715 3638 1783 3734 ξι

196 3731 441 3814 inclinato
460 3731 623 3823 capite
646 3746 854 3803 tradidit
876 3743 1110 3814 spiritum
1129 3738 1242 3810 (Id.
1273 3750 1392 3800 XIX,
1416 3734 1527 3803 so).
1549 3732 1684 3800 Quid
1704 3731 1786 3785 di-

199 3845 379 3905 dicisti
398 3845 466 3901 de
492 3839 689 3897 carne?
713 3836 871 3893 Modo
889 3832 1032 3888 audi.
1064 3830 1279 3900 Ignosce
1309 3826 1415 3881 illis
1438 3825 1528 3895 qui
1554 3824 1655 3878 hoc
1684 3838 1780 3891 pu-

199 3951 335 4005 tant,
373 3933 512 4007 quod
552 3931 701 4003 prius
742 3934 985 3984 errantes
1018 3920 1263 3989 discipuli
1300 3922 1633 3987 putaverunt.
1675 3912 1781 3969 Sed

198 4033 273 4087 illi
302 4030 357 4083 in
385 4039 568 4082 errore
592 4038 698 4078 non
734 4019 1229 4089 perseveraveruut.
1261 4010 1392 4064 Nam
1423 4008 1525 4062 hoc
1562 4014 1783 4075 putave-

195 4129 323 4178 runt
349 4115 612 4186 discipuli.
639 4110 780 4183 quod
808 4108 966 4164 hodie
991 4113 1174 4176 putant
1196 4100 1494 4165 Mauichmi,
1523 4099 1664 4167 quod
1687 4098 1783 4186 ho-

194 4213 283 4267 die
310 4184 501 4279 putant
527 4199 959 4263 Priscillianistzr,
1006 4210 1110 4249 non
1149 4193 1312 4249 fuisse
1339 4206 1517 4246 veram
1562 4184 1779 4279 carnem

196 4304 251 4358 in
293 4276 520 4355 Comino
555 4293 787 4356 Christo,
838 4287 933 4343 sed
973 4281 1338 4340 tantummodo
1380 4280 1643 4350 Spiritum.
1689 4276 1780 4329 Υἱ-

194 4397 423 4453 deamus
452 4389 499 4445 si
523 4385 726 4444 dimisit
752 4396 850 4439 eos
875 4394 1077 4435 errare.
1107 4376 1293 4435 Videte
1318 4388 1475 4444 quam
1507 4372 1675 4425 malus
1712 4370 1781 4424 sit

194 4498 375 4548 error,
405 4493 564 4550 quem
603 4473 841 4531 medicus
872 4468 1155 4525 festinabat
1198 4477 1407 4527 sanare,
1443 4461 1614 4516 noluit
1647 4474 1777 4514 cou-

195 4578 437 4631 ﬁrmare.
465 4568 789 4624 Putavcrunt
828 4575 956 4632 ergo
996 4574 1057 4613 se
1085 4557 1329 4627 spiritum
1368 4554 1665 4609 viderc:et
1692 4552 1781 4606 ille

190 4667 285 4738 qui
325 4662 530 4721 sciebat
563 4658 729 4715 malas
769 4658 897 4711 istas
941 4651 1289 4721 cogitationes
1330 4662 1470 4710 esse,
1499 4646 1569 4702 de
1593 4661 1779 4701 eorum

188 4755 446 4817 cordibus
471 4751 768 4814 eradicans,
793 4745 927 4812 Quid
956 4742 1142 4798 turbati
1166 4741 1302 4805 estis,
1331 4738 1501 4795 dixit?
1525 4738 1649 4809 quid
1671 4746 1780 4791 tur-

189 4850 302 4908 bati
327 4846 464 4911 estis,
493 4852 540 4898 et
566 4839 892 4913 cogitationes
916 4833 1189 4891 ascendunt
1217 4833 1270 4884 in
1293 4846 1380 4884 cor
1399 4836 1615 4883 vestrum
1632 4828 1658 4882 ?
1685 4827 1778 4882 Vi-

185 4944 309 4998 dete
336 4953 517 4994 manus
541 4950 678 4989 meas
699 4941 743 4986 et
768 4930 918 5002 pedes
951 4941 1122 4981 meos:
1152 4922 1356 4992 tangite,
1398 4929 1443 4974 et
1477 4919 1635 4973 uidete
1660 4919 1779 4988 quia

184 5032 404 5093 spiritus
431 5041 632 5082 carnem
656 5031 703 5078 et
738 5037 855 5077 ossa
885 5035 985 5073 non
1013 5014 1181 5081 habet,
1219 5014 1350 5067 sicut
1380 5027 1458 5064 me
1485 5008 1660 5064 videtis
1686 5009 1779 5063 ha-
1850 5030 1853 5033 ·

186 5100 327 5180 bere.
352 5121 500 5177 Tene
525 5124 714 5173 contra
751 5125 938 5168 omnes
979 5107 1214 5163 omnium
1247 5104 1462 5157 insanas
1497 5100 1777 5171 cogitatio-

179 5230 313 5279 nes,
356 5222 481 5267 tene
519 5205 661 5278 quod
704 5199 952 5273 accepisti
979 5216 992 5254 :
1018 5194 1250 5266 alioquin
1295 5191 1498 5263 peristi.
1536 5188 1779 5245 Christus

181 5319 384 5363 verum
413 5299 667 5364 Verbum,
688 5293 1040 5364 unigenitum,
1066 5285 1283 5358 aequalis
1311 5282 1476 5348 Patri,
1503 5296 1661 5337 verus
1681 5279 1780 5335 hu-

251 5432 457 5485 ‘rrodit
498 5441 630 5480 nunc
671 5427 975 5490 primas:
991 5418 1155 5490 δειδιῑὲ
1180 5413 1779 5490 νίυᾲοάφ⁰⁸δὲ¹3βὲιὲἓ

178 5474 637 5551 codiceme
672 5474 792 5551 'féré
839 5485 948 5537 800-
987 5480 1242 5551 ειρτάψιῑι
1282 5481 1330 5527 in
1382 5485 1461 5526 δἐι
1510 5474 1780 5551 ΨΨΡΨἹ

180 5537 368 5613 ξέἷῖῗίὲ
895 5557 1008 5618 (ιυὲ
1051 5541 1174 5618 tituli
1208 5537 1782 5618 Maesesses

175 5597 874 5674 ἇῖιιὲἔιιιῖεἶῖιῖηἶιὶιῖἱίαδέι
888 5597 952 5674 τέ
973 5614 1043 5674 D9
1064 5616 1185 5674 ver?
1203 5613 1397 5674 ﬁlms“:
1418 5599 1464 5649 id
1481 5606 1564 5674 est.
1576 5597 1775 5674 amisii”

189 5664 727 5739 ἱῗῖῖἒῖιῖἀρὸηωιίά
748 5679 826 5739 φα
846 5669 1052 5739 id“?
1074 5664 1322 5739 υθςιιοιίεὲι
1439 5672 1781 5739 ξὲετΐὲ-2θῖ(ῗ[’·

183 5764 212 5791 ς
240 5731 425 5805 nisque
452 5731 733 5805 evangelica
757 5731 917 5791 lectio,
934 5746 958 5775 θ
1106 5735 1241 5777 Hunc
1265 5732 1317 5775 et
1345 5731 1649 5786 superiorem
1670 5734 1778 5770 scr-

181 5791 396 5863 nam:
417 5791 706 5851 mufchm
726 5805 953 5845 sermone
978 5791 1083 5841 116.

1517 338 1745 395 8εῆΗο
1784 337 2154 397 CCXXXVIII.

3338 344 3471 399 “26

1894 469 2085 512 manus
2109 458 2341 528 spiritus,
2370 474 2490 515 vera
2522 474 2644 517 caro
2688 462 2803 516 sine
2839 467 3080 530 peccato.
3111 460 3233 516 “me
3262 472 3468 515 mortua

1893 559 1993 614 est,
2019 547 2131 604 haec
2161 553 2468 620 resurrexit,
2493 553 2607 608 hmc
2633 553 2883 625 pependit
2910 554 2962 608 in
2987 554 3147 625 ligno,
3173 555 3285 610 huic
3305 556 3474 621 jatuit

1896 641 1946 693 in
1990 642 2259 712 sepulcro,
2293 644 2407 700 hare
2449 645 2597 701 sedet
2644 647 2695 701 in
2744 647 2903 702 ccelo.
2948 648 3170 703 Volebat
3217 647 3471 703 Dominus

1892 730 2134 788 Christus
2158 735 2478 803 persuadere
2507 737 2778 807 discipulis
2808 740 2930 808 quia
2971 740 3099 794 illud
3140 739 3280 809 quod
3324 741 3472 795 vidc-

1891 824 2037 885 bant.
2069 840 2189 880 ossa
2215 837 2268 882 et
2296 842 2421 883 caro
2447 838 2600 883 crant
2627 847 2640 883 :
2672 830 2765 885 sed
2792 840 2846 885 tu
2868 832 3207 886 contradicis.
3236 832 3326 887 Ille
3347 849 3474 902 ergo

1892 918 2169 981 mentitur,
2199 929 2252 972 et
2297 926 2352 973 tu
2388 936 2570 975 verum
2600 920 2771 975 dicis?
2800 930 2854 975 tu
2883 922 3134 988 tedificas,
3177 931 3229 977 ct
3259 923 3348 977 ille
3376 923 3472 978 de-

1889 1006 2057 1074 cipit?
2094 1008 2269 1073 Quarc
2310 1010 2438 1063 mihi
2483 1011 2589 1075 hoc,
2620 1012 2789 1066 voluit
2833 1012 3156 1081 persuadere
3205 1013 3468 1077 Christus,

1888 1099 1990 1153 nisi
2020 1100 2140 1169 quia
2180 1101 2380 1156 sciebat
2406 1102 2533 1172 quid
2569 1104 2697 1157 mihi
2744 1104 2961 1173 prodest
2986 1104 3224 1170 credere,
3263 1114 3317 1159 et
3346 1105 3469 1175 quid

1886 1192 2016 1245 mihi
2064 1202 2218 1249 nocet
2261 1210 2366 1248 non
2405 1196 2657 1251 credere?
2685 1196 2772 1252 Sic
2817 1212 2944 1268 ergo
2972 1198 3194 1253 credite.
3228 1197 3345 1267 Ipse
3388 1207 3469 1254 cst

1887 1296 2136 1353 sponsus.

1957 1372 2010 1427 5.
2052 1374 2239 1429 Contra
2270 1376 2578 1442 Donatistas,
2626 1376 2906 1432 Ecclesium
2942 1396 3047 1433 esse
3092 1387 3193 1432 toto
3228 1380 3345 1433 orbe
3368 1380 3470 1450 dif-

1888 1468 2076 1535 fusam.
2108 1467 2395 1522 Audiamus
2427 1478 2481 1523 et
2506 1470 2572 1523 dc
2603 1484 2797 1537 sponsa
2823 1489 2837 1525 :
2864 1470 2984 1539 quia
3025 1471 3204 1524 nescio
3230 1471 3314 1539 qui
3345 1487 3467 1524 rur-

1885 1568 1978 1608 sus
2008 1554 2243 1611 l'aveutcs
2272 1558 2546 1623 adulteris,
2575 1559 2762 1613 volunt
2800 1575 2977 1614 veram
3010 1560 3339 1627 subvertere,
3367 1561 3469 1615 [αἱ-

1886 1658 2105 1714 samque
2125 1661 2443 1716 supponere.
2474 1650 2764 1705 Audiamus
2784 1661 2835 1706 et
2855 1651 2921 1706 de
2943 1649 3158 1722 sponsa.
3185 1652 3316 1708 Cum
3338 1668 3468 1723 ergo

1887 1736 2185 1806 tetigissent
2208 1739 2394 1808 pedes,
2440 1756 2650 1806 manus,
2690 1758 2928 1810 carnem,
2961 1738 3117 1810 ossa;
3149 1745 3341 1813 adjecit
3367 1746 3471 1799 Do-

1886 1828 2082 1891 minus,
2113 1838 2167 1882 et
2201 1829 2295 1894 ait,
2329 1828 2535 1886 Habetis
2574 1833 2657 1886 hic
2691 1835 2884 1903 aliquid
2908 1836 3047 1904 quod
3092 1827 3398 1890 manducare
3418 1838 3470 1890 ‘?

1887 1926 1944 1972 ut
1970 1920 2131 1974 etiam
2167 1925 2563 1979 communicato
2605 1925 2728 1978 cibo
2755 1927 3070 1995 probaretur
3098 1943 3257 1982 verus
3287 1928 3464 1982 homo.

1871 2011 2123 2091 ‘Accepit,
2156 2013 2512 2081 manducavit,
2546 2015 2726 2080 dedit;
2769 2026 2970 2072 etcum
3013 2018 3187 2073 adhuc
3233 2019 3466 2088 trepida-

1885 2108 2005 2155 rent
2034 2116 2140 2170 pra:
2164 2104 2378 2171 gaudio,
2408 2105 2482 2159 ait
2505 2106 2610 2159 illis
2641 2123 2653 2158 :
2690 2105 2879 2163 Nonne
2924 2108 3030 2161 [nec
3056 2108 3280 2162 dicebant
3310 2110 3466 2177 vobis,

1886 2206 1999 2244 cum
2018 2193 2184 2245 adhuc
2205 2210 2358 2248 essent
2379 2197 2669 2250 vobiscum?
2690 2197 2863 2264 Quare
2894 2199 3053 2252 modo
3077 2215 3180 2252 non
3211 2215 3331 2253 cum
3362 2200 3466 2254 illis

1885 2282 2038 2336 erat?
2086 2282 2224 2348 Quid
2272 2292 2375 2347 cst,
2423 2302 2536 2338 cum
2588 2288 2755 2338 adhuc
2800 2304 2957 2340 essem
3003 2288 3301 2342 uobiscum?l
3333 2270 3501 2344 Cum.

1886 2379 2060 2434 adhuc
2089 2383 2325 2435 mortalis
2367 2398 2562 2447 essem,
2592 2384 2732 2454 quod
2763 2394 2816 2439 et
2840 2401 2937 2439 vos
2969 2387 3121 2440 estis.
3161 2386 3299 2454 Quid
3338 2403 3469 2457 ergo

1886 2468 2129 2537 dicebam
2154 2471 2345 2525 vobis?
2390 2491 2408 2524 ι
2436 2472 2567 2539 Quia
2599 2475 2879 2543 oportebat
2910 2476 3119 2545 impleri
3147 2478 3324 2531 omnia
3349 2494 3467 2547 qua!

1886 2566 2082 2635 scripta
2113 2576 2237 2620 sunt
2283 2568 2332 2620 in
2363 2566 2523 2637 Lege,
2565 2577 2619 2623 et
2646 2569 2697 2622 in
2729 2568 3027 2638 Prophetis,
3061 2579 3114 2625 et
3146 2571 3197 2624 in
3243 2571 3469 2626 Psalmis

1884 2655 1954 2712 de
1995 2672 2100 2712 me.
2146 2657 2295 2712 Tune
2332 2659 2535 2727 aperuit
2578 2659 2679 2713 illis
2726 2674 2963 2723 sensum,
3011 2668 3068 2714 ut
3114 2661 3469 2731 intelligerent

1887 2746 2223 2818 Scripturas;
2256 2757 2306 2803 et
2332 2749 2463 2802 dixit
2490 2749 2589 2816 cis,
2621 2751 2741 2819 quia
2777 2751 2852 2804 sic
2891 2750 3175 2819 oportebat
3198 2750 3465 2806 Christum

1885 2842 2014 2911 pati,
2047 2850 2102 2896 et
2127 2856 2404 2911 resurgere
2449 2857 2478 2895 a
2517 2843 2742 2896 mortuis
2771 2843 2857 2897 die
2893 2843 3072 2898 tertia.
3106 2863 3124 2895 ι
3159 2844 3348 2899 Tollite
3378 2861 3459 2900 vc-

1884 2947 2000 2987 ram
2024 2947 2260 2995 carnem,
2290 2948 2393 2985 non
2439 2932 2540 2987 erit
2564 2947 2687 2987 vera
2718 2934 2916 3001 passio,
2952 2949 3058 2987 non
3102 2935 3203 2988 erit
3227 2950 3349 2989 vera
3378 2950 3466 2989 re-

1887 3022 2166 3077 surrectio.
2212 3021 2352 3077 Ecce
2388 3023 2551 3076 habes
2585 3036 2838 3091 sponsum
2869 3040 2882 3075 :
2908 3021 3181 3091 Oportebat
3211 3017 3467 3095 Christum

1888 3113 2012 3184 pati,
2051 3124 2098 3166 et
2136 3129 2398 3181 resurgere
2435 3128 2466 3164 a
2509 3113 2718 3167 mortuis
2760 3112 2904 3165 tertia
2932 3113 3030 3166 die.
3087 3110 3232 3166 Tene
3267 3120 3464 3181 caput:

1886 3204 2012 3259 audi
2055 3204 2122 3259 dc
2161 3219 2405 3274 corpore.
2438 3201 2573 3271 Quid
2608 3202 2749 3258 enim
2800 3201 2958 3256 modo
2987 3201 3244 3257 debemus
3284 3212 3469 3257 osten-

1886 3294 2055 3350 dere?
2083 3296 2182 3361 Qui
2213 3295 2508 3348 audivimus
2533 3308 2810 3363 Sponsum,
2838 3308 3185 3363 agnoscamus
3226 3303 3280 3348 et
3308 3308 3469 3363 Spon-

1885 3398 2020 3439 sam.
2059 3384 2126 3438 Et
2163 3385 2430 3455 prtedicari
2456 3385 2511 3438 in
2542 3385 2743 3438 nomine
2777 3385 2885 3453 ejus
2913 3386 3255 3453 pmnitentiam
3296 3395 3341 3439 et
3381 3403 3464 3437 re-

1885 3475 2171 3529 missionem
2224 3483 2557 3545 peccatorum.
2612 3474 2751 3530 Ubi?
2794 3474 2968 3527 undc?
3019 3475 3327 3544 quousque?
3370 3473 3460 3527 Per

1886 3581 2056 3618 omnes
2093 3573 2280 3634 gentes,
2310 3564 2660 3633 incipientibus
2700 3564 2762 3617 ab
2790 3562 3097 3617 Jerusalem.
3132 3566 3267 3619 Iiccc
3306 3565 3470 3618 hach

1886 3669 2156 3725 sponsam.
2182 3654 2348 3709 Nemo
2377 3654 2468 3708 tibi
2502 3653 2707 3707 fabulas
2734 3652 2945 3716 vendat,
2979 3668 3081 3707 nea
3112 3654 3264 3707 latret
3296 3655 3469 3708 rabies

1888 3743 2262 3800 haereticorum
2289 3742 2357 3797 de
2386 3742 2597 3813 angulo.
2628 3741 2765 3796 Toto
2791 3750 3053 3797 terrarum
3079 3743 3208 3797 orbe
3234 3743 3468 3798 Ecclesia

1885 3833 2071 3890 diﬂusa
2103 3842 2186 3889 est
2216 3851 2229 3887 :
2260 3848 2445 3888 omnes
2478 3842 2666 3904 gentes
2695 3831 2893 3886 habent
2917 3833 3205 3888 Ecclesiatn
3228 3835 3271 3886 '.
3303 3833 3470 3888 Nemo

1887 3941 1982 3981 vos
2010 3925 2156 3980 fallat
2182 3942 2195 3979 :
2226 3927 2337 3998 ipsa
2362 3935 2443 3980 est
2465 3940 2613 3990 vera,
2637 3924 2747 3993 ipsa
2768 3932 2854 3979 est
2880 3923 3173 3979 Catholica.
3197 3921 3466 3979 Christum

1887 4032 1990 4071 non
2020 4016 2265 4080 vidimus,
2297 4015 2433 4069 hanc
2455 4013 2697 4069 videmus
2722 4031 2735 4066 :
2764 4013 2831 4067 de
2870 4012 2958 4067 illo
2985 4012 3288 4068 credamus.
3320 4015 3465 4083 Apo-

1886 4110 2005 4165 stoli
2036 4126 2067 4164 c
2116 4116 2299 4163 contra
2362 4108 2506 4161 illum
2564 4104 2842 4168 videbant,
2889 4103 2956 4158 de
3010 4104 3107 4158 ista
3159 4104 3465 4159 credebant.

1888 4199 2058 4256 Unam
2094 4215 2208 4254 rem
2249 4198 2325 4252 illi
2352 4196 2623 4260 videbant,
2665 4195 2823 4249 aliam
2861 4195 3190 4250 credebant:
3219 4204 3272 4250 et
3313 4211 3411 4251 nos
3438 4211 3469 4251 e

1885 4300 2072 4349 contra
2110 4305 2271 4345 unam
2312 4304 2422 4345 rem
2463 4287 2726 4352 videmus,
2773 4286 2931 4339 aliam
2971 4285 3273 4340 credamus.
3314 4286 3468 4339 Vide-

1885 4384 2011 4437 bant
2041 4382 2113 4436 illi
2153 4378 2445 4443 Christum,
2483 4376 2772 4432 credebant
2810 4374 3124 4438 Ecclesiam,
3157 4390 3316 4443 quam
3361 4392 3465 4428 nun

1887 4470 2439 4529 videbantzvidcmus
2496 4479 2549 4524 et
2591 4481 2689 4522 nos
2732 4465 3049 4533 Ecclesium,
3089 4465 3370 4520 credamus
3415 4465 3464 4518 in

1883 4568 2174 4630 Christum,
2202 4579 2359 4634 quem
2396 4577 2500 4616 non
2529 4560 2809 4625 videmus;
2849 4566 2905 4614 et
2948 4565 3190 4613 tenentes
3221 4555 3361 4626 quod
3389 4557 3465 4608 vi-

1883 4659 2090 4724 demus,
2122 4655 2492 4726 perveniemus
2512 4651 2578 4707 ad
2604 4665 2726 4706 cum
2749 4664 2909 4720 quem
2936 4648 3174 4703 nondum
3201 4647 3461 4702 videmus.

1882 4753 2272 4822 Cognosccntes
2311 4748 2489 4817 itaque
2516 4759 2770 4815 sponsum
2800 4752 2855 4798 et
2881 4755 3155 4811 sponsam,
3189 4740 3239 4792 in
3273 4738 3465 4793 tabulis

1883 4857 2066 4898 eorum
2090 4856 2183 4896 eos
2210 4850 2579 4910 agnoscamus,
2611 4850 2680 4890 ne
2722 4834 2777 4888 in
2805 4842 2912 4887 tam
2937 4831 3136 4886 sanctis
3165 4829 3361 4896 nuptiis
3397 4829 3462 4879 li-

1882 4935 2124 5004 tigcmus.

2300 5016 2531 5075 δεηΜο
2558 5013 2867 5071 ccxxm
2895 5016 2914 5036 θ
2946 5012 3043 5084 (a).

2332 5140 2381 5182 tn
2403 5131 2578 5181 diebus
2599 5126 2915 5189 Paschalibus,
2940 5141 2990 5177 κ.

1884 5220 1962 5276 De
1992 5217 2371 5276 Resurrectione
2398 5212 2584 5270 Christi
2612 5212 2886 5266 secundum
2914 5210 3146 5265 Marcum
3174 5216 3221 5264 et
3245 5208 3457 5263 Lucam.

1952 5329 2178 5389 CAPUT
2215 5324 2493 5384 PRIMUM.
2517 5355 2588 5365 —-
2614 5324 2666 5380 1.
2696 5322 3013 5378 Resurrectio
3041 5322 3312 5376 secundum
3334 5337 3463 5394 qua.

1949 5471 1965 5504 ι
1989 5468 2061 5519 sic
2081 5465 2370 5527 plerumque
2387 5470 2588 5527 veteres
2609 5459 2917 5523 manuscripti
2934 5461 2983 5509 tn
2998 5472 3063 5510 eo
3075 5465 3212 5511 Iaca:
3225 5457 3355 5518 loco;
3375 5457 3460 5507 uht

1886 5531 2000 5582 editi
2022 5522 2206 5593 habere
2224 5522 2401 5593 solent,
2418 5522 2747 5593 manducata.

1947 5596 1968 5627 ²
1983 5594 2133 5641 Forte
2163 5586 2304 5638 habet
2317 5585 2551 5652 ἐπιθείη.
2615 5651 2639 5652 η
3101 5643 3115 5652 _
3149 5648 3155 5652 _
3318 5641 3345 5652 υ

1949 5657 1966 5673 ⁸
1991 5658 2242 5722 tim-rectus
2271 5648 2470 5722 ad.vat.,
2496 5651 2685 5695 AmJ-Zr.
2707 5655 2810 5698 rer.
2832 5652 2965 5707 Lov.,
2986 5652 3037 5696 et
3057 5643 3116 5693 ad
3137 5641 3458 5707 Appendicem

1887 5727 2095 5779 operum
2116 5712 2370 5771 Fulgentii.

1953 5777 2024 5842 (a)
2048 5775 2185 5836 Alias,
2200 5771 2264 5823 de
2286 5780 2519 5835 Tempore
2552 5769 2656 5820 HG.
