3926 6188
449 318 585 376 “27

448 445 560 486 tuor
584 429 930 502 Evaitgetistas
956 427 1155 483 recitari
1178 428 1344 482 solita.
1372 428 1639 482 Hodierno
1665 427 1750 482 die
1773 428 1882 496 jam
1908 441 2033 481 erce

448 524 606 578 tertio
635 522 930 576 audivimus
964 536 1026 574 ex
1057 519 1342 588 Evangelio
1370 517 1578 573 Demini
1608 520 1773 573 nostri
1797 533 2036 572 resurre-

447 619 676 670 ctionem
707 631 720 666 :
751 613 1194 680 qum-admodum
1226 627 1308 666 me
1336 611 1485 665 vobis
1513 612 1739 663 locutum
1768 625 1887 663 esse
1920 624 2033 661 me-

449 708 675 761 ministis
701 725 714 759 :
739 707 987 774 quoniam
1020 704 1120 758 hoc
1149 706 1311 756 moris
1336 714 1433 763 est,
1460 714 1514 755 ut
1538 702 1826 757 secundum
1852 713 2036 753 omnes

449 799 815 868 Evangelist..s
834 799 1154 852 resurrectio
1175 796 1377 848 Domini
1403 796 1670 848 recitetur.
1694 792 1851 846 Marci
1873 791 2034 844 Evan-

445 892 641 960 gelium
672 902 749 942 est
774 931 787 952 ,
817 890 954 958 quod
1004 888 1195 948 modo,
1236 901 1354 938 cum
1392 885 1681 953 legeretur,
1715 881 2031 933 audivimus.

448 980 656 1034 Μηιϊιις
696 992 871 1050 autem
913 979 1102 1031 met-uit
1136 979 1286 1029 istaut
1315 974 1800 1042 dispensationem,
1831 986 1952 1024 cum
1984 971 2037 1023 in

449 1090 672 1128 numero
697 1074 903 1125 illorum
928 1071 1210 1123 duodecim
1233 1084 1336 1121 non
1362 1068 1567 1129 fuisset,
1591 1063 2037 1134 quemadmodum

447 1176 499 1219 et
539 1165 727 1218 Lucas.
761 1164 890 1217 Nam
936 1178 1056 1217 cum
1099 1161 1203 1213 sint
1234 1174 1458 1226 qtunuor
1487 1155 1870 1225 EVﬂltgt‘liSlzc,
1907 1153 2035 1206 Mal.-

450 1258 618 1310 tltwns
639 1297 653 1319 ,
682 1254 945 1317 lumnas,
977 1254 1214 1314 Marcus,
1244 1261 1296 1303 et
1326 1250 1526 1315 Lucas;
1559 1248 1664 1327 duo
1694 1255 1816 1299 sunt
1844 1261 1907 1298 ex
1938 1243 2039 1296 illis

448 1345 728 1399 duodecim
754 1344 1041 1412 Apostolis,
1073 1343 1121 1395 id
1150 1352 1248 1397 cst.
1276 1340 1552 1394 Maztlurus
1579 1348 1632 1390 et
1653 1338 1904 1390 Joannes.
1933 1333 2040 1387 Sed

451 1436 658 1488 iilorum
686 1436 967 1503 pra'rc~siu
991 1435 1264 1486 infecunda
1298 1447 1399 1483 non
1430 1430 1544 1495 fuit,
1571 1439 1625 1482 ut
1651 1436 2041 1494 consequentes

450 1528 674 1581 comites
703 1544 805 1581 non
838 1526 1114 1578 Itala-rent.
1147 1524 1357 1577 Marcus
1385 1532 1438 1576 ct
1470 1524 1633 1575 Lucas
1662 1519 2038 1588 Apostolorum

450 1633 557 1671 non
582 1634 738 1686 pares
758 1658 772 1680 ,
805 1618 896 1669 ενι]
929 1630 1187 1687 suppares
1216 1614 1446 1666 fuerunt.
1478 1612 1598 1665 Ideo
1626 1625 1853 1678 namque
1879 1607 2042 1662 Voluit

452 1708 682 1775 Spiritus
706 1718 922 1759 Sanctus
952 1709 1110 1760 etiam
1136 1721 1201 1759 ex
1233 1704 1314 1757 his
1339 1703 1426 1772 qui
1459 1703 1596 1755 inter
1622 1701 1900 1756 dtlodet'ittt
1934 1713 2041 1753 non

420 1842 423 1845 η
452 1799 687 1861 fuerunt,
721 1799 917 1866 eligere
946 1797 1011 1849 ad
1044 1797 1385 1865 Evangelium
1419 1793 1856 1846 conserdtendum
1881 1790 2035 1856 duos,

453 1904 521 1940 ne
555 1896 828 1954 putari-tur
855 1886 1024 1954 gratia
1054 1883 1448 1952 evangehzandi
1478 1897 1640 1949 usque
1665 1881 1729 1932 ad
1758 1883 1794 1931 Α
1808 1878 2043 1947 postules

454 1981 794 2050 pervenisse,
827 1988 881 2032 ct
918 1978 968 2030 in
1013 1978 1115 2029 illis
1156 1979 1349 2029 fontem
1388 1974 1571 2043 gratiae
1599 1972 1875 2026 defecisse.
1908 1969 2042 2024 Cum

454 2070 598 2124 enim
629 2069 772 2122 dicat
799 2063 1055 2121 Dominus
1093 2066 1159 2119 de
1198 2067 1383 2134 spiritu
1425 2080 1523 2117 suo
1553 2073 1606 2116 et
1634 2061 1700 2115 de
1733 2061 1894 2115 verbo
1922 2076 2040 2126 suo,

454 2158 594 2229 quod
638 2158 682 2211 si
721 2174 840 2226 quis
872 2157 1165 2225 perceperit
1194 2156 1455 2221 digneque
1483 2151 1761 2213 habuerit,
1793 2151 1876 2217 ﬁet
1905 2150 1955 2201 in
1986 2164 2043 2201 eo

454 2254 568 2321 fons
605 2264 750 2318 aqua:
787 2248 1017 2301 salientis
1053 2248 1103 2300 in
1132 2247 1283 2299 vitam
1309 2255 1547 2299 attentam
1595 2240 1775 2314 (Joan.
1805 2256 1879 2304 tv,
1914 2240 1998 2311 H)
2027 2257 2040 2293 :

457 2342 576 2395 foes
609 2342 789 2408 utiqtte
817 2339 1079 2391 manando
1102 2354 1158 2390 se
1184 2337 1399 2402 indicat,
1430 2351 1532 2388 non
1558 2334 1881 2400 remanendo
1909 2351 1921 2385 :
1951 2348 2045 2401 per

456 2432 741 2499 Apostolus
771 2431 1010 2499 pervenit
1032 2431 1199 2499 gratia
1227 2428 1291 2479 ad
1316 2427 1468 2490 alios,
1498 2433 1549 2479 ιιι
1573 2426 1716 2479 IuiSsi
1740 2435 1859 2478 sunt
1886 2440 2046 2479 evan-

453 2522 704 2590 gelizare.
737 2520 997 2587 Quoniam
1029 2519 1118 2587 qui
1163 2518 1371 2570 voravit
1416 2517 1644 2584 primos,
1679 2516 1790 2583 ipse
1836 2516 2046 2568 vocavit

455 2611 722 2667 secundos
754 2627 766 2663 :
802 2611 912 2675 ipse
944 2592 1150 2664 vocavit
1189 2608 1347 2661 etiam
1388 2622 1553 2676 u~que
1592 2605 1656 2659 ad
1700 2605 2045 2659 novissimum

458 2711 667 2771 tempus
693 2714 886 2768 corpus
914 2698 1181 2768 Unigeniti
1220 2698 1335 2761 sui,
1371 2696 1421 2750 id
1456 2706 1571 2762 est,
1612 2695 1903 2750 Ecclesium
1935 2703 2046 2748 toto

453 2791 585 2844 Orbe
614 2790 881 2844 tlilfusam.

527 2883 753 2936 CAPUT
786 2882 847 2936 ll.
873 2912 942 2921 -—
967 2881 1022 2934 ‘2.
1050 2879 1277 2936 Christus
1304 2887 1354 2933 tu
1380 2881 1524 2951 panis
1556 2880 1793 2932 fractione
1812 2881 2047 2949 agnoscin
2095 2894 2101 2899 '

456 2983 557 3027 tur.
589 2972 783 3041 Hospes
806 2990 911 3027 esse
930 2971 1160 3027 Christus
1182 2988 1272 3024 cur
1291 2972 1519 3024 voluerit.
1543 2971 1677 3037 Quid
1699 2985 1827 3038 ergo
1847 2970 2047 3022 audiri~

457 3081 575 3119 ntus
608 3065 837 3119 Marcum
870 3064 1133 3118 dicentum
1155 3064 1179 3114 ?
1203 3063 1352 3128 Quod
1381 3062 1686 3129 apparuerit
1714 3061 1754 3113 D
1779 3075 1968 3112 .tnmus
1994 3061 2045 3113 in

456 3156 538 3210 via
572 3156 814 3219 duobus,
846 3157 980 3209 sicut
1021 3156 1153 3207 dixit
1181 3163 1234 3207 et
1266 3154 1465 3215 Lucas,
1509 3153 1660 3220 cujus
1704 3150 2046 3219 Emugclium

458 3244 571 3298 beri
598 3245 893 3298 audivimus
923 3262 936 3297 :
969 3246 1243 3312 Apparuit,
1277 3244 1462 3311 inquit,
1490 3242 1681 3296 duobus
1702 3243 1750 3295 in
1773 3243 1850 3294 ria
1872 3242 1921 3294 in
1944 3240 2047 3294 alia

456 3336 615 3406 ejﬁgie
646 3335 835 3406 (Marc.
865 3350 984 3392 xvt.
1014 3335 1127 3405 1‘2).
1163 3335 1331 3387 Lucas
1361 3343 1537 3386 autem
1581 3332 1681 3386 hoc
1720 3332 1889 3400 ipsum
1931 3332 2047 3385 aliis

457 3427 631 3480 verbis
676 3425 846 3490 dixit,
893 3424 986 3478 ενι]
1028 3425 1094 3477 ab
1138 3424 1323 3477 eadem
1366 3423 1626 3476 sententia
1665 3437 1768 3475 non
1798 3422 2044 3475 deviavit.

456 3514 625 3570 Lucas
645 3516 785 3568 enim
811 3514 937 3584 quid
961 3515 1130 3568 dixit?
1150 3513 1467 3567 Tenebantur
1487 3513 1618 3565 oculi
1640 3529 1830 3576 eorum,
1854 3531 1915 3565 ne
1933 3529 2046 3566 eunt

454 3616 778 3677 agnoscerent
811 3605 959 3677 (an.
989 3620 1135 3668 xxnv,
1168 3605 1273 3674 l6).
1305 3605 1506 3659 Marcus
1532 3613 1709 3656 antem
1735 3603 1855 3665 quid
1879 3603 2044 3657 dixit?

455 3697 709 3766 Apparuit
726 3697 804 3770 eis
836 3696 888 3749 in
912 3694 1016 3749 alia
1042 3695 1215 3766 eﬂigie.
1250 3694 1400 3761 Quod
1428 3696 1514 3747 ille
1542 3693 1695 3758 dixit,
1732 3691 2050 3747 Tenebantur

455 3789 591 3842 oculi
615 3805 807 3854 eorum,
832 3805 895 3842 ne
914 3805 1026 3841 eum
1046 3796 1407 3857 agnoscerent;
1437 3786 1538 3841 hoc
1567 3787 1665 3841 iste
1687 3785 1837 3847 dixit,
1870 3785 1923 3838 in
1945 3785 2048 3839 alia

457 3879 630 3949 eﬁgie.
665 3879 779 3933 Alia
808 3881 950 3933 enim
977 3877 1183 3947 effigies
1212 3878 1321 3930 visa
1349 3886 1450 3934 est.
1480 3878 1699 3930 retentis
1723 3875 1912 3938 oculis,
1941 3866 2061 3930 non“

454 3974 654 4040 apertis
681 3971 716 4021 '.
749 3969 885 4037 Quid
926 3985 1050 4031 ergo
1071 4011 1083 4030 ,
1127 3969 1319 4022 fratres
1340 4009 1354 4030 ,
1385 3966 1632 4036 quoniam
1678 3965 1848 4021 Lucas
1889 3965 2042 4033 dixit,

454 4060 596 4130 quod
622 4060 784 4114 tredo
813 4076 908 4112 vos
934 4059 1000 4114 de
1026 4059 1251 4113 lectione
1275 4058 1520 4112 hesterna
1548 4056 1911 4110 recentissimo
1934 4073 2047 4111 tne-

456 4152 712 4212 ntinisse,
758 4151 900 4221 quod
956 4167 1075 4204 cum
1131 4150 1464 4204 benedictum
1517 4146 1784 4217 frangeret
1831 4162 2042 4215 panem,

456 4244 624 4310 aperti
653 4255 775 4297 sunt
802 4244 941 4299 oculi
964 4259 1182 4307 eorum;
1212 4241 1336 4312 qtnd
1365 4252 1623 4310 putamus.
1658 4240 1700 4294 si
1730 4250 1849 4293 tunc
1874 4243 2042 4309 aperti

455 4346 579 4392 sunt
606 4339 744 4392 oeuli
779 4354 963 4393 eorum
984 4380 999 4403 ,
1039 4353 1167 4408 ergo
1195 4341 1388 4390 clausis
1415 4338 1582 4390 oculis
1612 4337 1666 4390 in
1692 4338 1772 4388 via
1804 4352 1922 4389 cum
1955 4336 2045 4392 illo

454 4429 863 4491 condtabantnr,
895 4440 949 4483 et
977 4437 1217 4496 poterant
1242 4429 1380 4482 seire
1408 4429 1490 4479 ubi
1520 4443 1734 4497 gressus
1762 4438 2040 4497 ponerent,

454 4517 498 4571 si
522 4518 734 4572 clausos
755 4520 937 4572 oculos
965 4517 1261 4572 haberent?
1293 4518 1472 4584 Aperti
1498 4527 1620 4572 sunt
1640 4535 1766 4589 ergo
1786 4519 1850 4573 ad
1871 4521 2044 4589 cogni-

457 4608 677 4670 tionem,
703 4625 807 4662 non
829 4608 894 4661 ad
918 4609 1196 4661 visionem.
1222 4608 1475 4662 Dominus
1496 4608 1670 4678 itaque
1690 4622 1871 4666 nosmr
1888 4611 2043 4666 Jesus

400 4740 405 4745 .
454 4698 701 4752 Christus
738 4708 863 4752 ante
905 4699 1054 4767 panis
1086 4697 1393 4752 fractiouent
1426 4699 1632 4768 ignotus
1665 4700 1891 4769 loquitur
1918 4718 2040 4758 cum

455 4788 795 4856 hominibus,
843 4790 893 4844 in
938 4791 1090 4860 panis
1127 4791 1381 4846 fractione
1409 4796 1748 4861 cognoscitur
1776 4813 1789 4847 :
1819 4795 1938 4865 quia
1969 4796 2039 4851 ibi

455 4882 883 4955 pcrcipitur.pubi
915 4882 1017 4935 vita
1048 4892 1244 4937 :eterna
1276 4883 1563 4953 percipitur
1583 4885 1623 4936 ’.
1656 4884 1895 4955 Hospitio
1923 4902 2044 4940 sus-

452 4974 664 5043 cipitur,
689 4975 776 5045 qui
804 4974 1018 5027 domum
1050 4984 1196 5043 parat
1224 4974 1275 5028 in
1303 4976 1457 5029 emit).
1486 4977 1727 5030 Aitcnim
1750 4977 2038 5031 secundum

452 5065 830 5130 evangelistam
872 5064 1130 5119 Joannem
1164 5083 1188 5121 .:
1231 5064 1409 5119 Multa:
1438 5067 1721 5120 mansiones
1750 5077 1865 5120 sunt
1902 5069 2040 5137 apud

458 5152 660 5208 Patrem
679 5172 843 5208 meum
867 5171 883 5209 :
908 5157 1132 5226 alioquin
1156 5156 1369 5210 dicerem
1394 5156 1547 5222 vobis,
1577 5155 1670 5209 Ibo
1698 5174 1880 5225 parare
1906 5158 2039 5213 vobis

451 5246 638 5299 locum.
668 5244 774 5300 Sed
798 5247 842 5299 si
864 5246 968 5300 iero
990 5258 1035 5300 et
1057 5263 1318 5317 paravero,
1351 5249 1529 5301 iterum
1559 5250 1755 5301 veniens
1786 5265 2039 5303 assumant

451 5352 535 5389 vos
570 5334 743 5407 (Joan.
775 5351 883 5399 xw.
916 5338 972 5404 2,
1005 5339 1081 5408 5).
1115 5337 1318 5407 Hospes
1344 5336 1395 5391 in
1425 5349 1562 5392 terra
1591 5353 1710 5391 esse
1740 5339 1903 5392 voluit
1931 5340 2035 5393 Do-

452 5430 627 5483 minus
663 5431 810 5497 cmli,
853 5431 1159 5500 peregrinus
1199 5430 1249 5483 in
1293 5429 1519 5494 mundo,
1554 5446 1646 5498 per
1676 5445 1831 5500 quem
1869 5427 2036 5485 factus

514 5569 530 5598 ι
561 5573 623 5614 tta
642 5580 803 5616 sermo
822 5567 901 5625 57,
927 5566 976 5629 in
1001 5566 1270 5627 Apreudicc
1295 5565 1519 5615 editionis
1552 5572 1762 5629 Operam
1799 5565 2034 5629 r‘ulgehtii

452 5630 819 5698 reeetttissitnte.
840 5635 900 5698 fit
924 5627 1001 5676 hic
1141 5636 1212 5675 lit‘.
1240 5635 1291 5677 et
1313 5634 1451 5698 Lov.1
1455 5626 1753 5698 uppareatis.

378 5728 386 5737 .
445 5688 869 5796 ‘iétnlntlgcntii
894 5690 1183 5750 Appendiee,
1220 5701 1380 5739 sertno
1424 5688 1503 5750 37,
1526 5688 1635 5754 quia
1676 5688 1741 5738 ibi
1774 5688 2034 5755 percipitur

464 5757 473 5771 ‘
563 5759 762 5796 wenm.

464 5757 543 5796 tua
563 5757 762 5797 wtcnm.

1688 318 1743 372 S.
1779 315 1920 371 ’.ωε
1934 313 2146 370 L'STINI
2188 314 2487 371 EPISCOPI

3575 326 3696 386 nes

2142 437 2223 480 cst
2253 425 2483 480 mundus
2515 445 2526 478 :
2557 426 2751 496 hospes
2780 442 2899 483 esse
2926 428 3168 499 dignatus
3194 440 3275 485 est
3296 474 3309 498 ,
3342 442 3397 487 ιιι
3422 442 3472 488 ιιι
3497 435 3702 497 haberes

2140 517 2480 585 suscipiendo
2525 516 2989 586 benedictionem;
3024 536 3126 576 non
3157 522 3279 592 quia
3316 523 3400 579 ille
3439 526 3699 601 indigebat,

2143 625 2263 662 cum
2296 608 2489 678 hoSpes
2524 608 2770 664 intrabat.

2214 705 2438 760 CAPUT
2481 704 2569 759 Ill.
2600 736 2671 746 --
2701 707 2753 760 5.
2784 705 2928 761 Elius
2957 709 3026 762 ad
3055 709 3256 763 viduam
3287 713 3492 765 mittitur
3515 732 3701 781 pascen-

2142 797 2236 850 dus
2257 837 2270 858 .
2312 807 2364 849 ut
2405 798 2697 866 bene/icium
2733 811 2995 869 pra'stetur
3023 804 3264 873 pascenti.
3299 805 3463 858 lilium
3490 821 3699 865 Sanctum

2142 886 2297 942 famis
2319 899 2554 957 tempore
2576 905 2669 959 per
2689 906 2906 945 corvum
2929 894 3181 948 Dominus
3197 897 3448 966 pascebat
3472 916 3485 951 :
3505 912 3549 952 et
3565 916 3700 970 quem

2145 982 2596 1048 persequebantur
2619 983 2884 1047 homines.
2907 986 2955 1040 ei
2980 988 3280 1042 serviebant
3302 1006 3445 1044 aves.
3466 994 3699 1052 Alferebat

2143 1084 2300 1124 servo
2325 1071 2416 1124 ι)ρί
2446 1086 2638 1127 corvus
2666 1090 2824 1129 mane
2851 1091 3034 1145 panes,
3058 1088 3111 1132 et
3136 1079 3201 1131 ad
3229 1094 3500 1147 vestierunt
3518 1098 3697 1141 rantes.

2141 1158 2256 1213 Non
2296 1161 2563 1229 indigebat
2590 1179 2720 1233 ergo
2750 1166 2836 1218 ille
2857 1206 2872 1231 ,
2899 1182 3056 1235 quem
3100 1168 3239 1223 Deus
3268 1170 3520 1225 ministris
3542 1176 3697 1230 avibus

2145 1252 2394 1319 pascebat
2420 1271 2432 1305 :
2454 1263 2509 1306 et
2535 1264 2711 1307 tamen
2739 1259 2978 1325 quamvis
3006 1259 3146 1311 Elias
3172 1276 3276 1312 non
3307 1261 3572 1329 indigeret.
3597 1266 3696 1321 tuit-

2145 1342 2269 1394 titur
2288 1341 2354 1394 ad
2377 1342 2584 1395 viduam
2611 1345 2659 1397 in
2682 1343 2923 1413 Sat-cpta.
2953 1357 3003 1401 et
3024 1347 3217 1401 dicitur
3236 1349 3309 1412 ei,
3350 1348 3384 1401 ν
3389 1352 3482 1404 ade
3499 1355 3561 1404 ad
3575 1355 3695 1408 iliaat

2144 1434 2366 1496 riduam,
2400 1446 2567 1503 pascet
2591 1446 2656 1489 te.
2694 1436 2970 1492 Defecerat
2993 1439 3150 1499 Deus.
3178 1451 3233 1493 ut
3262 1441 3407 1499 Elius
3433 1444 3493 1495 ad
3517 1445 3695 1499 viduam

2144 1527 2483 1581 mitteretur?
2508 1527 2612 1582 Sed
2638 1528 2684 1582 si
2712 1529 2851 1584 Dens
2878 1544 3034 1584 Servo
3059 1547 3156 1585 suo
3180 1533 3297 1586 sine
3323 1532 3543 1588 lunuano
3563 1538 3696 1590 mini-

2144 1618 2309 1670 sterio
2347 1633 2559 1687 semper
2603 1620 2862 1686 praeberet
2905 1637 3094 1691 panem
3115 1664 3131 1688 ,
3162 1624 3319 1676 vidua
3348 1626 3484 1679 unde
3511 1627 3699 1684 haberet

2144 1709 2446 1764 mercedem
2463 1711 2488 1763 ?
2511 1710 2733 1767 Mittitur
2752 1729 2879 1783 ergo
2904 1730 3009 1768 non
3039 1716 3279 1785 indigens
3299 1718 3365 1771 ad
3388 1719 3693 1790 indigentem,

2146 1816 2252 1855 non
2280 1802 2523 1858 esuriens
2549 1804 2614 1858 ad
2641 1806 3000 1869 esurientem;
3040 1815 3098 1862 et
3122 1809 3252 1862 dicit
3279 1810 3344 1863 ad
3374 1827 3488 1864 eam
3515 1831 3526 1865 :
3562 1812 3695 1882 Vade,

2145 1900 2189 1945 et
2230 1890 2360 1956 a/Ter
2401 1894 2526 1947 mihi
2572 1897 2852 1962 pusillum,
2893 1909 2947 1951 ut
2987 1902 3303 1956 manducent.
3348 1904 3438 1958 Illa
3465 1906 3696 1961 modicum

2148 1983 2407 2051 habebat,
2436 1988 2577 2055 quod
2605 1999 2977 2060 consumptnra
3012 1992 3211 2057 fuerat,
3239 2006 3293 2048 et
3320 1974 3577 2052 moritura.
3608 2000 3699 2054 lle-

2145 2076 2378 2144 spoudit,
2406 2090 2660 2147 quantum
2691 2080 2931 2146 haberet.
2959 2084 3235 2153 prophette
3260 2087 3516 2143 intimavit
3539 2112 3551 2142 :
3572 2101 3622 2145 et
3639 2094 3702 2146 ait

2147 2165 2222 2219 illi
2253 2169 2505 2236 propheta
2524 2211 2539 2235 ,
2578 2168 2738 2232 Vade.
2769 2174 2912 2241 prius
2941 2175 3071 2240 a/Ier
3096 2179 3238 2230 milii.
3274 2178 3364 2232 Illa
3392 2196 3492 2235 nou
3515 2182 3703 2235 dubita-

2146 2257 2242 2319 vit,
2279 2259 2371 2313 sed
2399 2261 2593 2314 attulit.
2627 2262 2830 2318 Obtulit
2861 2265 3237 2332 refectiOncm,
3268 2281 3323 2324 ct
3351 2274 3531 2325 mentit
3560 2274 3705 2328 licue-

2147 2349 2457 2406 dictionem.
2500 2353 2775 2409 Benedixit
2814 2368 3030 2413 sanctos
3064 2360 3209 2416 Elias
3251 2362 3483 2433 hydriam
3522 2365 3707 2430 farina,

2147 2448 2202 2495 et
2227 2456 2502 2509 capsacem
2532 2445 2658 2499 olei.
2692 2445 2824 2500 Illud
2864 2448 2915 2502 in
2953 2450 3114 2503 domo
3141 2455 3431 2520 repositqu
3460 2466 3566 2509 erat
3592 2471 3711 2510 (ιιιιι⁴

2147 2533 2500 2599 sumendum;
2545 2545 2599 2590 ct
2642 2537 2767 2591 illud
2811 2539 2987 2594 oleum
3021 2540 3072 2594 in
3104 2542 3224 2611 palo
3254 2546 3511 2612 ptutdeltat
3537 2548 3711 2600 finien-

2149 2620 2274 2676 dum
2306 2641 2325 2677 τε
2348 2626 2573 2679 accessit
2616 2625 2916 2684 benedicdo
2937 2673 2951 2695 ,
2979 2639 3035 2685 et
3064 2646 3185 2685 vasa
3222 2633 3311 2687 illa
3354 2634 3575 2690 thesauri
3605 2637 3719 2689 facti

2148 2723 2272 2768 sunt
2294 2716 2332 2767 ί.
2359 2715 2659 2787 Laguucula
2688 2718 2791 2773 olei
2821 2721 2952 2775 facta
2980 2736 3062 2776 est
3091 2722 3209 2777 fons
3234 2726 3357 2787 olei,
3386 2726 3542 2780 farina
3565 2743 3718 2798 pana

2150 2805 2445 2862 uberrimas
2473 2821 2680 2879 segetes
2710 2814 2976 2879 superavit
3009 2813 3099 2884 (111
3129 2814 3255 2885 Reg.
3281 2819 3435 2887 xvu).

2217 2897 2445 2954 CAPUT
2475 2900 2560 2954 ιν.
2597 2931 2669 2941 -
2698 2903 2750 2957 4.
2784 2904 2951 2974 Super
2985 2922 3255 2978 pauperem
3282 2926 3383 2962 non
3407 2927 3509 2965 sese
3529 2910 3720 2976 efferat.

2148 2989 2237 3059 qui
2267 2988 2431 3057 ipsum
2451 2992 2619 3060 juvat.
2660 2993 2715 3047 Si
2748 2994 2887 3049 Elias
2920 3012 3023 3049 non
3057 2998 3355 3068 indigebat,
3383 2999 3623 3055 Christus
3649 3019 3726 3056 tn-

2147 3080 2399 3150 (ligabat?
2442 3082 2566 3137 Ideo
2586 3125 2601 3144 ,
2651 3084 2845 3140 fratres
2889 3088 3029 3151 mei,
3062 3089 3311 3144 admonet
3341 3108 3438 3147 nos
3464 3092 3724 3161 Scriptura

2149 3186 2333 3230 sancta
2353 3218 2366 3237 .
2397 3175 2516 3245 quin
2550 3178 2860 3248 plerumque
2889 3188 3074 3234 servos
3101 3195 3226 3237 suos
3264 3198 3400 3252 quos
3438 3194 3605 3253 potest
3634 3198 3723 3252 pa-

2148 3279 2300 3320 scere
2327 3266 2485 3331 Deus,
2520 3267 2637 3321 ideo
2667 3268 2782 3322 facit
2819 3269 3135 3338 indigentes,
3167 3279 3223 3325 ut
3253 3273 3478 3328 inveniat
3504 3290 3721 3341 operae.

2151 3365 2249 3411 tes.
2276 3355 2446 3411 Nemo
2469 3359 2760 3426 superbiat,
2790 3361 2909 3428 quia
2934 3361 3022 3415 dat
3049 3358 3267 3432 pauperi
3297 3383 3314 3417 :
3340 3363 3572 3420 Christus
3599 3380 3723 3435 pau-

2151 3461 2245 3516 per
2290 3450 2402 3501 fuit.
2445 3449 2614 3502 Nemo
2651 3452 2958 3519 superbiat,
3008 3455 3128 3523 quia
3174 3455 3434 3523 hOSpitem
3475 3457 3717 3525 suscipit:

2149 3537 2389 3592 Christus
2411 3537 2604 3607 hospes
2628 3539 2678 3593 fu
2705 3551 2741 3592 t.
2768 3541 2954 3595 Melior
2971 3554 3050 3595 est
3071 3553 3369 3613 susceptus,
3391 3561 3538 3615 quam
3559 3548 3717 3600 sus-ci»

2152 3632 2336 3699 piens;
2364 3629 2525 3685 ditirr
2547 3634 2833 3700 accipiens,
2858 3650 3014 3701 quam
3045 3635 3275 3690 tradens.
3301 3637 3398 3705 Qui
3420 3639 3707 3707 accipiebat,

2148 3731 2335 3776 cuncta
2370 3722 2669 3791 possidebat
2697 3726 2820 3792 :qui
2847 3725 3025 3791 dabat,
3054 3726 3122 3780 ab
3148 3727 3237 3782 illo
3264 3730 3349 3782 cui
3376 3730 3545 3788 dabat.
3570 3744 3710 3783 accc-

2150 3822 2299 3883 perat
2327 3813 2466 3883 quod
2496 3814 2674 3869 dabat.
2704 3815 2872 3869 Nemo
2901 3833 3030 3887 ergo
3057 3820 3328 3887 superbiat
3346 3864 3359 3884 ,
3390 3821 3564 3875 fratres
3590 3821 3703 3881 mei.

2148 3904 2360 3972 quando
2383 3905 2473 3957 dat
2503 3911 2716 3976 pauperi
2748 3925 2761 3961 :
2793 3923 2896 3961 non
2917 3910 3053 3965 dicat
3085 3911 3134 3963 in
3161 3914 3339 3967 animo
3359 3928 3472 3978 suo,
3500 3914 3601 3983 Ego
3621 3913 3695 3977 do,

2150 3994 2239 4049 ille
2262 3997 2485 4065 accipit;
2512 4013 2611 4066 ego
2638 3999 2890 4066 suscipio,
2919 4001 3007 4053 ille
3033 4001 3229 4072 indiget
3256 4012 3416 4059 tecto.
3449 4004 3593 4058 Forte
3611 4016 3693 4071 qut

2150 4098 2202 4141 tu
2233 4089 2466 4159 indiges,
2504 4091 2617 4157 plus
2642 4100 2741 4144 est.
2776 4090 2937 4145 Forte
2964 4109 3120 4161 quem
3151 4096 3378 4164 suscipis
3410 4096 3568 4164 justus
3592 4104 3695 4148 est:

2148 4181 2236 4236 ille
2284 4181 2478 4251 indiget
2526 4198 2694 4251 pane,
2745 4193 2797 4237 tu
2843 4185 3099 4249 veritate;
3132 4188 3220 4241 ille
3249 4188 3444 4259 indiget
3470 4197 3691 4251 tecto,tu

2148 4275 2319 4340 cado;
2354 4275 2440 4329 ille
2470 4276 2662 4346 indiget
2693 4280 2936 4348 pecunia,
2973 4290 3024 4332 tu
3053 4281 3270 4348 iustitia.

2218 4368 2271 4421 5.
2307 4366 2659 4420 Fenerandunt
2703 4369 2827 4423 Deo.
2875 4370 3163 4424 Fenemtor
3200 4385 3350 4436 esto,
3390 4389 3533 4443 eroga
3572 4370 3688 4442 ιμιού

2148 4459 2392 4527 recipias.
2422 4459 2537 4513 Noli
2567 4461 2772 4527 timere,
2802 4478 2869 4515 nc
2896 4471 2947 4516 tc
2974 4464 3325 4519 feneratorem
3350 4467 3533 4534 judicet
3554 4465 3686 4516 licus.

2146 4550 2393 4616 Prorsus,
2420 4569 2635 4621 prorsus
2661 4563 2775 4608 esto
2805 4554 3074 4609 fenerator
3093 4558 3132 4607 ⁸.
3164 4557 3268 4611 Sed
3295 4558 3431 4611 Deus
3454 4559 3533 4612 tibi
3551 4555 3682 4610 dicit:

2146 4642 2281 4710 Quid
2327 4643 2443 4697 vis?
2491 4644 2754 4700 Feuerare
2794 4647 2913 4699 vis?
2953 4646 3089 4715 Quid
3130 4656 3212 4701 est
3250 4649 3521 4704 fenerate?
3546 4647 3682 4701 Minas

2144 4735 2292 4796 dare.
2326 4729 2381 4790 et
2412 4737 2525 4804 plus
2555 4737 2814 4804 accipere.
2850 4738 2983 4792 Ecce
3014 4738 3140 4792 mihi
3170 4738 3252 4802 da,
3282 4740 3411 4794 dicit
3436 4741 3520 4794 tibi
3544 4740 3678 4792 Deus:

2146 4841 2245 4895 ego
2273 4829 2473 4896 accipio
2502 4828 2706 4891 minus.
2741 4838 2793 4883 et
2822 4829 2890 4882 do
2919 4830 3051 4899 plus.
3084 4831 3257 4898 Quid?
3283 4833 3619 4902 Ceutuplieia,
3642 4836 3689 4880 ct

2145 4920 2304 4971 vitam
2333 4927 2583 4973 :cteruam
2610 4920 2651 4971 ³.
2681 4921 2848 4989 Quem
2877 4922 3068 4991 qnzcris
3094 4924 3176 4975 cui
3205 4924 3327 4988 des,
3357 4925 3493 4977 uude
3517 4928 3695 4977 cresm

2145 5012 2364 5079 pecunia
2390 5024 2496 5075 tua,
2528 5012 2686 5067 homo
2712 5030 2867 5082 quem
2895 5016 3107 5083 quzeris,
3133 5017 3345 5084 quando
3369 5017 3568 5084 accipit,
3591 5030 3701 5083 gau-

2143 5103 2266 5165 det;
2296 5104 2507 5173 quando
2534 5104 2737 5165 reddit,
2769 5105 2935 5173 plorat
2962 5124 2975 5159 :
3005 5116 3057 5159 ut
3084 5108 3325 5176 accipiat,
3353 5116 3620 5176 precatur;
3647 5121 3708 5160 ne

2042 5236 2051 5245 .
2141 5195 2348 5261 reddat,
2377 5196 2732 5250 calumniatur
2752 5197 2845 5266 (a).
2874 5198 2945 5251 Da
2971 5198 3184 5267 quidem
3210 5208 3263 5252 et
3290 5199 3506 5261 homini,
3533 5208 3583 5252 et
3608 5200 3709 5253 noli

2143 5296 2194 5342 tc
2214 5298 2452 5341 avertere
2473 5288 2538 5342 ab
2558 5304 2622 5342 co
2643 5289 2731 5357 qui
2754 5299 2989 5343 mutuum
3016 5292 3144 5358 petit
3167 5288 3380 5360 (Matth.
3402 5307 3455 5356 v,
3477 5290 3587 5359 42).
3609 5289 3711 5347 Sed

2138 5464 2171 5527 Γ
2206 5401 2236 5512 ιι
2247 5402 2545 5513 ιιέαξῗιίειιιιο
2574 5400 2697 5452 libro
2713 5439 2726 5464 ,
2750 5407 2795 5453 ct
2832 5399 2956 5451 illud
2978 5403 3106 5466 quod
3126 5411 3232 5454 erat
3251 5402 3489 5454 uindicauit
3510 5402 3715 5459 tam

2161 5477 2255 5513 act
2350 5476 2364 5512 ι
2388 5497 2400 5509 .

2161 5476 2255 5513 αειι
2276 5476 2400 5513 sunt.

2206 5528 2225 5556 ³
2245 5532 2318 5572 Er.
2354 5525 2499 5591 Lugd.
2536 5533 2652 5575 Ven.
2694 5533 2827 5587 Lov.,
2853 5534 3057 5577 Prorsus
3078 5533 3177 5577 esto
3196 5529 3473 5591 [επεν-σωκ
3508 5540 3605 5577 non
3628 5530 3719 5580 ite-

2098 5642 2105 5659 Ι
2141 5589 2436 5659 rato__verbo.
2454 5600 2680 5659 prorsus.
2752 5597 2806 5639 Μ.

2204 5650 2224 5680 ³
2244 5655 2315 5696 Er.
2338 5648 2492 5757 ιιιςικΙ
2508 5657 2623 5698 \‘en.
2648 5657 2758 5699 Lov.
2783 5652 3176 5713 tetetermittunt,
3203 5650 3495 5716 (attupliria
3516 5657 3559 5699 et
3577 5648 3715 5705 vitam

2204 5722 2387 5757 emam.
2457 5745 2463 5757 ι
2498 5747 2509 5757 .

2234 5724 2246 5756 ι
2376 5745 2387 5757 .
2457 5718 2509 5758 ι.

2139 5717 2429 5834 “ﬁngite
2472 5718 2827 5825 iznarrationem
2850 5788 2899 5825 tn
2934 5774 3165 5824 rsalmum
3207 5774 3289 5837 56,
3318 5788 3466 5826 scrin.
3489 5775 3534 5835 3,
3576 5788 3621 5825 ιι.
3665 5773 3713 5828 6.
