3926 6188
269 363 408 423 1120

265 488 471 535 tantum
501 476 681 547 accipe
703 516 719 540 ,
751 481 1004 545 quantum
1033 469 1245 525 dedisti.
1290 469 1401 523 Non
1443 469 1610 537 ploret
1644 468 1727 521 cui
1756 465 1850 522 de-

263 570 389 626 disti
424 587 438 622 :
472 583 594 622 nam
636 564 948 622 beneficium
991 560 1283 633 perdidisti.
1337 560 1401 614 Et
1443 560 1486 613 si
1535 559 1637 613 hoc
1677 558 1849 628 ipsum

261 658 410 733 quod
438 660 618 714 datum
648 665 763 723 est,
793 655 879 711 vel
906 653 1047 725 quod
1090 653 1293 722 accepit
1328 651 1586 720 exigitur,
1614 648 1750 703 forte
1783 646 1850 701 ad

262 769 479 809 mamnn
507 748 739 806 nondum
763 748 922 802 habet
950 765 963 800 :
993 745 1252 815 pertulisti
1280 751 1566 812 petentem,
1599 746 1850 809 exspecta

263 861 371 899 non
410 844 692 899 habentem
733 859 746 895 :
783 854 904 894 eum
946 835 1219 899 habuerit,
1254 832 1440 889 reddet
1475 831 1564 887 tibi
1600 828 1701 902 (ιι).
1733 828 1850 883 Noti

260 938 441 991 facere
467 932 737 1002 angustias
762 930 834 994 ei,
860 931 1013 998 cujus
1038 927 1307 996 angustias
1333 921 1604 979 relaxasti.
1629 922 1770 976 Ecce
1792 929 1848 975 tu

261 1025 492 1090 dedisti,
524 1031 578 1078 et
605 1021 772 1091 exigis
802 1038 814 1073 :
846 1019 937 1074 sed
979 1032 1082 1072 non
1117 1016 1275 1070 habet
1302 1014 1439 1070 unde
1466 1012 1685 1077 reddat;
1725 1026 1845 1065 cum

262 1114 538 1177 habuerit,
566 1112 751 1167 reddet
790 1110 901 1164 tibi.
935 1108 1050 1163 Noli
1078 1107 1308 1161 clamare
1335 1113 1391 1160 et
1414 1104 1593 1159 dicere
1631 1122 1644 1157 :
1682 1102 1847 1157 Num-

259 1207 387 1275 quid
419 1205 571 1259 fenus
590 1200 808 1272 qtuero?
836 1200 1061 1254 'l‘antnm
1082 1205 1225 1267 peto,
1248 1204 1499 1267 quantum
1522 1193 1643 1248 dedi
1671 1211 1683 1245 :
1708 1190 1849 1262 quod

261 1296 416 1358 dedi,
463 1293 563 1348 hoc
603 1292 877 1360 accipiam.
911 1289 1052 1343 Bene
1083 1287 1241 1354 facis,
1283 1286 1377 1341 sed
1406 1284 1638 1339 nondum
1666 1283 1844 1338 habet.

260 1386 378 1441 Non
406 1400 465 1439 es
493 1384 779 1447 fenerator,
807 1388 862 1434 et
886 1380 964 1432 vis
992 1378 1077 1432 cui
1109 1376 1397 1447 prmstitisti
1415 1417 1428 1439 ,
1460 1384 1520 1429 ut
1542 1382 1744 1445 quaerat
1770 1374 1848 1427 fc-

262 1482 600 1536 neratorcm,
648 1480 707 1525 ut
752 1469 843 1524 tibi
888 1468 1093 1523 reddat.
1143 1467 1198 1522 Si
1237 1475 1517 1537 propterea
1560 1464 1709 1518 fenus
1743 1476 1846 1517 non

259 1565 431 1633 exigis
453 1604 468 1629 ,
497 1577 565 1617 ne
591 1571 643 1616 te
670 1560 1025 1615 feneratorem
1055 1557 1317 1627 patiatur;
1349 1570 1513 1626 quare
1541 1556 1621 1609 vis
1647 1561 1702 1607 ut
1726 1567 1850 1624 pro.

262 1667 381 1725 pter
404 1664 454 1708 te
474 1654 633 1707 alium
661 1653 1015 1706 feneratorem
1040 1647 1305 1718 patiatur?
1333 1647 1559 1714 Premis,
1584 1645 1845 1700 suffocas:

261 1747 361 1802 etsi
389 1754 590 1800 tantum
615 1743 801 1813 exigis,
824 1748 1079 1810 quantum
1100 1738 1321 1802 dedisti;
1345 1737 1651 1793 snﬂ‘oeando
1673 1746 1847 1790 tamen

259 1849 313 1896 et
335 1837 608 1907 angustias
631 1833 894 1903 faciendo,
917 1847 1022 1886 non
1045 1830 1359 1885 beneficium
1384 1827 1612 1893 dedisti,
1638 1826 1729 1880 sed
1753 1841 1848 1895 po-

262 1930 367 1984 tius
392 1927 620 1995 majores
645 1924 913 1993 angustias
940 1921 1181 1977 intulisti.
1206 1919 1309 1973 Sed
1334 1917 1469 1972 forte
1489 1917 1619 1971 dicis
1642 1935 1656 1970 :
1680 1915 1848 1970 llabet

263 2019 406 2074 unde
436 2017 623 2073 reddat
661 2035 675 2069 :
715 2016 875 2070 habet
902 2014 1147 2077 domum,
1180 2011 1403 2075 vendat;
1437 2010 1591 2064 habet
1634 2022 1846 2078 posses-

260 2113 467 2166 sionem
491 2151 507 2175 ,
536 2109 744 2162 vendat.
779 2105 998 2174 Quando
1037 2120 1067 2158 a
1096 2111 1148 2157 te
1179 2103 1392 2172 petivit,
1424 2100 1543 2156 ideo
1573 2100 1755 2170 petivit
1784 2113 1849 2153 ne

264 2200 563 2255 venderet:
599 2208 813 2267 prepter
856 2206 908 2251 te
950 2210 1057 2249 non
1099 2192 1285 2258 faciat,
1318 2192 1408 2262 qui
1451 2191 1740 2247 subvenisti
1781 2205 1849 2245 ne

262 2290 434 2345 fieret.
466 2289 575 2342 lloc
598 2288 687 2341 fiat
713 2287 783 2340 ita
809 2286 949 2340 circa
978 2284 1239 2349 homines,
1268 2281 1366 2335 hoc
1387 2280 1539 2350 jubet
1559 2281 1715 2345 Deus,
1749 2280 1849 2335 hoc

261 2384 374 2438 vttlt
403 2384 561 2436 Dens.

333 2472 563 2527 CAPUT
596 2470 655 2523 ν.
680 2500 751 2509 --
774 2469 826 2523 6.
860 2468 1083 2521 Christus
1108 2482 1200 2519 cur
1225 2481 1405 2536 egenus
1434 2468 1598 2536 [actus
1623 2472 1713 2517 est.
1742 2462 1847 2517 Sed

263 2576 456 2617 avarus
480 2562 577 2615 es?
608 2559 739 2612 Dicit
762 2558 852 2610 tibi
877 2557 1017 2610 Dens
1041 2573 1053 2607 :
1080 2555 1439 2620 Estoavarus,
1461 2562 1576 2608 esto
1595 2563 1847 2622 quantum

265 2662 419 2722 potes
442 2663 668 2712 avarus;
699 2646 791 2700 sed
832 2661 916 2699 me
954 2644 1176 2703 conveni
1208 2658 1302 2713 pro
1329 2644 1546 2698 avaritia
1577 2652 1684 2697 tua.
1715 2642 1850 2696 Dicit

269 2743 360 2796 tibi
386 2743 522 2795 Deus
551 2757 562 2790 :
593 2738 674 2792 Me
698 2737 942 2802 conveni,
973 2751 1071 2805 ego
1093 2735 1258 2790 filium
1282 2750 1457 2790 meum
1483 2735 1697 2789 divitem
1722 2749 1849 2803 pan-

266 2848 450 2903 perem
473 2846 567 2900 pro
595 2840 644 2883 te
666 2829 784 2883 feci.
815 2829 1039 2897 Propter
1069 2843 1165 2882 nos
1184 2828 1323 2882 enim
1351 2842 1550 2897 pauper
1574 2826 1744 2882 factus
1765 2835 1850 2883 est

265 2924 531 2987 Christus,
555 2936 673 2975 cum
696 2920 844 2973 dives
863 2928 1003 2974 esset
1030 2918 1093 2991 (ll
1113 2918 1229 2973 Cor.
1253 2934 1364 2984 vm,
1391 2916 1469 2989 9).
1494 2919 1692 2973 Aurum
1714 2934 1851 2989 qna:-

268 3012 384 3067 ris?
415 3012 502 3067 ille
532 3011 673 3066 fecit.
705 3012 995 3080 Argentum
1027 3009 1260 3079 quaeris?
1286 3010 1374 3064 ille
1402 3008 1543 3064 fecit.
1574 3010 1847 3065 Familiam

266 3104 502 3176 quaeris?
527 3104 611 3158 ille
634 3102 774 3157 fecit.
797 3102 995 3156 Pccora
1018 3100 1251 3170 quaeris?
1277 3102 1366 3157 ille
1386 3100 1526 3155 fecit.
1548 3102 1846 3157 Posscssio-

268 3211 365 3251 nes
388 3196 619 3266 qnmris?
645 3195 733 3249 ille
764 3194 902 3250 fecit.
931 3192 1066 3261 Quid
1096 3193 1293 3262 quaeris
1318 3201 1518 3247 tantum
1548 3210 1665 3264 qua:
1693 3196 1849 3249 fecit?

268 3287 444 3357 ipsum
469 3288 651 3355 accipe
676 3287 765 3357 qui
794 3286 916 3341 fecit
939 3287 976 3337 ⁸.
1009 3285 1190 3354 Cogita
1218 3284 1659 3354 quemadmodum
1694 3296 1747 3342 te
1771 3287 1850 3341 di-

265 3377 413 3431 lexit.
450 3376 633 3429 Omnia
663 3392 751 3445 per
776 3376 940 3444 ipsum
966 3378 1101 3445 facta
1129 3386 1243 3428 sunt
1265 3415 1279 3438 ,
1311 3382 1358 3427 et
1381 3376 1490 3428 sine
1516 3376 1626 3445 ipso
1658 3357 1858 3445 factum.

263 3477 338 3521 est
368 3465 498 3520 nihil
526 3463 702 3535 (Joan.
732 3480 780 3527 ι,
810 3464 887 3535 ὃ).
916 3463 1102 3518 Omnia
1137 3479 1229 3533 per
1265 3463 1458 3533 ipsum,
1491 3475 1540 3519 et
1568 3463 1685 3531 ipse
1713 3473 1849 3520 mter

261 3557 463 3611 omnia.
492 3556 590 3623 Qui
624 3553 747 3609 fecit
772 3554 984 3619 omnia,
1027 3552 1196 3608 factus
1231 3562 1314 3607 est
1352 3553 1491 3608 inter
1518 3553 1720 3609 omnia.
1751 3553 1850 3620 Qui

262 3646 392 3701 fecit
419 3646 688 3701 hominem
717 3643 885 3699 factus
910 3653 992 3698 est
1018 3644 1176 3698 hoino
1207 3660 1219 3694 :
1250 3642 1417 3697 factus
1436 3650 1520 3697 est
1542 3641 1683 3711 quod
1708 3641 1846 3708 fecit,

263 3755 333 3792 nc
357 3738 553 3807 periret
580 3750 739 3805 quem
764 3733 906 3789 fecit.
931 3735 1029 3802 Qui
1056 3734 1178 3788 fecit
1195 3733 1394 3798 omnia,
1420 3731 1590 3787 factus
1611 3740 1693 3786 est
1716 3732 1853 3786 inter

262 3828 467 3881 omnia.
490 3824 718 3880 Attende
739 3824 947 3878 divitias
970 3822 1124 3893 :quid
1142 3822 1301 3877 ditius
1318 3836 1404 3888 eo,
1426 3836 1522 3890 per
1540 3836 1697 3891 quem
1721 3820 1851 3876 facta

259 3928 390 3973 sunt
414 3916 629 3973 omnia?
656 3917 721 3970 Et
744 3925 917 3971 tamen
951 3915 1038 3969 ille
1066 3929 1186 3968 cum
1211 3913 1361 3968 dives
1385 3921 1546 3975 esset,
1575 3911 1852 3965 mortalem

260 3992 484 4065 carnem
517 4008 719 4076 accepit
765 4008 816 4061 ib
864 4014 1014 4061 utero
1056 4006 1292 4076 virginis.
1340 4004 1514 4059 infans
1555 4013 1711 4058 natus
1749 4012 1850 4069 est,

261 4100 459 4172 pannis
486 4098 811 4152 infantilibus
838 4096 1110 4151 involutus
1142 4090 1349 4160 est,'in
1389 4095 1614 4165 praesepi
1649 4096 1855 4165 positus

259 4202 381 4255 est;
416 4189 678 4260 patienter
716 4187 1042 4257 exspectavit
1070 4196 1284 4251 anates,
1326 4186 1588 4256 patienter
1618 4194 1853 4256 tempora

266 4292 300 4341 ο
319 4281 506 4344 -rtnlit,
538 4295 635 4349 per
662 4294 820 4350 quem
845 4279 981 4333 facta
1010 4289 1133 4332 sum
1156 4286 1412 4347 tempora.
1436 4277 1608 4344 Suxit,
1638 4278 1851 4348 vagit-it,

263 4371 437 4426 infans
465 4372 725 4441 apparuit.
760 4370 863 4426 Sed
889 4370 1117 4439 jacebat,
1146 4378 1199 4424 et
1224 4370 1475 4440 regnabat
1502 4388 1514 4424 :
1545 4371 1597 4425 in
1630 4372 1854 4441 praesepi

262 4471 398 4529 erat,
434 4471 488 4516 ,τι
517 4462 768 4516 mundum
797 4461 1102 4517 continebat
1131 4478 1143 4513 :
1172 4476 1201 4515 a
1228 4472 1395 4516 matre
1424 4463 1774 4532 nutriebatur,
1801 4473 1856 4520 et

259 4571 290 4609 a
326 4554 588 4611 Gentibus
628 4553 948 4609 adorabatur
976 4570 991 4606 :
1018 4567 1049 4608 a
1087 4563 1256 4608 matre
1296 4554 1654 4622 nutriebatur,
1698 4563 1753 4610 et
1786 4556 1855 4612 ab

260 4646 486 4716 Angelis
513 4644 850 4699 nuntiabatur
886 4660 900 4696 ε
936 4658 965 4698 a
1004 4651 1175 4697 matre
1214 4644 1577 4711 nutriebatur,
1609 4654 1663 4699 et
1698 4645 1852 4700 stella

260 4736 501 4806 fulgente
529 4735 917 4791 declarabatur.
944 4734 1100 4789 Tales
1126 4734 1351 4801 divitiae,
1382 4736 1499 4790 talis
1534 4743 1851 4807 paupertas:

257 4829 488 4893 divitior,
513 4834 567 4881 nt
588 4826 882 4891 creareris;
905 4835 1208 4896 paupertas,
1231 4835 1283 4879 ut
1308 4826 1683 4881 restituereris.
1701 4826 1854 4892 Quod

260 4920 352 4975 ille
383 4933 513 4987 ergo
540 4933 740 4988 pauper
768 4926 1047 4987 susceptus
1076 4925 1156 4972 est
1182 4916 1414 4986 hospitio
1445 4916 1594 4986 quasi
1633 4931 1851 4987 pauper,

260 5010 500 5080 dignatio
531 5009 625 5063 fuit
654 5009 1017 5079 suscipientis,
1052 5023 1157 5063 non
1188 5007 1398 5062 miseria
1425 5007 1649 5077 egentis.

334 5103 564 5158 CAPUT
588 5102 807 5158 VL—7.
832 5100 1059 5156 Christus
1078 5102 1130 5156 in
1151 5116 1372 5170 paupere
1392 5109 1517 5171 eget.
1545 5099 1706 5155 Forte
1720 5100 1854 5157 dicis

261 5194 360 5249 tibi
385 5213 399 5247 :
432 5194 476 5248 0
503 5194 642 5248 beati
667 5194 756 5263 qui
788 5202 1097 5248 meruerunt
1120 5190 1387 5246 Christum
1414 5191 1719 5260 suscipere!
1744 5190 1789 5247 0
1808 5192 1853 5247 si

262 5302 366 5358 ego
395 5296 520 5341 tunc
545 5286 793 5342 fuissem!
821 5299 857 5339 ο
895 5284 940 5339 si
986 5298 1124 5339 unus
1152 5284 1371 5338 fuissem
1403 5284 1471 5338 de
1493 5283 1703 5339 duobus
1728 5284 1851 5349 illis,

330 5399 346 5429 ι
379 5398 627 5458 \‘aticanns
645 5395 821 5458 codex,
852 5393 974 5455 Quid
996 5393 1176 5458 quieris
1210 5397 1343 5443 tanta
1378 5405 1487 5457 quin
1517 5390 1670 5457 fecit?
1696 5401 1856 5457 Ipsum

263 5470 433 5523 ηαςτῖε
456 5455 539 5523 alii
560 5457 687 5520 recit-

328 5519 404 5580 (a)
441 5514 685 5581 It'eliquum
711 5518 880 5579 capitis
922 5515 1066 5581 hujus
1098 5516 1272 5579 quarti,
1318 5515 1443 5581 quod
1478 5517 1525 5565 in
1563 5523 1678 5565 ante
1714 5514 1858 5581 editis

264 5575 458 5635 deerat,
496 5575 781 5629 restituitur
808 5591 872 5627 ex
915 5575 1153 5637 Vaticano,
1186 5575 1289 5637 11s.,
1313 5575 1504 5640 aliaque
1538 5589 1731 5640 passim,
1751 5575 1857 5640 loca

267 5641 493 5703 ejusdem
509 5640 703 5703 codicis
721 5652 817 5701 ope
842 5640 1252 5703 redintegrantur.
1277 5638 1551 5703 Totustere
1590 5640 1685 5689 iste
1704 5638 1768 5703 de
1783 5638 1854 5686 fe—

264 5699 485 5751 nerando
508 5699 642 5762 locus
678 5699 891 5762 insertus
913 5708 990 5749 est
1010 5699 1220 5762 sermoni
1248 5700 1529 5762 Appendicis
1549 5700 1849 5762 octogesimo

262 5772 456 5821 octavo,
478 5764 561 5825 qui
584 5761 702 5812 alias
718 5761 807 5810 fuit
827 5760 889 5809 48
909 5762 1039 5810 inter
1055 5760 1660 5827 Homilias’quinquaginta.

602 5838 871 5903 PATROL.
909 5840 1268 5904 XXXVIII.

1678 352 1905 409 SERMO
1942 352 2141 410 CCXL.

3398 362 3532 419 1150

1961 482 2093 535 quos
2122 465 2321 521 invenit
2364 467 2414 520 in
2470 466 2580 520 via!
2614 466 2691 522 Tu
2723 475 2836 521 esto
2868 467 2920 522 in
2951 468 3053 536 via,
3088 484 3192 525 non
3227 471 3397 529 deerit
3433 473 3533 529 ho-

1958 569 2081 625 spes
2101 555 2361 610 Christtts.
2392 556 2552 611 Putas
2573 558 2711 612 enim
2727 560 2833 627 jam
2858 574 2960 613 nor.
2976 561 3068 614 tibi
3085 561 3243 617 licere
3264 565 3537 635 suscipere

1957 644 2264 699 Christum?
2292 644 2464 710 Unde,
2497 645 2690 716 inquis,
2722 647 2879 703 licet?
2907 649 3021 704 Jam
3058 666 3338 721 resurgens
3362 656 3537 709 mani-

1956 735 2177 792 festatus
2203 746 2285 792 est
2325 737 2597 808 discipulis
2635 741 2763 806 suis,
2803 743 3038 797 ascendit
3063 743 3341 810 inctnlum,
3365 746 3435 800 ibi
3456 758 3535 802 est

1955 828 2021 883 ad
2051 829 2322 886 dexteram
2350 830 2557 897 Patris;
2611 847 2715 885 non
2744 842 2825 886 est
2851 844 3103 889 venturus
3137 836 3236 890 nisi
3270 837 3321 890 in
3352 838 3536 892 ultimo

1955 920 2152 974 szrculo
2172 921 2237 974 ad
2250 920 2566 990 judicandos
2589 922 2737 976 vivos
2759 932 2811 977 et
2844 936 3081 979 mortuos
3110 945 3122 979 :
3153 934 3409 981 venturus
3436 944 3534 981 au-

1955 1019 2059 1065 tem
2089 1012 2141 1065 in
2168 1011 2427 1080 claritate,
2464 1028 2566 1067 non
2599 1015 2648 1067 in
2674 1014 3007 1079 infirmitate;
3036 1016 3256 1071 daturus
3285 1035 3531 1089 regnum,

1955 1119 2061 1158 non
2096 1105 2414 1186 qttmsiturus
2467 1105 2775 1176 hospitium.
2829 1107 3049 1174 Quando
3100 1109 3245 1164 dabit
3288 1127 3531 1181 regnum,

1954 1196 2261 1250 excidittibi
2307 1197 2449 1266 quod
2498 1197 2737 1253 dicturus
2789 1209 2903 1253 est:
2936 1198 3063 1254 Cum
3107 1202 3195 1255 uni
3220 1220 3285 1256 ea:
3311 1205 3532 1257 minimis

1954 1287 2075 1341 meis
2102 1287 2310 1357 fecistis,
2336 1287 2458 1341 mihi
2478 1288 2661 1355 fecistis
2693 1289 2905 1359 (Matth.
2934 1307 3062 1355 xxv,
3093 1292 3219 1362 40)?
3244 1293 3335 1348 Ille
3362 1294 3530 1362 dives,

1953 1392 2116 1448 egens
2145 1386 2225 1433 est
2254 1393 2418 1448 usque
2440 1380 2490 1433 in
2523 1381 2679 1434 finem
2706 1381 2905 1435 smeuli.
2937 1382 3064 1452 Eget
3083 1398 3319 1453 prorsus,
3347 1402 3449 1441 non
3479 1387 3531 1441 in

1953 1473 2146 1541 capite,
2182 1472 2274 1527 sed
2304 1472 2354 1526 in
2384 1472 2638 1527 membris
2670 1475 2798 1528 suis.
2829 1473 2928 1529 Ubi
2951 1476 3105 1545 eget?
3128 1474 3184 1529 In
3214 1478 3403 1547 quibus
3432 1479 3533 1534 do-

1953 1563 2067 1629 luit,
2099 1562 2458 1633 quandodixit
2483 1580 2497 1618 :
2526 1563 2704 1631 Saulc,
2739 1564 2916 1630 Saulc,
2963 1566 3085 1635 quid
3123 1583 3201 1620 me
3227 1570 3534 1638 persequeris

1954 1654 2087 1726 (.lct.
2114 1670 2190 1721 ιχ,
2218 1651 2311 1725 4)⁶2
2340 1654 2704 1724 Obscqttamur
2726 1670 2851 1726 ergo
2880 1655 3109 1711 Christo.
3137 1657 3420 1713 Nobiscum
3450 1671 3534 1715 est

1952 1746 2007 1799 in
2057 1745 2200 1811 suis,
2230 1745 2506 1800 nobiscum
2538 1753 2621 1800 est
2666 1746 2715 1799 in
2769 1746 2923 1800 nobis
2957 1766 2968 1800 ε
3005 1764 3102 1802 nec
3149 1747 3342 1804 frustra
3373 1749 3526 1816 dixit,

1954 1834 2088 1889 Ecce
2121 1852 2210 1906 ego
2234 1834 2483 1889 vobiscum
2509 1851 2617 1889 sum
2649 1851 2801 1905 usque
2828 1837 2894 1889 ad
2919 1840 3393 1891 consummationem
3432 1856 3530 1893 sa:-

1952 1926 2052 1980 αιίί
2096 1925 2305 1995 (Matth.
2358 1942 2549 1993 xxvm,
2580 1925 2698 1995 9.0).
2735 1926 2860 1981 llzcc
2913 1925 3151 1981 faciendo
3196 1929 3533 1998 agnoscimus

1950 2017 2218 2073 Christum
2243 2019 2292 2072 in
2321 2017 2475 2072 bonis
2498 2017 2768 2088 operibus,
2804 2034 2906 2072 non
2939 2034 3181 2088 eorporc,
3210 2018 3311 2075 sed
3330 2020 3525 2086 corde;

1950 2125 2056 2163 non
2087 2109 2254 2164 oculis
2274 2109 2468 2175 carnis,
2490 2107 2583 2163 sed
2612 2108 2780 2163 oculis
2804 2107 2943 2162 fidei.
2977 2109 3107 2176 Quia
3149 2111 3337 2175 vidisti,
3365 2111 3528 2165 credi-

1951 2199 2089 2264 disti,
2120 2198 2191 2251 ait
2212 2197 2421 2252 cuidam
2447 2197 2706 2267 discipulo
2729 2212 2823 2251 suo
2852 2197 3140 2265 incredttlo,
3171 2201 3257 2270 qni
3285 2200 3511 2265 dixerat,

1954 2287 2077 2341 Non
2100 2288 2322 2353 credam,
2350 2288 2447 2341 nisi
2474 2288 2698 2358 tetigero.
2728 2287 2797 2341 Et
2826 2286 3082 2341 Dominus
3116 2306 3128 2341 :
3172 2287 3316 2356 Veni,
3360 2298 3529 2359 tange,

1953 2389 1999 2435 et
2026 2381 2129 2433 noli
2154 2395 2262 2433 esse
2284 2378 2595 2433 incredulus.
2627 2376 2841 2448 Tetigit,
2874 2388 2927 2433 et
2953 2381 3201 2435 clamavit
3231 2398 3243 2433 :
3284 2379 3528 2435 Dominus

1943 2456 2091 2526 ‘mcus
2120 2481 2166 2525 et
2189 2472 2323 2524 Deus
2350 2471 2522 2526 meus!
2549 2471 2613 2525 Et
2642 2471 2898 2526 Dominus
2933 2491 2946 2526 :
2974 2474 3104 2538 Quia
3121 2473 3388 2541 vidistime,
3419 2491 3529 2529 cre-

1952 2562 2127 2617 didisti
2158 2560 2334 2634 (Joau.
2356 2578 2447 2630 xx,
2484 2561 2701 2635 25—29).
2734 2562 2846 2633 Ipsa
2872 2560 2973 2618 est“
2992 2573 3098 2619 tota
3125 2564 3254 2620 fides
3283 2574 3386 2634 tua,
3410 2568 3531 2640 quia

1952 2655 2124 2711 credis
2144 2653 2284 2725 quod
2312 2654 2490 2709 vides:
2522 2654 2678 2710 laudo
2704 2669 2797 2710 eos
2822 2655 2911 2725 qui
2961 2672 3065 2711 non
3099 2657 3299 2726 vident,
3343 2668 3530 2714 etcre-

1953 2746 2116 2813 dunt;
2149 2747 2269 2816 quia
2299 2760 2418 2801 cum
2442 2745 2685 2813 viderint,
2704 2746 3024 2816 gaudebunt.

2446 2856 2673 2913 SERMO
2710 2856 3038 2931 CCXL‘(a).

2406 2957 2456 2999 tn
2475 2950 2650 3001 diebus
2670 2951 2990 3013 Paschalibus,
3012 2966 3077 3001 χι.

2112 3052 2192 3107 De
2215 3054 2592 3109 Resurrectione
2617 3070 2914 3125 corporum,
2936 3064 3110 3109 contra
3132 3054 3372 3112 Gentiles.

2023 3164 2250 3221 CAPUT
2287 3165 2570 3221 PRIMUM.
2616 3195 2687 3206 —
2720 3166 2858 3221 Non.
2898 3167 2950 3221 1.
2992 3166 3425 3237 Evangelistarnm
3479 3171 3534 3225 in

1954 3258 2570 3314 historia-resurrectionis
2611 3261 2824 3315 varietas
2848 3261 2957 3316 sine
2993 3260 3265 3316 discordia.
3294 3262 3535 3335 Defensio

1953 3354 2073 3421 ﬁdei
2121 3353 2445 3408 titubantibus
2504 3354 2804 3409 necessaria.
2865 3354 2967 3409 Per
3026 3353 3125 3410 hos
3194 3355 3337 3421 dies,
3399 3356 3534 3412 sicut

1953 3441 2143 3496 recolit
2177 3438 2422 3495 Charitas
2450 3450 2654 3507 vestra,
2686 3441 2997 3495 solemniter
3022 3441 3268 3511 leguntur
3303 3458 3534 3515 evange-

1952 3532 2069 3589 liea:
2098 3533 2354 3587 lectiones
2376 3532 2443 3586 ad
2472 3533 2914 3587 resurrectionem
2945 3533 3153 3587 Domini
3185 3535 3529 3603 pertinentes.

1954 3624 2155 3679 Omnes
2172 3623 2315 3678 enim
2336 3623 2684 3692 Evangelistae
2704 3632 2954 3692 quatuor,
2985 3638 3158 3693 neque
3178 3624 3245 3680 de
3265 3624 3535 3694 passione,

1956 3730 2131 3784 neque
2158 3714 2228 3769 de
2270 3714 2667 3768 resurrectione
2709 3713 2828 3781 ejus
2868 3721 3044 3769 tacere
3072 3724 3378 3784 potuerunt.
3405 3715 3536 3771 Nam

1956 3805 2079 3873 quia
2109 3803 2273 3857 multa
2306 3802 2429 3857 fecit
2455 3802 2707 3856 Dominus
2737 3802 2894 3858 Jesus
2918 3845 2932 3869 ,
2981 3819 3084 3858 non
3128 3820 3316 3861 omnes
3359 3808 3538 3861 omnia

1960 3892 2397 3962 conscripserunt
2425 3910 2438 3945 :
2469 3890 2561 3947 sed
2620 3891 2757 3945 alius
2800 3892 2929 3959 ista,
2978 3893 3115 3948 alius
3160 3895 3282 3961 ilia;
3329 3910 3538 3950 summa

1958 3992 2139 4037 tamen
2169 3981 2455 4037 concordia
2506 3982 2768 4036 veritatis.
2811 3982 2973 4036 Multa
3018 3984 3177 4039 etiam
3214 3999 3539 4041 commemo-

1957 4081 2040 4127 rat
2086 4072 2321 4127 Joanncs
2372 4070 2695 4139 evangelista
2751 4070 2888 4127 facta
2931 4087 3051 4128 esse
3089 4088 3118 4127 a
3150 4074 3377 4129 Domino
3413 4075 3538 4131 Jesn

1956 4164 2200 4227 Christo,
2232 4175 2352 4232 qua:
2393 4176 2425 4216 a
2454 4162 2598 4215 nullo
2646 4175 2833 4219 eorum
2858 4164 3156 4232 conscripta
3197 4173 3337 4218 sunt.
3371 4164 3538 4219 Tanta

1960 4253 2096 4309 facta
2123 4263 2282 4319 sunt,
2312 4259 2507 4321 quanta
2534 4262 2659 4306 tunc
2703 4252 2816 4307 fieri
2844 4253 3144 4309 debuerunt
3175 4273 3188 4309 :
3219 4265 3363 4310 tanta
3408 4258 3535 4311 scri-

1960 4354 2046 4416 pta
2083 4352 2241 4410 sunt,
2294 4352 2489 4414 quanta
2539 4358 2680 4399 nunc
2720 4344 2819 4415 legi
2869 4344 3185 4401 debuerunt.
3241 4347 3308 4404 Ut
3363 4356 3539 4404 autem

1957 4435 2308 4492 ostendantur
2337 4435 2686 4505 Evangelista:
2715 4450 2906 4491 omnes
2932 4447 3178 4507 quatuor,
3204 4438 3256 4493 in
3307 4453 3373 4495 eo
3398 4441 3544 4511 quod

1957 4529 2117 4586 simul
2145 4544 2332 4586 omnes
2361 4527 2547 4584 dicunt
2596 4540 2654 4584 et
2698 4544 2802 4584 non
2848 4531 3293 4599 prmtermittnnt,
3322 4532 3377 4587 id
3418 4542 3534 4605 est,
3610 4518 3625 4531 ’

1958 4621 2042 4676 vel
2070 4620 2139 4676 de
2163 4620 2439 4690 passione,
2469 4620 2553 4676 vel
2586 4619 2654 4675 de
2705 4620 3101 4677 resurrectione
3147 4621 3378 4690 Christi,
3433 4639 3542 4679 non

1957 4714 2099 4769 inter
2138 4729 2198 4769 sc
2224 4712 2426 4769 dixisse
2448 4714 2713 4768 contraria
2731 4754 2745 4778 ,
2790 4713 2947 4770 valde
2978 4730 3237 4784 operosus
3259 4724 3344 4771 est
3370 4716 3541 4771 labor-

1957 4803 2207 4859 Nonnulli
2235 4805 2375 4860 enim
2409 4812 2729 4874 putaverunt
2774 4819 2869 4860 eos
2911 4804 3050 4859 inter
3076 4820 3136 4860 se
3171 4820 3292 4861 esse
3324 4814 3537 4860 contm-

1958 4896 2098 4963 rios,
2143 4911 2264 4951 cum
2312 4897 2410 4973 ipsi
2442 4906 2620 4951 essent
2659 4896 2911 4950 contrarii
2941 4896 3131 4950 anima:
3175 4910 3304 4951 suae.
3330 4897 3397 4951 Et
3423 4896 3541 4952 ideo
3621 4950 3637 4959 ν

1958 4984 2081 5042 data
2115 4995 2197 5041 est
2226 5001 2385 5057 opera
2415 4985 2482 5038 ab
2522 4986 2601 5040 eis
2645 4985 2733 5054 qui
2764 4994 3077 5053 potuerunt,
3127 4986 3410 5055 adjuvantc
3439 4988 3542 5041 De-

1959 5076 2139 5143 mino,
2169 5085 2225 5131 ut
2257 5075 2670 5131 ostenderentur
2692 5076 2831 5129 inter
2872 5089 2932 5131 se
2963 5091 3069 5131 non
3096 5092 3219 5133 esse
3263 5080 3538 5134 contrarii.

1961 5167 2065 5223 Sed
2090 5205 2106 5232 ,
2140 5166 2279 5220 sicut
2302 5164 2415 5218 dixi
2434 5205 2447 5229 ,
2478 5163 2524 5220 si
2550 5164 2651 5220 hoc
2677 5165 2829 5221 vobis
2845 5167 3123 5222 ostendam
3146 5209 3160 5233 ,
3186 5178 3243 5224 et
3270 5171 3321 5224 in
3347 5169 3543 5243 populo

1960 5258 2120 5312 velim
2175 5257 2274 5311 ista
2324 5264 2588 5323 tractare,
2651 5256 2935 5313 multitudo
3001 5258 3329 5315 audientium
3398 5262 3546 5331 prius

1961 5349 2202 5404 obruitur
2231 5348 2419 5414 taedio,
2469 5364 2627 5419 quam
2674 5350 2976 5405 reveletur‘
3021 5352 3241 5407 scientia
3285 5354 3535 5413 veritatis.

1960 5441 2068 5498 Sed
2106 5441 2216 5497 scio
2260 5440 2416 5496 fidem
2460 5450 2722 5508 vestram,
2766 5440 2819 5498 id
2865 5450 2977 5511 est,
3005 5442 3166 5499 fidem
3187 5442 3347 5515 hujus
3384 5444 3541 5501 totius

2044 5575 2059 5606 ¹
2086 5580 2213 5633 uss,
2237 5571 2507 5632 relevatio;
2530 5582 2629 5629 aut.
2655 5572 2903 5624 releuetur.

2021 5638 2037 5653 ‘
2065 5635 2352 5685 Fmendatus
2365 5636 2424 5685 ad
2441 5636 2562 5684 duos
2583 5638 2660 5685 cb.
2686 5635 2745 5684 ad
2771 5636 2820 5684 d.
2840 5648 2915 5698 gr.
2933 5649 2973 5684 r.
2998 5643 3036 5685 t.
3058 5649 3102 5684 v.
3123 5632 3529 5688 vd.Am.Er.['.-tr.

1957 5703 2095 5820 1J0Ea)
2129 5757 2270 5817 Alias,
2294 5757 2357 5806 de
2376 5764 2610 5820 Tempore
2650 5756 2751 5807 159.

2758 5820 2792 5897 ί
2794 5821 2846 5880 Τ
2849 5819 3181 5883 rente—six.
3182 5819 3222 5899 λ
