3926 6188
348 329 473 383 lilii

269 422 307 445 ”
346 442 729 510 multitudinis,
756 449 809 496 ct
837 454 1020 495 eorum
1049 438 1136 509 qui
1158 437 1315 494 hodie
1341 437 1425 493 hic
1447 454 1552 492 nott
1573 445 1695 492 sunt
1714 478 1730 503 ,
1757 445 1811 491 ct
1841 443 1921 488 ta-

348 550 470 588 men
495 533 678 588 ﬁdeles
703 541 864 596 sunt;
896 529 1017 584 novi
1059 528 1217 584 ﬁdem
1246 543 1431 582 eorum
1461 528 1539 581 sic
1565 542 1685 581 esse
1721 533 1920 579 certam

347 625 415 679 de
444 624 667 678 veritate
689 621 1171 691 Evangelistarum,
1215 626 1273 672 ut
1301 618 1630 687 expositione
1676 631 1792 671 mea
1817 630 1922 670 non

348 718 635 788 indigeant.
684 714 785 781 Qui
817 714 962 768 novit
982 711 1249 784 quomodo
1278 712 1376 765 ista
1406 710 1688 775 defendat,
1717 710 1924 765 doctior

346 818 457 871 est,
492 822 599 862 non
641 806 864 861 ﬁdelior.
886 805 1057 860 Habet
1087 803 1242 857 ﬁdem
1264 846 1279 867 ,
1312 802 1472 857 habet
1498 802 1798 880 facultatem
1833 801 1927 857 de-

348 898 595 955 fendendi
629 897 808 952 ﬁdem.
833 896 981 951 Alius
1008 911 1112 950 non
1137 896 1294 949 habet
1325 894 1624 948 facultatem
1646 902 1699 947 et
1718 893 1923 962 copiam

343 1000 396 1045 et
425 990 719 1045 doctrinam
763 987 1077 1044 defendendi
1111 987 1296 1050 ﬁdem,
1339 985 1432 1040 sed
1476 985 1636 1040 habet
1662 984 1829 1054 ipsam
1867 984 1927 1038 ﬁ-

344 1082 489 1135 dem.
520 1080 610 1136 llle
635 1090 811 1135 autem
843 1079 931 1150 qui
974 1079 1121 1133 novit
1155 1077 1442 1133 defendere
1473 1076 1629 1132 ﬁdem
1650 1118 1665 1142 ,
1699 1076 1928 1131 tituban-

344 1174 488 1227 tibus
514 1182 595 1227 cst
623 1172 983 1235 necessarius,
1015 1185 1122 1225 non
1146 1170 1503 1225 credentibus.
1539 1169 1596 1222 In
1620 1167 1927 1223 defensione

346 1265 490 1317 ettim
522 1262 673 1329 ﬁdei,
716 1269 970 1317 curantur
999 1262 1215 1315 vulnera
1258 1259 1603 1315 dubitationis
1632 1258 1712 1312 vel
1743 1255 1929 1313 inﬁde-

348 1355 536 1409 litatis.
569 1353 670 1421 Qui
696 1368 823 1422 ergo
851 1351 1087 1407 defendit
1117 1351 1271 1407 ﬁdem
1295 1394 1309 1416 ,
1341 1351 1512 1405 bonus
1539 1359 1620 1404 est
1640 1350 1876 1405 medicus
1911 1367 1924 1403 ε

346 1447 439 1501 sed
481 1446 533 1500 in
587 1454 636 1501 te
674 1460 779 1500 non
823 1453 905 1499 est
932 1442 1256 1499 infidelitatis
1301 1442 1539 1497 morbus.
1581 1441 1802 1510 Quando
1841 1441 1927 1495 illc

349 1539 498 1592 nnvit
524 1553 712 1593 curare
757 1536 897 1609 quod
940 1546 992 1592 tu
1043 1552 1147 1592 non
1199 1536 1399 1591 habes?
1428 1535 1582 1590 Novit
1616 1535 1703 1591 ille
1732 1549 1928 1604 ponere

347 1630 830 1694 medicamentum,
863 1628 957 1683 sed
1001 1629 1051 1681 in
1101 1639 1150 1682 te
1178 1642 1282 1682 non
1327 1636 1409 1681 est
1453 1627 1659 1679 vitium.
1694 1624 1815 1679 Non
1856 1635 1929 1677 est

348 1739 473 1792 opus
496 1722 633 1775 sanis
653 1723 875 1774 medicus
895 1762 909 1786 ,
932 1720 1020 1775 sed
1037 1718 1167 1773 male
1190 1718 1481 1773 habentibus
1495 1716 1573 1790 (Μ
1579 1718 1797 1782 atth.tx,
1814 1714 1923 1783 12).

418 1811 645 1866 CAPUT
686 1812 746 1866 Il.
774 1811 925 1864 —2.
967 1809 1285 1863 Resurrectio
1324 1817 1497 1863 contra
1535 1807 1762 1878 inﬁdeles
1808 1823 1928 1877 pro-

350 1909 494 1955 batur
516 1918 579 1955 ex
607 1902 968 1973 omnipotentia
996 1901 1107 1955 Dei.
1149 1901 1347 1955 Tamen
1375 1916 1489 1970 qua:
1528 1907 1751 1970 possunt
1771 1912 1932 1967 expe-

348 1993 510 2046 ditius
538 1992 641 2046 dici
665 2006 762 2061 pro
794 2000 1058 2061 tempore,
1088 2000 1141 2044 et
1166 1990 1498 2045 commodius
1525 1988 1729 2056 audiri,
1757 1986 1929 2043 subti-

349 2084 509 2138 cere‘
543 2083 694 2137 vobis
721 2098 827 2137 non
865 2092 948 2137 est
985 2082 1215 2136 consilii.
1246 2082 1324 2135 De
1364 2081 1476 2150 ipsa
1507 2078 1928 2140 resurrectione,

350 2173 502 2242 cujus
529 2172 581 2226 in
631 2188 690 2228 se
730 2173 845 2243 ipso
891 2173 1142 2227 Dominus
1194 2171 1448 2243 praemisit
1492 2169 1828 2238 exemplum,
1876 2177 1933 2221 ut

353 2264 614 2320 sciremus
667 2266 791 2335 quid
842 2266 1002 2320 etiam
1052 2266 1104 2320 in
1143 2264 1458 2335 corporibus
1505 2263 1701 2317 nostris
1728 2263 1780 2317 in
1828 2261 1932 2316 ﬁne

353 2357 532 2411 smeuli
581 2372 798 2427 sperare
845 2358 1168 2424 debeamus,
1221 2357 1371 2412 multi
1410 2357 1575 2412 multa
1625 2356 1928 2426 disputant;

352 2450 510 2520 aliqui
553 2449 809 2517 ﬁdeliter,
852 2451 1013 2521 aliqui
1062 2451 1367 2506 inﬁdeliter.
1424 2451 1523 2519 Qui
1583 2448 1809 2505 fideliter
1852 2449 1934 2504 di-

352 2549 573 2610 sputant
598 2581 617 2608 ,
669 2543 809 2598 scire
855 2543 1042 2597 volunt
1082 2542 1386 2612 diligentius
1423 2540 1550 2611 quid
1577 2540 1934 2611 reSpondeant

351 2631 651 2687 inﬁdelibus
691 2650 709 2687 :
747 2633 836 2701 qui
882 2643 1063 2688 autem
1112 2631 1397 2688 inﬁdeliter
1444 2630 1747 2701 disputant,
1778 2646 1934 2702 argu-

349 2733 655 2781 mentantur
681 2733 863 2780 contra
885 2712 1089 2780 animas
1118 2740 1242 2780 suas
1261 2766 1274 2789 ,
1297 2725 1614 2794 disputando
1637 2733 1817 2779 contra
1840 2737 1935 2793 po-

352 2818 573 2874 tentiam
607 2817 1034 2888 Omnipotentis,
1064 2817 1340 2873 dicentes:
1364 2816 1518 2873 Unde
1549 2816 1658 2872 ﬁeri
1683 2823 1858 2885 potest
1878 2824 1932 2869 ut

350 2918 594 2964 mortuus
623 2907 901 2976 resurgat?
932 2907 1061 2962 Dico
1087 2921 1186 2978 ego
1206 2948 1220 2969 ,
1249 2907 1390 2961 Deus
1434 2913 1518 2961 est
1559 2905 1645 2975 qui
1690 2903 1847 2967 facit,
1878 2913 1933 2958 et

350 3008 407 3053 tu
439 2998 572 3054 dicis
592 3039 609 3064 ,
642 2997 785 3053 Fieri
817 3014 921 3052 non
952 2997 1167 3068 potest?
1196 2996 1308 3052 Non
1337 2996 1491 3061 dico,
1524 2996 1597 3050 Da
1627 2995 1757 3051 mihi
1779 2993 1931 3050 Chri-

350 3089 580 3143 stianum
603 3131 618 3154 ,
649 3089 713 3144 da
743 3088 868 3143 mihi
896 3088 1138 3143 Judaeum
1173 3105 1186 3140 :
1220 3087 1311 3142 sed
1333 3130 1345 3150 ,
1374 3087 1441 3140 da
1471 3086 1597 3140 mihi
1620 3086 1886 3156 Paganum
1912 3127 1927 3149 ,

350 3179 614 3235 idolorum
643 3180 902 3234 cultorem
922 3219 937 3244 ,
969 3178 1271 3233 daemonum
1299 3191 1512 3232 servum
1533 3216 1550 3243 ,
1579 3176 1668 3246 qui
1704 3190 1807 3229 non
1852 3174 1931 3229 di-

348 3278 436 3324 cat
464 3269 629 3324 Deum
655 3283 776 3324 esse
804 3269 1245 3337 omnipotentem.
1284 3265 1489 3336 Negare
1534 3264 1802 3321 Christum
1831 3278 1925 3333 po-

354 3371 488 3425 test,
518 3377 712 3432 negare
738 3361 1158 3432 omnipotentem
1190 3359 1357 3415 Deum
1386 3373 1491 3413 nou
1543 3366 1735 3428 potest.
1761 3357 1928 3424 Quem

352 3444 567 3526 tu'ergo
591 3453 800 3519 credis;
824 3454 973 3524 quasi
1002 3453 1214 3523 Pagauo
1242 3452 1467 3520 loquor;
1497 3466 1653 3521 quem
1684 3460 1736 3504 tu
1757 3449 1932 3505 credis

352 3549 535 3602 Deum.
565 3548 1014 3618 omnipotentem,
1068 3547 1237 3617 ipsum
1287 3560 1386 3616 ego
1430 3544 1551 3600 dico
1601 3552 1929 3599 mortuorum

350 3638 737 3693 suscitatoran
786 3637 840 3693 Si
882 3637 1110 3701 dixeris,
1156 3636 1268 3692 N0u
1300 3644 1473 3705 potest
1515 3634 1660 3699 ﬁeri.
1707 3633 1932 3702 ἀθνοςεις

352 3730 731 3798 Omnipoteuti.
784 3728 840 3784 Si
870 3738 1046 3784 autem
1094 3727 1269 3783 credis
1289 3727 1433 3781 illum
1479 3725 1927 3795 omnipotentem,

352 3838 440 3877 me
460 3836 628 3891 quare
653 3822 862 3892 respuis
891 3822 987 3877 ista
1010 3818 1308 3875 dicentem?

414 3912 652 3969 CAPUT
691 3913 778 3968 Ill.
800 3915 934 3969 -5.
959 3912 1090 3969 Caro
1117 3920 1340 3983 resurget
1362 3912 1468 3965 sine
1497 3910 1631 3965 vitio.
1658 3907 1936 3965 Calamito—

345 4015 460 4057 tum
509 4004 731 4059 omnium
755 4020 910 4058 causa
960 4013 1240 4075 peccatum.
1282 4001 1339 4057 Si
1381 4002 1679 4056 diceremus
1718 4013 1933 4054 carnem

353 4105 773 4151 resurrecturam
797 4136 812 4161 ,
848 4104 906 4151 ut
930 4097 1127 4151 esuriat
1151 4137 1166 4160 ,
1200 4104 1258 4149 ut
1310 4094 1489 4157 sitiat,
1516 4102 1572 4147 ut
1597 4100 1850 4162 aegrotet,
1880 4100 1936 4144 ut

355 4187 595 4253 laboret;
636 4197 693 4242 ut
743 4187 1170 4257 corruptionibus
1198 4187 1542 4257 subjiciatur;
1579 4184 1772 4241 merito
1819 4198 1935 4238 crc-

354 4277 486 4333 dere
505 4293 611 4333 non
631 4277 879 4334 deberes.
907 4277 1078 4333 liabet
1104 4291 1246 4333 enim
1276 4277 1434 4333 modo
1458 4291 1583 4333 caro
1608 4278 1706 4331 ista
1736 4276 1831 4329 has
1853 4276 1936 4329 vel

356 4369 705 4423 necessitates
732 4368 815 4422 vel
836 4369 1181 4423 calamitates.
1212 4367 1275 4423 Et
1300 4368 1403 4425 hoc
1430 4366 1606 4423 unde?
1632 4367 1799 4423 Causa
1815 4381 1937 4436 pec-

367 4469 542 4513 eatum
570 4469 672 4515 est.
694 4458 758 4512 lu
791 4473 898 4513 uno
940 4459 1311 4528 peccavimus,
1345 4469 1399 4515 et
1441 4474 1631 4516 omnes
1656 4459 1722 4514 ad
1746 4473 1935 4515 corru-

362 4551 597 4619 ptionem
651 4550 757 4603 nati
785 4563 989 4603 sumus.
1021 4549 1278 4603 Malorum
1324 4551 1561 4605 omnium
1625 4561 1930 4606 nostrorum

360 4656 518 4695 causa
548 4648 951 4709 peccatumest.
983 4639 1096 4694 Non
1144 4638 1285 4695 enim
1329 4640 1444 4695 sine
1489 4656 1649 4695 causa
1696 4641 1939 4696 homines

365 4733 500 4787 ntala
533 4733 631 4787 ista
662 4733 952 4801 patiuntur.
975 4731 1159 4786 Justus
1186 4740 1269 4785 est
1290 4730 1429 4785 Deus
1448 4771 1463 4795 ,
1494 4731 1829 4800 omnipotens
1857 4739 1940 4784 est

362 4825 503 4880 Deus
532 4841 545 4877 :
574 4823 721 4878 nullo
766 4821 927 4877 modo
951 4823 1052 4877 ista
1086 4829 1408 4891 pateremur,
1460 4821 1503 4874 si
1553 4835 1657 4875 non
1708 4835 1942 4876 merere-

361 4920 502 4971 m‘ur.
534 4913 641 4972 Sed
668 4929 790 4970 cum
831 4926 1073 4969 essemus
1114 4912 1167 4966 in
1198 4912 1405 4982 pinnis,
1435 4909 1501 4966 ad
1542 4926 1672 4980 quas
1700 4913 1941 4967 venimus

364 5006 750 5079 de'peccatis,
783 5004 1038 5060 Dominus
1091 5013 1273 5058 noster
1315 5002 1469 5058 Jesus
1517 5000 1761 5058 Christus
1779 5002 1943 5057 voluit

362 5115 484 5156 esse
514 5101 566 5156 in
597 5099 770 5170 poenis
797 5097 995 5153 nostris
1038 5097 1155 5152 sine
1180 5096 1415 5166 peccatis
1439 5096 1567 5151 suis.
1618 5095 1943 5153 Sustinendo

361 5195 479 5250 sine
496 5192 650 5262 culpa
677 5204 891 5263 poenam
920 5230 935 5255 ,
971 5197 1026 5244 et
1047 5188 1261 5258 culpam
1296 5187 1453 5241 solvit
1473 5196 1527 5243 et
1559 5203 1790 5257 pa'nam.
1822 5187 1944 5243 Cul-

364 5299 484 5353 pam
510 5281 706 5346 solvit,
735 5288 949 5351 peccata
976 5277 1225 5333 donando
1252 5298 1265 5330 :
1301 5292 1511 5346 ptrnam
1539 5277 1693 5331 solvit
1714 5318 1729 5344 ,
1753 5293 1779 5329 a
1803 5292 1945 5332 mor-

370 5374 472 5430 tuis
500 5369 848 5442 resurgendo.
879 5369 993 5424 Hoc
1019 5368 1301 5438 promisit,
1333 5376 1387 5422 et
1414 5383 1511 5423 uos
1540 5367 1591 5422 in
1632 5383 1726 5437 spe
1761 5368 1946 5421 ambu-

373 5463 485 5520 lare
508 5463 676 5518 voluit
708 5479 721 5515 :
756 5475 1188 5531 perseveremus,
1216 5467 1269 5514 et
1295 5458 1360 5512 ad
1401 5474 1525 5527 rem.
1555 5459 1941 5528 perveniemus.

369 5554 507 5609 Caro
522 5562 764 5625 resurget
780 5551 1196 5623 incorruptibilis
1219 5592 1234 5616 ,
1252 5564 1377 5606 caro
1393 5557 1635 5620 resurget
1654 5549 1771 5603 sine
1794 5549 1943 5613 vitio,

373 5643 491 5699 siue
515 5642 888 5706 deformitate,
921 5642 1037 5698 sine
1064 5639 1383 5697 mortalitate
1401 5681 1417 5707 ,
1448 5641 1562 5695 sine
1589 5654 1777 5704 oni-re,
1833 5639 1948 5694 sine

430 5752 448 5786 ι
487 5758 616 5810 κη,
639 5751 933 5803 subtrahere.

1572 321 1627 378 s.
1672 294 2033 376 .tUGlJSTlNl
2073 317 2378 376 EPISCOPI

3482 328 3623 382 “3‘2

2037 435 2292 504 pondere.
2320 436 2450 505 Quae
2480 452 2620 493 nunc
2653 438 2744 494 tibi
2774 439 2896 495 facit
2930 437 3283 511 tormentum,
3311 453 3495 515 postea
3528 447 3623 502 tibi

2037 529 2139 583 erit
2179 538 2570 585 ornamentum.
2605 530 2746 600 Ergo
2774 533 2818 585 si
2847 538 3045 589 bonum
3071 546 3154 590 est
3181 536 3381 596 habere
3425 556 3621 612 corpus

2037 619 2466 689 incorruptibile,
2514 636 2679 691 quare
2725 622 2826 678 hoc
2872 624 3133 680 facturum
3183 628 3348 684 Deum
3379 632 3622 690 volumus
3663 618 3678 669 '

2035 710 2356 782 desperare?
2692 716 2693 719 “

2105 804 2332 861 CAPUT
2373 805 2460 860 IV.
2485 837 2556 847 —
2576 810 2629 863 4.
2677 808 3107 881 Philosophorum
3135 816 3200 869 de
3224 819 3407 872 animo
3440 821 3620 874 condi-

2037 896 2168 950 tione
2198 908 2310 967 post
2333 910 2541 953 mortem
2571 901 2855 971 Opinioues.
2897 905 3206 977 Philosophi
3228 908 3412 966 satculi
3442 913 3626 983 hujus,

2037 987 2126 1057 qtti
2155 990 2329 1059 magni
2351 988 2637 1046 fueruntet
2663 991 2837 1059 docti,
2860 1004 2916 1050 et
2953 998 3478 1066 caeterismeliores,
3507 1001 3626 1056 aui-

2038 1093 2178 1133 mam
2202 1079 2491 1135 humanam
2513 1083 2869 1140 immortalem
2898 1101 3020 1143 65503
3040 1100 3328 1146 εοηεριυηι
3354 1110 3369 1145 τ
3401 1107 3505 1148 nec
3533 1109 3625 1148 50-

2037 1170 2459 1227 lum'scnseruut
2481 1215 2497 1240 ,
2527 1173 2621 1229 sed
2651 1176 2863 1244 quantis
2890 1185 3175 1245 potuerunt
3202 1185 3618 1251 argumentatio

2037 1264 2207 1321 nibus-
2241 1264 2628 1334 defenderunt,
2657 1276 2713 1322 et
2754 1268 2898 1338 ipsas
2939 1269 3282 1327 defensiones
3335 1288 3461 1330 suas
3489 1292 3621 1330 coa-

2039 1358 2266 1427 scriptas
2303 1358 2533 1426 posteris
2557 1359 2909 1429 reliquerunt.
2958 1361 3095 1416 Sunt
3138 1363 3292 1429 libri,
3351 1365 3620 1436 leguntur.

2039 1447 2164 1504 Ideo
2191 1450 2321 1503 istos
2373 1449 2721 1520 philosophos
2763 1451 2872 1506 dixi
2903 1452 3021 1507 aliis
3073 1453 3235 1509 fuisse
3264 1456 3517 1512 meliores
3568 1459 3621 1512 in

2038 1542 2436 1610 comparatione
2482 1542 2761 1612 pejorum;
2791 1543 2914 1613 quia
2961 1543 3174 1600 fuerunt
3200 1546 3503 1618 philosophi
3530 1551 3626 1619 qui

2039 1632 2279 1689 dicerent
2335 1633 2538 1688 homini
2565 1675 2580 1701 ,
2613 1651 2734 1690 cum
2774 1644 3014 1692 mortuus
3058 1636 3257 1706 fuerit,
3301 1641 3499 1694 nullam
3542 1642 3625 1695 vi-

2040 1732 2147 1778 tam
2174 1732 2357 1794 postea
2388 1741 2687 1782 remanere.
2721 1726 2938 1782 Talibus
2968 1728 3042 1783 illi
3073 1730 3257 1799 utique
3275 1734 3621 1800 prmpouendi

2041 1827 2183 1872 sunt.
2220 1818 2285 1872 Et
2311 1818 2490 1887 inquo
2515 1830 2669 1874 erant
2690 1820 2761 1873 illi
2789 1820 3038 1875 meliores
3056 1861 3072 1886 ,
3102 1823 3348 1891 quamvis
3369 1824 3420 1877 in
3443 1825 3623 1880 multis

2040 1924 2070 1961 a
2101 1907 2327 1963 veritate
2345 1908 2624 1965 deviantes
2643 1951 2658 1976 ,
2686 1919 2862 1966 tamen
2881 1912 2933 1966 in
2954 1926 3060 1981 quo
3084 1921 3239 1967 erant
3266 1914 3355 1968 isti
3384 1917 3622 1985 superio-

2043 2012 2131 2053 res
2154 2038 2168 2065 ,
2201 2000 2410 2054 veritati
2441 1998 2649 2055 fuerant
2679 2002 3115 2072 propinquantes.
3150 2003 3214 2057 lli
3239 2018 3369 2075 ergo
3385 2007 3475 2074 qui
3501 2021 3620 2061 seu-

2040 2101 2232 2148 serunt
2258 2102 2414 2162 atque
2434 2093 2683 2147 dixerunt
2710 2094 2917 2148 animas
2947 2094 3206 2150 humanas
3252 2097 3579 2152 immortales
3600 2141 3615 2161 ,

2042 2184 2108 2238 de
2135 2184 2288 2238 malis
2316 2183 2590 2238 hominum
2610 2226 2625 2250 ,
2655 2184 2723 2239 de
2747 2185 3002 2241 aerumnis
3029 2187 3405 2257 erroribusque
3426 2198 3618 2242 morta-

2045 2275 2170 2330 lium
2203 2276 2529 2346 quaesierunt
2570 2290 2793 2343 causas,
2844 2285 3100 2347 quantum
3151 2277 3396 2333 homines
3432 2290 3613 2349 potueo

2043 2374 2198 2431 runt;
2230 2375 2283 2421 et
2312 2366 2597 2430 dixerunt,
2620 2367 2758 2421 sicut
2789 2376 3073 2437 potuerunt
3093 2408 3107 2430 ,
3161 2370 3502 2438 pra'cessisse
3520 2384 3610 2423 ne-

2043 2457 2155 2512 scio
2200 2472 2319 2528 quze
2362 2458 2415 2511 in
2468 2458 2570 2511 alia
2597 2458 2700 2512 vita
2724 2462 2975 2527 peccata,
3026 2473 3252 2528 quorum
3285 2468 3615 2528 peccatorum

2045 2550 2235 2606 merito
2267 2551 2366 2604 ista
2387 2565 2610 2620 corpora
2639 2550 2782 2606 velut
2809 2566 3080 2606 carcerem
3126 2553 3319 2605 anima:
3349 2567 3613 2607 mereren-

2044 2653 2147 2698 tur.
2183 2644 2380 2699 Deinde
2428 2644 2710 2713 qumsituut
2754 2653 2835 2699 est
2865 2645 2933 2699 ab
2974 2645 3084 2709 eis,
3131 2645 3258 2714 quid
3292 2653 3471 2713 postea
3495 2661 3617 2700 cum

2043 2733 2203 2790 fuerit
2234 2734 2394 2788 homo
2422 2742 2697 2797 mortuus,
2740 2734 2866 2805 quid
2896 2734 3019 2788 erit.
3051 2735 3117 2788 Et
3148 2733 3233 2789 hic
3256 2735 3616 2789 contriverqu

2043 2827 2251 2896 ingenia
2282 2841 2408 2891 sua;
2440 2835 2494 2882 et
2548 2826 2953 2893 laboraverunt,
3007 2836 3261 2896 quantum
3296 2836 3611 2897 potuerunt,

2040 2917 2268 2973 reddere
2297 2916 2598 2972 hominibus
2627 2917 2885 2971 rationem
2907 2958 2922 2981 ,
2960 2917 3044 2972 vel
3086 2917 3185 2971 sibi
3212 2958 3227 2982 ,
3260 2917 3347 2971 vel
3374 2918 3489 2972 aliis
3518 2934 3531 2969 :
3557 2924 3613 2971 et

2040 3009 2321 3073 dixerunt,
2351 3007 2558 3062 animas
2596 3008 2869 3062 hominum
2899 3007 3039 3062 male
3068 3007 3358 3062 viventium
3388 3008 3613 3062 immun—

2039 3102 2136 3157 das
2155 3101 2405 3173 pessimis
2454 3100 2693 3155 moribus
2717 3142 2732 3167 ,
2762 3115 2884 3155 cum
2914 3101 3142 3155 exierint
3167 3099 3235 3155 de
3264 3101 3572 3170 corporibus
3595 3138 3613 3161 ,

2041 3207 2227 3247 rursus
2247 3191 2502 3246 continuo
2530 3190 2729 3245 revolvi
2749 3190 2814 3245 ad
2835 3191 2935 3245 alia
2967 3205 3190 3260 corpora
3208 3232 3223 3256 ,
3249 3199 3305 3245 et
3332 3205 3508 3261 poenas
3527 3190 3613 3243 hic

2041 3282 2188 3336 luere
2213 3296 2346 3352 quas
2373 3281 2643 3344 videmus;
2672 3295 2766 3336 eas
2795 3295 2923 3335 vero
2947 3281 3154 3335 animas
3179 3296 3301 3351 qua:
3322 3280 3454 3336 bene
3473 3281 3616 3334 vise-

2039 3382 2198 3439 runt,
2224 3389 2343 3429 cum
2395 3373 2625 3428 exierint
2665 3372 2733 3427 de
2761 3373 3075 3442 corporibus
3099 3415 3114 3440 ,
3170 3375 3248 3428 ire
3273 3374 3341 3429 ad
3390 3388 3612 3444 superna

2039 3466 2294 3522 caelorum
2315 3505 2330 3530 ,
2362 3465 2703 3535 rebuiescore
2729 3465 2797 3520 ibi
2832 3465 2882 3519 in
2910 3465 3078 3519 stellis
3104 3473 3157 3519 et
3185 3466 3468 3520 luminibus
3502 3466 3613 3519 istis

2039 3558 2341 3627 conspicuis
2366 3600 2381 3623 ,
2413 3557 2497 3612 vel
2527 3556 2948 3626 quibuscumque
2977 3557 3287 3612 caelestibus
3325 3557 3612 3627 abditisque

2039 3650 2296 3715 secretis,
2350 3647 2586 3703 oblivisci
2629 3647 2864 3701 omnium
2911 3648 3297 3716 praeteritorum
3327 3650 3612 3711 malorum,

2039 3753 2093 3799 et
2117 3756 2304 3802 rursus
2329 3741 2580 3797 delectari
2604 3740 2779 3795 redire
2797 3740 2861 3794 ad
2884 3754 3107 3810 corpora
3124 3782 3138 3805 .
3157 3750 3209 3795 et
3228 3742 3411 3796 venire
3430 3742 3610 3796 iterum

2010 3856 2011 3859 η
2040 3833 2106 3888 ad
2148 3834 2244 3888 ista
2270 3831 2536 3903 patienda.
2565 3831 2676 3887 Hoc
2704 3845 2832 3901 ergo
2878 3830 3138 3886 interesse
3165 3830 3448 3886 voluerunt
3481 3832 3611 3885 inter

2041 3924 2248 3979 animas
2279 3930 2615 3994 peccatorum
2644 3931 2698 3976 et
2725 3921 2930 3975 animas
2954 3921 3252 3991 justorum,
3285 3923 3405 3991 quia
3434 3936 3609 3991 perea-

2043 4025 2215 4070 torum
2261 4013 2467 4068 animas
2515 4012 2582 4067 de
2617 4011 2858 4082 proximo
2902 4011 3080 4066 statim
3120 4026 3241 4066 cum
3289 4012 3511 4066 exierint
3543 4010 3610 4063 de

2041 4105 2382 4177 corporibus,
2409 4104 2596 4160 dicunt
2631 4103 2828 4159 revolvi
2864 4104 2932 4159 ad
2967 4103 3135 4158 altera
3170 4118 3429 4174 corpora;
3452 4104 3607 4173 justo—

2026 4212 2159 4267 ,rum
2202 4205 2381 4251 autem
2421 4194 2627 4248 animas
2669 4192 2758 4248 diu
2806 4208 2927 4249 esse
2970 4194 3023 4248 in
3065 4194 3283 4264 requie;
3312 4211 3415 4249 non
3447 4204 3607 4249 tamen

2041 4303 2275 4359 semper,
2298 4286 2392 4342 sed
2431 4299 2616 4340 rursus
2639 4284 2892 4340 delectari
2930 4284 3275 4354 corporibus,
3306 4294 3360 4341 et
3385 4285 3451 4341 de
3476 4299 3607 4339 sum-

2044 4382 2145 4437 mis
2173 4379 2324 4435 caelis
2353 4387 2474 4449 post
2505 4385 2703 4431 tantam
2741 4374 3000 4446 justitiam
3040 4374 3107 4431 ad
3141 4374 3241 4430 ista
3268 4376 3408 4431 mala
3446 4377 3607 4430 facere

2042 4488 2271 4529 ruinam.

2112 4561 2336 4620 CAPUT
2382 4560 2445 4615 ν.
2476 4590 2548 4601 —-
2573 4558 2840 4630 Sapientia
2867 4557 3045 4612 mundi
3072 4557 3177 4612 Deo
3223 4559 3461 4613 stultitia.
3518 4555 3611 4609 Re-

2043 4647 2284 4710 surrcctio
2310 4646 2559 4715 promissa
2579 4643 2677 4714 piis
2706 4642 3017 4697 credentibus
3040 4642 3093 4695 in
3130 4640 3481 4695 Mediatorem.
3510 4638 3611 4693 lluc

2044 4738 2294 4793 dixerunt
2321 4735 2473 4791 valde
2507 4734 2681 4803 magni
2705 4731 3024 4803 philosOpbi.
3069 4730 3175 4785 lsto
3222 4732 3344 4802 plus
3390 4731 3615 4787 invenire

2045 4828 2176 4883 nihil
2203 4833 2487 4897 potuerunt
2532 4822 2831 4894 philosophi
2870 4821 3051 4877 mundi
3097 4821 3293 4890 hujus,
3325 4821 3396 4877 de
3435 4821 3617 4891 quibus

2045 4917 2174 4973 dicit
2192 4917 2464 4985 Scriptura
2495 4923 2677 4968 nostra
2711 4929 2725 4965 :
2756 4912 2978 4968 Stultum
2999 4911 3114 4984 fecit
3139 4909 3281 4966 Deus
3326 4911 3619 4982 sapientiam

2046 5009 2199 5080 hujus
2226 5008 2421 5062 mutuli.
2453 5006 2510 5062 Si
2539 5004 2852 5075 sapientiam
2875 5045 2890 5070 ,
2914 5012 3108 5074 quanto
3130 5003 3300 5073 magis
3324 5003 3625 5058 stultitiam?

2047 5099 2101 5155 Si
2126 5099 2383 5169 sapientia
2401 5094 2582 5152 mundi
2610 5094 2831 5149 stultitia
2859 5104 2941 5149 est
2958 5092 3098 5164 apud
3121 5093 3287 5149 Deum
3308 5135 3324 5160 ,
3347 5109 3473 5150 vera
3493 5095 3628 5149 stul-

2050 5190 2162 5243 titia
2189 5187 2373 5243 mundi
2400 5201 2557 5258 quam
2586 5185 2744 5256 longe
2766 5193 2850 5240 est
2877 5200 2907 5239 a
2935 5184 3084 5239 Deo?
3128 5184 3224 5239 Est
3250 5193 3429 5240 tamen
3480 5200 3626 5255 qua:-

2047 5280 2168 5335 dam
2195 5279 2418 5333 stultitia
2444 5275 2625 5331 mundi
2654 5275 2829 5345 hujus,
2854 5289 2974 5345 quae
3002 5274 3320 5344 pervenitad
3342 5275 3509 5330 Deum
3528 5274 3634 5339 ,dc

2051 5386 2151 5440 qua
2177 5369 2305 5425 dicit
2333 5368 2621 5438 Apostolus
2653 5384 2666 5420 :
2702 5366 2955 5431 Quoniam
3005 5366 3057 5419 in
3106 5364 3355 5434 sapientia
3394 5364 3486 5418 Dei
3529 5382 3629 5417 non

2051 5462 2279 5533 cognovit
2308 5459 2527 5514 mundus
2578 5474 2668 5528 per
2715 5456 3014 5528 sapientiam
3067 5455 3249 5516 Deum,
3284 5456 3473 5525 placuit
3527 5454 3634 5507 Dea

2054 5571 2142 5627 per
2173 5551 2437 5609 stultitiam
2463 5548 2836 5621 prazdicationis
2860 5547 3026 5602 salvos
3055 5548 3218 5615 facere
3256 5546 3527 5598 credentes.
3565 5544 3633 5597 l-Zt

2052 5647 2223 5700 dicit:
2259 5661 2277 5694 ι
2310 5641 2571 5710 Quoniam
2597 5637 2766 5694 Judzei
2792 5638 2939 5705 signa
2971 5644 3173 5706 petunt,
3222 5643 3277 5687 et
3328 5634 3496 5688 Grm
3544 5646 3633 5685 sa-

2052 5736 2307 5809 pientiam
2336 5741 2620 5807 qua-runt:
2654 5746 2748 5787 nos
2776 5737 2951 5784 autem
2977 5725 3327 5798 prtedicamus
3364 5725 3629 5781 Christum
