3926 6188
242 401 379 458 1155

238 506 589 579 cruciﬁxum;
636 502 831 569 Iudaeis
889 511 1100 583 quidem
1158 507 1466 565 scandalum
1504 552 1517 573 ,
1564 504 1821 561 Gentibus

239 607 561 670 stultitiam;
612 606 741 676 ipsis
786 612 963 659 autem
1017 602 1218 658 vocalis
1268 601 1465 657 Judmis
1509 607 1566 655 et
1622 595 1824 653 Grmcis

239 698 515 752 Christum
543 697 633 751 Dei
663 696 910 750 virtutem
934 703 989 749 ct
1014 694 1104 748 Dei
1133 691 1447 762 sapientiam
1486 708 1505 741 ι
1547 687 1601 761 (1
1630 686 1747 743 Cor.
1782 702 1820 753 ι,

244 787 468 861 90-24).
496 788 661 843 Venit
685 788 943 842 Dominus
971 773 1233 849 Christus,
1264 784 1531 854 sapientia
1562 781 1653 837 Dei
1676 800 1693 834 ξ
1714 794 1824 835 εω-

245 879 351 933 Ium
395 886 580 934 tonat:
634 892 780 931 rana:
806 884 1028 931 taceant.
1067 874 1219 944 Quod
1248 873 1384 929 dixit
1436 872 1633 927 veritas
1657 913 1672 938 ,
1723 869 1823 925 hoc

240 977 322 1024 est
350 984 557 1024 verum.
586 967 736 1037 Quod
764 968 913 1033 dixit,
950 968 1001 1022 in
1043 968 1185 1021 malo
1238 965 1453 1036 quidem
1500 979 1621 1019 esse
1657 976 1825 1033 genus

245 1063 535 1114 humanum
566 1074 724 1114 causa
764 1058 999 1128 peccati,
1050 1055 1387 1111 manifestum
1414 1064 1518 1110 est.
1571 1053 1677 1109 Sed
1732 1052 1824 1123 qui

247 1150 449 1205 credidi
470 1150 540 1204 rit
566 1150 617 1203 in
644 1149 987 1204 Mediutorem
1005 1191 1019 1215 ,
1047 1148 1134 1218 qui
1165 1146 1482 1203 constitutus
1508 1153 1591 1200 cst
1617 1142 1824 1197 medius

241 1240 378 1295 inter
405 1241 574 1296 Deum
596 1248 649 1295 et
674 1239 915 1293 homines
954 1237 1125 1310 (inter
1156 1237 1317 1291 Deum
1341 1236 1541 1305 justum
1570 1243 1623 1289 et
1647 1232 1823 1287 homi-

244 1346 339 1385 nvs
385 1331 649 1400 injustos,
708 1329 913 1383 medius
977 1328 1138 1382 homo
1198 1326 1394 1396 justus,
1439 1324 1824 1379 humanitatem

242 1421 446 1476 habens
467 1420 534 1475 de
562 1420 687 1486 imo,
712 1419 971 1490 justitiam
998 1418 1067 1474 dc
1093 1433 1302 1472 summo
1321 1433 1336 1481 ;
1353 1425 1405 1471 ct
1431 1416 1551 1473 ideo
1582 1415 1821 1471 medius:

243 1511 365 1565 hinc
388 1527 549 1565 unum
574 1552 590 1577 ,
637 1521 690 1565 et
713 1510 836 1564 inde
861 1525 1021 1563 unmn
1056 1526 1069 1562 :
1098 1509 1219 1579 quia
1249 1508 1293 1562 si
1340 1516 1623 1577 utrumque
1676 1504 1821 1570 inde,

242 1605 310 1657 ibi
341 1613 522 1668 esset;
560 1603 604 1658 si
646 1612 931 1673 utrumque
972 1602 1135 1667 hinc,
1181 1602 1455 1656 nobiscum
1497 1602 1731 1670 jaceret,
1772 1606 1827 1654 et

242 1696 448 1750 medius
466 1711 570 1751 non
590 1697 752 1767 esset)
773 1714 786 1750 :
807 1696 893 1765 qui
918 1710 1045 1765 ergo
1072 1694 1357 1749 crediderit
1384 1693 1434 1747 in
1460 1692 1818 1759 Mediatorem,

239 1795 294 1840 et
346 1786 570 1841 lidelitcr
611 1800 674 1840 ac
723 1786 860 1841 bene
886 1784 1117 1851 vixerit,
1170 1785 1311 1839 cxiet
1341 1783 1556 1854 quidem
1604 1782 1672 1838 de
1699 1797 1822 1837 cor-

241 1891 393 1947 pore,
420 1887 473 1933 et
502 1878 604 1932 erit
636 1877 689 1932 in
717 1877 933 1947 requie;
978 1883 1160 1945 postea
1204 1889 1332 1931 vero
1362 1875 1582 1944 recipiet
1631 1888 1825 1943 corpus

242 1983 347 2023 non
378 1968 446 2023 ad
475 1977 791 2024 tormentum
813 2009 829 2034 ,

241 2075 365 2115 cum
394 2060 505 2116 Deo
532 2061 583 2115 in
628 2069 905 2116 aeternum.
937 2059 1054 2114 Non
1084 2069 1167 2115 est
1193 2058 1332 2128 quod
1356 2073 1479 2112 eum
1500 2056 1726 2112 delectet
1770 2065 1829 2111 ut

243 2153 433 2209 redeat
463 2173 476 2208 :
502 2154 621 2223 quia
648 2169 829 2209 secum
859 2153 1020 2209 habet
1044 2168 1259 2223 corpus.
1289 2153 1462 2222 Ergo,
1488 2149 1787 2207 charissimi
1809 2191 1824 2215 ,

242 2245 495 2313 quoniam
524 2246 772 2316 proposui
802 2246 953 2300 vobis
981 2245 1141 2300 hodie
1166 2244 1293 2316 quid
1321 2245 1501 2300 dicant
1522 2247 1681 2300 etiam
1704 2244 1827 2315 phi-

244 2337 455 2408 losophi
490 2338 673 2393 mundi
699 2338 876 2407 hujus,
906 2353 1130 2408 quorum
1163 2338 1302 2393 Deus
1348 2336 1660 2408 sapientiam
1718 2347 1831 2392 tan-

246 2446 406 2499 quam
439 2446 622 2486 veram
662 2431 941 2485 stultitiam
993 2429 1330 2499 reprobavit,
1359 2431 1629 2497 crastino,
1683 2429 1832 2500 adju-

247 2530 405 2579 vante
441 2523 670 2578 Domino
692 2566 709 2592 ,
733 2536 1001 2594 exponere
1027 2522 1335 2592 poterimus.

652 2681 660 2689 ·
742 2677 972 2734 SERMO
1009 2678 1210 2734 CCXLI
1238 2682 1256 2703 δ
1278 2680 1374 2752 (α).

698 2797 748 2840 In
770 2791 945 2842 diebus
967 2791 1284 2854 Paschalihus,
1308 2805 1391 2843 xu.

396 2894 475 2949 De
502 2895 881 2953 Resurrectione
904 2913 1212 2968 corporum,
1243 2904 1417 2953 contra
1446 2895 1687 2953 Gentiles.

321 3007 550 3063 CAPUT
592 3006 1029 3063 PRIMUM—1.
1069 3007 1390 3062 Resurrectio
1409 3007 1536 3077 ﬁdes
1590 3006 1835 3063 Christia-

250 3115 457 3152 norum.
491 3097 623 3153 Deus
666 3116 697 3151 a
719 3099 1033 3170 philosophis
1071 3099 1297 3168 cognitus
1321 3115 1386 3153 ea:
1410 3100 1643 3170 operibus
1692 3116 1836 3154 mun-

249 3193 325 3247 di.
401 3191 622 3262 Propria
674 3191 806 3247 ﬁdes
849 3201 933 3247 est
984 3190 1406 3247 Christianorum
1445 3233 1460 3258 ,
1516 3192 1838 3247 resurrectio

249 3290 608 3338 mortuorum.
635 3281 783 3337 lianc
803 3282 856 3337 in
886 3297 946 3337 se
975 3283 1091 3352 ipso
1109 3323 1124 3349 ,
1170 3281 1222 3336 id
1251 3290 1364 3344 est,
1388 3283 1835 3338 resurrectionem

249 3381 586 3426 mortuorum
625 3414 640 3438 ,
686 3381 845 3442 caput
898 3383 1136 3427 nostrum
1185 3372 1427 3441 Christus
1470 3374 1734 3439 ostendit,
1784 3385 1840 3431 et

247 3464 555 3532 exemplum
580 3463 701 3519 ﬁdei
732 3463 885 3519 nobis
911 3463 1195 3533 praestitit;
1226 3473 1283 3519 ut
1308 3465 1410 3520 hoc
1429 3474 1645 3536 sperent
1672 3481 1840 3521 mem-

249 3555 351 3609 bra
382 3556 435 3609 in
466 3570 548 3618 se,
583 3555 723 3625 quod
752 3556 1027 3627 praecessit
1052 3556 1104 3611 in
1130 3557 1321 3627 capite.
1355 3558 1616 3614 Hesterno
1643 3558 1730 3613 die
1756 3573 1840 3613 vo-

250 3646 337 3699 bis
367 3645 777 3709 insinuavimus,
808 3646 1074 3717 sapientes
1101 3646 1353 3702 Gentium
1376 3689 1390 3714 ,
1422 3663 1556 3717 quos
1600 3647 1839 3717 philoso-

255 3734 394 3802 phos
414 3734 619 3801 dicunt,
649 3735 793 3805 ipsos
813 3736 901 3805 qui
924 3735 976 3789 iu
1004 3736 1087 3791 eis
1118 3737 1556 3791 excellentissimi
1586 3737 1798 3792 fuerunt
1820 3778 1835 3804 ,

251 3832 524 3879 scrutatos
552 3826 714 3880 luisse
763 3834 1005 3880 naturam
1029 3867 1042 3891 ,
1080 3834 1136 3881 et
1178 3827 1246 3881 de
1298 3826 1549 3896 operibus
1580 3827 1839 3884 artiﬁcem

250 3915 572 3985 cognovisse
599 3913 650 3989 (1
656 3933 689 3969 n
725 3917 985 3986 superiore
1007 3913 1276 3988 sermone).
1297 3916 1592 3987 Prophetas
1618 3932 1722 3973 non
1746 3933 1839 3972 au-

252 4006 494 4072 dierunt,
543 4007 711 4078 legem
741 4008 834 4063 Dei
874 4024 982 4063 non
1028 4018 1395 4077 acceperunt:
1440 4009 1533 4065 sed
1568 4011 1648 4066 eis
1701 4011 1840 4065 Deus

249 4097 489 4167 quodam
516 4098 674 4153 modo
700 4100 866 4154 silens
887 4098 1052 4169 ipsius
1083 4098 1263 4153 mundi
1292 4099 1543 4169 operibus
1584 4099 1839 4171 loqueba-

252 4199 364 4253 tur,
411 4199 465 4244 et
508 4204 603 4245 eos
626 4190 692 4246 ad
721 4190 1067 4261 quaerendum
1095 4190 1353 4247 artiﬁcem
1378 4207 1553 4247 rerum
1580 4232 1595 4257 ,
1655 4193 1840 4248 mundi

249 4282 464 4348 species
488 4281 785 4337 invitabat:
827 4298 926 4338 nec
970 4292 1260 4353 potuerunt
1286 4284 1596 4339 inanimum
1623 4285 1841 4340 induce-

250 4386 334 4435 re,
359 4371 555 4426 caelum
584 4381 639 4426 et
661 4380 859 4428 terram
903 4373 1021 4428 sine
1062 4382 1282 4428 auctore
1333 4384 1599 4430 constare.
1633 4376 1708 4431 De
1758 4377 1841 4433 his

250 4458 447 4516 beatus
488 4460 683 4516 Paulus
737 4464 1009 4532 apostolus
1068 4464 1139 4518 ita
1188 4464 1420 4534 loquitur
1470 4482 1492 4519 ε
1536 4466 1837 4534 Revelatur,

252 4549 450 4618 inquit,
474 4551 553 4603 ira
580 4549 675 4605 Dei
702 4552 764 4605 de
783 4552 908 4606 coelo
939 4569 1091 4621 super
1114 4569 1312 4609 omnem
1350 4555 1677 4624 impietatem.
1703 4558 1840 4624 Quid

250 4650 338 4695 est
358 4682 375 4705 ,
421 4657 576 4710 super
617 4658 815 4696 onmem
856 4643 1200 4712 impietatem?
1235 4644 1349 4701 Non
1376 4646 1545 4701 solum
1571 4661 1732 4717 super
1752 4648 1843 4703 Ju-

253 4729 442 4796 dmos,
475 4730 564 4799 qui
596 4731 689 4787 Dei
723 4732 892 4801 legem
935 4741 1291 4802 acceperunt,
1334 4744 1389 4789 et
1432 4735 1563 4806 legis
1602 4736 1841 4793 datorem

248 4818 630 4887 olfenderunt;
663 4836 848 4876 verum
884 4823 1044 4878 etiam
1069 4839 1232 4893 super
1259 4838 1474 4880 omnem
1517 4823 1841 4895 impietatem

250 4911 512 4967 Gentium
540 4914 807 4969 reveletur
829 4915 906 4969 ira
934 4915 1026 4970 Dei
1055 4916 1123 4970 de
1144 4916 1299 4973 ctelo.
1348 4917 1415 4971 Et
1452 4932 1520 4972 ne
1563 4918 1841 4991 quisquam

249 5002 480 5067 diceret,
508 5003 705 5071 Quare,
731 5019 851 5059 cum
880 5006 978 5074 ipsi
1006 5007 1174 5076 legem
1202 5023 1306 5063 non
1334 5009 1670 5077 acceperint?
1687 5024 1842 5064 secu-

250 5100 341 5148 tus
388 5092 761 5162 adjunxitzEt
807 5096 1107 5165 injustitiam
1155 5112 1329 5151 eorum
1364 5099 1451 5168 qui
1497 5100 1750 5152 veritatem
1788 5100 1844 5154 in

250 5184 523 5254 iniquitate
547 5184 789 5240 detinent.
810 5185 927 5240 1am
960 5196 1012 5242 tu
1035 5187 1325 5257 responde:
1345 5188 1510 5255 Quam
1534 5191 1844 5246 veritatem?

253 5272 377 5327 Non
407 5273 550 5328 enim
576 5285 901 5346 acceperunt
938 5276 1171 5348 Legem,
1220 5294 1326 5333 non
1377 5281 1519 5335 enim
1565 5281 1846 5337 audierunt

254 5364 597 5435 prophetam.
630 5368 766 5423 Audi
792 5385 951 5439 quam
976 5370 1249 5426 veritatem
1276 5388 1290 5424 :
1320 5370 1569 5436 Quoniam
1595 5375 1731 5445 quod
1755 5392 1846 5429 no-

254 5464 371 5509 tum
396 5465 486 5521 est,
511 5456 716 5527 inquit,
751 5457 864 5525 Dei,
892 5461 1213 5532 manifestum
1237 5471 1310 5515 est
1334 5463 1386 5515 in
1414 5463 1536 5517 illis.
1567 5463 1716 5520 Unde
1743 5481 1849 5521 ma-

251 5544 549 5600 nifestum?
578 5548 771 5603 Adhuc
802 5549 932 5625 [audi
958 5568 973 5605 :
1000 5550 1139 5608 Deus
1170 5552 1302 5608 enim
1344 5554 1446 5608 illis
1487 5556 1842 5627 manifestavit.

317 5653 338 5671 '
354 5649 575 5724 _Col_l:ttus
674 5666 850 5708 omnes
867 5662 971 5709 Mss.
999 5664 1052 5707 et
1092 5657 1204 5707 add.
1230 5666 1278 5709 In
1300 5671 1528 5710 sermone
1550 5660 1847 5724 praecedenti

247 5712 401 5779 mle
422 5713 723 5779 designatos-

316 5775 397 5838 (α)
420 5772 561 5839 “lli;
664 5783 903 5841 Tempore
932 5778 1034 5829 us.

1651 387 1884 448 SERMO
1920 388 2139 445 CCXLI.

897 1967 991 2023 sed
1020 1967 1084 2022 ad
1115 1973 1483 2021 ornamentum
1506 2007 1521 2031 ,
1578 1975 1634 2021 et
1683 1965 1839 2020 vivet'

3384 389 3518 449 1134

1938 501 1994 558 Si
2025 502 2201 558 adhuc
2230 501 2463 573 qua'ris,
2492 500 2768 569 Quomodo
2811 495 3196 569 manifestavit,
3228 503 3419 574 quibus
3443 507 3522 560 le-

1935 607 2056 663 gem
2087 607 2196 647 non
2227 592 2408 649 dedit?
2435 594 2556 649 audi
2585 593 2890 665 quomodo:
2915 592 3198 648 [invisibilia
3229 593 3361 648 enim
3387 597 3519 666 ejus,

1935 702 1967 740 α
1995 686 2351 742 constitutione
2380 687 2580 755 mundi,
2609 704 2698 758 per
2722 704 2780 741 ea
2800 703 2911 758 qute
2936 689 3071 759 facta
3096 695 3234 752 sunt,
3264 687 3520 741 intellecta

1932 777 2331 847 conspiciuntur.
2362 776 2641 832 Invisibilia
2668 779 2800 833 enim
2827 778 2957 849 ejus,
2986 777 3087 833 hoc
3113 786 3213 843 est,
3240 777 3521 832 invisibilia

1931 866 2064 921 Dei:
2091 884 2122 920 a
2148 869 2499 922 constitutione
2544 869 2755 933 mundi,
2785 868 2833 923 id
2857 877 2975 935 est,
3000 884 3063 923 ex
3095 884 3201 939 quo
3248 868 3523 923 constituit

1931 957 2186 1012 mundum
2212 976 2226 1013 :
2252 975 2341 1028 per
2364 975 2424 1013 ea
2452 975 2566 1028 quae
2602 963 2738 1031 facta
2775 969 2891 1012 sunt
2924 958 3178 1012 intellecta
3203 959 3525 1029 conspiciun-

1931 1057 2032 1115 tur,
2064 1050 2149 1104 illa
2180 1067 2275 1121 per
2305 1051 2421 1106 hzrc
2445 1052 2711 1106 intellecta
2741 1036 3161 1121 conspiciuntur.
3198 1049 3523 1122 Sempiterna

1930 1154 2160 1210 quoque;
2186 1141 2348 1196 verba
2377 1142 2614 1212 Apostoli
2644 1141 2788 1210 dico,
2814 1142 2924 1212 ipsa
2952 1150 3135 1198 attexo
3161 1160 3176 1196 :
3200 1141 3521 1212 Sempiterna

1930 1246 2124 1301 quoque
2160 1232 2317 1286 virtus
2361 1233 2469 1303 ejus
2512 1242 2558 1286 et
2602 1232 2840 1287 diuinitas
2864 1273 2878 1297 ,
2904 1231 3157 1287 subaudis
3183 1274 3198 1298 ,
3250 1231 3519 1288 Intellecta

1931 1324 2352 1393 conspiciuntur.
2388 1324 2457 1379 Ut
2499 1325 2598 1380 sint
2639 1323 3020 1380 inexcusabiles.
3050 1324 3225 1391 Quare
3249 1325 3517 1379 inexcusa-

1933 1413 2093 1467 biles?
2117 1412 2248 1479 Quia
2273 1425 2627 1486 cognoscentes
2671 1416 2831 1470 Deum
2853 1457 2867 1483 ,
2907 1433 3007 1470 non
3049 1417 3179 1470 sicut
3214 1415 3377 1470 Deum
3403 1416 3518 1488 glo-

1930 1507 2273 1577 rificaverunt,
2304 1518 2393 1562 aut
2417 1510 2610 1580 gratias
2636 1519 2861 1581 egerunt.
2889 1508 3005 1564 Non
3031 1507 3183 1575 dixit,
3211 1508 3519 1564 Nescietttcs

1941 1599 2136 1664 Deum;
2170 1600 2281 1665 sed,
2313 1611 2681 1672 cognoscentes.

2002 1690 2229 1746 CAPUT
2253 1691 2292 1745 ΙΙ
2302 1723 2389 1743 .—-
2403 1693 2458 1746 2.
2480 1690 2812 1747 Pulchritudo
2828 1701 3171 1748 creaturarum
3182 1694 3431 1765 confessio
3447 1704 3519 1747 cst

1932 1782 2203 1837 Creatoris.
2219 1784 2292 1837 Ab
2304 1784 2520 1839 hominis
2540 1786 2821 1855 cognitione
2835 1786 2903 1838 ad
2922 1787 3257 1856 cognitionem
3281 1786 3373 1839 Dei
3401 1804 3519 1857 quo-

1936 1873 2085 1928 modo
2099 1884 2423 1943 peruenerunt
2435 1874 2740 1946 pliitosOpIti.
2757 1874 2908 1930 Unde
2923 1876 3328 1945 cognoscentes?
3345 1876 3420 1930 Ex
3439 1877 3519 1929 bis

1933 1979 2052 2035 qua:
2073 1963 2216 2019 fecit.
2249 1964 2516 2035 Interroga
2554 1964 3001 2034 pulchritudinem
3032 1972 3187 2019 terra:
3207 2005 3222 2029 ,
3257 1964 3520 2033 interroga

1932 2055 2380 2126 pulchritudinem
2404 2056 2587 2123 maris,
2618 2056 2884 2127 interroga
2925 2056 3365 2126 pulchritudinem
3391 2057 3524 2110 dila-

1935 2148 2028 2201 tati
2057 2156 2107 2202 et
2133 2146 2308 2202 diﬁ‘usi
2331 2148 2487 2214 aeris,
2510 2147 2774 2218 interroga
2803 2147 3247 2218 pulchritudinem
3275 2149 3418 2214 εαξη,
3444 2149 3524 2201 in-

1936 2247 2142 2309 terroga
2171 2239 2410 2293 ordinem
2440 2239 2696 2305 siderum,
2721 2240 2985 2309 interroga
3011 2240 3179 2295 solem
3199 2238 3404 2310 fulgore
3426 2254 3523 2294 suo

1936 2329 2080 2385 diem
2101 2329 2502 2396 clariﬁcanlem,
2529 2331 2797 2401 interroga
2824 2330 3001 2384 lunam
3030 2329 3313 2400 splendore
3339 2331 3525 2384 subsc-

1937 2420 2150 2491 quentis
2175 2420 2345 2475 noctis
2378 2419 2622 2475 tenebras
2661 2429 3079 2491 temperantem,
3110 2421 3375 2491 interroga
3406 2422 3522 2475 ani-

1938 2511 2095 2567 malia
2124 2527 2241 2583 qua:
2278 2520 2556 2568 moventur
2583 2512 2633 2566 in
2662 2512 2815 2582 aquis
2839 2555 2854 2579 ,
2886 2528 3004 2582 qua:
3033 2522 3305 2567 morantur
3331 2512 3382 2566 in
3415 2522 3524 2567 ter-

1938 2605 2035 2670 ris,
2065 2620 2185 2675 quae
2213 2604 2436 2660 volitant
2461 2605 2513 2660 in
2541 2620 2701 2671 aere;
2732 2604 2955 2659 latentes
2980 2604 3216 2669 animas,
3249 2605 3523 2673 perspicua

1940 2710 2164 2765 corpora
2186 2713 2201 2762 ;
2229 2696 2455 2751 visibilia
2483 2696 2734 2767 regenda,
2754 2696 3045 2752 invisibiles
3066 2706 3310 2764 regentes
3335 2714 3349 2751 :
3373 2696 3535 2751 inter-

1943 2802 2068 2857 roga
2090 2787 2213 2853 ista,
2243 2786 2587 2857 Respondent
2608 2787 2702 2842 tibi
2730 2786 2906 2842 omnia
2932 2804 2945 2840 :
2981 2786 3115 2842 Ecce
3143 2783 3282 2851 vide,
3305 2786 3524 2855 pulchra

1940 2891 2142 2931 sumus.
2165 2876 2508 2932 Pulchritudo
2523 2892 2735 2943 eorum,
2760 2876 3025 2931 confessio
3052 2890 3256 2932 eorum.
3286 2876 3388 2929 Ista
3419 2875 3538 2944 pul-

1940 2967 2066 3022 cbra
2094 2966 2365 3031 mutabilia
2391 2967 2511 3037 quis
2531 2967 2671 3032 fecit,
2693 2966 2792 3021 nisi
2811 2965 3255 3021 incommutabilis
3270 2964 3527 3035 pulcher?

1943 3058 1999 3112 In
2026 3058 2143 3128 ipso
2170 3054 2401 3129 denique
2422 3058 2639 3113 homine
2661 3098 2676 3125 ,
2705 3068 2765 3113 ut
2800 3067 3015 3128 possent
3040 3058 3335 3128 intelligere
3358 3067 3413 3113 et
3437 3071 3528 3113 co-

1939 3165 2197 3221 guosccre
2221 3151 2388 3205 Deum
2409 3150 2642 3205 universi
2667 3149 2850 3207 mundi
2867 3156 3195 3216 creatorem;
3219 3148 3273 3203 iu
3297 3149 3434 3219 ipso,
3449 3148 3530 3203 in-

1941 3257 2098 3311 quam
2118 3283 2132 3306 ,
2165 3240 2382 3297 homine
2411 3242 2874 3312 interrogaverunt
2914 3242 3031 3303 lucc
3056 3241 3195 3307 duo,
3240 3256 3435 3311 corpus
3474 3252 3533 3297 et

1941 3331 2192 3384 animam.
2212 3330 2321 3385 lloc
2344 3330 2742 3404 interrogabant
2763 3330 2906 3401 quod
2930 3339 2983 3386 et
3004 3330 3102 3401 ipsi
3120 3330 3427 3400 gestabant:
3452 3330 3531 3384 vi-

1943 3421 2138 3477 debant
2163 3437 2380 3492 corpus,
2409 3423 2641 3477 animam
2659 3438 2766 3477 non
2786 3422 3053 3477 videbant.
3076 3419 3183 3476 Sed
3208 3434 3402 3490 corpus
3426 3420 3528 3476 nisi

1942 3510 2010 3567 de
2037 3512 2212 3565 anima
2250 3526 2354 3566 non
2386 3511 2655 3567 videbant.
2686 3510 2948 3566 Videbam
2975 3509 3118 3564 enim
3151 3524 3246 3578 per
3273 3508 3487 3565 oculum
3507 3549 3526 3575 ,

1943 3603 2035 3658 sed
2052 3603 2194 3658 intus
2212 3592 2325 3658 erat
2337 3603 2424 3672 qui
2448 3619 2541 3673 per
2556 3602 2815 3658 fenestras
2839 3600 3147 3671 aspiciebat.
3174 3601 3408 3672 Denique
3426 3600 3531 3657 dis«

1943 3693 2166 3750 cedente
2187 3693 2504 3759 habitatore,
2541 3693 2681 3763 jacet
2696 3692 2887 3748 domus
2907 3710 2919 3745 :
2938 3691 3245 3748 discedente
3266 3692 3356 3762 qui
3383 3706 3530 3762 rege-

1944 3784 2052 3851 bat,
2077 3785 2218 3841 cadit
2244 3785 2385 3855 quod
2411 3784 2731 3854 regebatur:
2762 3793 2817 3840 et
2839 3783 3089 3855 quoniam
3112 3784 3272 3852 cadit,
3300 3784 3530 3841 cadaver

1943 3885 2182 3932 vocatur.
2213 3875 2400 3931 Nonne
2429 3874 2500 3930 ibi
2527 3876 2664 3931 oculi
2705 3876 2932 3947 integri?
2965 3876 3076 3931 Etsi
3111 3885 3361 3947 pateant,
3395 3877 3528 3934 nihil

1944 3967 2146 4023 vident.
2179 3967 2348 4023 Aures
2375 3966 2600 4033 adsunt;
2630 3962 2728 4022 sed
2771 3966 3018 4038 migravit
3054 3966 3265 4022 auditor
3291 3984 3305 4020 :
3337 3966 3532 4037 lingua:

1945 4073 2201 4130 organum
2232 4066 2441 4125 manet;
2472 4058 2569 4114 sed
2594 4057 2857 4113 abscessit
2882 4056 3113 4113 musicus
3140 4057 3229 4127 qui
3253 4056 3527 4131 movebat.

1946 4150 2409 4221 interrogaverunt
2436 4164 2563 4220 ergo
2589 4150 2691 4203 ista
2730 4147 2857 4217 duo,
2890 4163 3085 4218 corpus
3118 4147 3262 4218 quod
3288 4146 3526 4212 videtur,

1946 4224 2177 4297 animam
2210 4258 2328 4311 qua:
2352 4255 2457 4295 non
2489 4240 2735 4295 videtur:
2763 4249 2819 4295 et
2846 4240 3161 4295 invenerunt
3189 4238 3381 4294 melius
3409 4252 3532 4294 esse

1947 4330 2074 4386 illud
2101 4331 2241 4402 quod
2263 4346 2369 4385 non
2395 4330 2622 4397 videtur,
2653 4345 2810 4400 quam
2836 4329 2966 4385 illud
2987 4329 3128 4400 quod
3150 4328 3390 4395 videtur;
3419 4344 3532 4384 me-

1948 4421 2135 4477 liorem
2168 4421 2395 4475 auimam
2432 4420 2682 4476 latentem
2704 4461 2718 4483 ,
2760 4420 3079 4476 deteriorem
3107 4435 3321 4476 carnem
3363 4434 3530 4491 appa-

1946 4524 2172 4569 rentem.
2221 4513 2480 4569 Viderunt
2548 4514 2679 4579 ista,
2735 4513 2908 4568 intuiti
2957 4522 3114 4579 sunt,
3165 4512 3531 4568 discusserunt

1949 4614 2252 4675 utrumque,
2292 4614 2347 4659 et
2374 4605 2691 4660 invenerunt
2721 4614 3024 4675 utrumque,
3056 4603 3310 4660 mutabile
3336 4603 3389 4658 in
3416 4603 3532 4673 ipso

1950 4698 2186 4752 homine.
2218 4696 2469 4751 Mutabile
2515 4711 2707 4766 corpus
2745 4711 2839 4766 per
2866 4705 3083 4759 aetates,
3113 4711 3209 4765 per
3227 4695 3525 4764 corruptio-

1952 4803 2046 4842 nes
2065 4828 2080 4854 ,
2112 4791 2217 4859 ‘per
2243 4787 2491 4843 alimenta
2511 4828 2526 4854 ,
2558 4803 2655 4857 per
2681 4786 3026 4854 refectioncs,
3054 4802 3148 4855 per
3173 4785 3495 4842 defectiones
3518 4827 3533 4848 ,

1951 4891 2047 4946 per
2087 4878 2284 4942 vitam,
2325 4892 2421 4946 per
2465 4885 2712 4931 mortem.
2768 4875 3114 4929 Transierunt
3151 4874 3219 4928 ad
3261 4873 3492 4928 animam
3516 4912 3532 4936 ,

1950 4981 2106 5035 quam
2131 4967 2313 5035 utique
2336 4965 2852 5032 comprehenderant
2877 4964 3172 5028 meliorem,
3196 4973 3249 5019 et
3269 4964 3428 5018 etiam
3452 4963 3535 5017 in-

1950 5056 2212 5110 visibilem
2244 5055 2605 5108 mirabantur:
2640 5055 2956 5110 invenerunt
2996 5062 3050 5109 et
3100 5053 3266 5122 ipsam
3300 5052 3531 5107 mutabi-

1953 5148 2092 5210 lem;
2138 5146 2297 5200 modo
2322 5145 2491 5211 velle,
2536 5144 2696 5199 modo
2741 5145 2916 5210 nolle;
2958 5144 3117 5199 modo
3157 5145 3327 5211 scire,
3372 5143 3531 5199 modo

1950 5238 2188 5302 nescire;
2234 5236 2391 5291 modo
2418 5236 2753 5301 meminisse,
2784 5236 2942 5291 modo
2965 5236 3235 5303 oblivisci;
3278 5238 3439 5292 modo
3469 5237 3532 5291 ti-

1955 5341 2103 5381 mere
2123 5368 2137 5390 ,
2170 5325 2331 5379 modo
2358 5324 2586 5391 audere;
2619 5325 2778 5380 modo
2813 5325 2889 5380 ire
2917 5326 2968 5380 in
2991 5325 3303 5395 sapientiam
3325 5368 3339 5392 ,
3372 5326 3531 5381 modo

1952 5415 2007 5469 in
2039 5414 2311 5469 stultitiam
2341 5415 2589 5470 deﬁcere.
2624 5415 2883 5470 Viderunt
2909 5424 2964 5470 et
2992 5416 3160 5486 ipsam
3191 5416 3493 5472 mutabilem
3514 5459 3528 5481 ,

1955 5506 2280 5560 transierunt
2302 5514 2355 5559 et
2375 5506 2540 5575 ipsam
2564 5522 2581 5574 ;
2611 5506 2935 5575 quatsierunt
2954 5507 3095 5561 enim
3117 5506 3314 5576 aliquid
3342 5506 3535 5562 imum-

1955 5596 2132 5653 labile.

2024 5684 2252 5741 CAPUT
2296 5683 2381 5739 lll.
2411 5715 2481 5725 —
2517 5686 2569 5740 5.
2601 5682 2904 5757 PliilosOphi
2933 5695 3042 5755 post
3087 5683 3249 5741 Deum
3279 5688 3532 5757 cognitum

1951 5776 2256 5835 idololatria.
2306 5775 2394 5832 Sic
2434 5789 2561 5846 ergo
2602 5786 2959 5843 pervenerunt
2991 5776 3058 5831 ad
3105 5777 3532 5847 cognoscendum
