3926 6188
292 329 426 387 “51

287 446 411 500 tatis
436 450 521 499 est
544 442 665 498 felix
687 485 705 512 ,
739 454 799 501 et
825 442 1089 499 felicitatis
1115 441 1314 499 infelix.
1348 436 1674 513 Abjieiamus
1718 440 1866 507 hate,

284 548 336 592 et
371 537 459 592 vel
485 535 754 592 rideamus
779 536 902 607 quia
945 534 1075 591 falsa
1117 545 1274 603 sunt,
1317 534 1404 590 vel
1443 533 1722 590 doleamus
1746 531 1870 603 quia

284 643 472 701 magna
518 629 909 685 existimantur.
951 628 1088 684 Sunt
1132 628 1274 684 enim
1316 626 1454 695 ista,
1503 625 1696 680 frau'es
1722 622 1865 689 mei,

282 737 472 794 magna
496 736 806 794 magnorum
836 720 1183 776 deliramenta
1203 718 1499 775 doctorum.
1525 716 1734 785 Quanto
1763 728 1869 770 tue-

282 814 385 870 lius
410 824 658 870 tenemus
685 827 872 885 magna
913 826 1224 882 magnorum
1277 815 1609 865 sacramenta
1651 815 1867 862 sancto-

278 905 441 962 rum?
464 907 662 961 Amore
688 918 969 973 corporum
994 902 1184 957 dicunt
1224 900 1401 957 redire
1439 900 1648 954 animas
1670 910 1867 969 purga-

281 1010 396 1064 tas,
436 996 747 1064 mandatas,
792 993 1090 1065 sapientes,
1136 999 1389 1064 purgatas
1430 990 1637 1045 animas
1679 1003 1863 1044 amore

276 1106 561 1162 corporum
590 1090 766 1146 redire
794 1088 862 1144 ad
888 1101 1132 1159 corpora.
1157 1082 1304 1157 Ergo
1330 1083 1505 1140 anima
1530 1090 1755 1156 purgata
1784 1082 1864 1138 sic

273 1185 455 1241 amat?
480 1183 666 1240 Nonne
691 1197 842 1238 amor
866 1182 968 1238 iste
991 1194 1198 1253 magnae
1225 1187 1349 1236 sunt
1373 1174 1597 1236 sordes?

345 1276 575 1334 CAPUT
613 1274 724 1332 Vll.
754 1305 826 1315 ——
846 1275 902 1329 '7.
935 1272 1211 1345 Porphyrii
1236 1268 1481 1327 sententia
1508 1270 1572 1326 de
1620 1268 1861 1341 fugiendo

273 1371 412 1425 οηιηί
434 1386 661 1441 corpore.
695 1367 977 1438 Refeltilur.
1008 1366 1117 1422 Sed
1144 1378 1340 1436 corpus
1365 1372 1449 1421 est
1471 1376 1632 1419 omne
1656 1359 1861 1434 logicu-

270 1459 421 1513 dum.
465 1459 681 1529 Magnus
708 1472 893 1513 eorum
918 1453 1267 1528 philosophus
1291 1452 1556 1526 posterius
1580 1453 1597 1485 ί
1620 1451 1863 1523 νυψιψ

270 1553 417 1618 rius,
457 1551 575 1606 lidei
615 1550 919 1606 christiante
954 1549 1247 1605 acerrimus
1288 1546 1571 1613 inimicus,
1614 1546 1704 1616 qui
1745 1545 1865 1616 jam

264 1642 578 1698 christianis
607 1643 934 1712 temporibus
960 1642 1091 1709 fuit;
1118 1641 1213 1697 sed
1241 1649 1421 1697 tamen
1460 1641 1529 1695 ab
1559 1638 1687 1709 ipsis
1714 1638 1854 1695 deli-

266 1734 527 1789 ramentis
570 1732 964 1799 erubescendo,
1019 1747 1051 1788 a
1075 1731 1390 1789 Christianis
1417 1747 1481 1789 ex
1502 1731 1676 1802 aliqua
1707 1740 1857 1802 parte

262 1833 579 1895 correptus,
631 1824 793 1893 dixit,
842 1824 1093 1895 scripsit:
1121 1823 1327 1894 Corpus
1350 1831 1435 1879 est
1461 1836 1620 1878 omne
1647 1822 1853 1892 fugien-

261 1918 418 1972 dum.
445 1917 615 1973 Omne
644 1917 808 1984 dixit,
839 1918 989 1988 quasi
1019 1932 1178 1972 omne
1201 1931 1396 1987 corpus
1423 1915 1691 1971 vinculum
1715 1931 1854 1971 teru-

262 2024 517 2064 tuuosum
547 2009 617 2064 sit
658 2008 849 2063 animae
878 2008 975 2080 (α).
1010 2009 1076 2063 Et
1102 2023 1319 2078 prorsus
1362 2009 1407 2063 si
1450 2004 1643 2078 corpus
1670 2009 1853 2080 quale-

256 2117 497 2172 cumque
525 2111 607 2163 est
630 2101 933 2173 fugiendum
951 2145 966 2170 ,
997 2117 1102 2156 non
1130 2110 1211 2157 est
1231 2109 1288 2156 ut
1306 2100 1494 2157 laudes
1514 2102 1562 2156 ei
1584 2116 1776 2172 corpus
1805 2104 1849 2168 ',

256 2205 321 2248 ct
348 2193 496 2248 dicas
543 2192 812 2264 quomodo
842 2193 951 2247 Deo
997 2192 1222 2247 docente
1267 2191 1403 2246 fides
1446 2199 1627 2247 nostra
1671 2191 1854 2247 laudat

256 2299 464 2354 corpus
496 2302 510 2337 :
541 2284 664 2354 quia
686 2294 740 2339 ct
767 2298 960 2354 corpus
984 2284 1127 2354 quod
1160 2283 1321 2338 modo
1346 2283 1635 2349 habemus,
1665 2299 1854 2354 quam-

256 2374 343 2429 vis
384 2374 680 2431 habeamus
722 2376 844 2430 hinc
887 2386 1101 2445 poenam
1148 2374 1215 2430 de
1264 2384 1509 2445 peccato,
1559 2383 1614 2431 et
1658 2390 1852 2446 corpus

254 2466 406 2536 quod
432 2457 825 2536 corrumpitur,
871 2474 1120 2538 aggravet
1147 2466 1377 2519 animam
1424 2466 1575 2538 (ειη).
1608 2482 1687 2534 tx,
1734 2466 1847 2537 l5);

256 2542 447 2612 tamén
478 2556 638 2612 habet
664 2571 857 2627 corpus
893 2557 1033 2612 istud
1061 2557 1295 2627 speciem
1327 2572 1476 2612 suam
1503 2600 1517 2624 ,
1548 2558 1851 2628 dispositio-

253 2665 388 2703 nem
430 2648 793 2704 membrorum
815 2691 830 2715 ,
881 2647 1275 2704 distinctionem
1302 2663 1581 2713 sensuum,
1615 2657 1848 2706 erectam

253 2751 545 2808 staturam,
574 2750 628 2796 et
654 2749 845 2796 caetera
870 2756 990 2811 quae
1030 2740 1167 2797 bene
1192 2741 1590 2798 considerantes
1613 2752 1845 2813 stupent.

255 2833 644 2889 Verumtamen
671 2832 800 2889 illud
823 2835 1042 2889 omnino
1069 2834 1489 2904 incorruptibile,
1512 2834 1730 2890 omnino
1750 2835 1851 2891 im-

254 2928 524 2992 mortale,
569 2928 788 2983 omnino
824 2927 891 2982 ad
933 2928 1252 2983 movendum
1295 2928 1432 2999 agile
1456 2937 1509 2984 et
1535 2927 1689 2984 facile
1721 2929 1844 2985 erit.

250 3018 363 3074 Sed
394 3019 469 3073 ait
502 3018 828 3091 Porphyrius
857 3037 871 3073 :
901 3019 1030 3075 Sine
1050 3035 1209 3075 causa
1245 3019 1371 3074 mihi
1399 3019 1583 3075 laudas
1611 3035 1843 3090 corpus;

252 3109 646 3179 qualecumque
671 3110 738 3165 sit
769 3124 1004 3180 corpus,
1055 3110 1098 3166 si
1126 3110 1237 3166 vult
1274 3124 1393 3165 esse
1436 3109 1590 3166 beata
1630 3111 1804 3166 anima
1828 3151 1843 3177 ,

250 3213 456 3269 corpus
481 3207 563 3254 est
600 3214 758 3255 omne
788 3199 1115 3272 fugiendum.
1141 3200 1251 3256 lloe
1269 3200 1454 3256 dicunt
1494 3200 1799 3271 phi1050phi
1827 3218 1844 3257 :

250 3289 355 3345 sed
393 3298 607 3357 errant,
657 3291 753 3346 sed
803 3291 1050 3347 delirant.
1096 3291 1213 3348 Cito
1258 3292 1466 3363 probo:
1497 3293 1620 3348 nolo
1647 3293 1846 3351 diutius

249 3382 567 3450 disputare;
596 3382 716 3452 quia
750 3382 836 3437 illa
864 3399 980 3454 qua:
1010 3382 1293 3453 prredieata
1337 3392 1422 3439 est
1458 3383 1618 3439 debet
1647 3385 1845 3441 habere

250 3471 547 3527 subditum.
579 3471 692 3526 Duo
717 3472 858 3526 enim
885 3481 1008 3527 sunt
1027 3473 1249 3528 invicem
1282 3473 1379 3529 sibi
1403 3488 1639 3529 connexa
1660 3515 1674 3540 ,
1703 3490 1843 3545 prte-

250 3563 431 3617 dicata
462 3573 515 3617 et
545 3563 773 3618 subdita.
821 3563 1046 3635 Superat
1070 3566 1248 3621 omnia
1296 3567 1473 3621 Deus:
1508 3567 1630 3621 huic
1653 3576 1843 3621 cuncta

251 3663 383 3708 sunt
426 3653 656 3708 subdita.
701 3654 770 3709 Et
798 3656 973 3710 anima
1017 3657 1060 3711 si
1094 3656 1254 3711 habet
1298 3656 1529 3725 aliquem
1581 3654 1841 3711 honorem

252 3744 397 3814 apud
423 3745 616 3811 Deum,
647 3745 807 3800 debet
828 3746 1025 3802 habere
1043 3747 1238 3817 aliquid
1266 3746 1559 3803 subditum.
1588 3746 1693 3804 Sed
1719 3747 1844 3801 nolo

251 3835 384 3889 hinc
406 3834 606 3890 diutius
633 3835 937 3906 disputare,
970 3836 1134 3892 libros
1162 3845 1370 3892 vestros
1400 3838 1517 3908 lego
1547 3856 1559 3892 :
1589 3839 1842 3894 mundum

251 3927 415 3982 istum
442 3929 639 3982 animal
665 3928 863 3993 dicitis,
895 3928 945 3983 id
977 3938 1090 3997 est,
1122 3931 1315 3985 coelum
1338 3972 1352 3996 ,
1388 3938 1587 3986 terram
1608 3973 1621 3997 ,
1652 3932 1840 4001 maria,

250 4020 434 4074 omnia
464 4035 584 4090 qum
624 4030 748 4076 sunt
773 4022 1003 4092 iugentia
1043 4037 1301 4093 corpora,
1348 4024 1604 4080 immensa
1642 4040 1840 4095 usque-

250 4125 464 4181 quaque
502 4112 800 4179 elementa;
834 4120 1001 4168 totum
1026 4120 1156 4181 hoc,
1182 4115 1593 4186 universumque
1623 4130 1838 4187 corpus,

251 4203 397 4272 quod
424 4220 487 4258 ex
519 4203 603 4258 his
643 4206 920 4261 clementis
948 4207 1194 4264 omnibus
1222 4216 1460 4273 constat,
1506 4209 1681 4263 dicitis
1723 4225 1843 4265 esse

251 4296 453 4349 animal
495 4311 743 4365 magnum
766 4339 782 4365 ,
819 4298 869 4353 id
894 4307 1006 4364 est,
1039 4298 1235 4355 habere
1260 4301 1490 4356 animam
1532 4317 1680 4357 suam
1704 4345 1718 4369 ,
1748 4304 1839 4358 sed

249 4401 447 4440 sensus
488 4387 728 4457 corporis
768 4404 873 4443 non
906 4390 1128 4455 habere;
1178 4392 1298 4461 quia
1345 4392 1672 4448 extrinsecus
1712 4394 1841 4448 nihil

251 4487 337 4531 est
364 4478 505 4547 quod
536 4480 719 4534 sentiri
765 4480 932 4550 possit
961 4501 973 4535 :
1002 4481 1199 4538 habere
1247 4493 1421 4538 tamen
1471 4484 1797 4541 intellectum
1823 4528 1839 4555 ,

250 4565 462 4624 hzrrere
491 4569 599 4625 Deo
624 4589 637 4624 :
665 4581 719 4626 et
739 4571 904 4641 ipsam
926 4574 1157 4627 animam
1189 4575 1370 4630 mundi
1399 4577 1577 4632 vocari
1616 4577 1802 4634 Jovem
1824 4621 1840 4645 ,

249 4658 337 4714 vel
368 4660 548 4715 vocari
588 4661 869 4729 lleeatem,
901 4664 951 4719 id
987 4673 1100 4732 est,
1132 4666 1282 4735 quasi
1304 4667 1537 4722 animam
1569 4669 1844 4725 universa-

249 4747 357 4803 lem
389 4748 646 4805 mundum
691 4762 961 4822 regentem
988 4793 1002 4819 ,
1051 4762 1106 4810 et
1142 4771 1306 4810 unum
1354 4756 1618 4825 quoddam
1645 4758 1843 4814 animal

249 4840 554 4896 facientem.
609 4840 975 4911 Eumdemque
1029 4843 1285 4900 mundum
1313 4854 1569 4901 alternum
1616 4862 1737 4905 esse
1764 4850 1844 4904 di-

248 4931 411 4996 citis,
472 4945 686 5001 semper
716 4930 993 4997 futurum,
1044 4932 1203 4990 finem
1254 4949 1361 4990 non
1409 4936 1734 4995 habiturum.
1786 4941 1843 4996 Si

250 5040 382 5094 ergo
406 5032 640 5079 aeternus
664 5034 747 5080 est
771 5026 1002 5081 mundus
1023 5069 1037 5094 ,
1086 5036 1140 5082 et
1169 5028 1288 5083 sine
1334 5027 1438 5084 fine
1466 5039 1646 5087 manet
1691 5048 1847 5088 mun-

250 5114 384 5179 dus,
416 5121 473 5169 et
489 5115 687 5170 animal
715 5124 799 5171 est
825 5117 1086 5184 mundus;
1126 5118 1301 5173 anima
1328 5119 1426 5175 ista
1460 5137 1672 5192 semper
1694 5131 1845 5180 tene-

252 5216 339 5259 tur
379 5207 431 5260 in
464 5207 663 5263 mundo
694 5217 879 5264 :certe
924 5225 1118 5281 corpus
1168 5219 1252 5266 est
1297 5226 1458 5269 omne
1502 5214 1848 5287 fugiendum?

250 5297 392 5365 Quid
424 5307 506 5353 est
529 5299 669 5370 quod
697 5299 915 5356 dicebas
933 5344 948 5368 ,
982 5299 1185 5372 Corpus
1211 5308 1292 5357 est
1316 5320 1475 5359 omne
1500 5306 1847 5377 fugiendum?

256 5389 368 5461 Ego
396 5389 516 5445 dico
542 5390 726 5446 beatas
755 5394 959 5449 animas
989 5394 1411 5465 ineorruptibilia
1438 5406 1661 5469 corpora
1707 5416 1847 5457 scm-

313 5504 332 5570 ξ
359 5504 526 5563 Abest,
544 5502 797 5570 posterius,
822 5506 884 5555 ab
901 5514 976 5557 Fr.
1004 5507 1149 5570 Lugd.
1176 5515 1295 5570 ven.
1323 5515 1432 5558 Lor.
1497 5517 1555 5561 Μ.

312 5565 601 5638 ’,Ει-..ιυςά
629 5574 683 5616 et
708 5575 852 5638 ven,
866 5574 920 5638 Et
938 5565 1135 5638 prorsus
1156 5569 1200 5620 si
1216 5583 1390 5633 corpus
1412 5570 1755 5638 qualecumque
1776 5583 1848 5627 est

250 5624 553 5697 [ugiendtmﬁ
596 5640 690 5678 non
711 5635 781 5681 est
806 5624 853 5680 ut
889 5624 1055 5682 laudes
1076 5630 1182 5694 ejus
1211 5624 1402 5696 corpus.
1425 5624 1568 5697 'Lov.,
1592 5624 1688 5686 non'
1703 5624 1848 5689 estut

211 5723 215 5726 -
253 5687 425 5753 (uitae:
448 5687 497 5753 ei
518 5701 727 5753 corpus.
779 5697 835 5739 Μ.

312 5750 386 5812 (α)
416 5750 530 5801 vide
554 5750 618 5803 de
636 5752 835 5804 civitate
861 5751 943 5803 υσὶ
971 5752 1053 5802 lib.
1079 5752 1159 5816 22,
1184 5767 1288 5817 cap.
1315 5753 1393 5805 ‘26.

1700 320 1931 379 3ΕᾶΜο
1969 320 2221 380 CCXLﬂ.

3425 341 3560 397 “38

1981 453 2076 507 per
2100 438 2394 495 habituras.
2424 440 2503 495 Tu
2529 442 2618 512 qui
2644 442 2798 510 dicis,
2837 442 3046 517 Corpus
3072 459 3151 505 est
3168 465 3332 513 nume
3363 454 3565 525 ῐιιεὶιιιι-

1977 527 2133 598 dum,
2159 531 2346 588 occide
2373 532 2658 589 mundum.
2700 534 2780 591 Tu
2801 535 2940 594 dicis
2979 548 3038 595 ut
3084 540 3279 612 fugiam
3307 544 3375 601 de
3399 562 3563 603 carne

1976 635 2095 676 mea
2126 639 2153 676 :'
2168 620 2331 692 fugiat
2352 622 2564 693 Jupiter
2594 632 2720 682 tuus
2744 626 2812 683 de
2835 629 2976 684 coelo
2998 639 3054 684 et
3080 640 3241 689 terra.

2040 712 2268 770 CAPUT
2307 713 2440 769 Vill.
2468 744 2545 756 —
2567 716 2622 772 8.
2663 717 2884 773 Rursum
2904 736 2973 776 ea:
2996 719 3230 778 Platonis
3253 726 3411 782 verbis
3435 744 3558 783 cou-

1971 806 2185 874 fuatur.
2226 803 2367 873 Quid
2417 805 2557 876 quod
2602 807 2901 865 invenimus
2947 811 3197 868 eumdem
3246 814 3559 881 Platonem,

1969 895 2279 967 magistrum
2319 898 2547 954 istttmm
2600 901 2869 966 omnium,
2902 902 2954 959 iu
2996 904 3132 960 libro
3178 907 3404 975 quodam
3459 925 3559 967 suo

1968 1000 2126 1054 quem
2151 988 2366 1058 scripsit
2385 988 2456 1045 de
2481 990 2859 1047 constitutione
2875 994 3081 1060 mundi,
3107 995 3375 1053 inducere
3391 1000 3555 1056 Deum

1970 1073 2335 1133 fabricatanam
2363 1078 2588 1135 deorum
2612 1121 2626 1147 ,
2656 1081 2939 1138 iacientem
2989 1086 3195 1141 scilicet
3238 1087 3367 1143 deos
3397 1092 3558 1146 cmic-

1965 1175 2109 1237 stcs,
2160 1169 2345 1225 stellas
2390 1187 2623 1240 omnes,
2669 1174 2835 1229 solem
2866 1185 2921 1230 et
2966 1177 3191 1233 lunam?
3249 1181 3384 1236 Dicit
3424 1201 3558 1254 ergo

1967 1258 2132 1315 Deum
2159 1262 2405 1332 opificem
2428 1265 2657 1320 deorum
2684 1267 2979 1323 calestium
3006 1290 3020 1325 :
3045 1270 3175 1327 dicit
3200 1273 3345 1342 ipsas
3372 1279 3558 1335 stellas

1964 1350 2164 1409 habere
2182 1355 2801 1415 animuintcﬂeetualcs
2824 1401 2839 1427 ,
2864 1374 2987 1432 qua
3025 1364 3326 1437 intelligunt
3350 1370 3515 1426 Deum
3535 1414 3553 1440 ,

1964 1452 2022 1499 et
2046 1459 2274 1516 corpora
2301 1447 2540 1504 visibilis
2557 1465 2678 1520 qua:
2716 1464 3029 1510 cernuntur.
3062 1456 3224 1523 Dico,
3257 1468 3316 1514 ut
3359 1460 3552 1517 intelli-

1961 1536 2096 1606 gatis
2122 1554 2139 1590 :
2168 1537 2262 1593 Sol
2310 1537 2410 1594 isse
2452 1555 2615 1610 quern
2664 1542 2895 1615 videtis,
2938 1560 3044 1601 non
3091 1547 3397 1619 videretur,
3449 1553 3552 1608 nisi

1962 1635 2159 1695 corpus
2180 1636 2322 1683 esset
2354 1645 2367 1681 :
2395 1628 2499 1684 hoc
2526 1646 2711 1686 verum
2734 1641 2837 1688 est.
2868 1633 3036 1691 Stella
3060 1636 3164 1692 ulla
3194 1640 3274 1694 vel
3296 1632 3419 1695 luna
3443 1654 3553 1699 non

1962 1715 2264 1788 videretur,
2292 1721 2398 1776 nisi
2428 1734 2623 1794 corpus
2658 1735 2842 1780 esset:
2869 1740 3056 1783 verum
3075 1728 3230 1786 dicit.
3270 1732 3395 1788 Ideo
3425 1734 3555 1790 dicit

1960 1817 2015 1861 et
2051 1809 2369 1880 Apostolus:
2395 1811 2455 1865 Et
2475 1824 2689 1882 corpora
2709 1817 2945 1884 caelestia,
2967 1829 3021 1873 et
3041 1835 3254 1890 corpora
3272 1827 3551 1880 terrestria.

1960 1896 2027 1951 Et
2050 1899 2291 1968 sequitur
2320 1917 2335 1953 :
2374 1902 2492 1956 Alia
2514 1903 2679 1973 gloria
2701 1906 2974 1962 calamum
2992 1949 3010 1975 ,
3037 1910 3146 1964 alia
3157 1918 3548 1971 «terrestrium.

1959 1989 2024 2044 Et
2051 2005 2236 2046 rursus
2260 1991 2444 2048 dicens
2465 1993 2541 2049 de
2568 1994 2735 2065 gloria
2760 1996 3062 2054 caelestium
3091 2016 3376 2072 corporum
3406 2006 3551 2076 Apo-

1957 2081 2125 2136 stolus
2163 2082 2434 2153 adiunxit,
2465 2094 2521 2140 et
2548 2085 2623 2140 ait.
2650 2104 2662 2140 :
2691 2086 2809 2157 ᾼιὲι
2833 2090 3009 2160 gloria
3039 2094 3160 2148 solis
3180 2134 3196 2159 ,
3242 2096 3347 2150 alia
3388 2099 3551 2168 gloria

1959 2170 2095 2227 (ante
2114 2213 2131 2237 ,
2184 2174 2289 2227 alia
2314 2175 2481 2245 gloria
2507 2176 2787 2231 stellarum.
2820 2179 2983 2235 Stella
3008 2183 3142 2237 enim
3168 2185 3234 2239 ab
3272 2188 3418 2242 stella
3442 2190 3551 2259 dif-

1957 2265 2052 2331 fert
2074 2262 2126 2315 in
2146 2263 2307 2333 gloria
2335 2279 2355 2317 :
2383 2265 2457 2318 sic
2485 2274 2531 2319 et
2557 2269 2855 2323 resurrectio
2884 2280 3202 2327 mortuorum
3229 2274 3272 2343 (ἰ
3298 2276 3414 2331 Cor.
3444 2294 3511 2331 xv
3531 2321 3546 2343 ,

1956 2352 2167 2425 60-42).
2225 2354 2428 2411 Videtis
2453 2356 2576 2427 quia
2608 2360 2870 2427 promissa
2910 2370 2994 2417 est
3019 2372 3326 2419 sanctorum
3354 2382 3549 2437 corpu-

1957 2444 2103 2499 ribus
2127 2444 2344 2500 claritas
2362 2487 2377 2512 ,
2426 2455 2481 2502 et
2507 2447 2715 2505 diversa
2745 2451 2954 2519 species
2973 2454 3229 2510 claritatis
3250 2498 3264 2521 ,
3304 2460 3424 2528 quia
3464 2461 3548 2516 di-

1956 2549 2108 2589 versa
2157 2544 2281 2591 sunt
2323 2538 2508 2593 merita
2536 2539 2832 2595 charitatis.
2882 2542 2994 2598 Sed
3035 2545 3109 2599 illi
3154 2547 3280 2616 quid
3325 2549 3549 2606 dicunt?

1955 2624 2135 2681 Stellae
2165 2627 2280 2683 ista:
2306 2643 2438 2698 quas
2469 2628 2692 2697 videtis,
2722 2646 2947 2703 corpora
2996 2635 3210 2705 quidem
3257 2649 3412 2707 sunt,
3452 2644 3548 2699 sed

1955 2715 2153 2772 habent
2179 2732 2304 2773 suas
2327 2720 2531 2775 animas
2554 2719 2946 2780 intellectuales
2964 2766 2980 2792 ,
3011 2736 3067 2782 et
3090 2738 3208 2783 sunt
3235 2729 3330 2784 dii.
3373 2731 3545 2787 luter-

1958 2808 2029 2862 im
2056 2808 2123 2863 de
2144 2810 2455 2879 corporibus
2479 2853 2495 2879 ,
2522 2813 2646 2883 quia
2687 2829 2914 2885 corpora
2943 2828 3100 2887 sunt,
3126 2830 3309 2877 verum
3330 2824 3543 2881 dicunt:

1952 2899 2047 2954 sed
2081 2909 2258 2955 utrum
2310 2900 2545 2958 habeant
2592 2905 2800 2961 animas
2848 2923 3007 2976 suas,
3061 2914 3243 2981 utquid
3289 2914 3546 2973 discutio?

1952 2989 2108 3044 Modo
2129 2991 2406 3047 veniamus
2424 2993 2491 3049 ad
2520 3008 2654 3050 rem.
2679 2993 2950 3054 inducitur
2971 3000 3109 3056 Deus
3127 3016 3157 3056 a
3187 3005 3408 3063 Platone
3432 3010 3547 3080 ipso

1950 3080 2146 3150 alloqui
2173 3081 2325 3149 deos,
2357 3098 2490 3153 quos
2514 3083 2643 3141 fecit
2669 3086 2738 3141 de
2760 3091 3024 3159 corporali
3050 3100 3104 3146 et
3131 3093 3199 3150 de
3223 3094 3544 3167 incorporati

1952 3169 2276 3235 substantia,
2333 3180 2494 3242 atque
2548 3175 2690 3231 inter
2716 3186 2911 3233 caetera
2936 3180 3122 3238 dicere
3166 3183 3307 3241 illis:
3344 3204 3362 3239 ι
3396 3188 3543 3257 Quo-

1951 3261 2091 3316 niam
2121 3262 2250 3318 estis
2278 3264 2402 3328 orti,
2427 3264 2757 3324 immortales
2781 3286 2902 3326 esse
2922 3283 2976 3328 et
3006 3273 3405 3335 indissolubiles
3430 3299 3536 3338 non

1953 3352 2191 3419 potestis.
2230 3370 2248 3404 ι
2278 3352 2395 3408 Jam
2426 3356 2494 3410 ad
2539 3359 2693 3412 istatn
2720 3374 2905 3415 vocem
2932 3363 3006 3418 illi
3050 3365 3416 3426 intremiscere
3446 3387 3544 3442 po-

1952 3450 2145 3496 terant.
2179 3442 2391 3510 Quare?
2440 3446 2577 3512 Quia
2621 3449 2950 3509 immortales
2995 3467 3116 3508 esse
3143 3458 3457 3528 cupiebant,
3488 3474 3545 3517 et

1951 3533 2085 3588 mori
2115 3534 2385 3589 nolebant.
2411 3536 2550 3606 Ergo
2570 3547 2629 3592 ut
2651 3540 2729 3594 eis
2755 3540 2991 3596 auferret
3017 3545 3294 3615 timorem,
3326 3563 3544 3609 secutus

1950 3623 2368 3695 adjunxitatque
2397 3626 2471 3681 ait
2500 3645 2513 3681 :
2551 3646 2569 3680 ι
2598 3629 2713 3684 Non
2742 3641 2915 3686 tamen
2939 3633 3301 3696 dissolveminl
3323 3682 3338 3709 ,
3371 3659 3542 3716 neque

1951 3729 2044 3767 vos
2089 3714 2191 3767 ulla
2238 3717 2426 3770 mortis
2463 3716 2565 3771 fata
2594 3721 2898 3789 periment,
2950 3741 3048 3781 nec
3071 3739 3228 3786 erunt
3254 3714 3559 3805 valentiora,

1950 3820 2108 3875 quam
2138 3806 2414 3861 consilium
2449 3825 2626 3864 tneum
2650 3853 2663 3876 ,
2695 3813 2835 3882 quod
2865 3816 3036 3885 majus
3067 3830 3149 3874 est
3176 3823 3443 3881 vinculum
3474 3831 3540 3883 ad

1951 3897 2352 3967 perpetuitatem
2406 3910 2668 3969 vestram,
2714 3920 2871 3973 quam
2923 3907 3010 3963 illa
3060 3912 3256 3980 quibus
3304 3918 3537 3990 colligati

1949 3988 2100 4043 estis.
2138 4004 2157 4039 ι
2192 3988 2329 4045 Ecce
2374 3990 2515 4046 Deus
2552 3992 2643 4046 dat
2684 3996 3028 4053 securitatem
3074 4001 3179 4057 diis
3204 4019 3233 4059 a
3264 4021 3323 4063 se
3349 3988 3537 4066 factis:

1949 4081 2287 4135 securitatem
2316 4082 2423 4137 illis
2466 4083 2559 4137 dat
2588 4085 3040 4158 immortalitatis;
3071 4097 3407 4155 securitatem
3438 4102 3542 4158 illis

1948 4168 2070 4233 dat,
2099 4170 2238 4239 quod
2283 4185 2390 4226 non
2417 4172 2720 4242 relinquant
2743 4176 2930 4246 globos
2968 4196 3254 4251 corporum
3299 4204 3538 4246 suorum.

1947 4257 2107 4315 Certe
2133 4274 2327 4329 corpus
2369 4270 2451 4317 est
2473 4277 2632 4319 omne
2663 4265 2967 4338 fugiendum
2990 4273 3014 4322 ’ἐ
3059 4274 3322 4342 Quantum
3352 4283 3542 4338 existi-

1950 4364 2075 4414 tno,
2107 4364 2423 4420 reSponsum
2468 4361 2552 4408 est
2592 4354 2727 4424 illis,
2771 4358 2912 4414 sicut
2940 4361 3241 4435 intelligere
3279 4373 3537 4438 potestis:

1949 4445 2086 4498 sicut
2120 4453 2173 4498 et
2199 4460 2295 4499 nos
2319 4445 2465 4515 loqui
2491 4461 2807 4517 possumus,
2832 4462 3087 4522 quantum
3126 4457 3255 4514 hora
3276 4467 3542 4523 sermonis

1951 4534 2242 4602 permittit,
2267 4544 2523 4604 quantum
2548 4546 2726 4593 vestra
2749 4543 3017 4610 capacitas
3044 4546 3192 4611 sinit,
3227 4564 3539 4622 responsum

1954 4632 2039 4679 est
2067 4623 2166 4680 eis.
2190 4624 2445 4685 Jamveru
2477 4627 2605 4697 quid
2642 4638 2698 4684 et
2726 4629 2826 4701 ipsi
2855 4632 3035 4690 dicant
3057 4636 3126 4692 de
3155 4644 3544 4700 resurrectione

1948 4731 2231 4786 corporum
2259 4720 2409 4788 quasi
2433 4730 2585 4776 acute
2608 4762 2624 4787 ,
2658 4732 2716 4777 ut
2744 4738 2851 4781 non
2877 4727 2956 4783 eis
2978 4769 2991 4794 ,
3019 4730 3161 4786 sicut
3178 4735 3506 4792 arbitrantur
3527 4779 3541 4801 ,

1952 4811 2113 4865 etiam
2137 4824 2235 4864 nos
2264 4811 2588 4881 respondere
2617 4817 2883 4881 possimus
2901 4860 2917 4884 ,
2952 4823 3175 4877 multum
3205 4835 3362 4881 estut
3384 4828 3544 4884 hodie

1951 4899 2103 4954 vobis
2128 4899 2321 4954 dicam.
2347 4899 2454 4955 Sed
2477 4901 2598 4969 quia
2622 4905 2790 4959 semel
2814 4908 3035 4975 promisi
3060 4911 3211 4966 vobis
3233 4952 3249 4980 ,
3288 4928 3386 4985 per
3410 4917 3541 4972 istos

1951 4992 2068 5049 dies
2093 4994 2244 5046 istaut
2286 4992 2355 5046 de
2383 4995 2773 5052 resurrectione
2809 5001 2984 5055 carnis
3025 5004 3374 5072 quaestionem
3420 5024 3542 5067 esse

1955 5082 2270 5138 versandum
2291 5123 2307 5147 ,
2339 5081 2405 5135 ad
2446 5094 2507 5136 ea
2534 5096 2653 5152 qua:
2698 5095 2927 5153 restant,
2957 5090 3242 5159 adjuvante
3278 5096 3541 5168 Domino,

1955 5183 2010 5229 et
2036 5189 2193 5229 aures
2217 5181 2273 5229 et
2289 5172 2450 5228 corda
2480 5174 2532 5229 in
2552 5177 2839 5233 crastinum
2872 5196 3186 5253 praeparate.

2433 5264 2663 5324 SERMO
2698 5268 2922 5327 CCXLII
2953 5274 3051 5346 (τι).

2394 5359 2446 5403 In
2463 5355 2640 5408 diebus
2657 5356 2975 5424 Paschalibus,
2994 5376 3094 5417 xm.

2101 5436 2176 5491 De
2205 5436 2590 5496 Resurreclione
2615 5459 2880 5514 corporum
2901 5489 2916 5513 ,
2947 5461 3121 5505 contra
3159 5453 3394 5511 Gentiles.

2028 5527 2253 5584 CAPUT
2293 5527 2576 5586 PRIMUM.
2600 5564 2670 5574 —
2702 5537 2750 5591 1.
2778 5538 3172 5598 Βααννεειίοηίε
3209 5546 3335 5614 [ideo
3372 5551 3536 5605 nrani-

1960 5642 2037 5750 Er:
2058 5638 2354 5751 ggnﬁgirtus
2374 5641 2433 5691 ad
2477 5643 2601 5695 duos
2620 5648 2699 5696 ch.
2725 5649 2782 5699 ad
2805 5649 2852 5700 d.
2876 5665 2950 5716 gr.
2975 5665 3016 5702 ι’.
3038 5661 3074 5706 t.
3102 5670 3148 5707 v.
3169 5656 3247 5707 vd.
3273 5668 3324 5712 et
3343 5660 3404 5711 ad
3430 5669 3534 5712 Amo

2021 5764 2093 5825 (rt)
2120 5762 2254 5825 Alias,
2282 5765 2345 5816 de
2371 5772 2604 5831 Tempore
2634 5769 2716 5820 H7
