3926 6188
345 352 501 409 ,1139

362 478 487 536 testo
521 469 760 537 probata,
801 468 1140 539 imprudenter
1176 467 1237 521 ab
1278 464 1561 521 hominibus
1594 464 1937 533 impugnatur.

367 561 558 617 liiebus
599 561 682 617 his
727 562 925 617 sanctis
974 558 1351 616 rcsurrectioni
1394 556 1603 613 Domini
1647 553 1938 621 dedicatis,

363 663 616 720 quantum
646 652 877 707 donante
916 653 1030 722 ipso
1059 664 1373 721 possumus,
1402 648 1469 703 de
1496 646 1671 702 carius
1699 658 1943 701 resurrea

363 742 539 795 ctione
564 749 868 799 tractemus.
897 741 1023 797 llaec
1046 742 1189 796 enim
1219 739 1351 795 ﬁdes
1375 747 1458 795 est
1482 747 1684 800 nostra,
1716 736 1820 791 hoc
1847 734 1944 790 do-

367 847 489 886 num
533 832 583 886 iu
624 830 837 887 Domini
870 833 1035 887 nostri
1060 832 1184 888 Jesu
1214 830 1410 887 Christi
1454 829 1608 884 nobis
1631 841 1792 883 carne
1821 840 1945 896 pro-

368 923 584 977 missum
622 933 733 990 est,
775 932 828 980 et
864 925 916 979 in
950 925 1064 995 ipso
1104 922 1374 994 prmcessit
1406 916 1736 989 exemplum.
1764 916 1946 972 Voluit

367 1015 507 1068 enim
538 1013 691 1069 nobis
711 1015 850 1085 quod
878 1015 1118 1084 promisit
1145 1013 1197 1067 in
1221 1012 1346 1078 ﬁne,
1371 1026 1476 1067 non
1499 1011 1668 1065 solum
1698 1023 1947 1080 prtenun-

369 1106 532 1171 tiare,
574 1103 668 1160 sed
716 1106 874 1160 etiam
902 1104 1289 1159 demonstrare.
1335 1102 1413 1156 Illi
1459 1100 1671 1172 quidem
1702 1099 1789 1169 qui
1822 1106 1947 1153 tunc

370 1196 580 1249 luerunt
605 1211 724 1250 cum
756 1195 865 1262 illo,
890 1194 1163 1259 viderunt,
1194 1202 1249 1249 et
1272 1208 1390 1248 cum
1416 1196 1861 1261 expavescerent,
1892 1197 1947 1243 ct

370 1285 607 1353 spiritum
636 1300 694 1340 se
714 1284 894 1340 videre
918 1285 1219 1351 crederent,
1246 1283 1567 1339 soliditatem
1597 1281 1836 1352 corporis
1863 1291 1944 1336 te-

373 1385 618 1431 nuerunt.
643 1376 874 1431 Locutus
898 1384 982 1431 est
1010 1376 1151 1431 enim
1173 1390 1277 1429 non
1304 1373 1475 1428 solum
1499 1372 1679 1428 verbis
1697 1371 1762 1426 ad
1789 1386 1946 1427 aures

373 1482 551 1522 eorum
572 1507 588 1535 ,
619 1466 714 1522 sed
747 1468 912 1522 etiam
950 1466 1129 1538 specie
1172 1465 1240 1521 ad
1264 1465 1447 1520 oculos
1473 1479 1659 1520 eorum
1684 1482 1705 1519 ι
1726 1478 1945 1535 parum-

371 1576 471 1629 que
499 1569 614 1614 erat
649 1574 709 1615 se
736 1559 975 1630 praebere
1002 1557 1325 1614 cernendum
1345 1597 1361 1623 ,
1393 1556 1494 1611 nisi
1534 1556 1713 1623 etiam,
1733 1554 1949 1610 oﬁ'erret

372 1651 794 1719 pertractandum
843 1658 1004 1722 atque
1052 1649 1391 1721 palpandum.
1443 1649 1531 1703 Ait
1573 1648 1762 1704 enim:
1811 1647 1948 1714 Quid

371 1740 551 1794 turbati
578 1742 695 1795 estis
712 1783 729 1809 ,
758 1749 805 1796 et
830 1741 1153 1813 cogitationes
1179 1740 1452 1794 ascendunt
1493 1739 1547 1793 in
1572 1754 1659 1793 cor
1682 1747 1898 1793 vestrum
1913 1738 1939 1791 .9

370 1832 693 1887 l‘utaverunt
726 1833 868 1888 enim
911 1846 972 1888 se
1016 1831 1259 1902 spiritum
1297 1830 1499 1886 videre.
1535 1848 1553 1881 t
1581 1830 1716 1898 Quid
1754 1831 1948 1887 turbati

370 1923 518 1988 estis,
535 1923 723 1994 inquit,
747 1932 799 1980 et
818 1924 1165 1994 cogitationes
1184 1924 1476 1979 ascendunt
1495 1924 1547 1978 in
1568 1938 1662 1979 cor
1679 1924 1950 1980 vestrum?

369 2014 558 2070 Videte
582 2029 771 2070 manus
792 2030 937 2070 meas
957 2026 1012 2070 et
1033 2015 1194 2086 pedes
1214 2030 1394 2071 meos:
1423 2015 1653 2086 palpate,
1676 2024 1731 2070 et
1750 2014 1944 2080 videte,

367 2104 488 2173 quia
517 2104 735 2174 spiritus
759 2119 879 2160 ossa
909 2112 963 2159 et
986 2108 1202 2160 carnem
1233 2120 1340 2159 non
1365 2104 1555 2170 habet,
1589 2104 1729 2160 sicut
1754 2120 1840 2160 me
1867 2105 1946 2158 vi-
1992 2156 1999 2161 ,

367 2195 504 2250 detis
535 2195 752 2251 habere.
778 2215 797 2250 ι
823 2195 1021 2252 Contra
1044 2196 1197 2252 istam
1214 2196 1533 2252 evidentiam
1555 2196 1828 2267 disputant
1848 2196 1948 2252 ho-

369 2285 559 2341 mines.
584 2285 720 2356 Quid
743 2287 884 2342 enim
912 2286 1055 2342 aliud
1084 2285 1319 2343 facerent
1342 2286 1605 2355 homines,
1635 2287 1725 2358 qui
1745 2302 1806 2344 ea
1831 2304 1949 2357 qua!

367 2387 494 2433 sunt
536 2378 810 2435 hominum
855 2380 1098 2450 sapiunt,
1148 2395 1305 2450 quam
1356 2378 1688 2449 disputarent
1724 2379 1791 2435 de
1838 2380 1949 2437 Deo

367 2479 550 2524 contra
577 2469 784 2525 Deum?
808 2469 903 2525 ille
928 2470 1071 2526 enim
1100 2470 1239 2524 Deus
1276 2477 1388 2538 est,
1422 2470 1496 2523 illi
1529 2471 1770 2526 homines
1803 2479 1944 2525 sunt.

366 2559 473 2615 Sed
500 2560 640 2615 Deus
663 2561 799 2615 novit
831 2562 1154 2633 cogitationes
1195 2560 1485 2627 hominum,
1534 2562 1770 2631 quoniam
1808 2578 1951 2617 rana:

367 2657 486 2704 sunt
517 2648 688 2719 (I’sal.
721 2666 864 2716 xcnt,
893 2650 1005 2723 ll).
1041 2651 1097 2706 In
1138 2651 1352 2706 homine
1385 2653 1580 2706 carnali
1622 2661 1727 2706 tota
1768 2653 1948 2721 regula

367 2739 698 2810 intelligendi
723 2749 807 2796 est
826 2740 1157 2796 consuetudo
1180 2740 1453 2796 cernendi.
1483 2741 1635 2810 Quod
1663 2741 1838 2797 solent
1865 2743 1945 2795 vi-

369 2830 532 2899 dere,
561 2830 822 2886 credunt:
851 2830 989 2902 quod
1018 2848 1123 2887 non
1153 2831 1360 2897 solent,
1392 2848 1495 2887 non
1523 2833 1767 2888 credunt.
1801 2834 1947 2889 Prte-

370 2906 453 2976 ter
500 2920 939 2976 consuetudinem
988 2920 1115 2977 facit
1161 2920 1303 2976 Deus
1346 2921 1630 2990 miracula,
1660 2923 1779 2991 quia
1811 2924 1949 2978 Deus

369 3018 471 3066 est.
514 3010 712 3082 Maiora
737 3011 949 3082 quidem
991 3010 1243 3069 miracula
1270 3022 1427 3080 sunt,
1460 3021 1537 3068 tot
1574 3013 1809 3084 quotidie
1846 3013 1945 3069 ho-

369 3101 542 3158 mines
592 3104 736 3158 nasci
790 3103 879 3174 qui
916 3118 1026 3159 non
1069 3112 1262 3168 erant,
1319 3119 1479 3175 quam
1528 3119 1724 3175 paucos
1772 3120 1950 3161 resur-

368 3192 573 3249 rexisse
621 3194 711 3265 qui
767 3203 974 3249 erant:
1026 3203 1082 3249 ct
1133 3203 1309 3251 tamen
1377 3196 1475 3251 ista
1532 3198 1785 3253 miracula
1839 3214 1946 3255 non

367 3284 796 3341 consideratione
822 3285 1208 3355 comprehensa
1234 3294 1385 3351 sunt,
1415 3286 1509 3342 sed
1532 3287 1840 3344 assiduitate
1866 3291 1946 3344 vi-

368 3376 599 3432 luerunt.
627 3377 934 3433 Resurrcxit
957 3377 1218 3438 Christus.
1247 3377 1483 3433 absoluta
1512 3393 1600 3434 res
1620 3388 1721 3433 est.
1745 3378 1949 3450 Corpus

367 3478 503 3533 erat,
533 3484 658 3525 caro
682 3479 823 3536 erat,
868 3469 1117 3540 pependit
1146 3470 1197 3523 in
1226 3485 1418 3535 cruce,
1458 3471 1636 3526 emisit
1676 3473 1905 3528 animam
1927 3514 1944 3543 ,

367 3560 536 3629 posita
564 3562 691 3615 est'
742 3561 795 3615 in
842 3562 1106 3631 sepulcro.
1138 3561 1393 3616 Exhibuit
1430 3562 1571 3617 illam
1611 3564 1818 3634 vivam,
1857 3569 1946 3638 qui

367 3649 575 3705 vivebat
600 3650 652 3705 in
676 3650 780 3705 illa.
805 3649 978 3718 Quare
1001 3650 1289 3705 miramur?
1314 3650 1487 3718 Quare
1512 3667 1617 3707 non
1646 3654 1947 3710 credimus?

364 3739 507 3797 Deus
547 3748 628 3797 est
655 3742 743 3814 qui
775 3741 935 3797 fecit:
966 3741 1241 3797 considera
1273 3749 1540 3798 auctorem
1559 3786 1573 3812 ,
1606 3753 1661 3800 et
1691 3747 1816 3802 tolle
1845 3748 1944 3802 du-

365 3834 693 3891 bitationem.
1638 3833 1645 3841 ’

435 3924 661 3983 CAPUT
698 3926 764 3982 ll.
799 3957 868 3967 —
892 3927 946 3981 2.
976 3925 1166 3982 Contra
1203 3928 1609 3982 resurrectionem
1645 3931 1813 3985 carnis
1853 3933 1943 3986 ob-

364 4017 592 4083 tendunt,
620 4016 683 4074 Si
701 4018 956 4089 corruptio
980 4035 1080 4072 non
1101 4018 1211 4083 erit,
1233 4033 1324 4071 cur
1343 4017 1760 4074 manducabitur?
1785 4020 1944 4087 Quaa-

363 4117 490 4164 runt
529 4124 658 4180 ergo
699 4107 972 4173 homines,
1020 4107 1504 4177 utrum.corruptio
1545 4108 1642 4162 ista
1674 4110 1942 4179 corporis,

362 4217 521 4273 quam
541 4202 778 4259 sentiunt
798 4203 850 4257 in
871 4216 1032 4258 carne
1058 4217 1173 4269 sua,
1197 4200 1369 4257 futura
1392 4202 1461 4256 sit
1482 4202 1533 4256 in
1557 4205 1945 4261 resurrectione

362 4302 715 4350 mortuorum.
738 4293 972 4349 Dicimus
992 4308 1096 4347 non
1121 4292 1368 4347 futuram.
1393 4291 1737 4361 Respondent
1757 4294 1941 4349 nobis:

360 4382 418 4440 Si
443 4384 714 4454 corruptio
735 4398 840 4439 non
863 4384 983 4448 erit,
1006 4398 1173 4453 quare
1194 4370 1630 4437 manducabitur?
1652 4384 1757 4436 Aut
1774 4384 1817 4437 si
1840 4400 1943 4438 non

364 4474 790 4539 tuanducabitur,
831 4488 996 4543 quare
1039 4483 1158 4542 post
1201 4473 1647 4527 resurrectionem
1690 4474 1945 4531 Dominus

361 4564 733 4620 manducavit?
762 4563 919 4617 Modo
952 4563 1292 4632 Evangelium
1325 4577 1444 4616 cum
1472 4563 1760 4635 legeretur,
1793 4565 1945 4620 audi-

362 4656 555 4722 vimus,
587 4654 709 4725 quia
752 4667 872 4708 cum
899 4653 1175 4709 exhiberet
1200 4668 1258 4708 se
1285 4652 1460 4707 vivam
1487 4655 1654 4709 oculis
1676 4657 1946 4712 manibus-

364 4764 467 4819 que
505 4745 887 4818 discipulorum
935 4759 1181 4808 suorum,
1236 4759 1421 4814 parum
1460 4745 1535 4799 illi
1572 4745 1743 4801 visum
1774 4749 1945 4804 estad

362 4837 830 4897 demonstrandam
861 4836 1178 4893 evidentiam
1199 4836 1532 4906 corporalem
1559 4854 1572 4890 :
1601 4837 1695 4893 sed
1720 4838 1941 4906 addidit,

360 4930 574 5005 Habetis
601 4930 684 4985 hic
720 4929 913 5000 aliquid
937 4928 1071 5000 quod
1106 4927 1475 4981 mandaretur?
1503 4927 1570 4981 Et
1595 4927 1878 4984 obtulerunt
1900 4932 1946 4985 ei

362 5033 559 5095 partem
583 5022 735 5094 piscis
758 5022 859 5077 assi
878 5062 892 5084 ,
933 5030 981 5074 et
1009 5019 1180 5088 favum
1207 5017 1370 5073 mellis
1392 5034 1411 5071 :
1439 5028 1487 5073 et
1512 5019 1863 5085 manducavit,
1898 5030 1946 5075 et

359 5116 598 5189 reliquias
637 5114 773 5169 dedit
811 5112 917 5168 illis
957 5110 1120 5185 (Luc.
1158 5127 1302 5175 xxrv,
1335 5111 1557 5182 57-45).
1588 5111 1791 5167 Dicitur
1818 5127 1943 5182 ergo

360 5207 558 5263 nobis:
607 5204 662 5259 Si
708 5203 980 5275 corruptio
1020 5201 1261 5271 corporis
1303 5216 1410 5254 non
1456 5208 1729 5271 resurget,
1779 5216 1944 5271 quare

359 5295 700 5353 manducavit
725 5295 978 5349 Dominus
1005 5291 1282 5348 Christus?
1307 5291 1534 5362 Legistis
1558 5294 1677 5362 quia
1716 5292 1941 5348 mandu-

357 5390 527 5454 cavit,
567 5385 825 5456 numquid
862 5383 1064 5455 legistis
1103 5382 1223 5453 quia
1250 5382 1502 5438 esurivit?
1532 5381 1681 5449 Quod
1717 5384 1940 5439 mandu-

357 5480 525 5545 cavit,
568 5475 848 5546 potestatis
890 5474 1020 5541 l‘uit,
1050 5488 1157 5529 non
1197 5473 1469 5544 egestatis.
1518 5472 1575 5527 Si
1618 5472 1944 5529 desideraret

360 5570 700 5635 manducare,
727 5576 924 5640 egeret.
951 5568 1155 5624 Rursus
1194 5567 1239 5621 si
1266 5565 1587 5621 manducare
1611 5581 1716 5621 non
1738 5576 1938 5638 posset,

363 5769 391 5812 ἱ
425 5702 441 5732 ¹
482 5702 712 5813 mirandi,
731 5714 859 5811 ergo.
887 5729 947 5737 —
978 5710 1123 5762 Quam
1162 5714 1331 5753 vocem
1373 5702 1647 5765 exprimunt
1682 5709 1755 5752 Fr.
1794 5702 1937 5766 Lugd.

388 5770 484 5813 'en.
512 5776 540 5812 ρ
606 5776 692 5813 0v.
804 5798 816 5811 .

388 5770 484 5815 ten.
512 5770 564 5813 et
585 5770 692 5813 Iov.
763 5770 816 5811 M.

1596 341 1653 398 S.
1697 332 2065 396 AUCUSTINI
2104 331 2407 389 EPISCOPI

3490 330 3626 390 “£0

2049 455 2225 511 minus
2253 453 2470 509 valeret.
2510 449 2776 522 Numquid
2817 455 2871 504 ct
2897 448 3119 519 Angeli,
3158 447 3372 519 quando
3396 451 3630 521 suscepti

2049 554 2173 602 sunt
2195 544 2427 615 hospitio
2454 559 2484 597 a
2512 543 2752 613 patribus
2788 540 3005 606 nostris,
3034 555 3139 595 non
3183 540 3633 597 manducaverunt

2054 636 2203 710 (Cen.
2238 651 2394 701 svnt,
2423 634 2543 701 1-9,
2572 645 2618 689 et
2646 633 2772 688 Tob.
2809 649 2906 700 xu,
2935 633 3043 704 l9),
3077 640 3132 689 et
3162 640 3340 689 tamen
3364 632 3633 704 corrupti-

2050 729 2185 784 biles
2211 743 2314 783 non
2341 726 2593 783 fuerunt?

2121 820 2175 875 5.
2208 818 2270 875 Si
2296 819 2463 873 carnis
2489 818 2611 873 uitia
2633 834 2735 872 non
2756 825 3041 888 resurgeut,
3078 833 3170 872 cur
3190 817 3243 871 in
3269 816 3468 871 Christo
3498 818 3632 870 cica-

2051 911 2213 965 trices.
2246 909 2451 965 Rursus
2474 909 2660 964 dicunt
2684 927 2698 963 :
2729 909 3028 979 Resurgcnt
3058 908 3179 962 vitia
3201 949 3219 976 ,
3247 923 3367 979 qua:
3396 919 3552 963 erant
3582 911 3632 962 in

2051 1017 2275 1072 corpore
2298 1000 2551 1067 lmmano,
2574 1015 2694 1055 cum
2719 999 2909 1070 quibus
2930 999 3153 1053 moritur
3178 999 3371 1053 homo?
3397 998 3635 1069 Respon-

2051 1092 2272 1149 demus:
2299 1091 2414 1147 Non
2443 1099 2727 1162 resurgent
2749 1090 2896 1145 vitia.
2924 1089 2992 1144 Et
3017 1089 3211 1144 dicitur
3240 1089 3429 1144 nobis:
3460 1088 3634 1157 Quare

2050 1200 2177 1256 ergo
2197 1185 2453 1239 Dominus
2482 1199 2603 1239 cum
2629 1198 2847 1238 suorum
2876 1180 3154 1236 vulnerum
3182 1180 3519 1236 cicatricibus
3549 1196 3633 1235 re-

2051 1275 2324 1331 surrexit?
2352 1273 2488 1343 Quid
2519 1273 2585 1329 ad
2624 1273 2727 1329 hoc
2750 1272 3010 1337 dicimus,
3042 1271 3144 1326 nisi
3171 1270 3293 1342 quia
3321 1280 3377 1326 et
3417 1270 3518 1326 hoc
3545 1286 3634 1340 po-

2053 1369 2259 1424 testatis
2290 1366 2407 1437 fuit,
2427 1382 2530 1424 non
2549 1365 2917 1422 necessitatis?
2933 1364 3024 1420 Sic
3048 1370 3325 1435 resurgere
3344 1364 3535 1430 voluit,
3560 1366 3633 1418 sic

2051 1475 2111 1517 se
2154 1459 2319 1517 voluit
2368 1460 2685 1531 quibusdam
2719 1458 3082 1514 dubitantibus
3128 1457 3405 1513 exhibere.
3458 1457 3516 1510 ln
3548 1457 3633 1511 illa

2046 1567 2214 1609 carne
2240 1553 2459 1609 cicatrix
2477 1552 2741 1619 vulneris,
2773 1550 2982 1606 sanavit
3006 1550 3198 1604 vulnus
3224 1549 3632 1604 incredulitatis.

2121 1644 2347 1702 CAPUT
2384 1643 2472 1699 Ill.
2507 1674 2580 1686 --
2623 1644 2677 1699 4.
2726 1641 3070 1697 Parvulorum
3112 1642 3407 1696 resurrectio
3447 1642 3632 1712 qualis.

2052 1737 2240 1792 Adhuc
2269 1736 2576 1805 disputant,
2622 1743 2679 1790 et
2714 1743 2961 1805 qumrunt
3000 1750 3031 1789 a
3073 1735 3263 1790 nobis:
3298 1735 3510 1790 Parvuli
3547 1737 3636 1807 qui

2052 1830 2372 1898 moriuntur,
2404 1828 2610 1900 parvuli
2649 1827 3001 1883 resurrecturi
3041 1828 3202 1883 sunt?
3247 1843 3315 1883 an
3358 1837 3493 1885 actas
3535 1830 3637 1886 erit

2052 1920 2206 1992 plena
2227 1920 2675 1987 reviviscentium,
2699 1934 2923 1991 quorum
2946 1928 3061 1974 erat
3082 1935 3241 1990 parva
3264 1922 3634 1977 morientium?

2053 2013 2165 2069 Hoc
2192 2013 2406 2085 quidem
2438 2014 2491 2068 in
2528 2012 2817 2084 Scripturis
2853 2012 3127 2068 deﬁnitum
3170 2029 3278 2069 non
3315 2014 3630 2070 invenimus.

2057 2104 2477 2175 lncorruptibilia
2527 2118 2751 2173 corpora
2798 2111 2853 2159 et
2902 2104 3220 2158 immortalia
3271 2114 3630 2161 rcsurrectura

2054 2195 2314 2267 promissa
2339 2204 2483 2250 sunt.
2522 2194 2628 2251 Sed
2655 2194 2698 2250 si
2731 2209 2889 2264 parva
2916 2194 3331 2260 :etasrcdditur,
3361 2195 3408 2251 si
3434 2204 3628 2250 statura

2053 2286 2239 2357 pusilla
2267 2297 2565 2352 revocatur,
2595 2285 2845 2356 numquid
2871 2293 2925 2340 et
2948 2293 3225 2355 propterea
3248 2286 3530 2342 inﬁrmitas
3552 2302 3629 2341 re-

2055 2377 2304 2432 vocatur?
2330 2376 2383 2432 Si
2414 2376 2560 2446 parvi
2587 2383 2762 2442 erunt,
2794 2375 3045 2444 numquid
3073 2374 3346 2444 jacebuut,
3373 2384 3428 2431 et
3452 2377 3628 2431 ambu—

2057 2468 2167 2523 lare
2193 2484 2297 2523 non
2320 2468 2607 2538 poterunt?
2631 2467 2948 2523 Credibilius
2969 2476 3144 2523 tamen
3167 2468 3425 2538 accipitur
3443 2478 3497 2525 et
3515 2485 3626 2540 pro-

2055 2560 2282 2639 babilius
2307 2570 2362 2616 ct
2384 2561 2767 2625 rationabilins,
2800 2560 2984 2630 plenas
3006 2566 3192 2614 aetates
3218 2570 3619 2626 resurrecturas,

2056 2662 2111 2706 ut
2137 2652 2389 2707 reddatur
2419 2667 2670 2717 munere,
2702 2650 2842 2722 quod
2871 2664 3208 2705 accessurum
3234 2659 3349 2706 erat
3376 2660 3619 2720 tempore.
3708 2670 3711 2671 '

2054 2742 2168 2797 Non
2189 2744 2330 2797 enim
2358 2741 2610 2797 credituri
2630 2756 2813 2798 sumus
2834 2740 2994 2796 etiam
3016 2748 3285 2797 senectam
3308 2749 3619 2796 resurrectu-

2055 2849 2167 2887 ram
2225 2833 2470 2888 anhelam
2519 2843 2576 2889 et
2626 2847 2862 2887 curvam.
2912 2831 3192 2887 Postremo
3234 2833 3616 2903 corruptionem

2056 2925 2213 2991 tolle,
2243 2923 2457 2994 etquod
2489 2923 2568 2977 vis
2593 2912 2753 2978 adde.

2125 3016 2179 3070 5.
2210 3013 2480 3069 Terrenum
2510 3031 2693 3085 corpus
2720 3014 2968 3084 quomodo
2995 3015 3047 3068 in
3085 3013 3211 3069 caelo
3238 3015 3349 3068 erit.
3380 3013 3481 3069 Sed
3500 3057 3513 3077 ,
3542 3015 3620 3069 in-

2054 3089 2191 3176 quis,
2228 3105 2494 3177 quomodo
2517 3105 2616 3160 erit
2643 3115 2907 3161 terrenum
2936 3120 3130 3174 corpus
3157 3106 3208 3159 in
3248 3106 3421 3161 ctelo?
3449 3105 3618 3160 Phile-

2053 3196 2206 3267 sophi
2234 3197 2375 3253 cnim
2397 3195 2642 3253 Gentium
2660 3239 2676 3264 ,
2707 3196 2780 3251 illi
2812 3197 2964 3252 valde
3004 3188 3208 3268 m'agni,
3235 3213 3454 3268 quorum
3480 3197 3617 3251 vobis

2048 3288 2159 3358 jam
2185 3288 2267 3342 vel
2290 3288 2502 3344 insanas
2530 3287 2610 3343 vel
2633 3297 2780 3343 certe
2799 3287 3061 3342 humanas
3081 3289 3370 3343 sententias
3396 3288 3614 3342 intimavi

2054 3378 2729 3451 (qumsierunt'quippe‘ista
2746 3394 2851 3433 non
2874 3378 3061 3447 Spiritu
3083 3378 3194 3445 Dei,
3216 3379 3308 3435 sed
3327 3380 3611 3449 conjectura

2052 3471 2230 3527 cordis
2266 3470 2533 3542 humani);
2577 3469 2701 3524 hinc
2742 3469 2970 3524 maxime
3013 3466 3210 3526 faciunt
3251 3457 3606 3540 quzrstionetn,

2054 3572 2280 3620 tractant
2305 3563 2567 3619 subtiliter
2604 3563 2672 3618 de
2702 3564 2989 3619 momentis
3030 3563 3323 3632 ponderum
3362 3574 3409 3618 et
3438 3561 3607 3617 ordine

2052 3656 2432 3710 elementorum
2464 3671 2476 3707 :
2507 3660 2561 3708 et
2582 3652 2796 3718 dicunt,
2829 3653 2967 3722 quod
2995 3654 3153 3708 etiam
3184 3654 3435 3720 videmus,
3464 3669 3600 3706 mun-

2050 3743 2175 3798 dum
2202 3744 2279 3798 sic
2308 3746 2429 3799 eSse
2451 3742 2764 3813 dispositum
2785 3783 2801 3810 ,
2830 3752 2887 3796 ut
2914 3743 3018 3797 ima
3044 3744 3113 3798 sit
3133 3754 3272 3798 terra
3301 3755 3521 3815 tanquam
3550 3744 3595 3795 in

2052 3831 2213 3888 fundo
2237 3833 2372 3904 ejus,
2396 3832 2628 3887 secunda
2655 3847 2789 3902 aqua
2816 3833 3225 3903 superfundatur
3247 3845 3411 3899 terra',
3434 3834 3594 3888 tertius

2049 3937 2141 3977 aer
2166 3923 2360 3987 veniat,
2390 3930 2606 3991 quartus
2633 3922 2800 3977 aether
2828 3931 3016 3977 cuncta
3040 3924 3327 3993 cooperiat.
3356 3924 3471 3978 lllud
3496 3924 3590 3976 cleo

2051 4025 2285 4070 mentum
2316 4029 2625 4084 supernum,
2648 4013 2788 4084 quod
2812 4014 3010 4070 aethera
3038 4017 3322 4087 appellant,
3351 4016 3501 4086 ignrm
3521 4014 3592 4069 di-

2050 4116 2176 4162 cunt
2200 4122 2320 4162 esse
2358 4106 2613 4176 liquidum
2654 4117 2707 4161 et
2743 4122 2967 4176 purum,
2997 4108 3119 4164 inde
3162 4107 3332 4164 sidera
3365 4125 3471 4163 csse
3496 4107 3577 4161 lor.

2051 4205 2192 4251 mata
2214 4237 2228 4261 ,
2274 4195 2342 4250 ibi
2373 4194 2501 4250 nihil
2547 4210 2704 4266 posse
2731 4212 2852 4251 esse
2884 4205 3150 4252 terrenum
3174 4240 3188 4264 ,
3221 4199 3453 4269 quoniam
3478 4197 3589 4251 ordo

2051 4287 2344 4356 ponderum
2369 4302 2471 4341 non
2493 4286 2741 4342 admittit.
2762 4287 2816 4343 Si
2841 4286 3081 4343 dicamus
3101 4291 3176 4344 cis
3200 4299 3371 4345 nostra
3396 4303 3588 4360 carpam

2051 4377 2103 4431 in
2132 4385 2272 4432 terra
2302 4391 2434 4430 nova
2460 4391 2580 4432 esse
2608 4377 2828 4442 victura,
2856 4386 2910 4432 et
2929 4379 2979 4432 iu
3007 4380 3145 4435 caelo
3173 4396 3275 4435 non
3306 4382 3489 4445 futura;
3511 4395 3592 4433 δυο

2053 4471 2236 4525 daeter
2261 4478 2315 4525 et
2356 4479 2588 4537 temere,
2633 4470 2739 4525 ivno
2778 4470 3064 4527 inlideliter
3108 4472 3351 4527 dicimus.
3392 4472 3594 4528 Credere

2048 4562 2188 4616 enim
2218 4561 2473 4616 debemus
2498 4560 2621 4629 talia
2651 4575 2873 4627 corpora
2904 4577 3001 4617 nos
3028 4563 3318 4632 habituros,
3347 4574 3399 4619 ut
3421 4565 3495 4618 ubi
3519 4579 3596 4617 vc-

2050 4653 2226 4721 limus,
2255 4653 2463 4723 quando
2492 4653 2835 4718 voluerimus,
2863 4655 2932 4708 ibi
2959 4656 3145 4710 simus.
3174 4656 3305 4710 Nam
3332 4658 3373 4711 si
3399 4672 3595 4727 respon-

2049 4745 2266 4811 demus,
2302 4744 2367 4799 ad
2398 4745 2706 4799 solvendam
2734 4744 2797 4799 de
2826 4745 3016 4801 ordine
3057 4746 3344 4816 ponderum
3373 4748 3594 4820 qtucstio-

2052 4854 2193 4900 nem,
2226 4838 2276 4891 in
2311 4846 2449 4892 terra
2477 4852 2572 4891 nos
2601 4852 2721 4891 esse
2751 4838 3013 4900 victuros;
3043 4837 3110 4893 de
3136 4839 3249 4909 ipso
3276 4856 3487 4912 corpore
3510 4841 3596 4894 Do-

2050 4928 2179 4983 mini
2211 4928 2362 4982 nohis
2391 4940 2473 4982 est
2497 4928 2739 4996 qumstio,
2772 4944 2890 4982 cum
2921 4944 3029 4998 quo
3053 4930 3292 4986 ascendit
3325 4932 3375 4987 in
3406 4934 3599 4988 malum.

2119 5020 2344 5075 CAPUT
2381 5019 2469 5075 IV.
2499 5050 2569 5061 --
2597 5020 2650 5075 6.
2682 5018 2872 5077 Clu-isti
2907 5039 3091 5091 corpus
3118 5024 3169 5077 in
3209 5026 3352 5080 etelo.
3391 5027 3603 5081 Audistis

2048 5110 2187 5181 quod
2215 5110 2281 5165 de
2309 5111 2593 5181 Evangelio
2621 5111 2778 5166 modo
2805 5128 2990 5167 recens
3014 5116 3191 5169 sonuit
3217 5115 3265 5170 in
3296 5118 3501 5173 auribus
3524 5132 3607 5171 no.

2048 5201 2210 5257 stris:
2246 5198 2468 5255 Elevatis
2507 5202 2737 5256 manibus
2773 5203 2877 5257 suis
2906 5203 3158 5260 benedixit
3199 5207 3290 5263 eis.
3333 5207 3399 5262 Et
3437 5213 3611 5280 factum

2048 5305 2149 5361 est,
2179 5295 2300 5347 dum
2339 5293 2646 5349 benediceret
2674 5295 2762 5362 eis,
2794 5297 2994 5350 recessit
3020 5298 3083 5351 ab
3108 5300 3200 5367 eis,
3225 5310 3272 5354 et
3297 5300 3539 5373 ferebatur
3561 5300 3614 5353 in

2046 5392 2223 5444 ca‘lum
2247 5390 2394 5462 (Luc.
2425 5406 2568 5455 xxxv,
2598 5389 2666 5444 50
2692 5400 2737 5444 et
2762 5391 2874 5462 5!).
2903 5390 3003 5460 Qui
3025 5391 3291 5449 ferebatur
3320 5395 3373 5449 in
3398 5392 3615 5450 cadum?

2048 5480 2607 5537 DominusChristns.
2638 5480 2741 5549 Qui
2782 5482 3039 5538 Dominus
3073 5483 3348 5541 Christus?
3377 5486 3614 5541 Dominus

2046 5574 2218 5628 Jesus.
2269 5571 2405 5641 Quid
2435 5572 2577 5627 enim
2598 5614 2612 5638 ,
2644 5583 2984 5642 separaturus
3012 5591 3069 5629 es
3115 5575 3385 5631 hominem
3425 5594 3453 5630 ει
3485 5577 3612 5642 Deo,

2046 5676 2100 5720 et
2126 5665 2363 5719 facturus
2387 5679 2446 5719 es
2474 5665 2631 5718 aliam
2662 5679 2940 5735 personam
2976 5665 3085 5731 Dei,
3116 5667 3272 5721 aliam
3299 5668 3543 5730 heroinis,
3571 5678 3628 5720 ut.

2048 5772 2158 5828 iam
2190 5770 2294 5810 non
2338 5754 2407 5809 sit
2446 5754 2710 5826 T‘initas,
2743 5754 2835 5812 sed
2879 5756 3240 5828 quaternitas?
3269 5756 3540 5827 Quomodo
3568 5765 3620 5810 tu
