3926 6188
304 362 434 453 ml

303 512 465 564 homo
501 508 677 564 anima
706 522 763 565 cs
782 516 831 563 et
860 521 1087 577 corpus;
1115 505 1193 562 sic
1213 503 1474 561 Dominus
1498 498 1737 555 Christus
1761 499 1894 554 Ver-

304 606 459 667 tmm,
500 600 672 655 anima
699 609 755 655 et
779 614 972 669 corpus
1002 601 1042 654 ¹.
1074 598 1182 655 Sed
1208 598 1440 654 Verbum
1482 615 1586 655 non
1612 599 1835 656 recessit
1860 616 1891 656 a

305 693 496 747 Patre:
527 700 580 747 et
619 691 686 746 ad
732 707 829 746 nos
858 692 1029 756 venit,
1063 701 1117 747 et
1146 691 1358 746 Patrem
1405 706 1509 745 non
1537 690 1809 757 deseruit;
1843 700 1897 747 et

304 786 356 837 in
388 794 540 839 utero
563 797 780 839 carnem
812 784 1037 853 accepit,
1068 792 1121 839 et
1143 783 1398 838 mundum
1426 783 1582 839 rexit.
1610 782 1747 851 Quid
1769 799 1896 854 ergo

304 875 539 930 levatum
583 883 666 929 est
708 875 759 929 iu
797 874 1023 941 ccelum,
1070 875 1171 931 nisi
1214 875 1355 945 quod
1397 884 1667 944 sumptum
1712 884 1792 930 est
1830 876 1899 931 de

307 966 487 1021 terra?
513 965 564 1021 id
592 975 708 1031 est,
737 982 862 1021 caro
890 966 975 1020 illa
999 1008 1012 1031 ,
1050 980 1244 1036 corpus
1271 965 1419 1032 illud,
1449 965 1518 1021 de
1545 981 1651 1036 quo
1674 965 1899 1037 loquens

305 1056 372 1111 ad
398 1057 684 1127 discipulos
713 1057 786 1110 ait
810 1075 822 1110 :
853 1055 1090 1127 Palpate,
1121 1066 1166 1111 et
1191 1057 1381 1123 videte,
1406 1056 1525 1128 quia
1548 1056 1757 1128 spiritus
1785 1072 1900 1110 ossa

306 1157 357 1201 et
377 1165 580 1202 carnem
609 1165 707 1201 non
731 1147 896 1213 habet,
926 1148 1052 1202 sicut
1074 1164 1153 1202 me
1180 1148 1353 1202 videtis
1375 1146 1573 1202 habere.
1605 1144 1899 1201 Credamus

307 1239 433 1306 hoc,
466 1238 689 1293 fratres:
718 1248 769 1291 et
801 1239 843 1292 si
874 1248 1184 1308 argumenta
1214 1237 1652 1309 philosophorum
1683 1236 1899 1291 difﬁcile

307 1329 600 1392 solvimus;
629 1326 759 1381 illud
802 1327 942 1397 quod
973 1327 1395 1382 demonstratum
1436 1335 1519 1382 est
1544 1326 1597 1380 in
1639 1326 1895 1391 Domino,

308 1420 426 1473 sine
452 1418 762 1474 difﬁcultate
792 1417 913 1472 ﬁdei
939 1426 1234 1474 teneamus.
1265 1418 1340 1473 llli
1367 1419 1632 1490 garriant,
1668 1433 1764 1473 uos
1783 1434 1901 1473 crc~

309 1510 521 1565 damus.

381 1602 608 1658 CAPUT
647 1601 713 1657 γ.
735 1633 807 1642 -
832 1604 884 1656 7.
919 1602 1024 1659 Deo
1047 1604 1240 1658 volente
1267 1604 1324 1673 ﬁt
1349 1605 1483 1675 quod
1506 1603 1635 1657 alias
1661 1601 1774 1672 ﬁeri
1800 1618 1899 1655 non

310 1703 492 1764 potest.
514 1694 622 1750 Sed
655 1708 758 1749 non
786 1704 982 1765 potest,
1023 1695 1295 1766 inquiunt,
1337 1711 1457 1752 esse
1485 1704 1753 1751 terrenum
1783 1709 1902 1749 cor-

313 1799 412 1854 pus
438 1785 489 1839 in
517 1786 673 1841 cado.
705 1785 867 1853 Quid,
899 1786 942 1841 si
974 1786 1076 1842 hoc
1105 1787 1232 1841 velit
1259 1786 1438 1842 Deus?
1464 1785 1747 1857 Responde
1769 1800 1897 1840 con-

311 1886 393 1931 tra
416 1877 604 1945 Deum,
637 1886 690 1932 et
714 1876 802 1932 dic
826 1896 839 1932 :
867 1877 982 1932 Non
1020 1885 1197 1948 potest
1223 1877 1384 1932 Deus.
1410 1876 1598 1931 Nonne
1622 1884 1677 1931 et
1705 1884 1757 1930 tu
1784 1876 1902 1945 qui-

310 1985 543 2040 cumque
572 1985 839 2041 paganus,
869 1970 1006 2026 dicis
1043 1971 1466 2041 omnipotentem
1491 1969 1695 2025 Deum?
1716 1968 1902 2025 Nonne

313 2060 366 2113 in
398 2060 533 2114 libro
564 2060 798 2116 Platonis
817 2102 831 2128 ,
863 2060 1001 2131 quod
1030 2060 1283 2117 hesterno
1310 2060 1396 2116 die
1423 2059 1778 2116 demonstravi
1813 2056 1902 2129 (In

310 2152 573 2220 superiore
617 2168 877 2217 sermone,
927 2169 981 2206 η.
1021 2152 1101 2224 8),
1145 2142 1342 2222 legitur
1387 2150 1586 2206 dixisse
1618 2150 1755 2205 Deus
1796 2162 1900 2202 non

312 2240 488 2297 factus
516 2242 618 2297 diis
641 2258 671 2297 a
701 2258 760 2298 se
795 2241 985 2327 factis:
1019 2262 1038 2295 ι
1067 2242 1329 2311 Quoniam
1365 2241 1493 2297 estis
1523 2240 1656 2305 orti,
1685 2241 1904 2295 immor-
1941 2251 1956 2268 ·

312 2333 451 2388 tales
477 2332 695 2403 quidem
731 2347 851 2389 esse
875 2343 930 2389 et
958 2333 1358 2389 indissolubiles
1382 2348 1488 2387 non
1510 2332 1763 2402 potestis;
1796 2346 1902 2385 non

308 2432 496 2478 tamen
535 2423 929 2490 dissolvemini,
964 2439 1134 2495 neque
1184 2425 1291 2480 ulla
1320 2438 1416 2479 vos
1444 2423 1630 2478 mortis
1672 2423 1772 2476 fata
1812 2437 1904 2493 pe-

314 2510 550 2581 riment;
580 2531 679 2571 nec
700 2524 859 2571 erunt
886 2516 1177 2572 valentiora
1202 2531 1359 2587 quam
1396 2516 1673 2593 consilium
1701 2530 1900 2581 meum,

309 2606 461 2677 quod
491 2606 663 2678 majus
700 2617 783 2663 est
808 2607 1077 2663 vinculum
1104 2608 1169 2663 ad
1198 2609 1603 2679 perpetuitatem
1633 2618 1864 2662 vestram
1886 2649 1900 2674 ,

312 2716 475 2769 quam
516 2700 606 2755 illa
645 2700 838 2771 quibus
866 2702 995 2757 estis
1032 2701 1265 2773 colligati
1296 2700 1411 2773 (a)?
1437 2721 1456 2753 ι
1489 2701 1681 2756 Totum
1720 2701 1787 2755 ad
1814 2716 1909 2755 vo-

311 2792 572 2848 iuntatcm
604 2807 755 2847 suam
782 2793 989 2864 redegit
1020 2794 1188 2859 Deus,
1229 2795 1319 2865 qui
1345 2802 1524 2864 potest
1544 2802 1598 2849 et
1636 2793 1776 2864 quod
1808 2793 1908 2847 im-

317 2882 572 2951 possibile
601 2891 704 2938 cst.
741 2883 873 2938 Nam
899 2883 1027 2953 quid
1067 2894 1150 2939 est
1183 2883 1323 2939 aliud
1342 2926 1358 2953 ,
1400 2884 1514 2938 Non
1544 2885 1764 2953 potestis
1788 2899 1908 2940 esse

320 2973 675 3040 immortales,
709 2974 803 3030 sed
834 2986 891 3031 ut
928 2989 1032 3029 non
1054 2974 1357 3031 moriamini
1379 2990 1478 3046 ego
1499 2973 1670 3041 facio;
1703 2974 1825 3043 nisi,
1853 2983 1909 3031 et

316 3065 462 3134 quod
493 3065 606 3120 ﬁeri
635 3082 739 3121 non
772 3075 966 3136 potest,
990 3082 1091 3138 ego
1113 3067 1286 3122 facio?

390 3154 617 3211 CAPUT
657 3155 744 3212 Vl.
773 3188 845 3197 -—
870 3157 925 3213 8.
949 3157 1227 3229 Corporum
1247 3158 1373 3213 ordo
1396 3174 1459 3213 ex
1478 3158 1761 3213 diversitate
1783 3175 1909 3230 pon-

320 3248 519 3302 derum.
548 3248 825 3305 Terrenum
852 3267 1037 3320 corpus
1061 3240 1238 3304 contra
1265 3251 1546 3321 ponderum
1571 3250 1796 3306 ordinem
1816 3268 1907 3307 su-

276 3370 283 3373 -
322 3356 416 3411 per
447 3357 647 3411 aquam.
681 3341 816 3396 Volo
847 3350 1026 3398 tamen
1055 3341 1251 3413 aliquid
1291 3342 1451 3398 etiam
1494 3342 1563 3397 de
1600 3342 1909 3398 diversitate

221 3446 225 3450 ‘
322 3432 618 3505 ponderum
643 3432 938 3503 disputare.
977 3435 1126 3505 Rogo
1161 3442 1233 3501 te,
1266 3434 1352 3489 dic
1379 3433 1508 3488 mihi
1530 3475 1546 3500 ,
1578 3434 1741 3488 Terra
1769 3442 1908 3488 terra

322 3533 428 3592 est,
457 3526 606 3596 Aqua
629 3541 764 3597 aqua
786 3534 889 3593 est,
913 3527 1020 3582 Aer
1039 3542 1133 3582 aer
1156 3535 1256 3593 est,
1280 3526 1490 3592 zEther,
1516 3525 1568 3580 id
1589 3534 1670 3581 est
1690 3524 1906 3593 ccelum,

322 3625 380 3670 et
416 3616 552 3685 ignis
599 3616 687 3670 ille
717 3615 949 3686 liquidus
974 3616 1167 3673 caelum
1196 3625 1299 3673 est.
1327 3617 1566 3683 Quatuor
1593 3631 1784 3686 nempe
1812 3616 1911 3670 ista

324 3707 476 3776 quasi
503 3707 764 3778 gradatim
785 3709 807 3739 ¹
833 3717 1246 3763 construxerunt
1264 3716 1318 3764 et
1337 3708 1733 3763 aediﬁcaveruut
1759 3724 1913 3762 mun-

328 3799 480 3864 dum,
514 3797 617 3853 hoc
644 3806 753 3864 est,
783 3813 848 3853 ex
881 3797 963 3854 his
989 3807 1214 3865 quatuor
1240 3798 1532 3854 aediﬁcatus
1555 3808 1637 3853 est
1662 3799 1909 3854 mundus.

328 3889 522 3957 Quaere
551 3888 676 3959 quid
709 3889 762 3944 in
790 3890 898 3945 imo
926 3890 1173 3957 sit,terra
1189 3900 1309 3946 eSt:
1341 3889 1465 3961 quid
1496 3890 1747 3962 desuper,
1778 3907 1912 3961 aqua

325 3990 411 4036 est
436 3999 447 4035 :
475 3981 600 4052 quid
643 3997 804 4054 super
832 3997 1022 4053 aquam
1040 4024 1054 4047 ,
1086 3997 1180 4037 aer
1212 3989 1331 4038 cst:
1359 3981 1484 4052 quid
1512 3998 1673 4051 super
1701 3998 1909 4049 aerem,

326 4074 522 4129 ctutum
546 4083 666 4141 est,
709 4074 881 4130 {other
904 4082 1006 4130 est.
1036 4073 1173 4143 Quid
1221 4089 1445 4144 corpora
1490 4074 1656 4129 solida
1687 4091 1806 4144 quae
1838 4083 1916 4130 te-

329 4174 523 4218 nentur
550 4174 710 4235 atque
756 4165 1086 4220 tractantur?
1112 4163 1230 4219 Non
1261 4164 1477 4219 humida
1522 4163 1661 4229 dico,
1695 4180 1811 4234 quae
1840 4164 1918 4218 la-

328 4255 529 4310 buntur
552 4267 605 4311 et
633 4256 836 4323 ﬂuunt;
864 4271 1086 4327 corpora
1113 4256 1233 4312 dico
1256 4256 1569 4321 tractabilia,
1594 4255 1734 4310 unde
1759 4258 1915 4310 sunt?

328 4346 510 4400 ’νει-τω
534 4346 834 4417 deputanda
869 4355 1017 4413 sunt,
1046 4361 1111 4400 an
1141 4362 1312 4418 aqua},
1343 4362 1410 4401 an
1443 4347 1576 4414 aeri,
1605 4362 1671 4401 an
1698 4347 1917 4402 mtberi?

331 4436 704 4507 Responsurus
731 4452 820 4502 es,
866 4437 1067 4493 Terrre.
1108 4437 1406 4494 Terrenum
1438 4453 1569 4509 ergo
1612 4453 1808 4509 corpus
1834 4447 1918 4495 est

327 4527 568 4597 lignum?
596 4528 761 4583 Plane
800 4537 1091 4583 terrenum.
1134 4528 1192 4583 In
1224 4537 1362 4584 terra
1403 4529 1658 4595 nascitur,
1691 4530 1742 4583 in
1777 4538 1917 4585 terra

329 4619 504 4684 alitur,
538 4619 592 4673 in
621 4629 761 4675 terra
802 4621 1017 4676 crescit.
1050 4621 1351 4678 Tractabile
1376 4632 1459 4677 est
1479 4664 1493 4686 ,
1525 4638 1627 4678 non
1657 4624 1914 4679 ﬁuxibile.

332 4709 461 4763 Redi
494 4727 701 4766 mecum
731 4710 797 4769 ad
841 4713 989 4766 illum
1018 4712 1261 4769 ordinem
1309 4714 1629 4783 ponderum.
1673 4715 1836 4771 Terra
1864 4716 1917 4770 in

330 4802 676 4857 fundamento
703 4811 823 4858 est:
856 4805 1097 4860 ordinem
1141 4821 1389 4876 sequere.
1432 4806 1568 4875 Quid
1607 4822 1769 4876 super
1809 4816 1913 4862 ter-

329 4895 485 4949 ram?
512 4896 681 4965 Aqua.
705 4895 880 4967 Quare
903 4898 1098 4967 lignum
1122 4907 1269 4953 natat
1293 4913 1452 4968 super
1475 4900 1702 4968 aquam?
1729 4899 1922 4957 Terre-

333 5002 459 5042 mnn
492 4996 575 5042 est
599 5003 795 5058 corpus
820 5007 832 5042 :
864 4989 907 5043 si
934 5004 1154 5045 revoces
1180 4990 1420 5045 adillum
1449 4992 1689 5047 ordinem
1722 4994 1923 5063 ponde-

333 5092 483 5144 rum,
514 5078 616 5135 sub
640 5094 774 5151 aqua
820 5095 940 5136 esse
976 5082 1193 5149 debuit,
1243 5097 1346 5137 non
1391 5098 1572 5153 supra.
1620 5083 1921 5140 Invenimus

333 5172 474 5228 inter
502 5180 699 5229 terram
730 5182 784 5229 et
810 5168 1007 5245 lignum
1049 5190 1240 5245 aquam
1282 5177 1509 5231 mediam
1542 5196 1554 5231 :
1587 5178 1770 5233 subter
1810 5187 1920 5234 ter-

330 5278 445 5318 ram
465 5305 482 5331 ,
526 5280 686 5334 super
713 5280 928 5337 aquam,
957 5276 1013 5320 et
1041 5282 1202 5336 super
1241 5282 1432 5337 aquam
1467 5269 1655 5322 iterum
1685 5277 1880 5324 terram
1902 5312 1918 5337 ,

334 5355 768 5426 quandoquidem
808 5357 1006 5429 lignum
1038 5367 1176 5414 terra
1207 5368 1307 5414 est.
1351 5360 1628 5416 Perdidisti
1662 5361 1808 5415 illum
1835 5378 1923 5416 or-

379 5512 517 5585 tsic
536 5518 641 5585 uss.
670 5519 726 5562 At
749 5513 887 5585 editi,
908 5517 1149 5575 Quomodo
1168 5520 1220 5585 tu
1237 5515 1377 5585 Itomo
1408 5518 1570 5585 anima
1587 5532 1639 5569 es
1659 5527 1705 5569 et
1728 5532 1918 5585 corpus.

338 5580 382 5623 et
392 5577 517 5624 sicut
725 5581 771 5625 et
793 5589 968 5640 corpus
1010 5590 1132 5627 unus
1153 5584 1222 5628 est
1252 5577 1425 5640 homo;
1463 5578 1530 5630 ita
1555 5589 1681 5631 Deus
1716 5588 1763 5632 et
1784 5577 1924 5633 homo

332 5647 455 5685 unus
476 5643 548 5687 est
570 5635 805 5688 Christus.
830 5635 923 5688 sed
953 5640 1175 5694 Verbum,
1195 5649 1288 5689 etc.

370 5696 517 5805 m’asic
538 5697 724 5761 aliquot
756 5702 1014 5763 manuscril
1034 5702 1086 5751 ti.
1126 5700 1211 5750 Alii
1238 5716 1353 5751 vero
1376 5714 1484 5749 cum
1517 5704 1675 5766 editis,
1703 5704 1791 5757 ista
1809 5720 1921 5769 (μητ-

332 5770 471 5875 "(iiii
498 5820 611 5871 Vide
632 5822 695 5873 de
729 5822 928 5873 civitate
951 5825 1032 5873 Dei
1058 5823 1140 5874 lib.
1158 5823 1235 5885 :22,
1253 5838 1356 5888 cap.
1392 5827 1467 5875 2U.

1685 379 1915 438 SERMO
1954 379 2200 437 CCXL".

3450 356 3589 441 ωε

2006 496 2210 566 dinem,
2244 507 2366 556 tene
2388 499 2563 556 ﬁdem.
2588 501 2728 571 Ergo
2750 508 2956 557 terrena
2982 516 3203 573 corpora
3230 501 3443 558 iuventa
3465 512 3589 559 sunt

2005 605 2168 660 super
2195 591 2541 660 elementum,
2576 593 2716 662 quod
2759 593 3049 648 secundum
3075 603 3158 648 est
3187 593 3238 647 in
3269 594 3455 650 ordine
3482 595 3590 649 ele-

2005 691 2328 748 mentorum,
2353 684 2563 753 quando
2588 692 2770 738 natant
2793 682 2953 755 ligna,
2983 699 3153 754 neque
3183 695 3514 754 merguntur.

2076 776 2302 832 CAPUT
2343 776 2618 832 Vll.—9.
2664 775 2935 830 Plumbum
2977 794 3129 845 super
3161 794 3363 847 aquam.
3405 780 3588 832 Atten-

2006 869 2072 925 de
2096 870 2258 935 aliud,
2292 871 2431 940 quod
2456 873 2571 943 plus
2600 871 2829 926 mireris.
2851 870 3084 939 Corpora
3113 871 3225 939 ipsa
3251 871 3584 941 gravissima,

2006 971 2059 1017 et
2086 970 2259 1017 tamen
2290 974 2522 1030 terrena,
2546 978 2664 1034 quze
2688 963 2702 993 ¹
2732 978 2854 1015 mox
2878 968 2935 1014 ut
2958 960 3174 1015 dimissa
3215 961 3407 1016 fuerint
3429 978 3589 1031 Super

2006 1069 2218 1123 aquam,
2267 1055 2523 1110 continuo
2572 1055 2969 1123 demerguntur,
2995 1061 3047 1107 et
3084 1052 3150 1107 ad
3180 1053 3282 1107 ima
3325 1052 3584 1123 profunda

2005 1146 2342 1215 perveniunt,
2361 1147 2498 1202 sicut
2518 1159 2600 1203 est
2618 1146 2837 1212 fcrrmn,
2866 1154 3135 1216 postremo
3160 1147 3297 1201 sicut
3315 1157 3395 1202 est
3416 1148 3589 1216 plum-

2008 1233 2152 1289 bum.
2207 1235 2344 1303 Quid
2397 1237 2538 1292 cnim
2582 1237 2802 1308 plumbo
2845 1237 3106 1308 gravius?
3144 1238 3364 1293 Accedit
3412 1248 3585 1293 tamen

2007 1339 2194 1381 manus
2222 1325 2441 1382 artiﬁcis
2467 1327 2531 1383 ad
2580 1328 2871 1398 plumbum,
2917 1328 3039 1382 facit
3093 1328 3216 1382 inde
3258 1329 3469 1399 aliquod
3499 1347 3588 1384 vas

2006 1429 2316 1484 concavum,
2347 1427 2402 1473 et
2442 1427 2588 1473 natat
2615 1416 2888 1489 plumbum
2936 1435 3096 1489 super
3141 1436 3352 1490 aquam.
3380 1421 3589 1491 Ergone

2008 1521 2111 1559 nou
2139 1505 2285 1562 dabit
2312 1508 2452 1564 Deus
2466 1511 2675 1580 corpori
2694 1524 2831 1575 meo,
2850 1510 2991 1580 quod
3011 1511 3100 1565 dat
3122 1512 3310 1566 artifex
3334 1513 3589 1581 plumbo?

2010 1597 2209 1654 Deinde
2232 1615 2422 1670 aquam
2454 1602 2620 1671 ipsam
2651 1602 2740 1659 ubi
2765 1603 2958 1674 ponitis
2984 1604 3007 1657 ?
3048 1605 3231 1660 Redite
3256 1606 3323 1660 ad
3349 1606 3587 1660 ordinem

2008 1689 2416 1746 elementorum.
2449 1694 2604 1749 Certe
2647 1695 3053 1764 respoudebitis,
3081 1696 3219 1767 quod
3247 1713 3379 1767 aqua
3411 1699 3476 1752 sit
3502 1714 3586 1752 su-

2008 1796 2103 1852 per
2126 1791 2342 1838 terram.
2372 1783 2547 1850 Quare
2585 1801 2711 1857 ergo
2735 1798 3018 1857 antequam
3063 1797 3280 1842 currant
3324 1790 3376 1842 iu
3426 1798 3586 1854 terra,

2008 1873 2244 1943 pendent
2272 1874 2499 1930 nubibus
2522 1876 2737 1931 ﬁumina
2763 1878 2787 1931 ?

2078 1966 2164 2022 10.
2192 1966 2471 2039 Corporum
2497 1969 2783 2039 graviora»:
2815 1969 3026 2025 celerior
3043 1971 3375 2043 quorumdam
3400 1982 3589 2039 gnatus.

2006 2058 2215 2115 Revoca
2264 2060 2388 2116 inde
2424 2061 2903 2118 considerationem
2944 2070 3086 2118 tuam
3134 2072 3187 2118 et
3217 2064 3589 2134 cogitationem

2008 2149 2073 2205 ad
2101 2165 2162 2205 ea
2193 2168 2310 2221 qua:
2333 2152 2569 2206 dicturus
2596 2168 2735 2219 sum,
2761 2153 2805 2208 si
2844 2154 3068 2207 Domino
3094 2153 3380 2225 adjuvaule
3409 2165 3592 2226 potue-

2009 2259 2092 2296 ro.
2119 2242 2253 2308 Quid
2274 2241 2483 2298 facilius
2514 2253 2775 2313 movetur,
2802 2247 2928 2316 quid
2946 2249 3181 2302 velocius
3195 2249 3443 2319 agitatur,
3474 2266 3593 2319 gra—

2012 2331 2133 2386 vius
2176 2348 2393 2404 corpus,
2439 2350 2504 2387 an
2562 2335 2779 2391 levius?
2826 2336 2956 2404 Quis
2988 2354 3092 2392 non
3124 2339 3462 2409 respondeat,
3496 2341 3595 2396 Lee

2011 2422 2174 2477 vius?
2202 2422 2423 2479 Leviora
2466 2426 2606 2479 enim
2632 2441 2852 2496 corpora
2881 2425 3087 2483 facilius
3117 2434 3429 2495 moventur;
3447 2431 3593 2484 velo-

2014 2514 2128 2567 eius
2157 2523 2385 2584 aguntur
2409 2533 2423 2568 :
2451 2517 2699 2587 graviora
2716 2517 2982 2574 difficilius
2997 2529 3156 2590 atque
3182 2519 3401 2574 tardius.
3434 2521 3592 2576 Certe

2013 2606 2250 2676 regulam
2292 2606 2476 2673 ﬁxisti,
2514 2618 2661 2664 certe
2712 2609 3082 2677 considerasti,
3111 2620 3167 2666 et
3194 2610 3595 2682 circumspccﬁs

2016 2697 2265 2751 omnibus
2310 2699 2630 2769 respondisti
2654 2699 2775 2770 quia
2806 2699 3009 2754 facilius
3036 2710 3316 2756 moventur
3344 2709 3399 2756 et
3442 2702 3591 2756 velo-

2018 2789 2133 2844 cius
2158 2797 2384 2860 aguutur
2415 2804 2638 2861 corpora
2668 2790 2887 2858 leviora,
2916 2807 3073 2861 quam
3103 2792 3367 2863 graviora.
3393 2792 3468 2846 lta
3488 2803 3591 2859 est,

2015 2883 2167 2939 dicis.
2200 2883 2483 2954 Responde
2525 2900 2654 2955 ergo
2696 2884 2848 2939 mihi.
2897 2884 3073 2953 Quare
3111 2886 3374 2941 leviSsima
3402 2902 3596 2941 aranea

2017 2975 2168 3033 tarde
2191 2990 2252 3031 se
2281 2985 2482 3043 movet,
2506 2984 2562 3032 et
2583 2978 2758 3048 gravis
2784 2992 2952 3048 equus
2980 2977 3236 3033 velociter
3255 2979 3469 3033 currit?
3518 2979 3590 3033 De

2016 3070 2146 3142 ipsis
2173 3069 2478 3126 hominibus
2505 3070 2729 3142 loquar:
2764 3073 2933 3142 majus
2960 3085 3156 3141 corpus
3198 3070 3430 3126 hominis
3477 3087 3599 3141 grau

2015 3163 2132 3218 vius
2158 3172 2280 3230 est;
2311 3162 2525 3219 brevius
2553 3178 2745 3234 corpus
2765 3163 2905 3234 quod
2935 3163 3111 3219 minus
3137 3163 3295 3219 habet
3322 3164 3593 3233 ponderis,

2017 3254 2187 3311 levius
2204 3263 2307 3311 est.
2327 3255 2402 3310 lta
2430 3270 2557 3310 vero
2584 3263 2687 3322 est,
2729 3253 2826 3311 sed
2862 3255 2906 3309 si
2933 3255 3068 3310 alius
3099 3263 3292 3324 portet.
3322 3254 3377 3312 Si
3419 3266 3598 3309 autem

2015 3346 2129 3417 ipse
2155 3346 2317 3402 homo
2345 3362 2540 3419 corpus
2578 3361 2731 3402 suum
2766 3355 2959 3417 portet,
2977 3346 3185 3401 validus
3204 3345 3389 3413 currit,
3421 3360 3601 3399 macer

2016 3443 2270 3514 languore
2295 3441 2380 3496 vix
2409 3441 2660 3495 ambulat.
2698 3439 2949 3509 Appende
2975 3454 3211 3494 macrum
3239 3448 3291 3493 et
3323 3438 3598 3493 robustum

2020 3515 2326 3597 hominem;
2374 3531 2520 3585 illum
2539 3532 2793 3600 languore
2816 3530 2902 3584 vix
2942 3544 3137 3600 paucas
3164 3528 3369 3583 libellas
3398 3543 3599 3597 appen-

2019 3621 2263 3687 dentem,
2299 3621 2444 3675 illum
2491 3620 2805 3675 salubritate
2842 3619 3083 3689 corporis
3123 3619 3285 3673 multa
3328 3618 3504 3689 pondo
3547 3619 3601 3674 in

2017 3728 2179 3769 carne
2224 3727 2320 3767 sua
2346 3720 2619 3782 gerentem
2653 3728 2666 3764 :
2697 3719 2837 3765 tenta
2866 3717 2921 3765 tu
2958 3710 3144 3765 ambos
3172 3709 3357 3765 tollere
3383 3726 3398 3774 ;
3428 3709 3603 3780 gravis

2020 3816 2101 3861 est
2140 3805 2362 3870 validus,
2386 3803 2519 3859 levis
2564 3811 2646 3858 est
2697 3803 3031 3858 macilentus.
3066 3800 3299 3857 Recedat
3341 3810 3599 3871 portator,

2021 3905 2274 3969 appareat
2310 3895 2649 3977 ambulator;
2674 3895 2818 3964 ipsos
2845 3893 3049 3948 dimitte
3078 3892 3202 3958 sibi,
3226 3900 3383 3963 agant
3411 3906 3603 3960 corpo-

2024 4007 2081 4046 ra
2108 4005 2243 4046 sua:
2276 3988 2429 4045 video
2466 4001 2703 4042 macrum
2728 3985 2814 4040 vix
2859 3999 3070 4055 passum
3098 3992 3419 4049 moventem,
3452 3982 3605 4036 video

2024 4084 2252 4138 validum
2283 4082 2664 4151 robustumque
2679 4087 3002 4135 currentem.
3021 4077 3078 4134 Si
3104 4078 3203 4133 hoc
3220 4077 3357 4132 valet
3383 4075 3603 4143 sanitas,

2027 4174 2396 4229 immortalitas
2421 4172 2545 4242 quid
2568 4170 2802 4226 valebit?

2095 4264 2322 4321 CAPUT
2379 4263 2509 4318 Vlll.
2538 4291 2610 4303 --
2634 4262 2722 4317 11.
2754 4260 2979 4333 Corpora
2999 4261 3285 4332 spiritualia
3304 4267 3416 4330 post
3436 4275 3607 4313 resur-

2025 4358 2316 4424 rectionem,
2347 4356 2480 4411 unde
2514 4356 2671 4410 dicta.
2697 4353 2855 4409 Dabit
2880 4368 3009 4425 ergo
3035 4353 3176 4409 Deus
3200 4352 3391 4408 miram
3439 4349 3608 4406 facili—

2028 4458 2212 4515 tatem,
2240 4449 2429 4504 miram
2472 4449 2758 4504 levitatem.
2787 4446 2903 4502 Non
2929 4447 3045 4503 sine
3083 4462 3239 4502 causa
3269 4447 3358 4501 illa
3383 4460 3609 4516 corpora

2026 4541 2322 4610 spiritualia
2338 4547 2638 4609 nuncupata
2665 4546 2810 4594 sunt.
2827 4536 2942 4593 Non
2972 4537 3091 4593 ideo
3130 4537 3270 4593 dicta
3308 4544 3432 4592 sunt
3455 4534 3611 4606 spiri-

2033 4633 2216 4698 tualia,
2247 4631 2371 4702 quia
2419 4638 2576 4686 erunt
2625 4630 2863 4700 spiritus,
2894 4645 3001 4684 non
3041 4644 3286 4700 corpora.
3320 4627 3456 4683 Nam
3508 4626 3607 4682 ista

2029 4742 2148 4795 qua:
2172 4723 2334 4780 modo
2379 4723 2658 4788 habemus,
2688 4722 2936 4777 dicuntur
2973 4721 3217 4775 animalia
3254 4733 3477 4789 corpora
3509 4735 3522 4771 :
3557 4729 3612 4774 et

2028 4827 2201 4873 tamen
2229 4816 2422 4871 animae
2448 4830 2552 4869 non
2573 4822 2719 4878 sunt,
2768 4812 2860 4867 sed
2891 4826 3135 4880 corpora.
3173 4808 3450 4877 Quomodo
3473 4824 3611 4862 nunc

2026 4908 2124 4962 ista
2175 4906 2422 4961 animalia
2452 4904 2722 4970 dicuntur,
2764 4912 2819 4957 et
2859 4901 3050 4955 animae
3089 4915 3195 4954 non
3225 4908 3385 4953 sunt:
3414 4898 3493 4953 sic
3521 4899 3611 4953 illa

2028 4997 2321 5068 spiritualia
2359 4994 2627 5060 dicuntur,
2657 4992 2750 5047 sed
2779 5007 2883 5046 non
2914 5001 3039 5044 sunt
3062 4989 3301 5059 spiritus,
3329 4988 3450 5059 quia
3493 5003 3627 5043 cor-

2029 5107 2157 5162 pora
2182 5098 2356 5145 erunt.
2385 5087 2559 5157 Quare
2595 5085 2787 5140 dicitur
2827 5082 3102 5151 spirituale
3125 5096 3338 5151 corpus,
3360 5080 3610 5135 charissi-
3658 5136 3662 5143 ,

2028 5183 2122 5246 mi,
2157 5180 2253 5235 nisi
2299 5179 2420 5249 quia
2446 5176 2512 5230 ad
2557 5184 2739 5230 nutum
2789 5172 3005 5243 spiritus
3047 5170 3292 5226 serviet?
3336 5167 3475 5225 Nihil
3519 5170 3610 5224 tibi

2033 5270 2359 5327 contradicet
2415 5283 2482 5323 ex
2524 5278 2598 5333 te,
2646 5264 2778 5319 nihil
2800 5264 2853 5318 in
2885 5271 2935 5318 te
2956 5261 3235 5318 rebellabit
3262 5260 3516 5317 adversus
3538 5269 3608 5315 te.

2031 5363 2147 5418 Non
2194 5362 2262 5415 ibi
2291 5362 2392 5415 erit
2419 5357 2560 5429 quod
2599 5356 2884 5427 Apostolus
2927 5352 3109 5424 gemit,
3140 5351 3270 5407 Caro
3307 5352 3612 5421 concupiscit

2032 5455 2272 5509 adversus
2312 5452 2566 5523 spiritum,
2595 5459 2640 5503 et
2670 5448 2875 5519 spiritus
2900 5446 3142 5500 adversus
3171 5461 3370 5500 carnem
3401 5442 3609 5515 (Galut.

2032 5564 2084 5611 ν,
2121 5545 2248 5615 17).
2278 5543 2392 5598 Non
2426 5541 2642 5604 ibicrit,
2681 5538 2835 5593 Video
2878 5539 3033 5592 aliam
3086 5537 3241 5607 legem
3285 5536 3335 5588 in
3382 5534 3612 5588 membris

2035 5641 2155 5694 meis
2204 5643 2568 5707 repugnantem
2618 5632 2714 5702 legi
2767 5632 2943 5685 mentis
2990 5629 3151 5700 mea:(
3186 5630 3329 5683 Rom.
3359 5644 3448 5693 ιιι,
3476 5626 3609 5696 25).

2037 5729 2161 5786 llre
2189 5729 2324 5784 bella
2355 5743 2458 5781 non
2492 5727 2562 5780 ibi
2591 5733 2747 5781 erunt
2781 5742 2792 5777 :
2825 5740 2922 5793 pax
2980 5723 3049 5777 ibi
3077 5723 3199 5784 erit,
3232 5739 3331 5793 pax
3383 5722 3612 5793 perlecta

2101 5830 2113 5857 ι
2142 5831 2197 5872 Er
2241 5822 2385 5885 Lugd.
2415 5828 2530 5871 \‘en.
2559 5828 2668 5871 Lov.
2694 5820 2943 5878 omittunt,
2966 5829 3091 5878 υκαι.
3158 5824 3217 5866 λι.
