3926 6188
344 326 508 401 ’ttta

368 459 437 517 ibi
470 458 593 514 erit.
622 452 991 520 Ubivolueris,
1017 454 1131 510 eris
1166 473 1178 509 :
1211 452 1305 510 scd
1345 468 1376 510 a
1406 452 1517 509 Deo
1563 466 1669 509 non
1700 447 1944 523 recedes.

370 550 468 604 llhi
501 548 748 613 volueris,
779 548 884 603 eris
912 564 924 600 :
955 546 1047 602 sed
1073 560 1408 618 quocumque
1440 544 1584 611 ieris,
1608 544 1774 599 Deum
1801 548 1948 599 tuum

369 640 607 695 habebis.
640 640 712 694 De
733 630 837 710 quo
858 638 1044 695 beatus
1060 640 1186 703 eris,
1216 653 1429 709 semper
1452 653 1575 693 cum
1602 636 1692 692 illo
1713 635 1839 692 eris.

439 731 526 786 12.
560 730 958 784 Rcsnrrcctionis
1002 731 1268 799 promissio
1289 738 1359 783 tot
1377 730 1491 783 aliis
1531 728 1625 785 Dei
1664 727 1953 799 promissio-

366 822 510 875 nibus
524 821 639 891 jam
660 822 877 893 impletis
903 822 1249 890 conﬁrmatur.
1281 820 1445 876 Nemo
1473 836 1597 890 ergo
1615 820 1775 887 fallat,
1795 833 1952 875 nemo

366 921 784 984 argumentetur,
815 922 972 968 nemo
991 929 1086 969 sua
1106 912 1407 983 suspicione
1432 911 1620 967 deliret
1645 930 1658 965 :
1691 910 1831 981 quod
1854 924 1954 965 no-

366 1005 446 1058 his
479 1005 721 1074 promisit
766 1004 926 1071 Deus,
954 1012 1235 1060 venturum
1280 1018 1399 1059 esse
1425 1003 1723 1058 certissime
1764 1012 1951 1057 tenea-

367 1111 502 1151 mus.
537 1096 758 1165 Quando
786 1096 1059 1152 vidcbatnr
1075 1094 1339 1160 Christus,
1362 1098 1555 1149 fratres
1581 1094 1707 1160 mei,
1737 1092 1953 1163 quando

365 1188 583 1257 spiritus
611 1188 913 1260 putabatur,
940 1196 1067 1243 utse
1093 1202 1285 1258 corpus
1308 1201 1427 1242 esse
1454 1185 1816 1257 persuaderet,
1844 1199 1950 1239 non

371 1280 537 1334 solum
561 1280 1024 1351 praebebat-oculis
1048 1279 1356 1344 videndum,
1378 1277 1472 1333 sed
1499 1277 1658 1332 etiam
1706 1276 1953 1333 manibus

370 1370 825 1426 contrectandum.
853 1370 1054 1438 Quibus
1097 1369 1164 1423 ad
1212 1367 1570 1424 exhibendam
1603 1366 1724 1422 ﬁdei
1754 1367 1953 1421 verita-

370 1476 476 1519 tem
505 1465 555 1518 in
600 1480 846 1536 corpore,
891 1463 1137 1535 dignatus
1162 1472 1245 1518 est
1270 1463 1431 1520 etiam
1459 1479 1563 1518 non
1611 1462 1950 1531 necessitate,

367 1555 460 1610 sed
494 1564 755 1625 potestate
794 1556 971 1612 cibum
1003 1570 1214 1610 sumere
1248 1575 1261 1610 :
1316 1563 1491 1610 tamen
1521 1554 1693 1609 adhuc
1723 1553 1827 1608 illis
1844 1568 1954 1622 pra:

368 1647 561 1714 gaudio
592 1647 1041 1716 trepidantibus‘,
1074 1646 1468 1702 ﬁrmamentum
1511 1644 1688 1700 cordis
1717 1643 1957 1701 adhibuit

369 1737 645 1792 desanctis
683 1737 967 1807 Scripturis
992 1756 1007 1803 ;
1035 1746 1089 1793 et
1114 1738 1187 1791 ait
1213 1738 1337 1803 illis,
1370 1736 1497 1791 Ilwc
1527 1745 1642 1790 sunt
1668 1736 1815 1789 verba
1844 1750 1957 1804 qua:

371 1828 568 1880 locutus
616 1844 728 1881 sum
757 1828 822 1880 ad
858 1845 964 1894 vos,
992 1845 1107 1881 cum
1136 1828 1302 1882 adhuc
1332 1844 1487 1883 essent
1515 1828 1766 1881 vobiscum
1786 1845 1804 1878 :
1823 1843 1954 1898 quo-

372 1920 509 1971 niam
534 1934 729 1972 necesse
754 1928 826 1972 cst
855 1920 1055 1988 impleri
1087 1920 1255 1972 omnia
1278 1934 1391 1988 qua:
1419 1919 1606 1987 scripta
1622 1927 1736 1971 sunt
1768 1918 1820 1970 in
1852 1916 1955 1970 Le-

369 2027 431 2080 ge
461 2008 647 2080 Moysi,
679 2019 724 2062 et
751 2007 1038 2075 Prop/retis,
1070 2019 1115 2062 et
1139 2008 1354 2064 Psalmis
1373 2009 1436 2062 de
1472 2025 1570 2062 me.
1596 2007 1734 2062 Tunc
1757 2008 1957 2077 aperuit

376 2101 477 2154 illis
503 2116 723 2168 sensum,
756 2099 893 2153 sicut
946 2099 1291 2170 Evangelium
1341 2098 1597 2169 loquitur,
1626 2097 1767 2168 quod
1798 2096 1957 2151 modo

376 2192 571 2243 lectum
618 2197 718 2250 est.
771 2199 823 2243 ut
866 2188 1198 2259 intelligerent
1242 2188 1585 2259 Scripturas;
1636 2197 1682 2241 et
1710 2187 1834 2240 dixit
1864 2186 1954 2255 eis,

376 2283 508 2349 Quia
552 2282 625 2337 sic
665 2281 907 2352 scriptum
954 2291 1046 2349 est,
1077 2289 1123 2335 et
1148 2281 1219 2335 sic
1246 2279 1503 2351 Oportebat
1528 2279 1785 2333 Christum
1816 2280 1944 2349 pati,

374 2383 419 2426 et
448 2389 705 2446 resurgere
728 2390 759 2426 a
785 2372 996 2426 mortuis
1028 2373 1169 2426 tertio
1214 2371 1315 2439 die,
1348 2381 1393 2426 et
1424 2371 1689 2443 praedicari
1719 2370 1770 2424 in
1798 2370 1961 2425 nomi-

374 2481 437 2518 ne
450 2466 558 2537 ejus
577 2464 913 2537 pwnitentiam
927 2475 974 2517 et
994 2462 1336 2519 remissionem
1356 2471 1670 2531 peccatorum
1688 2477 1777 2532 per
1792 2477 1962 2515 omnes

375 2536 564 2623 gentes,
588 2536 940 2625 incipientibus
960 2553 1022 2608 ab
1050 2552 1337 2607 Jerusalem
1360 2551 1378 2623 (
1399 2551 1528 2604 Luc.
1559 2567 1701 2613 xxiv.
1733 2551 1958 2620 ιιι-47).

376 2648 506 2704 lilud
529 2663 634 2703 non
651 2646 896 2712 vidimus,
922 2645 1017 2702 sed
1046 2645 1147 2700 hoc
1171 2643 1436 2699 videmus.
1460 2642 1683 2710 Quando
1711 2642 1804 2696 ista
1834 2656 1961 2713 pro-

377 2742 739 2810 mittebantur,
768 2739 1000 2797 nondum
1039 2739 1377 2795 videbantur.
1408 2738 1652 2808 Apostoli
1690 2736 1960 2791 Christum

379 2845 695 2905 praesentem
712 2835 995 2901 videbant:
1019 2833 1111 2889 sed
1136 2842 1245 2888 toto
1278 2832 1406 2887 orbe
1425 2840 1686 2886 terrarum
1716 2829 1963 2885 diffusam

381 2928 674 2985 Ecclesium
702 2942 808 2982 non
824 2926 1075 2981 videbant
1106 2943 1119 2978 :
1156 2924 1407 2980 videbant
1443 2931 1622 2993 caput,
1656 2932 1709 2978 et
1737 2922 1805 2977 de
1837 2936 1962 2976 cor-

379 3034 510 3087 pore
556 3018 865 3075 credebant.
921 3016 1189 3071 Habemus
1236 3015 1380 3070 vices
1428 3024 1659 3079 nostras,
1706 3013 1965 3071 habemus

379 3109 601 3179 gratiam
631 3108 1043 3178 dispensationis
1082 3116 1137 3161 et
1175 3104 1563 3159 distributionis
1604 3112 1798 3161 nostrae
1834 3120 1845 3156 :
1895 3103 1962 3158 ad

380 3197 707 3254 credendum
758 3196 1072 3251 certissimis
1115 3194 1468 3258 documentis,
1526 3203 1759 3263 tempora
1812 3192 1966 3247 nobis

380 3291 434 3343 in
462 3302 567 3343 una
616 3286 722 3343 ﬁde
782 3294 907 3345 sunt
949 3284 1252 3339 distributa.
1286 3284 1367 3338 Illi
1408 3283 1659 3339 videbant
1688 3294 1865 3354 caput,
1912 3292 1968 3338 et

380 3379 670 3435 credebant
716 3379 784 3434 de
830 3392 1093 3448 corpore:
1128 3393 1224 3434 nos
1250 3376 1491 3432 videmus
1519 3392 1732 3446 corpus,
1775 3377 1963 3432 creda-

382 3485 501 3525 mus
524 3469 593 3526 de
610 3468 802 3541 capite.

828 3558 1060 3615 SERMO
1110 3557 1356 3613 ccxun
1390 3561 1407 3581 ο
1440 3557 1537 3628 (α).

813 3680 860 3723 tn
882 3671 1058 3724 diebus
1086 3670 1403 3734 Paschalibus,
1438 3685 1532 3723 xn'.

382 3778 462 3833 De
489 3778 857 3834 resurrectione
896 3776 1106 3832 Domini
1131 3777 1408 3831 secundum
1427 3775 1696 3843 Joannem,
1723 3778 1774 3832 in
1814 3776 1962 3844 illud,

453 3888 571 3943 cap.
589 3886 682 3937 xx,
714 3871 802 3938 i7,
831 3868 947 3925 Noli
970 3884 1056 3924 me
1074 3876 1325 3939 tangere;
1348 3868 1582 3925 nondum
1610 3870 1752 3924 enim
1782 3884 1967 3925 ascen-

452 3965 506 4023 di
532 3964 597 4024 ad
618 3964 829 4019 Patrem
858 3977 1036 4018 meum
1056 3961 1148 4033 (ὁ).
1181 3960 1246 4015 Et
1281 3961 1342 4015 de
1371 3961 1704 4015 membrorum
1734 3977 1829 4015 usu
1854 3969 1966 4030 post

454 4057 883 4113 resurrectionem.

452 4148 676 4204 CAPUT
705 4146 991 4203 PRIMUM.
1015 4177 1082 4186 —
1104 4147 1151 4201 i.
1193 4145 1479 4216 Difficultas
1500 4144 1549 4200 in
1578 4144 1732 4200 verbis
1762 4143 1967 4200 Domini

381 4240 597 4299 nolentis
629 4256 683 4294 se
715 4237 944 4296 aHaria
982 4238 1120 4309 tangi
1160 4246 1276 4291 ante
1324 4237 1680 4293 ascensionem.
1721 4235 1965 4292 Narratio

381 4331 784 4391 resurrectionis
828 4330 1038 4384 Domini
1082 4329 1251 4384 nostri
1299 4327 1427 4384 Jesu
1447 4326 1641 4383 Christi
1671 4327 1963 4383 secundum

381 4424 762 4493 evangelistam
811 4421 1069 4476 Joannem
1103 4418 1259 4475 hodie
1290 4419 1392 4489 legi
1421 4420 1602 4489 coepit.
1659 4419 1770 4474 lloc
1821 4419 1964 4474 enim

380 4514 558 4579 scitis,
588 4522 642 4568 et.
687 4511 1179 4568 commendaveram
1235 4511 1405 4576 vobis,
1442 4510 1733 4566 secundum
1780 4525 1966 4566 omnes

381 4613 609 4673 quatuor
638 4601 1002 4671 Evangelislas
1032 4602 1145 4657 istis
1173 4598 1360 4654 diebus
1387 4602 1826 4656 resurrectionem
1855 4602 1965 4656 Do-

382 4697 511 4753 mini
552 4694 781 4753 recitari.
814 4694 869 4749 Iu
901 4693 984 4749 bis
1010 4708 1137 4764 ergo
1180 4710 1299 4764 qua:
1340 4693 1656 4771 audivimus,
1695 4694 1820 4748 illud
1853 4704 1968 4751 lan-

384 4803 493 4849 tum
524 4790 663 4845 solet
703 4803 937 4853 movere,
969 4803 1134 4858 quare
1163 4786 1361 4843 dixerit
1391 4788 1649 4843 Dominus
1673 4787 1828 4843 Jesus
1853 4805 1969 4845 mu-

384 4882 497 4940 lieri
532 4880 785 4953 qurerenti
813 4895 1008 4949 corpus
1039 4879 1173 4948 ejus,
1203 4888 1254 4933 et
1286 4896 1405 4934 eum
1432 4878 1541 4948 jam
1575 4879 1751 4935 vivum
1799 4894 1964 4948 agno-

380 4974 548 5031 scenti
590 4992 604 5029 :
657 4971 783 5028 Noli
832 4988 910 5025 me
936 4981 1179 5041 tangere;
1212 4971 1438 5024 nondum
1488 4970 1618 5023 enim
1660 4970 1862 5024 escendi
1900 4970 1968 5024 ad

386 5063 589 5120 Putrem
615 5080 797 5119 meum.
827 5061 943 5119 Dixi
969 5070 1144 5116 autem
1177 5061 1348 5127 vobis,
1381 5069 1434 5114 et
1471 5060 1774 5115 meminisse
1799 5062 1965 5116 debe-

383 5156 469 5221 tis,
513 5169 618 5210 non
646 5153 824 5209 omnia
850 5167 1038 5207 omnes
1068 5151 1247 5205 dicere
1273 5167 1288 5216 ;
1321 5151 1413 5205 sed
1447 5150 1551 5205 du-i
1588 5152 1654 5205 ab
1681 5152 1819 5216 aliis,
1844 5167 1967 5222 qua:

381 5244 448 5301 ab
473 5244 592 5301 aliis
622 5243 978 5314 praetermissa
1004 5249 1147 5297 sunt.
1173 5241 1285 5294 Non
1317 5252 1491 5296 tamen
1534 5243 1627 5311 ita,
1672 5250 1730 5296 ut
1758 5242 1894 5297 inter
1909 5257 1966 5298 se

380 5349 681 5407 repugnare
725 5333 976 5390 credendi
1018 5334 1145 5401 sint,
1174 5334 1217 5387 si
1248 5333 1387 5388 absit
1428 5334 1717 5401 contentio,
1748 5343 1801 5389 et
1829 5334 1967 5388 adsit

442 5472 462 5501 ’δ
481 5468 669 5532 Aliquot
690 5475 819 5525 διεδ..
841 5464 1170 5532 titubantibus.

444 5534 462 5549 '
484 5529 752 5593 Castigatus
794 5530 853 5579 ad
891 5543 1063 5579 omnes
1082 5539 1186 5579 MSS.
1213 5536 1266 5578 et
1304 5529 1415 5578 Edd.
1445 5530 1494 5578 iu
1533 5543 1761 5580 sermone
1786 5544 1967 5593 pra‘cc-

383 5590 514 5653 dcnti
540 5590 681 5653 modo
703 5591 1001 5653 designatos.

445 5651 517 5707 la)
543 5649 683 5707 Alias,
707 5651 771 5700 de
793 5649 1005 5702 Diversis
1026 5651 1073 5701 6.

446 5710 518 5773 (ὸ)
541 5718 673 5778 Hune.
692 5712 846 5778 loctmt
868 5716 929 5778 ab
949 5717 1221 5778 A_u,usttno
1244 5721 1491 5763 lrar'lalum
1516 5716 1572 5767 ad
1600 5715 1794 5778 ili-hem
1821 5724 1962 5766 testa-

384 5780 463 5825 iut‘
486 5771 722 5823 t‘ossidius
750 5774 797 5821 in
818 5771 1041 5837 ιιιαλωισ,
1068 5790 1167 5837 ναὶ·-
1198 5776 1245 5822 8.

1587 329 1646 386 S.
1687 325 2049 390 AUCUSTiNi
2091 326 2394 387 EPiSCOPl

3499 342 3641 399 11Ξὸ

2057 446 2226 521 pietas
2253 447 2616 519 intelligentis.
2653 448 2784 506 Nam
2816 450 3161 524 sicutlcgitur
3187 453 3327 525 apud
3372 458 3642 527 cvangeli-

2059 549 2196 594 stam
2258 540 2560 596 hiatthmum
2586 584 2601 609 ,
2659 552 2999 614 posteaquam
3050 546 3360 607 resurrexit,
3409 547 3643 603 occurrit

2058 632 2263 689 duabus
2283 634 2613 703 mulieribus,
2632 635 2684 689 in
2710 636 2902 706 quibus
2919 648 2974 693 et
2992 637 3088 692 ista
3115 648 3229 694 erat
3251 656 3265 704 ;
3296 648 3351 694 et
3374 638 3511 695 dixit
3539 641 3639 707 eis,

2063 726 2230 781 Aucte.
2261 725 2378 785 Illa:
2403 737 2572 781 autem
2597 738 2926 795 accesserunt,
2957 739 3003 782 et
3029 738 3289 783 tenuerunt
3318 730 3471 802 pedes
3511 732 3637 798 ejus,

2059 827 2104 871 ct
2129 818 2464 871 adoravcrunt
2491 835 2600 872 eum
2628 821 2646 887 (
2681 818 2866 873 Matth.
2897 836 3083 884 xxvm,
3109 820 3142 876 9
3176 821 3194 891 )
3228 840 3242 875 :
3278 830 3331 875 ct
3368 823 3550 892 utique
3575 827 3655 877 ad'

2059 908 2268 964 Patrem
2292 908 2528 965 nondum
2546 911 2875 966 ascenderat.
2894 912 3178 978 Quomodo
3203 929 3332 983 ergo
3350 913 3474 969 huic
3496 930 3632 970 nunc

2058 998 2270 1066 dicitur,
2287 999 2413 1055 Noli
2435 1018 2513 1056 me
2536 1010 2778 1074 tangere;
2804 1003 3028 1057 nondum
3064 1005 3198 1060 enim
3218 1005 3424 1059 escendi
3446 1006 3514 1059 ad
3537 1004 3639 1059 Pa-

2059 1101 2185 1146 trem
2214 1110 2376 1146 meum
2402 1094 2426 1147 ?
2454 1093 2543 1148 Sic
2594 1095 2736 1149 enim
2785 1096 2944 1149 verba
2999 1096 3099 1152 ista
3138 1096 3383 1152 videntur
3428 1112 3633 1165 sonare,

2058 1182 2207 1252 quasi
2241 1191 2364 1237 tunc
2385 1198 2505 1237 eum
2553 1192 2733 1255 posset
2760 1193 2973 1255 tangere
2999 1185 3178 1251 Maria,
3204 1186 3415 1258 quando
3457 1201 3636 1242 ascen-

2057 1271 2224 1327 disset
2262 1273 2312 1328 in
2343 1273 2559 1329 caelum.
2605 1274 2660 1330 Si
2701 1276 2752 1330 in
2781 1284 2920 1331 terra
2958 1278 3186 1347 positum
3231 1294 3336 1333 non
3366 1279 3553 1349 tangit,
3585 1281 3633 1334 in

2057 1363 2195 1418 ccelo
2216 1363 2491 1420 sedentem
2518 1368 2636 1436 quis
2657 1366 2959 1422 mortalium
2978 1376 3154 1438 potest
3178 1377 3396 1438 tangere
3414 1369 3440 1420 τ

2129 1455 2353 1511 CAPUT
2394 1456 2455 1511 ll.
2481 1456 2625 1510 —2.
2656 1456 2883 1529 Tangere
2936 1457 3193 1513 Christum
3238 1460 3382 1529 quid.
3422 1459 3527 1514 Sed
3554 1460 3635 1516 ille

2061 1559 2230 1606 tactus
2250 1550 2406 1606 ﬁdem
2434 1550 2715 1622 signiﬁcat.
2744 1551 2933 1623 Tangit
2960 1550 3250 1618 Christum,
3279 1551 3372 1621 qui
3396 1552 3565 1608 credit
3585 1553 3634 1607 in

2058 1641 2351 1696 Christum.
2384 1642 2513 1699 Nam
2551 1651 2602 1697 ct
2644 1642 2733 1696 illa
2778 1643 2971 1698 mulier
2997 1659 3116 1713 qua:
3147 1642 3345 1697 ﬁuxum
3372 1643 3638 1713 sanguinis

2060 1733 2375 1807 patiebatur,
2424 1733 2556 1789 dixit
2581 1734 2719 1804 apud
2746 1750 2805 1789 se
2832 1734 3035 1804 ipsam:
3069 1734 3132 1791 Si
3159 1735 3361 1805 tetigero
3387 1734 3635 1804 ﬁmbriam

2060 1826 2334 1880 vestimenti
2353 1828 2479 1897 ejus,
2508 1827 2647 1880 salva
2676 1844 2760 1881 ero
2786 1825 2805 1900 (
2836 1826 2921 1882 Id.
2943 1843 3018 1894 ts,
3044 1826 3108 1880 2|
3135 1826 3176 1898 ).
3209 1826 3338 1883 Fide
3364 1827 3553 1897 tetigit,
3588 1837 3640 1883 et

2060 1918 2258 1974 Sanitas
2279 1918 2563 1974 subsecuta
2591 1929 2691 1986 cst,
2726 1935 2882 1989 quam
2932 1919 3286 1991 prmsumpsit.
3325 1919 3561 1989 Denique
3587 1928 3641 1973 ut

2061 2025 2342 2069 nossemus
2366 2010 2491 2081 quid
2520 2012 2589 2066 sit
2618 2027 2743 2067 vere
2798 2023 3034 2084 tangere,
3084 2013 3343 2069 Dominus
3388 2012 3639 2069 continuo

2061 2102 2194 2157 dixit
2229 2101 2504 2172 discipulis
2552 2104 2663 2161 suis
2696 2122 2706 2156 :
2754 2103 2879 2169 Quis
2924 2121 3002 2159 me
3040 2105 3195 2176 tetigit
3225 2105 3251 2158 .’
3300 2105 3367 2160 Et
3398 2104 3640 2160 dixerunt

2002 2240 2020 2257 ,
2062 2192 2303 2262 discipuli
2367 2210 2379 2246 :
2422 2192 2605 2249 Turbte
2651 2204 2698 2250 te
2740 2196 3094 2266 comprimunt,
3134 2205 3181 2250 et
3228 2196 3375 2263 dicis,
3405 2195 3532 2260 Quis
3570 2214 3642 2252 me

2065 2285 2222 2355 tetigit
2248 2285 2272 2338 ?
2297 2285 2364 2339 Et
2388 2283 2475 2340 ille
2507 2304 2519 2339 :
2566 2284 2745 2356 Tetigit
2780 2303 2856 2341 me
2871 2286 3087 2360 aliquis(
3113 2286 3242 2343 Luc.
3272 2303 3388 2353 vut,
3417 2288 3638 2359 45-46).

2064 2375 2228 2443 Quasi
2278 2375 2504 2429 dicens:
2536 2376 2714 2433 Turba
2749 2378 2960 2445 premit,
3020 2378 3149 2433 ﬁdes
3192 2379 3381 2449 tangit.
3425 2378 3642 2433 Videtur

2064 2483 2193 2537 ergo
2220 2468 2315 2523 ista
2344 2468 2527 2533 Maria,
2584 2471 2665 2523 cui
2693 2469 2825 2524 dixit
2858 2471 3132 2538 Dominus,
3153 2470 3279 2526 Noli
3297 2489 3376 2525 me
3403 2481 3642 2543 tangere;

2067 2559 2288 2613 nondum
2313 2561 2443 2613 enim
2468 2560 2670 2614 asccndi
2694 2562 2762 2613 ad
2790 2560 2997 2615 Patrem
3026 2578 3209 2627 meum,
3250 2562 3508 2617 Ecclesiae
3546 2578 3639 2633 ge-

2067 2657 2209 2703 stare
2231 2664 2533 2719 personam,
2563 2665 2682 2720 qua:
2722 2658 2845 2707 tunc
2879 2652 2929 2707 in
2959 2652 3224 2709 Christum
3247 2653 3497 2718 credidit,
3523 2669 3640 2710 cum

2067 2743 2393 2799 ascendisset
2416 2743 2481 2798 ad
2512 2743 2743 2800 Patrem.
2780 2746 2915 2800 Ecce
2953 2761 3051 2800 vos
3094 2747 3390 2817 interrogo,
3435 2746 3644 2817 quando

2068 2832 2368 2888 credidistis
2398 2852 2412 2898 ;
2457 2835 2725 2907 interrogo
2758 2837 3052 2891 Ecclesiam
3082 2846 3191 2892 toto
3230 2838 3362 2892 orbe
3387 2848 3643 2895 terrarum

2070 2923 2335 2991 dili‘usam,
2366 2926 2516 2995 cujus
2561 2941 2786 2996 persona
2821 2929 3010 2982 eratin
3045 2944 3146 2983 una
3180 2929 3373 2984 femina
3407 2948 3419 2984 :
3469 2938 3524 2986 et
3544 2946 3641 2985 una

2069 3030 2199 3071 voce
2222 3016 2350 3069 mihi
2380 3017 2687 3087 respondet,
2706 3019 2853 3074 Tunc
2881 3020 3103 3088 credidi,
3133 3036 3252 3076 cum
3282 3020 3439 3076 Jcsus
3464 3038 3646 3077 ascen-

2069 3105 2234 3160 disset
2281 3107 2344 3162 ad
2373 3106 2600 3162 Patrem.
2632 3108 2770 3175 Quid
2802 3118 2903 3176 cst,
2927 3110 3077 3165 Tunc
3091 3110 3326 3176 credidi;
3357 3111 3480 3177 nisi,
3527 3120 3645 3165 tunc

2070 3197 2259 3269 tetigi?
2311 3199 2453 3254 Multi
2475 3201 2716 3256 carnales
2758 3200 3026 3256 Christum
3080 3202 3446 3259 tantummodo
3483 3202 3645 3257 homi-

2071 3305 2191 3347 nem
2226 3300 2559 3362 putaverunt,
2586 3292 2914 3348 divinitatem
2944 3293 2993 3350 in
3022 3293 3111 3347 illo
3138 3293 3395 3349 latentem
3437 3309 3540 3351 non
3573 3294 3644 3349 iu-

2072 3381 2404 3436 tellexerunt.
2444 3381 2558 3435 Non
2591 3382 2726 3437 bene
2761 3383 3061 3453 tetigerunt,
3084 3384 3205 3453 quia
3234 3399 3339 3437 non
3369 3383 3508 3440 bene
3525 3399 3643 3439 cre-

2070 3473 2335 3528 diderunt.
2388 3473 2477 3527 Vis
2526 3472 2661 3529 bene
2709 3475 2966 3544 tangere?
2996 3473 3232 3545 intelligo
3261 3474 3534 3529 Christum
3557 3473 3644 3531 ubi

2071 3576 2152 3620 est
2180 3566 2320 3619 Patri
2352 3574 2668 3629 comternus,
2692 3575 2744 3620 et
2786 3566 3021 3638 tetigisti.
3058 3566 3113 3620 Si
3143 3577 3321 3621 autem
3375 3567 3641 3622 hominem

2075 3666 2246 3725 pinus,
2304 3664 2357 3709 et
2388 3655 2523 3710 nihil
2550 3656 2777 3726 amplius
2803 3663 2978 3726 putas,
3013 3655 3104 3709 tibi
3149 3656 3383 3711 nondum
3414 3655 3644 3712 ascendit

2070 3749 2134 3803 ad
2162 3747 2389 3804 Patrem.

2140 3838 2371 3895 CAPUT
2412 3837 2497 3894 Ill.
2527 3838 2673 3893 —3.
2722 3836 3004 3909 Diﬂicultas
3050 3838 3113 3891 de
3165 3854 3261 3891 usu
3307 3837 3639 3892 membrorum

2072 3940 2184 3999 post
2207 3930 2636 3983 resurrectionem.
2664 3928 2919 3984 Adhibuit
2942 3944 3067 3999 ergo
3092 3916 3342 3983 Dominus
3358 3928 3512 3984 Iesus
3530 3943 3641 3998 spc-

2070 4023 2205 4077 ciem
2255 4022 2495 4091 corporis
2538 4022 2620 4076 sui
2671 4021 2916 4076 humanis
2944 4021 3207 4086 sensibus,
3239 4021 3304 4073 ad
3332 4021 3640 4077 conﬁrman-

2071 4114 2193 4169 dam
2246 4113 2420 4167 carnis
2464 4113 2930 4167 resurrectionem.
2964 4111 3106 4165 Nihil
3134 4126 3232 4165 nos
3270 4111 3413 4167 aliud
3460 4111 3640 4165 docere

2074 4207 2257 4273 voluit,
2289 4204 2619 4261 ostendendo
2672 4219 2730 4258 se
2761 4204 2936 4257 vivum
2968 4204 3017 4256 in
3061 4218 3286 4273 corpore
3318 4214 3437 4274 post
3466 4218 3637 4258 resur-

2072 4304 2361 4358 rectionem
2380 4318 2552 4368 suam,
2582 4301 2681 4355 nisi
2717 4309 2774 4357 ut
2818 4298 3066 4354 credatur
3093 4312 3122 4349 a
3151 4297 3303 4351 nobis
3332 4294 3640 4351 resurrectio

2072 4404 2421 4449 mortuorum.
2448 4393 2580 4447 Cum
2602 4405 2726 4462 ergo
2745 4391 2946 4460 integra
2966 4386 3307 4457 instauranda
3324 4385 3434 4440 sint
3454 4385 3638 4446 omnia,

2072 4484 2238 4556 quaeri
2265 4484 2400 4538 solet
2422 4482 2489 4536 ab
2503 4482 2579 4537 eis
2610 4482 2695 4551 qui
2728 4481 2864 4539 scire
2897 4479 3289 4545 desiderant,et
3320 4491 3505 4531 rursus
3532 4490 3643 4546 pro-

2079 4576 2198 4646 poni
2231 4575 2365 4629 solet
2388 4574 2454 4627 ab
2470 4574 2547 4627 eis
2577 4574 2665 4643 qui
2698 4574 2901 4642 ligitare
2934 4571 3254 4636 desiderant,
3292 4569 3637 4641 quaestiodil-

2076 4660 2224 4714 ﬁcilis
2256 4659 2322 4714 de
2366 4674 2463 4713 usu
2504 4658 2885 4712 membrorum.
2928 4655 3116 4711 Dicunt
3142 4654 3305 4717 enim,
3336 4668 3533 4723 corpus
3553 4667 3642 4707 no-

2072 4762 2239 4806 strum
2282 4750 2478 4805 habere
2525 4749 2702 4802 omnia
2751 4747 2986 4801 membra
3012 4761 3127 4811 sua,
3171 4753 3225 4800 et
3248 4760 3511 4814 apparere
3538 4756 3645 4813 quae

2074 4841 2309 4897 tnembra
2339 4841 2530 4913 quibus
2570 4840 2675 4892 sint
2705 4838 2955 4907 Operibus
3003 4834 3321 4892 necessaria.
3348 4834 3481 4903 Quis
3508 4832 3639 4888 enim

2075 4933 2295 4994 nesciat,
2345 4932 2463 5001 quis
2513 4943 2615 4983 non
2645 4927 2931 4994 videat,ad
2986 4925 3274 4983 videndum
3308 4940 3408 4979 nos
3455 4923 3649 4978 habere

2073 5027 2277 5089 oculos,
2311 5040 2466 5078 aures
2488 5022 2552 5076 ad
2585 5020 2926 5085 audiendum,
2950 5019 3178 5093 linguam
3203 5017 3268 5071 ad
3305 5015 3643 5087 loquendum,

2074 5133 2228 5173 nares
2257 5117 2321 5170 ad
2360 5114 2737 5176 olfacieudum,
2767 5112 2951 5166 dentes
2975 5110 3041 5164 ad
3068 5108 3448 5175 mandendum,
3467 5120 3648 5161 manus

2072 5212 2137 5266 al
2193 5208 2541 5281 operandam,
2595 5205 2756 5277 pedes
2805 5203 2870 5258 ad
2918 5199 3341 5265 ambulandum;
3379 5199 3467 5253 illa
3497 5199 3646 5252 etiam

2072 5302 2308 5357 membra
2365 5314 2483 5369 qua:
2532 5294 2775 5368 pudenda
2828 5293 3095 5359 dicuntur,
3140 5290 3206 5345 ad
3250 5287 3650 5361 generandum?

2073 5397 2240 5451 Porro
2269 5404 2446 5447 autem
2474 5391 2727 5445 interiora
2756 5389 2913 5443 etiam
2964 5386 3187 5449 viscera,
3221 5399 3339 5453 qua:
3368 5398 3437 5438 ne
3471 5382 3647 5436 hone-

2072 5495 2194 5542 rent
2222 5483 2548 5554 aspectibus,
2576 5481 2745 5536 voluit
2773 5480 2910 5533 Deus
2934 5492 3055 5533 esse
3070 5482 3314 5532 contecta
3340 5490 3356 5535 ;
3402 5471 3647 5528 interiora

2072 5588 2251 5634 nostra
2267 5586 2321 5632 et
2337 5574 2583 5629 intestina
2601 5588 2718 5643 quae
2737 5571 3002 5635 dicuntur,
3028 5569 3092 5624 ad
3110 5582 3244 5637 quos
3265 5580 3396 5619 usus
3420 5565 3643 5623 valeant,

2073 5680 2126 5726 et
2175 5668 2321 5723 mttlti
2365 5666 2659 5730 hominum,
2685 5672 2739 5717 et
2785 5662 2974 5717 melius
3027 5659 3215 5714 medici
3268 5660 3642 5726 cognoverunt.

2075 5766 2521 5833 Argumentantur
2543 5773 2669 5835 ergo
2712 5767 2765 5812 et
2790 5756 2969 5811 dicunt
3009 5752 3194 5807 nobis:
3226 5749 3279 5805 Si
3309 5763 3465 5803 aures
3492 5746 3641 5799 habe-
