3926 6188
199 370 342 428 lilii

198 485 378 539 bimus
416 487 473 536 ut
498 477 797 543 audiamus,
844 477 1025 534 oculos
1068 483 1126 532 ut
1152 474 1447 543 videamus,
1475 475 1707 546 linguam
1727 482 1788 530 ut

204 576 517 644 loquamur;
540 570 727 625 dentes
756 582 921 640 quare
945 566 1282 633 habebimus,
1309 566 1354 621 si
1394 580 1502 620 non
1551 564 1781 620 mandu-

200 663 463 728 cabimus,
518 659 735 726 fauces,
784 658 1102 728 pulmones,
1150 655 1506 720 stomachum,
1537 655 1789 710 intestina

195 771 308 827 qua
334 753 437 810 cibi
496 758 792 818 transeunt,
813 759 867 805 et
887 765 982 821 pro
999 758 1195 804 nostra:
1221 746 1538 804 valetudinis
1582 756 1787 816 tempe-

201 848 285 902 rie
317 852 753 910 commutantur;
790 852 1058 914 postremo
1104 841 1195 896 illa
1236 841 1349 911 ipsa
1388 840 1626 896 membra
1668 853 1789 908 qua:

200 945 462 992 vocantur
495 933 761 1005 pudenda,
792 949 976 1008 quare,
1011 932 1271 1002 inquiunt,
1301 931 1638 997 habebimus,
1697 928 1788 984 ubi

200 1028 351 1083 nulla
381 1028 484 1082 erit
506 1025 803 1097 generatio,
832 1024 977 1078 nulla
1005 1022 1271 1093 digestio?

275 1115 504 1172 CAPUT
541 1115 629 1170 IV.
670 1142 743 1155 --
778 1114 833 1169 4.
878 1112 1106 1169 Membra
1149 1112 1373 1184 corporis
1417 1118 1562 1164 erunt
1603 1119 1693 1165 aut
1720 1107 1789 1163 ad

202 1224 372 1275 usum,
392 1216 482 1261 aut
501 1207 569 1262 ad
593 1206 826 1279 speciem.
850 1205 1138 1261 Harmonia
1169 1206 1521 1259 membrorum.
1545 1202 1681 1271 Quid
1710 1202 1790 1259 eis

202 1298 660 1368 respondeamus?
690 1297 1080 1368 Numquidnam
1107 1295 1302 1352 dicturi
1340 1310 1525 1351 sumus
1552 1295 1668 1349 sine
1708 1294 1790 1349 in-

203 1390 417 1445 testinis
433 1404 531 1444 nos
548 1397 961 1455 resurrecturus,
978 1386 1045 1442 ad
1058 1386 1453 1443 similitudinem
1472 1384 1791 1440 statuarum?

200 1479 334 1533 Nam
358 1480 428 1535 de
455 1478 706 1535 dentibus
732 1478 883 1534 facile
906 1477 1279 1551 respondetur.
1301 1477 1495 1532 Dentes
1519 1475 1662 1530 enim
1682 1489 1793 1529 non

202 1582 413 1628 tantum
439 1588 540 1628 nos
564 1572 812 1644 adjuvant
839 1572 908 1627 ad
937 1570 1317 1637 mandendum,
1334 1584 1517 1625 verum
1539 1568 1696 1623 etiam
1721 1567 1789 1622 ad

198 1661 567 1732 loquendum;
609 1662 748 1716 sicut
792 1660 1052 1731 plectrum
1086 1673 1298 1721 nervos,
1323 1659 1402 1714 sic
1428 1659 1661 1729 linguam
1692 1672 1789 1710 no-

198 1762 393 1819 stram,
434 1761 492 1809 ut
528 1752 764 1824 syllabas
801 1760 976 1819 sonet,
1018 1750 1395 1820 percutientes.
1420 1747 1624 1804 Caetera
1664 1761 1794 1817 ergo

201 1844 448 1900 membra
479 1853 658 1898 nostra
689 1852 847 1899 erunt
874 1842 940 1897 ad
966 1842 1223 1911 speciem,
1252 1857 1357 1897 non
1391 1840 1457 1895 ad
1491 1854 1685 1903 usum;
1725 1837 1793 1891 ad

198 1934 725 1991 commendationem
761 1931 1188 2004 pulchritudinis,
1219 1946 1324 1986 non
1354 1930 1421 1985 ad
1453 1929 1792 1998 indigentiam

198 2024 560 2078 necessitatis.
585 2023 853 2094 Numquid
894 2024 1016 2093 quia
1048 2023 1342 2087 vacabunt,
1384 2020 1504 2076 ideo
1544 2020 1793 2074 indecora

200 2115 403 2169 erunt?
431 2115 496 2170 Et
523 2115 737 2186 quidem
770 2128 911 2169 nunc
937 2114 1057 2184 quia
1089 2112 1315 2184 imperiti
1347 2124 1552 2175 smnus,
1580 2116 1637 2164 et
1662 2122 1794 2162 cau-

196 2220 285 2259 sas
326 2221 512 2259 rerum
559 2205 892 2276 ignoramus,
924 2204 969 2259 si
999 2204 1278 2260 videantur
1306 2202 1559 2258 interiora
1590 2208 1792 2266 nostra,

197 2295 494 2350 horrentur
539 2296 713 2366 potius
756 2311 915 2365 quam
960 2294 1267 2364 diliguntur.
1305 2293 1432 2360 Quis
1472 2293 1613 2347 enim
1650 2291 1796 2347 novit

195 2386 656 2455 quemadmodum
686 2386 784 2440 sibi
812 2384 1035 2439 invicem
1061 2399 1300 2439 connexa
1327 2384 1436 2439 sint
1460 2383 1717 2450 membra,
1740 2390 1796 2439 et

194 2477 395 2545 quibus
438 2476 676 2531 nmneris
710 2475 991 2544 cooptata?
1028 2473 1180 2529 Unde
1215 2481 1433 2529 vocatur
1475 2473 1634 2529 etiam
1673 2472 1796 2527 har-

195 2570 415 2632 monia;
442 2566 584 2637 quod
610 2568 825 2622 verbum
848 2566 1045 2621 dictum
1073 2574 1155 2621 est
1179 2565 1247 2621 de
1276 2568 1475 2621 musica
1501 2582 1513 2619 :
1541 2564 1628 2620 ubi
1649 2564 1798 2620 vide-

198 2676 319 2713 mus
344 2668 493 2713 certe
520 2658 570 2711 in
592 2657 791 2712 cithara
826 2673 1022 2713 nervos
1042 2657 1323 2713 distentos.
1347 2656 1402 2711 Si
1433 2670 1621 2712 omnes
1642 2656 1794 2711 nervi

194 2752 453 2806 similiter
474 2759 685 2818 sonent,
711 2751 852 2808 nulla
880 2759 962 2807 est
984 2751 1268 2807 cantilena.
1294 2749 1511 2805 Diversa
1538 2748 1796 2804 distensio

196 2845 449 2901 diversos
477 2843 586 2899 edit
608 2859 808 2909 sonos;
845 2842 937 2898 sed
969 2843 1164 2898 diversi
1191 2843 1307 2897 soni
1339 2842 1550 2898 ratione
1574 2841 1797 2911 conjun-

196 2936 292 3000 cti,
334 2935 565 3004 pariunt,
597 2951 703 2989 non
728 2933 1029 2989 videntibus
1064 2931 1506 3003 pulchritudinem
1530 2971 1544 2995 ,
1574 2931 1667 2985 sed
1697 2946 1794 2984 au-

196 3024 479 3079 dientibus
524 3026 863 3081 suavitatem.
910 3024 1069 3079 istam
1122 3024 1385 3079 rationem
1443 3023 1686 3093 quisquis
1739 3023 1796 3076 in

196 3115 464 3170 membris
498 3114 741 3170 humanis
775 3116 1047 3182 didicerit,
1080 3124 1282 3170 tantum
1319 3115 1561 3179 miratur,
1593 3122 1796 3168 tantum

196 3206 525 3269 delectatur,
558 3214 616 3260 ut
642 3206 786 3261 omni
807 3205 1001 3261 visibili
1029 3204 1410 3275 pulchritudini
1442 3206 1540 3259 ista
1565 3203 1701 3258 ratio
1728 3204 1797 3259 ab

198 3296 625 3366 intelligentihus
665 3297 999 3366 praeferatur.
1028 3295 1181 3350 Modo
1209 3311 1328 3350 eam
1368 3295 1671 3359 nescimus;
1700 3294 1795 3348 sed

200 3398 335 3445 tunc
374 3389 606 3444 sciemus
632 3406 644 3441 :
673 3404 780 3444 non
810 3388 932 3460 quia
960 3386 1330 3455 ‘nudabuntur,
1358 3386 1453 3442 sed
1483 3386 1604 3456 quia
1633 3385 1796 3441 etiam

195 3490 462 3550 cooperta
489 3482 654 3535 latere
681 3496 785 3535 non
818 3488 1088 3550 poterunt.

267 3570 509 3626 CAPUT
537 3571 726 3627 V.—5.
748 3569 859 3624 Nec
883 3572 1121 3625 interiora
1142 3570 1384 3634 membra,
1404 3585 1493 3623 nec
1513 3571 1625 3639 ipsa
1643 3568 1798 3621 corda

197 3662 438 3718 latebunt
466 3672 577 3730 post
604 3662 1037 3716 resurrectionem.
1063 3660 1248 3713 Omnes
1274 3660 1482 3712 invicem
1502 3659 1608 3712 noti
1629 3666 1793 3712 erunt.

199 3752 579 3823 Respondebit
604 3752 732 3806 mihi
760 3752 977 3821 aliquis,
1010 3760 1065 3804 et
1093 3750 1233 3805 dicet
1262 3766 1274 3801 :
1302 3747 1583 3814 Quomodo
1620 3748 1664 3802 si
1708 3763 1799 3802 co-

197 3855 402 3915 operta
426 3852 603 3909 erunt,
634 3843 799 3897 latere
824 3858 930 3897 non
960 3840 1241 3910 poterunt?
1271 3838 1440 3893 Corda
1473 3847 1650 3892 nostra
1691 3853 1798 3892 non

200 3936 473 4002 latebunt,
521 3943 574 3990 et
617 3935 819 3989 viscera
867 3932 1137 3987 latebunt?
1180 3931 1559 4001 Cogitationes,
1607 3929 1798 3984 fratres

197 4026 340 4091 inci,
380 4025 731 4095 cogitationes
775 4039 906 4094 quas
950 4022 1108 4077 modo
1157 4037 1261 4075 non
1303 4020 1445 4075 videt
1488 4020 1587 4073 nisi
1636 4020 1794 4084 Deus,

196 4134 402 4174 omnes
432 4119 656 4173 invicem
684 4117 936 4172 videbunt
965 4117 1016 4170 in
1058 4115 1143 4169 illa
1186 4115 1443 4169 societate
1470 4123 1794 4167 sanctorum.

196 4212 381 4266 Nemo
406 4209 474 4263 ibi
499 4210 606 4263 vult
638 4217 832 4262 tectum
860 4222 978 4262 esse
1003 4206 1142 4277 quod
1168 4206 1382 4275 cogitat,
1405 4205 1525 4274 quia
1549 4219 1706 4258 nemo
1729 4204 1796 4258 ibi

196 4305 354 4361 male
394 4303 609 4373 cogitat.
647 4301 794 4357 Unde
822 4301 896 4355 ait
925 4298 1230 4370 Apostolus,
1262 4296 1438 4351 Nolite
1461 4306 1577 4350 ante
1605 4306 1799 4365 tempus

195 4397 486 4468 quidquam
515 4395 752 4466 judicare
773 4410 791 4447 :
822 4393 872 4447 id
904 4401 1003 4457 est,
1033 4390 1110 4444 Ne
1140 4398 1339 4445 temere
1362 4388 1629 4460 judicetis,
1658 4386 1799 4457 quod

196 4506 318 4544 non
350 4486 540 4543 videtis
565 4501 672 4556 quo
700 4485 863 4540 corde
893 4485 1013 4554 quis
1042 4482 1219 4537 faciat.
1244 4481 1301 4536 Si
1327 4481 1522 4553 aliquid
1551 4483 1630 4548 iit,
1657 4480 1796 4551 qttod

196 4591 254 4636 ct
308 4580 450 4636 bono
492 4578 654 4634 corde
698 4578 811 4633 ﬁeri
853 4585 1048 4647 potest,
1086 4575 1192 4630 noli
1228 4573 1660 4644 reprehendere:
1692 4573 1797 4627 noli

199 4670 307 4727 tibi
349 4670 575 4739 amplius
615 4683 774 4738 quam
820 4665 1124 4720 humanitas
1165 4665 1328 4736 exigit
1372 4679 1646 4733 usurpare.
1691 4662 1800 4717 Cor

199 4762 418 4827 videre,
451 4760 541 4814 Dei
572 4770 654 4814 est
678 4777 691 4811 :
718 4758 993 4813 hominum
1023 4766 1199 4811 autem
1231 4772 1337 4810 non
1362 4763 1463 4818 est,
1493 4754 1592 4808 nisi
1622 4752 1689 4808 de
1716 4752 1799 4807 bis

197 4869 332 4924 qua:
361 4852 640 4929 manifesta
667 4861 791 4906 sunt
813 4850 1073 4919 judicare.
1102 4846 1276 4900 Nolite
1300 4862 1438 4917 ergo,
1470 4846 1655 4915 inquit,
1682 4855 1800 4899 ante

198 4959 409 5017 tempus
436 4944 708 5015 quidquam
727 4943 981 5013 judicare.
1007 4940 1144 5009 Quid
1174 4949 1274 5006 est,
1303 4948 1419 4993 ante
1451 4948 1643 5007 tempus
1660 4937 1684 4990 ?
1703 4936 1800 4990 Se-

196 5041 411 5112 quitur,
444 5048 496 5094 et
538 5039 665 5092 dicit
700 5056 711 5091 :
742 5036 915 5090 Donec
954 5036 1113 5090 veniat
1151 5032 1415 5097 Dominus,
1464 5039 1513 5087 et
1554 5030 1799 5084 iiluminct

197 5134 506 5190 abscondita
546 5131 883 5187 tenebrarum.
907 5130 1050 5196 Quas
1087 5127 1281 5182 dixerit
1318 5124 1583 5188 tenebras,
1611 5136 1801 5177 conse-

196 5227 496 5299 quentibus
519 5226 695 5281 verbis
716 5225 990 5278 evidentcr
1009 5220 1241 5276 ostendit
1265 5238 1277 5274 :
1305 5217 1329 5272 Ι
1339 5216 1587 5299 (luminat,
1605 5214 1795 5285 inquit,

198 5297 506 5374 abscondita
549 5315 882 5369 tenebrarum.
908 5312 1044 5380 Quid
1086 5320 1167 5365 est
1213 5308 1346 5364 hoc?
1375 5297 1519 5362 Audi
1544 5306 1682 5377 quod
1710 5320 1798 5360 se-

196 5412 389 5482 quitur
416 5429 429 5465 :
459 5410 523 5463 Et
554 5407 892 5477 inanilestabit
935 5404 1258 5477 cegitationes
1285 5401 1452 5455 cordis
1483 5400 1500 5469 (
1528 5399 1547 5454 l
1574 5397 1693 5453 Cor.
1722 5412 1794 5462 tv,

198 5506 287 5576 5).
316 5502 432 5559 lloc
457 5512 541 5557 est
570 5501 869 5557 illuminare
898 5496 1206 5551 abscondita
1236 5493 1605 5553 tenebrarum.
1629 5489 1799 5543 mani.

186 5594 376 5665 festas
403 5594 577 5647 facere
604 5591 952 5659 cogitationes
973 5587 1172 5643 cordis.
1197 5584 1350 5641 Modo
1374 5598 1500 5653 ergo
1524 5580 1798 5650 cogitatio-

200 5703 305 5741 nes
346 5696 545 5740 nostra!
588 5682 742 5739 nobis
791 5682 939 5751 ipsis,
981 5679 1202 5749 singulis
1240 5677 1535 5747 quibusque
1580 5674 1630 5727 in
1681 5672 1797 5726 luce

202 5787 353 5841 sunt,
378 5775 497 5848 quia
522 5774 771 5831 novimus
792 5789 882 5828 eas
908 5790 919 5825 :
946 5770 1036 5826 sed
1063 5769 1319 5840 proximis
1354 5767 1550 5822 nostris
1573 5766 1622 5818 in
1652 5772 1797 5819 tene-

1544 360 1776 418 SEBMO
1814 359 2084 419 (lC-XLIII.

3328 367 3464 424 1146

1894 474 2005 530 bris
2030 485 2173 543 sunt,
2196 476 2317 546 quia
2345 491 2453 530 non
2478 474 2656 533 vident
2680 492 2790 532 eas.
2821 477 2894 534 lbi
2923 475 3060 551 quod
3086 479 3224 533 nosti
3256 487 3305 534 te
3329 482 3474 550 cogi-

1895 575 2030 632 tare,
2061 576 2116 622 et
2143 569 2278 625 alter
2308 569 2535 624 sciturus
2559 578 2661 625 est.
2685 569 2820 638 Quid
2851 570 3040 625 times?
3062 571 3215 625 Modo
3240 572 3318 626 vis
3351 574 3474 627 ahsv

1894 657 2162 725 condere,
2208 660 2369 715 modo
2414 661 2571 717 times
2614 661 2869 731 publicari
2913 662 3260 731 coginttiones
3306 670 3470 719 tuas:

1895 749 2032 804 forte
2060 749 2200 803 enim
2238 751 2433 823 aliquid
2472 752 2594 805 mali
2633 752 2919 821 aliquando
2952 754 3173 822 cogitas,
3207 752 3341 807 forte
3372 753 3475 806 ali-

1894 841 2020 909 quid
2042 850 2215 911 turpe,
2242 842 2375 896 forte
2400 842 2598 912 aliquid
2626 857 2839 897 vanum.
2863 842 3002 896 Nihil
3034 842 3101 895 ibi
3122 842 3226 897 nisi
3252 841 3471 904 bonum.

1894 932 2026 988 nihil
2068 933 2518 998 nisihonestum,
2544 933 2675 988 nihil
2715 934 2817 989 nisi
2848 950 3055 995 verum,
3081 933 3211 988 nihil
3238 933 3336 989 nisi
3375 949 3476 1002 pu-

1896 1040 2034 1089 rum,
2058 1025 2190 1079 nihil
2214 1025 2314 1081 nisi
2342 1026 2631 1090 sincerum,
2655 1026 2867 1096 quando
2894 1026 2964 1079 ibi
2990 1025 3170 1090 fueris,
3197 1024 3476 1096 cogitabis.

1894 1116 2173 1183 Quomodo
2199 1118 2277 1174 vis
2302 1116 2466 1173 videri
2495 1116 2655 1175 modo
2675 1116 2864 1173 faciem
2893 1127 3057 1176 tuam.
3079 1117 3158 1173 sic
3181 1124 3307 1183 tunc
3331 1115 3478 1170 voles

1895 1208 2066 1263 videri
2090 1208 2467 1266 conscientiam
2498 1217 2664 1263 tuam.

1964 1298 2193 1356 CAPUT
2231 1297 2317 1355 Vl.
2358 1328 2428 1340 ——
2462 1298 2595 1353 Nam
2636 1310 2690 1354 ct
2732 1297 2846 1368 ipsa
2884 1297 3113 1368 agnitio,
3156 1294 3475 1360 charissimi,

1896 1412 2008 1482 ipsa
2033 1412 2232 1483 agnitio
2253 1427 2430 1467 nonne
2446 1410 2689 1467 omnium
2715 1417 2955 1467 nostrum
2976 1408 3114 1468 erit?
3136 1407 3334 1465 Putatis
3352 1406 3477 1477 quia

1896 1520 1983 1559 me
2026 1503 2289 1574 cognituri
2331 1503 2483 1568 estis,
2524 1503 2644 1557 ideo
2684 1502 2807 1573 quia
2845 1517 2933 1558 me
2972 1500 3161 1566 nostis,
3190 1509 3245 1555 ct
3274 1508 3476 1568 patrem

1897 1612 2075 1652 meum
2115 1611 2222 1651 non
2250 1596 2380 1651 estis
2408 1596 2692 1665 cognituri,
2716 1610 2875 1664 quem
2905 1609 3012 1649 non
3038 1592 3228 1657 nostis,
3257 1598 3351 1646 aut
3381 1605 3478 1645 ne-

1898 1689 2010 1743 scio
2036 1703 2195 1759 quem
2221 1688 2553 1757 episeOpum,
2583 1688 2672 1758 qui
2709 1696 2834 1742 ante
2866 1686 3063 1742 multos
3088 1699 3259 1740 annos
3293 1684 3344 1739 in
3383 1682 3480 1737 hac

1897 1779 2122 1834 ecclesia
2151 1779 2280 1833 fuit?
2302 1778 2504 1833 Omnes
2531 1779 2780 1833 noseetis.
2802 1777 2904 1843 Qui
2932 1776 3000 1831 ibi
3031 1784 3208 1838 erunt.
3233 1788 3337 1831 non
3361 1773 3481 1829 ideo

1897 1884 1956 1924 se
1983 1877 2295 1939 agnoscent,
2319 1870 2440 1938 quia
2469 1868 2633 1923 facies
2657 1869 2912 1923 videbunt.
2940 1884 2953 1921 :
2981 1865 3167 1933 majori
3198 1863 3380 1918 notitia
3410 1862 3479 1916 ibi

1898 1962 2000 2016 erit
2041 1962 2267 2016 invicem
2314 1960 2534 2029 agnitio.
2563 1959 2652 2013 Sic
2680 1958 2933 2013 videbunt
2978 1969 3185 2018 omnes,
3224 1963 3277 2009 et
3317 1953 3482 2015 multo

1897 2036 2267 2115 excellentius,
2308 2049 2577 2119 quomodo
2623 2048 2709 2103 hic
2753 2047 2926 2103 solent
2967 2045 3151 2101 videre
3179 2043 3480 2113 Pmphettc.

1900 2144 2088 2198 Divine
2125 2142 2412 2207 videbunt,
2440 2140 2652 2210 quando
2684 2139 2792 2194 Deo
2824 2138 2960 2207 pleni
2991 2146 3168 2193 erunt.
3197 2136 3306 2191 Nec
3340 2134 3483 2205 quod

1898 2232 2133 2288 otTcndat
2155 2232 2275 2296 erit,
2307 2246 2406 2285 nec
2432 2230 2572 2300 quod
2601 2231 2763 2284 lateat
2785 2228 3139 2297 cognitorem.

1970 2323 2024 2379 6.
2067 2322 2297 2377 Membra
2334 2321 2438 2375 alia
2474 2322 2544 2374 ad
2580 2336 2747 2384 nsunt,
2783 2319 2889 2373 alia
2931 2317 2997 2371 ad
3037 2316 3287 2371 decorem.
3317 2316 3482 2372 Erunt

1899 2432 2028 2486 ergo
2050 2416 2123 2472 ibi
2147 2414 2385 2471 membra
2410 2415 2631 2484 integra,
2650 2413 2809 2466 etiam
2831 2426 2949 2481 qua:
2971 2411 3056 2466 hic
3076 2409 3317 2479 pudenda
3339 2416 3483 2475 sunt,

1899 2508 1996 2563 sed
2033 2507 2103 2562 ibi
2131 2505 2375 2576 pudenda
2402 2519 2509 2559 non
2535 2512 2712 2559 erunt.
2736 2502 2852 2557 Non
2882 2501 2956 2557 ibi
2980 2502 3082 2556 erit
3105 2500 3391 2554 sollicitum
3415 2498 3486 2555 itt-

1901 2600 2159 2670 tegritatis
2193 2598 2388 2663 decus,
2420 2597 2508 2651 ubi
2539 2611 2642 2651 non
2673 2596 2774 2649 erit
2802 2594 3036 2650 libidinis
3064 2592 3319 2647 dedecus.
3350 2591 3488 2647 Ecce

1901 2693 2062 2747 etiam
2091 2691 2194 2755 hic,
2222 2690 2311 2744 ubi
2337 2689 2574 2744 omnium
2595 2687 2823 2757 quodam
2851 2685 3014 2741 modo
3034 2692 3338 2738 nostrorum
3359 2696 3489 2751 epe-

1907 2798 2024 2837 rum
2055 2782 2349 2837 necessitas
2376 2787 2547 2835 mater
2574 2787 2689 2843 est;
2727 2793 2845 2847 qua:
2884 2775 3173 2831 necessitas
3215 2783 3341 2827 tunc
3379 2787 3488 2826 non

1900 2874 2030 2938 erit;
2059 2881 2234 2928 tamen
2264 2872 2563 2928 invenimus
2590 2869 2765 2939 aliqua
2786 2884 2905 2937 quae
2927 2868 3064 2922 Deus
3090 2867 3266 2935 posuit
3292 2865 3345 2919 in
3368 2878 3486 2919 cor-

1901 2964 2119 3035 poribus
2147 2963 2213 3018 ad
2242 2962 2418 3019 nullos
2441 2975 2588 3027 usus,
2619 2959 2714 3014 sed
2742 2958 2815 3013 ad-
2835 2958 3006 3015 solum
3036 2956 3220 3013 decus.

1972 3076 2196 3133 CAPUT
2236 3074 2345 3129 VII.
2388 3104 2458 3114 —-
2494 3072 2814 3128 Iamdudum
2871 3085 2966 3141 per
3018 3069 3255 3124 membra
3305 3081 3488 3122 curre.

1901 3171 2021 3226 bam
2046 3187 2058 3223 :
2081 3178 2134 3225 et
2165 3184 2304 3223 nunc
2329 3182 2390 3222 ea
2422 3166 2580 3236 paulo
2604 3163 2913 3234 diligentius
2941 3171 3261 3216 retexamus.
3292 3158 3489 3213 Oculos

1901 3262 2158 3315 habemus
2183 3258 2249 3313 ad
2271 3256 2577 3321 videndum,
2603 3270 2761 3309 aures
2779 3253 2845 3307 ad
2873 3250 3213 3315 audiendum,
3240 3264 3397 3303 nares
3418 3247 3487 3300 ad

1901 3351 2274 3415 olfaciendum,
2308 3364 2370 3403 os
2398 3357 2452 3402 et
2482 3348 2712 3417 linguam
2738 3344 2806 3398 ad
2835 3342 3179 3413 loquendum,
3207 3340 3397 3394 dentes
3422 3338 3489 3391 ad

1902 3442 2279 3506 mandendum,
2302 3447 2480 3509 guttur
2502 3438 2567 3491 ad
2591 3434 2904 3499 vorandum,
2931 3431 3261 3485 stomachum
3284 3428 3349 3483 ad
3370 3442 3490 3482 sus-

1900 3533 2206 3605 cipiendum
2249 3540 2304 3585 et
2342 3527 2676 3598 coquendum
2701 3565 2716 3591 ,
2747 3524 2996 3577 intestina
3038 3521 3104 3574 ad
3151 3518 3488 3589 trajiciendos

1901 3626 2051 3680 cibos
2080 3623 2146 3677 ad
2175 3623 2300 3685 ima,
2326 3630 2381 3674 et
2412 3619 2497 3672 illa
2526 3632 2643 3686 qua:
2671 3613 2912 3684 pudenda
2936 3612 3288 3681 appellantur,
3312 3609 3396 3663 vel
3420 3608 3489 3663 ad

1902 3714 2250 3786 egestionem,
2276 3711 2358 3765 vel
2390 3710 2454 3762 ad
2482 3706 2877 3778 generationem
2903 3722 2917 3757 :
2942 3703 3009 3756 ad
3037 3699 3362 3771 operandum
3387 3713 3492 3751 ma-

1904 3823 2024 3874 nus,
2068 3805 2134 3860 ad
2186 3800 2565 3858 ambulandum
2610 3797 2794 3868 pedes.
2828 3796 3010 3851 Barba:
3048 3795 3164 3866 quis
3204 3808 3349 3856 usus.
3386 3793 3490 3847 nisi

1903 3900 2015 3955 sola
2044 3907 2125 3953 est
2152 3892 2527 3970 pulchritudo?
2551 3891 2725 3958 Quare
2760 3889 2897 3942 Deus
2928 3886 3144 3940 barbam
3186 3884 3391 3939 creavit
3432 3883 3488 3936 in

1907 3995 2157 4052 homine?
2183 3992 2425 4063 Speciem
2466 3989 2640 4053 video,
2678 4001 2832 4042 usum
2877 3999 2981 4037 non
3020 3993 3224 4051 quaero.
3254 3980 3492 4047 Apparet

1905 4086 2114 4141 femina:
2143 4099 2307 4156 quare
2343 4082 2573 4136 habeant
2603 4080 2785 4146 ubera,
2819 4075 3000 4145 utique
3032 4082 3088 4127 ut
3127 4070 3373 4142 parvulos
3412 4069 3489 4122 lu-

1903 4189 2048 4236 ctent
2076 4197 2087 4231 :
2117 4175 2435 4231 mummillas
2458 4174 2552 4226 viri
2580 4186 2742 4241 quare
2765 4168 2995 4223 habent?
3023 4164 3287 4232 interroga
3312 4174 3484 4225 usum,

1906 4274 2082 4328 nullus
2124 4269 2534 4335 estzintcrroga
2585 4263 2842 4335 speciem,
2885 4259 3041 4314 decet
3086 4253 3488 4310 mammillatum

1909 4375 2096 4436 pectus
2122 4371 2176 4417 et
2200 4364 2362 4414 viros.
2393 4357 2544 4413 Virili
2575 4355 2775 4428 pectori
2807 4350 3123 4407 mammillas
3149 4345 3368 4401 detrahe
3394 4386 3409 4411 ,
3437 4351 3492 4398 et

1919 4434 2037 4511 vide
2080 4462 2336 4525 quantam
2374 4434 2820 4519 pulchritudinem
2867 4441 3193 4512 dempseris,
3237 4445 3489 4508 quantam

1905 4523 2188 4599 ingesseris
2218 4523 2527 4578 fwditatcm.

1975 4660 2200 4716 CAPUT
2244 4656 2508 4715 V’llI.—7.
2540 4653 2604 4708 In
2634 4653 2889 4707 beatorum
2933 4646 3222 4718 corporibus
3258 4641 3487 4714 pulchri-

1903 4756 2023 4809 tudo
2055 4755 2148 4807 erit
2176 4750 2404 4806 omnibus
2428 4748 2648 4803 numeris
2678 4744 2926 4799 absoluta.
2952 4742 3041 4796 Sic
3067 4752 3213 4809 ergo,
3235 4732 3490 4792 charissi-

1906 4848 2001 4913 mi,
2034 4845 2108 4900 sic
2137 4838 2459 4907 crcditc,‘sic
2490 4846 2685 4903 tenete,
2711 4837 2996 4889 multorum
3023 4829 3383 4885 membrorum
3417 4822 3484 4876 ibi

1904 4956 2056 4993 usum
2088 4954 2191 4991 non
2225 4936 2483 4997 futurum,
2514 4930 2604 4985 sed
2629 4929 2792 4983 decus
2822 4924 3017 4978 nullius
3043 4920 3366 4975 defuturum.
3398 4913 3490 4968 Ni-

1905 5031 1976 5084 hil
2008 5029 2318 5082 indecorum
2353 5023 2452 5079 erit
2484 5021 2574 5086 ibi,
2605 5031 2809 5071 summa
2843 5029 2939 5081 pax
2972 5011 3093 5075 erit,
3124 5009 3252 5062 nihil
3284 5007 3494 5060 discor—

1905 5121 2060 5182 dans,
2102 5116 2234 5171 nihil
2282 5122 2699 5170 tnonstruomun,
2740 5105 2867 5158 nihil
2905 5101 3043 5174 quod
3076 5099 3308 5154 offendat
3333 5110 3488 5166 aspe-

1904 5223 2046 5268 ctum
2067 5252 2080 5275 ,
2119 5210 2171 5263 in
2215 5206 2461 5262 omnibus
2490 5203 2628 5257 Deus
2673 5198 2990 5253 laudabitur.
3022 5194 3151 5249 Nam
3189 5193 3232 5247 si
3264 5206 3404 5246 nunc
3433 5190 3488 5245 in

1907 5305 2005 5357 ista
2037 5299 2343 5357 inﬁrmitate
2372 5295 2548 5350 carnis
2574 5301 2626 5346 et
2668 5301 2846 5345 tenera
2878 5288 3188 5357 operatione
3224 5283 3491 5338 membro.

1906 5411 2022 5451 runt
2070 5400 2290 5462 apparet
2334 5399 2476 5443 tanta
2520 5384 2760 5457 corporis
2802 5377 3163 5451 pulchritudo,
3196 5391 3313 5446 qum
3346 5374 3493 5427 illicit

1907 5485 2242 5547 libidinosas,
2273 5493 2326 5535 et
2355 5479 2419 5533 ad
2447 5476 2792 5549 qurcrendum
2832 5481 3026 5528 exc.tat
3068 5471 3180 5524 sive
3224 5466 3492 5522 studiosos

1906 5579 2018 5633 sive
2044 5574 2314 5638 curiosos;
2345 5581 2396 5627 et
2425 5571 2469 5625 si
2496 5570 2795 5624 inveniatur
2821 5566 3118 5630 incorpore
3146 5561 3279 5614 ratio
3306 5572 3493 5613 nume-

1907 5684 2111 5730 rorum,
2144 5682 2247 5720 non
2288 5664 2422 5717 alius
2462 5662 2648 5715 artifex
2682 5659 2890 5720 horum,
2915 5656 3050 5710 altus
3074 5652 3344 5706 invenitur
3373 5664 3491 5702 esse

1909 5759 2188 5820 cmiorum,
2231 5754 2323 5810 scd
2371 5753 2507 5808 idem
2556 5752 2665 5822 ipse
2713 5756 2925 5804 creator
2978 5745 3277 5800 intimorum
3330 5751 3494 5811 atque
