3926 6188
467 368 601 424 ΗΓ]

465 500 799 542 summorum
824 484 838 515 '
869 500 881 537 :
907 489 1105 552 quanto
1131 477 1298 548 magis
1329 476 1420 543 ibi,
1444 474 1529 529 ubi
1560 472 1661 529 erit
1689 470 1851 527 libido
1876 469 2040 533 nulla,

468 579 608 632 nulla
636 574 927 642 corruptio,
954 571 1095 625 nulla
1121 567 1377 624 deformis
1401 564 1654 637 pravitas,
1682 562 1824 616 nulla
1852 575 2046 614 terum-

468 680 595 719 uosa
627 663 937 728 necessitas,
979 660 1072 715 sed
1116 658 1451 713 interminata
1497 654 1783 717 aeternitas,
1827 649 2043 721 pulchra

466 757 681 821 veritas,
711 769 916 809 summa
943 749 1201 808 felicitas?

535 848 761 905 CAPUT
799 848 1018 903 lX.—8.
1041 846 1313 900 Beatorum
1339 845 1470 898 actio
1496 857 1727 913 quaenam
1761 841 1872 895 erit.
1906 837 2045 905 Qua-

464 940 749 1010 dragesima
795 948 911 993 ante
949 937 1152 991 Pascha
1177 947 1222 990 et
1250 936 1612 1005 quinquaginta
1653 932 1758 986 dies
1788 941 1898 1001 post
1932 929 2043 983 Pa-

462 1032 604 1085 scha.
636 1031 876 1086 Alleluia.
909 1028 976 1083 In
1005 1030 1176 1099 futura
1208 1029 1309 1082 vita
1346 1028 1456 1081 laus
1484 1024 1580 1079 Dei
1607 1026 1714 1078 sine
1741 1023 2041 1085 cessatione,

463 1123 571 1176 sine
596 1121 825 1193 fastidio.
851 1119 954 1176 Sed
980 1120 1113 1174 dicis
1141 1117 1270 1172 mihi
1296 1135 1308 1170 :
1333 1115 1469 1183 Quid
1496 1125 1710 1169 acturus
1735 1112 1890 1167 sum?
1917 1125 2044 1165 usus

465 1213 825 1267 membrorum
871 1210 943 1265 ibi
986 1225 1092 1264 non
1134 1210 1255 1273 erit,
1295 1206 1422 1276 quid
1459 1213 1675 1260 acturus
1707 1202 1863 1258 sum?
1888 1200 2043 1257 Nulla

463 1305 603 1359 actio
632 1304 721 1359 tibi
751 1302 959 1358 videtur
983 1311 1145 1367 stare,
1171 1298 1376 1366 videre,
1402 1312 1603 1362 amare,
1632 1294 1882 1350 laudare?
1901 1292 2043 1347 Ecce

462 1400 580 1455 dies
600 1398 685 1453 isti
710 1397 903 1464 sancti,
931 1396 1020 1466 qui
1049 1402 1170 1465 post
1198 1391 1644 1449 resurrectionem
1665 1387 1875 1443 Domini
1904 1385 2043 1441 cele-

464 1492 702 1556 brantur,
731 1489 1026 1559 significant
1067 1485 1297 1541 futuram
1338 1484 1497 1537 vitam
1536 1491 1655 1551 post
1692 1478 2043 1535 resurrectio-

464 1597 586 1635 nem
634 1590 891 1635 nostram.
916 1578 1068 1635 Sicut
1109 1577 1251 1632 enim
1294 1573 1723 1644 Qnadragesima:
1764 1570 1878 1626 dies
1917 1578 2043 1625 ante

464 1674 666 1730 Pascha
679 1673 1108 1745 signiﬁcaverunt
1119 1670 1435 1725 laboriosam
1446 1666 1608 1721 vitam
1625 1665 1680 1719 in
1693 1663 1791 1718 hac
1806 1676 2043 1717 atrumua

464 1767 715 1820 mortali:
744 1765 823 1819 sic
860 1764 946 1818 isti
972 1763 1088 1818 dies
1116 1763 1220 1816 lacti
1257 1759 1556 1830 signiﬁcant
1596 1756 1825 1811 futuram
1857 1754 2041 1821 vitam,

463 1859 552 1913 ubi
587 1858 786 1913 erimus
811 1872 932 1912 cum
964 1856 1190 1909 Domino
1228 1851 1521 1923 regnaturi.
1545 1850 1661 1905 Vita
1692 1864 1811 1919 qua:
1838 1847 2042 1917 signiti-

460 1956 615 2001 catur
656 1944 1069 2015 Quadragesitna
1120 1951 1244 1998 ante
1289 1940 1523 2008 Pascha,
1563 1937 1723 1993 modo
1773 1937 2036 1992 habetur:

464 2038 569 2090 vita
621 2052 738 2105 quae
779 2033 1103 2105 signiﬁcatur
1154 2032 1531 2104 quinquaginta
1570 2030 1759 2085 diebus
1797 2037 1917 2098 post
1952 2044 2042 2083 re-

463 2126 844 2181 surrectionem
883 2125 1112 2192 Domini,
1147 2139 1253 2178 non
1294 2122 1539 2187 habetur,
1568 2122 1662 2176 sed
1696 2128 1960 2190 speratur,
1989 2129 2043 2174 et

462 2217 727 2287 sperando
752 2225 989 2282 amatur;
1014 2225 1067 2271 et
1093 2216 1145 2269 in
1167 2216 1283 2285 ipso
1306 2230 1491 2270 amore
1522 2214 1662 2268 Dens
1685 2213 1772 2283 qui
1800 2212 2044 2282 promisit

463 2309 584 2376 ista,
612 2308 877 2372 laudatur,
906 2315 961 2362 et
988 2307 1117 2376 ipsa:
1147 2306 1333 2362 laudes
1365 2304 1589 2361 Alleluia
1628 2313 1772 2360 sunt.
1796 2304 1930 2372 Quid
1960 2313 2043 2359 cst

463 2400 607 2454 enim
634 2397 895 2454 Alleluia?
923 2396 1155 2453 Verbum
1181 2405 1264 2451 est
1290 2395 1560 2450 hebrteum
1579 2436 1593 2461 ,
1623 2395 1870 2460 Alleluia,
1901 2394 2041 2449 Lau-

462 2490 585 2543 date
611 2490 796 2544 Deum.
823 2487 1017 2552 Allelu,
1041 2486 1305 2552 Laudate;
1336 2486 1409 2552 la,
1433 2486 1597 2541 Deum
1623 2504 1636 2539 :
1662 2486 1886 2540 Alleluia
1909 2501 2040 2556 ergo

464 2584 677 2639 laudate
696 2584 862 2639 Deum
893 2597 1167 2648 sonamus,
1196 2590 1248 2637 et
1278 2582 1503 2637 invicem
1529 2595 1629 2635 nos
1655 2581 1948 2635 excitamus
1975 2580 2043 2636 ad

464 2674 784 2729 laudandum
808 2674 972 2728 Deum
1000 2692 1013 2727 :
1037 2672 1391 2728 concordibus
1408 2672 1658 2727 cordibus
1673 2672 1864 2726 melius
1885 2687 2040 2741 quam

461 2769 681 2823 citharae
708 2764 943 2833 chordis,
974 2767 1199 2822 dicimus
1228 2767 1411 2823 laudes
1439 2769 1566 2834 Deo,
1594 2777 1868 2823 cantamus
1897 2767 2041 2822 Alle-

465 2863 589 2918 luia.
615 2862 681 2917 Et
708 2876 830 2917 cum
859 2861 1280 2927 cantarerimus,
1312 2870 1529 2931 pr0pter
1566 2860 1924 2915 inﬁrmitatem
1954 2877 2040 2914 re-

461 2952 722 3020 cedimus,
742 2961 799 3008 ut
812 2966 1035 3022 corpora
1076 2950 1396 3007 reﬁciamus.
1420 2951 1595 3020 Quare
1624 2950 1907 3017 reﬁcimus,
1940 2951 2042 3005 nisi

461 3044 586 3114 quia
629 3043 943 3100 deﬁcimus?
969 3042 1171 3099 Deinde
1215 3052 1358 3097 tanta
1400 3050 1484 3097 est
1524 3040 1801 3096 inﬁrmitas
1841 3042 2037 3107 carnis,

466 3144 610 3189 tanta
635 3133 791 3203 hujus
819 3135 940 3188 vitae
971 3133 1233 3197 molestia,
1263 3142 1323 3186 ut
1349 3131 1600 3201 qua‘libet
1627 3146 1814 3200 magna
1844 3146 1930 3185 res
1960 3146 2041 3185 reo

465 3226 575 3280 niat
613 3226 666 3279 in
709 3224 1298 3291 fastidium:Quomodo
1324 3223 1742 3279 desideravimus
1768 3223 1899 3278 istos
1927 3223 2042 3280 dies

462 3317 529 3371 ad
575 3332 773 3373 annum
812 3327 1092 3383 venturos,
1132 3332 1253 3371 cum
1298 3316 1457 3372 modo
1498 3316 1736 3381 abirent;
1764 3327 1817 3372 et
1845 3324 2040 3386 quanta

462 3409 712 3465 aviditate
743 3410 808 3464 ad
840 3409 960 3464 illos
995 3410 1238 3464 venimus
1266 3426 1362 3480 per
1389 3410 1643 3480 temporis
1671 3410 2040 3465 intervallum?

460 3501 515 3557 Si
541 3501 806 3556 diceretur
827 3501 1000 3558 nobis.
1027 3500 1156 3556 Sine
1183 3502 1480 3556 cessatione
1500 3501 1659 3556 dicite
1679 3502 1922 3567 Alleluia,
1946 3518 2039 3557 cx-

460 3608 784 3649 cusaremus.
814 3593 992 3661 Quare
1017 3594 1430 3648 excusarcmus?
1455 3595 1588 3661 Quia
1627 3594 1753 3649 lassi
1782 3612 1886 3650 non
1917 3613 2039 3666 pos-

460 3698 664 3746 semus,
685 3682 807 3753 quia
834 3692 887 3737 et
916 3682 982 3737 ad
1010 3683 1182 3752 ipsum
1210 3682 1405 3738 bonum
1435 3682 1648 3738 fastidio
1675 3683 2037 3755 fatigarentur.

462 3773 537 3829 lbi
564 3774 743 3829 nullus
771 3772 1030 3839 defectus,
1064 3773 1208 3827 nulla
1237 3773 1465 3828 fastidia.
1497 3773 1664 3837 State,
1694 3773 1921 3839 laudate,
1955 3778 2041 3846 qui

458 3867 604 3920 statis
632 3866 684 3918 in
707 3865 856 3918 domo
884 3863 1106 3929 Domini,
1125 3864 1178 3918 in
1203 3865 1346 3918 atriis
1371 3864 1661 3937 domus'Dei
1686 3868 1843 3919 nostri
1866 3866 2037 3935 (Psttl.

458 3973 679 4022 cxxxnt,
711 3958 733 4011 1
758 3958 800 4026 ).
829 3957 965 4025 Quid
995 3957 1209 4027 qumris,
1231 3957 1357 4027 quid
1389 3956 1458 4010 ibi
1486 3958 1718 4012 facturus
1747 3959 1854 4013 sis?
1874 3957 2037 4026 Beati,

459 4051 552 4115 ait,
582 4051 668 4119 qui
696 4050 923 4104 habitant
957 4050 1009 4104 in
1049 4051 1199 4103 domo
1237 4060 1342 4117 tua,
1374 4048 1625 4122 Domine;
1653 4049 1705 4103 in
1734 4050 1919 4104 swcala
1946 4066 2043 4104 stc-

460 4142 689 4196 culorum
718 4140 994 4196 laudabunt
1025 4151 1071 4194 te
1096 4138 1264 4211 (Psal.
1294 4156 1512 4208 Lxxxnt,
1540 4141 1618 4212 5).

902 4273 1130 4329 SERMO
1166 4271 1411 4329 ccxuv
1451 4276 1468 4298 ·
1512 4272 1609 4346 (α).

904 4394 953 4436 ln
977 4388 1151 4437 diebus
1172 4386 1490 4447 Paschalibus,
1517 4402 1596 4437 xv.

532 4488 613 4543 De
651 4489 825 4543 eadem
863 4489 1073 4543 lectione
1110 4488 1373 4558 Evangelii
1407 4488 1625 4543 Joannis
1654 4531 1669 4557 ,
1708 4506 1917 4561 cap.xx
1952 4531 1966 4554 ,

1062 4579 1134 4650 ᾖ.
1179 4578 1308 4633 l-l8
1347 4579 1443 4649 (b).

543 4690 595 4744 ~l.
638 4688 1067 4742 Resurrectionem
1097 4687 1285 4742 Christi
1312 4704 1403 4741 nec
1446 4686 1755 4758 Magdttlena
1781 4691 2036 4756 credebat,

459 4798 549 4835 nec
598 4779 842 4846 Apostoli.
903 4777 1059 4833 Fides
1106 4777 1250 4833 Petri
1305 4796 1454 4850 passo
1503 4778 1720 4832 Domino
1781 4780 2038 4852 absorpta.

462 4875 539 4929 Ex
584 4872 872 4943 Erangelio
918 4872 1210 4927 secundum
1262 4872 1518 4928 Joannem
1564 4874 1883 4928 resurrectio
1932 4875 2039 4929 Do-

463 4968 588 5021 mini
612 4966 772 5036 etupit
803 4964 960 5020 hodie
986 4964 1216 5041 recitari.
1250 4965 1565 5020 Audivimus
1585 5006 1599 5031 ,
1629 4973 1683 5019 et
1708 4964 1827 5019 lidei
1875 4965 2042 5021 oculis

457 5058 688 5114 vidimus
734 5072 859 5127 erga
914 5056 1193 5112 Dominum
1240 5054 1420 5112 Jesum
1470 5056 1570 5126 pia:
1620 5055 1857 5110 mulieris
1909 5056 2040 5112 alle-

459 5160 625 5207 ctum.
690 5149 973 5218 Qumrebat
1012 5148 1227 5214 Jesum,
1289 5148 1385 5203 sed
1453 5157 1627 5204 tamen
1691 5149 1863 5205 adhuc
1927 5161 2041 5204 tan-

456 5260 616 5313 quam
644 5258 845 5311 corpus
889 5242 1193 5311 requirebat
1230 5240 1460 5295 hominis
1511 5240 1734 5303 mortui,
1777 5250 1831 5296 et
1858 5242 2042 5312 dilige-

460 5336 551 5389 bat
581 5345 758 5389 tamen
782 5344 1033 5401 tanquam
1062 5332 1371 5401 magistrum
1400 5331 1614 5385 bonum.
1649 5330 1761 5385 Non
1786 5332 2041 5402 intellige-

462 5428 553 5482 bat
595 5440 719 5482 cum
766 5425 1178 5481 resurrexissea
1205 5423 1452 5489 mortuis,
1506 5439 1610 5478 non
1662 5424 1941 5490 credebat;
1989 5434 2043 5479 ct

523 5605 537 5635 '
564 5607 646 5670 sic»
657 5604 838 5670 aliquot
860 5612 965 5670 Mss.
992 5611 1048 5654 At
1070 5603 1205 5661 editi,
1226 5601 1328 5670 loco
1351 5610 1552 5670 creator,
1580 5603 1755 5653 habent
1798 5600 2037 5654 latstltttttt'.

521 5670 535 5683 '
555 5666 761 5715 Collatus
781 5670 839 5717 ad
869 5669 916 5716 d.
958 5680 999 5714 r.
1033 5676 1068 5715 t.
1095 5680 1139 5713 ν.
1180 5674 1230 5713 et
1253 5667 1310 5714 ad
1328 5669 1459 5715 sirm.

544 5730 596 5785 tt)
616 5725 754 5786 Alias,
780 5744 840 5778 ex
867 5728 1206 5776 sn‘montlianis
1231 5728 1300 5776 l7.

546 5790 597 5852 υ)
618 5790 734 5839 u’tat
759 5789 919 5841 t‘lorus
936 5788 992 5838 ad
1020 5787 1212 5850 Philipp.
1241 5802 1289 5836 ιι.

1688 352 1744 407 S.
1780 344 2140 404 AUGUSTlNl
2184 344 2480 406 EPZSCOPI

3591 372 3716 429 lilii

2156 469 2296 537 quod
2323 486 2351 524 a
2379 485 2721 529 monumento
2752 489 3013 533 remotum
3058 481 3281 553 lapidem
3314 486 3473 550 vidit,
3505 490 3717 545 credens

2154 560 2385 615 ablatum
2427 562 2550 619 inde
2603 581 2797 636 corpus
2838 570 2978 638 quod
3008 574 3313 644 qnzurehat,
3353 578 3616 634 nuntiavit
3638 580 3714 635 di-

2153 651 2368 720 scipulis
2413 670 2525 709 rem
2551 657 2854 713 dolendam.
2903 659 3265 720 Cururrerunt
3307 667 3451 736 duo,
3507 686 3715 740 quorum

2156 757 2294 795 unus
2321 754 2435 799 erat
2460 746 2649 802 Petrus
2668 791 2683 815 ,
2713 750 2847 805 alius
2876 751 3128 809 Joannes.
3155 754 3272 821 Ipse
3297 766 3379 812 est
3402 759 3545 814 enim
3571 777 3713 834 quem

2154 830 2409 902 diligebat
2435 836 2622 904 .lcsus,
2669 839 2849 909 utique
2891 858 3001 913 pra:
3039 846 3248 900 caneris
3274 863 3287 899 :
3317 864 3439 902 nam
3466 830 3718 907 omnesut

2153 923 2411 981 Dominus
2438 927 2707 999 diligebat.
2757 931 3153 1001 Cucurrerunt,
3186 946 3245 992 ut
3284 938 3527 994 viderent
3554 952 3714 996 utrum

2154 1030 2335 1071 verum
2376 1019 2578 1076 diceret
2610 1023 2801 1078 mulier
2820 1065 2834 1089 ,
2861 1025 3123 1081 sublatum
3153 1043 3271 1084 esse
3299 1045 3494 1100 corpus
3519 1032 3585 1084 de
3609 1048 3714 1086 mo.

2151 1120 2424 1165 numento.
2472 1111 2782 1181 Venerunt,
2827 1117 3200 1187 attenderuut,
3256 1137 3360 1176 non
3411 1123 3715 1179 invenerunt

2150 1214 2375 1269 corpus,
2403 1211 2459 1257 et
2482 1204 2839 1260 crediderunt.
2870 1208 2977 1264 Sed
3003 1211 3127 1280 quid
3165 1213 3546 1270 crediderunt?
3573 1217 3712 1284 Quod

2148 1289 2368 1345 credere
2415 1307 2520 1347 non
2571 1295 2886 1352 debuerunt.
2927 1299 3148 1366 Quando
3191 1316 3317 1372 ergo
3360 1306 3615 1371 audistis,
3651 1306 3712 1360 Et

2149 1379 2488 1450 crediderunt,
2519 1382 2657 1441 forte
2676 1389 2899 1456 putastis
2915 1406 3008 1446 eos
3028 1393 3319 1450 credidisse
3345 1397 3486 1467 quod
3503 1399 3712 1455 credere

2148 1470 2483 1542 debuerunt,
2525 1476 2626 1532 hoc
2651 1487 2764 1544 est,
2797 1483 3154 1539 resurrexisse
3190 1485 3472 1542 Dominum
3508 1468 3543 1544 la
3577 1506 3705 1545 mor.

2150 1562 2272 1617 tuis.
2302 1563 2416 1619 Non
2449 1565 2549 1622 hoc
2573 1568 2946 1637 crediderunt,
2969 1574 3061 1629 sed
3086 1576 3226 1645 quod
3248 1579 3579 1635 nuntiaverat
3601 1597 3708 1636 mue

2149 1654 2267 1711 lier.
2297 1655 2533 1727 Denique
2578 1669 2635 1715 ut
2677 1662 2856 1718 sciatis
2903 1663 3005 1720 hoc
3027 1680 3121 1721 eos
3146 1668 3469 1738 credidisse,
3502 1672 3706 1742 Sultjct'll

2149 1759 2270 1799 mox
2316 1745 2684 1819 Evangelista,
2730 1762 2785 1807 et
2824 1755 2899 1809 ait
2950 1773 2963 1810 :
3023 1755 3268 1811 Nondum
3310 1761 3445 1814 enim
3488 1776 3704 1817 noverant

2150 1834 2471 1925 Scripturas,
2517 1843 2635 1912 quia
2674 1844 2933 1914 oportebat
2976 1864 3089 1902 eum
3127 1867 3158 1903 a
3197 1854 3409 1906 mortuis
3446 1871 3695 1925 resurgere.

2152 1924 2249 1981 llbi
2292 1938 2377 1984 est
2408 1929 2573 1986 ﬁdes?
2602 1933 2691 1988 ubi
2730 1943 2812 1990 est
2840 1937 2998 1993 toties
3018 1939 3210 1995 veritas
3229 1944 3556 1997 contestata?
3579 1946 3696 1999 Noa-

2147 2033 2216 2071 ne
2243 2017 2322 2073 eis
2368 2019 2481 2090 ipse
2514 2021 2769 2080 Dominus
2793 2025 2948 2082 Iesus
2973 2037 3096 2084 ante
3117 2034 3415 2099 passionem
3446 2034 3693 2103 aliquoties

2147 2106 2281 2163 dixit
2340 2111 2652 2167 tradendum
2684 2130 2741 2169 se
2783 2131 2935 2182 esse,
2980 2119 3361 2187 occidendum,
3403 2133 3457 2177 et
3484 2139 3691 2178 resurre—

2116 2213 2122 2216 ‘
2148 2199 2391 2253 Cturum?
2417 2200 2754 2272 Loquebatur
2777 2206 2951 2263 adhuc
2989 2210 3181 2265 surdis.
3208 2210 3326 2266 Jam
3356 2212 3536 2270 Petrus
3558 2217 3601 2270 ci
3625 2217 3688 2269 di-

2148 2299 2301 2344 xerat
2321 2333 2335 2357 ,
2371 2310 2389 2343 ι
2426 2291 2507 2346 Tu
2528 2308 2587 2349 es
2614 2295 2854 2350 Christus
2880 2297 3046 2354 Filius
3077 2300 3165 2353 Dei
3189 2301 3313 2355 vivi.
3348 2321 3366 2354 ι
3391 2303 3505 2358 Jam
3535 2305 3689 2360 audis.

2146 2389 2258 2448 rat,
2297 2399 2316 2432 ι
2355 2382 2549 2438 Beatus
2574 2399 2663 2453 es,
2691 2384 2873 2442 Simon
2902 2388 3161 2445 Bar-Jona
3183 2434 3198 2459 ,
3231 2393 3349 2463 quia
3377 2409 3480 2449 non
3512 2396 3599 2449 tibi
3624 2413 3693 2450 re-

2146 2471 2342 2526 relavit
2368 2489 2493 2531 caro
2530 2484 2585 2532 et
2612 2479 2857 2548 sanguis,
2898 2481 2991 2536 sed
3014 2482 3171 2538 Pater
3196 2500 3347 2539 meus
3367 2487 3455 2556 qui
3493 2488 3543 2540 in
3570 2490 3696 2543 cretis

2146 2571 2247 2615 cst.
2296 2561 2364 2618 Et
2417 2579 2517 2635 ego
2560 2565 2826 2635 dicotibi,
2882 2570 3005 2640 quia
3056 2580 3111 2627 tu
3141 2588 3201 2629 es
3221 2573 3444 2644 Petrus,
3472 2588 3524 2631 et
3561 2591 3701 2647 Super

2148 2651 2285 2708 hanc
2323 2663 2529 2724 petram
2567 2657 2841 2716 a-dilicabo
2890 2661 3191 2718 Eccleslam
3239 2681 3448 2733 meam,
3479 2678 3530 2722 et
3558 2679 3700 2737 portat

2147 2742 2439 2801 inferorum
2484 2763 2593 2802 non
2638 2750 2851 2805 vincent
2877 2766 3018 2807 eam.
3057 2772 3073 2806 ι
3110 2754 3320 2825 (Matth.
3350 2772 3478 2823 ιη,
3521 2759 3698 2829 1648).

2148 2833 2288 2889 Talis
2314 2836 2445 2891 lides
2492 2838 2714 2894 Domino
2759 2842 3014 2897 crnciﬁxo
3056 2845 3307 2915 absorpta
3351 2855 3454 2902 est.
3502 2848 3704 2903 Tamdiu

2145 2926 2285 2980 enim
2317 2927 2502 2983 Petrus
2552 2929 2745 2985 Filium
2773 2932 2866 2988 Dei
2911 2934 3175 3003 credidit,
3217 2937 3391 2993 donec
3428 2939 3623 2995 videret
3658 2941 3703 2995 in

2145 3017 2289 3085 ligno
2328 3017 2675 3087 pendentem,
2703 3020 2874 3078 donec
2920 3024 3121 3080 videret
3141 3028 3305 3082 clavis
3342 3029 3557 3084 afﬁxam
3577 3072 3590 3097 ,
3616 3031 3701 3085 do-

2146 3122 2245 3161 nec
2276 3108 2479 3165 rideret
2511 3121 2777 3168 mortuum
2797 3155 2812 3181 ,
2839 3115 3008 3171 donec
3029 3117 3233 3174 videret
3260 3123 3543 3190 sepultum.
3571 3121 3701 3176 Tunc

2147 3201 2372 3270 perdidit
2400 3205 2540 3274 quod
2572 3208 2802 3263 tenebat.
2829 3209 2923 3264 Ubi
2947 3212 3134 3280 petra?
3160 3213 3245 3268 ubi
3272 3214 3492 3269 ﬁrmitas
3520 3216 3703 3283 βου-εἶ’

2147 3292 2300 3350 Petra
2328 3305 2443 3351 erat
2486 3297 2599 3368 ipse
2642 3300 2916 3367 Christus,
2950 3302 3037 3358 ille
3065 3313 3240 3360 autem
3270 3321 3300 3360 a
3332 3316 3478 3376 petra
3510 3308 3698 3363 Petrus.

2146 3384 2269 3439 ideo
2290 3398 2595 3443 surrexerat
2617 3401 2785 3459 petra,
2816 3406 2873 3447 ut
2898 3394 3134 3450 ﬁrmaret
3165 3395 3382 3453 Petrum
3413 3417 3427 3451 :
3459 3416 3572 3454 nam
3594 3416 3699 3470 per-

2146 3474 2278 3529 ierat
2302 3476 2517 3546 Petrus,
2542 3481 2643 3535 nisi
2667 3483 2863 3538 viveret
2890 3493 3055 3554 petra.

2215 3566 2266 3620 2.
2315 3567 2543 3625 Christus
2585 3577 2868 3640 agnoscitur
2913 3594 2946 3631 a
2985 3578 3315 3650 Magdalena.
3354 3582 3618 3652 Diﬂicuttas
3651 3585 3692 3636 in

2145 3660 2303 3714 verbis
2326 3660 2529 3717 Domini
2553 3665 2621 3718 ad
2650 3666 3026 3737 Magdaleuam.
3059 3672 3246 3728 Postea
3274 3684 3447 3730 tamen
3467 3719 3481 3743 ,
3509 3676 3692 3747 quando

2149 3751 2405 3808 Dominus
2457 3755 2592 3810 dixit
2641 3759 2879 3827 mulieri,
2931 3762 3137 3829 Maria,
3203 3781 3461 3822 conversa
3504 3769 3690 3837 agnovit

2144 3860 2298 3910 eum,
2330 3855 2385 3901 et
2427 3850 2708 3917 appellavit
2733 3852 3073 3921 magistrum,
3116 3854 3366 3910 Rabboni.
3393 3857 3687 3911 Manifestum

2145 3942 2229 3989 est
2271 3936 2394 3990 huic
2425 3940 2634 3993 mulieri
2673 3944 2998 3997 resurrectio
3038 3947 3266 4000 Domini.
3310 3949 3442 4014 Quid
3476 3950 3563 4003 sibi
3582 3962 3689 4016 ergo

2145 4028 2287 4093 vult,
2318 4027 2443 4081 Noli
2471 4044 2549 4084 me
2591 4040 2824 4102 tangere;
2852 4035 3077 4089 nondum
3115 4039 3247 4092 enim
3297 4042 3498 4094 ascendi
3518 4043 3578 4094 ad
3599 4040 3685 4092 Ιάο

2147 4125 2269 4170 trem
2297 4122 2502 4174 meum?
2546 4122 2781 4189 Qua-stin
2811 4126 3067 4182 mirabilis
3103 4130 3283 4184 multis
3310 4134 3497 4188 modis.
3539 4133 3687 4187 Primo

2146 4209 2266 4278 quia
2306 4211 2472 4264 vetuit
2513 4226 2571 4267 se
2599 4215 2773 4283 tangi,
2806 4218 2954 4286 quasi
2994 4220 3130 4275 male
3168 4234 3350 4290 posset
3393 4225 3523 4294 tangi
3548 4233 3686 4276 atan-

2146 4311 2323 4371 gente.
2358 4303 2556 4360 Deinde
2584 4307 2703 4376 quia
2741 4311 3000 4366 rationem
3042 4313 3269 4370 reddens
3300 4333 3460 4387 quare
3496 4333 3548 4373 se
3572 4316 3687 4385 tangi

2148 4393 2381 4448 noluerit
2414 4403 2469 4450 et
2514 4398 2873 4469 prohibuerit,
2924 4404 3027 4470 ait,
3085 4404 3330 4461 Nondum
3365 4411 3492 4464 enim
3518 4408 3689 4464 ostendi

2147 4483 2216 4535 ad
2245 4481 2447 4538 Patrem
2495 4504 2702 4543 nteant:
2727 4493 2877 4559 quasi
2917 4493 3148 4563 diceret,
3178 4498 3329 4553 Tunc
3376 4517 3461 4555 me
3501 4511 3684 4570 tanges,

2146 4587 2267 4627 cum
2295 4576 2587 4631 ascendero
2624 4579 2689 4634 ad
2724 4580 2932 4638 Patrem
2978 4601 3172 4641 meum.
3219 4587 3277 4643 In
3319 4600 3456 4646 terra
3493 4593 3684 4661 positum

2149 4673 2367 4734 tangere
2422 4666 2800 4735 prohibebatur
2818 4713 2852 4737 ,_
2878 4684 2931 4728 et
2984 4690 3106 4730 eum
3154 4686 3374 4748 tangere
3422 4691 3608 4751 poterat
3643 4680 3684 4732 in

2148 4757 2285 4811 cmlo
2314 4758 2629 4814 sedentem?
2678 4762 2930 4819 Dixeram
2972 4767 3113 4821 enim
3136 4810 3149 4833 ,
3174 4770 3311 4836 Quid
3359 4783 3469 4838 est,
3497 4772 3607 4826 Noti
3627 4786 3689 4824 me

2147 4863 2388 4926 tangere;
2413 4858 2636 4911 nondum
2663 4860 2795 4914 enim
2822 4864 3030 4917 escendi
3046 4865 3114 4917 ad
3143 4864 3353 4921 Patrem
3377 4870 3567 4923 nteant?
3588 4868 3688 4921 Plus

2146 4947 2287 5002 addo
2319 4966 2332 5001 :
2364 4950 2588 5017 Quando
2632 4955 2957 5020 resurrexit,
2989 4957 3126 5012 sicut
3154 4968 3206 5013 et
3227 4959 3341 5029 ipse
3361 4961 3515 5028 dicit,
3540 4973 3583 5017 ct
3617 4960 3688 5012 alii

2149 5038 2531 5110 Evangelistae,
2595 5051 2650 5098 et
2709 5045 3003 5101 audivimus
3063 5048 3206 5117 jam,
3285 5066 3409 5106 cum
3471 5053 3693 5109 lectiones

2149 5142 2348 5187 sancta:
2388 5134 2719 5203 legerentur,
2767 5140 3011 5207 apparuit
3039 5140 3313 5212 discipulis
3351 5147 3490 5212 suis;
3518 5156 3693 5200 etcum

2149 5226 2391 5294 Spiritum
2455 5242 2574 5282 eum
2624 5238 2897 5298 putarent,
2965 5233 3042 5287 ait
3101 5233 3207 5290 illis
3258 5253 3274 5291 :
3335 5239 3470 5305 Quid
3537 5238 3697 5293 turbati

2149 5318 2266 5369 estis
2288 5358 2304 5382 ,
2349 5326 2396 5371 et
2432 5335 2588 5388 quare
2626 5322 2948 5390 cogitationes
2976 5327 3251 5381 ascendunt
3273 5329 3325 5382 in
3346 5347 3434 5385 cor
3468 5329 3700 5385 vestrum?

2159 5406 2333 5462 Videte
2358 5424 2536 5463 manus
2564 5428 2699 5466 meas
2727 5422 2772 5465 et
2813 5412 2964 5484 pedes
3010 5432 3163 5471 meos.
3212 5418 3429 5489 Palpate
3445 5464 3459 5487 ,
3495 5433 3539 5474 et
3564 5420 3702 5474 ridete

2150 5499 2301 5569 (an.
2323 5518 2461 5566 xxiv,
2480 5500 2697 5575 37-59).
2718 5503 2977 5574 Numquid
2995 5506 3104 5575 jam
3122 5512 3432 5567 ascenderat
3446 5513 3699 5567 YNondum

2153 5594 2466 5648 ascenderat
2492 5594 2555 5648 ad
2584 5596 2793 5651 Patrem
2821 5612 2974 5652 suum
2992 5641 3006 5663 ,
3035 5609 3089 5655 et
3127 5601 3258 5657 dixit
3282 5604 3547 5676 discipulis
3572 5606 3700 5663 suis.
3758 5613 3778 5636 ‘

2152 5685 2407 5754 Palpate,
2465 5696 2511 5741 et
2562 5687 2741 5741 ridete.
2776 5688 2873 5744 Ubi
2919 5700 3030 5758 cst,
3066 5691 3190 5747 Noli
3218 5693 3312 5749 ine
3355 5699 3581 5769 tangere?
3623 5697 3705 5750 llic

2159 5777 2296 5834 forte
2340 5777 2529 5848 aliquis
2577 5778 2815 5836 dicturus
2865 5790 2945 5837 est
2973 5800 2986 5837 :
3018 5782 3179 5857 Tangi
3229 5802 3260 5843 a
3303 5788 3427 5845 siris
3454 5790 3636 5853 \‘Uluil,
3685 5810 3706 5839 .ο
