3926 6188
210 365 350 424 ιιιθ

208 475 732 538 mulierihnsnoluit.
764 472 820 531 Si
857 471 1105 528 feminam
1149 467 1425 530 horreret,
1466 476 1572 518 non
1599 474 1791 516 nascc-

212 584 361 628 retur
389 585 454 625 ex
484 568 697 624 femina.
725 565 1107 621 Verumtamen
1138 556 1388 629 quidquid
1419 556 1520 609 hoc
1546 563 1628 609 est
1651 549 1790 622 quod

212 670 390 734 potest
431 659 607 714 lacere
632 655 1072 727 qualemcumque
1098 648 1445 721 qua-stionem
1467 687 1481 709 ,
1506 654 1564 698 ut
1587 643 1795 699 dicatur

211 731 494 808 Dominum
517 762 596 812 se,
619 754 903 816 antequam
921 742 986 797 ad
1014 741 1227 796 Patrem
1252 735 1587 799 ascenderet,
1609 748 1640 786 a
1666 731 1793 785 viris

208 844 354 914 tangi
402 841 664 904 voluisse,
698 836 1063 893 amulicrihus
1087 832 1356 896 noluisse;
1405 829 1481 882 ait
1528 823 1794 894 evangeli-

207 948 289 993 sta
314 934 610 991 Mattbzeus.
633 931 748 1002 Ipse
766 929 908 985 enim
932 925 1215 989 narravit‘,
1236 919 1530 978 occurrisse
1545 918 1793 972 mulieres

209 1029 437 1085 Domino
460 1024 751 1094 resurgenti
767 1064 782 1088 ,
810 1022 861 1075 in
881 1019 1071 1091 quibus
1091 1024 1206 1072 erat
1228 1022 1282 1070 et
1300 1014 1410 1082 ipsa
1431 1010 1589 1065 Maria
1608 1050 1624 1076 ,
1641 1017 1695 1063 et
1716 1017 1791 1062 te-

208 1121 393 1177 nuisse
435 1117 600 1189 pedes
628 1116 745 1185 ejus
789 1111 1002 1182 (Matth,
1044 1122 1240 1172 xxvnt,
1285 1104 1364 1174 9).
1393 1103 1675 1157 Coarctata
1710 1106 1793 1154 est

206 1212 436 1283 quaestio
483 1194 668 1264 multis
692 1204 893 1270 modis,
938 1201 1060 1272 quid
1103 1199 1203 1253 sibi
1232 1197 1390 1262 velit,
1423 1192 1547 1247 Noli
1568 1208 1646 1283 me
1674 1200 1792 1245 tan-

206 1321 365 1378 gere;
395 1302 617 1357 nondum
658 1298 787 1353 enim
812 1294 1015 1350 ascendi
1051 1292 1118 1345 ad
1147 1290 1350 1343 Patrem
1377 1299 1559 1339 meum.
1598 1282 1791 1337 Totum

209 1394 467 1467 quidquid
496 1395 702 1448 locutus
748 1403 866 1445 sum
886 1429 901 1451 ,
933 1385 1001 1441 ad
1031 1386 1131 1439 hoc
1156 1383 1362 1436 locutus
1387 1392 1534 1442 sum,
1565 1384 1619 1429 ut
1641 1389 1791 1445 quaa-

207 1489 399 1545 stionis
428 1485 715 1542 difﬁcultas
738 1488 1051 1552 augeretur:
1073 1474 1263 1530 videtis
1292 1469 1547 1534 validam,
1577 1475 1631 1521 ct
1657 1479 1790 1536 qua-

208 1582 251 1635 si
278 1580 638 1635 insolubilem.
694 1576 923 1645 Adjuvet
972 1586 1060 1625 me
1102 1565 1388 1630 Dominus,
1438 1570 1498 1617 ut
1535 1561 1789 1614 solvatur.

207 1673 311 1742 Qui
337 1674 584 1743 dignatus
611 1678 695 1726 est
731 1684 847 1723 eam
880 1677 1174 1736 preponere
1194 1703 1208 1728 ,
1236 1659 1481 1729 dignetur
1500 1667 1788 1723 exponere.

207 1769 371 1818 Urate
412 1776 619 1817 mecum
644 1759 888 1815 eli‘ectum
926 1773 939 1808 :
972 1755 1038 1809 ad
1069 1767 1152 1807 me
1194 1764 1380 1814 aures,
1408 1747 1472 1803 ad
1503 1746 1650 1800 illum
1675 1759 1787 1798 cor.

208 1852 365 1922 Quod
404 1852 532 1907 mihi
558 1862 842 1921 suggerere
866 1846 1138 1916 dignatur,
1177 1837 1580 1896 communicabo
1619 1836 1787 1890 vobis.

207 1946 311 2014 Qui
367 1944 559 1998 melius
590 1940 869 2011 intelligit,
902 1936 1090 1993 doceat
1142 1946 1229 1987 me
1251 1948 1268 1985 ε
1290 1930 1368 1984 sic
1410 1929 1596 1983 doctor
1631 1941 1748 1980 sum
1772 1965 1789 1987 ,

210 2046 273 2099 ut
301 2039 544 2096 indocilis
565 2052 669 2090 non
690 2035 811 2089 sim.
843 2031 942 2098 Qui
966 2036 1143 2083 autem
1172 2022 1365 2079 melius
1391 2035 1496 2076 non
1524 2018 1788 2088 intelligit,

208 2136 350 2207 quod
374 2130 616 2201 intelligit
640 2126 820 2183 audiat
843 2138 872 2177 a
900 2136 1007 2177 me.
1516 2162 1535 2191 λ

280 2226 336 2280 5.
365 2221 743 2292 Discipulorum
780 2215 843 2268 de
866 2208 1064 2267 Christo
1090 2209 1218 2279 ﬁdes
1241 2214 1359 2261 ante
1381 2202 1793 2259 resurrectionem

208 2315 374 2386 qualis
401 2291 527 2367 erat.
556 2309 631 2363 De
655 2307 854 2362 Christo
880 2302 1001 2373 quid
1050 2298 1370 2353 credendum.
1404 2294 1628 2363 Tangere
1648 2291 1794 2345 Chri-

209 2381 341 2459 stum
362 2411 435 2457 est
459 2403 512 2454 in
548 2400 714 2469 ipsum
739 2394 958 2448 credere.
988 2389 1136 2443 Fidei
1155 2396 1343 2441 tactum
1376 2383 1572 2454 qualem
1625 2381 1793 2451 exigat

212 2494 466 2549 Christus.
511 2487 794 2543 Dominum
841 2482 1058 2543 Jcsum,
1096 2477 1232 2532 sicut
1272 2474 1607 2539 audivimus,
1659 2470 1796 2525 sicut

211 2590 469 2655 apparet,
517 2576 788 2633 hominem
817 2573 1067 2644 putabant
1094 2565 1374 2635 discipuli,
1421 2571 1477 2618 et
1502 2561 1793 2617 secundum

149 2741 153 2744 _
213 2651 317 2731 hoc
362 2672 519 2727 tidem
548 2683 697 2723 suam
730 2664 993 2720 librabant
1028 2678 1039 2713 :
1074 2659 1233 2713 altius
1260 2671 1365 2712 non
1409 2654 1703 2724 erigebant.
1736 2651 1792 2705 In

215 2777 354 2822 terra
396 2778 518 2818 cum
565 2759 775 2815 Christo
820 2752 1184 2808 ambulabant.
1234 2746 1386 2817 Quod
1450 2746 1620 2801 lactus
1678 2751 1793 2798 erat

213 2866 432 2929 pmpter
458 2868 585 2917 nos,
620 2849 720 2904 hoc
752 2854 1006 2902 noverant
1036 2862 1049 2896 :
1077 2840 1218 2912 quod
1240 2853 1337 2894 nos
1363 2838 1481 2893 fecit
1503 2879 1518 2903 ,
1547 2850 1650 2890 non
1691 2849 1793 2889 no-

212 2926 420 3006 verant.
466 2946 583 3016 Ipse
611 2950 692 2998 est
733 2939 975 2997 Christus
1016 2945 1070 2991 et
1100 2934 1297 2998 factor,
1338 2939 1393 2986 et
1441 2929 1627 2984 factus.
1665 2926 1794 2981 Vide

211 3045 513 3101 factorem:
550 3054 569 3088 ι
606 3034 665 3089 ln
694 3031 950 3102 principio
1000 3034 1117 3083 erat
1168 3023 1425 3087 Verbum,
1477 3028 1533 3075 et
1561 3017 1793 3073 Verbum

209 3144 327 3190 erat
378 3128 519 3200 apud
570 3127 770 3188 Deum,
817 3131 872 3176 ct
901 3123 1042 3176 Deus
1096 3124 1212 3171 erat
1235 3113 1468 3170 Verbum
1498 3128 1512 3164 :
1541 3110 1644 3165 hoc
1680 3116 1795 3164 erat

210 3227 267 3282 in
324 3220 588 3294 principio
627 3217 767 3288 apud
820 3216 1005 3270 Deum.
1061 3209 1249 3267 Omnia
1302 3221 1397 3274 per
1440 3205 1613 3272 ipsum
1657 3201 1792 3256 facta

209 3326 355 3373 sunt.
392 3333 411 3365 ι
446 3311 582 3367 Vide
608 3310 801 3363 factum
828 3322 841 3359 :
871 3325 889 3357 ι
926 3304 991 3359 Et
1033 3303 1252 3358 verbum
1281 3314 1409 3355 caro
1449 3299 1645 3353 factum
1671 3304 1752 3351 est
1776 3334 1790 3359 ,

210 3415 265 3463 ct
290 3403 548 3460 habitavit
575 3401 627 3455 in
668 3397 822 3453 nobis
853 3414 872 3448 ι
909 3394 1088 3465 (Joan.
1120 3410 1170 3458 ι,
1201 3393 1259 3457 1,
1289 3391 1358 3458 2,
1391 3391 1458 3458 '5,
1488 3386 1599 3461 14).
1630 3386 1791 3441 Vide-

209 3513 331 3554 mus
352 3509 480 3565 ergo
505 3492 684 3549 Jesum
705 3532 720 3556 ,
743 3487 835 3543 sed
863 3485 1145 3557 praedicata
1191 3483 1300 3554 jam
1332 3481 1488 3537 nobis
1512 3479 1615 3534 ﬁde
1644 3479 1790 3547 Apo-

207 3591 494 3646 stolorum.
523 3582 672 3651 Quod
695 3595 792 3635 nos
821 3578 1064 3633 novimus
1083 3617 1097 3641 ,
1145 3575 1218 3629 illi
1246 3572 1479 3628 nondum
1511 3576 1790 3625 noverant.

208 3683 329 3738 Non
360 3678 495 3733 facio
548 3674 812 3744 injuriam.
840 3669 954 3725 Non
1003 3667 1176 3722 audeo
1211 3666 1390 3719 dicere
1436 3664 1742 3733 ignorantes
1774 3678 1788 3713 :

206 3772 305 3828 sed
335 3779 510 3825 tamen
532 3766 686 3821 video
729 3760 1076 3835 ignorantiam
1108 3756 1441 3812 conﬁtentes.
1470 3752 1586 3808 Non
1631 3767 1793 3807 nove-

205 3872 362 3930 rant,
406 3868 592 3933 postea
638 3856 965 3918 didicerunt,
1019 3850 1162 3921 quod
1211 3849 1322 3917 jam
1376 3860 1476 3900 nos
1522 3844 1789 3899 novimus.

208 3956 485 4013 Christum
510 3962 565 4008 et
609 3951 776 4005 Deum
826 3956 880 4003 et
923 3945 1223 4008 hominem,
1254 3939 1522 3995 Christum
1545 3946 1600 3992 et
1624 3937 1793 3991 facto-

207 4066 325 4107 rem
356 4063 536 4104 rerum
567 4024 641 4100 eti
676 4044 872 4098 factum
894 4040 955 4095 in
985 4037 1176 4101 rebus,
1213 4034 1478 4090 Clu-istum
1503 4043 1558 4088 et
1582 4040 1793 4086 creato-

207 4156 328 4198 rem
376 4137 607 4194 bomiuis
654 4142 709 4189 ct
734 4141 970 4188 creatum
1020 4129 1325 4204 hominem,
1376 4141 1471 4181 nos
1517 4124 1790 4189 novimus,

208 4235 288 4290 illi
318 4230 578 4288 nondum.
612 4227 754 4283 Deus
790 4224 1033 4281 Christus
1056 4220 1274 4290 aequalis
1295 4226 1376 4275 est
1407 4217 1588 4272 Patri:
1615 4224 1794 4270 tantus

209 4334 290 4380 est
308 4365 325 4391 ,
351 4328 583 4393 quantus
606 4318 731 4372 ille:
760 4316 879 4371 talis
903 4305 981 4369 est
1002 4355 1017 4381 ,
1047 4313 1219 4382 qualis
1246 4310 1333 4365 ille
1365 4327 1379 4364 :
1414 4310 1515 4365 hoc
1539 4317 1622 4381 est
1649 4306 1794 4378 quod

209 4416 337 4480 ille;
369 4427 476 4466 non
499 4412 586 4466 hic
625 4417 738 4476 cst,
766 4407 856 4477 qui
883 4405 993 4459 ille.
1027 4404 1137 4458 lloc
1163 4411 1243 4458 est
1263 4401 1403 4471 quod
1427 4402 1536 4466 ille;
1561 4400 1681 4469 quia
1707 4398 1795 4453 ille

218 4509 394 4568 Deus;
421 4513 476 4559 et
503 4503 593 4557 ille
618 4503 760 4556 Deus
780 4500 863 4553 ille
879 4498 1238 4566 omnipotens,
1257 4503 1311 4548 et
1329 4495 1418 4548 ille
1433 4493 1791 4563 omnipotens;

213 4600 305 4655 ille
321 4593 687 4660 immutabilis,
704 4600 759 4646 et
778 4590 865 4644 ille
889 4587 1234 4643 immutabilis
1261 4603 1274 4636 :
1294 4584 1395 4640 hoc
1418 4584 1655 4654 estquod
1684 4583 1791 4640 ille.

212 4692 332 4747 Non
357 4688 446 4744 hic
469 4695 552 4743 est
568 4726 584 4752 ,
611 4683 702 4755 qui
729 4681 853 4749 ille;
873 4679 995 4751 quia
1019 4679 1111 4733 ille
1134 4676 1296 4732 Pater
1314 4717 1329 4742 ,
1363 4676 1449 4732 hic
1472 4676 1657 4731 Filius.
1683 4675 1796 4731 iloc

209 4786 534 4858 quicumque
574 4779 751 4843 novit,
783 4775 857 4831 illi
898 4773 1137 4829 ascendit
1181 4777 1250 4832 ad
1282 4776 1487 4829 Patrem
1524 4774 1649 4841 :qui
1695 4773 1795 4825 hoc

211 4893 319 4933 non
353 4876 530 4944 novit,
562 4874 795 4927 nondum
823 4872 895 4925 illi
927 4869 1168 4927 ascendit
1192 4868 1433 4924 Christus
1454 4866 1519 4920 ad
1548 4867 1790 4932 Patrem;

208 4970 469 5042 parvulus
498 4983 619 5020 cum
650 4966 740 5019 illo
764 4973 845 5019 est
868 5004 883 5026 ,
916 4962 968 5017 in
993 4972 1132 5017 terra
1156 4976 1277 5016 eum
1307 4959 1398 5012 illo
1427 4969 1544 5024 est,
1572 4958 1794 5028 a‘qual'ts

208 5057 565 5130 omnipotenti
612 5055 848 5112 nondum
896 5054 972 5108 illi
1021 5060 1124 5108 est.
1169 5049 1475 5107 Proﬁcienti
1522 5049 1791 5113 ascendit,

208 5167 333 5208 cum
375 5150 466 5206 illo
508 5149 598 5220 qui
625 5147 836 5220 proﬁcit
873 5144 1133 5201 ascendit.
1164 5141 1301 5212 Quid
1347 5151 1430 5197 est
1472 5156 1634 5212 ergo,
1667 5139 1796 5195 Noli

207 5261 290 5298 me
318 5242 562 5312 tangere?
609 5241 805 5296 Tactus
832 5238 988 5294 [idem
1013 5236 1295 5306 signiﬁcat.
1323 5234 1609 5304 Tangendo
1652 5232 1794 5287 enim

207 5334 488 5389 acceditur
533 5332 599 5387 ad
641 5347 761 5387 eum
791 5331 882 5400 qui
924 5328 1173 5394 tangitur.
1218 5326 1488 5382 Mulierem
1536 5325 1676 5378 illam
1712 5322 1796 5378 vi-

212 5429 340 5483 dete
358 5470 371 5492 ,
398 5443 517 5497 qua:
547 5425 745 5479 lluxum
792 5421 1064 5492 sanguinis
1088 5419 1405 5490 patiebatur.
1436 5418 1576 5472 Dixit
1602 5417 1654 5471 in
1679 5431 1798 5471 cor-

209 5524 280 5580 de
303 5537 404 5579 suo
436 5539 450 5574 :
478 5521 739 5588 Sanabor,
786 5519 831 5575 si
866 5519 1071 5590 tetigero
1102 5514 1351 5586 ﬁmbriam
1378 5511 1652 5567 vestimenti
1688 5510 1799 5580 ejus

216 5615 434 5682 (Matth.
465 5630 513 5668 ix
535 5655 551 5681 ,
576 5613 693 5685 ει).
747 5615 1053 5668 Atzcchitct
1088 5611 1291 5682 tetigit,
1323 5613 1505 5663 sanata
1530 5612 1633 5679 cst.
1662 5599 1797 5670 Quid

280 5751 296 5782 ι
321 5750 480 5820 δίνῃ,
506 5755 836 5820 rerutan
882 5744 1120 5820 quidquid
1161 5746 1248 5796 hoc
1274 5750 1685 5820 __est,__potest.....,
1740 5742 1803 5793 4i!

214 5812 505 5875 evangelista
531 5811 775 5862 mutilatas
813 5807 913 5865 ipse
936 5807 1063 5859 enen
1085 5807 1317 5858 narravit.
1386 5816 1436 5855 λι.

1589 341 1818 402 διῖιιιιο
1856 340 2124 401 CCXLIV.

3342 364 3470 420 “50

1901 468 2017 525 est,
2044 462 2283 521 Accessit
2310 477 2362 524 et
2390 468 2600 540 tetigit?
2623 471 3010 544 Propinquavit
3052 481 3106 530 et
3133 474 3377 532 credidit.
3419 477 3485 530 L't

1903 550 2083 608 sciatis
2122 569 2238 609 eam
2276 558 2545 615 credendo
2579 562 2849 633 tetigisse,
2884 563 3140 620 Dominus
3176 564 3307 619 dixit
3339 583 3352 619 :
3390 565 3483 617 Τε-

1901 642 2111 714 tigitme
2145 647 2346 717 aliquis.
2379 650 2514 720 Quid
2556 662 2672 719 est,
2711 651 2895 725 Tetigit
2931 672 3045 719 me;
3084 656 3219 721 nisi,
3250 655 3485 711 Credidit

1903 734 1954 788 in
1983 737 2102 791 me?
2128 739 2193 793 Et
2219 748 2276 794 ut
2301 743 2556 798 noveritis
2592 744 2691 799 hoc
2724 761 2845 800 esse
2875 747 3054 817 Tetigit
3083 764 3161 801 me
3179 788 3194 813 ,
3232 746 3373 817 quod
3405 758 3487 803 est

1898 824 2136 883 Credidit
2176 829 2227 884 in
2258 847 2377 897 me;
2424 834 2807 905 Responderunt
2848 836 3115 907 discipuli,
3164 846 3210 891 et
3252 836 3487 890 dixerunt

1899 917 1992 972 ei:
2023 917 2205 976 Turba
2249 930 2296 977 te
2330 926 2695 995 comprimunt,
2743 935 2788 981 et
2831 926 2959 981 dicis
2982 970 2996 993 ,
3043 927 3168 991 Quis
3205 943 3284 980 me
3328 928 3486 995 tetigit

1901 1010 2050 1084 (Luc.
2089 1027 2183 1066 Vill
2202 1055 2216 1079 ,
2242 1014 2311 1068 45
2327 1025 2373 1068 et
2398 1015 2529 1086 46)?
2558 1017 2611 1073 Si
2643 1018 2789 1073 solus
2813 1018 3118 1073 ambulares
3137 1059 3151 1084 ,
3185 1019 3228 1073 si
3255 1019 3483 1089 spatium

1901 1103 1994 1157 tibi
2024 1104 2331 1160 ambulandi
2362 1106 2512 1161 turba
2540 1108 2782 1176 fecisset,
2808 1112 2851 1164 si
2875 1125 3030 1165 nemo
3051 1110 3199 1177 juxta
3230 1119 3279 1164 te
3307 1119 3445 1163 esset
3468 1151 3483 1169 .

1897 1193 2033 1249 bene
2054 1195 2261 1250 diceres
2281 1238 2296 1262 ,
2333 1197 2517 1270 Tetigit
2544 1216 2622 1253 me
2646 1201 2849 1272 aliquis.
2882 1201 3059 1256 Turba
3101 1201 3293 1271 premit
3320 1210 3399 1263 te,
3430 1210 3483 1253 tu

1898 1299 2061 1339 unum
2093 1294 2398 1356 tangentem
2439 1303 2852 1363 commemoras.
2898 1292 2963 1345 Et
2990 1292 3078 1346 ille
3110 1290 3349 1360 repetiit,
3381 1288 3483 1342 Te-

1899 1379 2007 1446 tigit
2036 1394 2116 1431 me
2137 1379 2338 1449 aliquis.
2367 1379 2522 1435 Prius
2562 1381 2706 1437 enim
2736 1383 2976 1449 dixerat,
3027 1384 3151 1450 Quis
3177 1398 3255 1436 me
3289 1382 3486 1450 tetigit?

1898 1478 1953 1524 et
1992 1479 2206 1538 postea,
2250 1468 2434 1541 Tetigit
2467 1488 2548 1525 me
2574 1473 2777 1541 aliquis.
2815 1472 2996 1528 Nostis
3028 1473 3067 1538 ί,
3123 1471 3245 1541 quia
3269 1470 3443 1525 dicitis
3466 1508 3480 1531 ,
3527 1498 3531 1501 λ

1902 1560 2082 1614 Turbae
2110 1571 2158 1614 te
2195 1562 2551 1630 comprimunt.
2582 1561 2763 1634 Tetigit
2807 1580 2885 1617 me
2924 1564 3127 1634 aliquis.
3168 1561 3344 1616 Turba
3381 1561 3480 1615 ista

1898 1667 2144 1723 premere
2173 1653 2348 1720 novit,
2383 1663 2602 1725 tangere
2641 1671 2744 1709 non
2773 1657 2937 1710 novit.
2982 1657 3202 1711 Constat
3228 1653 3329 1708 hoc
3354 1668 3476 1707 eum

1895 1745 2198 1814 signiﬁcare
2236 1747 2470 1802 voluisse
2512 1747 2771 1815 dicendo,
2804 1749 2929 1816 Quis
2960 1766 3037 1802 me
3061 1749 3217 1819 tetigit
3242 1748 3267 1800 Ρ
3299 1746 3479 1815 Tetigit

1897 1851 1977 1887 me
1996 1836 2197 1905 aliquis.
2225 1835 2297 1892 Ut
2321 1836 2469 1891 illum
2499 1846 2696 1892 tactum
2726 1838 2882 1891 ﬁdem
2913 1838 3193 1893 credamus
3222 1851 3342 1891 csse
3366 1845 3479 1889 tan-

1900 1928 2072 1997 gentis
2090 1968 2104 1992 ,
2135 1928 2219 1982 vel
2249 1928 2423 1997 potius
2452 1928 2719 1983 credentis
2739 1944 3030 1984 accessum.
3059 1929 3195 1996 Quid
3225 1928 3323 1982 sibi
3352 1941 3481 1996 ergo

1896 2018 2039 2086 vult,
2069 2016 2195 2071 Noli
2220 2035 2298 2072 me
2318 2028 2551 2089 tangere;
2590 2020 2817 2072 nondum
2860 2019 2992 2072 enim
3029 2019 3234 2073 ascendi
3257 2018 3325 2070 ad
3372 2016 3481 2070 Pa-

1898 2119 2024 2165 trem
2050 2127 2215 2164 meum
2237 2112 2262 2164 .7
2284 2109 2433 2176 Quod
2457 2125 2544 2165 me
2567 2110 2717 2165 vides
2737 2153 2751 2175 ,
2786 2111 2886 2165 hoc
2921 2126 3006 2165 me
3035 2118 3186 2180 putas
3214 2128 3227 2163 :
3255 2108 3481 2162 nondum

1896 2201 2102 2263 escendi
2122 2201 2191 2254 ad
2219 2199 2441 2254 Patrem.
2472 2200 2750 2254 llominem
2779 2215 2863 2253 me
2892 2200 3037 2253 vides
3056 2241 3071 2265 ,
3096 2200 3365 2253 hominem
3396 2214 3480 2253 me

1901 2301 2056 2362 putas
2080 2307 2093 2343 :
2127 2306 2245 2345 sum
2276 2292 2487 2361 quidem
2520 2291 2700 2358 homo,
2729 2290 2821 2345 sed
2850 2305 2954 2344 non
2979 2290 3061 2343 hic
3083 2298 3190 2345 stet
3213 2290 3342 2344 lides
3368 2299 3476 2343 tua.

1898 2381 2017 2435 Noli
2046 2396 2134 2436 me
2157 2380 2234 2435 sic
2263 2390 2511 2451 tangere,
2557 2388 2615 2435 ut
2639 2379 2910 2435 hominem
2951 2380 3317 2435 tantummodo
3359 2396 3479 2435 cre-

1899 2475 2013 2530 das.
2048 2473 2294 2529 Nondum
2316 2475 2447 2527 cnim
2467 2473 2671 2528 ascendi
2689 2473 2758 2527 ad
2779 2470 2987 2527 Patrem
3012 2488 3193 2526 meum.
3235 2472 3481 2527 Ascemlo

1899 2566 1964 2621 ad
2005 2567 2216 2621 Patrem
2244 2580 2452 2631 meum,
2493 2573 2547 2620 et
2587 2571 2740 2635 tange
2761 2579 2847 2620 me
2880 2581 2895 2618 :
2924 2563 2974 2618 id
3000 2571 3115 2628 est,
3140 2561 3340 2634 proﬁce
3359 2602 3373 2626 ,
3404 2562 3484 2615 in-

1901 2660 2076 2729 tellige
2105 2673 2193 2713 me
2234 2657 2493 2728 aequalem
2526 2656 2703 2719 Patri,
2750 2663 2804 2710 et
2856 2663 2981 2709 tunc
3010 2663 3201 2724 tange,
3256 2661 3309 2708 et
3337 2652 3481 2706 salva

1899 2752 2026 2805 eris.
2059 2750 2183 2805 Noli
2200 2766 2279 2803 me
2304 2758 2539 2819 tangere;
2559 2747 2783 2801 nondum
2809 2746 2940 2800 enim
2962 2745 3166 2799 ascendi
3182 2744 3250 2797 ad
3274 2742 3482 2796 Patrem

1899 2858 2083 2895 meum.
2126 2839 2278 2907 Quod
2307 2838 2561 2895 descendi
2603 2837 2784 2902 vides,
2816 2837 2956 2906 quod
2997 2835 3211 2891 ascendi
3244 2834 3480 2889 nondum

1899 2933 2070 2988 vides.
2097 2932 2340 2986 Nondum
2360 2933 2489 2986 enim
2509 2930 2712 3008 σει-εράί
2734 2930 2801 2982 ad
2822 2927 3029 2982 Patrem
3053 2944 3235 2981 meum.
3260 2925 3483 2981 Mentel-

1901 3023 2073 3093 ipsum
2103 3022 2368 3078 exinaniri
2395 3025 2611 3093 formam
2644 3020 2771 3073 servi
2790 3021 3073 3089 accipiens,
3097 3018 3148 3071 in
3190 3018 3485 3073 similitudi-

1899 3130 2013 3169 nem
2046 3112 2304 3167 hominum
2326 3114 2517 3184 factus,
2558 3118 2605 3165 et
2631 3110 2805 3163 habitu
2827 3110 3054 3162 inventus
3082 3116 3139 3161 ut
3176 3107 3344 3161 homo.
3373 3106 3486 3161 lloc

1900 3203 2210 3260 cruciﬁxum
2238 3213 2355 3270 est,
2383 3203 2485 3258 hoc
2513 3202 2780 3272 sepultum
2805 3243 2819 3266 ,
2866 3201 2968 3256 hoc
2996 3201 3389 3256 resuscitatum.
3420 3201 3487 3254 ll-

1902 3295 1990 3350 lud
2020 3306 2198 3350 autem
2221 3336 2236 3361 ,
2264 3292 2393 3349 Cum
2417 3295 2469 3346 in
2490 3297 2655 3364 [arma
2682 3290 2774 3345 Dei
2800 3301 2959 3357 esset,
2993 3307 3093 3345 non
3132 3291 3367 3360 rapinam
3401 3307 3486 3343 ar-

1901 3389 2112 3442 bitratus
2138 3396 2210 3441 est
2250 3402 2355 3439 esse
2378 3384 2585 3453 a’qnalis
2624 3383 2732 3438 Deo
2761 3382 3015 3455 (Philipp.
3050 3397 3114 3446 ιι,
3140 3382 3201 3445 7,
3230 3382 3322 3450 6),
3353 3397 3485 3435 non-

1900 3481 2025 3535 dum
2050 3480 2216 3533 vides.
2245 3478 2396 3543 Quod
2426 3475 2638 3532 aseendi
2660 3474 2892 3529 nondum
2924 3472 3091 3526 vides.
3123 3471 3240 3525 Noli
3269 3481 3487 3541 tangen-

1900 3576 1970 3629 do
2028 3582 2257 3636 terram,
2305 3570 2496 3623 malum
2541 3566 2762 3636 perdere
2811 3581 2824 3615 :
2869 3564 2975 3616 noli
3038 3562 3363 3616 remanendo
3428 3563 3483 3616 in

1902 3664 2150 3728 homine,
2210 3661 2261 3714 in
2331 3660 2495 3713 Deum
2536 3674 2640 3712 non
2704 3656 2945 3711 credere.
2977 3654 3103 3708 Noli
3137 3671 3215 3709 me
3248 3668 3479 3725 tangere,

1901 3756 2127 3810 nondum
2156 3753 2287 3807 enim
2325 3750 2528 3805 escendi
2560 3750 2627 3802 ad
2652 3748 2879 3803 Patrem.

1971 3847 2027 3900 4.
2055 3843 2234 3899 Ariani
2253 3850 2299 3896 et
2327 3840 2624 3895 Pltotiniani
2662 3839 2921 3893 Christum
2959 3848 3093 3892 recta
3115 3838 3216 3907 ﬁde
3244 3856 3345 3892 non
3365 3848 3482 3892 tan-

1902 3946 2048 4012 gunt.
2094 3934 2355 3992 Procedat
2394 3934 2623 3988 Arianus
2669 3948 2682 3985 :
2732 3931 2879 4001 prius
2920 3930 3172 4000 procedat
3214 3930 3485 3984 Photinia-

1902 4045 2004 4086 nus
2023 4031 2066 4082 ⁸.
2097 4024 2504 4096 Respondemus
2547 4021 2862 4077 Photiniano
2890 4038 2904 4074 :
2933 4020 3050 4074 Noli
3083 4030 3315 4090 tangere.
3347 4020 3482 4086 Quid

1903 4129 2004 4186 cst,
2032 4119 2152 4174 Noli
2177 4126 2393 4186 tangere
2412 4114 2436 4167 ’ἒ
2454 4113 2571 4168 Noli
2597 4113 2675 4167 sic
2693 4111 2913 4166 credere
2938 4130 2949 4165 :
2971 4110 3202 4165 nondum
3223 4111 3311 4164 tibi
3338 4111 3485 4165 Chri-

1902 4220 2016 4266 stus
2035 4208 2275 4265 ascendit
2320 4206 2385 4259 ad
2411 4205 2643 4259 Patrem.
2674 4201 2929 4257 Procedat
2956 4201 3200 4254 Arianus.
3225 4201 3339 4271 Ego
3357 4244 3371 4267 ,
3403 4202 3484 4255 in-

1902 4303 2051 4374 quit,
2085 4301 2259 4356 Deum'
2281 4297 2444 4352 credo
2467 4296 2733 4351 Christum
2759 4336 2774 4361 ,
2814 4293 2907 4347 sed
2947 4293 3228 4349 minorem.
3258 4294 3363 4348 Nec
3389 4295 3482 4348 tibi

1904 4395 2079 4452 adhuc
2102 4392 2342 4448 ascendit
2361 4390 2424 4444 ad
2445 4390 2674 4443 Patrem.
2693 4387 2825 4441 Cum
2842 4386 3140 4442 ascenderit
3161 4388 3226 4442 ad
3248 4387 3479 4451 Patrem,

1908 4483 2135 4543 extende
2162 4493 2214 4537 te
2235 4525 2249 4549 ,
2282 4491 2338 4535 ut
2362 4489 2544 4550 tangas
2572 4497 2586 4531 :
2610 4478 2838 4534 extende
2881 4487 2966 4543 te,
3001 4489 3156 4548 tange
3200 4480 3381 4534 Deum.
3418 4479 3486 4534 Et

1905 4594 2005 4649 ego
2025 4619 2039 4644 ,
2093 4575 2284 4645 inquit,
2312 4573 2473 4626 Deum
2498 4569 2783 4641 proﬁteor;
2815 4569 2907 4624 sed
2936 4569 3156 4624 alterius
3187 4579 3408 4635 naturm,
3432 4580 3486 4625 et

1902 4669 2122 4724 alterius
2134 4664 2464 4730 substantia;
2481 4670 2739 4726 creatum,
2764 4676 2866 4715 non
2892 4676 2984 4730 per
2998 4677 3154 4732 quem
3171 4673 3349 4718 creata
3363 4674 3486 4718 sunt

1904 4760 2081 4818 omnia
2108 4775 2122 4824 ;
2156 4757 2383 4822 factum,
2415 4770 2520 4810 non
2550 4755 2601 4808 in
2652 4754 2913 4823 principio
2961 4753 3187 4808 Verbum
3215 4756 3331 4809 sine
3353 4765 3486 4809 tem-

1907 4868 2055 4924 pore.
2081 4850 2270 4905 Adhuc
2289 4862 2419 4917 ergo
2441 4847 2571 4899 intra
2584 4860 2661 4906 cs;
2683 4843 2915 4896 nondum
2940 4843 3030 4896 tibi
3052 4844 3288 4897 ascendit
3304 4845 3368 4897 ad
3391 4846 3486 4897 Pa-

1909 4953 2065 4999 trem.
2080 4940 2175 4995 Vis
2186 4936 2437 4992 ascendat
2458 4934 2548 4987 tibi
2560 4933 2624 4986 ad
2639 4932 2883 4985 Patrem?
2899 4931 3087 4994 Crede,
3106 4929 3231 4985 Cum
3248 4934 3298 4984 in
3319 4934 3486 5000 {arma

1908 5034 2004 5088 Dei
2030 5039 2184 5095 esset,
2212 5042 2314 5080 non
2341 5025 2574 5093 rapinam
2600 5023 2870 5076 arbitratus
2897 5034 2968 5077 est
2989 5040 3095 5078 esse
3116 5024 3323 5090 cequalis
3352 5023 3485 5079 Deo.

1911 5127 2112 5198 Rapina
2155 5136 2259 5175 non
2287 5126 2438 5181 erat,
2486 5115 2605 5185 quia
2652 5125 2835 5169 natura
2866 5124 3000 5169 erat.
3037 5115 3234 5185 Rapina
3265 5133 3488 5186 llSlll'pa-

1910 5230 2026 5285 tur,
2058 5223 2243 5271 natura
2272 5208 2629 5282 cognoscitur.
2659 5205 2725 5261 In
2756 5212 2920 5278 [arma
2965 5206 3063 5261 Dei
3104 5224 3205 5261 non
3253 5211 3482 5277 rapinam

1911 5314 2184 5369 arbitratus
2210 5316 2282 5367 est
2307 5321 2410 5359 esse
2433 5302 2642 5374 (aqualis
2671 5300 2795 5355 Deo.
2826 5299 2914 5356 Sic
2944 5310 3024 5354 est
3052 5310 3203 5354 natus
3221 5342 3237 5365 ,
3270 5308 3324 5355 et
3342 5317 3491 5355 sem-

1963 5428 1988 5500 ἰ
2014 5420 2314 5478 simulans,
2340 5414 2572 5476 Nescitis;
2591 5412 2937 5464 dissidentibus
2971 5411 3197 5461 omnibus
3227 5414 3487 5461 manuscri-

1908 5496 2115 5597 pushttoc
2137 5546 2241 5595 loco
2275 5540 2399 5604 apud
2423 5540 2608 5604 ιηἸςηιιη
2637 5536 2826 5586 additur
2843 5572 2857 5596 ,
2886 5533 3112 5585 "(cretici
3132 5534 3214 5596 qui
3242 5533 3490 5604 nominum

1908 5595 2079 5665 Jesttm
2094 5595 2188 5659 nisi
2209 5595 2447 5656 hominem
2476 5599 2664 5665 (trutina
2685 5612 2777 5665 non
2809 5595 3036 5665 necarunt
3050 5633 3066 5658 ,
3094 5595 3492 5665 ttatmmcionistte

1912 5658 2155 5727 dicuntur.
2188 5667 2285 5725 Isti,
2317 5667 2540 5728 inquam,
2564 5660 2779 5728 hafretici
2801 5658 3202 5728 Horumtciom'stw
3230 5659 3452 5728 dictatlar
3472 5691 3485 5710 τ

1912 5721 2025 5800 iiiis.
2046 5721 2287 5800 Christum
2302 5721 2744 5800 norinixi
2767 5721 2968 5772 credunt
2982 5738 3007 5794 ,ε
3027 5735 3137 5785 qua:
3157 5722 3305 5771 verba
3318 5725 3487 5772 absunt

1915 5785 2220 5851 abiettmibus
2245 5788 2603 5853 exemplaribus
2621 5787 2761 5850 hujus
2783 5785 3040 5835 sermonis.
