3954 6196
428 325 558 380 “5|

424 454 522 507 per
561 449 750 502 natus;
783 445 837 492 et
884 445 1037 491 natus
1062 479 1077 502 ,
1105 444 1156 491 et
1221 450 1436 505 semper
1493 443 1645 491 natus
1669 475 1683 499 ,
1712 444 1765 490 et
1788 435 1904 490 sine
1926 435 2008 503 iu.-

424 530 518 585 itio
538 536 711 583 natus.
735 526 813 582 Tu
835 527 961 597 quid
985 527 1140 591 dicis,
1162 526 1394 582 Arione?
1426 525 1557 581 Erat
1583 534 1813 596 tempus,
1840 541 2010 596 quau-

423 621 493 675 do
520 636 624 674 non
668 628 783 675 erat
811 619 999 677 Filius.
1030 619 1192 677 Vides
1219 619 1339 693 quia
1381 617 1617 672 nondum
1646 617 1742 673 tibi
1771 617 2013 674 ascendit

422 710 487 766 ad
514 711 762 766 Patrem?
789 710 906 766 Noli
958 721 1206 782 tangere,
1256 710 1365 766 noli
1384 710 1468 766 sic
1515 709 1757 766 credere.
1787 709 1905 765 Non
1928 718 2013 767 est

420 813 630 874 tempus
655 804 793 859 inter
820 805 1032 859 Patrem
1061 813 1115 859 et
1162 802 1376 858 Filium.
1409 801 1609 859 Genuit
1632 803 1790 859 Pater
1808 843 1823 867 ,
1852 811 2010 859 natus

417 904 497 949 est
542 893 705 950 Filius
736 912 751 951 :
779 895 897 950 sine
943 903 1183 965 tempore
1232 895 1321 950 ille
1345 893 1564 965 genuit,
1616 894 1734 949 sine
1769 901 2010 962 tempore

418 993 574 1041 natus
603 994 685 1040 est
705 1026 719 1048 ,
749 1001 844 1057 per
870 1001 1027 1057 quem
1058 984 1193 1041 facta
1233 994 1355 1040 sunt
1387 992 1647 1054 tempera.
1693 983 1781 1039 Sic
1809 992 1966 1053 tange
1989 1023 2005 1051 ,

415 1087 469 1131 et
496 1076 736 1133 ascendit
772 1078 865 1132 tibi
895 1077 962 1132 ad
988 1077 1224 1133 Patrem.
1260 1075 1524 1144 Verbum,
1566 1074 1661 1131 sed
1681 1083 2007 1129 coaeternum

418 1168 529 1223 Deo
579 1184 592 1219 :
635 1167 903 1239 Sapientia
953 1168 1076 1238 Dei,
1103 1165 1198 1223 sed
1242 1167 1361 1224 sine
1401 1182 1505 1237 qua
1536 1182 1808 1237 nunquam
1850 1166 2009 1222 Pater

416 1259 534 1316 fuit.
561 1260 909 1332 Respondere
933 1261 1027 1316 tibi
1066 1260 1230 1317 habet
1252 1275 1379 1316 caro
1406 1269 1520 1326 tua,
1552 1267 1609 1315 et
1638 1258 2008 1315 confabulatu-

414 1368 471 1404 ra
505 1362 709 1416 tecum,
740 1351 947 1407 dictura
983 1351 1076 1407 tibi
1102 1352 1156 1406 in
1200 1350 1434 1407 tenebris
1466 1367 1481 1402 :
1524 1349 2002 1418 Qunnzodolnatus

415 1444 460 1499 is
486 1443 618 1500 fuit?
656 1444 917 1503 Tenebra:
945 1455 1120 1500 tecum
1156 1445 1464 1515 loquuntur.
1493 1444 1808 1513 Exponatur
1832 1444 1960 1501 mihi
1984 1485 2000 1507 ,

410 1534 613 1589 clamas
641 1551 657 1589 :
688 1535 893 1613 clamq,
920 1543 1221 1605 'exponatur
1245 1534 1396 1588 mihi.
1426 1533 1564 1601 Quid
1600 1534 1691 1590 tibi
1720 1535 1800 1589 vis
1836 1549 2004 1604 expo-

414 1629 611 1683 natur?
636 1628 802 1684 Natus
820 1636 938 1693 est,
970 1643 1036 1683 an
1064 1644 1169 1682 non
1193 1627 1386 1682 natus?
1413 1626 1527 1681 Non
1559 1627 1704 1681 enim
1746 1634 1890 1682 esset
1918 1626 2005 1680 Fi.

413 1716 543 1784 lius,
566 1718 667 1772 nisi
708 1727 887 1773 natus.
915 1717 971 1774 Si
995 1732 1125 1788 ergo
1153 1727 1308 1772 natus
1327 1725 1437 1780 est,
1464 1714 1561 1771 fuit
1585 1724 1797 1786 tempus
1826 1731 1999 1786 quan-

409 1807 479 1862 do
503 1824 609 1862 non
631 1819 763 1863 erat.
788 1809 999 1864 Falsum
1022 1818 1104 1865 est
1131 1808 1234 1865 hoc
1264 1826 1278 1862 :
1306 1816 1449 1864 terra
1477 1808 1740 1879 loqueris,
1763 1807 1831 1863 de
1862 1816 2002 1863 terra

411 1899 664 1967 loqueris.
694 1900 913 1970 Expone
937 1916 1065 1970 ergo
1103 1900 1262 1964 mihi,
1295 1900 1401 1965 ait,
1426 1899 1697 1969 quomodo
1739 1909 1928 1964 natus,
1956 1898 2001 1953 si

408 2004 620 2058 semper
669 1989 786 2045 fuit.
815 1990 930 2045 Non
954 2005 1185 2059 expono,
1217 2005 1319 2045 non
1345 2004 1585 2057 expono;
1610 2004 1717 2044 non
1758 2003 1998 2060 possum.

411 2079 521 2132 Non
561 2095 771 2149 expono
800 2096 812 2132 :
840 2079 932 2134 scd
960 2095 1055 2150 pro
1086 2096 1169 2135 me
1200 2079 1511 2150 prephelam
1543 2094 1789 2148 oppono,
1836 2077 2000 2135 Gene-

407 2171 653 2224 rationem
688 2172 800 2237 ejus
829 2171 939 2241 quis
965 2171 1218 2224 enarrabit
1274 2169 1426 2239 (lsat'.
1470 2184 1558 2224 Llll
1581 2212 1598 2237 ,
1629 2170 1727 2240 8)?

884 2262 1113 2317 SERMO
1152 2261 1379 2318 CCXLV
1423 2262 1522 2335 (α).

832 2359 882 2402 tn
906 2354 1080 2403 diebus
1115 2353 1436 2413 t‘aschalibus,
1467 2366 1564 2402 3m.

407 2435 482 2489 De
536 2437 710 2489 eadem
752 2436 966 2491 lectione
1028 2435 1332 2504 Evangelii,
1400 2433 1662 2504 Joannis,
1715 2451 1830 2506 cap.
1882 2452 1994 2505 xx,

1089 2527 1342 2596 p.148.

471 2639 698 2694 CAPUT
737 2639 1022 2695 PRIMUM.
1051 2670 1124 2679 —
1150 2641 1203 2693 l.
1234 2639 1489 2696 Christum
1517 2640 1850 2694 resurremisse
1892 2657 1997 2695 non

402 2729 669 2784 credebant
682 2729 723 2782 Α
728 2729 934 2798 postoli.
952 2730 1019 2784 Et
1030 2728 1187 2784 hodie
1203 2730 1527 2785 resurrectio
1543 2729 1753 2784 Domini
1770 2730 1995 2786 recitata

401 2829 484 2875 est
502 2819 571 2875 de
584 2829 769 2874 sancto
786 2819 1090 2890 Evangelio.
1111 2819 1331 2875 Lectum
1346 2828 1432 2877 est
1447 2830 1624 2876 autem
1653 2820 1992 2890 Evangelium

405 2910 691 2967 secundum
709 2910 989 2967 Joannem.
1014 2909 1325 2966 Audivimus
1335 2927 1453 2981 qua:
1465 2912 1518 2966 in
1535 2912 1656 2966 aliis
1672 2911 1817 2966 libris
1831 2911 1998 2966 Evan.

402 3001 523 3070 gelii
544 3016 651 3056 non
681 3001 1038 3057 audieramus.
1071 3000 1329 3057 Omnibus
1353 3002 1567 3071 quidem
1591 3003 1890 3058 communis
1913 3012 1997 3060 est

403 3093 706 3162 prmdicatio
734 3095 970 3149 veritatis
991 3134 1007 3161 ,
1043 3105 1097 3148 et
1121 3094 1190 3150 de
1212 3109 1318 3150 uno
1332 3092 1480 3151 fonte
1503 3108 1690 3150 omnes
1711 3094 1991 3151 biberunt:

401 3183 496 3239 sed
542 3185 593 3238 in
628 3185 1004 3253 praedicatione
1029 3186 1335 3256 Evangelii,
1357 3187 1495 3241 sicut
1522 3202 1665 3256 serpe
1691 3190 1995 3246 commonui

401 3275 723 3329 Charitatcm
744 3284 992 3339 vestram,
1012 3277 1113 3330 alia
1129 3292 1342 3344 omnes,
1360 3277 1462 3332 alia
1482 3287 1609 3344 tres,
1628 3279 1730 3335 alia
1744 3278 1872 3346 duo,
1891 3282 1993 3340 alia

402 3366 591 3434 singuli
615 3375 930 3437 posuerunt.
958 3366 1112 3423 Modo
1145 3382 1275 3438 ergo
1296 3367 1437 3438 quod
1476 3367 1775 3423 audivimus
1801 3385 1994 3426 secun-

402 3457 529 3512 dum
555 3457 775 3514 Joannis
797 3460 1162 3530 Evangelium,
1191 3462 1313 3531 quia
1334 3460 1494 3516 Maria
1522 3461 1652 3517 vidit
1674 3462 1992 3531 Dominum,

403 3557 452 3604 et
484 3547 619 3604 dixit
658 3548 723 3604 ad
751 3565 868 3604 eam
902 3551 1159 3606 Dominus
1179 3593 1193 3617 ,
1226 3550 1353 3605 Noli
1391 3568 1469 3605 me
1497 3561 1734 3623 tangere;
1769 3555 1995 3611 nondum

401 3639 533 3695 enim
580 3641 781 3695 ascendi
822 3641 893 3695 ad
936 3639 1181 3709 Patrem,
1222 3642 1368 3698 solus
1407 3644 1732 3713 evangelista
1760 3643 1993 3702 Joannes

401 3742 805 3786 commemorat.
848 3731 982 3787 lliuc
1023 3747 1153 3802 ergo
1202 3732 1526 3803 loquendum
1587 3727 1671 3789 est
1715 3733 1991 3791 Sanctitati

400 3831 614 3879 vestrm.
648 3821 788 3878 Visis
815 3823 976 3879 etiam
1002 3823 1401 3880 linteaminibus
1421 3824 1474 3881 in
1500 3825 1769 3893 sepulcro,
1801 3826 1987 3881 Domi-

403 3930 527 3969 num
559 3929 662 3967 non
692 3913 1053 3970 resurrexisse
1076 3912 1438 3980 crediderant,
1458 3913 1552 3968 sed
1578 3914 1812 3969 ablatum
1844 3930 1987 3971 esse.

401 4005 520 4074 Ipse
545 4004 778 4060 Joannes
802 4003 898 4077 (se
921 4004 1092 4073 ipsum
1113 4003 1256 4059 enim
1283 4003 1443 4071 dicit,
1469 4021 1616 4073 quem
1645 4005 1880 4075 diligebat
1899 4004 1991 4060 Je-

401 4098 522 4166 sus)
551 4111 675 4151 cum
704 4094 946 4150 audisset
973 4094 1339 4150 nuntiantibus
1361 4094 1668 4149 mulieribus
1690 4103 1743 4150 et
1762 4094 1989 4151 dicenti-

400 4186 500 4241 bus
521 4229 536 4254 ,
568 4185 814 4241 Tulerunt
846 4185 1115 4241 Dominunt
1144 4201 1311 4240 meum
1329 4186 1391 4239 de
1411 4195 1762 4254 monumento,
1793 4200 1988 4241 cucur-

401 4280 471 4332 rit
495 4294 616 4332 cum
644 4278 823 4343 Petro,
847 4287 902 4335 et
926 4278 1150 4333 attendit
1173 4279 1225 4333 in
1247 4287 1674 4347 monumentum,
1705 4280 1837 4334 vidit
1874 4281 1989 4339 sola

403 4370 708 4425 linteamina
734 4411 749 4435 ,
778 4378 832 4423 et
856 4369 1098 4423 credidit.
1131 4369 1270 4435 Quid
1308 4369 1572 4424 credidit?
1608 4369 1722 4424 Non
1747 4371 1868 4440 quia
1896 4386 1986 4426 re-

401 4469 723 4523 surrexerat,
755 4460 849 4514 sed
877 4462 1000 4530 quia
1029 4460 1097 4516 de
1118 4448 1467 4516 monumento
1488 4462 1734 4531 perierat.
1766 4462 1875 4517 lloc
1901 4478 1988 4517 sc-

401 4552 614 4621 quentia
644 4551 803 4606 verba
832 4560 1111 4606 testantur.
1144 4551 1233 4606 Sic
1256 4552 1397 4605 enim
1427 4552 1681 4620 scriptum
1701 4561 1815 4616 est,
1844 4553 1986 4623 quod

401 4641 560 4697 modo
585 4640 884 4696 audivimus
911 4660 924 4695 :
961 4641 1201 4706 Attendit,
1237 4641 1383 4706 vidit,
1408 4651 1455 4695 et
1486 4643 1697 4697 credidit
1723 4660 1742 4697 :
1760 4644 1986 4697 nondum

400 4734 532 4788 enim
565 4731 747 4785 sciebat
778 4730 1074 4802 Seripturas
1094 4773 1108 4798 ,
1141 4731 1258 4801 quia
1279 4731 1536 4801 Oportebat
1563 4747 1677 4785 eum
1722 4748 1753 4785 a
1775 4734 1985 4789 mortuis

399 4841 676 4896 resurgere.
702 4825 961 4894 Apparuit
983 4840 1111 4895 ergo
1132 4823 1256 4891 quid
1278 4823 1506 4879 credidit
1533 4842 1545 4878 :
1574 4823 1715 4893 quod
1737 4824 1855 4880 fidei
1878 4841 1983 4882 non

397 4926 543 4981 erat,
575 4917 677 4971 hoc
701 4915 928 4972 credidit
952 4933 964 4969 :
994 4913 1240 4979 credidit,
1268 4913 1360 4968 sed
1391 4913 1580 4969 falsum
1604 4913 1845 4969 credidit.
1870 4915 1982 4985 Ap-

401 5010 575 5078 paruit
617 5009 666 5064 ei
709 5017 894 5078 postea
932 5008 1223 5072 Dominus,
1260 5003 1461 5076 fugavit
1494 5004 1682 5060 falsum
1706 5046 1721 5075 ,
1762 5005 1985 5063 inseruit

401 5117 603 5156 verum.

468 5191 693 5250 CAPUT
724 5190 787 5245 ll.
811 5220 881 5231 —
901 5191 958 5245 2.
992 5189 1271 5260 Diﬁicultas
1294 5188 1344 5245 in
1368 5186 1555 5245 Christi
1576 5189 1732 5246 verbis
1751 5190 1818 5244 ad
1834 5189 1984 5263 Mag-

399 5283 653 5337 dalenam.
684 5282 882 5337 Tamen
911 5280 1039 5335 illud
1067 5281 1205 5350 quod
1236 5281 1375 5336 solet
1398 5296 1614 5336 movere
1650 5281 1900 5337 lectorem
1928 5291 1981 5338 et

397 5376 693 5431 auditorem
726 5389 831 5428 non
868 5373 1193 5428 incuriosum
1220 5388 1395 5441 neque
1424 5373 1776 5444 negligentem
1797 5415 1811 5439 ,
1840 5389 1977 5444 quo-

399 5466 558 5522 modo
603 5465 674 5520 sit
733 5464 968 5531 dictum,
1007 5462 1131 5517 Noli
1208 5480 1286 5518 me
1309 5474 1546 5536 tangere;
1582 5466 1805 5518 nondum
1847 5467 1979 5519 enim

463 5580 647 5640 iunius
667 5577 907 5640 sermonis
926 5577 1155 5639 scriptum
1181 5576 1430 5639 exemplar
1449 5575 1635 5625 nullum
1652 5576 1869 5626 vidimus.
1887 5583 1978 5640 Ex—

401 5638 581 5692 stabat'
615 5642 664 5686 in
696 5639 870 5700 _editis
931 5647 1030 5687 Am.
1086 5645 1159 5688 Er.
1199 5644 1300 5687 Par.
1334 5638 1453 5688 ’Lov.
1503 5646 1553 5688 ct
1614 5640 1660 5687 in
1703 5639 1976 5700 Appendice

360 5698 363 5701 λ
400 5707 610 5760 operum
630 5697 882 5760 rulgetttii.
1265 5738 1271 5744 .

462 5757 535 5814 (α)
562 5756 700 5817 Alias,
716 5756 788 5807 de
813 5766 1050 5820 Tempore

1665 321 1723 375 s.
1764 318 2126 375 secusnx:
2172 320 2473 378 Et’lSCOt'l
2512 288 2518 295 ’

3562 345 3704 401 11Ξῖ

2116 438 2321 493 detrudi
2338 440 2408 494 ad
2427 441 2673 510 Patrem;
2701 445 2787 501 hic
2815 447 3122 518 videamus,
3157 454 3388 512 Domino
3412 459 3526 527 ipse
3556 462 3710 531 adju-

2118 538 2299 595 vaute,
2327 531 2450 600 quid
2476 532 2676 589 dictum
2728 538 2819 592 sit.
2873 539 3052 596 Movet
3097 545 3242 600 enim
3294 546 3413 611 hoc,
3434 550 3564 619 quid
3591 564 3704 617 cst,

2120 619 2246 675 Noli
2297 639 2376 676 me
2451 633 2658 696 tangere
2680 645 2701 692 ;
2753 622 2980 685 nondum
3033 635 3174 689 enim
3220 640 3425 693 escendi
3482 641 3555 695 ad
3603 641 3709 696 Pu-

2114 723 2259 768 trem.
2320 715 2544 783 Quando
2609 721 2751 775 enim
2806 725 3050 782 ascendit
3097 728 3167 783 ad
3220 729 3431 787 Patrem
3480 734 3505 789 2
3558 734 3707 792 Sicut

2115 805 2353 861 indicant
2391 809 2559 864 Actus
2598 810 2977 881 Apostolorum
3000 857 3016 880 ,
3047 818 3457 890 quadragesimo
3476 825 3567 880 die
3588 838 3706 897 post

2114 900 2561 958 resurrectionem
2585 918 2768 972 suam,
2797 923 2958 977 quem
3000 909 3148 966 diem
3193 911 3247 967 in
3277 916 3493 972 nomine
3541 918 3704 987 ipsius

2114 989 2431 1046 celebraturi
2464 1008 2650 1051 sumus
2678 1014 2693 1051 :
2728 1006 2854 1054 tunc
2905 1002 3147 1057 ascendit
3173 1004 3239 1059 ad
3286 1006 3539 1071 Patrem;
3581 1019 3703 1067 tunc

2113 1094 2236 1135 ettin
2284 1081 2529 1152 discipuli
2579 1086 2667 1155 qui
2715 1090 2960 1146 manibus
3011 1093 3336 1163 tetigerunt.
3375 1101 3551 1155 oculis
3605 1101 3702 1158 de-

2112 1170 2394 1229 duxerunt.
2441 1175 2591 1232 Tunc
2638 1180 2817 1234 sonuit
2857 1182 3098 1253 angelica
3133 1199 3231 1240 vox
3268 1205 3283 1241 :
3322 1186 3429 1242 Vin'
3462 1189 3697 1259 Galilei,

2110 1262 2233 1331 quid
2260 1265 2423 1331 statis,
2451 1265 2698 1324 intuentes
2720 1271 2774 1323 in
2794 1265 2974 1326 caelum
2991 1275 3016 1327 .9
3039 1274 3138 1328 llic
3164 1275 3318 1332 Iesus
3359 1282 3452 1350 qui
3495 1300 3699 1337 assunt-

2111 1362 2227 1422 ptus
2250 1364 2324 1409 est
2348 1372 2379 1407 a
2404 1357 2569 1425 vobis,
2595 1359 2670 1413 sic
2694 1362 2852 1416 veniet
2880 1366 3130 1431 quomoda
3143 1383 3259 1420 eum
3283 1369 3480 1425 vidistis
3497 1384 3699 1427 euntem

2108 1447 2160 1499 in
2184 1445 2363 1500 caelum
2404 1445 2538 1519 μα.
2567 1466 2605 1516 I,
2630 1452 2804 1521 i-ll).
2829 1453 2885 1508 Si
2914 1471 3041 1524 ergo
3072 1465 3197 1512 tunc
3224 1462 3467 1516 ascendit
3494 1466 3563 1518 ad
3596 1466 3696 1521 Pa-

2111 1543 2285 1603 trem,
2314 1539 2442 1607 quid
2470 1540 2731 1609 dicimus,
2767 1544 2960 1601 fratres
2992 1548 3135 1602 mei?
3156 1550 3321 1605 Maria
3351 1570 3459 1608 non
3489 1566 3699 1626 poterat

2108 1643 2229 1682 cum
2270 1638 2488 1699 arrigere
2515 1632 2567 1686 in
2602 1643 2742 1690 terra
2776 1644 3006 1693 stantem
3028 1681 3045 1701 .
3081 1650 3136 1696 et
3163 1652 3370 1712 poterat
3399 1656 3619 1718 tangere
3646 1651 3697 1705 in

2106 1717 2244 1773 caelo
2286 1720 2599 1776 sedentem?
2624 1724 2678 1778 Si
2713 1725 2799 1781 hic
2838 1744 2942 1783 non
2980 1739 3224 1799 poterat,
3274 1745 3473 1803 quanto
3498 1717 3697 1795 minus

2110 1819 2315 1877 lunarat
2340 1810 2451 1875 ibi?
2480 1813 2616 1881 Quid
2640 1824 2897 1888 estergo,
2931 1818 3059 1874 Noti
3079 1832 3410 1896 metangere;
3434 1845 3537 1883 non
3566 1833 3698 1885 enim

2106 1901 2309 1955 ascendi
2335 1903 2405 1956 ad
2425 1904 2676 1961 Patrem?
2710 1908 2802 1964 Sic
2834 1910 2975 1983 enim
3002 1924 3194 1968 sonant
3222 1918 3411 1984 verba,
3443 1928 3694 1991 tanquam

2105 1991 2326 2055 diceret,
2361 1994 2511 2051 Tunc
2549 2013 2635 2052 me
2662 2006 2821 2070 tange
2846 2042 2861 2067 ,
2890 2017 3010 2055 cum
3050 2005 3378 2072 ascendero;
3406 2019 3695 2082 antequam

2103 2083 2406 2150 ascendam,
2439 2086 2547 2140 noli
2573 2103 2657 2143 me
2685 2098 2922 2160 tangere.
2952 2092 2996 2147 Ο
3024 2093 3265 2161 Domine,
3291 2096 3373 2152 hic
3396 2115 3478 2165 es,
3509 2113 3568 2156 ct
3588 2119 3691 2157 non

2106 2183 2292 2245 tango;
2322 2192 2444 2232 cum
2467 2180 2790 2251 ascenderis,
2833 2187 3078 2254 tangam?
3108 2187 3307 2243 Deinde
3335 2191 3378 2243 si
3400 2203 3691 2264 antequam

2102 2267 2170 2321 ad
2214 2267 2426 2325 Patrem
2457 2272 2806 2338 ascenderet,
2854 2286 3049 2330 tactum
3089 2276 3341 2334 horrebat
3366 2280 3689 2349 humanum;

2101 2359 2370 2429 quomodo
2389 2375 2447 2417 sc
2470 2361 2743 2432 discipulis
2763 2382 2869 2419 non
2888 2366 3060 2421 solmn
3082 2368 3386 2432 videndum,
3409 2373 3501 2427 sed
3526 2376 3691 2430 etiam

2101 2452 2535 2508 contrectandum
2558 2456 2780 2524 praebuit
2803 2497 2817 2521 ,
2847 2458 3061 2527 quando
3087 2460 3222 2515 dixit
3254 2480 3267 2515 :
3300 2462 3436 2529 Quid
3456 2468 3695 2536 cogitatis

2100 2542 2152 2594 in
2179 2543 2411 2599 cordibus
2434 2547 2606 2601 vestris
2627 2548 2653 2601 ?
2689 2547 2864 2604 Videte
2888 2567 3067 2606 manus
3095 2570 3231 2608 meas
3255 2563 3301 2609 et
3326 2556 3476 2623 pedes
3497 2576 3638 2612 meos
3668 2577 3689 2616 :

2101 2636 2324 2705 palpate,
2351 2645 2399 2691 et
2426 2638 2586 2691 videte
2607 2679 2622 2704 ,
2651 2641 2769 2710 quia
2792 2642 2999 2710 spiritus
3024 2660 3229 2699 carnem
3253 2657 3299 2699 et
3324 2663 3439 2700 ossa
3465 2665 3571 2702 non
3601 2650 3695 2703 ha-

2101 2726 2197 2793 bet,
2219 2727 2348 2781 sicut
2374 2745 2452 2783 me
2472 2730 2648 2785 videtis
2675 2732 2855 2785 habere
2881 2732 3032 2805 (an.
3060 2752 3209 2803 xxrv,
3238 2737 3431 2807 58-39)
3449 2740 3474 2790 ‘!
3506 2738 3691 2796 luere-

2098 2816 2254 2871 dulus
2279 2819 2438 2873 etiam
2467 2820 2557 2875 ille
2600 2820 2890 2891 discipulus
2918 2823 3150 2906 Thomas
3192 2827 3362 2896 tetigit
3393 2828 3532 2884 latus
3564 2847 3690 2900 pcr-

2097 2906 2345 2976 ioratum,
2371 2918 2427 2965 et
2453 2910 2772 2966 exclamavit
2800 2930 2814 2966 :
2847 2912 3097 2969 Dominus
3122 2932 3260 2970 meus
3283 2927 3333 2971 et
3358 2916 3498 2972 Dens
3524 2921 3694 2977 uicus!

2098 2998 2322 3064 Quando
2342 3002 2512 3070 tetigit
2533 3041 2548 3066 ,
2575 3000 2813 3056 nondum
2833 3004 3152 3059 ascenderat
3177 3005 3335 3060 Jesus
3359 3008 3425 3062 ad
3450 3009 3688 3064 Patrem.

2099 3089 2178 3142 Au
2208 3089 2343 3145 forte
2371 3090 2565 3161 aliquis
2591 3092 2847 3161 insipiens
2878 3093 3075 3150 dixerit
3109 3114 3123 3149 :
3164 3097 3460 3168 Antequam
3488 3100 3557 3152 ad
3587 3100 3690 3155 Ρα-

2100 3190 2235 3237 trem
2263 3183 2594 3252 ascenderet,
2623 3186 2719 3239 viri
2750 3201 2869 3240 cum
2899 3195 3149 3256 poterant
3170 3197 3406 3260 tangere;
3435 3192 3692 3247 mulieres

2098 3284 2271 3330 autem
2298 3292 2402 3331 non
2433 3287 2699 3347 poterant,
2726 3278 2828 3333 nisi
2857 3293 2979 3333 cum
3002 3279 3066 3333 ad
3096 3280 3307 3335 Patrem
3338 3283 3691 3339 ascenderet?

2096 3365 2340 3421 Absurda
2388 3375 2471 3422 est
2515 3369 2610 3421 ista
2659 3369 2950 3440 cogitatio,
3000 3380 3052 3424 et
3094 3386 3342 3440 perversa
3396 3374 3687 3430 sententia.

2098 3457 2320 3513 Prorsus
2364 3459 2505 3529 quod
2544 3460 2747 3515 audivit
2795 3461 2994 3527 Maria,
3045 3463 3227 3518 audiat
3274 3465 3533 3520 Ecclesia.
3576 3467 3689 3524 lloc

2096 3562 2285 3603 oumes
2298 3550 2532 3613 audiant,
2554 3566 2740 3605 omnes
2763 3552 3079 3621 intelligant,
3094 3569 3282 3609 omnes
3302 3556 3514 3610 faciant.
3548 3557 3689 3624 Quid

2096 3627 2235 3709 ergo
2249 3648 2362 3704 est,
2396 3639 2520 3694 Noli
2550 3658 2629 3695 me
2666 3650 2902 3713 tangere;
2931 3644 3152 3697 nondum
3193 3645 3326 3698 enim
3366 3648 3578 3699 escendi
3618 3649 3688 3701 ad

2097 3727 2343 3785 Patrem?
2368 3731 2516 3799 Quod
2540 3749 2625 3788 me
2653 3733 2827 3799 vides,
2860 3733 3131 3789 hominem
3161 3737 3332 3792 solum
3362 3746 3518 3806 putas
3541 3782 3553 3800 ,
3584 3739 3689 3793 Pa-

2097 3822 2163 3875 tri
2188 3822 2447 3892 :rqualem
2489 3839 2609 3879 esse
2636 3824 2810 3879 adhuc
2835 3826 3009 3880 nescis
3042 3844 3057 3880 :
3086 3827 3196 3881 noli
3232 3842 3319 3883 me
3350 3838 3571 3900 tangere
3606 3841 3688 3885 ta-

2095 3912 2197 3966 lem
2227 3955 2242 3980 ,
2284 3915 2390 3968 noli
2428 3915 2479 3969 in
2507 3915 2777 3971 hominem
2805 3917 2977 3971 solum
3017 3919 3238 3974 credere
3262 3960 3276 3984 ,
3309 3920 3403 3974 sed
3449 3920 3689 3977 Verbum

2095 4004 2297 4072 mquale
2320 4004 2548 4073 genitori
2592 4006 2847 4076 intell’gc.
2871 4008 3005 4076 Quid
3023 4023 3150 4076 ergo
3174 4018 3256 4063 est
3277 4050 3292 4074 ,
3324 4008 3454 4063 Noli
3471 4029 3551 4066 me
3570 4022 3687 4065 tan-

2094 4096 2249 4169 gere?
2271 4094 2387 4149 Noli
2415 4096 2656 4151 credere.
2697 4097 2832 4164 Quid
2875 4099 2981 4153 noli
3016 4100 3273 4156 credere?
3298 4102 3432 4171 Quia
3468 4103 3572 4159 hoc
3603 4121 3690 4159 so-

2098 4185 2207 4240 lum
2249 4201 2366 4241 sum
2394 4188 2536 4258 quod
2570 4189 2740 4244 vides.
2772 4191 3071 4246 Ascendam
3106 4193 3171 4247 ad
3201 4193 3448 4261 Patrem,
3482 4208 3531 4252 et
3565 4208 3688 4252 tunc

2094 4285 2269 4349 tange.
2307 4277 2423 4333 Tibi
2459 4279 2711 4343 ascendo,
2765 4282 2976 4351 quando
3028 4283 3356 4338 intellexeris
3398 4288 3684 4357 aequalem.

2092 4368 2313 4436 Quando
2353 4371 2493 4424 enim
2527 4387 2612 4427 me
2648 4381 2799 4442 putas
2844 4374 3102 4429 minorem
3128 4418 3141 4440 ,
3174 4376 3410 4439 nondum
3450 4381 3686 4433 ascendo

2093 4461 2204 4514 tibi.

2106 4624 2111 4629 ἢ
2165 4550 2390 4608 CAPUT
2416 4551 2500 4607 111.
2526 4582 2594 4591 —
2615 4553 2667 4609 ’5.
2696 4551 2820 4607 Noli
2844 4563 3065 4626 tangere,
3085 4555 3138 4608 id
3157 4565 3263 4623 cst,
3285 4559 3393 4612 noli
3422 4559 3679 4614 hominem

2091 4655 2284 4698 tantum
2314 4645 2534 4701 credere.
2567 4646 2809 4717 Tangere
2836 4655 3013 4702 autem
3038 4687 3055 4712 ,
3096 4646 3316 4703 credere
3347 4664 3472 4706 esse
3495 4692 3511 4716 ,
3558 4665 3683 4721 puto

2089 4736 2210 4806 quia
2234 4734 2388 4790 facile
2412 4750 2694 4805 possumus
2725 4736 3021 4806 intelligere
3046 4737 3114 4792 de
3145 4738 3230 4791 illa
3270 4740 3534 4807 muliere,
3566 4759 3681 4812 qua:

2089 4828 2261 4899 tetigit
2288 4827 2550 4883 ﬁmbriam
2572 4829 2882 4883 vestimenti
2908 4826 3126 4896 Christi,
3149 4839 3201 4887 et
3227 4830 3373 4885 salva
3401 4832 3543 4888 facta
3583 4845 3678 4888 est.

2090 4918 2461 4975 Recordamini
2508 4919 2856 4989 Evangelium
2897 4938 2909 4973 :
2956 4920 3207 4975 Dominus
3239 4921 3398 4977 Jesus
3436 4924 3682 4979 Christus

2089 5013 2198 5066 ibat
2227 5012 2291 5066 ad
2319 5010 2631 5067 visitandam
2677 5012 3081 5086 archisynagogi
3121 5013 3282 5068 filiam
3307 5058 3319 5080 ,
3353 5033 3477 5086 qua:
3508 5021 3682 5088 primo

2090 5105 2328 5159 nuntiata
2372 5103 2468 5158 fuit
2498 5103 2704 5158 infirma
2727 5145 2741 5169 ,
2776 5112 2959 5173 postea
2992 5114 3219 5158 mortua.
3251 5104 3348 5160 Illo
3385 5119 3643 5178 pergente
3664 5151 3680 5172 ,

2087 5211 2212 5251 ecce
2242 5195 2433 5249 mulier
2459 5193 2526 5249 de
2555 5203 2859 5249 transverso
2885 5194 3050 5262 venit,
3081 5211 3197 5265 qum
3228 5194 3372 5249 tlttxu
3401 5200 3680 5267 sanguinis

2086 5288 2362 5344 laborabat
2396 5303 2491 5358 per
2511 5286 2789 5342 duodecim
2818 5302 2988 5341 annos
3013 5328 3027 5353 ,
3056 5296 3111 5341 et
3148 5287 3199 5341 iu
3229 5288 3451 5343 medicis
3481 5288 3679 5344 frustra

2085 5379 2393 5436 curantibus
2417 5386 2471 5434 et
2492 5394 2598 5432 nou
2624 5377 2956 5441 sanantibus,
2986 5379 3163 5431 omnia
3193 5392 3287 5431 sua
3319 5392 3678 5448 consumpse-

2086 5483 2169 5529 rat
2202 5491 2214 5525 ε
2244 5472 2483 5542 dixitque
2511 5470 2563 5525 in
2594 5469 2755 5525 corde
2786 5483 2903 5534 suo,
2931 5467 2995 5525 Si
3024 5470 3225 5538 tetigero
3248 5468 3502 5538 ﬁmbriam
3529 5472 3681 5524 vcsti-

2084 5564 2236 5619 meuti
2267 5564 2395 5632 ejus,
2424 5561 2563 5617 salva
2591 5576 2674 5615 ero
2701 5557 2927 5631 (Matth.
2959 5575 3016 5613 Ix
3036 5600 3050 5621 ,
3080 5559 3141 5613 21
3246 5558 3359 5614 Hoc
3395 5560 3564 5629 ipsum
3591 5561 3677 5612 die

2085 5673 2228 5719 cere,
2250 5656 2360 5725 jam
2390 5665 2607 5724 tangere
2628 5653 2743 5707 l'uit.
2779 5652 3014 5721 Denique
3029 5652 3149 5705 audi
3174 5652 3509 5706 sententiam.
3538 5655 3671 5706 Cum

2086 5749 2229 5805 salva
2252 5748 2386 5803 facta
2412 5754 2555 5802 esset
2582 5742 2872 5801 secundum
2903 5742 3060 5799 fidem
3089 5758 3237 5798 suam
3255 5783 3271 5810 ,
3299 5743 3369 5797 ait
3407 5744 3665 5801 Dominus
