3926 6188
263 302 401 361 “53

262 423 417 477 Iesus
442 415 685 472 Christus
716 434 731 470 :
760 415 941 487 Tetigit
974 431 1050 468 me
1076 414 1277 483 a!iquis.
1304 414 1373 468 Et
1399 412 1643 483 discipuli
1675 431 1688 468 :
1715 412 1844 467 Tur—

259 516 338 566 ba!
376 519 423 564 te
450 508 783 579 comprimunt
802 551 816 573 ,
845 516 892 561 et
911 507 1039 560 dicis
1060 549 1074 573 ,
1108 506 1233 574 Quis
1263 521 1343 560 me
1375 508 1531 577 tetigit
1550 506 1576 560 .9
1604 506 1669 562 Et
1712 507 1801 561 ille
1829 526 1841 561 :

262 601 446 672 Tetigit
472 617 552 654 me
577 601 795 670 aliquis;
821 616 939 652 nam
976 616 1069 670 ego
1084 600 1188 653 scio
1217 599 1448 652 virtutem
1473 599 1653 653 eciisse
1681 599 1742 652 de
1770 615 1849 653 me

260 692 416 763 (Luc.
443 708 558 755 Ylll,
590 688 806 762 11-46).
836 689 1018 746 Gratia
1046 690 1324 760 processit,
1342 699 1401 743 ιιι
1429 688 1520 743 illa
1545 698 1839 754 sanarctur,

263 799 368 838 non
402 791 460 837 ut
492 782 581 836 ille
614 782 967 836 minueretur.
1000 781 1191 835 Dicunt
1218 796 1375 851 ergo,
1408 779 1688 850 discipuli,
1715 781 1843 835 Pre-

259 887 409 932 munt
434 884 486 931 te
513 876 699 940 turbae;
723 884 776 929 et
800 884 855 927 tu
883 890 1044 928 unum
1076 884 1164 928 aut
1187 888 1340 927 unam
1367 873 1621 927 sensisti?
1650 882 1702 927 et
1733 873 1841 938 ille,

260 968 443 1039 Tetigit
464 983 543 1020 me
570 967 753 1037 aliquis
784 983 801 1018 :
830 966 905 1020 illi
931 973 1198 1035 premtmt,
1230 965 1330 1018 ista
1360 964 1549 1033 tetigit.
1581 962 1716 1031 Quid
1739 972 1841 1027 est,

256 1060 333 1114 illi
390 1069 672 1129 premunt,
723 1058 822 1113 ista
867 1057 1077 1129 tetigit?
1105 1056 1271 1112 ,ιιιόωὶ
1300 1055 1537 1128 afﬂigunt
1561 1098 1575 1122 ,
1609 1056 1842 1110 Ecclesia

255 1151 502 1207 credidit.

327 1241 557 1298 CAPUT
598 1240 688 1296 iV.
713 1243 861 1297 ——-l-.
909 1241 1289 1295 Dominicorum
1330 1240 1593 1294 verborum
1646 1256 1840 1295 sensus.

254 1334 560 1390 Secundum
590 1335 732 1391 hunc
757 1351 884 1406 ergo
913 1336 1238 1390 intellectum
1262 1376 1276 1398 ,
1308 1350 1414 1405 quo
1453 1334 1695 1389 videmus
1729 1349 1845 1387 mu-

257 1427 445 1481 lierem
474 1427 707 1496 tetigisse
729 1468 742 1491 ,
776 1425 916 1495 quod
945 1434 1029 1480 est
1054 1424 1343 1480 credidisse
1362 1465 1378 1491 ,
1411 1423 1700 1478 secundum
1741 1422 1843 1476 hoc

251 1520 455 1573 dictum
484 1528 565 1575 est
593 1518 657 1574 ad
686 1518 900 1573 Mariam
928 1559 943 1585 ,
974 1516 1099 1571 Noli
1136 1534 1214 1570 me
1254 1527 1456 1588 tangere
1480 1533 1499 1581 ;
1525 1514 1839 1581 ascendam,

248 1621 304 1666 et
351 1622 526 1680 tange.
564 1611 713 1666 Tunc
744 1611 886 1665 enim
925 1620 1080 1679 tange
1103 1651 1119 1675 ,
1150 1609 1361 1680 quando
1390 1609 1708 1681 cognoveris
1732 1652 1746 1674 ,
1778 1608 1843 1663 In

248 1705 508 1777 principio
537 1714 643 1760 erat
679 1703 924 1770 Verbum,
949 1714 995 1759 et
1031 1701 1246 1757 Verbum
1273 1712 1379 1757 erat
1408 1702 1546 1773 apud
1573 1701 1732 1755 Deum
1752 1742 1766 1766 ,
1795 1710 1842 1755 et

251 1798 396 1851 Deus
426 1807 531 1851 erat
568 1794 782 1852 Verbum
811 1796 1000 1868 (Joan.
1031 1812 1068 1863 ι,
1099 1795 1186 1866 1).
1218 1793 1451 1848 Verbum
1476 1793 1689 1863 quidem
1715 1806 1841 1846 caro

245 1887 449 1942 factum
472 1898 579 1958 est,
609 1888 843 1943 Verbum
875 1886 1373 1952 incontaminatum,
1404 1885 1798 1940 immaculatum
1821 1924 1836 1950 ,

244 1979 581 2034 immutabile
604 1991 800 2045 manet,
820 1988 873 2034 et
898 1979 1181 2049 integrum.
1209 1976 1315 2033 Sed
1340 1977 1461 2049 quia
1486 1986 1538 2031 tu
1567 1976 1836 2031 hominem
1870 1983 1874 1987 '

241 2071 425 2124 solum
452 2070 618 2130 vides,
649 2069 884 2124 Verbum
913 2084 1017 2123 non
1050 2068 1233 2128 vides;
1269 2068 1392 2122 nolo
1418 2065 1606 2121 credas
1634 2067 1684 2120 in
1716 2081 1837 2120 car-

240 2178 394 2228 nem,
426 2170 481 2216 et
506 2163 774 2232 relinquas
808 2161 1063 2217 Verbum.
1094 2160 1260 2215 Totus
1281 2158 1527 2215 Christus
1550 2159 1641 2213 tibi
1670 2173 1837 2228 appa-

239 2263 394 2319 reat,
425 2254 548 2325 quia
577 2254 797 2324 mqualis
825 2262 909 2308 est
933 2253 1073 2307 Patri
1104 2254 1157 2306 in
1187 2251 1380 2307 Verbo.
1417 2251 1533 2306 Noli
1558 2267 1714 2322 ergo,
1754 2252 1837 2306 in-

240 2347 381 2414 quit,
414 2344 579 2399 modo
603 2353 817 2414 tangere
847 2363 859 2397 :
888 2343 1011 2413 quia
1033 2342 1266 2397 nondum
1295 2341 1441 2396 vides
1466 2341 1557 2412 qui
1587 2343 1707 2395 sim.
1731 2342 1836 2396 Ec-

238 2436 407 2491 clesia
441 2450 592 2504 ergo,
619 2435 768 2503 cuius
797 2433 1016 2504 ﬁguram
1045 2432 1204 2486 Maria
1225 2431 1464 2503 gerebat,
1489 2431 1667 2486 audiat
1693 2430 1835 2501 quod

239 2526 453 2581 audivit
489 2525 668 2580 Maria.
715 2524 1015 2595 Tangamus
1042 2539 1261 2588 omnes,
1291 2522 1337 2575 si
1380 2521 1681 2576 credamus.
1715 2520 1833 2575 Jam

238 2616 487 2670 ascendit
512 2615 580 2670 ad
619 2614 863 2679 Patrem,
893 2611 1046 2669 sedet
1077 2612 1143 2667 ad
1174 2612 1447 2667 dexteram
1474 2610 1663 2664 Patris.
1694 2608 1834 2663 Con-

240 2709 428 2760 titetur
460 2705 560 2760 hoc
584 2703 742 2759 hodie
765 2704 1009 2758 universa
1042 2701 1280 2757 Ecclesia
1310 2718 1323 2753 :
1358 2699 1616 2755 Ascendit
1643 2699 1693 2752 in
1722 2713 1833 2777 coe-

239 2796 377 2859 lum,
412 2794 561 2849 sedet
583 2794 648 2848 ad
678 2793 953 2847 dexteram
978 2790 1169 2846 Patris.
1195 2791 1306 2846 lloc
1334 2790 1555 2845 audiunt
1596 2790 1683 2860 qui
1736 2789 1832 2843 ba-

239 2890 515 2959 ptizautur
532 2906 545 2941 ε
563 2886 664 2942 boc
681 2887 901 2941 credunt
923 2895 1205 2955 antequam
1235 2886 1588 2954 baptizcntur.
1611 2883 1834 2952 Quando

238 2996 374 3051 ergo
403 2980 626 3034 credunt
648 3020 660 3041 ,
691 2979 854 3032 Maria
885 2978 1053 3048 tangit
1074 2978 1364 3033 Christum.
1411 2977 1715 3032 Intellectus
1738 2976 1833 3032 ob-

236 3084 456 3135 scurus,
480 3069 571 3123 sed
586 3082 777 3123 sanus:
798 3067 1085 3122 incredulis
1106 3067 1338 3132 clausus,
1376 3065 1478 3120 ﬁde
1501 3064 1729 3135 pulsanti
1749 3073 1834 3120 est

237 3171 483 3233 apertus.
515 3160 630 3230 Ipse
655 3174 782 3229 ergo
814 3158 1068 3213 Dominus
1093 3157 1249 3213 Jesus
1277 3157 1518 3211 Christus
1540 3166 1595 3211 et
1622 3157 1692 3211 ibi
1716 3164 1828 3220 est.

238 3265 297 3308 et
329 3254 607 3308 nobiscum
638 3261 739 3317 est;
771 3261 970 3306 etcum
1002 3250 1156 3305 Patre
1188 3258 1287 3314 est,
1314 3258 1368 3303 et
1392 3252 1443 3302 in
1467 3249 1618 3303 nobis
1647 3257 1748 3313 est;
1778 3255 1834 3302 et

239 3344 317 3397 ab
362 3344 452 3398 illo
504 3358 612 3397 non
659 3340 892 3410 recedit,
947 3348 1002 3395 et
1035 3354 1134 3394 nos
1178 3354 1283 3394 non
1310 3339 1509 3393 deserit
1540 3356 1553 3393 :
1581 3348 1634 3394 et
1676 3354 1832 3395 orare
1879 3359 1888 3367 ι

240 3437 450 3504 docet,
502 3444 559 3490 ut
607 3434 895 3505 magister;
967 3440 1020 3488 et
1073 3446 1195 3488 cum
1245 3431 1403 3487 Patre
1466 3428 1719 3498 exaudit,
1773 3438 1833 3484 ut

242 3526 441 3583 Filius.

704 3592 930 3652 SERMO
964 3591 1213 3649 CCXLVI
1227 3593 1240 3613 ‘
1260 3590 1361 3662 (a).

657 3713 706 3755 lu
728 3705 903 3755 diebus
922 3703 1223 3754 Paschalibus
1246 3702 1288 3765 ³,
1309 3714 1424 3751 xvu.

245 3809 328 3865 De
356 3809 527 3865 eadem
555 3809 765 3864 lectione
791 3807 1051 3879 Evangelii
1070 3806 1306 3895 Joannis,
1333 3821 1446 3876 cap.
1470 3820 1561 3868 xx,
1580 3804 1616 3875 ᾗ
1638 3840 1656 3859 .
1680 3802 1832 3858 l-lS.

344 3925 400 3978 l.
457 3921 894 3993 Evangelistarum
942 3921 1053 3975 sine
1102 3919 1323 3990 falsitate
1365 3917 1602 3972 varietas.
1655 3914 1837 3970 Multis

244 4015 421 4069 modis
458 4014 711 4067 Dominus
746 4011 901 4066 Jesus
943 4019 1063 4080 post
1102 4008 1544 4065 resurrectionem
1587 4005 1835 4077 apparuit

243 4104 492 4159 ﬁdelibus
537 4104 649 4158 suis
694 4119 708 4155 :
757 4102 1055 4157 habuerunt
1114 4100 1256 4155 unde
1302 4099 1596 4153 scriberent
1644 4112 1830 4152 omnes

244 4196 598 4264 Evangelistze
617 4236 633 4262 ,
673 4194 811 4248 sicut
837 4194 915 4249 eis
940 4189 1376 4248 subministrabat
1410 4190 1628 4260 spiritus
1655 4203 1832 4242 recor-

240 4287 477 4343 dationis
496 4302 671 4341 rerum
693 4301 824 4356 quas
843 4286 1157 4341 scriberent.
1182 4284 1333 4337 Alius
1352 4282 1493 4337 aliud
1516 4282 1667 4348 dixit,
1696 4282 1831 4337 alius

240 4379 410 4433 aliud.
440 4378 854 4433 Praetermittere
875 4377 1063 4445 aliquis
1085 4375 1255 4446 potuit
1273 4374 1469 4444 aliquid
1495 4387 1699 4440 verum,
1723 4389 1827 4426 non

241 4470 425 4523 dicere
468 4467 669 4537 aliquid
717 4466 929 4521 falsum.
956 4464 1146 4520 Omnia
1191 4465 1292 4519 ista
1333 4473 1639 4535 eomputate
1663 4477 1827 4518 unum

240 4562 445 4617 dixisse
477 4578 491 4615 :
516 4576 646 4615 vere
669 4561 812 4614 enim
843 4574 981 4615 unus
1001 4558 1172 4624 dixit,
1204 4556 1327 4627 quia
1353 4572 1491 4611 unus
1519 4555 1753 4625 Spiritus
1774 4556 1829 4610 in

241 4654 495 4709 tinnitibus
520 4652 641 4707 luit.
670 4651 841 4706 Hodie
856 4649 982 4721 quid
1006 4648 1343 4705 audivimus?
1373 4647 1526 4713 lllud,
1554 4646 1694 4717 quod
1721 4662 1826 4701 non

239 4744 537 4799 credebant
555 4741 803 4812 discipuli
830 4742 1190 4797 rcsurrexisse
1204 4740 1403 4794 Jesum.
1428 4738 1495 4792 Et
1514 4753 1621 4792 non
1638 4738 1691 4792 ei
1707 4753 1829 4793 ere-

242 4836 499 4891 dideruot
519 4876 538 4904 ,
585 4835 690 4890 hoc
719 4835 893 4904 ipsum
919 4841 1043 4888 ante
1086 4830 1480 4900 pramuntianti.
1511 4830 1616 4885 Res
1661 4830 1830 4884 mani-

244 4929 379 4983 festa
421 4937 504 4983 est
526 4966 551 4993 ,
588 4935 647 4983 et
684 4936 967 4999 pmpterea
1013 4925 1209 4994 scripta
1244 4931 1364 4987 est,
1390 4928 1455 4977 ut.
1476 4922 1586 4977 Deo
1612 4937 1830 4993 magnas

239 5019 441 5087 gratias
466 5031 687 5088 agamus
709 5060 725 5082 ,
751 5017 873 5088 quia
903 5017 959 5071 in
997 5031 1119 5072 eum
1163 5014 1485 5071 credidimus
1506 5054 1522 5079 ,
1567 5029 1724 5084 quem
1774 5015 1829 5074 in

242 5117 389 5163 terra
435 5123 545 5163 non
589 5108 820 5163 vidimus
862 5125 877 5162 :
922 5106 1135 5161 illorum
1175 5104 1345 5159 oculis
1377 5113 1433 5160 et
1472 5104 1718 5159 manibus
1741 5105 1827 5159 vix

243 5213 560 5266 persuasum
591 5207 704 5263 est,
736 5197 878 5267 quod
906 5210 1004 5251 nos
1028 5194 1311 5251 credimus.

313 5288 373 5341 2.
406 5286 657 5356 Discipuli
692 5288 906 5341 credunt
927 5286 1151 5340 ablatum
1179 5301 1365 5354 corpus
1391 5284 1615 5339 Domini.
1660 5282 1825 5339 Audi-

244 5379 343 5434 stis
367 5380 499 5450 quia
521 5380 736 5437 intravit
763 5379 817 5433 in
847 5386 1251 5433 monumentum
1279 5376 1569 5446 discipulus
1596 5375 1712 5446 ejus
1733 5415 1748 5443 ,
1783 5386 1831 5429 et

876 5503 887 5525 Ι

310 5538 340 5609 ’_
355 5543 402 5609 tu
425 5537 619 5609 optima:
643 5546 769 5609 actm
788 5536 1075 5587 Floriacensa
1097 5536 1225 5588 libro
1242 5536 1323 5587 hic
1353 5549 1514 5589 sermo
1533 5536 1828 5596 insumitur,

241 5597 284 5648 11
288 5597 445 5660 abitus
460 5597 634 5660 ’quiuta
647 5598 786 5660 feria.

306 5657 557 5723 finitimus
600 5657 658 5709 ad
697 5663 717 5723 ι’
762 5674 804 5708 r.
828 5666 866 5723 ι.
895 5666 1002 5723 vet
1019 5659 1083 5723 ad
1104 5660 1240 5723 vigu.

307 5718 383 5782 (α)
405 5719 546 5781 Alias,
573 5734 635 5770 ex
660 5720 960 5782 \iguerianis
987 5720 1060 5770 19.

1571 296 1795 355 ΞΕΒΜΟ
1832 294 2090 353 CCXLVI.

3415 322 3548 378 ιιει

1957 413 2079 466 vidit
2099 413 2394 472 linteamina
2422 422 2583 490 posita
2604 467 2616 490 ,
2644 440 2688 479 et
2713 428 2924 484 credidit
2950 447 2967 485 :
2995 434 3215 488 nondum
3241 435 3372 490 enim
3397 454 3549 493 noce-

1956 516 2037 601 :at
2059 507 2352 579 Scripturas
2377 555 2390 580 ,
2422 516 2539 585 quia
2560 524 2823 589 Oportebat
2843 542 2952 578 eum
2984 543 3014 578 a
3044 528 3251 581 mortuis
3270 532 3545 601 resurgere.

1954 595 2043 651 Sic
2084 599 2342 669 audistis,
2376 604 2455 659 sic
2483 607 2673 662 lectum
2704 621 2787 666 est
2815 631 2825 665 :
2873 613 3041 681 Vidit,
3076 627 3120 669 et
3146 618 3358 670 credidit
3377 595 3548 681 (non.

1954 688 2075 742 duri:
2104 692 2235 745 enim
2264 706 2466 748 noverat
2489 696 2801 767 Scripturas.
2831 704 2972 773 Ergo
2994 706 3173 759 debuit
3207 707 3305 760 dici
3338 724 3350 760 :
3384 706 3545 775 Vidit,

1952 789 2005 834 et
2046 796 2151 836 non
2182 785 2440 846 credidit;
2489 790 2723 844 nondum
2770 795 2910 847 cnim
2957 805 3176 850 noverat
3225 796 3541 867 Scriptores.

1953 872 2091 940 Quid
2122 889 2248 946 ergo
2277 887 2381 945 est,
2422 877 2557 934 Vidit
2584 883 2893 951 linteamina,
2918 898 2964 940 et
2989 888 3240 942 credidit?
3264 888 3401 956 Quid
3426 902 3568 944 cre-’

1951 968 2301 1038 didit?Quod
2333 972 2541 1029 dixerat
2590 978 2820 1044 mulier,
2868 976 2912 1031 Τ
2917 980 3117 1034 uterum
3170 980 3441 1035 Dominum
3484 986 3551 1038 de

1949 1074 2289 1119 monumento.
2319 1066 2373 1122 Si
2414 1069 2554 1122 enim
2583 1070 2805 1126 andiSIis
2825 1113 2838 1138 ,
2873 1071 2978 1126 imo
3006 1073 3128 1142 quia
3159 1073 3378 1129 audistis
3398 1115 3412 1139 ,
3442 1074 3544 1130 hoc

1950 1151 2155 1208 dixerat
2182 1155 2268 1210 illa
2302 1157 2491 1211 mulier
2515 1177 2526 1210 :
2555 1158 2795 1213 Tulerunt
2821 1160 3090 1215 Dominum
3111 1164 3174 1216 de
3200 1174 3537 1231 monumento,

1950 1254 1997 1298 et
2025 1247 2188 1299 nescio
2213 1247 2301 1300 ubi
2322 1261 2597 1318 posuerunt
2628 1268 2760 1305 eum.
2794 1252 2905 1306 lloe
2941 1253 3121 1306 audito
3144 1266 3492 1309 cucurrerunt
3521 1274 3535 1309 :

1949 1344 2003 1389 et
2029 1336 2243 1391 intravit
2266 1338 2315 1391 in
2347 1350 2745 1395 monumentum
2769 1383 2783 1407 ,
2812 1343 2943 1397 vidit
2974 1344 3278 1398 linteamina
3301 1386 3315 1409 ,
3344 1353 3398 1400 et
3417 1361 3537 1401 crc-

1948 1425 2078 1481 didit
2105 1428 2243 1497 quod
2275 1428 2481 1484 dixerat
2510 1432 2701 1486 mulier
2726 1473 2738 1494 ,
2763 1432 2996 1486 ablatum
3029 1450 3146 1487 esse
3173 1435 3441 1489 Christum
3470 1435 3536 1490 do

1949 1527 2313 1573 monumento.
2342 1520 2520 1586 Quare
2545 1521 2768 1576 credidit
2813 1523 3045 1577 ablatum
3076 1539 3195 1579 esse
3221 1532 3275 1579 ct
3307 1524 3532 1579 furatum

1947 1608 2213 1664 Christum
2243 1610 2310 1665 de
2342 1612 2724 1667 monumento?
2750 1614 2951 1684 quare?
2982 1614 3224 1669 Nondum
3267 1618 3396 1670 enim
3437 1634 3532 1671 na-

1948 1712 2082 1755 verat
2110 1701 2403 1773 Scripturas
2424 1747 2437 1770 ,
2467 1705 2584 1774 quia
2610 1707 2863 1775 oportebat
2907 1724 3021 1760 eum
3047 1725 3078 1758 a
3116 1709 3325 1762 mortuis
3365 1726 3534 1763 resur-

1946 1810 2078 1864 gere.
2132 1794 2459 1862 Intraverat,
2506 1812 2611 1850 non
2664 1798 2951 1853 invenerat.
3004 1792 3382 1856 llesnrrcxisse
3410 1818 3529 1856 cum

1944 1883 2165 1939 credere
2193 1884 2406 1950 debuit,
2437 1902 2539 1940 non
2569 1887 2796 1941 furatum
2826 1904 2963 1944 esse.

2016 1975 2068 2029 5.
2104 1976 2370 2046 Apparitio
2394 1976 2579 2031 Christi
2606 1976 2945 2049 Magdaleme.
2970 1979 3106 2046 Qttid
3128 1981 3226 2035 sibi
3249 1996 3375 2052 ergo
3395 1983 3530 2037 vult?

1944 2064 2191 2120 Solemus
2218 2067 2366 2123 vobis
2398 2068 2518 2123 inde
2560 2069 2705 2122 omni
2743 2085 2884 2125 anno
2908 2071 3073 2141 loqui.
3104 2072 3209 2126 Sed
3238 2072 3394 2127 lectio
3417 2073 3528 2143 ipsa

1945 2156 2254 2212 Solemniter
2282 2158 2490 2227 legitur,
2517 2169 2566 2213 et
2592 2175 2768 2214 sermo
2791 2161 2903 2229 ipse
2930 2162 3236 2216 solemniler
3254 2162 3524 2217 reddatur.

1944 2248 2122 2315 Quare
2143 2248 2275 2303 dixit
2298 2249 2552 2305 Dominus
2571 2250 2810 2306 Christus
2839 2254 3045 2307 mulieri
3064 2254 3171 2322 jam
3195 2258 3523 2323 agnoseenti.

1945 2337 2124 2391 Primo
2153 2338 2293 2391 enim
2315 2337 2548 2406 dixerat,
2581 2339 2738 2407 Quem
2776 2342 2958 2411 quaeris
2978 2343 3004 2396 ?
3030 2343 3153 2413 quid
3188 2342 3360 2414 ploras
3379 2344 3406 2398 .9
3432 2344 3524 2398 Illa

1942 2436 2118 2482 autem
2148 2430 2364 2497 putabat
2389 2444 2511 2484 cum
2555 2445 2675 2485 csse
2706 2431 3061 2486 hortulanum.
3107 2433 3174 2488 Et
3216 2450 3396 2488 revera
3422 2477 3437 2500 ,
3479 2437 3524 2490 si

1941 2518 2246 2574 consideres
2273 2520 2538 2589 quomodo
2568 2520 2710 2575 olera
2757 2521 2922 2589 ipsius
2966 2522 3134 2577 simus
3158 2565 3171 2585 ,
3216 2524 3525 2578 hortulanus

1940 2620 2022 2667 est
2050 2610 2309 2666 Christus.
2342 2612 2527 2668 Nonne
2555 2621 2636 2668 est
2673 2612 2983 2668 hortulanus
3007 2655 3022 2681 ,
3067 2614 3156 2684 qui
3187 2616 3362 2686 posuit
3404 2632 3525 2685 gra-

1939 2718 2066 2757 num
2095 2704 2296 2774 sinapis
2323 2704 2372 2758 in
2405 2702 2560 2758 horto
2585 2707 2722 2760 suo?
2748 2706 2797 2759 id
2829 2714 2938 2783 est,
2970 2722 3151 2761 semen
3174 2707 3448 2761 minimum
3472 2719 3527 2763 ct

1938 2793 2198 2849 fervidum
2235 2814 2246 2849 :
2277 2805 2329 2850 et
2370 2798 2539 2852 crevit
2580 2807 2633 2851 et
2681 2796 2957 2865 ascendit,
3002 2807 3055 2851 et
3105 2797 3227 2851 fecit
3278 2799 3521 2855 arborem

1940 2891 2136 2937 tantam
2161 2925 2176 2950 ,
2210 2894 2266 2939 ut
2294 2886 2454 2939 etiam
2485 2886 2726 2941 volucres
2751 2887 2871 2941 εωιί
2902 2887 3301 2956 requiescerent
3341 2888 3391 2940 in
3438 2904 3525 2942 ra-

1936 2975 2040 3047 mis
2064 2975 2198 3045 ejus.
2231 2976 2292 3031 Si
2316 2977 2606 3043 habueritis,
2636 2979 2749 3048 ipse
2778 2978 2924 3044 dicit,
2947 2979 3127 3047 ﬁdem,
3158 2979 3284 3032 sicut
3308 2996 3522 3050 granum

1935 3069 2129 3139 sinapis
2159 3067 2372 3140 (Matth.
2419 3089 2561 3137 xvtt,
2608 3073 2719 3143 19).
2752 3073 3012 3127 Modicum
3045 3073 3254 3128 videtur
3300 3088 3520 3144 granum

1937 3158 2137 3230 sinapis
2162 3202 2177 3228 ,
2221 3161 2351 3215 nihil
2397 3164 2847 3233 contemptibilius
2889 3173 3104 3233 aSpectn
3129 3181 3143 3228 ;
3173 3164 3301 3218 nihil
3337 3163 3521 3219 fortius

1938 3259 2117 3320 gustu.
2147 3249 2297 3319 Quod
2326 3252 2451 3322 quid
2477 3263 2561 3308 est
2589 3253 2750 3317 aliud,
2781 3254 2879 3308 nisi
2898 3256 3156 3309 maximus
3176 3254 3334 3309 ardor
3361 3263 3416 3309 et
3445 3256 3522 3308 in-

1938 3340 2064 3394 tima
2095 3342 2174 3396 vis
2217 3342 2336 3398 ﬁdei
2367 3344 2416 3396 in
2462 3343 2741 3400 Ecclesia?
2770 3345 2908 3414 Ergo
2939 3346 3128 3399 merito
3155 3346 3355 3413 putavit
3398 3360 3519 3399 eum

1938 3428 2299 3496 hortulanum;
2322 3440 2375 3487 et
2402 3434 2472 3487 ait
2494 3434 2587 3497 illi,
2618 3432 2850 3499 Domine,
2882 3433 3298 3488 honoriﬁcentia:
3326 3448 3518 3488 causa:

1939 3521 2061 3591 quia
2090 3521 2401 3575 beneﬁcium
2430 3523 2640 3592 petebat
2659 3563 2677 3586 ,
2718 3523 2835 3576 ideo
2878 3522 3158 3576 Dominum
3189 3520 3427 3576 vocabat.
3458 3522 3520 3576 Si

1939 3621 1994 3667 tu
2020 3612 2268 3666 abstulisti
2290 3630 2427 3679 eum,
2458 3614 2652 3683 inquit,
2681 3613 2884 3668 ostende
2902 3614 3025 3666 mihi
3046 3613 3130 3666 ubi
3144 3613 3354 3684 posuisti
3381 3629 3515 3681 eum,

1940 3712 1987 3755 et
2006 3718 2096 3773 ego
2114 3719 2226 3755 eum
2249 3703 2442 3756 tollam.
2468 3703 2623 3771 Quasi
2651 3704 2848 3759 diceret
2874 3722 2886 3759 :
2916 3705 3040 3758 Mihi
3070 3702 3400 3759 necessarius
3415 3712 3515 3770 est,

1940 3793 2033 3849 tibi
2061 3809 2186 3848 non.
2228 3795 2273 3847 0
2313 3794 2503 3849 mulier
2550 3794 2906 3849 necessarium
2940 3793 3030 3849 tibi
3063 3802 3215 3864 putas
3253 3803 3515 3848 mortuum

1939 3886 2207 3942 Christum
2238 3905 2252 3941 :
2283 3887 2456 3942 vivunt
2482 3903 2730 3957 agnosce.
2763 3887 2839 3941 Tu
2870 3898 3133 3941 mortuum
3160 3885 3391 3956 quieris:
3423 3886 3516 3941 sed

1939 3977 2055 4049 ipse
2093 3988 2266 4033 tecum
2292 3978 2444 4031 vivus
2463 3977 2711 4047 loquitur.
2733 3974 2872 4031 Nihil
2902 3985 3077 4031 autem
3099 3976 3249 4031 nobis
3279 3984 3519 4031 mortuus

1938 4068 2233 4138 prodesset,
2263 4068 2363 4122 nisi
2392 4084 2419 4121 a
2439 4068 2660 4122 mortuis
2683 4067 3081 4122 resurrexissct.
3108 4065 3171 4120 Et
3190 4067 3278 4136 qui
3309 4080 3514 4136 qurere-

1938 4158 2092 4213 hatur
2131 4167 2369 4214 mortuus
2387 4199 2400 4225 ,
2428 4158 2607 4213 vivum
2636 4172 2693 4213 se
2716 4156 2968 4212 ostendit.
2998 4138 3273 4225 Quomodo
3302 4156 3516 4211 vivum?

1936 4250 2157 4319 Proprie
2198 4250 2410 4303 nomine
2440 4250 2607 4319 ipsam
2654 4247 2938 4318 appellavit
2969 4265 2983 4300 :
3015 4245 3203 4301 Maria.
3237 4245 3306 4301 Et
3341 4246 3515 4301 conti-

1935 4356 2041 4395 nuo
2066 4341 2154 4395 illa
2181 4340 2394 4396 nomine
2419 4354 2516 4394 suo
2544 4339 2752 4404 audito,
2786 4339 3041 4403 Rabbani,
3068 4336 3359 4408 respondit.
3392 4335 3518 4392 [lor-

1935 4432 2147 4486 tulanus
2185 4430 2327 4485 enim
2358 4430 2524 4501 potuit
2561 4429 2740 4485 dicere
2762 4471 2777 4495 ,
2826 4428 2981 4495 Quem
3006 4427 3230 4497 quieris?
3255 4426 3380 4499 quid
3406 4426 3518 4497 plo-

1933 4523 2059 4577 ras?
2080 4521 2251 4574 Maria
2275 4562 2290 4588 ,
2318 4536 2422 4575 non
2454 4527 2635 4591 posset
2661 4519 2838 4574 dicere
2860 4517 2958 4573 nisi
2989 4518 3262 4573 Dominus.
3290 4516 3516 4573 Nomine

1936 4614 2050 4684 ipse
2079 4612 2383 4683 appellavit,
2415 4613 2503 4682 qui
2533 4612 2598 4666 ad
2622 4627 2840 4682 regnum
2865 4611 3123 4666 cmlorum
3152 4610 3376 4665 vocavit.
3406 4608 3515 4663 lloc

1937 4720 2128 4759 nomen
2150 4704 2318 4770 dixit,
2351 4703 2491 4774 quod
2520 4702 2571 4757 in
2608 4702 2742 4758 libro
2768 4717 2865 4757 suo
2894 4702 3007 4772 ipse
3035 4702 3361 4771 scripserat,
3392 4698 3513 4752 .lla-

1933 4794 2030 4847 ria.
2064 4794 2130 4848 Et
2161 4793 2248 4848 illa
2271 4835 2287 4859 ,
2328 4792 2558 4847 Rabboni
2587 4807 2607 4845 :
2634 4791 2773 4861 quod
2809 4798 2893 4846 est
2916 4791 3185 4859 magister.
3217 4788 3389 4858 Ipsum
3420 4802 3511 4840 co-

1934 4892 2207 4955 gnoverat,
2235 4900 2265 4938 a
2301 4899 2406 4952 quo
2433 4892 2490 4937 ut
2518 4889 2929 4951 cognosceretur
2949 4879 3341 4933 illuminabatur
3368 4895 3382 4930 :
3401 4876 3511 4944 jam

1933 4977 2022 5047 qui
2072 4976 2217 5047 prius
2261 4973 2576 5028 hortulanus
2601 4971 2884 5041 putabatur
2903 5011 2916 5034 ,
2947 4969 3189 5024 Christus
3212 4966 3505 5022 videbatur.

1936 5068 2002 5123 Et
2030 5052 2282 5123 deinus
2308 5065 2374 5119 ad
2394 5065 2535 5118 illam
2560 5104 2577 5129 ,
2608 5060 2735 5117 Noli
2759 5076 2838 5118 me
2863 5071 3064 5131 tangere
3081 5098 3100 5124 ,
3131 5057 3355 5113 nondum
3380 5058 3513 5111 enim

1934 5160 2137 5217 arcendi
2155 5159 2223 5212 ad
2248 5158 2452 5212 Patrem
2473 5172 2659 5211 meum.

2003 5254 2058 5308 4.
2090 5251 2349 5318 Quomodo
2379 5247 2706 5319 intelligenda
2735 5245 2884 5301 verba
2920 5242 3106 5301 Christi
3152 5242 3221 5298 ad
3251 5242 3515 5317 Magdale-

1935 5363 2073 5401 nam.
2105 5344 2333 5414 Tangere
2357 5342 2474 5411 ﬁde.
2507 5340 2641 5409 Quid
2669 5340 2767 5395 sibi
2798 5339 2899 5394 hoc
2931 5338 3083 5406 vult,
3124 5335 3251 5405 Noli
3285 5351 3365 5389 me
3404 5346 3516 5388 tan-

1935 5454 2086 5509 gere;
2110 5436 2332 5490 nondum
2357 5434 2488 5488 enim
2512 5432 2716 5487 escendi
2737 5432 2803 5485 ad
2829 5429 3034 5483 Patrem
3070 5427 3274 5482 meum?
3309 5425 3366 5482 Si
3409 5441 3512 5479 non

1937 5529 2083 5584 illum
2112 5536 2317 5598 poterat
2345 5535 2559 5595 tangere
2598 5524 2648 5577 in
2680 5534 2815 5577 terra
2854 5530 3081 5591 salutem
3106 5561 3120 5586 ,
3149 5525 3356 5588 poterat
3396 5524 3514 5569 tan-

1936 5635 2063 5689 gore
2092 5619 2143 5673 in
2165 5618 2302 5672 cu-Io
2333 5614 2641 5670 sedentem?
2661 5613 2932 5683 Tanquam
2958 5611 3156 5666 diceret
3190 5626 3203 5662 :
3233 5607 3389 5663 Modo
3409 5607 3516 5661 noli

1938 5727 2021 5767 me
2054 5717 2303 5778 tangere,
2336 5718 2457 5763 tunc
2498 5722 2581 5762 mc
2625 5715 2807 5776 tanges
2833 5719 2952 5760 cum
2989 5701 3276 5759 ascendere
3304 5695 3371 5755 ad
3414 5696 3519 5753 Pa-
