3926 6188
441 293 576 351 1155

437 421 589 467 trem.
620 410 836 466 Recolat
883 406 1125 462 Charitas
1150 414 1320 461 vestra
1354 407 1653 461 hesternam
1697 405 1973 459 lectionem
1995 446 2012 471 ,

434 502 647 573 quando
669 501 911 570 apparuit
937 499 1208 569 discipulis
1240 497 1512 562 Dominus,
1545 504 1594 551 et
1619 504 1934 565 putaverunt
1955 508 2014 548 se

434 593 677 662 spiritum
722 590 902 645 videre
935 606 947 642 :
981 589 1071 644 ille
1112 598 1286 643 autem
1315 588 1498 642 volens
1541 587 1618 641 eis
1648 586 1785 639 hunc
1828 584 2014 639 tollere

433 696 710 748 errorem,
759 682 981 752 pra‘buit
1018 696 1076 735 se
1126 679 1466 750 tangeudum.
1512 678 1648 745 Quid
1691 678 1859 732 dixit?
1889 677 2013 731 lleri

432 772 624 828 lectum
651 781 733 826 est
764 789 777 824 :
812 771 933 825 inde
959 770 1144 826 Sermo
1187 769 1305 824 fuit.
1354 768 1486 833 Quid
1528 769 1711 822 turbati
1751 769 1900 834 estis,
1933 769 2014 822 in-

429 861 579 931 quit,
621 869 666 913 et
693 861 1015 931 cogitationes
1042 862 1315 912 ascendunt
1340 860 1391 911 iu
1431 874 1518 911 cor
1544 858 1801 912 vestrum?
1842 856 2012 911 Videte

430 968 609 1007 manus
649 968 783 1005 meas
821 961 867 1004 et
914 951 1062 1021 pedes
1104 966 1239 1004 meos
1276 965 1295 1003 :
1324 950 1526 1019 palpate
1568 958 1613 1001 et
1656 948 1815 1002 videte
1856 947 2007 1017 (Luc.

429 1057 557 1097 xxrv
583 1085 597 1109 ,
629 1041 838 1112 37-59).
867 1040 1129 1110 Numquid
1160 1041 1268 1109 jam
1301 1039 1611 1094 ascenderat
1649 1037 1715 1092 ad
1756 1038 1963 1091 Patrem
1989 1078 2004 1104 ,

425 1135 639 1204 quando
665 1133 892 1201 dicebat,
928 1133 1139 1203 Palpate
1168 1142 1213 1185 et
1238 1131 1434 1185 videte?
1466 1130 1671 1184 Praebet
1699 1144 1756 1184 se
1785 1139 2006 1198 tangen-

427 1223 552 1277 dum
581 1223 853 1291 discipulis
882 1223 1011 1286 suis,
1047 1238 1148 1274 non
1182 1219 1522 1290 langendum,
1547 1217 1637 1271 sed
1666 1216 2002 1287 palpaudum,

428 1322 482 1366 ut
506 1312 635 1367 ﬁdes
663 1312 750 1365 ﬁat
780 1327 921 1367 vera:
948 1313 1141 1374 carnis,
1170 1311 1277 1363 veri
1310 1308 1547 1378 corporis
1569 1348 1582 1370 ,
1616 1316 1672 1360 ut
1695 1306 2007 1361 exhibentur

425 1404 584 1458 etiam
629 1402 851 1457 tactibus
899 1403 1142 1455 immanis
1190 1400 1426 1455 soliditas
1472 1398 1706 1451 veritatis
1749 1415 1760 1451 :
1804 1396 2006 1466 przebet

425 1508 552 1563 ergo
577 1508 635 1547 se
661 1492 976 1562 palpandum
1000 1491 1242 1545 manibus
1268 1490 1643 1558 discipulorum
1670 1504 1684 1552 ;
1717 1498 1769 1541 et
1797 1487 2002 1541 tnldlori

422 1585 585 1651 dicit,
617 1584 742 1638 Noli
779 1602 856 1638 me
893 1594 1094 1654 tangere
1115 1625 1129 1648 ,
1163 1582 1382 1635 nondum
1421 1581 1549 1634 enim
1574 1579 1776 1632 ascendi
1800 1578 1867 1631 ad
1899 1576 2006 1631 Pa-

423 1687 547 1730 trem
576 1694 758 1730 meum.
787 1676 921 1744 Quid
952 1675 1051 1729 sibi
1082 1674 1232 1727 vult?
1260 1672 1368 1726 Viri
1399 1686 1502 1725 non
1553 1677 1837 1740 potuerunt
1880 1683 1999 1722 eum

423 1777 637 1840 tangere
666 1770 764 1822 nisi
792 1770 841 1823 in
885 1778 1043 1833 terra,
1074 1765 1322 1819 mulieres
1348 1778 1469 1817 eum
1504 1761 1765 1815 habebant
1787 1768 2001 1829 tangere

423 1861 474 1915 in
502 1861 677 1916 caelo?
704 1860 838 1927 Quid
885 1867 969 1913 est
1008 1874 1133 1928 ergo
1162 1846 1376 1927 tangere
1398 1897 1411 1919 ,
1443 1854 1543 1908 nisi
1583 1854 1844 1908 credere?
1872 1852 2001 1906 Fide

421 1952 562 2005 enim
604 1951 865 2020 tangimus
894 1949 1155 2002 Christum
1193 1957 1287 2001 :et
1328 1947 1516 2000 melius
1562 1954 1641 2000 est
1690 1960 1847 1998 manu
1894 1957 1996 2013 non

420 2051 655 2112 tangere,
679 2050 732 2096 et
764 2040 863 2095 ﬁde
895 2033 1108 2109 tangere
1129 2081 1142 2105 ,
1167 2053 1322 2108 quam
1350 2052 1506 2090 manu
1537 2036 1749 2105 palpare
1769 2076 1783 2101 ,
1813 2042 1868 2089 et
1893 2034 1997 2088 ﬁde

420 2150 524 2188 non
571 2142 803 2202 tangere.
849 2131 961 2185 Non
990 2146 1235 2201 magnum
1264 2128 1363 2182 fuit
1387 2144 1544 2181 mauu
1585 2127 1850 2181 Christum
1880 2134 1995 2180 tau-

415 2239 560 2294 gere.
588 2223 754 2277 Judaai
787 2218 1296 2291 tetigeruntquando
1322 2217 1839 2287 comprehenderunt
1860 2256 1875 2281 ,
1911 2226 1995 2270 te-

418 2314 649 2383 tigerunt
685 2302 894 2382 quando
944 2312 1274 2381 ligaverunt,
1325 2310 1607 2378 tetigerunt
1649 2308 1861 2378 quando
1901 2323 1993 2361 su-

415 2403 740 2473 Spenderuut
768 2421 781 2457 :
811 2404 1113 2471 tetigerunt,
1136 2410 1190 2455 et
1215 2400 1353 2454 male
1381 2399 1641 2470 tangendo
1662 2442 1675 2465 ,
1700 2399 1838 2469 quod
1869 2400 1991 2455 teti-

412 2505 621 2566 gerunt,
648 2494 1010 2565 perdiderunt.
1034 2493 1319 2563 Tangendo
1341 2493 1463 2560 ﬁde,
1489 2508 1521 2546 ο
1553 2492 1787 2548 Ecclesia
1808 2493 1993 2548 catho-

414 2586 544 2651 lica,
577 2585 708 2639 ﬁdes
734 2594 784 2639 te
824 2585 1020 2638 salvam
1051 2584 1191 2639 facit.
1217 2584 1295 2638 ’l‘u
1324 2591 1523 2638 tantum
1564 2583 1666 2638 ﬁde
1705 2592 1890 2654 tange,
1938 2583 1989 2638 id

411 2686 526 2743 est,
560 2677 786 2731 lideliter
832 2675 1023 2731 accede
1069 2684 1119 2730 et
1172 2675 1393 2729 ﬁrmiter
1417 2674 1592 2729 crede.
1640 2674 1694 2729 Si
1723 2674 1986 2729 Christum

413 2766 776 2820 tantummodo
803 2765 1067 2819 hominem
1097 2765 1381 2834 putaveris,
1414 2765 1466 2818 in
1498 2773 1635 2818 terra
1665 2765 1897 2834 tetigisti.
1931 2764 1987 2820 Si

409 2855 677 2909 Christum
705 2855 871 2908 Deum
900 2855 1191 2909 credideris
1217 2856 1471 2924 :equalem
1511 2855 1650 2909 Patri
1674 2896 1688 2919 ,
1722 2863 1844 2910 tunc
1870 2854 1986 2909 teti-

407 2944 527 3013 gisti
558 2944 767 3013 quando
795 2944 1032 2999 ascendit
1057 2945 1122 2998 ad
1166 2944 1393 2999 Patrem.
1436 2945 1574 3015 Ergo
1613 2945 1854 2999 ascendit
1891 2960 1988 2999 no-

408 3037 489 3090 bis
510 3079 523 3101 ,
555 3035 767 3105 quando
802 3036 945 3095 illum
975 3046 1118 3090 recte
1147 3036 1505 3106 intelligimus.
1534 3035 1711 3090 Semel
1742 3044 1866 3089 tunc
1896 3035 1984 3090 illo

409 3129 459 3181 in
492 3137 726 3195 tempore
755 3126 1028 3191 ascendit,
1058 3126 1149 3180 sed
1172 3126 1330 3179 modo
1367 3125 1599 3195 quotidie
1636 3124 1895 3180 ascendit.
1939 3124 1983 3180 Ο

405 3234 560 3288 quam
593 3218 771 3270 multis
801 3217 1024 3271 necdum
1054 3217 1322 3280 ascendit,
1354 3225 1407 3270 et
1425 3232 1581 3285 quam
1614 3216 1792 3269 multis
1811 3214 1983 3271 adhuc

407 3310 461 3364 in
488 3319 623 3364 terra
645 3309 810 3379 jacet?
826 3310 991 3374 Quam
1011 3309 1158 3362 multi
1183 3306 1361 3363 dicunt
1390 3325 1403 3359 :
1431 3308 1601 3362 liomo
1623 3307 1718 3361 fuit
1737 3308 1982 3377 magnus?

403 3404 570 3470 Quam
612 3402 761 3456 multi
788 3402 969 3455 dicunt
997 3420 1008 3454 :
1043 3401 1303 3469 Propheta
1337 3399 1474 3454 fuit?
1501 3400 1667 3467 Quam
1700 3399 1849 3454 multi
1883 3416 1980 3453 an-

404 3493 627 3548 tichristi
649 3496 984 3557 exstiterunt,
1010 3493 1097 3563 qui
1124 3492 1380 3558 dicerent,
1403 3500 1461 3546 ut
1480 3491 1737 3545 Photinus
1762 3509 1776 3545 :
1812 3491 1980 3546 Homo

403 3583 534 3649 fuit,
577 3583 692 3654 plus
737 3583 865 3637 nihil
898 3583 1115 3645 habuit;
1163 3582 1256 3637 sed
1284 3597 1472 3636 omnes
1501 3581 1743 3637 homines
1779 3582 1893 3651 pios
1927 3590 1981 3635 et

402 3683 612 3729 sanctos
649 3674 958 3728 excellentia
1003 3673 1274 3740 sapientia:
1316 3680 1370 3726 et
1407 3672 1623 3740 justitia:
1652 3672 1919 3740 superavit
1961 3688 1976 3725 :

402 3781 521 3818 nam
550 3765 688 3819 Deus
714 3780 818 3818 non
848 3762 962 3817 fuit.
986 3762 1029 3817 Ο
1057 3763 1298 3826 Photiuc,
1327 3761 1377 3815 in
1401 3771 1539 3816 terra
1568 3760 1800 3829 tetigisti,
1830 3760 1978 3815 l'esti-

401 3855 535 3908 uasti
564 3863 798 3925 tangere,
830 3852 1166 3923 prmeipitasti
1191 3860 1241 3906 te
1271 3869 1284 3905 :
1313 3862 1367 3906 et
1396 3850 1516 3906 ideo
1540 3850 1605 3905 ad
1627 3851 1848 3921 patriam
1871 3866 1978 3906 non

400 3946 725 4016 pervenisti,
756 3945 876 4015 quia
905 3945 956 3998 in
983 3944 1064 3998 via
1097 3941 1284 3998 errasti
1317 3943 1355 3995 ί.

468 4038 520 4091 5.
552 4036 656 4091 Cur
680 4035 903 4090 Christus
928 4034 1158 4087 distincte
1183 4033 1334 4095 dicit,
1370 4031 1574 4085 Patrem
1615 4048 1778 4086 meum
1809 4040 1851 4085 et
1880 4049 1973 4101 pa-

400 4139 522 4183 trem
568 4138 813 4192 vestrum,
861 4135 964 4179 etc.
999 4124 1198 4179 Deinde
1246 4123 1406 4177 verba
1462 4122 1627 4191 ipsius
1677 4122 1970 4176 audiamus.

396 4219 625 4274 Asceudo
664 4217 733 4271 ad
773 4215 980 4269 Patrem
1018 4231 1180 4269 meum
1209 4222 1252 4267 et
1294 4212 1498 4266 Patrem
1525 4221 1778 4275 vestrum,
1811 4209 1974 4264 Deum

398 4327 559 4364 meum
586 4320 632 4363 et
664 4307 823 4361 Deum
853 4317 1088 4361 vesti-mu.
1130 4305 1305 4371 Quare
1347 4320 1448 4358 non
1471 4344 1485 4370 ,
1518 4302 1596 4356 Ad
1630 4302 1837 4356 Patrem
1879 4316 1973 4363 uo-

395 4409 563 4454 strum
603 4407 658 4453 et
702 4398 866 4451 Deum
898 4406 1173 4458 nostrum;
1203 4394 1296 4448 sed
1321 4409 1440 4449 cmn
1467 4393 1807 4447 distinctione
1826 4433 1840 4458 ,
1870 4390 1973 4444 Pa-

393 4498 516 4542 trem
547 4504 707 4542 meuut
735 4498 782 4541 et
825 4486 1029 4539 Patrem
1070 4495 1283 4539 vestrum
1310 4486 1335 4538 ?
1366 4483 1569 4538 Patrem
1609 4502 1773 4538 meum
1797 4526 1811 4551 ,
1850 4484 1968 4554 quia

393 4579 579 4632 unicus
609 4592 723 4631 sum
768 4594 781 4628 :
819 4575 1023 4628 Patrem
1070 4582 1316 4639 vestrum,
1359 4576 1558 4643 gratia,
1609 4591 1713 4629 non
1759 4583 1966 4633 natura.

395 4672 602 4727 Patrem
624 4684 788 4723 meum
816 4668 935 4738 quia
984 4667 1082 4721 hoc
1108 4681 1321 4735 semper
1346 4666 1418 4719 l'ui
1451 4684 1462 4719 :
1499 4667 1704 4722 Patrem
1731 4679 1964 4738 vestrum,

388 4763 510 4834 quia
557 4776 656 4831 ego
697 4775 792 4814 vos
834 4757 990 4828 elegi.
1040 4756 1201 4810 Deum
1244 4772 1404 4809 meum
1435 4766 1481 4809 et
1532 4756 1689 4810 Deum
1732 4766 1964 4815 vestium.

391 4854 541 4911 Unde
590 4853 726 4908 Deus
770 4850 964 4907 Christi
1010 4848 1392 4903 Pater?Pater
1433 4848 1567 4918 ejus,
1618 4849 1739 4919 quia
1784 4852 1967 4920 genuit

385 4961 528 5001 eum.
557 4943 707 5000 Unde
746 4943 883 4996 Deus
915 4939 1064 5010 ejus?
1090 4938 1219 5007 Quia
1264 4947 1319 4995 et
1355 4938 1570 4993 creavit.
1615 4938 1806 4994 Genuit
1842 4938 1963 4996 cum

391 5036 622 5091 Verbum
671 5034 1034 5104 unigenitum;
1066 5032 1265 5085 creavit
1292 5042 1413 5085 eum
1453 5045 1519 5085 ex
1556 5031 1760 5086 semine
1802 5032 1964 5087 David

388 5126 678 5183 secundum
715 5140 949 5180 carnem.
988 5123 1123 5194 Ergo
1152 5132 1205 5178 et
1257 5123 1413 5178 Pater
1442 5123 1675 5190 Christi,
1726 5135 1779 5179 et
1826 5125 1963 5181 Deus

386 5216 582 5273 Christi
614 5234 625 5268 :
656 5216 812 5270 Pater
850 5213 1046 5267 Christi
1073 5255 1086 5279 ,
1115 5213 1402 5267 secundum
1430 5213 1792 5279 divinitatem;
1824 5216 1962 5271 Deus

386 5307 623 5385 Christi,
677 5305 967 5361 secundum
1021 5305 1399 5359 inﬁrmitatem.
1452 5307 1587 5361 Audi
1635 5308 1774 5362 unde
1823 5309 1961 5366 Deus

385 5397 618 5463 Christi,
674 5397 937 5452 Psalmum
987 5396 1372 5466 interrogemus
1410 5414 1423 5450 :
1461 5396 1539 5452 De
1578 5410 1746 5454 ventre
1787 5403 1961 5455 matris

388 5482 543 5558 urere,
587 5489 787 5560 inquit,
831 5488 968 5541 Deus
993 5504 1131 5542 meus
1160 5505 1209 5542 es
1234 5498 1286 5542 tu
1316 5487 1483 5562 (Psal.
1511 5506 1600 5546 xxi
1626 5532 1640 5557 ,
1689 5490 1794 5564 ll).
1824 5494 1960 5549 Ante

449 5623 822 5693 tritu-iacemus“
839 5586 1261 5693 Messiamque}:
1300 5621 1646 5693 praecipitasti;
1679 5626 1748 5678 ad
1796 5628 1961 5681 verita-

384 5689 626 5735 terarum
648 5684 847 5746 aqualis
870 5696 960 5733 non
976 5684 1247 5746 pervenisti.
1271 5684 1634 5749 Iieiade'verba,
1655 5697 1747 5740 etc.

1675 290 1712 347 S
1773 288 2126 346 AUGUSTINI
2167 291 2464 349 EPISCOPI

3568 306 3707 363 “58

2122 390 2358 462 ventrem
2400 406 2586 464 matris
2611 408 2744 465 mea:
2785 410 2945 466 Pater
2982 427 3166 482 meus,
3194 413 3262 472 de
3305 428 3491 474 ventre
3518 422 3704 475 aratris

2120 510 2253 550 mea:
2283 497 2419 551 Deus
2448 513 2616 553 meus.
2645 499 2820 567 Quare
2854 517 2981 572 ergo
3004 510 3061 559 et
3099 504 3168 558 ibi
3198 504 3467 563 distinctio
3490 550 3510 574 ,
3536 519 3661 579 puta
3685 552 3700 573 .

2124 585 2329 641 Patrem
2366 606 2532 644 meum
2559 602 2605 644 et
2628 589 2835 646 Patrem
2860 604 3075 649 vestrum
3091 596 3117 650 ?
3145 597 3241 652 Est
3264 597 3557 667 distinctio,
3578 604 3699 670 quia

2117 676 2272 731 aliter
2300 677 2454 733 Pater
2480 680 2735 750 unigeniti
2767 682 2924 746 Filii,
2951 670 3106 738 aiitcr
3128 685 3285 741 Pater
3305 698 3487 743 uoster
3513 708 3527 742 :
3560 692 3701 744 illius

2118 764 2275 820 Pater
2302 783 2396 836 per
2423 780 2664 824 naturam
2690 811 2705 836 ,
2746 781 2926 826 noster
2952 787 3047 842 per
3074 775 3317 845 gratiam.
3358 777 3546 833 Debuit
3574 796 3700 848 ergo

2114 853 2313 919 dicere,
2345 858 2414 910 ad
2440 857 2646 912 Patrem
2667 878 2828 915 meum
2855 872 2900 917 et
2928 862 3135 918 Patrem
3164 877 3407 936 vestrum,
3428 880 3503 936 et,
3534 845 3716 926 Deum.

2115 955 2377 1001 nostrum.
2406 948 2538 1014 Quia
2573 951 2708 1006 Deus
2736 963 2995 1008 creatura:
3019 997 3034 1018 ,
3063 956 3107 1008 si
3137 957 3207 1010 sit
3254 958 3392 1013 Deus
3415 1000 3433 1021 ,
3478 970 3533 1014 et
3580 961 3695 1015 ideo

2113 1032 2344 1102 Christi,
2373 1036 2494 1106 quia
2523 1046 2576 1092 et
2615 1050 2859 1095 creatura
2900 1040 3144 1097 Christus
3187 1045 3477 1101 secundum
3524 1048 3695 1103 homi-

2113 1138 2235 1178 nem
2270 1143 2282 1177 :
2318 1126 2471 1180 Pater
2498 1126 2693 1182 Christi
2719 1129 2993 1199 distincte,
3024 1149 3146 1202 quia
3174 1145 3385 1190 creator
3409 1138 3692 1205 Christus;

2114 1213 2251 1269 Deus
2277 1212 2472 1270 Christi
2498 1259 2513 1282 ,
2541 1234 2705 1289 quare
2725 1222 2970 1277 distincte
2993 1264 3008 1289 ,
3040 1239 3160 1278 cum
3189 1229 3481 1281 secundum
3515 1230 3691 1284 hund-

2112 1317 2231 1358 nem
2277 1317 2519 1361 creatura
2546 1308 2788 1363 Christus
2810 1354 2826 1378 ,
2858 1323 3097 1367 creatura
3124 1323 3179 1368 et
3220 1317 3357 1370 nos?
3384 1318 3686 1375 Secundum

2112 1392 2378 1448 hominem
2406 1395 2646 1452 Christus
2693 1399 2870 1470 utique
2901 1416 3087 1458 servus
3109 1443 3124 1469 ,
3159 1407 3376 1474 formam
3399 1410 3529 1462 servi
3552 1412 3686 1464 acci-

2107 1484 2280 1574 piens,
2306 1486 2453 1553 juxta
2500 1488 2812 1557 Apostolum
2840 1490 3098 1561 (Philipp.
3130 1510 3164 1547 ιι
3189 1534 3204 1559 ,
3253 1497 3328 1565 7).
3360 1498 3534 1564 Quare
3563 1517 3688 1574 ergo

2107 1573 2269 1627 Deum
2299 1593 2461 1629 nteant
2487 1588 2532 1631 et
2567 1577 2725 1632 Deum
2752 1591 2964 1635 vestrum
2993 1583 3059 1637 ibi
3104 1583 3389 1641 diStincte?
3430 1573 3688 1647 Distincte

2105 1667 2282 1735 plane.
2329 1668 2434 1722 Nos
2462 1670 2602 1724 enim
2629 1686 2814 1726 onmes
2843 1673 2981 1729 Deus
3007 1685 3187 1730 noster
3217 1692 3311 1746 per
3342 1683 3683 1750 propaginem

2107 1759 2304 1826 peccati
2347 1759 2588 1814 formavit
2623 1780 2635 1815 :
2664 1762 2750 1817 ille
2774 1772 2827 1817 et
2873 1763 3031 1818 homo
3068 1766 3222 1820 aliter
3265 1766 3434 1823 factus
3463 1782 3563 1825 est.
3595 1772 3684 1828 llle

2103 1846 2170 1902 de
2199 1848 2400 1920 virgine
2440 1861 2594 1906 natus
2634 1862 2715 1907 est
2746 1855 2760 1884 ί
2797 1872 2809 1907 :
2841 1854 2987 1908 illum
3030 1857 3222 1912 mulier
3266 1874 3370 1913 non
3400 1865 3680 1931 concupis-

2102 1939 2270 1993 cendo
2290 1979 2304 2005 ,
2342 1941 2435 1996 sed
2464 1942 2730 1997 credendo
2758 1946 3017 2013 concepit.
3050 1946 3142 2001 Ille
3173 1950 3514 2019 propaginem
3558 1969 3678 2021 pec-

2101 2029 2201 2083 eati
2246 2044 2309 2084 ex
2340 2031 2506 2085 Adam
2553 2049 2655 2087 nou
2689 2036 2863 2089 traxit.
2892 2036 3000 2090 Nos
3040 2053 3227 2093 omnes
3272 2057 3366 2109 per
3406 2053 3674 2111 peceatum

2101 2121 2207 2174 nati
2236 2135 2418 2176 sumus
2445 2141 2456 2176 :
2489 2124 2576 2179 ille
2605 2126 2719 2178 sine
2746 2138 2961 2195 peccato
2992 2138 3147 2184 natus
3172 2140 3291 2194 est,
3331 2135 3421 2202 qui
3466 2151 3671 2204 peccata

2098 2211 2388 2265 muudavit.
2421 2214 2556 2284 Ergo
2585 2225 2636 2270 et
2658 2218 2725 2270 ibi
2748 2218 3036 2284 distinctio,
3062 2220 3218 2274 Deum
3251 2240 3413 2280 meum
3439 2236 3490 2278 et
3518 2226 3669 2281 Deum

2097 2310 2330 2355 vestrum.
2362 2303 2439 2357 Ex
2478 2307 2682 2361 semine
2716 2311 2856 2363 cn'm
2878 2312 3040 2364 creati
3067 2316 3196 2366 estis
3219 2355 3232 2376 ,
3264 2328 3327 2368 ex
3362 2320 3597 2371 masculo
3620 2331 3667 2374 et

2098 2390 2310 2458 femina,
2339 2409 2401 2448 ex
2433 2398 2856 2465 concupiscentia
2887 2401 3061 2454 carnis
3090 2404 3307 2457 venistis
3332 2420 3451 2458 eum
3485 2423 3666 2476 propa-

2094 2482 2215 2552 gine
2268 2488 2504 2552 peccati,
2550 2488 2966 2559 quibuscumque
2994 2491 3263 2563 Scriptum
3315 2496 3443 2549 dicit
3488 2515 3501 2549 :
3550 2498 3664 2560 Quis

2093 2573 2309 2626 mundus
2335 2574 2386 2627 in
2411 2587 2675 2645 conspectu
2701 2587 2784 2631 tuo
2801 2578 2827 2630 ?
2859 2580 2965 2633 Nec
2989 2581 3158 2649 infans
3179 2623 3193 2647 ,
3232 2586 3378 2652 cujus
3402 2587 3548 2638 unius
3570 2587 3661 2640 diei

2091 2670 2283 2717 estvita
2309 2682 2459 2736 super
2482 2676 2665 2721 terram
2698 2668 2834 2741 (Job.
2861 2686 2967 2736 xtv,
3000 2672 3052 2737 4,
3076 2689 3177 2726 sec.
3213 2674 3403 2746 LXX).
3438 2676 3659 2747 Denique

2089 2768 2213 2809 cum
2255 2754 2539 2813 infantibus
2583 2761 2845 2826 curritur,
2876 2769 2934 2815 ut
2975 2763 3215 2818 solvatur
3262 2766 3367 2820 illis
3394 2768 3528 2836 quod
3561 2784 3654 2822 non

2088 2846 2316 2902 vivendo
2355 2848 2702 2915 addiderunt,
2733 2852 2827 2906 sed
2876 2853 3019 2921 quod
3065 2856 3332 2910 nascendo
3378 2866 3651 2914 traxerunt.

2088 2934 2204 2989 Non
2256 2937 2334 2991 sic
2375 2935 2635 2993 Christus.
2687 2939 2850 2992 Deum
2896 2958 3061 2995 meum
3105 2952 3152 2996 et
3200 2943 3361 2998 Deum
3409 2959 3610 3001 vestrum
3635 2968 3652 3002 :

2093 3024 2254 3079 Deum
2296 3043 2460 3081 meum
2483 3069 2498 3094 ,
2547 3037 2758 3098 propter
2791 3030 3194 3087 similitudinem
3223 3036 3400 3090 carnis
3431 3040 3649 3106 peccati;

2088 3117 2250 3173 Deum
2278 3129 2510 3184 vestrum,
2544 3132 2759 3190 propter
2783 3137 2996 3177 carnem
3021 3126 3243 3193 pecrati.

2157 3210 2210 3266 6.
2239 3209 2523 3265 Conclusio.
2550 3211 2832 3289 [lucusque
2850 3213 2918 3269 de
2946 3215 3171 3271 lectione
3197 3220 3515 3290 evangelica,
3543 3237 3649 3289 qua:

2084 3303 2313 3372 pertinet
2350 3304 2415 3358 ad
2464 3306 2907 3360 resurrectionem
2954 3307 3197 3374 Domini,
3250 3326 3408 3379 quam
3455 3314 3647 3383 scripsit

2082 3393 2313 3448 Joannes
2359 3395 2678 3464 evangelista
2703 3438 2718 3463 ,
2763 3411 3063 3452 sermonem
3111 3397 3302 3455 fecisse
3350 3404 3640 3458 sutTecerit:

2084 3492 2361 3554 propterea
2394 3484 2514 3554 quia
2562 3486 2797 3555 legenda)
2844 3497 3000 3542 erunt
3041 3488 3158 3543 alia:
3207 3490 3460 3548 lectiones
3496 3494 3643 3562 ipsius

2083 3575 2354 3645 Evangelii
2414 3575 2632 3632 Joannis
2688 3577 2755 3632 de
2813 3579 2924 3646 ipsa
2988 3583 3381 3638 resurrectione
3430 3584 3638 3638 Domini.

2081 3667 2248 3722 Nemo
2284 3668 2425 3723 enim
2456 3669 2523 3724 de
2563 3672 2951 3727 resurrectione
2979 3676 3096 3740 ejus
3123 3676 3392 3745 copiosius
3430 3679 3635 3733 narravit

2080 3773 2237 3828 quam
2269 3770 2482 3814 sanctus
2504 3759 2754 3829 Joannes,
2786 3763 2852 3816 ita
2877 3773 2935 3818 ut
2957 3780 3062 3819 uno
3086 3766 3173 3821 die
3199 3768 3298 3839 legi
3325 3784 3424 3824 non
3448 3772 3629 3840 possit:

2080 3848 2173 3903 sed
2202 3849 2390 3918 legitur
2416 3859 2471 3904 et
2499 3850 2623 3917 alio,
2650 3852 2840 3922 legitur
2866 3862 2919 3908 et
2946 3857 3121 3923 tertio,
3146 3873 3420 3930 quousque
3445 3861 3635 3915 ﬁniatur

2079 3938 2331 4008 quidquid
2360 3948 2415 3996 et
2441 3938 2674 3996 Joannes
2699 3952 2913 3999 sanctus
2942 3944 3010 4000 de
3039 3946 3246 4002 Domini
3273 3951 3630 4006 resurrectione

2079 4026 2310 4097 scripsit.

2542 4142 2777 4199 senae
2815 4145 3085 4202 CCXLVI!
3112 4148 3207 4220 (a).

2492 4259 2542 4302 la
2564 4253 2741 4306 diebus
2762 4256 3076 4319 Paschalibus,
3100 4272 3231 4309 xvm.

2147 4355 2227 4411 De
2250 4355 2353 4410 alia
2380 4357 2589 4411 lectione
2608 4357 2871 4431 Evangelii
2888 4360 3123 4431 Joannis,
3146 4380 3262 4434 cap.
3287 4381 3378 4433 xx,
3407 4367 3564 4423 19-31.

2150 4488 2172 4541 l
2187 4526 2199 4539 .
2220 4488 2530 4543 Resurrectio
2545 4505 2607 4543 ea:
2619 4501 2832 4560 quatuor
2846 4491 3130 4564 Evangeliis
3148 4497 3376 4551 recitata.
3394 4499 3641 4555 Resurreo'

2073 4579 2178 4634 ctio
2193 4579 2396 4633 Domini
2412 4582 2575 4634 nostri
2587 4581 2709 4636 Jesu
2725 4579 2917 4637 Christi
2933 4585 3222 4641 secundum
3238 4590 3509 4646 veritatem
3523 4605 3631 4661 qna-

2074 4679 2195 4724 tuor
2208 4671 2658 4739 Evangelistarum
2680 4672 2932 4728 hesterno
2954 4674 3041 4730 die
3065 4676 3274 4732 videtur
3288 4694 3408 4736 esse
3418 4683 3631 4750 comple-

2073 4760 2327 4814 ta.Primo
2346 4761 2486 4815 enim
2498 4761 2584 4816 die
2606 4761 2741 4816 lecta
2768 4773 2850 4816 est
2875 4767 3197 4820 resurrectio
3209 4771 3502 4825 secundum
3512 4772 3630 4825 Mat-

2072 4854 2289 4916 tlueum,
2311 4852 2416 4906 alio
2431 4853 2515 4907 die
2535 4854 2824 4908 secundum
2839 4854 3055 4921 Lucam,
3077 4860 3232 4913 tertio
3247 4860 3336 4914 die
3352 4865 3630 4918 secundum

2075 4944 2330 5009 Marcum,
2354 4953 2565 5014 quarto,
2590 4945 2640 5000 id
2661 4956 2743 5001 est
2772 4947 3022 5004 hesterno
3045 4950 3337 5007 secundum
3362 4954 3631 5010 Joannem.

2070 5034 2174 5091 Sed
2196 5036 2442 5105 quoniam
2459 5036 2691 5092 Joannes
2704 5046 2757 5091 et
2774 5038 2941 5093 Lucas
2956 5039 3023 5094 de
3043 5038 3155 5110 ipsa
3178 5047 3567 5103 resurrectione
3585 5056 3639 5101 et

2070 5140 2187 5195 quae
2200 5126 2535 5196 contigerunt
2556 5136 2673 5198 post
2693 5130 3155 5199 resurrectionem,
3172 5118 3399 5202 plurima
3419 5138 3639 5207 scripse-

2127 5328 2144 5360 ί
2161 5332 2567 5389 Tressequentes
2589 5338 2761 5389 versus
2775 5364 2788 5385 ,
2814 5328 2898 5389 qut
2921 5328 3148 5389 viguerio
3173 5328 3485 5389 exciderant,
3506 5343 3635 5380 men-

2063 5387 2233 5456 dosum
2273 5386 2398 5456 forte
2434 5386 2683 5456 exemplar
2720 5386 2903 5450 legenti
2921 5421 2939 5447 ,
2976 5386 3395 5456 buc_revoeantur
3411 5427 3428 5452 ,
3450 5386 3637 5456 aliaque

2062 5450 2240 5512 passuri
2264 5455 2423 5512 errata
2444 5450 2748 5512 corriguntur
2770 5462 2835 5498 ex
2857 5451 3206 5510 manusaiptis.

2126 5510 2198 5572 (a)
2222 5511 2481 5573 Augustino
2515 5510 2790 5573 reStitutusi
2810 5523 2939 5573 nunc
2973 5511 3177 5573 primum
3200 5524 3263 5560 ex
3286 5514 3449 5562 veteri
3476 5513 3634 5564 codice

2063 5570 2144 5620 PP.
2165 5570 2552 5621 Clstei-ciensium
2582 5577 2627 5619 s.
2658 5572 2819 5619 erucis
2851 5571 2900 5619 iu
2933 5570 3203 5621 Jerusalem
3245 5573 3313 5622 de
3349 5576 3490 5624 Urbe.
3535 5580 3637 5624 Erat

2063 5631 2177 5682 olim
2199 5635 2327 5702 inter
2347 5628 2876 5702 SermonesFulgeutii,
2893 5637 2983 5702 sed
2998 5646 3120 5702 nova
3135 5633 3331 5683 demum
3350 5636 3501 5702 ipsius
3520 5648 3635 5700 ope-

2062 5707 2170 5745 rum
2193 5693 2403 5743 editione
2425 5690 2685 5744 collocatur
2708 5690 2755 5742 in
2786 5690 3192 5758 supposititiorum
3214 5690 3504 5760 Appetidiee.
