3926 6188
209 338 338 395 1157

206 461 348 518 runt,
369 466 489 521 quae
511 466 616 507 non
633 458 856 521 possunt
868 463 970 503 una
989 447 1215 502 lectione
1229 445 1438 501 recitari
1458 453 1541 509 ;et
1557 443 1673 498 beri
1687 458 1782 496 auo

203 544 435 600 divimus
445 541 645 612 aliquid
661 539 950 596 secundum
962 539 1246 606 Joannem,
1267 546 1322 592 et
1346 532 1526 602 hodie,
1543 541 1597 589 ct
1611 532 1783 587 adhuc

203 636 324 690 aliae
352 633 605 688 lectiones
632 641 854 687 restant.
893 629 1061 685 Hodie
1102 643 1229 699 ergo
1274 626 1400 698 quid
1445 621 1784 680 audivimus?

205 726 337 793 Quia
384 725 502 794 ipso
543 722 631 778 die
670 737 776 793 quo
821 720 1145 785 resurrexit,
1179 719 1231 774 id
1262 727 1345 773 est
1381 716 1649 772 dominico
1671 714 1777 779 die,

202 834 324 873 cum
342 831 465 872 sero
483 815 677 871 factum
706 825 868 880 esset,
889 822 945 868 et
964 821 1143 868 essent
1161 810 1407 881 discipuli
1435 810 1488 864 in
1516 824 1621 863 uno
1643 809 1780 873 loco,

204 916 259 963 ct
283 907 418 963 ostia
449 906 627 960 clausa
665 912 848 960 essent
890 913 1105 974 propter
1144 903 1390 957 timorem
1434 900 1740 956 Judarorum
1763 936 1779 962 ,

204 1000 450 1070 apparuit
491 998 748 1053 Dominus
774 1001 825 1050 in
860 996 1037 1052 medio
1083 1011 1290 1052 eorum.
1338 993 1458 1064 Ipso
1504 1006 1632 1062 ergo
1671 990 1779 1054 die,

204 1096 339 1147 sicut
369 1089 691 1159 evangelista
711 1088 942 1142 Joannes
972 1087 1120 1141 testis
1146 1093 1229 1141 est
1250 1126 1265 1152 ,
1309 1086 1392 1139 bis
1433 1081 1676 1152 apparuit
1702 1079 1784 1133 di-

203 1181 425 1251 scipulis
453 1179 586 1246 suis,
614 1193 769 1232 mane
793 1187 847 1232 et
873 1191 1013 1232 sero.
1046 1177 1125 1231 Ex
1155 1192 1220 1232 eo
1249 1174 1388 1245 quod
1428 1187 1585 1227 mane
1612 1186 1779 1240 appa-

204 1275 331 1340 ruit,
361 1271 520 1327 etiam
548 1271 657 1339 ipsa
684 1270 840 1325 lectio
874 1269 1092 1324 recitata
1116 1276 1197 1323 est
1224 1285 1238 1323 :
1265 1265 1405 1337 quod
1436 1279 1563 1318 vero
1588 1261 1778 1317 eodem

203 1363 290 1417 die
317 1376 444 1418 sero
484 1373 669 1414 rursus
706 1358 1039 1428 apparuerit,
1088 1356 1249 1411 modo
1292 1370 1412 1409 cum
1458 1351 1772 1406 recitaretur

202 1454 522 1509 audivimus.
568 1453 682 1509 Non
713 1468 846 1522 opus
877 1459 993 1507 erat
1020 1459 1127 1505 uta
1158 1464 1244 1504 me
1273 1450 1370 1502 ista
1396 1454 1783 1501 commemora-

202 1557 411 1612 rentur,
442 1546 533 1601 sed
564 1554 672 1600 uta
701 1544 853 1600 vobis
898 1543 1300 1598 adverterentur
1336 1559 1350 1593 :
1388 1544 1605 1608 propter
1643 1549 1778 1605 quo-

202 1637 446 1691 rumdam
486 1651 613 1691 vero
655 1636 912 1690 minorem
940 1633 1342 1703 intelligentiam
1390 1628 1474 1685 vel
1522 1626 1779 1696 majorem

201 1729 573 1797 negligentiam
599 1726 1311 1796 Oportuitcommcmorare,
1351 1729 1408 1773 ut
1450 1717 1630 1773 sciatis
1674 1728 1779 1768 non

198 1819 373 1874 soluat
394 1818 518 1887 quid
544 1814 786 1881 audistis,
813 1814 908 1870 sed
928 1814 1088 1870 etiam
1113 1812 1182 1867 de
1207 1826 1309 1882 qua
1337 1808 1608 1879 Scriptura
1629 1804 1780 1862 vobis

199 1908 396 1978 lrgitur
419 1906 560 1977 quod
585 1906 825 1961 audistis.
1176 1953 1189 1964 ,

267 2001 327 2053 2.
347 1998 531 2053 Christi
546 1997 612 2050 ad
632 1996 906 2065 discipulos
925 2011 1014 2065 per
1034 1993 1161 2048 ostia
1176 1993 1347 2047 clausa
1371 1989 1605 2045 intrantis
1624 1986 1779 2041 mira-

195 2094 374 2148 culum
394 2106 458 2145 ea:
476 2088 590 2144 aliis
608 2086 862 2142 miraculis
899 2086 1159 2142 suadetur.
1186 2083 1471 2140 Videamus
1496 2096 1626 2152 ergo
1653 2078 1779 2151 quid

196 2184 357 2239 nobis
375 2182 439 2237 ad
459 2181 775 2252 loquendum
795 2178 1048 2234 hodierna
1067 2178 1292 2234 lectione
1315 2176 1643 2247 proponitur.
1660 2174 1777 2243 Ipsa

195 2273 398 2343 quippe
423 2271 580 2325 lectio
603 2270 851 2324 admonet
878 2281 996 2332 nos,
1022 2276 1077 2322 et
1101 2266 1329 2336 quodam
1358 2265 1519 2321 modo
1547 2257 1780 2334 loquitur

196 2362 377 2425 nobis,
409 2369 467 2413 ut
504 2357 700 2426 aliquid
739 2357 1009 2420 dicamus,
1037 2354 1483 2425 quemadmodum
1524 2353 1780 2407 Dominus

196 2451 284 2520 qui
315 2451 368 2505 in
396 2465 458 2504 ea
487 2449 752 2504 soliditate
780 2448 1019 2518 corporis
1046 2444 1356 2512 resurrexit,
1385 2454 1442 2499 ut
1470 2460 1576 2500 non
1606 2443 1780 2498 solum

195 2542 473 2596 videretur
499 2556 529 2593 a
555 2540 828 2609 discipulis
846 2581 861 2604 ,
889 2538 982 2594 sed
1009 2539 1166 2593 etiam
1201 2545 1525 2606 tangeretnr,
1554 2535 1784 2606 potuerit

195 2632 307 2686 illis
334 2645 590 2700 apparere
616 2629 769 2685 ostiis
795 2629 1011 2685 clausis.
1040 2627 1288 2683 Nonnulli
1313 2628 1455 2681 enim
1496 2626 1562 2681 de
1603 2626 1701 2680 hac
1724 2639 1783 2679 re

196 2722 268 2777 ita
300 2729 607 2787 moventur,
638 2728 692 2774 ut
725 2734 858 2789 pene
883 2718 1264 2789 periclitentur,
1285 2715 1566 2771 afferentes
1599 2724 1782 2769 contra

199 2812 464 2868 miracula
494 2811 669 2865 divina
701 2809 1003 2881 pratjudicia
1043 2806 1504 2864 ratiocinationum
1544 2819 1779 2885 suarum.

192 2899 287 2957 Sic
296 2901 443 2955 enim
456 2900 753 2969 disputant:
769 2899 824 2954 Si
837 2913 1033 2969 corpus
1053 2905 1189 2963 erat,
1202 2896 1248 2952 si
1272 2910 1399 2952 caro
1410 2904 1464 2950 et
1478 2909 1597 2950 ossa
1609 2902 1780 2960 erant,

191 2994 237 3048 si
267 2993 376 3049 hoc
422 2992 650 3048 surrexit
679 2991 746 3047 de
775 2992 1036 3062 sepulcro,
1070 2990 1211 3060 quod
1246 2989 1498 3060 pependit
1526 2989 1578 3043 in
1609 2989 1779 3059 ligno;

193 3085 473 3156 quomodo
514 3101 610 3156 per
648 3086 825 3141 clausa
855 3085 988 3139 ostia
1018 3084 1215 3139 intrare
1243 3083 1446 3154 potuit?
1473 3082 1527 3139 Si
1556 3098 1659 3138 non
1689 3097 1785 3153 po-

196 3175 319 3237 tuit,
352 3174 563 3240 dicunt,
592 3175 706 3228 Non
733 3183 815 3229 est
845 3173 1059 3229 factmn.
1087 3174 1144 3229 Si
1173 3174 1374 3243 potuit,
1396 3173 1662 3243 quomodo
1691 3188 1783 3243 po-

193 3268 333 3322 tuit?
357 3268 415 3323 Si
445 3267 854 3338 compreltcudis
880 3266 1095 3322 modum
1113 3308 1128 3335 ,
1156 3281 1261 3321 non
1305 3275 1386 3323 est
1429 3266 1738 3321 miraculum
1762 3281 1777 3318 :

193 3366 248 3413 et
278 3358 327 3413 si
357 3357 670 3412 miraculum
697 3357 788 3411 tibi
816 3373 918 3413 non
946 3357 1173 3422 videtur,
1195 3357 1518 3427 propinquas
1543 3366 1599 3412 ut
1620 3372 1782 3427 neges

193 3451 323 3518 quia
351 3458 407 3503 et
431 3448 499 3504 de
528 3448 775 3518 sepulcro
801 3448 1108 3503 resurrexit.
1134 3448 1359 3518 Respice
1397 3449 1464 3503 ab
1505 3449 1656 3503 initio
1682 3448 1783 3504 mi-

193 3538 378 3593 racula
398 3538 604 3592 Domini
629 3538 723 3604 tui,
741 3547 796 3593 et
819 3537 981 3593 redde
1001 3538 1129 3592 mihi
1157 3537 1224 3592 de
1248 3537 1468 3607 singulis
1494 3538 1776 3593 rationem.

194 3629 295 3683 Vir
324 3643 432 3682 non
459 3628 702 3693 accessit,
735 3635 789 3682 et
812 3628 959 3696 virgo
984 3627 1244 3696 concepit.
1271 3626 1455 3681 Redde
1480 3610 1778 3692 rationem

191 3716 470 3788 quomodo
497 3716 612 3771 sine
636 3716 873 3771 masculo
898 3716 1045 3786 virgo
1064 3715 1386 3784 conceperit.
1405 3713 1507 3770 Ubi
1528 3713 1785 3769 defecerit

191 3807 356 3871 ratio,
387 3806 457 3861 ibi
498 3816 581 3861 est
624 3805 743 3862 dei
789 3806 1089 3861 aedificatio.
1131 3805 1273 3861 Ecce
1311 3805 1477 3859 habes
1514 3820 1678 3859 unum
1726 3804 1782 3859 in

194 3897 410 3952 Domini
454 3903 711 3966 conceptu
757 3895 1067 3951 miraculum
1094 3910 1108 3948 :
1135 3894 1256 3950 audi
1294 3895 1455 3950 etiam
1502 3894 1554 3948 in
1602 3904 1779 3966 partu.

193 3989 364 4059 Virgo
395 3989 616 4058 peperit,
645 3997 700 4044 et
722 3989 870 4057 virgo
893 3987 1205 4058 permansit.
1235 3986 1351 4043 Jam
1377 3996 1501 4042 tunc
1524 3987 1781 4042 Dominus

190 4089 486 4149 antequam
531 4089 827 4150 resurgeret
859 4119 876 4145 ,
927 4093 1020 4149 per
1064 4078 1243 4134 clausa
1290 4077 1427 4133 ostia
1472 4089 1628 4134 natus
1673 4087 1777 4133 est.

192 4170 409 4237 Qumris
433 4183 464 4223 a
485 4183 573 4224 me
598 4177 652 4225 et
676 4169 809 4224 dicis
827 4187 841 4224 :
856 4169 913 4225 Si
933 4183 1028 4239 per
1054 4169 1232 4224 clausa
1260 4169 1393 4224 ostia
1420 4169 1666 4236 intravit,
1689 4168 1780 4225 ubi

190 4268 283 4316 est
323 4258 564 4328 corporis
609 4258 839 4314 modus?
875 4259 943 4313 Et
982 4273 1081 4329 ego
1126 4259 1426 4330 respondeo
1467 4276 1481 4313 :
1522 4258 1578 4315 Si
1619 4274 1781 4329 super

191 4362 349 4403 mare
381 4347 703 4414 ambulavit,
734 4347 824 4402 ubi
866 4356 948 4403 est
987 4348 1226 4418 corporis
1254 4348 1500 4418 pondus?
1523 4348 1627 4406 Sed
1656 4349 1781 4406 fecit

192 4439 330 4497 illud
358 4439 615 4494 Dominus
644 4446 890 4510 tanquam
921 4438 1195 4495 Dominus.
1221 4439 1485 4510 Numquid
1509 4455 1636 4511 ergo
1656 4456 1776 4495 cum

190 4528 520 4595 resurrexit,
545 4527 747 4585 destitit
786 4542 905 4584 esse
947 4528 1235 4584 Dominus?
1266 4529 1402 4599 Quid
1425 4531 1565 4601 quod
1600 4540 1654 4586 et
1674 4531 1776 4587 Pe-

192 4630 340 4676 trum
367 4617 495 4674 fecit
511 4618 787 4674 ambulare
809 4633 971 4688 super
1001 4633 1149 4673 mare
1177 4618 1385 4691 (Matth.
1416 4636 1524 4687 xw,
1548 4620 1739 4695 25-29)
1754 4623 1779 4675 ?

189 4709 352 4778 Quod
370 4710 422 4765 in
440 4708 787 4765 illodiviuitas
816 4708 1005 4778 potuit,
1020 4709 1073 4764 in
1103 4709 1204 4764 isto
1225 4708 1358 4765 lides
1384 4709 1642 4781 implevit.
1672 4712 1779 4769 Sed

190 4799 474 4866 Christus,
504 4798 625 4868 quia
649 4797 851 4869 potuit;
880 4797 1105 4862 Petrus,
1137 4798 1258 4868 quia
1285 4796 1527 4855 Christus
1556 4801 1775 4871 adjuvit.

192 4889 255 4944 Si
297 4902 430 4959 ergo
457 4888 684 4958 coeperis
750 4886 980 4943 humano
1008 4900 1167 4942 sensu
1194 4886 1566 4943 miraculorum
1595 4889 1777 4946 discu-

191 4986 316 5033 tere
356 4975 654 5043 rationem,
681 4976 841 5032 timeo
883 4992 952 5033 ne
989 4975 1179 5046 perdas
1207 4975 1386 5033 (idem.
1414 4976 1599 5034 Nescis
1644 4981 1774 5036 nihil

191 5081 320 5125 esse
349 5067 676 5136 impossibile
705 5066 848 5123 Deo?
873 5066 1201 5137 Quicumque
1240 5082 1367 5138 ergo
1409 5069 1503 5126 tibi
1548 5069 1773 5136 dixerit,

192 5157 253 5214 Si
282 5158 501 5212 intravit
519 5173 613 5228 per
632 5158 767 5213 ostia
792 5158 989 5222 clausa,
1007 5173 1114 5214 non
1134 5167 1250 5214 erat
1266 5173 1459 5229 corpus
1479 5176 1492 5213 :
1511 5162 1775 5231 responde

192 5258 253 5303 tu
280 5248 353 5302 illi
385 5262 415 5301 a
443 5247 743 5315 contrario,
776 5247 889 5305 lmo
925 5249 969 5305 si
998 5257 1167 5304 tactus
1194 5258 1307 5314 est,
1339 5264 1532 5320 corpus
1555 5261 1699 5318 erat;
1730 5255 1775 5308 si

193 5336 557 5403 manducavit,
586 5351 781 5408 corpus
805 5347 921 5395 erat
946 5356 960 5393 :
989 5347 1044 5394 et
1063 5338 1186 5396 fecit
1210 5339 1337 5395 illud
1365 5341 1640 5411 miraculo,
1669 5360 1775 5400 non

193 5436 411 5482 natura.
458 5426 645 5483 Nonne
693 5428 1034 5488 admirandus
1080 5439 1165 5487 est
1209 5432 1546 5502 quotidianus
1587 5450 1776 5493 cursus

194 5517 316 5587 ipse
348 5518 593 5572 naturas?
617 5516 807 5575 Omnia
836 5520 1105 5577 miraculis
1137 5522 1292 5592 plena
1332 5533 1456 5579 sunt
1481 5542 1495 5578 :
1522 5526 1615 5582 sed
1640 5527 1776 5583 assi-

192 5604 402 5662 duitate
427 5607 713 5664 viluerunt.
749 5610 933 5668 Redde
976 5611 1102 5667 mihi
1142 5614 1441 5672 rationem:
1471 5615 1665 5689 aliquid
1696 5620 1777 5674 in-

291 5722 446 5785 Alias,
466 5721 687 5783 meris,

1564 327 1792 386 SERMO
1827 326 2092 384 CCLVIII.

3329 328 3465 386 H58

1894 451 2105 511 terrogo
2127 439 2194 495 de
2214 441 2482 494 consuetis
2498 455 2552 494 et
2575 439 2747 496 solitis
2771 459 2784 496 :
2810 440 2974 496 redde
2998 441 3276 507 rationem,
3303 457 3468 512 quare

1892 543 1998 588 tam
2038 548 2242 603 magum
2281 532 2488 588 arboris
2516 531 2596 587 tici
2623 547 2805 588 semen
2838 542 2941 587 tam
2969 533 3233 589 modicum
3259 544 3375 601 est,
3408 543 3467 589 ut

1889 624 2056 679 videri
2092 624 2176 677 vix
2208 623 2405 693 possit.
2451 630 2506 677 ct
2552 623 2761 677 humilis
2807 624 3075 678 cucurbita
3120 633 3225 678 tam
3266 626 3468 694 grande

1890 729 2070 768 semen
2097 714 2253 783 parit.
2282 714 2339 767 ln
2368 714 2455 768 illo
2488 724 2661 768 tamen
2689 729 2855 782 grano
2883 714 3101 769 seminis
3128 715 3350 784 exiguo,
3382 716 3464 768 vix

1890 805 2111 869 visibili,
2134 805 2179 858 si
2208 805 2514 860 consideres
2551 805 2756 868 atiimo,
2797 820 2900 858 non
2930 804 3129 871 oculis;
3160 805 3210 858 iu
3241 805 3328 858 illa
3355 807 3462 859 exi~

1888 897 2107 967 guitate,
2137 898 2240 952 illis
2268 897 2545 967 angustiis,
2572 904 2627 951 et.
2656 896 2803 951 radix
2835 897 2991 964 latet,
3021 907 3073 951 et
3107 897 3269 951 robur
3299 898 3468 950 inser-

1893 996 2001 1043 tum
2029 996 2145 1055 est,
2176 998 2229 1042 et
2254 987 2377 1042 folia
2411 988 2581 1041 futura
2607 988 2818 1057 alligata
2900 997 3043 1052 sunt,
3073 997 3123 1042 et
3155 988 3352 1040 fructus
3377 988 3467 1057 qui

1888 1079 2163 1148 apparebit
2188 1079 2239 1132 in
2270 1079 2460 1133 arbore
2480 1121 2493 1142 ,
2517 1079 2626 1147 jam
2657 1087 2736 1133 est
2767 1078 3073 1147 przemissus
3154 1079 3205 1131 in
3236 1079 3463 1134 semine.

1888 1169 2003 1224 Non
2033 1184 2165 1238 opus
2194 1178 2275 1223 est
2305 1168 2466 1222 multa
2497 1184 2807 1238 percurrere
2832 1186 2844 1220 :
2872 1168 2939 1223 de
2963 1168 3281 1238 quotidiauis
3310 1169 3470 1222 rebus

1889 1275 2045 1315 nemo
2090 1259 2264 1315 reddit
2308 1260 2599 1325 rationem,
2629 1268 2682 1314 ct
2711 1260 2876 1329 exigis
2901 1274 2931 1313 a
2957 1275 3041 1313 me
3082 1259 3149 1313 de
3198 1260 3468 1313 miraculis

1888 1351 2170 1405 rationem.
2199 1350 2543 1419 Evangelium
2575 1366 2700 1420 ergo
2727 1350 2861 1419 lege,
2892 1359 2943 1403 et
2969 1350 3142 1405 crede
3160 1349 3295 1404 facta
3344 1367 3463 1420 qua:

1889 1441 2021 1494 mira
2051 1451 2193 1494 sunt.
2223 1440 2348 1494 Plus
2388 1450 2470 1493 cst
2507 1441 2645 1508 quod
2693 1439 2819 1495 fecit
2849 1441 3018 1505 Deus,
3050 1449 3104 1494 et
3150 1456 3254 1494 non
3303 1441 3468 1493 mira-

1887 1532 1964 1587 ris
1989 1531 2130 1601 quod
2156 1530 2365 1586 excedit
2391 1531 2567 1585 omnia
2595 1547 2755 1601 opera
2785 1550 2798 1585 :
2828 1530 2956 1585 nihil
2985 1540 3126 1598 erat,
3155 1539 3209 1586 ct
3236 1531 3468 1586 mundus

1887 1628 1987 1675 081.

1957 1712 2011 1767 5.
2044 1710 2389 1781 Conrmatur
2416 1729 2479 1767 ea:
2503 1712 2636 1765 dicto
2669 1711 2871 1766 Domini
2912 1712 2974 1765 de
3012 1713 3223 1779 camelo,
3250 1713 3337 1780 qui
3362 1711 3470 1766 Deo

1888 1802 2101 1871 faciente
2120 1812 2281 1873 potest
2300 1804 2493 1858 intrare
2513 1819 2601 1873 per
2615 1808 2842 1874 fommen
2863 1820 3001 1857 acus.
3024 1803 3129 1858 Sed
3151 1820 3253 1858 non
3278 1804 3468 1872 potuit,

1888 1893 2082 1964 inquis,
2116 1895 2361 1964 corporis
2383 1898 2552 1950 moles
2582 1897 2806 1950 transire
2835 1911 2930 1965 per
2953 1897 3117 1960 ostia,
3146 1911 3264 1965 quae
3289 1895 3470 1950 clausa

1886 1993 2058 2041 erant.
2084 1984 2287 2052 Quanta
2316 1996 2432 2041 erat
2463 1988 2548 2042 illa
2576 1988 2744 2043 moles
2763 2028 2778 2052 .
2807 2002 2934 2057 rogo
2961 1989 3045 2042 te?
3072 1987 3238 2042 Tanta
3266 1988 3467 2057 utique,

1885 2084 2081 2146 quanta
2107 2084 2190 2130 est
2218 2077 2269 2131 in
2295 2077 2540 2133 omnibus
2568 2096 2581 2132 :
2606 2078 2859 2149 numquid
2890 2087 3058 2146 tanta,
3089 2087 3284 2148 quanta
3313 2078 3468 2133 estin

1886 2166 2135 2222 camelo?
2163 2167 2278 2222 Non
2324 2169 2504 2239 utique
2555 2179 2720 2224 tanta.
2751 2171 2890 2240 Lege
2933 2170 3283 2240 Evangelium
3305 2213 3320 2237 ,
3347 2170 3470 2225 audi

1886 2255 2098 2324 ipsum:
2128 2256 2492 2313 difficultatem
2534 2258 2712 2314 divitis
2743 2261 2986 2315 intrantis
3024 2262 3074 2315 in
3108 2277 3326 2331 regnum
3357 2277 3471 2316 (-
3572 2323 3581 2331 _

1885 2346 2059 2401 lorum
2090 2362 2211 2402 cum
2245 2349 2501 2403 voluisset
2542 2349 2855 2415 ostendere,
2896 2351 3003 2418 ait,
3045 2349 3274 2407 Facilius
3315 2352 3472 2405 intrat

1891 2440 2112 2493 camelus
2140 2457 2228 2509 per
2247 2444 2474 2510 foramen
2500 2457 2638 2507 acus,
2673 2458 2825 2511 quam
2853 2442 2988 2496 dives
3008 2443 3059 2495 in
3079 2458 3290 2513 regnum
3314 2443 3468 2497 caelo-

1889 2544 2025 2582 rum.
2054 2529 2168 2585 Hoc
2192 2530 2373 2586 audito
2394 2531 2673 2602 discipuli,
2699 2533 3097 2588 considerantes
3130 2535 3274 2590 nullo
3313 2535 3472 2591 modo

1892 2618 2004 2675 fleri
2027 2634 2186 2689 posse
2207 2630 2267 2675 ut
2290 2622 2526 2677 camelus
2554 2638 2648 2692 per
2671 2621 2905 2678 foramen
2928 2638 3056 2679 acus
3081 2624 3320 2688 intraret.
3345 2640 3472 2679 con-

1892 2710 2083 2767 tristati
2109 2722 2233 2766 sunt
2254 2712 2392 2783 apud
2416 2728 2493 2777 se,
2520 2713 2758 2768 dicentes
2787 2732 2801 2766 :
2831 2714 2893 2768 Si
2917 2715 2987 2767 ita
3013 2716 3354 2786 est,quisnam
3380 2734 3471 2788 po-

1891 2800 2003 2853 terit
2030 2801 2225 2855 salvere
2243 2803 2560 2871 semetipsum
2574 2803 2600 2856 ?
2620 2802 2676 2857 Si
2707 2802 2909 2858 facilius
2937 2803 3094 2859 intrat
3124 2807 3358 2861 camelus
3379 2823 3472 2877 per

1889 2885 2136 2945 foramen
2164 2903 2292 2945 acus
2316 2905 2474 2960 quam
2500 2890 2646 2946 dives
2672 2891 2723 2946 in
2752 2908 2972 2962 regnum
3001 2893 3257 2948 caelorum
3282 2911 3296 2959 ;
3326 2897 3472 2950 nullo

1890 2982 2050 3038 modo
2071 2989 2248 3052 potest
2264 2983 2500 3038 camelus
2521 2983 2720 3039 intrare
2742 2999 2835 3055 per
2856 2984 3093 3041 foramen
3113 3001 3271 3052 acus;
3296 2988 3472 3043 nullus

1890 3086 2016 3144 ergo
2040 3072 2257 3127 divitum
2279 3073 2470 3128 salvari
2497 3083 2691 3145 potest.
2716 3075 3008 3146 Respondit
3032 3077 3320 3132 Dominus:
3345 3078 3473 3144 Qua.-

1890 3164 2178 3220 ltominibus
2217 3166 2546 3236 impossibilia
2588 3178 2740 3231 sunt,
2786 3167 2892 3222 Deo
2937 3169 3111 3239 facilia
3155 3180 3272 3224 sunt
3319 3169 3468 3241 (Luc.

1889 3268 2049 3321 xvnr,
2092 3255 2311 3329 25-27).
2347 3258 2528 3315 Potest
2557 3260 2694 3315 Deus
2723 3267 2777 3315 et
2799 3259 3058 3314 camelum
3097 3275 3191 3330 per
3232 3260 3471 3317 foramen

1888 3363 2017 3404 acus
2046 3349 2314 3420 trajicere,
2343 3359 2397 3406 et
2423 3352 2638 3407 divitem
2668 3351 3009 3408 introducere
3028 3353 3081 3406 in
3110 3368 3328 3423 regnum
3354 3369 3471 3408 coe-

1889 3439 2082 3495 lorum.
2112 3441 2248 3508 Quid
2280 3441 2410 3495 mihi
2439 3442 2505 3496 de
2534 3443 2683 3498 ostiis
2708 3443 2902 3498 clausis
2925 3442 3299 3497 calumniaris?
3320 3444 3468 3498 Ostia

1889 3532 2066 3585 clausa
2097 3532 2295 3587 habent
2322 3533 2404 3586 vel
2430 3534 2616 3588 rimam
2644 3550 2656 3586 :
2683 3549 2932 3604 compara
2972 3535 3161 3588 rimam
3206 3534 3468 3589 ostiorum

1889 3619 2136 3675 foramini
2157 3635 2567 3692 acus,compara
2589 3624 2782 3677 molem
2808 3623 2984 3678 carnis
3000 3622 3246 3676 humana:
3267 3623 3468 3692 magni-

1891 3709 2061 3764 tudini
2087 3710 2451 3777 camelorum;
2473 3719 2528 3766 et
2551 3711 2660 3766 uoli
2687 3713 2996 3768 calumniari
3022 3713 3278 3768 divinitati
3307 3712 3466 3768 mira-

1888 3800 2148 3856 culorum.

2577 3872 2913 3931 CCXLVIII
2945 3874 3042 3945 (a).

2313 3989 2364 4033 In
2387 3983 2562 4034 diebus
2582 3983 2909 4046 Paschalibus,
2934 3998 3035 4035 xix.

1889 4082 1966 4138 De
2008 4084 2226 4140 lectione
2263 4084 2523 4156 Evangelii
2557 4086 2805 4151 Joannis,
2846 4103 2961 4157 cap.
2991 4102 3115 4152 xxt,
3141 4087 3268 4142 l-I
3293 4105 3306 4141 :
3328 4096 3377 4142 et
3402 4087 3469 4142 de

1960 4174 2154 4231 duabus
2181 4176 2560 4247 piscationibns,
2587 4193 2688 4231 una
2707 4187 2824 4231 ante
2851 4178 3153 4247 passionem,
3175 4178 3333 4233 altera
3354 4187 3501 4248 post,

1956 4266 2368 4321 resurrectionem
2393 4266 2492 4338 ().

1957 4354 2182 4412 CAPUT
2211 4356 2495 4414 PRIMUM.
2611 4359 2661 4412 l.
2692 4357 2916 4412 Piscatio
2937 4358 3006 4412 ad
3031 4375 3168 4414 mare
3231 4359 3466 4414 iberiadis

1886 4464 1987 4502 non
2032 4449 2142 4503 sine
2182 4450 2440 4520 mysterio.
2473 4449 2539 4504 In
2566 4452 2925 4521 plscationibns
2950 4452 3143 4506 duabus
3169 4452 3337 4522 gura
3367 4452 3466 4506 Ec-

1883 4537 2049 4592 clesia:
2073 4541 2330 4607 presentis
2354 4557 2415 4594 ac
2443 4545 2648 4612 futura.
2678 4541 2745 4595 Et
2769 4541 2928 4597 hodie
2951 4542 3109 4598 lectio
3134 4543 3350 4598 recitata
3379 4551 3463 4598 est

1883 4627 1950 4684 de
1993 4629 2075 4683 his
2110 4645 2230 4699 qua
2274 4629 2409 4686 facta
2447 4641 2573 4687 sunt
2612 4641 2732 4703 post
2770 4634 3220 4690 resurrectionem
3248 4633 3460 4690 Domini

1883 4721 2171 4778 secundum
2202 4724 2576 4795 evangelistam
2610 4725 2892 4781 Joannem.
2926 4726 3143 4782 Audivit
3181 4725 3459 4781 uobiscum

1883 4812 2126 4869 Charitas
2158 4824 2333 4870 vestra
2353 4854 2369 4880 ,
2408 4815 2688 4871 Dominum
2714 4816 2895 4872 Jesum
2927 4818 3195 4872 Christum
3220 4817 3285 4871 ad
3312 4831 3462 4871 mare

1884 4902 2179 4959 Tiberiadis
2223 4904 2525 4960 ostendisse
2565 4920 2624 4959 se
2669 4905 2943 4976 discipulis
2982 4907 3121 4972 suis;
3153 4917 3208 4961 et
3233 4906 3321 4975 qui
3367 4921 3461 4960 eos

1877 4992 1988 5064 jam
2032 4992 2232 5048 fecerat
2276 4992 2562 5062 piscatores
2606 4993 2908 5060 hominum,
2940 4994 3145 5048 invenit
3170 5009 3264 5048 eos
3288 4993 3463 5050 adhuc

1883 5083 2172 5152 piscatores
2192 5082 2434 5152 piscium.
2460 5082 2559 5137 Per
2585 5090 2748 5137 totam
2780 5092 2988 5137 noctem
3016 5083 3144 5137 nihil
3164 5092 3419 5153 ceperunt
3443 5102 3458 5139 :

1882 5173 1998 5228 viso
2022 5183 2199 5227 autem
2231 5172 2489 5240 Domino,
2540 5181 2596 5228 et
2631 5187 2697 5229 eo
2729 5172 2947 5244 jubeutc
2990 5174 3120 5230 retia
3165 5173 3458 5242 mittentes,

1994 5304 2131 5364 Alias,
2154 5301 2358 5364 occulta.

1998 5365 2139 5424 Alias,
2164 5363 2442 5428 promissus.

1985 5427 2272 5489 Recognitus
2291 5433 2369 5475 est
2398 5428 2446 5476 in
2475 5427 2615 5489 libris
2652 5434 2688 5478 t.
2715 5435 2815 5476 Am.
2839 5433 2914 5476 Er.
2945 5436 3048 5478 Par.
3073 5435 3182 5479 Lov.
3212 5437 3263 5480 et
3283 5428 3332 5478 in
3354 5428 3462 5478 Ful-

1883 5490 2037 5561 geutji
2052 5487 2271 5561 (
2294 5487 2586 5561 appendice.

1965 5549 2018 5610 a)
2042 5547 2181 5605 Alias,
2204 5548 2269 5610 de
2297 5547 2535 5610 Tempore
2558 5549 2665 5599 148.

1962 5608 2015 5672 )
2039 5616 2089 5658 tn
2111 5609 2307 5676 Possidii
2324 5608 2548 5676 tndiiarlo,
2564 5611 2734 5673 mprs,
2760 5619 2990 5662 tractatus
3010 5614 3106 5676 iste
3128 5614 3235 5663 sive
3250 5624 3465 5676 sequen-

1882 5670 1961 5739 tes
1982 5670 2299 5739 notanturltis
2320 5672 2485 5739 verbis
2516 5685 2528 5719 :
2623 5670 2693 5739 'pe
2721 5670 2916 5725 centum
2939 5675 3284 5739 quinquaginta
3307 5670 3465 5728 t'rzbus

1884 5734 2112 5795 piscibus,
2129 5744 2193 5781 ex
2209 5732 2467 5796 Evangelio
2479 5733 2686 5784 Joannis.
