3926 6188
497 318 635 383 1159

496 446 752 509 ceperunt
795 443 1048 506 quantum
1089 446 1369 490 numerum
1394 432 1633 487 audistis.
1661 431 1939 502 Nunquam
1972 429 2073 486 hoc

499 529 754 584 Dominus
776 527 1016 597 iuberet,
1050 526 1149 579 nisi
1175 524 1371 595 aliquid
1399 524 1699 593 signiﬁcare
1725 522 1900 587 vellet,
1932 521 2073 591 quod

498 619 652 674 nobis
691 631 848 672 nosse
875 618 1167 686 expediret.
1198 615 1334 681 Quid
1374 630 1502 685 ergo
1544 630 1637 684 pro
1675 628 1867 684 magno
1906 613 2077 684 potuit

495 711 561 762 ad
599 709 781 764 Jesum
821 708 1089 763 Christum
1120 709 1419 779 pertinere,
1450 707 1495 761 si
1525 706 1698 776 pisces
1735 713 2072 775 caperentur,

495 809 587 852 aut
616 800 660 853 si
694 815 797 853 non
828 800 1181 868 caperentur?
1210 797 1313 854 Sed
1341 799 1426 853 illa
1459 798 1696 867 piscatio,
1740 807 1919 853 nostra
1960 804 2076 852 erat

495 890 1187 960 signitiwtiositecolamus
1225 905 1355 960 ergo
1398 890 1671 944 vobiscum
1696 888 1826 944 duas
1853 889 1969 942 illas
1995 889 2073 957 pi-

495 983 761 1038 scatioues
802 982 1180 1052 discipulorum
1225 982 1390 1036 factas
1419 981 1641 1052 jubente
1683 981 1906 1034 Domino
1950 979 2074 1035 Jesu

495 1073 733 1139 Christo,
763 1090 921 1127 unam
953 1082 1075 1127 ante
1104 1073 1403 1142 passionem
1426 1114 1440 1136 ,
1468 1072 1691 1126 alteram
1735 1080 1856 1140 post
1893 1085 2075 1125 resur-

495 1165 808 1221 rectionem.
844 1165 896 1219 lu
922 1164 1004 1220 his
1030 1180 1158 1235 ergo
1182 1164 1386 1218 duabus
1410 1165 1788 1233 piscatiouibus
1816 1171 1921 1218 tota
1944 1162 2067 1233 ligu-

493 1267 644 1311 ratur
678 1258 911 1313 Ecclesia
935 1301 947 1323 ,
978 1270 1031 1312 et
1060 1259 1226 1328 qualis
1256 1266 1337 1312 est
1375 1258 1553 1323 modo,
1585 1266 1636 1311 et
1668 1257 1839 1327 qualis
1878 1259 1978 1311 erit
2024 1257 2076 1310 in

497 1349 888 1402 resurrectione
912 1356 1262 1403 mortuorum.
1292 1347 1445 1401 Modo
1474 1346 1617 1400 enim
1652 1347 1811 1400 habet
1838 1346 1953 1399 sine
1982 1361 2082 1398 nu-

498 1452 646 1492 mero
676 1437 890 1503 multos,
914 1447 968 1492 et
995 1438 1161 1492 bonos
1181 1448 1234 1492 et
1259 1438 1458 1491 malos:
1489 1448 1607 1506 post
1631 1438 2078 1491 resurrectionem

497 1541 674 1586 autem
707 1532 918 1586 habebit
943 1540 1090 1585 certo
1117 1546 1337 1584 numero
1366 1530 1509 1583 solos
1537 1531 1724 1584 bonos.

568 1621 795 1676 CAPUT
824 1620 887 1674 ΙΙ.
912 1620 1051 1674 -2.
1077 1619 1301 1674 Piscatt'o
1341 1621 1521 1687 prima.
1556 1618 1921 1673 Recordamini
1952 1633 2079 1688 ergo

497 1711 723 1780 primam
754 1711 1098 1781 piseationem
1117 1751 1131 1775 ,
1164 1710 1255 1764 ubi
1288 1710 1561 1763 videamus
1590 1709 1880 1764 Ecclesiam
1909 1708 2079 1777 qualis

498 1811 582 1857 est
610 1803 661 1856 in
692 1805 793 1856 isto
815 1812 1073 1870 tempore.
1109 1802 1361 1855 Dominus
1390 1802 1547 1855 Jesus
1569 1802 1766 1855 invenit
1793 1801 2079 1870 discipulos

498 1908 623 1945 suos
655 1894 921 1962 piscantes
941 1935 956 1959 ,
984 1892 1196 1961 quando
1234 1893 1460 1959 primum
1504 1905 1596 1946 eos
1638 1891 1877 1954 vocavit,
1911 1900 1969 1944 ut
1996 1905 2081 1945 se-

499 1993 789 2052 querentur
812 1998 955 2037 eum.
979 1982 1129 2036 Tunc
1174 1990 1281 2036 tota
1325 1991 1477 2037 nocte
1524 1982 1652 2036 nihil
1693 1990 1968 2052 ceperunt.
2002 1982 2079 2037 Eo

497 2082 675 2127 autem
708 2073 842 2137 viso,
875 2073 1156 2128 audierunt
1181 2073 1248 2127 ab
1279 2074 1388 2139 illo,
1426 2073 1614 2127 Mittite
1649 2075 1794 2128 retia.
1836 2073 2074 2140 Domine,

500 2163 763 2231 inquiunt,
791 2180 884 2233 per
904 2172 1058 2216 totam
1093 2175 1286 2218 noctem
1316 2164 1443 2217 nihil
1472 2165 1730 2233 cepimus;
1755 2164 1842 2219 sed
1881 2181 1992 2220 ecce
2025 2166 2079 2221 in

497 2256 642 2308 verbo
669 2264 752 2308 tuo
774 2265 876 2310 rete
895 2258 1157 2315 mittimus.
1185 2258 1461 2323 Miserum,
1492 2258 1710 2327 iubente
1735 2258 2081 2329 Omnipoten-

500 2354 570 2399 le.
604 2345 737 2413 Quid
769 2347 940 2417 potuit
974 2346 1119 2401 aliud
1149 2349 1296 2411 ﬁeri,
1334 2348 1432 2402 nisi
1474 2347 1614 2417 quod
1658 2349 1745 2404 ille
1786 2350 2079 2406 voluisset?

497 2435 601 2489 Sed
634 2445 807 2490 tamen
834 2436 1024 2490 eodem
1066 2436 1183 2506 ipso
1226 2436 1366 2492 facto
1403 2437 1601 2507 aliquid
1634 2437 1822 2505 nobis,
1851 2447 1907 2493 ut
1933 2439 2076 2508 dixi,

497 2526 642 2594 quod
679 2539 838 2580 nosse
875 2527 1162 2595 expediat,
1193 2527 1492 2596 signiﬁcare
1521 2528 1764 2598 dignatus
1792 2538 1891 2584 est.
1921 2531 2078 2586 Missa

498 2623 622 2668 sunt
648 2616 799 2669 retia.
829 2615 1016 2670 Adhuc
1043 2617 1300 2671 Dominus
1321 2617 1557 2672 nondum
1580 2628 1694 2673 erat
1715 2634 1922 2688 passus,
1947 2635 2079 2677 non-

498 2703 627 2758 dum
652 2713 1035 2759 resurrcxerat.
1070 2706 1225 2760 Missa
1251 2716 1373 2760 sunt
1403 2708 1535 2760 retia
1558 2725 1572 2763 :
1594 2716 1849 2776 ceperunt
1878 2718 2078 2764 tantum

501 2794 745 2862 piscium,
767 2804 827 2847 ut
849 2794 955 2848 duo
982 2795 1188 2865 navigia
1220 2796 1587 2866 implerentur,
1615 2807 1669 2853 et
1694 2799 1807 2868 ipsa
1827 2800 1957 2854 retia
1983 2815 2078 2856 ea-

499 2887 619 2941 dem
651 2886 873 2956 piscium
900 2887 1234 2942 multitudine
1251 2889 1621 2944 scinderentur
1646 2889 1795 2959 (Luc.
1820 2907 1872 2958 v,
1900 2891 2072 2963 i-ll).

501 2977 650 3031 Tunc
663 2977 769 3031 illis
781 2976 940 3033 dixit:
969 2977 1139 3032 Venite
1155 2989 1201 3032 ct
1212 2980 1398 3050 faciam
1422 2996 1507 3034 vos
1528 2981 1799 3051 piscatores
1819 2982 2077 3037 hominum

500 3066 712 3141 (Matth.
737 3083 810 3133 tv,
842 3068 954 3140 l9).
987 3070 1320 3138 Acceperunt
1363 3071 1430 3124 ab
1473 3070 1564 3124 illo
1610 3073 1741 3125 retia
1770 3071 1918 3126 verbi
1945 3073 2074 3142 Dei,

499 3157 757 3211 miserunt
788 3158 838 3210 in
872 3158 1125 3212 mundum
1166 3169 1412 3228 tanquam
1443 3160 1495 3213 in
1524 3175 1672 3215 mare
1709 3160 2029 3232 profundum
2056 3180 2075 3218 :

498 3258 756 3317 ceperunt
796 3259 1046 3318 quantam
1091 3250 1481 3306 multitudinem
1505 3250 1931 3309 Christianorum
1960 3270 2079 3311 cer-

496 3341 674 3394 nimus
700 3349 755 3395 et
781 3341 1051 3395 miramur.
1084 3342 1197 3395 Duo
1220 3351 1398 3397 autem
1428 3343 1518 3397 illa
1541 3345 1744 3415 navigia
1765 3387 1780 3411 ,
1809 3345 1943 3402 duos
1983 3362 2078 3417 po-

500 3433 652 3502 pulos
677 3434 1061 3504 signiﬁcabant,
1080 3434 1382 3490 Judrcorum
1404 3444 1460 3491 et
1487 3435 1756 3502 Gentium,
1784 3437 2077 3510 Synagogae

499 3532 556 3578 et
583 3523 856 3591 Ecclesiae,
870 3524 1288 3580 circumcisionis
1315 3534 1369 3580 et
1398 3528 1659 3596 praeputii.
1690 3528 1904 3589 Illorum
1932 3529 2075 3585 enim

499 3614 724 3668 duorum
772 3615 1134 3685 navigiorum,
1163 3625 1409 3685 tanquam
1453 3616 1677 3671 duorum
1720 3620 1979 3689 parietum
2007 3620 2077 3675 de

498 3704 709 3759 diverso
761 3704 1080 3760 venientium
1113 3744 1129 3769 ,
1182 3706 1316 3777 lapis
1387 3707 1652 3775 angularis
1702 3718 1785 3762 est
1836 3708 2076 3764 Christus

500 3795 713 3866 (Ep/tes.
743 3811 813 3860 ιι,
848 3796 1059 3867 1132).
1091 3795 1195 3851 Sed
1225 3796 1348 3865 quid
1378 3797 1715 3852 audivimus?
1754 3798 1829 3853 lbi
1868 3814 2076 3869 preme-

394 3909 403 3921 ν
500 3885 691 3939 bantur
718 3887 921 3956 navigia
953 3902 1061 3956 pra:
1090 3887 1442 3941 multitudine.
1488 3886 1578 3941 Sic
1609 3887 1667 3942 iit
1696 3889 1855 3943 modo
1882 3907 1896 3941 :
1924 3889 2073 3944 multi

497 3976 770 4030 christiani
792 3977 879 4046 qui
908 3977 1043 4031 male
1068 3977 1267 4040 vivunt,
1285 3976 1574 4031 Ecclesium
1597 3987 1860 4046 premunt.
1882 3980 2073 4035 Parum

497 4078 580 4125 est
604 4070 723 4140 quia
751 4078 997 4140 premunt
1019 4083 1035 4121 :
1057 4075 1112 4123 et
1139 4068 1272 4123 retia
1297 4068 1653 4139 disrumpunt.
1697 4069 1855 4123 Nam-
1876 4071 1922 4124 si
1966 4085 2075 4126 nou

497 4170 680 4218 essem
704 4163 833 4216 retia
861 4161 1049 4227 scissa,
1078 4160 1365 4215 schismata
1390 4174 1494 4213 non
1515 4169 1694 4214 essent
1717 4159 2020 4214 conmissa.

496 4282 499 4295 ‹
566 4251 792 4308 CAPUT
832 4250 918 4306 lll.
947 4281 1021 4293 —
1061 4251 1114 4305 5.
1160 4249 1396 4304 Secunda
1440 4251 1667 4317 piscatio.
1720 4250 2073 4305 Transeamus

496 4358 626 4414 ergo
653 4344 721 4399 ab
760 4343 859 4399 ista
890 4343 1183 4412 piscatione
1209 4356 1366 4412 quam
1398 4341 1704 4403 toleramus.
1744 4351 1798 4398 et
1833 4342 1899 4397 ad
1928 4343 2070 4397 illam

495 4434 770 4489 veniamus
823 4447 981 4501 quam
1029 4431 1281 4487 ardenter
1320 4441 1566 4501 optamus
1609 4441 1664 4487 et
1708 4432 1937 4486 ﬁdeliter
1974 4446 2071 4486 ex-

495 4531 760 4591 optamus.
795 4521 935 4575 Ecce
957 4521 1214 4574 Dominus
1232 4530 1472 4574 mortuus
1497 4520 1704 4585 est,sed
1731 4520 2024 4576 resurrexit
2049 4535 2066 4572 :

494 4611 736 4682 apparuit
763 4610 831 4665 ad
861 4624 1007 4664 mare
1034 4609 1305 4677 discipulis
1332 4613 1462 4669 suis,
1490 4610 1642 4677 jubet
1667 4625 1761 4665 eos
1789 4612 1921 4665 retia
1943 4610 2070 4664 mit-

497 4713 631 4769 tere,
658 4715 769 4757 non
796 4699 1309 4770 quomodocumque.
1343 4699 1624 4754 lntendite.
1654 4699 1785 4754 Nam
1816 4704 1868 4755 in
1901 4700 2069 4769 prima

493 4793 789 4863 piscatione
810 4807 915 4846 non
945 4790 1048 4845 illis
1085 4789 1239 4857 dixit,
1284 4790 1471 4845 Mittite
1498 4790 1628 4844 retia
1661 4790 1714 4844 in
1757 4789 2028 4845 dexteram
2048 4831 2067 4858 ,

489 4894 581 4940 aut
609 4884 661 4939 in
693 4883 987 4940 sinistram.
1026 4880 1161 4949 Quia
1203 4882 1246 4935 si
1285 4880 1518 4945 diceret,
1549 4879 1607 4934 In
1636 4879 1937 4945 sinistram;
1968 4880 2071 4934 soli

489 4979 616 5034 mali
658 4977 1085 5049 signiﬁcarentur
1124 4990 1140 5029 :
1179 4973 1225 5028 si
1259 4972 1494 5038 diceret,
1532 4972 1591 5026 In
1616 4971 1929 5038 dexteram;
1969 4970 2069 5026 soli

491 5069 613 5125 boni
646 5068 1020 5140 ﬁgurarenlur.
1045 5064 1171 5122 ideo
1208 5080 1315 5120 non
1350 5063 1507 5128 dixit,
1534 5062 1641 5130 vel,
1675 5061 1730 5116 ιιι
1753 5061 2026 5118 dexteram
2047 5100 2065 5128 ,

491 5161 597 5226 vel,
628 5160 684 5215 In
712 5160 980 5216 sinistram
1002 5199 1018 5224 ,
1060 5158 1182 5228 quia
1224 5156 1471 5226 permixti
1497 5163 1648 5210 erant
1675 5154 1919 5224 capiendi
1942 5153 2069 5209 boni

493 5268 611 5307 cum
643 5251 815 5305 malis.
846 5249 962 5305 Jam
988 5247 1147 5304 modo
1167 5256 1286 5318 post
1312 5246 1758 5301 resurrectionem
1780 5245 1950 5315 qualis
1968 5244 2067 5300 erit

495 5343 750 5408 Ecclesia,
793 5338 995 5409 audite',
1043 5340 1350 5405 discernite,
1379 5338 1624 5407 gaudete,
1654 5348 1886 5406 sperate,
1915 5351 2065 5392 com-

498 5432 823 5506 prehendite.
854 5432 1055 5496 Mittite,
1086 5429 1274 5501 inquit,
1304 5429 1432 5483 retia
1466 5428 1520 5481 in
1556 5427 1813 5481 dexteram
1852 5435 2063 5497 partem.

491 5522 608 5579 Jam
635 5524 839 5579 dexteri
864 5523 1146 5594 capiuntur
1183 5538 1198 5574 :
1245 5519 1374 5575 nulli
1418 5520 1541 5574 mali
1580 5519 1883 5574 timeantur.
1906 5517 2066 5573 Scitis

490 5628 631 5667 enim
660 5616 781 5683 quia
811 5614 941 5669 dixit
970 5629 1029 5669 se
1053 5616 1418 5682 separatorum
1456 5624 1576 5666 esse
1612 5624 1740 5665 oves
1768 5609 1834 5664 ab
1856 5608 2062 5674 haedis;

493 5717 617 5757 oves
652 5705 944 5773 positurum
990 5705 1057 5763 ad
1089 5702 1393 5772 dexteram,
1443 5706 1625 5766 haedos
1647 5700 1715 5759 ad
1752 5701 2059 5783 sinistram;

1724 317 1781 374 S.
1821 308 1958 375 AUC
1968 315 2187 374 USTlNl
2228 316 2526 374 EPlSCOPI

3631 325 3745 382 ιιτο

2182 433 2412 487 sinistris
2439 431 2705 486 dicturum
2729 472 2741 496 ,
2784 432 2864 487 Ite
2904 433 2956 487 in
2999 434 3165 505 ignem
3206 445 3482 503 interitum,
3533 440 3753 496 dexteris

2180 525 2466 590 dicturum,
2497 524 2720 595 Accipite
2745 540 2955 595 regnum
2987 525 3201 599 (Matth.
3236 531 3466 595 xxv,4l,
3488 531 3599 600 Si).
3630 533 3753 590 Ecce

2186 616 2345 681 unde,
2380 613 2566 670 Mittite
2588 618 2715 671 retia
2741 618 2795 671 in
2828 616 3091 672 dexteram
3118 629 3333 690 parturn.
3366 621 3642 688 Miserum,
3668 642 3750 680 ce-

2186 717 2379 778 perunt
2429 725 2444 762 :
2493 716 2671 764 certus
2709 717 2791 763 est
2834 722 3125 774 numerus;
3161 726 3318 766 nemo
3362 722 3446 767 est
3497 713 3568 767 ibi
3604 729 3757 784 super

2184 813 2464 852 numerum
2496 797 2665 871 (Psat.
2687 814 2873 866 nux,
2899 800 2973 870 8).
3006 800 3162 856 Modo
3187 811 3362 857 autem
3392 807 3576 873 quanti
3608 820 3760 876 super

2184 903 2462 943 numerum
2487 889 2745 944 accedunt
2769 890 2835 944 ad
2861 891 3047 954 altare,
3079 893 3131 946 in
3160 894 3355 962 populo
3377 895 3471 949 Dei
3502 897 3751 962 videntur,

2183 986 2238 1031 et
2273 979 2325 1032 in
2356 979 2492 1033 libro
2517 979 2639 1033 vitae
2668 994 2772 1034 non
2809 981 3130 1036 scribuntur.
3179 981 3253 1037 lbi
3296 999 3425 1053 ergo
3456 997 3633 1040 certus
3660 1004 3755 1041 nu.

2184 1085 2363 1126 merus
2391 1079 2492 1126 est.
2530 1071 2610 1126 De
2651 1072 2840 1142 quibus
2878 1073 3113 1142 piscibus
3150 1083 3205 1129 et
3229 1089 3323 1129 vos
3341 1091 3464 1131 esse
3484 1076 3752 1141 aﬂ‘ectate;

2183 1173 2289 1214 non
2324 1160 2589 1216 audiendo
2627 1170 2829 1217 tantum
2874 1170 2929 1217 et
2961 1163 3226 1219 laudando
3248 1205 3262 1231 ,
3302 1166 3399 1220 sed
3425 1167 3758 1236 intelligendo

2183 1262 2237 1305 et
2284 1250 2421 1305 bene
2456 1251 2701 1306 vivendo.
2755 1252 3032 1307 Mittuntur
3083 1269 3213 1324 ergo
3251 1256 3382 1310 retia
3411 1295 3429 1322 ,
3486 1260 3757 1327 capiuntur

2183 1342 2356 1411 pisces
2383 1343 2578 1413 magni.
2612 1344 2741 1410 Quis
2763 1354 2844 1398 est
2871 1345 3011 1399 enim
3056 1345 3126 1400 ibi
3155 1357 3278 1401 tunc
3304 1361 3521 1416 parvus,
3554 1350 3758 1419 quando

2183 1441 2341 1487 erunt
2378 1435 2613 1504 {equales
2653 1435 2869 1504 Angelis
2906 1437 2997 1490 Dei
3039 1435 3249 1508 (Matth.
3304 1454 3437 1502 xum,
3489 1440 3619 1512 50)?
3657 1439 3759 1495 Ca-

2184 1524 2400 1592 piuntur
2430 1540 2558 1595 ergo
2586 1527 2756 1595 pisces
2790 1529 2987 1597 magni,
3035 1538 3247 1583 centum
3284 1531 3661 1601 quinquaginta
3705 1543 3758 1589 et

2186 1623 2310 1669 tres.
2341 1617 2490 1672 Dicet
2527 1619 2657 1672 mihi
2686 1620 2894 1688 aliquis,
2930 1619 2996 1673 Et
3031 1628 3105 1674 tot
3128 1631 3282 1674 erunt
3306 1623 3521 1676 sancti?
3547 1624 3697 1677 Absit
3720 1641 3751 1678 a

2180 1706 2337 1760 nobis
2368 1720 2423 1761 ut
2451 1717 2650 1762 tantam
2696 1711 3011 1777 paucitatem
3036 1724 3157 1764 esse
3185 1719 3494 1766 sanctorum
3514 1721 3571 1766 ct
3590 1714 3641 1766 in
3671 1713 3757 1768 illo

2183 1810 2348 1865 regno
2386 1796 2686 1853 futurorum
2724 1800 2883 1855 etiam
2909 1800 2976 1855 de
3004 1800 3119 1856 sola
3143 1801 3239 1855 ista
3268 1803 3503 1859 Ecclesia
3525 1805 3754 1874 suspice-

2183 1900 2323 1939 mur.
2362 1885 2551 1941 Certus
2595 1904 2848 1943 numerus
2883 1890 2983 1943 erit
3007 1906 3021 1943 :
3048 1890 3143 1944 sed
3172 1891 3336 1944 millia
3358 1892 3584 1946 millium
3610 1904 3753 1949 erunt

2184 1973 2250 2029 de
2278 1976 2475 2045 populo
2503 1975 2805 2032 Israelitico.
2846 1977 3079 2033 Joannes
3120 1989 3335 2033 sanctus
3360 1980 3415 2035 in
3443 1983 3747 2054 Apocalypsi

2183 2062 2251 2120 de
2280 2066 2395 2121 solo
2420 2067 2618 2136 populo
2652 2067 2812 2123 Israel
2846 2067 3132 2125 duodecies
3157 2069 3400 2125 duodena
3443 2072 3607 2127 millia
3630 2074 3745 2131 dicit

2183 2154 2388 2211 futuros
2407 2198 2422 2222 ,
2453 2157 2546 2228 qui
2573 2172 2631 2211 se
2650 2172 2769 2212 cum
2796 2159 3105 2214 mulieribus
3118 2175 3227 2215 non
3243 2161 3701 2231 coinquinavenmt
3720 2182 3737 2230 ;

2184 2248 2417 2318 virgines
2458 2250 2605 2305 enim
2651 2260 3075 2320 permanserunt.
3130 2252 3197 2306 At
3247 2268 3375 2306 vero
3427 2253 3496 2308 de
3550 2258 3738 2311 exteris

2181 2338 2426 2408 gentibus
2458 2340 2639 2394 venire
2675 2338 2805 2394 dicit
2843 2353 2967 2393 cum
3016 2340 3169 2393 stolis
3217 2339 3355 2395 albis
3401 2350 3542 2395 tanta
3590 2344 3733 2397 millia

2184 2430 2493 2497 hominum,
2535 2445 2654 2500 qua:
2692 2445 2973 2485 munerare
3022 2444 3178 2485 nemo
3232 2439 3406 2502 potest
3437 2431 3630 2504 (Apoc.
3670 2449 3731 2488 vn

2182 2528 2230 2573 et
2265 2519 2399 2590 xu).
2642 2510 2645 2511 ⁷

2252 2608 2478 2665 CAPUT
2505 2609 2591 2664 IV.
2626 2638 2699 2650 —-
2730 2611 2787 2664 4.
2832 2609 3088 2664 Numerus
3127 2610 3341 2680 piscium
3380 2612 3501 2682 quid
3534 2614 3732 2683 mysterii

2182 2699 2383 2755 habeat.
2431 2699 2691 2772 Praecpta
2724 2700 2895 2754 nullus
2934 2701 3143 2770 implet,
3180 2702 3277 2755 nisi
3321 2702 3528 2774 adjutus
3566 2705 3729 2774 gratia.

2182 2791 2411 2861 Aliquod
2438 2806 2567 2862 ergo
2591 2792 2799 2862 signum
2828 2792 2939 2847 vult
2978 2793 3079 2847 iste
3117 2808 3368 2848 numerus
3388 2837 3404 2862 ,
3433 2803 3485 2849 et
3508 2795 3729 2849 anniver-

2186 2885 2322 2938 saria
2349 2884 2686 2940 solemnitate
2710 2887 2974 2941 sermonis
3000 2887 3155 2956 hujus
3173 2902 3581 2944 commemorare
3599 2890 3730 2944 vobis

2183 2972 2386 3038 debeo,
2415 2973 2558 3042 quod
2587 2975 2730 3029 omni
2756 2989 2897 3031 anno
2918 2977 3100 3030 soletis
3126 2977 3332 3033 audire.
3359 2979 3572 3033 Centum
3594 2979 3732 3050 quin-

2181 3065 2428 3135 quaginta
2458 3072 2511 3120 et
2534 3073 2640 3120 tres
2664 3067 2857 3137 pisces,
2890 3083 3141 3122 numerus
3163 3077 3243 3123 est
3266 3070 3562 3139 signiﬁcans
3582 3072 3729 3126 millia

2183 3155 2409 3209 millium
2445 3165 2749 3211 sanctorum
2779 3166 2937 3226 atque
2961 3158 3214 3212 ﬁdelium.
3246 3160 3423 3227 Quare
3444 3173 3608 3216 autem
3642 3163 3737 3217 isto

2182 3258 2406 3299 nautero
2423 3254 2499 3299 tot
2518 3246 2700 3313 millia,
2725 3263 2844 3317 qua:
2874 3248 3043 3302 futura
3067 3256 3190 3301 sunt
3211 3249 3264 3303 in
3293 3265 3457 3320 regno
3477 3254 3734 3318 caelorum,

2181 3337 2437 3392 Dominus
2461 3339 2757 3408 significare
2781 3340 3024 3409 dignatus
3045 3350 3127 3394 est
3142 3340 3166 3392 ?
3181 3341 3377 3396 Audite
3396 3359 3570 3411 quare.
3589 3344 3739 3399 Scitis

2180 3426 2377 3497 Legem
2429 3427 2607 3482 datam
2658 3444 2780 3484 esse
2813 3444 2912 3500 per
2943 3430 3157 3501 Moysen
3199 3433 3397 3501 populo
3440 3434 3551 3499 Dei,
3586 3443 3640 3489 et
3688 3435 3735 3488 in

2180 3520 2293 3590 ipsa
2344 3519 2483 3589 Lege
2520 3520 2849 3591 praecipuum
2885 3522 3288 3577 commemorari
3335 3525 3659 3596 Dccalogum,
3689 3527 3736 3581 id

2180 3618 2296 3674 est,
2339 3610 2525 3665 decem
2554 3619 2829 3680 prceccpta
2847 3611 3023 3681 Legis.
3054 3612 3288 3681 Quorum
3317 3625 3402 3670 est
3428 3631 3581 3670 unum
3607 3632 3740 3686 pra.»

2180 3713 2391 3772 ceptum
2417 3702 2484 3757 de
2508 3703 2732 3757 colendo
2768 3718 2874 3757 uno
2906 3704 3045 3768 Deo;
3079 3706 3370 3759 secundum
3395 3719 3698 3777 prteceptum
3719 3746 3734 3770 ,

2181 3791 2267 3846 Ne
2293 3793 2514 3862 accipias
2536 3809 2713 3846 nomen
2740 3793 2947 3846 Domini
2978 3793 3074 3847 Dei
3100 3795 3172 3847 tui
3199 3796 3253 3849 in
3282 3812 3506 3862 uanum;
3534 3799 3735 3852 tertium

2181 3893 2499 3953 princeptnm
2527 3882 2594 3938 de
2622 3884 2991 3939 observatione
3031 3884 3254 3950 sabbati,
3298 3888 3439 3955 quod
3467 3886 3736 3941 Christiani

2179 3974 2522 4043 spiritualiter
2545 3973 2849 4035 observant,
2885 3974 3052 4029 Judaei
3082 3977 3368 4031 carnaliter
3406 3978 3608 4033 violant.
3636 3976 3731 4031 ista

2180 4064 2280 4118 tria
2319 4073 2579 4133 praecepta
2603 4064 2673 4118 ad
2702 4064 2866 4119 Deum
2895 4065 3184 4135 pertinent,
3209 4065 3411 4135 reliqua
3455 4078 3645 4137 septem
3669 4063 3730 4119 ad

2178 4154 2424 4210 homines
2451 4171 2464 4207 :
2498 4163 2713 4224 propter
2742 4156 2829 4208 itla
2853 4154 2963 4209 duo
2983 4157 3311 4225 principalia,
3343 4156 3532 4228 Diliges
3564 4154 3725 4209 Denti-

2178 4260 2299 4297 num
2320 4243 2485 4297 Deum
2506 4253 2647 4297 tuum
2667 4244 2720 4296 in
2743 4254 2843 4297 toto
2863 4244 3015 4298 corde
3037 4253 3143 4309 tuo,
3167 4254 3213 4298 et
3238 4260 3305 4298 ea:
3322 4255 3427 4300 tota
3444 4248 3600 4299 animo
3625 4254 3722 4308 tua,

2177 4344 2223 4391 et
2246 4352 2312 4392 ea:
2335 4344 2443 4390 tota
2469 4345 2629 4390 mente
2655 4344 2743 4389 tcta
2760 4353 2780 4400 ;
2827 4345 2873 4389 et
2910 4336 3090 4406 diliges
3130 4336 3417 4405 proximum
3456 4347 3585 4390 tum
3626 4344 3723 4386 tan-

2176 4444 2327 4499 quam
2356 4437 2403 4480 te
2426 4428 2612 4497 ipsum.
2646 4425 2713 4479 In
2735 4426 2814 4480 his
2838 4426 3033 4480 duobus
3060 4428 3315 4482 mandatis
3332 4469 3346 4492 ,
3380 4438 3481 4482 tota
3501 4427 3596 4481 Lex
3616 4439 3717 4496 pett-

2177 4520 2258 4571 ἀει
2286 4528 2334 4572 et
2362 4516 2635 4589 Propheta!
2666 4514 2876 4587 (Matth.
2923 4532 3060 4582 nu,
3094 4517 3305 4589 57.40).
3337 4519 3469 4587 Quia
3492 4530 3605 4587 ergo
3626 4516 3721 4570 duo

2175 4617 2303 4663 sunt
2327 4608 2425 4662 ista
2456 4615 2746 4678 pracepta,
2775 4606 2829 4660 in
2854 4606 2948 4660 illo
2974 4607 3241 4676 Deealogo
3264 4609 3367 4663 tria
3396 4605 3717 4678 pertinens-1

2175 4699 2511 4756 dilectionem
2552 4696 2674 4764 Dei,
2703 4705 2761 4753 et
2787 4708 2990 4768 septem
3019 4698 3085 4752 ad
3127 4698 3464 4755 dilectionem
3501 4696 3716 4769 proximi.

2175 4790 2303 4858 Qua:
2338 4800 2465 4844 sunt
2507 4798 2709 4859 septem
2750 4789 3063 4859 pertinentia
3090 4787 3156 4843 ad
3186 4790 3493 4845 hominem?
3539 4788 3720 4842 Honora

2176 4892 2371 4951 patrem
2394 4891 2536 4933 tarum
2560 4888 2608 4934 et
2630 4888 2857 4944 matrem,
2882 4879 3005 4933 Non
3020 4879 3360 4947 machaberis,
3384 4879 3515 4935 Non
3532 4878 3726 4942 occides,

2177 4970 2301 5026 Non
2330 4971 2576 5041 [νωθεγῶ
2594 5011 2609 5036 ,
2644 4969 2765 5024 Non
2793 4970 2981 5042 [etsunt
3005 4971 3340 5024 testintonitmt
3374 4971 3589 5036 dixeris,
3618 4967 3730 5023 Non

2176 5061 2497 5131 concupisces
2520 5072 2731 5114 nitorem
2754 5058 2972 5130 proximi
2996 5058 3095 5123 tui,
3131 5055 3257 5113 Non
3284 5060 3601 5130 concupisces
3636 5072 3736 5111 rem

2177 5152 2395 5222 proximi
2412 5151 2491 5203 tui
2514 5148 2703 5223 (Exod.
2734 5163 2824 5216 ιιι,
2853 5148 3029 5217 1-17).

2243 5241 2469 5299 CAPUT
2510 5241 2574 5297 ν.
2600 5270 2673 5281 --
2698 5241 2822 5295 llaec
2848 5240 3038 5295 decem
3071 5248 3337 5310 praecepta
3373 5256 3532 5297 nemo
3568 5240 3739 5311 implet

2151 5333 2355 5388 viribus
2392 5333 2503 5388 suis
2522 5373 2536 5397 ,
2565 5332 2666 5386 nisi
2696 5331 2981 5400 adjuvetur
2996 5331 3169 5402 gratia
3198 5331 3310 5385 Dei.
3342 5331 3399 5388 Si
3425 5346 3554 5404 ergo
3576 5333 3738 5403 legem

2172 5439 2332 5480 nemo
2364 5425 2552 5495 implet
2586 5423 2786 5479 viribus
2827 5423 2958 5491 suis,
3000 5422 3106 5477 nisi
3144 5422 3283 5478 Deus
3310 5423 3525 5493 adjuvet
3550 5424 3738 5495 Spiritu

2172 5531 2303 5581 suo;
2350 5512 2460 5585 jam
2506 5515 2728 5570 recolite
2772 5511 3215 5583 quemadmodum
3259 5512 3490 5583 Spiritus
3536 5521 3734 5569 sancttts

2171 5605 2473 5676 septenario
2504 5620 2729 5661 munero
2756 5601 3157 5659 commendawr
3176 5646 3188 5667 ,
3216 5604 3372 5659 sicuti
3390 5615 3603 5661 sanctus
3620 5618 3733 5674 pro-

2175 5698 2330 5774 pheta
2358 5697 2524 5767 dicit,
2568 5695 2890 5766 implendum
2928 5694 3195 5753 hominem
3240 5694 3444 5767 Spiritu
3483 5696 3609 5767 Dei,
3649 5704 3734 5751 sa-
