1963 3094
137 165 200 193 [alii

135 223 240 257 pientia-
254 226 281 249 et
295 221 452 253 intellectus,
467 221 569 249 consilii
583 225 609 248 et
622 220 790 252 fortitudinis,
806 221 925 248 scientiae

133 273 159 296 ct
174 267 294 302 pictatis,
315 266 414 301 Spiritu
436 266 540 293 timoris
554 265 599 293 Dei
616 264 695 300 (Iani.
714 274 752 298 ιιι,
766 265 795 299 2,
811 265 850 300 3).
866 265 926 293 Ista:

133 318 235 347 septem
250 312 420 347 operationes
433 311 622 339 commendant
642 312 795 346 septenario
814 318 925 339 numero

132 360 259 395 Spiritum
274 363 397 386 sanetum
408 379 415 390 ,
431 359 476 393 qui
495 358 571 393 quasi
585 358 749 386 descendens
762 357 795 385 ad
810 365 868 391 nos,
884 358 925 385 in-

131 406 195 440 cipit
207 413 222 432 a
236 404 365 440 sapientia
376 426 383 437 ,
403 403 460 431 ﬁuit
473 403 506 431 ad
521 405 653 431 timorem.
666 403 719 431 Nos
729 407 818 430 autem
829 410 924 431 ascen—

131 452 227 479 dentes
250 451 390 485 incipimus
408 457 422 476 a
443 449 557 482 timore,
578 449 730 484 perﬁcimur
742 449 768 476 in
784 448 923 483 sapientia.

131 497 238 524 Initium
251 496 323 524 enim
335 495 464 531 sapientia
478 495 553 522 timor
564 494 666 522 Domini
683 494 775 530 (Eccli.
789 503 808 527 ι,
823 494 880 528 16).
896 494 924 522 Si

130 551 195 578 ergo
213 542 314 577 Spiritu
329 549 396 576 opus
408 545 449 569 est
461 545 491 568 ut
505 541 545 568 lex
561 540 644 574 possit
661 540 781 574 impleri,
796 539 924 567 accedant

130 594 233 624 septem
247 588 281 616 ad
294 588 402 618 decem,
426 587 454 614 ﬁt
475 593 599 614 numerus
618 586 710 613 decem
726 590 752 613 et
769 590 880 620 septem.
895 585 923 612 Si

131 639 270 669 computes
290 634 324 660 ab
345 641 397 660 uno
420 639 505 667 usque
524 631 556 658 ad
577 631 669 658 decem
683 635 710 658 et
724 635 841 666 septem,
858 630 924 657 ﬁunt

132 684 239 708 centum
256 677 446 713 quinquaginta
468 681 495 704 et
516 681 580 704 tres.
607 676 664 703 Non
685 684 752 711 opus
772 680 813 703 est
834 676 923 703 omnia

132 734 203 753 nunc
217 732 368 756 numerare,
383 723 453 758 apud
469 730 516 750 vos
529 727 668 750 numerate
684 730 690 748 ι
705 722 744 749 sic
758 725 922 756 computate,

131 781 212 801 mmm
226 778 253 809 et
264 772 318 799 duo
327 776 355 799 et
367 772 415 798 tria
428 776 455 797 et
468 775 582 805 quatuor
594 774 655 796 sunt
668 769 770 796 decem.
783 768 924 802 Quomodo

131 821 224 848 decem
239 824 392 846 suntunum
403 822 429 844 et
439 817 492 844 duo
502 821 527 844 ct
544 816 592 843 tria
608 820 636 843 ct
654 820 778 850 quatuor,
804 814 842 842 sic
855 813 924 841 adde

130 871 243 893 ceteros
265 871 390 891 utnneros
411 871 494 898 usque
506 862 538 889 ad
554 863 646 889 decem
659 866 684 889 et
697 866 799 896 septem
818 870 825 888 :
840 865 867 887 et
884 860 925 887 in-

131 911 207 938 venis
221 917 360 937 numerum
376 916 479 936 sacrum
495 907 611 935 ﬁdelium
625 912 704 942 atque
724 911 877 934 sanctorum
897 906 923 933 in

130 957 285 986 cmlestibus
301 964 361 985 eum
376 955 488 983 Domino
503 954 662 982 futurortun.

355 1032 469 1061 SERMO
488 1030 613 1060 CCXLIX
628 1032 636 1042 ‘
653 1030 702 1067 (ιι).

355 1093 380 1114 ιιι
391 1089 478 1114 diebus
488 1088 647 1118 Paschalibus,
660 1093 702 1112 xx.

197 1141 234 1171 De
246 1143 333 1171 eadem
353 1141 456 1168 lectione
470 1145 493 1167 et
512 1140 543 1166 ds
556 1139 654 1167 duabus
667 1138 856 1174 piscationibus.

169 1212 195 1238 i.
218 1209 330 1236 Piscatio
347 1210 422 1243 jussu
440 1206 542 1233 Domini
562 1208 629 1242 facta
643 1205 746 1239 duplex.
767 1204 923 1231 Andivimus

132 1255 327 1290 Evangelium,
351 1251 574 1287 quemadmodum
597 1249 723 1277 Dominus
746 1249 843 1281 Jcsus,
865 1254 925 1284 post

131 1292 357 1330 resurrectionem
390 1297 512 1333 apparuit
540 1295 676 1331 discipulis
703 1295 866 1330 piscantibus
891 1295 925 1322 ad

132 1355 208 1376 mare
218 1345 374 1373 Tiberiadis.
386 1343 498 1378 Quando
508 1350 555 1370 eos
568 1342 671 1369 vocavit
683 1342 807 1377 primum,
822 1341 926 1369 dixerat

130 1393 174 1421 cis
190 1402 196 1419 :
216 1390 304 1418 Venite
316 1394 371 1425 post
384 1397 432 1421 nte,
449 1393 471 1415 et
485 1388 577 1424 faciam
591 1396 635 1414 vos
649 1387 784 1422 piscatores
797 1387 926 1414 hominum

131 1436 240 1472 (Matth.
255 1444 292 1469 tv,
306 1434 361 1470 19).
378 1434 410 1461 Et
425 1438 487 1460 tunc
499 1433 605 1468 quidem
620 1432 726 1468 quatido
740 1432 825 1459 vocati
840 1438 902 1459 sunt
916 1453 924 1464 ,

130 1482 167 1509 ad
180 1482 238 1517 ejus
253 1480 362 1508 verbum
385 1479 519 1506 mittentes
543 1477 608 1505 retia
621 1498 629 1511 ,
654 1482 782 1512 ceperunt
803 1484 925 1512 magnam

130 1527 330 1556 multitudinem
351 1526 478 1561 piscium;
494 1524 541 1552 sed
557 1530 683 1551 numerus
697 1531 750 1551 non
768 1528 809 1551 est
826 1523 923 1551 dictus.

130 1574 237 1603 Deinde
259 1574 286 1600 in
309 1572 366 1607 ipsa
388 1570 533 1606 piscatione
548 1570 645 1604 prima,
661 1577 714 1597 non
737 1570 775 1597 eis
797 1569 924 1604 dixerat,

129 1620 229 1647 Mittite
242 1623 292 1645 rete
306 1618 333 1644 in
348 1616 475 1649 decteram
488 1620 605 1650 partem:
619 1614 666 1642 sed
681 1618 783 1642 tantum
798 1614 923 1649 dixerat,

129 1665 230 1693 Mittite
238 1672 247 1695 ;
264 1670 322 1695 nec,
347 1661 374 1688 In
397 1660 533 1688 dexteram
555 1659 637 1692 dixit;
660 1667 719 1693 nec,
734 1659 762 1687 In
778 1659 922 1687 sinistram.

127 1710 234 1744 Captus
248 1712 289 1735 est
308 1712 397 1734 autem
413 1710 501 1733 tantus
522 1704 632 1739 piscium
651 1712 787 1738 numerus,
807 1709 838 1732 ut
853 1709 925 1733 esset

127 1754 192 1783 sine
205 1760 325 1783 numero,
340 1747 367 1778 et
378 1754 487 1778 onerata
504 1754 565 1777 sunt
579 1749 680 1785 navigia
694 1757 797 1778 eorum.
812 1749 846 1777 Et
860 1757 925 1785 quo-

127 1799 215 1827 modo
226 1802 334 1825 onerata
345 1796 425 1824 sunt?
439 1796 482 1823 Sic
496 1795 612 1830 loquitur
623 1794 806 1830 Evangelium,
821 1794 856 1822 Ut
863 1802 926 1830 pene

128 1848 304 1879 mergerentur
319 1841 392 1875 (Luc.
404 1849 429 1873 v,
445 1841 535 1875 1-H).
547 1841 622 1867 Tunc
635 1840 675 1867 eis
688 1840 756 1867 dixit
768 1840 839 1876 quod
849 1848 924 1868 com-

129 1889 290 1922 memoravi,
310 1887 396 1914 Venite
415 1891 471 1922 post
496 1895 534 1914 me
546 1907 553 1919 ,
578 1891 601 1913 et
621 1886 713 1921 faciam
731 1894 774 1913 vos
790 1886 925 1921 piscatores

129 1935 273 1963 hominum.
292 1932 331 1961 Ad
350 1933 407 1968 ipsa
422 1932 487 1959 retia
508 1932 683 1966 pertinemus,
704 1938 797 1959 sumus
818 1932 924 1966 quidem

130 1981 188 2009 illis
209 1980 309 2007 retibus
324 1978 410 2013 capti;
428 1977 474 2005 sed
495 1985 546 2005 non
562 1984 730 2005 remanemus
744 1978 852 2012 captivi.
866 1977 924 2005 Non

130 2027 227 2054 timeat
240 2025 297 2059 capi
314 2024 393 2050 homo
412 2031 418 2049 :
435 2023 457 2050 si
474 2022 532 2057 capi
548 2027 644 2057 potest,
657 2022 743 2056 decipi
758 2030 811 2050 non
827 2027 923 2057 potest.

129 2070 186 2099 Sed
197 2068 260 2104 quid
271 2069 321 2096 sibi
335 2068 391 2096 vult
402 2068 451 2095 ista
465 2072 598 2102 postrema
610 2067 729 2102 piscatio,
740 2067 774 2095 de
784 2075 834 2102 qua
846 2067 925 2096 hodie

129 2116 232 2144 lectum
247 2118 288 2142 est
302 2112 495 2148 Evangelium?
516 2112 645 2147 Apparuit
666 2112 792 2139 Dominus
808 2112 924 2147 piscato-

129 2162 208 2189 ribus
225 2165 299 2187 stans
312 2159 339 2185 in
353 2159 453 2190 littore,
470 2162 497 2185 et
509 2157 629 2192 qua-sivit
642 2158 675 2184 ab
689 2158 727 2185 eis
742 2163 829 2186 utrum
845 2158 926 2186 habc-

128 2210 194 2234 rent
218 2204 431 2240 pulmentarium.
453 2202 582 2230 Dixerunt
605 2209 635 2230 se
654 2210 707 2230 non
729 2202 924 2236 habere;nibil

128 2253 204 2278 enim
218 2254 343 2284 ceperant
356 2253 410 2276 tota
424 2252 511 2275 nocte.
525 2247 602 2275 Etait
617 2247 679 2280 illis,
696 2247 789 2275 Mittite
802 2249 828 2276 in
839 2249 925 2276 dexta-

129 2303 190 2323 ram
203 2292 402 2330 partem:un
420 2297 482 2320 tunc
500 2300 553 2319 non
566 2292 678 2319 dixerat.
696 2293 725 2320 Et
741 2292 881 2326 fecerunt;
897 2298 924 2321 et

129 2348 186 2368 non
203 2343 325 2374 poterant
337 2338 443 2365 trahere
456 2337 523 2364 retia
539 2345 593 2372 pra:
608 2337 776 2365 multitudine
799 2338 922 2373 piscium.

129 2384 236 2414 Inventi
253 2389 314 2412 sunt
328 2387 416 2410 autem
429 2383 515 2418 pisces
530 2387 635 2409 centum
654 2383 842 2418 quinquaginta
858 2389 921 2411 tres.

129 2433 164 2459 lit
180 2430 306 2466 quoniam
319 2430 345 2456 in
360 2429 402 2456 illa
416 2429 499 2463 prima
519 2427 663 2462 piscatione
675 2428 774 2455 dictum
787 2433 844 2456 erat
862 2430 923 2464 quia

128 2486 188 2514 prin
202 2475 371 2503 multitudine
386 2474 495 2509 piscium
507 2474 572 2501 retia
584 2474 782 2508 rumpebantur,
798 2475 924 2509 pertinuit

127 2522 165 2551 ad
185 2529 276 2550 curam
298 2521 471 2555 Evangelista'c
492 2520 518 2547 in
540 2520 589 2546 ista
608 2519 752 2554 piscatione
770 2520 877 2553 dicere,
891 2521 923 2547 Et

71 2596 78 2602 _
128 2576 188 2595 cum
204 2573 255 2593 tam
268 2567 353 2601 mgni
366 2570 456 2598 essent,
472 2574 522 2592 non
537 2570 573 2592 ut
586 2566 691 2592 scissum
704 2570 763 2593 rete.

167 2612 196 2640 2.
214 2611 370 2639 Piscationu
385 2611 443 2638 duo;
460 2616 554 2637 statum
569 2610 688 2637 Ecclesia
701 2611 828 2646 presenti:
843 2617 865 2639 et
878 2612 922 2646 fu-

131 2665 197 2688 turte
212 2658 373 2685 adumbranl.
398 2657 588 2685 Donatistarum
602 2657 720 2684 ultimm.
736 2657 923 2686 Discernamns

128 2705 292 2739 piscattones
302 2703 385 2735 duas;
395 2710 475 2730 unam
491 2707 552 2729 ante
564 2702 797 2735 resurrectionem,
811 2703 922 2730 alteram

129 2755 193 2786 post
208 2749 440 2777 resurrectionem.
455 2746 483 2776 In
499 2748 542 2775 illa
555 2748 694 2776 mittuntur
713 2749 810 2783 passim
832 2750 897 2777 rctia
913 2759 920 2776 :

162 2839 172 2848 ·
183 2841 317 2868 casugatus
325 2840 363 2862 est
379 2836 408 2862 ad
419 2836 443 2861 d.
453 2843 474 2861 r.
487 2840 538 2868 t.v.
551 2840 578 2861 et
588 2836 616 2861 ad
626 2837 693 2868 vign.

162 2868 200 2899 (a)
213 2867 282 2897 .tli‘u,
294 2874 327 2893 ex
339 2868 489 2900 Vis'net'ianis
499 2867 537 2893 21.

276 2907 410 2936 Parnm"
429 2906 456 2935 Χ
465 2904 546 2934 XXV
555 2903 605 2933 Ill.

800 163 916 192 SERSIO
933 163 1070 192 CCXLIX.

1701 166 1768 194 “62

981 229 1033 248 non
1058 221 1209 248 nominatur
1227 220 1354 254 dextera,
1377 228 1411 249 ne
1433 220 1612 256 intelligantur
1624 221 1673 249 soli
1686 222 1763 255 boni,

980 274 1032 293 non
1055 266 1207 294 nominatur
1225 267 1342 299 sinistra,
1359 275 1393 295 ne
1412 267 1593 302 intelligantur
1609 268 1660 295 soli
1684 268 1745 296 mali
1759 277 1766 285 -

979 320 1043 347 ergo
1057 312 1181 346 permixti
1202 312 1264 340 boni
1279 318 1306 340 et
1320 313 1392 341 mali.
1408 313 1441 340 Et
1457 314 1521 341 retia
1537 321 1590 348 pne
1602 314 1770 342 multitudine

979 357 1180 393 rtunpcbantur.
1200 358 1287 393 Rupta
1310 359 1374 386 rctia
1396 358 1546 394 signiﬁcant
1561 359 1769 387 schismata.“-

978 403 1083 436 demus,
1099 404 1138 431 sic
1150 408 1200 435 est.
1216 404 1254 431 sic
1269 404 1309 431 lit.
1324 404 1468 439 Implentur
1482 405 1584 439 navigia
1597 405 1649 432 duo
1663 409 1770 440 propter

978 449 1090 484 populos
1106 449 1173 477 duos
1192 449 1225 476 de
1239 450 1441 477 circumcisione
1459 454 1484 477 et
1504 450 1634 485 prarputio
1655 460 1662 478 :
1683 455 1710 478 et
1730 451 1769 478 sic

979 496 1139 530 implentur.
1159 500 1188 522 ut
1206 501 1378 530 premantur,
1402 501 1429 523 ct
1449 504 1515 531 pene
1535 501 1698 532 mergantur.
1713 497 1769 525 Hoc

977 541 1047 576 quod
1070 542 1210 576 signiﬁcat,
1224 542 1384 577 gemendum
1406 547 1456 570 est.
1480 543 1570 571 Turba
1587 543 1702 571 turbavit
1715 544 1767 572 Ec-

977 587 1096 614 clesium.
1109 587 1193 620 Quam
1207 595 1331 622 magnum
1350 596 1490 615 numerum
1508 588 1628 616 fecerunt
1643 589 1713 616 male
1727 590 1768 616 vi-

977 637 1081 665 ventes,
1097 638 1246 667 premcntcs
1258 637 1285 660 et
1296 637 1433 668 gementes
1450 633 1478 660 ’τ
1493 633 1544 661 Sed
1560 638 1668 668 propter
1681 634 1769 669 pisces

978 677 1063 705 bonos
1086 685 1138 704 non
1160 682 1221 705 sunt
1240 685 1327 705 mersa
1347 679 1461 714 navigia.
1486 679 1651 706 Disseramus
1672 680 1682 695 ³
1695 679 1768 706 illam

978 723 1151 757 piscationem
1165 723 1335 750 novissimam
1361 729 1421 758 post
1441 724 1673 752 resurrectionem.
1686 724 1768 751 Malus

978 769 1012 796 ibi
1028 769 1132 802 nullus,
1155 777 1249 805 magna
1264 770 1403 803 securitas,
1422 769 1467 797 sed
1483 769 1504 796 si
1519 769 1603 797 bonus
1615 769 1678 797 eris.
1697 770 1769 798 lnter

978 816 1063 842 malos
1075 819 1160 843 estote
1173 816 1234 842 boui
1245 837 1253 849 ,
1273 819 1300 843 et
1319 816 1394 843 eritis
1415 816 1472 843 sine
1491 816 1569 844 malis
1585 816 1658 844 boni.
1675 816 1702 843 In
1718 817 1769 844 ista

977 861 1122 895 piscatione
1136 865 1176 888 est
1188 861 1258 897 quod
1273 862 1430 889 moveamini
1446 871 1452 889 :
1469 863 1538 890 inter
1559 863 1641 890 malos
1660 863 1733 890 estis.
1746 862 1768 890 0

977 905 1022 940 qui
1037 905 1149 933 ﬁdeliter
1162 914 1204 933 me
1217 907 1324 939 auditis,
1336 915 1352 934 ο
1364 915 1410 934 vos
1424 907 1456 934 ad
1468 915 1535 942 quos
1550 915 1603 935 non
1616 907 1685 942 perit
1696 907 1767 943 quod

978 951 1048 984 dico,
1064 959 1080 978 ο
1094 959 1140 979 vos
1153 952 1248 986 quibus
1257 952 1369 979 verbum
1383 960 1435 979 non
1450 960 1497 987 per
1511 960 1590 980 aures
1602 953 1706 985 transit,
1720 952 1768 981 sed

978 999 1003 1026 in
1017 1006 1064 1025 cor
1076 998 1223 1031 descendit,
1239 1006 1255 1025 ο
1275 1006 1322 1026 vos
1343 999 1386 1033 qui
1409 998 1467 1033 plus
1481 999 1579 1026 timetis
1597 999 1666 1026 male
1679 999 1768 1026 vivere

977 1051 1055 1079 quam
1071 1044 1139 1071 male
1153 1043 1219 1070 mori
1235 1052 1240 1070 :
1253 1043 1313 1078 quia
1327 1043 1348 1070 si
1362 1043 1428 1071 bene
1440 1043 1546 1077 vixeris,
1558 1044 1626 1071 male
1636 1044 1703 1071 mori
1714 1051 1768 1071 non

978 1089 1077 1123 poteris
1098 1089 1108 1104 ³
1131 1098 1136 1116 :
1160 1097 1206 1117 vos
1222 1097 1286 1124 ergo
1300 1089 1345 1123 qui
1366 1096 1409 1116 me
1422 1089 1538 1122 auditis,
1564 1093 1593 1117 ut
1613 1097 1666 1117 non
1681 1089 1767 1117 solum

978 1135 1102 1168 credatis,
1115 1135 1161 1162 sed
1174 1135 1253 1162 etiam
1264 1135 1332 1162 bene
1345 1134 1455 1166 vivatis;
1470 1135 1549 1162 vivitc
1562 1135 1631 1163 bene
1640 1156 1648 1168 ,
1659 1139 1686 1161 et
1698 1135 1769 1162 inter

979 1181 1064 1208 malos
1083 1180 1162 1208 vivite
1175 1180 1259 1214 bene,
1273 1180 1338 1208 retia
1351 1180 1433 1207 nolite
1446 1174 1621 1214 disrumpere.
1636 1180 1686 1214 Qui
1701 1180 1769 1207 mlti-

979 1231 1034 1255 tum
1047 1227 1096 1254 sibi
1110 1227 1281 1261 placuerunt,
1294 1230 1323 1254 et
1339 1226 1414 1261 quasi
1430 1226 1514 1254 malos
1528 1227 1660 1254 sustinuere
1674 1226 1768 1253 uoluc—

978 1277 1040 1300 runt
1051 1293 1058 1305 ,
1079 1273 1144 1300 retia
1158 1276 1301 1306 ruperunt,
1317 1271 1344 1299 in
1358 1271 1423 1299 mari
1438 1271 1582 1307 perierunt.
1595 1271 1681 1298 Vivite
1700 1270 1768 1298 inter

979 1319 1064 1346 malos
1079 1319 1156 1352 bene,
1171 1326 1223 1346 non
1238 1318 1314 1346 vobis
1324 1318 1454 1346 suadeant
1472 1318 1533 1346 mali
1546 1318 1682 1346 christiani
1699 1317 1768 1345 male

978 1365 1077 1392 vivere.
1099 1364 1157 1392 Non
1178 1365 1248 1392 dicat
1266 1371 1313 1392 cor
1327 1369 1399 1391 tuum
1415 1373 1422 1391 :
1437 1364 1494 1399 Ego
1511 1363 1585 1391 solus
1598 1370 1656 1391 sum
1669 1364 1766 1391 bonus.

979 1410 1006 1438 Si
1017 1410 1130 1445 caperis
1143 1418 1202 1437 esse
1214 1410 1315 1442 bonus;
1328 1408 1407 1437 crede
1419 1416 1479 1437 esse
1497 1412 1526 1437 et
1537 1408 1602 1436 alios
1610 1429 1618 1442 ,
1632 1408 1654 1435 si
1670 1412 1696 1436 tu
1708 1415 1767 1436 esse

980 1456 1106 1491 potueris.
1122 1456 1160 1484 Ne
1174 1455 1338 1489 adulterctis,
1350 1463 1383 1483 ne
1397 1454 1562 1483 fornicemini
1573 1475 1580 1487 ,
1595 1462 1629 1482 ne
1648 1454 1766 1483 fraudem

977 1501 1081 1529 faciatis
1092 1522 1100 1535 ,
1120 1510 1154 1529 ne
1170 1501 1304 1534 furemini,
1317 1509 1350 1529 ne
1362 1501 1455 1529 falsum
1468 1500 1649 1529 testimonium
1662 1500 1767 1533 dicatis.

977 1555 1013 1575 ne
1026 1547 1122 1575 falsum
1135 1547 1247 1582 jurctis,
1263 1554 1296 1575 ne
1311 1546 1476 1575 inebricmini
1486 1566 1495 1579 ,
1516 1553 1551 1574 ne
1571 1546 1768 1574 commodatum

979 1592 1095 1628 negetis,
1118 1600 1152 1621 ne
1174 1592 1308 1620 inventum
1322 1591 1434 1627 alicujus
1449 1591 1474 1619 in
1495 1591 1552 1619 vico
1566 1599 1618 1619 non
1640 1590 1766 1619 reddatis.

978 1638 1041 1666 Haec
1059 1643 1086 1666 et
1106 1637 1167 1676 talia
1185 1637 1279 1670 facile,
1299 1637 1384 1665 securi
1406 1637 1475 1665 inter
1490 1637 1574 1664 malos
1589 1636 1685 1672 pisces.
1696 1636 1768 1664 intra

977 1684 1070 1712 eadem
1087 1683 1152 1711 retia
1173 1683 1284 1716 natalis;
1303 1683 1349 1712 sed
1364 1683 1475 1710 venietis
1489 1682 1521 1710 ad
1539 1682 1624 1716 littus,
1640 1686 1701 1718 post
1721 1688 1766 1710 re-

977 1730 1169 1758 surrectionem
1187 1729 1213 1756 in
1233 1729 1341 1756 dextera
1366 1728 1544 1756 inveniemini.
1565 1728 1602 1756 lbi
1626 1728 1713 1756 nullus
1726 1732 1768 1755 est

978 1776 1074 1803 malus.
1088 1774 1155 1809 Quid
1168 1775 1250 1807 cnim,
1271 1774 1331 1809 quia
1348 1774 1431 1809 legem
1447 1773 1541 1807 nostis,
1556 1773 1618 1808 quia
1632 1773 1677 1801 Dei
1692 1780 1767 1800 man-

977 1820 1037 1848 data
1050 1820 1219 1855 cognoscitis,
1232 1819 1292 1854 quia
1306 1818 1380 1846 scitis
1389 1819 1451 1853 quid
1465 1818 1499 1846 sit
1511 1818 1610 1845 bonum
1619 1823 1646 1846 et
1655 1818 1765 1851 malum,

978 1866 1041 1901 quid
1049 1865 1124 1893 vobis
1133 1864 1249 1900 prodest,
1261 1864 1283 1891 si
1294 1872 1344 1891 non
1353 1863 1466 1891 faciatis?
1478 1859 1534 1891 Non
1544 1871 1577 1891 ne
1590 1864 1646 1898 ipsa
1657 1863 1765 1891 scientia

977 1911 1085 1946 punitur
1101 1910 1284 1938 conscientia?
1298 1909 1341 1937 Sic
1353 1908 1456 1941 discite,
1470 1915 1497 1936 ut
1512 1908 1623 1936 faciatis.

1014 1956 1040 1984 5.
1055 1955 1178 1982 Mandata
1201 1954 1247 1982 Dei
1261 1954 1361 1982 nonnisi
1374 1962 1417 1989 per
1428 1954 1536 1989 gratiam
1549 1953 1660 1989 impleri,
1673 1952 1767 1980 intelli-

977 2002 1044 2037 gitur
1056 2001 1084 2028 in
1103 2009 1207 2028 numero
1220 2000 1325 2036 piscium
1347 2005 1488 2035 captorum.
1508 1999 1629 2027 Mandata
1645 1999 1691 2027 Dei
1705 2006 1766 2034 pro-

978 2052 1037 2083 pter
1046 2054 1171 2083 magnum
1185 2046 1355 2082 perfectionis
1369 2045 1522 2082 mysterium
1538 2045 1668 2081 Decalogo
1680 2045 1766 2073 conti-

979 2097 1084 2120 nentur.
1099 2093 1196 2119 Decem
1211 2096 1341 2127 prmeepta
1352 2091 1430 2126 Legis
1442 2096 1503 2119 sunt
1516 2092 1613 2126 scripta
1630 2091 1656 2118 in
1671 2091 1766 2119 tabulis

979 2138 1089 2173 lapideis
1109 2138 1193 2174 digito
1220 2138 1276 2172 Dei,
1302 2137 1352 2165 hoc
1377 2142 1418 2165 est
1429 2137 1528 2173 Spiritu
1547 2141 1660 2165 sancto:
1675 2137 1701 2165 in
1714 2145 1766 2165 una

979 2184 1078 2218 tabula,
1091 2189 1222 2220 praecepta
1238 2192 1296 2220 quae
1315 2183 1348 2211 ad
1363 2183 1443 2211 Deum
1459 2184 1606 2219 pertinent;
1630 2183 1656 2212 in
1670 2183 1764 2215 altera,

977 2237 1036 2264 quae
1050 2229 1083 2257 ad
1104 2229 1240 2257 hominem
1255 2230 1397 2265 pertinent.
1411 2229 1498 2263 Quare
1518 2229 1588 2256 hoc?
1602 2229 1668 2263 Quia
1682 2229 1709 2256 in
1724 2220 1766 2257 tti-

978 2276 1091 2303 lectione
1105 2276 1151 2303 Dei
1162 2280 1189 2303 et
1203 2275 1315 2310 proximi
1337 2279 1390 2302 tota
1412 2274 1466 2302 Lex
1480 2274 1581 2309 pendet
1588 2279 1615 2302 et
1625 2274 1766 2310 Propr

977 2321 1084 2356 (Matth.
1110 2329 1174 2351 xxtt.
1200 2322 1303 2355 5740).
1331 2321 1382 2347 Sed
1402 2320 1464 2356 quid
1480 2320 1568 2348 valent
1585 2320 1635 2347 ista
1654 2319 1767 2347 decem?

977 2367 1041 2394 Data
1051 2372 1093 2395 est
1105 2367 1157 2399 lex,
1173 2366 1218 2393 sed
1230 2368 1252 2392 si
1265 2366 1324 2392 data
1339 2371 1399 2392 esset
1412 2366 1454 2392 lea:
1466 2373 1522 2399 quo:
1536 2370 1618 2400 posset
1629 2365 1765 2399 vini/icore.

966 2413 1078 2440 .omnino
1093 2412 1184 2447 exlegc
1198 2417 1260 2439 esset
1275 2412 1375 2446 jttxtt'tt'a
1400 2410 1496 2445 (Galat.
1511 2418 1550 2442 nt,
1565 2410 1622 2444 21).
1637 2409 1711 2437 Nosti
1724 2409 1765 2437 le—

975 2466 1035 2493 gem
1045 2478 1053 2491 ,
1068 2462 1096 2485 et
1109 2465 1162 2485 non
1186 2458 1250 2484 iacis
1273 2458 1373 2491 tqem;
1389 2456 1485 2482 Littera
1510 2456 1620 2483 occidit:
1633 2459 1663 2482 ut
1676 2459 1765 2482 autem

977 2504 1057 2532 facias
1071 2503 1141 2538 quod
1155 2502 1234 2535 nosti,
1249 2502 1361 2536 Spiritu
1378 2506 1462 2527 autem
1483 2500 1591 2535 oiniﬁcat
1605 2499 1639 2536 (ll
1650 2499 1711 2528 Cor.
1724 2507 1764 2532 ιιι,

975 2548 1013 2586 6).
1026 2548 1160 2576 Accedant
1171 2547 1203 2574 ad
1217 2547 1311 2574 decem
1330 2548 1443 2580 septem.
1458 2545 1532 2573 Sicut
1542 2545 1614 2572 enim
1627 2545 1669 2572 lex
1681 2545 1764 2573 Dea-

976 2595 1037 2628 Ιοκο
1059 2593 1238 2628 signiﬁcatur,
1274 2591 1309 2618 ita
1327 2590 1440 2625 Spiritus
1465 2595 1573 2618 sanctus
1604 2589 1767 2625 septiformis

977 2638 1137 2667 ostenditur.
1164 2637 1223 2671 Ipse
1243 2637 1380 2663 invocatur
1403 2642 1482 2670 super
1501 2634 1654 2670 baptizatos
1673 2639 1702 2662 ut
1720 2634 1766 2662 det

982 2685 1034 2712 illis
1047 2684 1127 2717 Deus,
1142 2682 1287 2711 secundum
1303 2681 1469 2716 prophetam,
1485 2680 1612 2715 Spiritum
1628 2679 1765 2716 sapientia:

966 2780 969 2783 -
1007 2773 1015 2789 ι
1025 2774 1104 2801 Forte,

1006 2801 1319 2831 ιιτοιιείιέὶεεεπιιιηιωμ
1359 2829 1383 2831 ,Α
1460 2829 1466 2831 ,
1515 2828 1539 2831 ..

1007 2835 1017 2851 ³
1027 2827 1121 2858 Rectius
1132 2831 1267 2864 legeretur,
1280 2829 1365 2863 quidsi
1375 2829 1432 2856 item
1444 2828 1561 2858 duritia.
1572 2827 1635 2855 male
1648 2828 1708 2855 mori
1719 2836 1765 2856 Ital

977 2864 1095 2898 poteritis.
1122 2867 1149 2888 It.

1325 2904 1567 2942 (Τηηιε-εφτ.)
