3926 6188
373 337 515 392 “63

375 466 429 515 et
450 456 788 514 intellectus:
815 468 942 511 ecce
970 453 1098 510 duo.
1124 448 1395 521 Spiritum
1412 445 1634 504 consilii
1658 454 1715 501 et
1741 444 1955 499 fortitu-

374 548 512 606 dinis
543 563 707 606 :ecce
752 556 994 618 quatuor.
1038 544 1297 616 Spiritum
1345 540 1584 598 scientiae
1621 547 1675 595 ct
1703 537 1954 610 pietatis:

374 656 500 697 ecce
515 656 627 695 sex.
651 638 904 711 Spiritum
920 638 1127 693 timoris
1146 633 1354 693 Domini
1382 652 1394 687 :
1418 647 1544 689 ecce
1570 640 1775 701 septem
1801 628 1954 700 (lsai.

373 749 448 798 xt,
464 733 519 797 2,
541 731 618 801 3).
635 730 859 800 Quando
875 730 973 785 ista
993 737 1198 798 septem
1213 733 1571 791 accesserunt,
1600 722 1730 777 fiunt
1747 719 1954 777 decem.

371 822 506 890 Quid
538 823 683 878 dixi?
734 822 894 892 Quasi
919 821 1209 876 absurdum
1234 827 1350 875 est:
1377 815 1511 874 Cum
1538 823 1741 887 septem
1770 813 1837 869 ad
1859 812 1957 869 de—

274 939 281 946 -
372 929 488 969 cem
513 920 873 980 accesserunt,
908 912 1039 967 liunt
1061 913 1248 968 decem
1275 928 1290 967 :
1319 910 1471 981 quasi
1495 908 1692 964 oblitus
1715 920 1833 961 sum
1860 919 1961 960 nu-

372 1021 598 1061 merare.
640 1004 781 1077 Ergo
827 1005 1008 1061 dicere
1047 1005 1236 1062 debui:
1259 1000 1392 1060 Cum
1441 1010 1647 1075 septem
1677 999 1743 1055 ad
1771 998 1957 1054 decem

370 1110 731 1164 accesserunt,
762 1099 893 1154 ﬁunt
920 1097 1104 1154 decem
1132 1104 1189 1153 et
1220 1101 1447 1166 septem.
1489 1094 1603 1149 Hoc
1636 1106 1824 1147 omnes
1858 1103 1959 1145 no-

360 1200 533 1247 runt:
565 1206 687 1246 nam
713 1206 834 1246 cum
864 1189 1119 1255 dicerem,
1150 1186 1285 1244 Cum
1310 1196 1517 1257 septem
1544 1184 1613 1239 ad
1655 1183 1841 1239 decem
1870 1196 1962 1237 ac-

353 1292 667 1350 cesserunt,
702 1280 834 1337 fiunt
857 1280 1074 1348 decem;
1119 1279 1269 1350 pueri
1300 1279 1386 1335 isti
1413 1293 1521 1333 non
1558 1291 1645 1332 me
1665 1275 1910 1331 ridebant
1932 1276 1960 1329 ἵ

373 1374 436 1430 Et
473 1386 651 1432 tamen
682 1374 824 1444 dico,
872 1384 927 1431 et
949 1381 1156 1447 repeto,
1184 1388 1291 1429 non
1320 1368 1598 1428 erubesco.
1626 1368 1759 1425 Cum
1795 1365 1957 1423 intel-

360 1466 631 1537 lexeritis,
663 1481 768 1521 non
796 1465 1201 1537 reprehendetis
1233 1470 1653 1534 computantem,
1680 1460 1776 1517 sed
1806 1474 1957 1514 ama-

362 1556 498 1611 ’bitis
520 1557 907 1627 disputantem.
950 1557 1146 1612 Decem
1190 1563 1315 1611 sunt
1340 1554 1428 1609 illa
1468 1558 1739 1625 praecepta
1780 1550 1956 1619 legis:

369 1650 462 1706 sed
485 1636 788 1706 enumeravi
806 1659 859 1706 ct
883 1659 1089 1721 septem
1106 1647 1509 1720 cooperationes
1525 1644 1750 1715 Spiritus
1764 1643 1955 1699 sancti.

368 1744 505 1798 Cum
535 1744 633 1799 ista
661 1753 865 1814 septem
904 1743 1247 1810 accesserint,
1273 1740 1405 1796 {lunt
1431 1740 1615 1795 decem
1644 1755 1659 1791 ε
1689 1752 1813 1793 cum
1836 1735 1961 1810 Spi-

369 1835 501 1889 ritus
531 1845 746 1891 sanctus
788 1837 1092 1899 accesserit,
1125 1834 1377 1903 impletur
1415 1832 1521 1888 lex.
1551 1829 1606 1888 Si
1635 1839 1812 1886 autem
1856 1830 1959 1885 ista

369 1936 572 1997 septem
602 1941 706 1981 non
728 1927 1071 1991 accesserint,
1106 1939 1209 1980 non
1234 1925 1367 1979 ﬁunt
1394 1924 1484 1978 illa
1515 1923 1700 1979 decem
1730 1940 1745 1980 :
1778 1920 1832 1976 in
1866 1921 1959 1976 lit-

371 2026 481 2072 tera
503 2024 679 2082 erunt,
705 2016 797 2072 sed
822 2016 993 2071 littera
1015 2015 1236 2079 occidit;
1256 2015 1473 2069 scientia
1498 2012 1957 2083 praevaricatorem

371 2109 517 2165 facit.
541 2109 773 2165 Accedat
796 2100 1045 2178 Spiritus,
1065 2117 1119 2162 et
1147 2107 1397 2177 impletur
1419 2108 1524 2173 lex,
1550 2103 1816 2176 adiutorio
1835 2103 1955 2169 Dei,

372 2216 476 2254 non
506 2198 708 2255 viribus
738 2200 858 2254 tuis.
885 2201 1023 2269 Ergo
1060 2199 1180 2254 vide
1208 2212 1349 2254 :non
1376 2198 1529 2254 valde
1552 2211 1794 2254 amemus
1839 2210 1963 2268 per-

362 2294 547 2349 tincre
598 2292 666 2348 ad
706 2290 794 2347 illa
832 2291 1042 2348 decem.
1085 2291 1145 2347 Si
1173 2293 1306 2346 enim
1350 2307 1416 2346 ex
1458 2291 1566 2362 lege
1579 2290 1800 2361 justitia,
1840 2305 1957 2361 ergo

372 2385 602 2439 Christus
641 2387 799 2458 gratis
828 2394 1057 2439 mortuus
1088 2392 1160 2439 est
1204 2381 1399 2457 (Colat.
1454 2398 1513 2450 li,
1558 2382 1673 2456 2i).
1716 2379 1823 2436 Sed
1852 2395 1959 2451 quo

353 2477 735 2545 .rpertineamus
755 2476 780 2528 ?
824 2475 889 2530 ad
915 2476 1002 2530 illa
1032 2474 1283 2546 septem?
1309 2473 1441 2529 Tale
1485 2481 1569 2529 est
1604 2487 1668 2527 ac
1715 2472 1759 2527 si
1784 2470 1959 2527 facere

374 2566 659 2635 possimus,
689 2565 784 2620 scd
811 2556 936 2636 quid
981 2566 1205 2622 facimus
1232 2563 1551 2620 nesciamus.
1602 2564 1742 2632 Ergo
1769 2564 1835 2619 ad
1861 2563 1958 2618 de-

351 2675 487 2714 cem
509 2668 713 2729 Septem
738 2654 1115 2728 pertineamus.
1145 2658 1254 2714 Lex
1273 2657 1443 2729 jubet,
1492 2655 1723 2727 Spiritus
1762 2657 1959 2727 juvat:

374 2749 457 2803 lex
491 2749 598 2818 agit
620 2748 816 2817 tecum,
872 2759 928 2803 nt
967 2749 1104 2805 scias
1129 2749 1253 2821 quid
1282 2746 1478 2816 facias;
1514 2750 1767 2820 Spiritus,
1800 2757 1858 2804 ut
1885 2748 1961 2803 la-

371 2838 503 2898 cias.
536 2841 678 2915 Ergo
717 2841 782 2898 ad
809 2841 996 2899 decem
1027 2850 1231 2914 septem
1259 2844 1640 2913 pertineamus,
1662 2850 1716 2897 et
1741 2854 1961 2912 compu-

356 2924 550 2990 temus
576 2934 762 2990 decem
813 2942 1040 3003 septem,
1072 2943 1128 2989 et
1156 2934 1487 2990 inveniemus
1516 2949 1614 2989 nos
1647 2933 1701 2989 in
1743 2944 1958 2989 centum

357 3026 755 3098 quinquaginta
809 3028 997 3083 tribus.
1044 3025 1161 3082 Iam
1216 3026 1407 3094 nosﬁs,
1449 3036 1591 3095 sazpe
1636 3024 1766 3092 dixi,
1816 3038 1960 3094 smpe

362 3118 604 3173 ostendi.
653 3118 732 3173 Ab
777 3133 1076 3190 uno'usque
1112 3117 1178 3173 ad
1209 3125 1438 3191 quatuor
1458 3115 1644 3172 decem
1676 3123 1798 3172 sunt
1824 3133 1836 3171 :
1865 3114 1960 3172 sed

373 3210 418 3263 si
447 3207 843 3265 omnesaddas.
873 3206 1047 3265 Unum
1094 3216 1385 3279 sequantur
1406 3207 1512 3263 duo
1536 3225 1548 3263 :
1574 3207 1712 3263 adde
1750 3215 1803 3263 et
1831 3206 1957 3277 duo,

357 3299 481 3370 iam
508 3300 607 3354 tria
624 3310 749 3354 sunt
776 3316 789 3353 :
815 3308 934 3369 post
958 3299 1063 3355 duo
1083 3307 1381 3370 sequantur
1403 3299 1522 3365 tria,
1541 3288 1651 3368 jam
1681 3308 1771 3354 sex
1798 3309 1921 3354 sunt
1942 3308 1959 3353 ε

378 3400 496 3462 post
523 3393 623 3447 tria
678 3400 970 3462 sequantur
1016 3401 1263 3463 quatuor,
1301 3391 1411 3463 iam
1432 3392 1621 3448 decem
1648 3401 1790 3446 sont.
1822 3386 1961 3461 Quid

378 3500 464 3540 me
490 3480 896 3557 rumpoi‘Quod
916 3478 1087 3540 nostis
1135 3485 1341 3556 loquor.
1374 3482 1568 3540 Addite
1609 3491 1833 3539 carteros
1859 3499 1962 3538 nu-

375 3591 575 3642 meros,
603 3580 658 3632 et
684 3576 1025 3647 pervenistis.
1050 3576 1182 3632 Cum
1213 3575 1562 3646 perveneritis
1582 3573 1649 3630 ad
1679 3573 1866 3631 decem
1909 3582 1963 3630 et

364 3676 603 3740 septem,
635 3669 700 3725 ad
727 3678 941 3726 centum
963 3668 1421 3741 etquinquaginta
1450 3675 1506 3725 et
1541 3676 1649 3724 tres
1668 3666 1961 3724 crescendo

360 3760 719 3831 :pervenietis.
765 3758 903 3829 Quid
946 3768 1029 3817 est
1077 3758 1411 3816 crescendo?
1452 3757 1795 3815 ‘Proliciendo
1844 3767 1963 3813 tan-

376 3869 536 3924 quam
578 3853 838 3926 gradatim
869 3853 1192 3925 pervenistis
1216 3850 1282 3908 ad
1303 3852 1599 3918 dexteram,
1623 3850 1845 3910 Obedite
1868 3865 1965 3905 no.

361 3946 478 4016 rbis,
504 3942 806 4018 cumputate
830 3944 1003 4003 vobis.

888 4098 1121 4159 ΒΕΖΜο
1152 4097 1282 4157 CCL
1319 4102 1343 4125 '
1369 4097 1466 4170 (α).

768 4219 839 4263 'ln
855 4212 1039 4263 'diebus
1055 4210 1357 4263 rasehalibus
1379 4211 1419 4271 ¹,
1452 4224 1555 4260 xxx.

498 4316 583 4377 ‘Dc
608 4319 784 4387 cadent
811 4318 1020 4375 lectione
1058 4327 1105 4372 et
1144 4317 1206 4371 de
1229 4318 1426 4371 duabus
1454 4315 1832 4389 ptscationilms.

448 4452 509 4504 1..
544 4448 807 4521 lgnobilrs
820 4463 916 4502 cur
934 4448 1079 4517 prius
1109 4449 1253 4502 electi
1280 4464 1314 4503 a
1342 4447 1565 4503 Christo.
1593 4448 1851 4504 Dominus
1871 4448 1965 4506 διο-

382 4557 475 4599 stis
498 4543 705 4596 inlitum
752 4539 936 4594 mundi
964 4539 1186 4609 eligens,
1216 4550 1277 4594 ut
1311 4540 1665 4598 confunderet
1692 4544 1871 4611 fortia,
1910 4550 1970 4600 et

382 4629 959 4702 colligensicclesiam
990 4644 1140 4684 suam
1168 4628 1238 4684 de
1264 4638 1374 4683 toto
1402 4631 1534 4686 orbe
1548 4640 1837 4699 terrarum,
1860 4646 1969 4692 men

383 4724 635 4795 cmpitab
668 4722 1105 4795 imperatoribus,
1136 4731 1230 4779 aut
1265 4739 1296 4779 a
1327 4725 1685 4794 senatoribus,
1714 4727 1809 4782 sed
1833 4744 1861 4781 a
1890 4730 1973 4799 pi-

385 4816 703 4875 scatoribus.
728 4814 1087 4886 Quacumque
1110 4814 1250 4870 enim
1272 4814 1558 4887 dignitates
1579 4816 1973 4891 fuissentprius

385 4907 727 4976 elccuc,sibi
770 4907 875 4963 hoc
924 4906 1185 4962 auderem
1210 4906 1463 4973 tribuere,
1508 4923 1614 4963 non
1632 4909 1741 4964 Dei
1763 4913 1968 4983 gratim.

388 5003 499 5059 lluc
524 5002 807 5059 consilium
833 5010 1105 5057 secretum
1117 5000 1246 5069 :Dei,
1284 5002 1387 5058 hoc
1427 5005 1707 5059 consilium
1728 5003 1973 5062 Salvato-

385 5098 459 5152 ris
488 5094 657 5152 nostri
685 5094 904 5167 exponit
918 5095 1224 5165 Apostolus,
1255 5094 1345 5150 ubi
1367 5092 1495 5151 dicit
1517 5113 1582 5150 τη(
1619 5096 1807 5153 Videte
1828 5099 1970 5153 enim

387 5190 717 5246 vocationem
760 5196 1015 5255 vestram,
1048 5186 1259 5255 fratres,
1300 5205 1321 5239 ι
1367 5188 1604 5258 Apostoli
1640 5190 1798 5246 verba
1825 5200 1970 5259 sunt,

390 5301 411 5334 ι
445 5284 568 5354 quia
607 5296 713 5337 non
749 5280 901 5336 multi
940 5279 1208 5351 sapientes
1246 5280 1537 5337 secundum
1580 5296 1819 5346 carnem,
1866 5298 1974 5343 non

388 5377 539 5432 multi
565 5382 835 5447 potentes,
861 5387 968 5430 non
998 5373 1153 5430 multi
1178 5372 1386 5430 nobiles
1410 5391 1425 5441 ;
1456 5376 1549 5431 sed
1583 5376 1791 5432 inlirma
1818 5394 1974 5435 mun-

452 5528 544 5575 ιω
574 5520 1402 5590 vetustissimocodicet'lorlacensi
1429 5523 1700 5578 bicsermo
1737 5535 1977 5590 mota-

389 5596 484 5645 tur,
513 5585 709 5638 Habitus
730 5584 855 5651 pert'a
873 5591 1029 5636 serta.

390 5690 397 5695 τ
454 5671 471 5687 ⁹
496 5666 1088 5732 castigatusadd.f.r.t.
1114 5666 1406 5732 etadVign.

454 5753 532 5809 (α)
557 5750 695 5812 Alias,
720 5763 784 5801 ex
805 5749 1107 5814 \‘igncrianls
1126 5745 1205 5801 Β.

1573 330 1634 386 s.
1676 324 2039 386 AUGUSTlNl
2081 288 2383 383 περιδουρί

3520 327 3644 384 HM

2068 440 2119 497 di
2145 442 2306 511 elegit
2347 443 2506 510 Deus,
2557 451 2615 499 ut
2653 440 3005 500 contundam
3052 441 3246 509 fortia;
3292 450 3351 499 et
3405 442 3644 512 ignobilia
3720 442 3726 447 ’

2066 533 2245 587 mundi
2287 544 2345 589 et
2393 535 2811 605 contemptibilis
2849 535 3010 607 elegit
3037 535 3195 601 Deus,
3228 543 3282 592 et
3310 550 3374 591 ea
3402 550 3525 606 qua:
3548 550 3647 592 non

2062 633 2187 678 sunt
2214 634 2464 695 tanquam
2492 640 2555 681 ea
2585 640 2704 697 quae
2729 635 2872 693 sunt,
2921 635 2979 682 ut
3003 641 3123 698 qua:
3157 636 3281 682 sunt
3307 635 3645 696 evacuatur,

2064 725 2248 771 utnon
2276 717 2541 787 glorietur
2558 717 2741 773 omnis
2766 732 2894 788 caro
2920 733 3105 774 coram
3140 719 3233 774 illo
3253 718 3327 791 :(l
3349 714 3472 774 (for.
3492 734 3532 782 t,
3551 719 3647 774 26-

2062 805 2178 881 29).
2210 806 2324 863 Hoc
2351 816 2406 863 et
2446 807 2706 879 propheta
2754 808 2926 864 dixit:
2962 824 2982 861 α
3027 809 3217 865 Omnis
3264 810 3419 866 uilla
3468 810 3648 883 imple-

2060 900 2225 969 bitur,
2270 902 2445 957 omnis
2481 916 2637 957 mens
2682 903 2902 959 etcollis
2945 901 3334 971 humiliabitur,
3380 903 3647 974 atqttalitas

2062 991 2237 1061 campi
2264 992 2622 1048 constituetur
2648 1011 2667 1046 ι
2699 992 2849 1066 (Isai.
2877 1008 2968 1059 xc,
2996 993 3078 1061 4).
3121 994 3361 1066 Denique
3390 993 3550 1050 hodie
3583 994 3645 1050 ad

2061 1085 2282 1155 gratiam
2321 1085 2529 1141 Domini
2558 1086 2759 1157 pariter
2784 1085 3045 1142 accedunt
3068 1085 3275 1141 nobiles
3294 1095 3352 1142 et
3371 1085 3646 1157 ignobiles.

2061 1176 2250 1231 doctus
2291 1185 2346 1232 et
2390 1176 2686 1248 imperitus,
2721 1184 2997 1248 pauperet
3020 1175 3191 1233 divos.
3222 1175 3306 1232 Ad
3331 1176 3492 1232 istam
3531 1192 3648 1248 gr»

2063 1267 2190 1324 tiam
2220 1268 2584 1339 accipiendam
2627 1283 2732 1324 non
2774 1284 2834 1324 se
2861 1269 3128 1340 praponit
3154 1267 3409 1339 superbia
3436 1267 3648 1326 humili-

2062 1360 2179 1426 tati,
2210 1360 2346 1414 nihil
2373 1360 2597 1428 scienti,
2642 1358 2775 1415 nihil
2800 1359 3043 1415 habenti.
3070 1358 3180 1416 Sed
3204 1359 3335 1431 quid
3362 1360 3443 1416 eis
3466 1359 3646 1416 dixit?

2070 1449 2247 1505 Venite
2267 1460 2378 1522 post
2400 1467 2497 1519 me,
2527 1452 2715 1521 faciam
2737 1466 2825 1506 vos
2852 1453 3126 1522 piscatores
3149 1452 3414 1506 hauriam
3437 1451 3645 1523 (Matth.

2062 1559 2136 1611 tv,
2169 1543 2282 1616 i9).
2306 1543 2363 1600 Si
2392 1544 2467 1599 illi
2498 1545 2789 1615 piscatores
2822 1560 2928 1601 non
2958 1545 3384 1616 pratcessisseut,
3416 1546 3651 1614 uosqlis

2060 1634 2329 1705 cepisset?
2359 1635 2516 1690 Modo
2545 1649 2768 1707 magnus
2795 1644 2878 1691 est
2914 1635 3363 1707 quilibet‘onter,
3388 1636 3439 1692 si
3471 1643 3653 1707 potue-

2059 1728 2130 1782 rit
2154 1727 2291 1784 bene
2318 1740 2587 1798 eXpooere
2608 1728 2676 1784 de
2698 1744 2804 1799 quo
2822 1729 3036 1799 scripsit
3064 1729 3317 1799 piscator.

2129 1818 2186 1875 2.
2218 1818 2564 1874 Piscationnm
2589 1819 2807 1874 duarum
2835 1819 3109 1874 discrimen
3123 1818 3500 1891 anguet-ium.
3532 1816 3649 1872 Pri-

2060 1927 2144 1964 ma
2160 1910 2438 1982 piscatione
2462 1909 2578 1965 boni
2592 1922 2642 1965 et
2664 1909 2790 1965 ntali
2802 1910 3161 1981 signiﬁcantur
3172 1908 3535 1982 congregandi.
3555 1907 3649 1963 Pc-

2061 2002 2279 2056 riculum
2320 2018 2385 2058 ea:
2408 2002 2658 2056 malorum
2692 2001 2954 2073 felicitate.
2999 2002 3313 2058 Schismata.
3354 2001 3493 2056 Cum
3525 2015 3645 2072 ergo

2061 2093 2353 2164 piscatores
2382 2094 2605 2164 piscium
2630 2094 2880 2165 elegisset
2904 2094 3161 2150 Dominus
3186 2093 3346 2151 Jesus
3372 2092 3633 2159 Christus,

2063 2192 2118 2240 et
2146 2183 2360 2240 fecisset
2388 2184 2686 2255 piscatores
2719 2184 3017 2250 hominum,
3046 2185 3102 2240 in
3131 2184 3263 2254 ipsis
3286 2184 3451 2241 etiam
3478 2186 3640 2255 pisca-

2063 2275 2296 2331 tionibus
2318 2290 2505 2331 eorum
2516 2275 2730 2346 aliquid
2756 2291 2857 2331 nos
2881 2276 3050 2331 voluit
3090 2275 3469 2332 admonerede
3490 2289 3638 2331 voca-

2064 2367 2208 2423 tione
2235 2367 2573 2438 populorum.
2603 2367 2745 2422 Duas
2776 2367 3099 2440 piscatioues
3122 2366 3382 2423 attendite
3410 2381 3640 2423 necessa-

2062 2458 2140 2513 ria
2183 2456 2525 2515 distinctione
2569 2457 2826 2514 discretas
2855 2477 2871 2514 :
2899 2473 3080 2526 uuam,
3130 2455 3347 2530 quando
3401 2455 3638 2513 Dominus

2062 2549 2224 2620 elegit
2242 2564 2340 2605 eos
2360 2548 2428 2606 de
2451 2548 2821 2621 piscatoribus,
2843 2558 2896 2605 et
2920 2547 3042 2604 fecit
3057 2562 3150 2605 eos
3175 2547 3467 2620 discipulos
3490 2562 3634 2611 suos;

2062 2642 2307 2706 alteram,
2339 2657 2503 2713 quam
2530 2640 2693 2697 modo
2718 2639 3037 2707 audivimus,
3067 2655 3189 2695 cum
3214 2649 3454 2696 sanctum
3480 2640 3636 2695 Even.

2062 2732 2257 2809 gelium
2286 2733 2577 2803 legeretur,
2624 2741 2746 2802 post
2771 2732 3218 2787 resurrectionem
3240 2730 3449 2787 Domini
3482 2733 3632 2787 nostri

2062 2821 2189 2879 Jesu
2214 2823 2616 2880 Christizillam
2663 2831 2786 2878 ante
2828 2822 3303 2889 resurrectionem,
3348 2821 3499 2877 istam
3527 2830 3634 2892 post

2062 2915 2527 2973 resurrectionem.
2552 2912 2688 2981 Quid
2712 2912 2922 2968 intersit
2948 2912 3086 2968 inter
3104 2909 3289 2968 ambas
3310 2910 3631 2983 piscationes,

2062 3005 2216 3061 valde
2237 3004 2495 3060 debemus
2537 2998 2814 3058 attendere
2842 3020 2856 3055 :
2882 3001 3147 3075 navigium
3181 3011 3265 3057 est
3293 3001 3635 3057 instructionis

2063 3106 2260 3175 nostrae
2291 3112 2426 3153 nova
2448 3086 2721 3167 Evangelii
2754 3095 3081 3166 praedicatio,
3116 3094 3169 3150 in
3198 3111 3307 3167 quo
3320 3105 3376 3152 et
3390 3096 3638 3166 piscantes

2064 3180 2288 3254 invenit,
2315 3185 2511 3258 quibus
2544 3195 2599 3243 et
2632 3186 2726 3253 ait,
2751 3184 3094 3240 Hittiterctia.
3123 3185 3381 3242 Dixerunt
3396 3184 3640 3242 illizTota

2066 3291 2208 3340 nocte
2218 3268 2302 3338 'nil
2327 3282 2573 3353 cepimus,
2603 3282 2796 3356 frustra
2824 3281 3217 3346 laboravimus;
3244 3296 3359 3335 cccc
3375 3280 3428 3334 in
3453 3277 3642 3334 nonda:

2067 3384 2153 3428 tuo
2186 3374 2447 3429 mittemus
2472 3372 2622 3427 retia.
2651 3371 2927 3438 Miserum,
2974 3379 3029 3429 et
3058 3380 3261 3427 tantum
3289 3380 3559 3451 ceperunt,
3586 3378 3644 3424 ut

2067 3466 2349 3537 implerent
2371 3464 2504 3521 duas
2548 3465 2843 3541 naviculas,
2894 3480 3014 3535 quas
3042 3464 3268 3536 piscium
3317 3461 3642 3519 multitudine

2068 3557 2140 3614 ita
2162 3556 2557 3628 premebantur,
2574 3564 2633 3611 ut
2650 3556 3032 3629 propemodum
3047 3565 3429 3627 mel-gerentur.
3453 3552 3643 3609 Deinde

2068 3651 2181 3721 ipsa
2210 3648 2546 3708 multitudine
2568 3648 2790 3720 piscium
2815 3644 3056 3719 disrupta
3083 3656 3209 3704 sunt
3235 3648 3391 3705 retia.
3417 3647 3558 3703 Tunc
3571 3646 3644 3700 ait

2045 3740 2195 3807 .illis,
2220 3738 2394 3798 Venite
2419 3748 2533 3812 post
2564 3756 2662 3807 me,
2686 3749 2733 3793 et
2757 3740 2942 3812 faciant
2964 3754 3050 3815 uos
3074 3739 3352 3811 piscatores
3376 3739 3639 3792 hominum.

2070 3832 2220 3889 Tunc
2236 3833 2432 3897 relictis
2453 3831 2656 3887 retibus
2672 3840 2725 3884 et
2746 3831 3023 3898 naviculis,
3048 3830 3215 3886 secuti
3237 3838 3365 3886 sunt
3386 3829 3641 3885 Christum

2066 3923 2223 3995 (ιω.
2267 3938 2326 3995 v,
2359 3923 2534 3993 l-ll).
2577 3921 2732 3977 Modo
2763 3930 2884 3991 post
2927 3921 3379 3978 resurrectionem
3415 3919 3642 3977 exhibuit

2070 4013 2224 4069 nobis
2251 4013 2506 4068 Dominus
2525 4012 2769 4068 Christus
2794 4012 2954 4067 aliam
2979 4013 3351 4083 piscationem,
3370 4013 3639 4069 distantem

2069 4103 2140 4160 ab
2169 4104 2258 4157 illa
2280 4103 2576 4173 superiore.
2604 4103 2755 4159 Tunc
2782 4104 2950 4171 enim,
2964 4102 3154 4159 Mittite
3172 4106 3322 4174 retia,
3343 4104 3503 4161 dixit:
3522 4118 3635 4167 nec,

2062 4193 2129 4249 in
2159 4191 2460 4259 sinistram;
2490 4207 2611 4260 nec,
2642 4191 2702 4248 ln
2727 4192 3006 4249 dexteram
3040 4202 3240 4263 partem
3266 4210 3284 4258 ;
3306 4194 3401 4251 sed
3426 4204 3633 4259 tantum,

2071 4284 2261 4351 Mittite
2278 4284 2427 4352 retia,
2456 4283 2653 4340 dictum
2674 4294 2775 4340 est.
2799 4283 2855 4340 Si
2877 4284 3016 4340 enim
3035 4284 3253 4351 diceret,
3278 4284 3337 4341 ln
3365 4286 3637 4349 sinistram,

2072 4377 2244 4437 malos
2261 4377 2409 4435 solos
2434 4376 2784 4449 signiﬁcaret;
2806 4379 2872 4441 si,
2900 4378 2958 4433 ln
2983 4378 3284 4449 dexteram,
3304 4380 3444 4436 solos
3462 4379 3631 4433 bonos.

2073 4467 2207 4538 Quia
2230 4483 2359 4540 ergo
2387 4482 2489 4524 nec
2538 4466 2599 4522 ιη
2642 4466 2918 4523 dexteram
2959 4483 3062 4524 nec
3081 4467 3144 4524 in
3191 4469 3461 4527 sinistram
3493 4468 3630 4532 dixit,

2074 4560 2205 4616 boni
2243 4568 2299 4617 et
2334 4560 2464 4615 mali
2489 4559 2874 4630 signiﬁcantur,
2905 4560 2974 4616 de
3007 4560 3201 4631 quibus
3229 4560 3462 4632 loquitur
3479 4559 3629 4617 Eran-

2074 4651 2271 4721 gelium
2295 4650 2401 4706 alio
2427 4651 2545 4707 loco
2569 4668 2584 4705 :
2604 4650 2729 4721 quia
2754 4649 2903 4706 misit
2925 4648 3307 4721 paterfamilias
3328 4666 3501 4709 servos
3521 4663 3635 4707 suos

2076 4751 2259 4814 parata
2287 4757 2463 4810 omna,
2487 4751 2546 4798 et
2572 4742 2909 4799 adduxerunt
2930 4757 3064 4815 quos
3090 4744 3331 4801 invenire
3356 4751 3635 4816 potuerunt.

2076 4834 2248 4891 bonos
2272 4842 2328 4889 et
2355 4834 2544 4902 malos,
2573 4844 2630 4891 et
2655 4835 2890 4905 impleta:
2943 4844 3073 4892 sunt
3096 4837 3295 4908 nuptiae
3322 4835 3641 4893 discumben-

2075 4926 2217 4982 tibus
2248 4924 2460 4998 (Matth.
2485 4940 2620 4993 ιω,
2647 4926 2704 4993 8,
2732 4926 2848 4996 l0).
2876 4925 3019 4982 Talis
3045 4935 3132 4984 cst
3175 4926 3337 4983 modo
3383 4926 3607 4984 Ecclesia
3626 4963 3643 4990 ,

2078 5018 2239 5088 plena
2263 5017 2419 5073 bonis
2454 5024 2509 5072 et
2529 5016 2707 5073 malis.
2734 5016 3072 5077 Multitudine
3098 5016 3357 5088 impletur
3382 5015 3647 5074 Ecclesia:

2066 5110 2172 5165 sed
2218 5109 2501 5167 multitudo
2526 5109 2628 5166 ista
2673 5108 2960 5181 aliquando
2997 5110 3210 5181 proruit,
3233 5119 3292 5167 et
3318 5126 3487 5182 prope
3526 5123 3654 5166 nau-

2078 5202 2306 5275 fragium
2333 5212 2561 5260 conatur
2584 5201 2870 5259 adducere.
2901 5202 3037 5261 Male
3056 5203 3349 5261 viventium
3378 5201 3659 5263 multitudo

2078 5296 2218 5354 bene
2232 5296 2470 5353 viventes
2483 5296 2553 5350 ita
2566 5294 2858 5366 perturbat,
2878 5303 2941 5351 ut
2952 5294 3042 5364 qui
3054 5294 3195 5353 bene
3207 5293 3589 5364 vivit,,stultutn
3601 5305 3661 5348 se

2080 5388 2251 5453 putet,
2272 5380 2486 5451 quando
2509 5378 2736 5436 attendit
2757 5379 2894 5439 alios
2921 5379 3059 5437 male
3073 5380 3526 5437 vivere:naxime
3538 5378 3659 5450 quia

2081 5473 2378 5530 secundum
2403 5473 2543 5529 bOua
2564 5470 2722 5542 hujus
2740 5471 2921 5527 stcculi
2947 5470 3291 5529 inveniuntur
3311 5470 3465 5529 multi
3484 5469 3659 5526 felices

2083 5575 2357 5633 nocentes,
2389 5575 2444 5621 et
2486 5565 2828 5621 inveniuntur
2866 5564 3017 5621 multi
3058 5563 3293 5622 infelices
3330 5563 3661 5622 innocentes.

1999 5684 2009 5695 ·
2085 5658 2152 5716 Et
2169 5672 2329 5728 quam
2355 5657 2698 5713 metuendum
2724 5666 2807 5713 est
2826 5671 2893 5712 ne
2918 5654 3197 5728 naufragio
3216 5664 3487 5728 prematur
3506 5663 3661 5726 atque

2090 5751 2397 5821 mergatur!
2426 5748 2596 5819 Quam
2621 5749 2970 5807 metuendum
2994 5756 3099 5820 est,
3120 5749 3445 5823 charissim,
3475 5763 3543 5806 ne
3575 5748 3657 5805 di—
