1963 3094
149 161 220 190 11ϋ5

148 226 192 247 eat
201 219 246 254 qui
260 218 329 245 bene
340 216 421 244 vivit:
436 214 504 249 Quid
517 213 580 241 mihi
604 212 723 247 prodest,
747 210 808 245 quia
822 209 890 236 bene
901 207 940 234 vi-

148 273 182 292 vo
196 265 203 292 i
218 264 286 291 Ecce
299 262 370 290 enim
395 261 439 288 ille
453 259 521 287 male
536 259 601 286 vivit
619 262 647 286 et
666 256 820 284 honoratior
832 259 873 282 est
889 261 940 281 me.

149 311 212 338 Mihi
224 309 287 345 quid
297 308 406 345 prodest
418 307 478 342 quia
492 306 561 334 bene
573 305 632 332 vivo
640 304 651 331 τ’
659 303 846 331 Periclitatur:
863 301 944 328 timeo

150 365 183 385 ne
197 359 342 390 mergatur.
357 353 484 388 Alloquar
497 359 569 384 eum,
589 354 617 378 ut
627 350 661 377 de
674 348 803 384 profundo
814 349 942 382 erigatur.

149 403 200 438 Qui
225 403 293 429 bene
313 400 389 432 vivis,
410 400 478 428 bene
506 398 582 425 vivc:
599 396 652 424 noli
674 395 788 431 fatigari,
804 394 858 421 noli
871 397 944 421 retro

150 449 296 483 respicere.
311 445 381 473 Vera
406 449 448 472 est
471 442 612 479 promissio
635 440 738 469 Domini
766 440 803 467 tui
819 438 942 471 dicentis,

151 495 201 528 Qui
212 491 404 528 perseveraverit
412 498 489 525 usque
499 489 524 516 in
534 489 621 523 ﬁnem,
633 487 673 515 hic
684 487 767 514 salvus
777 486 825 513 erit
835 485 941 519 (Matth.

150 547 223 573 xxiv,
238 539 291 572 15).
308 536 434 569 Attendo,
453 535 551 570 inquis,
571 533 642 569 quod
656 533 724 560 alius
746 532 815 559 male
827 532 902 565 vivit,
917 536 945 560 et

151 588 211 614 felix
226 590 276 613 est.
292 584 412 616 Falleris,
425 583 516 610 infelix
525 587 565 610 est
579 591 585 608 :
599 585 625 609 et
638 588 670 608 eo
683 585 724 608 est
739 580 878 612 infelicior,
891 586 944 614 quo

150 633 200 660 sibi
217 632 319 658 videtur
339 630 451 657 felicior.
467 628 570 656 Insania
592 626 724 663 est,quod
748 633 800 653 non
825 625 945 660 agnoscit

151 679 286 706 miseriam
300 684 385 704 suam.
412 675 439 703 Si
455 674 560 703 videres
585 673 742 701 febrientem
758 671 899 703 ridentem,
917 674 945 698 tu

152 725 292 760 plangeres
321 722 508 750 insanientem.
533 719 609 753 Quod
633 719 680 746 tibi
707 718 868 753 promissum
893 721 943 750 est,

151 770 269 798 nondum
286 767 367 795 venit.
384 767 431 795 llle
446 766 490 801 qui
502 766 549 794 tibi
568 765 669 793 felicior
682 764 796 795 videtur,
813 763 893 791 rebus
907 763 946 790 vi-

152 815 273 843 sibilibus
288 819 315 842 et
329 813 519 848 temporalibus
535 812 661 847 pascitur,
683 811 746 846 ipsis
756 810 861 838 izctatur
874 818 880 837 :
897 817 946 837 nec

152 861 242 888 attulit
256 868 295 892 ea,
312 867 361 887 nec
375 859 476 886 auferet
489 866 531 886 ea.
542 857 633 886 Nudus
646 857 783 892 ingressus
795 860 846 889 est,
859 854 947 882 nudus

152 912 193 935 est
204 907 334 934 exiturus.
348 906 370 932 A
383 905 454 932 falsis
465 904 566 939 gaudiis
579 907 706 931 venturus
716 906 758 930 est
767 902 799 929 ad
810 909 887 929 veros
899 900 947 928 do-

153 951 301 979 lores.Tibi
313 956 400 978 autem
415 949 485 985 quod
496 950 656 985 promissum
666 953 715 981 est,
731 948 848 976 nondum
863 947 945 975 venit.

154 998 235 1029 Dura,
250 1001 276 1023 ut
289 996 441 1031 pervenias;
453 1002 604 1030 persevera,
622 1002 656 1022 ne
666 993 812 1022 defieiendo
823 997 848 1021 te
860 993 946 1028 ipsum

154 1042 280 1070 fraudes:
297 1050 358 1069 nam
374 1042 445 1069 Deus
467 1045 494 1069 te
504 1040 596 1068 fallere
615 1042 674 1068 non'
690 1042 787 1074 potest.
810 1038 880 1066 Ecce
892 1037 947 1064 dixi

155 1088 283 1120 breviter,
295 1095 328 1114 ne
338 1087 440 1122 navigia
451 1090 613 1121 mergantur.
625 1084 746 1112 Accessit
755 1083 824 1110 aliud
832 1083 864 1110 ad
876 1083 947 1110 illam

155 1134 328 1167 piscationem
359 1132 543 1160 detestabilius
559 1151 567 1165 ,
598 1135 628 1157 ut
652 1130 719 1158 retia
749 1133 947 1164 rumperentur.

155 1179 242 1213 Rupta
256 1183 318 1205 sunt
330 1177 405 1211 retia,
419 1177 537 1204 luereses
545 1176 620 1208 facta:
632 1179 703 1202 sunt.
715 1174 784 1208 Quid
796 1174 866 1201 enim
878 1173 949 1200 aliud

154 1227 219 1250 sunt
233 1222 385 1254 schismata,
401 1222 453 1249 nisi
467 1221 607 1248 scissum?
620 1220 665 1248 Sic
679 1219 788 1247 ferenda
798 1224 825 1247 et
836 1219 950 1247 toleran-

155 1268 189 1296 da
203 1272 244 1296 est
257 1268 340 1302 prima
352 1266 473 1301 piscatio,
484 1269 514 1293 ut
523 1273 601 1293 nemo
611 1264 691 1292 taedio
703 1264 843 1299 fatigetur:
858 1271 951 1298 quam-

156 1313 197 1340 vis
211 1313 338 1347 scriptum
358 1312 402 1344 sit,
419 1311 534 1338 Tedium
557 1310 634 1337 tenuit
660 1317 699 1336 me
720 1317 766 1345 pro
781 1309 952 1344 peccatoribus

157 1357 352 1393 relinquentibus
366 1357 444 1391 legem
459 1360 526 1382 tuom
541 1354 624 1390 (Psal.
639 1362 729 1387 cxvm,
746 1354 802 1390 55).
813 1353 951 1389 Navigium

158 1404 266 1434 clamat,
286 1401 356 1437 quod
378 1404 513 1436 prematur
532 1409 546 1428 a
560 1400 737 1432 multitudine,
754 1404 878 1435 tanquam
894 1399 952 1434 ipsa

160 1450 235 1476 navis
245 1449 324 1476 habet
338 1447 407 1475 hanc
418 1454 529 1475 vocem:
547 1446 662 1473 de‘ium
672 1446 751 1473 tenuit
769 1454 808 1472 me
828 1453 874 1481 pro
893 1453 952 1480 pec-

159 1494 284 1522 catoribus
297 1493 492 1527 relinquentibus
504 1493 583 1528 legem
596 1497 673 1519 tuam.
691 1491 747 1519 Etsi
760 1490 898 1527 premeris,
911 1491 952 1517 vi-

160 1541 195 1568 de
211 1548 316 1575 semper
335 1548 369 1568 ne
383 1539 521 1575 mergaris.
536 1538 677 1566 Tolerandi
692 1543 754 1566 sunt
778 1538 840 1565 mali
862 1538 951 1571 modo,

162 1593 215 1613 non
242 1585 392 1620 separandi.
417 1583 625 1611 Misericordiam
645 1587 672 1611 et
692 1583 819 1616 judicium
841 1583 953 1610 Domino

161 1635 242 1658 canto
257 1630 341 1665 (Psal.
352 1637 378 1662 c,
393 1629 419 1664 1)
435 1638 443 1656 :
459 1629 532 1663 prius
549 1628 730 1655 misericordia
740 1632 913 1663 prtemgatur,
928 1632 955 1656 et

162 1680 256 1711 postea
269 1675 399 1710 judicium
424 1679 574 1702 exercetur.
588 1673 726 1708 Separatio
741 1673 766 1700 in
785 1673 884 1708 judicio
898 1674 953 1701 fiet.

165 1722 242 1749 Modo
254 1720 345 1748 audiat
355 1728 398 1748 me
409 1720 512 1752 bonus,
537 1724 564 1747 ut
577 1720 611 1747 sit
622 1719 736 1747 melior:
753 1720 843 1747 audiat
861 1724 888 1747 et
900 1727 956 1747 ma-

164 1765 215 1797 lus,
235 1768 264 1790 ut
277 1763 311 1791 sit
326 1763 429 1795 bonus;
446 1770 505 1790 cum
529 1767 632 1799 tempus
642 1767 683 1791 est
697 1763 871 1798 ptenitentim,
887 1770 955 1790 non-

165 1809 228 1836 dum
246 1809 395 1836 sententis.
409 1808 587 1836 Transeamus
602 1809 636 1836 ab
651 1809 700 1836 ista
715 1809 870 1844 piscatione,
897 1816 957 1843 qua:

167 1855 247 1881 habet
258 1854 352 1889 gaudia
370 1854 452 1881 mixta
468 1853 592 1889 lacrymis
606 1862 612 1879 :
626 1854 731 1889 gaudia,
753 1854 813 1889 quia
826 1854 956 1889 colligun-

168 1905 210 1927 tur
221 1899 298 1932 boni;
319 1899 400 1926 mixta
412 1899 548 1934 lacrymis,
562 1899 624 1933 quia
638 1899 681 1926 vix
693 1898 814 1927 feruntur
830 1899 902 1926 mali.

202 1946 230 1973 3.
243 1945 329 1972 Altera
340 1945 455 1980 piscatio.
479 1944 606 1972 Numerus
620 1945 726 1979 piscium
740 1946 766 1973 in
781 1946 828 1973 hac
839 1946 893 1974 sola
918 1946 958 1973 di-

168 1996 234 2018 ctus.
250 1989 399 2025 Mysterium
419 1989 516 2016 numeri
535 1990 651 2025 piscium.
666 1989 719 2017 Lex
732 1991 786 2018 sine
799 1991 881 2026 gratia
894 1991 959 2018 nihil

168 2036 244 2063 valet.
260 2034 352 2062 Decem
365 2040 547 2070 praceptorum
567 2035 703 2063 distinctio.
722 2037 852 2064 Auxilium
865 2037 912 2064 Dei
925 2038 958 2066 ad

168 2081 322 2116 implendam
337 2083 416 2116 legem
434 2081 614 2108 necessarium.
639 2080 678 2109 Ad
693 2082 763 2109 illam
784 2082 957 2117 piseationem

169 2126 342 2154 novissimam
376 2125 492 2153 animum
510 2130 696 2153 convertamus
717 2127 772 2155 :ibi
798 2127 958 2162 reficiamur,

171 2172 207 2199 ibi
223 2172 400 2199 consolemur.
415 2171 449 2198 Et
458 2171 518 2198 ideo
528 2171 583 2205 ipsa
597 2177 657 2206 post
670 2173 892 2200 resurrectionem
904 2173 958 2200 Do-

172 2217 237 2244 mini
260 2216 327 2244 facta
348 2220 400 2249 est,
424 2217 486 2251 quia
509 2216 666 2251 significavit
691 2217 848 2249 Ecclesiam,
875 2218 961 2253 qualis

173 2267 233 2297 post
247 2262 468 2290 resurrectionem
484 2261 571 2289 futura
585 2267 635 2290 est.
651 2263 720 2290 Ecce
734 2263 830 2291 dicitur
844 2263 961 2299 discipu-

172 2310 204 2336 lis
213 2309 390 2343 piscantibus;
406 2308 533 2336 Dominus
543 2308 620 2341 dicit,
635 2309 679 2344 qui
692 2314 718 2336 et
732 2309 804 2344 prius
816 2309 882 2337 dixit
895 2318 901 2336 :
913 2310 961 2337 sed

173 2354 258 2390 prius,
273 2353 336 2389 quid
351 2354 504 2386 mitterent;
521 2354 611 2387 modo,
625 2361 677 2389 quo
693 2354 838 2388 mitterent,
860 2354 886 2382 id
908 2359 960 2388 est,

172 2401 199 2428 in
212 2400 348 2428 dexteram
364 2404 466 2434 partem
483 2400 590 2434 navigii.
611 2400 679 2434 Ergo
693 2400 730 2427 illi
751 2400 831 2428 modo
853 2401 963 2436 capiun-

174 2451 226 2478 tur,
240 2446 284 2481 qui
295 2446 328 2473 ad
341 2446 478 2473 dexteram
491 2445 600 2473 stabunt
616 2454 622 2472 :
637 2445 673 2472 illi
688 2446 839 2480 capiuntur,
867 2447 963 2482 quibus

172 2491 273 2519 dictum
303 2493 353 2524 est,
382 2490 479 2524 Venite,
504 2488 625 2517 benedicti
649 2490 736 2517 Patris
763 2492 821 2524 mei,
845 2492 965 2527 percipite

172 2545 278 2572 regnum
292 2535 398 2572 (Matth.
411 2543 473 2569 xxv,
487 2536 543 2571 54).
557 2536 672 2569 Mittunt,
689 2540 715 2563 et
730 2536 847 2572 capiunt.
864 2536 900 2564 lbi
916 2545 965 2564 nu-

174 2588 265 2608 merus
279 2589 332 2608 non
346 2585 387 2608 est
402 2580 489 2608 dictus
502 2581 527 2607 in
543 2580 627 2615 prima
641 2580 803 2615 piscatione;
822 2581 878 2608 sola
894 2582 964 2609 mul-

175 2626 260 2654 titudo
279 2627 348 2654 dicta
370 2631 421 2659 est,
443 2632 572 2654 numerus
598 2633 650 2653 non
674 2631 715 2653 est
733 2626 867 2655 definitus.
891 2627 964 2655 Multi

174 2677 238 2700 sunt
251 2674 322 2701 enim
335 2680 415 2708 super
426 2680 568 2700 numerum
583 2672 674 2704 modo,
690 2672 716 2700 id
729 2677 778 2706 est,
791 2674 909 2707 veniunt,
923 2675 965 2701 in-

175 2722 256 2750 trant,
269 2718 380 2753 implent
394 2717 532 2745 ecclesias.
544 2717 594 2753 Ipsi
607 2718 718 2753 implent
734 2718 846 2752 theatra,
863 2719 906 2754 qui
921 2727 965 2747 ec-

175 2764 293 2791 clesiam.
307 2763 393 2799 Super
407 2772 545 2791 numerum
567 2764 679 2799 implent
695 2764 745 2792 :ad
766 2772 904 2792 numerum
930 2766 965 2793 il-

176 2810 231 2837 lum
254 2810 298 2845 qui
315 2809 417 2837 futurus
439 2810 516 2837 estin
536 2810 588 2837 vita
604 2815 713 2844 (eterna,
742 2819 794 2838 non
821 2812 964 2846 pertinent,

177 2855 228 2883 nisi
243 2860 385 2889 mutentur,
406 2863 465 2884 cum
485 2856 584 2883 vivunt.
601 2856 632 2884 Et
648 2856 774 2892 numquid
791 2865 883 2884 omnes
909 2865 966 2885 mu-

871 148 986 178 SERMO
1005 148 1080 176 CCI...

1719 149 1785 178 1166

998 205 1106 232 tantur?
1120 205 1258 239 Quomodo
1281 212 1330 233 nec
1344 205 1381 233 illi
1405 205 1466 232 boui
1489 213 1583 233 omnes
1603 213 1785 241 perseverant.

1004 251 1066 278 Ideo
1080 251 1132 279 illis
1143 251 1244 278 dictum
1256 256 1298 279 est
1314 260 1321 278 :
1338 251 1387 285 Qui
1400 252 1562 286 perseveravit
1571 260 1648 286 usque
1657 252 1685 279 in
1697 253 1784 286 tinent.

997 297 1037 323 hic
1048 297 1132 323 salvus
1146 297 1203 323 erit.
1217 297 1251 323 Et
1262 296 1314 323 illis
1327 297 1371 331 qui
1394 296 1482 323 adhuc
1502 297 1562 323 mali
1577 300 1648 330 sunt,
1666 296 1763 325 dicitur
1777 306 1782 323 :

998 341 1066 369 Nolo
1081 347 1186 369 mortem
1201 343 1348 377 peccatoris,
1373 342 1417 369 sed
1439 347 1466 369 ut
1492 347 1651 370 convertatur
1670 348 1693 370 et
1719 344 1786 370 vivat

997 387 1105 422 (Ezeclt.
1118 397 1209 421 xxxtn,
1224 387 1279 424 11).
1295 388 1364 423 Ergo
1375 388 1409 415 ibi
1426 395 1551 415 numerus
1563 395 1616 415 non
1629 393 1670 415 est
1682 388 1769 416 dictus
1782 410 1789 422 ,

997 435 1057 469 quia
1071 434 1145 461 multi
1160 442 1241 469 super
1253 441 1392 461 numerum
1405 433 1465 461 facti
1477 438 1547 461 sunt.
1561 434 1631 461 Dixit
1642 433 1764 461 Psalmus
1781 443 1788 461 :

999 481 1165 513 Annuntiavi,
1181 486 1205 507 et
1218 482 1315 508 locutus
1329 488 1396 514 sum,
1413 480 1572 515 multiplicati
1582 484 1639 507 sunt
1653 488 1730 515 super
1740 488 1789 506 nu-

997 536 1093 554 meram
1106 527 1190 563 (Psal.
1205 535 1295 561 xxxix,
1312 526 1350 562 6).
1363 526 1440 555 Modo
1465 527 1493 554 in
1511 527 1659 560 dexteram,
1676 534 1728 554 non
1741 534 1789 554 su-

998 582 1046 609 per
1059 581 1198 601 numerum
1214 582 1220 601 :
1235 577 1340 601 centum
1360 573 1550 608 quinquaginta
1570 577 1625 600 tres
1649 577 1721 606 sunt,
1742 573 1789 601 sed

997 620 1096 655 magni.
1112 620 1167 648 Iloc
1180 620 1250 647 enim
1262 619 1361 647 dictum
1376 625 1416 647 est
1429 629 1436 646 :
1454 619 1554 646 Etcum
1567 624 1617 646 tam
1638 619 1724 655 magni
1746 628 1788 647 es-

997 671 1062 698 sent,
1089 674 1140 692 non
1159 670 1194 693 est
1220 666 1325 693 scissum
1346 670 1407 692 rete.
1428 665 1502 692 Tunc
1522 664 1593 692 enim
1619 665 1790 700 congregatio

998 716 1150 740 servolorum
1165 712 1224 745 erit,
1251 712 1395 740 divisiones
1408 716 1434 739 et
1454 712 1578 739 scissura:
1603 711 1789 739 lnereticorum

998 766 1050 786 non
1074 762 1150 786 erunt
1164 767 1171 785 :
1184 766 1234 793 pax
1258 758 1319 791 erit,
1334 762 1361 785 et
1386 758 1502 792 perfecta
1522 758 1611 785 unitas
1632 758 1691 786 erit.
1707 757 1791 785 Nemo

999 805 1096 838 minus,
1113 812 1192 831 nemo
1207 804 1265 839 plus
1290 805 1352 837 erit,
1368 804 1472 839 integer
1498 810 1627 832 numerus
1648 803 1709 832 erit.
1736 803 1790 832 Sed

998 850 1075 878 valde
1106 851 1182 885 pauci
1213 855 1289 883 sunt;
1322 851 1344 878 si
1366 854 1473 878 centum
1514 850 1704 885 quinquaginta
1736 854 1791 877 tres

1000 901 1101 923 tantum
1117 901 1186 923 sunt.
1213 896 1287 922 Absit
1308 903 1322 922 a
1343 896 1430 928 nobis,
1449 900 1477 922 ut
1494 900 1532 922 tot
1543 895 1593 923 soli
1620 895 1673 922 sint
1692 895 1718 922 in
1740 894 1791 922 hac

999 941 1077 976 plebe
1090 950 1095 966 :
1108 945 1206 975 quanto
1218 942 1302 975 magis
1325 941 1350 967 in
1366 941 1487 967 universa
1512 940 1629 967 Ecclesia
1643 940 1708 967 Dei?
1721 940 1794 975 Apo-

999 986 1115 1022 calypsis
1138 987 1219 1021 ipsius
1246 986 1354 1014 Joannis
1378 986 1549 1020 evangelistze
1565 984 1683 1013 ostendit
1704 985 1787 1012 visam

1000 1033 1080 1060 fuisse
1094 1037 1192 1059 tantam
1208 1032 1404 1059 multitudinem
1416 1037 1569 1059 sanctorum
1580 1035 1608 1059 et
1620 1031 1646 1058 in
1657 1031 1702 1058 illa
1713 1035 1792 1058 acter-

1002 1078 1084 1105 nitate
1102 1078 1227 1109 l‘elieium,
1243 1083 1366 1111 quantam
1386 1084 1527 1104 numerare
1542 1083 1621 1104 nemo
1640 1076 1733 1112 possit.
1749 1076 1794 1105 Sic

1001 1123 1037 1151 ibi
1048 1123 1160 1151 habetur
1172 1124 1298 1158 scriptum
1308 1123 1398 1157 (Apoc.
1408 1131 1453 1155 vn,
1462 1122 1500 1158 9).
1511 1123 1544 1150 Et
1555 1128 1646 1150 tamen
1656 1129 1749 1150 omnes
1760 1122 1794 1149 ad

1002 1176 1142 1196 numerum
1158 1169 1237 1195 istum
1253 1168 1396 1203 pertinent,
1418 1168 1451 1195 ad
1475 1174 1583 1195 centum
1604 1167 1793 1203 quinquaginta

1003 1219 1066 1242 tres.
1080 1214 1120 1241 Ad
1137 1214 1295 1249 paucitatem
1317 1213 1475 1249 ampliorem
1489 1214 1549 1241 volo
1563 1213 1685 1249 redigere
1702 1220 1796 1240 nume-

1003 1268 1061 1287 rum
1077 1260 1166 1287 istum.
1183 1259 1293 1287 Centum
1310 1260 1500 1295 quinquaginta
1511 1263 1643 1292 tressunt,
1656 1259 1796 1295 pauciores

1004 1305 1063 1333 illos
1075 1306 1211 1332 faciamus.
1226 1305 1323 1333 Decem
1331 1309 1359 1332 et
1370 1309 1471 1339 septem
1481 1308 1543 1332 sunt
1551 1304 1595 1332 isti
1602 1307 1708 1332 centum
1716 1303 1795 1339 quin-

1004 1351 1128 1386 quaginta
1145 1354 1210 1378 tres.
1223 1350 1310 1385 Quare
1323 1350 1435 1378 decem?
1449 1357 1530 1385 quare
1541 1349 1662 1384 septem?
1682 1349 1792 1383 Decem,

1005 1400 1114 1431 propter
1125 1396 1210 1431 legem
1225 1404 1232 1422 :
1248 1400 1360 1430 septem,
1373 1399 1480 1431 propter
1488 1395 1625 1431 Spiritum.
1639 1395 1795 1431 Septenaria

1005 1443 1077 1470 enim
1093 1443 1187 1473 forma,
1214 1447 1323 1478 propter
1344 1441 1535 1477 perfectionem
1556 1450 1616 1478 quae
1638 1442 1797 1477 praedicatur

1006 1487 1033 1515 in
1049 1487 1127 1515 donis
1138 1488 1253 1522 Spiritus
1267 1487 1362 1515 sancti.
1376 1487 1533 1523 Requiescet,
1546 1487 1632 1523 inquit
1644 1487 1724 1516 Isaias
1734 1495 1797 1523 pro-

1005 1532 1095 1568 pheta,
1123 1541 1199 1568 super
1221 1541 1278 1560 eum
1298 1533 1410 1569 Spiritus
1431 1538 1543 1561 εαηοιιιε.
1557 1533 1592 1561 Et
1606 1541 1666 1562 cum
1687 1533 1798 1561 dixisset

1006 1577 1132 1612 Spiritum
1144 1584 1275 1611 sanctmn,
1292 1578 1458 1606 enumeravit
1471 1582 1574 1613 septem
1587 1579 1711 1606 virtutes.
1734 1578 1797 1613 δρία

1006 1623 1069 1651 ritus
1083 1624 1213 1659 sapientiw
1223 1629 1245 1651 et
1257 1624 1412 1657 intellectus,
1430 1624 1545 1660 Spiritus
1555 1625 1652 1653 concilii
1665 1629 1687 1652 et
1698 1625 1799 1661 fortitu-

1007 1669 1073 1696 dinis
1087 1676 1096 1696 :
1109 1668 1191 1697 habes
1223 1674 1345 1705 quatuor.
1373 1669 1486 1704 Spiritus
1508 1671 1618 1697 scientite
1642 1675 1665 1697 et
1687 1670 1798 1705 pictatis,

1008 1712 1120 1749 Spiritus
1134 1715 1230 1741 timoris
1256 1714 1358 1741 Domini
1380 1714 1456 1749 (Isai.
1474 1723 1511 1747 ιι,
1531 1715 1558 1747 2,
1574 1715 1612 1750 5).
1628 1716 1650 1743 A
1667 1716 1797 1750 sapientia

1008 1759 1099 1793 ccepit,
1114 1759 1146 1785 ad
1162 1759 1284 1786 timorem
1299 1759 1451 1787 terminavit
1465 1768 1472 1785 :
1490 1764 1613 1795 tanquam
1633 1760 1800 1788 descendens

1009 1803 1112 1830 locutus
1121 1807 1160 1830 est
1176 1811 1191 1830 a
1205 1803 1316 1831 summis
1330 1803 1363 1830 ad
1379 1804 1441 1836 ima,
1456 1811 1471 1831 a
1482 1803 1611 1838 sapientia
1621 1805 1654 1832 ad
1667 1805 1798 1833 timorem.

1010 1848 1050 1875 Ab
1064 1848 1125 1876 imis
1135 1848 1168 1876 ad
1183 1856 1298 1880 summa,
1315 1856 1330 1876 a
1353 1849 1447 1877 timore
1464 1849 1496 1877 ad
1510 1849 1666 1884 sapientiam
1677 1859 1684 1877 :
1696 1849 1802 1878 Initium

1010 1894 1081 1921 enim
1094 1894 1225 1930 sapientiw
1240 1895 1315 1922 timor
1328 1894 1433 1922 Domini
1448 1895 1532 1932 (Paul.
1548 1903 1593 1930 cx,
1613 1896 1670 1933 10).
1681 1897 1738 1925 Hoc
1760 1903 1802 1925 est

1011 1940 1111 1968 donum
1134 1940 1246 1975 gratiae:
1263 1941 1312 1968 ista
1345 1942 1494 1977 septenaria
1520 1943 1618 1970 virtute
1646 1942 1673 1970 in
1697 1942 1802 1971 dilectis

1012 1986 1060 2014 Dei
1070 1991 1195 2022 operatur
1208 1986 1323 2022 Spiritus
1350 1992 1468 2021 sanctus,
1495 1993 1524 2015 ut
1543 1988 1641 2024 aliquid
1662 1989 1706 2016 lex
1718 1990 1804 2017 valeat

1013 2032 1059 2060 ibi.
1072 2033 1139 2060 Nam
1153 2033 1174 2061 si
1190 2033 1268 2060 tollas
1278 2033 1416 2068 Spiritum.
1432 2034 1494 2069 quid
1510 2034 1582 2062 valet
1599 2034 1657 2062 lex?
1675 2035 1804 2062 Prmvari—

1013 2083 1131 2107 catorem
1147 2079 1217 2106 facit.
1234 2079 1296 2107 ideo
1308 2079 1408 2107 dictum
1423 2083 1475 2113 est,
1490 2079 1585 2107 Littera
1599 2080 1698 2107 occidit.
1713 2080 1802 2114 Iubet,

1015 2127 1104 2151 etnon
1121 2124 1192 2153 facit.
1209 2124 1265 2152 Non
1279 2123 1426 2157 occidebat,
1440 2129 1582 2159 antequam
1597 2125 1642 2152 tibi
1652 2125 1801 2159 juberetur;

1014 2173 1041 2196 et
1051 2168 1074 2197 si
1084 2168 1192 2197 tenebat
1206 2169 1370 2204 providentia
1392 2174 1571 2204 peccatorem,
1592 2178 1646 2197 non
1665 2176 1752 2198 tamen
1767 2175 1806 2199 te-

1015 2215 1097 2243 nebat
1110 2215 1351 2251 praevaricatorem.
1366 2216 1488 2250 Jubetur,
1511 2220 1539 2243 et
1560 2223 1612 2244 non
1625 2215 1705 2250 facis;
1719 2216 1807 2251 probi-

1015 2261 1103 2297 betur,
1117 2267 1143 2290 et
1154 2262 1218 2289 facis
1234 2270 1315 2290 :ecee
1326 2262 1413 2290 littera
1426 2263 1532 2290 occidit.
1541 2262 1597 2290 Lex
1608 2267 1697 2291 autem
1710 2262 1804 2291 decem

1016 2313 1147 2344 praecepta
1167 2308 1255 2336 habet.
1274 2308 1438 2344 Prmceptum
1451 2309 1564 2344 primum
1578 2308 1644 2345 legis
1652 2313 1703 2343 est,
1714 2310 1807 2338 colen-

1016 2352 1079 2380 dum
1092 2360 1151 2383 esse
1164 2361 1244 2381 unum
1255 2353 1355 2387 Deum,
1367 2354 1469 2382 nullum
1482 2354 1574 2387 alium,
1589 2354 1692 2383 nullum
1705 2355 1806 2383 idolum

1017 2397 1177 2428 faciendum.
1192 2392 1357 2433 Praeceptum
1380 2399 1525 2427 secundum
1546 2404 1596 2432 est,
1617 2399 1678 2427 Non
1698 2400 1807 2436 accipies

1017 2453 1108 2473 nomn
1134 2444 1180 2471 Dei
1202 2445 1238 2471 tui
1265 2445 1291 2471 in
1312 2453 1414 2472 vanum.
1433 2445 1600 2478 Prteceptum
1620 2444 1727 2472 tertium
1753 2449 1805 2477 est,

1020 2490 1130 2518 Observa
1144 2490 1210 2516 diem
1222 2490 1334 2521 sabbati;
1347 2489 1394 2517 sed
1411 2489 1597 2524 spirituaiiter,
1625 2497 1679 2516 non
1694 2489 1808 2517 camali-

1020 2540 1059 2564 ter
1071 2535 1205 2571 quomodo
1215 2535 1310 2562 Jndzci.
1325 2535 1375 2563 Ista
1388 2536 1437 2563 tria
1450 2539 1583 2571 pracepta
1592 2535 1625 2564 ad
1638 2535 1807 2564 dilectionem

1019 2581 1065 2609 Dei
1077 2581 1220 2616 pertinent.
1236 2580 1288 2608 Sed
1299 2580 1371 2615 quia,
1385 2580 1419 2607 In
1440 2581 1479 2608 Itis
1492 2580 1589 2608 duobus
1606 2581 1746 2617 praeceptis,
1761 2582 1806 2613 ait.

1021 2631 1073 2653 tota
1094 2626 1147 2653 Leo;
1160 2626 1250 2661 pendet
1261 2631 1284 2652 et
1298 2624 1445 2661 Prop/aetat,
1463 2626 1488 2653 id
1499 2630 1549 2658 est,
1567 2626 1592 2653 in
1604 2626 1745 2653 dilectione
1757 2626 1804 2657 Dei

1020 2677 1048 2699 et
1062 2672 1088 2698 in
1110 2671 1251 2698 dilectione
1277 2671 1389 2705 proximi
1412 2671 1519 2707 (Matth.
1534 2679 1600 2704 un,
1614 2670 1708 2706 5740)
1725 2679 1732 2697 :
1748 2678 1809 2699 cum

1020 2718 1116 2745 audisti
1127 2717 1190 2753 quid
1202 2718 1332 2753 pertineat
1345 2718 1378 2745 ad
1391 2718 1558 2746 dilectionem
1577 2718 1634 2752 Dei,
1649 2718 1746 2752 unitas,
1761 2725 1808 2746 ve—

1020 2764 1096 2797 ritas,
1110 2763 1200 2799 quies;
1225 2763 1333 2792 attende
1353 2764 1416 2799 quid
1437 2765 1569 2799 pertineat
1585 2765 1619 2792 ad
1638 2764 1808 2793 dilectionem

1020 2810 1143 2845 proximi.
1160 2810 1267 2839 Honora
1281 2816 1376 2847 patrem
1387 2817 1466 2845 tuum,
1478 2816 1502 2838 et
1510 2816 1613 2839 matrem
1627 2816 1695 2839 tuam
1710 2820 1719 2838 :
1730 2811 1810 2839 habes

1021 2864 1142 2892 quartum
1157 2864 1327 2895 praeceptum.
1347 2858 1404 2886 Non
1429 2858 1588 2886 mter/laberis
1603 2867 1611 2885 :
1626 2858 1707 2886 habes
1732 2859 1808 2894 quiu-
