3926 6188
359 273 491 332 M67

358 403 488 447 tum.
519 391 635 446 Non
653 390 982 446 nonricidium
1013 387 1165 458 facies
1191 403 1210 442 :
1237 387 1398 442 habes
1422 394 1649 442 sextum.
1673 383 1791 439 Non
1815 384 1924 453 {ur-

357 495 462 537 tum
479 483 632 554 facies
656 497 673 534 :
695 481 857 535 habes
884 479 1185 549 septimum.
1214 476 1332 530 Non
1360 477 1548 546 falsum
1588 474 1924 529 testimonium

354 575 488 627 dices
513 571 711 626 :habes
735 580 998 623 octavum.
1055 567 1176 622 Non
1213 568 1530 636 concupisces
1568 581 1671 618 rem
1709 562 1925 634 proximi

353 666 426 718 tui
453 681 472 718 :
499 663 662 717 habes
692 676 910 716 nonum.
943 659 1060 714 Non
1095 660 1409 729 concupisces
1450 673 1656 712 uxorem
1684 655 1920 726 proximi,

351 757 426 807 tui
462 751 672 824 (Exod.
703 768 793 816 xx,
825 753 946 806 1-17
976 751 993 821 )
1028 769 1040 806 :
1073 750 1238 805 babes
1287 749 1570 804 decimum.
1629 745 1730 814 Qui
1773 743 1920 809 dicit,

353 844 474 897 Non
498 843 839 913 concupisces,
886 842 1090 895 interna
1134 841 1326 910 pulsat,
1369 839 1618 892 interiora
1671 834 1920 905 percutit.

349 933 788 1003 Concupiscentia
831 931 1100 1000 negotium
1145 930 1271 1000 agit.
1310 929 1449 985 Ecce
1491 928 1589 982 ista
1623 925 1726 982 Lex
1757 926 1920 980 estin

350 1027 534 1082 decem
568 1042 583 1078 :
614 1024 740 1093 quid
768 1023 986 1094 prodest
1029 1038 1146 1078 cum
1173 1021 1441 1085 didiceris,
1469 1029 1526 1075 et
1559 1033 1663 1073 non
1695 1016 1921 1072 feceris?

349 1117 729 1174 Prtevaricator
749 1117 874 1170 eris.
905 1115 975 1172 Ut
1000 1123 1172 1170 autem
1215 1113 1392 1178 facias,
1432 1111 1690 1166 auxilium
1731 1122 1920 1163 neces-

351 1209 550 1264 sarium
579 1217 678 1263 est.
713 1207 864 1262 Unde
885 1206 1178 1261 auxilium?
1209 1205 1279 1259 De
1304 1203 1522 1272 Spiritu.
1550 1201 1686 1270 Ergo
1732 1199 1920 1252 Littera

350 1300 554 1365 occidit,
619 1297 845 1367 Spiritus
894 1307 1062 1351 autem
1115 1297 1328 1363 viviﬁeat
1361 1294 1424 1367 (ll
1452 1293 1567 1349 Cor.
1592 1309 1670 1357 ut,
1711 1290 1788 1360 6).
1836 1287 1918 1342 Ad

329 1391 536 1445 decem
565 1389 825 1444 accedant
870 1399 1095 1458 septem,
1133 1387 1262 1440 fiunt
1284 1389 1468 1440 decem
1509 1393 1562 1438 et
1608 1390 1829 1451 septem.
1861 1380 1918 1435 ιιι

348 1482 451 1536 isto
472 1493 696 1535 numero
732 1487 814 1532 est
843 1479 1018 1534 omnis
1060 1475 1342 1531 multitudo
1384 1473 1773 1544 pet-rectorum;
1823 1468 1918 1525 sed

345 1571 614 1640 quomodo
637 1569 946 1639 perveniant
965 1567 1029 1622 ad
1043 1577 1266 1623 centum
1287 1563 1660 1635 quinquaginta
1681 1570 1808 1627 tres,
1831 1574 1919 1614 so-

346 1662 433 1715 leo
462 1660 614 1715 vobis
642 1660 840 1721 dicere,
871 1667 924 1713 et
955 1657 1102 1712 multi
1149 1655 1478 1726 prccveninnt
1516 1669 1601 1707 me
1628 1670 1641 1706 :
1664 1649 1917 1706 solemni-

346 1761 426 1805 ιον
457 1760 630 1806 tamen
674 1765 850 1805 sermo
901 1749 1203 1804 reddendus
1239 1756 1339 1801 est.
1385 1746 1528 1800 Multi
1578 1745 1726 1800 obliti
1770 1753 1913 1810 sunt,

342 1828 501 1911 aliqui
533 1857 634 1896 nec
674 1842 955 1895 audierunt
983 1859 997 1895 :
1029 1841 1119 1910 qui
1159 1851 1336 1894 autem
1365 1853 1468 1892 non
1499 1845 1623 1892 sunt
1664 1836 1810 1891 obliti
1861 1843 1916 1890 et

343 1932 643 1995 audierunt,
683 1932 942 2000 patienter
983 1930 1176 1995 ferant,
1204 1941 1260 1982 ιιι
1306 1928 1394 1982 alii
1433 1935 1915 1982 commemorentur

343 2032 398 2077 et
429 2024 773 2078 instruantur.
803 2021 1024 2090 Quando
1048 2021 1437 2076 duoambulant
1458 2020 1509 2073 in
1533 2018 1634 2083 via,
1658 2032 1796 2073 unus
1820 2032 1912 2072 ce-

345 2115 504 2169 lerior
522 2123 574 2168 et
588 2113 736 2167 altera
749 2111 966 2178 tardior,
992 2112 1044 2167 in
1060 2119 1328 2182 potestate
1351 2109 1620 2176 celerioris
1648 2118 1728 2163 est
1749 2117 1912 2161 utco-

342 2222 458 2260 mes
485 2221 589 2259 non
619 2205 916 2260 deseratur.
941 2203 1084 2260 Nihil
1106 2203 1299 2272 perdit,
1328 2202 1414 2271 qui
1441 2200 1588 2255 audit
1615 2199 1754 2270 quod
1781 2200 1914 2253 scie-

344 2297 466 2362 bat;
494 2307 547 2351 et
571 2299 624 2351 in
654 2312 719 2352 eo
748 2295 891 2366 quod
933 2295 1064 2351 nihil
1102 2295 1274 2364 perdit
1293 2292 1908 2364 ctiamgauderwlebet,

340 2388 463 2456 quia
503 2387 895 2456 instruiturqui
931 2385 1220 2441 nesciebat.
1269 2385 1458 2439 Decem
1497 2394 1550 2438 et
1583 2392 1784 2453 septem
1815 2399 1911 2437 nu-

341 2495 508 2541 mera,
535 2480 604 2535 ab
627 2494 732 2534 uno
762 2494 929 2549 usque
967 2478 1032 2532 ad
1064 2477 1247 2532 decem
1277 2488 1568 2545 etseptem,
1594 2477 1662 2528 ita
1693 2485 1751 2529 ut
1793 2491 1910 2528 om-

342 2583 437 2624 nes
457 2569 640 2638 addas,
668 2577 722 2628 et
748 2568 1022 2640 pervenies
1046 2566 1114 2623 ad
1138 2576 1348 2624 centum
1375 2565 1749 2640 quinquaginta
1781 2573 1904 2624 tres.

343 2659 487 2728 Quid
513 2677 543 2718 a
565 2677 652 2716 me
673 2659 1033 2732 exspectatis?
1060 2661 1340 2716 Numeratc
1365 2662 1530 2716 vobis.

798 2790 1057 2848 sermo
1085 2792 1236 2847 ceu
1262 2796 1280 2816 ·
1314 2793 1412 2863 (τι).

703 2881 948 2933 tn‘diebus
981 2880 1282 2933 Paschalibus
1295 2883 1393 2946 (ὁ).
1419 2897 1537 2932 xxn.

483 2963 558 3016 De
583 2964 755 3018 eadem
784 2965 992 3019 lectione
1005 2976 1056 3018 et
1078 2966 1142 3020 de
1159 2965 1360 3020 duabus
1379 2965 1750 3035 piscationibus.

407 3074 643 3130 CAPUT
675 3076 954 3132 PRIMUM.
982 3107 1053 3116 —
1076 3079 1123 3130 l.
1156 3075 1464 3131 Piscationes
1520 3075 1726 3130 Domini
1755 3078 1905 3148 jussu

338 3175 488 3237 facta’
509 3169 640 3223 duce.
671 3170 736 3222 In
773 3171 935 3238 prima
982 3171 1256 3240 piscatione
1289 3171 1385 3223 tria
1433 3171 1716 3239 signiﬁcata
1748 3180 1903 3225 sunt:

336 3259 563 3312 mixtura
581 3259 836 3313 'bonorum
863 3269 907 3313 et
937 3259 1205 3325 malorum,
1243 3277 1474 3330 pressura
1504 3262 1793 3326 turbarum,
1828 3280 1904 3316 se-

337 3351 638 3418 per-(itiones
665 3351 1025 3405 Ineteticorum.
1068 3351 1391 3406 Liberatoris
1446 3353 1608 3406 nostri
1660 3353 1900 3422 piscatio,

335 3450 513 3496 nostra
544 3441 1073 3496 cst‘liberdtioJluas
1095 3451 1268 3496 autem
1304 3443 1624 3497 advertimus
1642 3443 1692 3497 in
1719 3455 1902 3500 sancto

328 3531 619 3602 Evangelio
641 3533 858 3587 Domini
888 3533 1225 3603 piscationes,
1253 3533 1300 3588 id
1324 3543 1424 3599 est,
1457 3535 1667 3605 quando
1691 3535 1756 3590 ad
1783 3553 1904 3591 ver-

333 3624 454 3676 bum
507 3623 672 3691 ipsius
701 3623 860 3678 missa
894 3632 1020 3677 sunt
1055 3623 1189 3678 retia
1219 3642 1232 3677 :
1267 3640 1424 3679 unam
1479 3626 1644 3696 prius,
1689 3627 1900 3697 quando

326 3713 618 3782 discipulos
639 3714 827 3783 elegit;
858 3723 911 3768 et
937 3716 1072 3768 hanc
1092 3716 1336 3782 alteram,
1383 3717 1595 3784 quando
1621 3731 1651 3771 a
1677 3720 1898 3774 mortuis

329 3804 752 3859 resnrrexit.'llla
798 3805 1018 3874 piscatio
1043 3805 1718 3876 signiticavit'Ec’clesiam,
1764 3824 1897 3880 qua-

323 3893 390 3947 lis
412 3894 681 3948 est‘modo
709 3912 723 3948 :
749 3895 845 3948 ista
882 3911 1012 3950 vero
1049 3905 1168 3965 post
1193 3900 1893 3968 resurrectionem“Domini,

323 3977 642 4052 signiﬁcavit
663 3984 972 4050 Ecblesiam,
1014 3987 1186 4055 qualis
1206 3985 1380 4041 futura
1406 3998 1488 4042 est
1524 3988 1576 4043 in
1600 3987 1703 4042 (ine
1731 4005 1897 4044 saecu-

326 4073 384 4128 li.
429 4073 666 4145 Denique
730 4076 784 4129 in
839 4076 921 4130 illa
951 4077 1114 4147 priori
1170 4078 1478 4147 piscatione,
1549 4079 1706 4149 jussit
1758 4081 1896 4136 mitti

322 4165 477 4228 retia,
522 4174 575 4220 et
617 4179 722 4219 nun
769 4165 902 4220 dixit
949 4168 1002 4220 in
1046 4180 1203 4236 quam
1244 4177 1480 4238 partem;
1533 4168 1626 4224 sed
1665 4178 1896 4226 tantum-

321 4257 490 4311 modo
506 4265 567 4310 ut
620 4256 976 4322 mitterentur,
1009 4259 1279 4329 praecepit.
1326 4258 1578 4315 Miserum
1615 4260 1890 4331 discipuli:

319 4357 422 4400 non
467 4347 666 4402 dictum
709 4355 808 4414 est,
849 4347 904 4401 lu
942 4349 1244 4416 dexteram;
1275 4366 1376 4404 non
1427 4349 1622 4406 dictum
1666 4361 1775 4418 est,
1833 4353 1890 4408 In

317 4436 608 4489 sinistram.
641 4437 850 4492 “Pisces
903 4438 1044 4492 enim
1062 4437 1331 4494 "homines
1407 4441 1770 4510 significabant
1798 4460 1812 4497 :
1844 4444 1890 4499 sl

317 4539 448 4593 ergo
472 4525 755 4590 diceretur,
777 4527 840 4580 ιη
887 4526 1179 4592 dexteram,
1218 4529 1317 4582 soli
1363 4529 1486 4584 boni
1521 4531 1680 4586 futuri
1713 4543 1884 4601 erant;

315 4614 360 4668 si
390 4613 678 4678 diceretur,
707 4613 765 4668 in
808 4615 1096 4681 sinismm,
1121 4617 1217 4670 Soli
1247 4619 1388 4671 mali.
1429 4620 1559 4687 Quia
1587 4637 1715 4678 vero
1761 4640 1887 4694 per-

313 4705 462 4759 mixti
494 4703 655 4760 futuri
675 4715 829 4760 erant
854 4707 904 4760 in
933 4705 1166 4762 Ecclesia
1186 4716 1239 4764 et
1265 4709 1386 4765 boni
1408 4719 1462 4765 et
1488 4711 1632 4779 mali,
1649 4714 1765 4770 sine
1783 4714 1887 4770 dif-

311 4797 530 4853 ferentia
555 4797 717 4854 missa
746 4808 871 4855 sunt
890 4797 1074 4864 retia;
1099 4808 1160 4855 ut
1183 4810 1502 4872 caperentur
1516 4805 1690 4875 pisces
1723 4806 1887 4877 signi-

312 4889 844 4947 ﬁcantes'mixturam
895 4891 1155 4948 bonorum
1199 4895 1564 4951 etmalorum.
1605 4896 1804 4954 Deinde
1832 4909 1886 4957 et

313 4984 414 5039 hoc
439 4983 510 5038 ibi
533 4984 791 5054 scriptum
810 4993 912 5052 est,
942 4985 1063 5055 quia
1112 4994 1315 5042 tantum
1351 5001 1606 5059 cepeth
1638 4991 1880 5062 piscium,

311 5081 368 5127 ut
403 5075 524 5130 dum
555 5076 812 5132 naviculae
837 5077 1070 5147 impletae
1109 5092 1495 5152 mergerentur,
1550 5084 1650 5140 hoc
1684 5095 1783 5153 est,
1815 5087 1882 5143 a'd

305 5211 691 5320 mxlmendatus
703 5213 764 5264 ad
785 5213 907 5264 duos
921 5214 999 5265 cb.
1025 5213 1085 5265 ad
1104 5213 1153 5265 d.
1169 5230 1242 5281 gr.
1263 5230 1304 5269 r.
1326 5224 1360 5268 t.
1385 5218 1464 5270 vd.
1483 5227 1535 5272 et
1548 5221 1608 5271 ad
1625 5221 1757 5273 υιιω.
1776 5231 1876 5277 Par.

367 5332 438 5454 (αξ
463 5333 600 5394 Alias,
625 5333 690 5386 de
724 5338 932 5387 Diversis
950 5337 998 5386 4.

367 5393 415 5452 (b
459 5400 507 5443 In
531 5396 836 5446 tlormliarum
859 5396 1148 5449 collectione
1173 5400 1352 5452 Alcuini
1382 5406 1488 5454 sive
1529 5405 1656 5454 Pauli
1693 5407 1739 5454 di

366 5393 1148 5486 tit";tmt'imtt'issﬂeaees
1172 5400 1878 5486 A‘EBEIEXEE‘Mess-t

303 5455 459 5503 studio
481 5457 724 5516 adornata,
751 5468 800 5508 et
818 5461 1002 5510 Parisiis
1017 5461 1140 5522 apud
1162 5470 1392 5512 Joannem
1407 5455 1605 5516 Parvum
1612 5455 1877 5520 Danao—1'33?

303 5514 553 5594 pulling,
576 5518 817 5594 legendus
860 5522 1207 5594 ponitucferia
1233 5534 1417 5594 quarta
1455 5531 1673 5594 paschae,
1712 5533 1877 5594 ibique

309 5585 600 5634 [mactatur
617 5613 632 5639 ,
663 5589 863 5631 «Sermo
890 5586 1044 5634 sancti
1061 5585 1322 5639 Maximini:
1345 5605 1367 5635 ι
1392 5590 1480 5640 sed
1795 5585 1876 5645 er-

308 5645 551 5696 rete,.pro
580 5645 766 5692 «sancti
791 5646 1053 5706 augusttni.
1079 5660 1101 5692 ι

1577 270 1631 325 S.
1665 266 2028 324 AUGUSTINI
2070 267 2368 325 EPISCOPI

2638 161 2672 184 Α

3469 280 3601 339 Ηϐὁ

2032 383 2448 440 submersionem
2493 395 2857 455 premerentur
2900 387 3051 462 (Luc.
3083 405 3138 454 v,
3170 390 3313 462 1-7).
3332 391 3448 447 Non
3469 397 3606 451 enim

2031 474 2305 529 submersa
2337 485 2460 529 sunt
2492 475 2583 530 illa
2600 476 2702 532 duo
2735 480 2962 548 navigia,
2988 478 3085 536 sed
3112 481 3431 550 periclitata.
3461 485 3606 542 Unde

2031 564 2364 632 periclitata?
2414 565 2749 622 Multitudine
2821 569 3062 638 piscium.
3103 569 3468 641 Significatum
3529 589 3606 632 est

2031 652 2174 718 hinc,
2224 657 2346 727 quia
2402 673 2495 728 per
2531 659 2924 715 multitudinem
2965 677 3126 732 quam
3165 664 3454 722 collectura
3498 679 3606 725 erat

2028 742 2289 813 Ecclesia,
2339 748 2695 817 periclitatum
2747 759 2862 806 erat
2895 751 3193 824 disciplina.
3246 755 3316 812 Et
3366 756 3471 814 hoc
3517 763 3607 816 ad-

2022 833 2260 905 junctum
2295 846 2377 892 est
2406 838 2458 892 in
2487 841 2572 893 ilL1
2622 841 2929 910 piscatione,
2967 854 3126 916 atque
3167 857 3436 916 narratur,
3487 853 3604 917 quia

2027 934 2084 980 et
2117 926 2251 982 retia
2275 944 2384 998 pra:
2413 929 2749 988 multitudine
2800 933 3018 1005 piscium
3044 935 3285 1007 disrupta
3307 949 3455 994 sunt.
3489 941 3603 997 Dis-

2026 1025 2178 1088 rupta
2235 1019 2366 1074 retia
2431 1021 2556 1091 quid
2614 1023 3061 1094 significaverunt,
3104 1029 3208 1083 nisi
3252 1029 3435 1085 futura
3467 1032 3601 1087 schi-

2024 1109 2233 1164 amata?
2267 1111 2387 1166 Tria
2434 1128 2561 1184 ergo
2602 1115 2700 1169 ista
2735 1117 2787 1170 in
2820 1117 2906 1172 illa
2961 1119 3250 1190 piscatione
3309 1123 3597 1193 significata

2023 1207 2146 1254 sunt
2170 1217 2183 1253 :
2215 1199 2442 1257 mixtura
2471 1204 2728 1260 bonorum
2754 1216 2807 1262 et
2835 1209 3118 1276 malorum,
3141 1227 3391 1281 pressura
3421 1215 3595 1268 turba-

2023 1301 2137 1340 rum
2155 1330 2170 1355 ,
2202 1292 2564 1358 separationes
2591 1294 2982 1353 haaretieorum.
3013 1299 3236 1356 Mixtura
3264 1302 3518 1358 bonorum
3546 1316 3595 1361 et

2022 1379 2279 1436 malorum
2297 1399 2310 1449 ;
2329 1384 2448 1452 quia
2466 1399 2565 1440 nec
2581 1386 2634 1442 in
2656 1386 2950 1455 dexteram,
2967 1407 3064 1446 nec
3080 1392 3131 1448 in
3149 1392 3418 1449 sinistram
3441 1397 3591 1452 missa

2021 1480 2144 1526 sunt
2158 1472 2288 1527 retia
2308 1492 2318 1525 :
2337 1489 2582 1543 pressura
2605 1479 2896 1547 turbarum;
2914 1483 3034 1550 quia
3052 1490 3252 1538 tantum
3271 1495 3482 1556 captum
3496 1497 3590 1553 est,

2021 1568 2079 1615 ut
2103 1563 2356 1618 navicula:
2378 1578 2742 1634 premerentur
2765 1587 2777 1622 :
2801 1573 3164 1641 separationes
3189 1573 3588 1643 hmreticorum;

2019 1651 2137 1722 quia
2167 1662 2304 1708 tanta
2349 1654 2517 1711 fuerat
2543 1659 2844 1727 multitudo,
2876 1669 2933 1716 ut
2961 1663 3093 1718 retia
3119 1675 3510 1734 rumperentur.

2089 1742 2310 1800 CAPUT
2351 1745 2411 1799 ll.
2445 1777 2514 1786 —
2540 1746 2593 1801 2.
2627 1749 2799 1803 Altera
2851 1751 3126 1820 piscatione
3152 1755 3468 1825 signiﬁcatus
3489 1757 3587 1810 ele-

2017 1842 2206 1888 ctorum
2237 1853 2497 1891 numerus.
2526 1838 2650 1893 Rete
2681 1840 2887 1894 missum
2925 1842 2976 1895 in
3017 1842 3306 1911 dexteram,
3350 1847 3471 1916 quia
3499 1849 3590 1901 soli

2018 1924 2133 1978 boni
2164 1927 2450 1998 colligendi.
2485 1927 2763 1999 Numerus,
2793 1931 2860 1984 ad
2883 1933 3065 1988 electos
3089 1951 3108 1988 :
3132 1952 3284 2004 super
3306 1955 3584 2005 numerum,

2016 2015 2084 2066 ad
2122 2018 2360 2086 reprobos
2403 2030 2610 2089 spectat.
2643 2021 2910 2094 Respicite
2959 2041 3100 2081 nunc
3136 2025 3202 2080 ad
3244 2027 3588 2098 piscationem

2016 2104 2206 2170 istam,
2237 2124 2354 2177 qua!
2385 2109 2541 2166 hodie
2585 2112 2802 2168 recitata
2841 2122 2940 2170 est.
2982 2113 3141 2170 Facta
3179 2127 3262 2171 est
3299 2117 3442 2171 enim
3473 2128 3586 2188 post

2015 2199 2456 2255 resurrectionem
2482 2201 2711 2270 Domini,
2741 2213 2797 2259 ut
2827 2205 3148 2274 signiﬁcaret
3177 2207 3335 2262 talem
3362 2209 3585 2266 futuram

2016 2285 2305 2343 Ecclesiam
2339 2301 2457 2360 post
2489 2303 2722 2349 nostram
2751 2297 3216 2352 resurrectionem.
3246 2297 3469 2368 Mittite,
3507 2302 3586 2356 in-

2013 2379 2148 2448 quit,
2175 2391 2280 2433 rete
2306 2381 2358 2435 in
2384 2383 2640 2438 dexteram
2669 2397 2882 2456 partem.
2925 2387 3195 2444 Discretus
3229 2399 3312 2445 est
3338 2408 3467 2463 ergo
3496 2410 3588 2448 nu-

2013 2482 2192 2524 merus
2231 2486 2417 2526 eorum
2460 2475 2548 2551 qui
2593 2477 2658 2534 ad
2698 2477 2968 2540 dexteram
2999 2482 3232 2544 stabunt.
3279 2484 3588 2540 Meministis

2012 2561 2153 2622 enim
2189 2563 2469 2627 Deminum
2497 2573 2694 2630 dixisse
2722 2587 3004 2634 venturum
3029 2596 3089 2637 se
3114 2597 3235 2638 esse
3264 2599 3386 2639 cum
3414 2589 3584 2656 Ange-

2012 2654 2077 2708 lis
2113 2657 2222 2711 suis
2247 2699 2261 2724 ,
2302 2671 2356 2715 et
2397 2662 2537 2730 quod
2576 2667 3038 2737 congregabuntur
3073 2680 3196 2727 ante
3240 2690 3364 2729 eum
3403 2654 3586 2732 omnes

2011 2754 2223 2812 gentes;
2253 2757 2306 2802 et
2332 2749 2529 2806 dividet
2562 2767 2694 2820 eas,
2736 2757 2873 2811 sicut
2912 2767 3098 2827 pastor
3133 2761 3321 2818 dividit
3357 2779 3485 2821 oves
3519 2768 3584 2822 ab

2011 2834 2177 2890 haedis
2197 2855 2223 2892 Δε
2256 2855 2381 2894 oves
2413 2853 2574 2911 ponet
2593 2847 2658 2900 ad
2680 2847 2978 2918 dexteram,
3003 2850 3185 2908 haedos
3205 2855 3270 2909 ad
3292 2856 3582 2914 sinistram.

2009 2924 2205 2981 Ovibus
2230 2929 2464 2988 dicturus
2495 2944 2595 3002 est,
2635 2935 2830 3006 Venite,
2861 2942 3102 3013 percipite
3129 2960 3335 3015 regnum
3371 2962 3389 2999 :
3423 2949 3582 3004 haedis

2009 3016 2248 3073 dicturus
2277 3031 2389 3086 est,
2422 3023 2505 3080 Ite
2537 3027 2590 3081 in
2625 3028 2790 3098 ignem
2813 3041 3056 3088 ceteraum
3079 3033 3295 3106 (Matth.
3332 3053 3462 3104 xxv,
3493 3040 3582 3095 3i-

2008 3109 2122 3181 41).
2156 3110 2338 3166 Mittite
2363 3116 2414 3169 in
2452 3119 2725 3176 dexteram.
2767 3121 3039 3192 Tanquam
3067 3124 3262 3180 diceret
3299 3144 3312 3180 :
3345 3127 3460 3182 Jam
3491 3147 3574 3185 re-

2007 3202 2254 3269 surrexi,
2303 3205 2595 3263 Ecclesiam
2642 3211 2765 3265 volo
2811 3213 3149 3283 siguiIiCare,
3199 3233 3320 3287 qua:
3373 3220 3474 3273 erit
3525 3222 3578 3274 in

2006 3295 2398 3351 resurrectione
2425 3308 2775 3356 mortuorum.
2807 3302 2992 3358 Mittite
3022 3306 3076 3360 in
3113 3307 3391 3362 dexteram.
3427 3311 3577 3365 Missa

2005 3390 2128 3434 sunt
2154 3383 2283 3437 retia
2309 3384 2362 3438 in
2393 3385 2706 3443 dexteram:
2735 3405 2834 3446 nec
2875 3402 3122 3462 poterant
3149 3411 3211 3451 ea
3251 3397 3432 3455 levare
3473 3417 3575 3470 pra:

2005 3472 2340 3530 multitudine
2366 3478 2616 3547 piscium.
2645 3480 2715 3536 Et
2746 3483 2816 3538 ibi
2845 3483 2986 3540 dicta
3015 3496 3098 3541 est
3130 3488 3417 3546 multitudo
3447 3510 3459 3546 :
3488 3495 3574 3549 sed

2005 3559 2092 3616 hic
2119 3578 2606 3634 certusnumerus,
2631 3580 2686 3626 et
2716 3573 3016 3640 multitudo,
3044 3585 3098 3638 et
3125 3579 3436 3649 magnitudo
3470 3599 3482 3635 :
3509 3582 3576 3636 ibi

2003 3664 2181 3708 autem
2209 3671 2312 3710 non
2341 3667 2420 3712 est
2448 3659 2618 3715 dictus
2644 3677 2916 3720 numerus.
2936 3665 3089 3721 Modo
3114 3667 3258 3722 enim
3292 3679 3575 3742 antequam

2003 3745 2180 3798 veniat
2209 3749 2527 3804 resurrectio
2546 3791 2561 3815 ,
2583 3759 2638 3805 et
2662 3765 2976 3822 separentur
3010 3755 3134 3812 boni
3159 3773 3189 3812 a
3211 3761 3376 3815 malis
3395 3803 3412 3828 ,
3451 3762 3572 3816 illud

2001 3831 2248 3902 impletur
2267 3836 2405 3906 quod
2422 3838 2492 3891 ait
2511 3840 2767 3909 propheta
2787 3842 3140 3912 :Annuntiaui,
3157 3857 3203 3900 et
3223 3847 3426 3904 locutas
3444 3867 3570 3904 sm.

2001 3921 2136 3990 Quid
2165 3933 2248 3979 est
2270 3967 2284 3991 ,
2313 3926 2622 3983 Annuntiaui
2639 3971 2654 3996 ,
2677 3939 2725 3986 et
2749 3931 2944 3988 locutus
2975 3937 3125 3990 sum?
3152 3937 3305 3993 Retia
3331 3942 3474 3996 misi.
3511 3943 3576 3997 Et

2000 4013 2164 4085 quid?
2203 4013 2534 4089 Hultiplicati
2564 4030 2683 4076 sunt
2716 4037 2867 4093 super
2889 4040 3150 4080 numerum
3179 4026 3351 4100 (Psat.
3381 4046 3570 4096 nux,

1998 4104 2070 4175 6).
2104 4105 2198 4160 Est
2231 4123 2483 4165 numerus
2503 4152 2518 4177 ,
2546 4121 2670 4167 sunt
2691 4127 2850 4185 super
2876 4130 3177 4173 numerum.
3205 4119 3475 4193 Numerus
3504 4124 3571 4178 ad

1995 4206 2209 4253 sanctos
2243 4202 2519 4270 pertinet,
2568 4204 2656 4273 qui
2695 4215 2820 4260 sunt
2861 4210 3130 4278 regnaturi
3169 4227 3289 4268 cum
3334 4213 3567 4270 Christo.

1995 4284 2166 4358 Super
2193 4305 2474 4346 numerum
2505 4294 2664 4350 modo
2688 4295 2742 4351 in
2765 4297 3061 4354 Eeclesiam
3089 4303 3290 4358 intrate
3315 4317 3567 4373 possunt,

1995 4377 2049 4431 in
2077 4393 2296 4449 regnum
2327 4383 2582 4437 caelorum
2612 4400 2714 4439 non
2733 4397 2980 4456 possunt.

2063 4465 2292 4525 CAPUT
2331 4469 2414 4524 lll.
2441 4501 2514 4512 —-
2537 4473 2712 4540 Quare
2735 4475 3018 4544 admoneo,
3043 4488 3100 4534 ut
3123 4481 3363 4552 eripiatis
3394 4500 3486 4540 vos
3501 4485 3568 4539 de

1991 4562 2243 4629 prtesenti
2267 4563 2467 4618 sacculo
2495 4566 2654 4620 malo.
2684 4565 2858 4634 Quare
2890 4568 3181 4638 admoneo,
3203 4581 3267 4627 ut
3293 4575 3388 4645 qui
3416 4576 3570 4631 vultis

1989 4649 2187 4716 vivere,
2216 4666 2322 4707 non
2348 4653 2624 4710 imitemini
2651 4657 2817 4712 malos
2836 4657 3174 4717 christianos.
3203 4662 3320 4720 Non
3344 4665 3564 4722 dicatis:

1989 4737 2200 4806 Quare?
2226 4741 2316 4798 ille
2352 4759 2459 4799 non
2487 4743 2659 4800 ﬁdelis
2687 4757 2790 4814 est,
2816 4755 2871 4804 et
2897 4749 3219 4808 inebriatur?
3245 4755 3460 4822 Quare?
3479 4757 3567 4812 ille

1988 4845 2093 4885 non
2125 4831 2292 4888 iidelis
2315 4843 2421 4898 est,
2451 4845 2504 4890 et
2529 4837 2851 4894 concubinas
2873 4841 3071 4897 habet?
3099 4845 3308 4910 Quare?
3347 4848 3439 4904 ille
3463 4865 3564 4902 non

1987 4921 2159 4978 fidelis
2179 4932 2280 4990 est,
2307 4934 2361 4982 et
2393 4927 2630 4996 quotidie
2664 4927 2878 4986 fraudes
2899 4931 3067 4988 facit?
3089 4935 3302 5001 Quare?
3335 4939 3426 4996 ille
3460 4955 3560 4996 non

1988 5013 2160 5070 fidelis
2174 5026 2286 5082 est,
2315 5026 2370 5072 et
2403 5019 2805 5077 mathematicos
2835 5023 3096 5081 consulit?
3120 5027 3276 5084 Modo
3305 5031 3450 5087 enim
3475 5035 3563 5102 qui

1985 5103 2263 5160 volueritis
2284 5121 2406 5162 esse
2434 5123 2620 5179 grana,
2648 5118 2771 5166 tunc
2801 5112 3140 5170 inveniemini
3162 5118 3213 5172 in
3240 5133 3440 5176 massa.
3461 5121 3561 5187 Qui

1987 5205 2162 5250 autem
2203 5197 2479 5253 volueritis
2517 5201 2668 5271 palea
2706 5216 2862 5270 esse,
2904 5203 3248 5264 inveniemini
3287 5210 3341 5266 in
3371 5226 3563 5282 magno

1987 5302 2198 5354 acervo,
2229 5288 2325 5343 scd
2355 5305 2547 5361 magno
2572 5291 2692 5363 igne
2719 5294 3070 5353 incendendo.

2056 5379 2108 5433 5.
2139 5376 2332 5446 Littus,
2357 5381 2476 5449 ﬁnis
2499 5381 2692 5438 sa’culi.
2723 5383 2841 5440 Non
2863 5387 3072 5441 scissum
3097 5396 3203 5444 rete
3219 5432 3236 5457 ,
3259 5392 3380 5462 quia
3407 5394 3561 5447 nulla!

1983 5468 2211 5522 Ita’reses.
2238 5469 2361 5534 Quis
2387 5481 2600 5543 magnus
2621 5515 2635 5539 ,
2658 5483 2704 5528 et
2724 5476 2835 5545 quis
2857 5477 3124 5546 minimus,
3148 5480 3200 5534 in
3222 5497 3378 5554 regno
3405 5485 3557 5538 carto-

1981 5575 2114 5612 rum.
2143 5559 2276 5628 Quid
2304 5562 2463 5632 ergo?
2497 5563 2855 5632 Adduxeruut,
2886 5568 3084 5639 inquit,
3124 5572 3252 5626 retia
3288 5574 3358 5628 ad
3395 5573 3556 5629 littus.

1985 5648 2178 5706 Petrus
2207 5654 2420 5706 attraxit
2464 5655 2599 5710 retia
2632 5653 2698 5709 ad
2739 5656 2888 5712 littus
2925 5676 2937 5712 :
2976 5659 3134 5715 modo
3156 5676 3282 5718 cum
3310 5662 3554 5732 Evange-
