3926 6188
304 418 446 479 ιιδθ

307 531 434 585 lium
477 531 777 601 legeretur,
808 528 1049 585 audistis.
1091 529 1194 587 Ubi
1231 530 1383 586 audis
1419 531 1567 586 littus
1590 575 1604 595 ,
1650 531 1885 601 iutellige

305 623 466 676 tinem
502 619 665 674 maris
697 637 711 674 :
737 619 825 676 ubi
845 621 999 678 audis
1023 618 1182 676 tinem
1213 622 1411 685 maris.
1440 620 1673 694 iuteliige
1698 622 1883 678 smculi

302 711 486 766 tinem.
526 709 585 766 In
620 711 711 766 illa
744 711 1037 781 piscatione
1066 728 1170 768 non
1208 713 1278 770 ad
1321 715 1469 770 littus
1510 724 1733 771 attracta
1762 724 1885 770 sunt

300 804 435 858 retia
465 821 479 857 :
506 802 599 858 sed
630 803 727 874 ipsi
755 803 927 873 pisces
952 804 1042 875 qui
1070 806 1211 875 capti
1237 817 1381 873 sunt,
1408 807 1462 862 in
1483 809 1755 863 naviculas
1778 807 1883 863 fusi

300 905 445 950 sunt.
474 894 571 948 ilic
593 903 769 950 autem
807 904 1085 951 traxerunt
1109 897 1175 952 ad
1203 898 1368 952 littus.
1398 897 1565 968 Spera
1592 899 1748 955 linem
1776 915 1880 954 sa:-

298 985 428 1038 culi.
454 984 721 1039 Venturus
749 991 834 1040 est
858 985 1011 1052 linis;
1044 988 1184 1042 bono
1212 987 1552 1056 dextrorum,
1584 990 1725 1044 malo
1748 990 1878 1044 sini-

300 1089 554 1132 strarum.
582 1077 651 1135 Et
689 1089 818 1151 quot
852 1080 1069 1150 pisces?
1101 1082 1463 1145 Atnaxerunt,
1515 1083 1710 1153 inquit,
1756 1087 1884 1139 retia

301 1170 537 1225 habentia
577 1172 739 1241 pisces
775 1183 969 1227 centum
1013 1174 1380 1244 quinquaginta
1416 1185 1535 1229 tres.
1582 1176 1648 1229 Et
1687 1172 1882 1244 adjecit

304 1260 639 1331 Evatigclista
670 1278 781 1318 rem
803 1264 1160 1320 necessariam
1195 1284 1207 1320 :
1233 1265 1301 1319 Et
1333 1283 1447 1320 cum
1482 1267 1643 1334 tanti,
1682 1266 1732 1321 id
1759 1274 1838 1320 cst
1862 1310 1877 1335 ,

301 1362 408 1406 tam
436 1354 610 1424 magni
636 1365 799 1411 essent
819 1398 835 1420 ,
866 1373 968 1411 non
994 1367 1067 1412 est
1101 1356 1313 1412 scissum
1346 1368 1467 1412 rete.
1497 1357 1669 1430 Magni
1689 1368 1873 1425 erunt,

298 1444 395 1496 scd
423 1443 658 1501 ha'reses
695 1458 799 1501 non
833 1457 990 1503 erunt
1030 1462 1045 1502 :
1086 1456 1143 1503 et
1176 1447 1297 1504 ideo
1322 1448 1491 1520 magis
1516 1449 1749 1504 haereses
1775 1466 1905 1529 non

298 1544 475 1600 erunt,
499 1537 621 1607 quia
646 1538 819 1610 magni
842 1548 1021 1596 erunt.
1048 1541 1153 1609 Qui
1173 1552 1298 1597 sunt
1318 1541 1532 1613 magni?
1553 1542 1694 1614 Lege
1720 1542 1878 1598 verba

296 1626 466 1694 ipsius
492 1627 700 1684 Domini
729 1631 781 1686 in
803 1629 1092 1702 Evangelia
1112 1674 1128 1701 ,
1160 1643 1216 1689 et
1253 1635 1495 1690 invenies
1523 1642 1762 1706 magnos.
1791 1637 1880 1691 Ait

295 1715 441 1770 enim
468 1718 696 1784 quodam
721 1719 841 1776 loco
870 1739 885 1776 :
915 1721 1036 1777 Non
1060 1726 1171 1779 veni
1194 1723 1378 1796 Legem
1402 1734 1448 1780 et
1467 1722 1753 1797 Prophetas
1775 1725 1879 1781 sol-

295 1816 429 1868 uere,
452 1808 542 1861 sed
563 1809 861 1881 adimplere.
1260 1842 1263 1851 ι

368 1896 596 1954 CAPUT
635 1897 721 1955 IV.
748 1931 821 1945 --
841 1902 1001 1957 Amen
1027 1904 1159 1958 enim
1187 1903 1300 1959 dico
1320 1907 1477 1973 vobis,
1504 1906 1743 1977 quoniam
1766 1907 1878 1981 qui-

295 2002 509 2055 cumque
531 1989 730 2044 soluerit
755 2004 912 2045 unum
940 1992 1007 2047 de
1026 1995 1281 2050 mandatis
1306 1994 1415 2051 istis
1442 1997 1682 2063 minimis,
1706 2007 1754 2052 et
1781 1999 1875 2051 do-

295 2082 452 2134 cuerit
479 2096 498 2135 :
523 2082 738 2138 solverit
761 2094 813 2140 et
832 2084 1078 2142 docuerit
1096 2087 1202 2151 sic;
1229 2088 1429 2143 solverit
1455 2089 1593 2144 male
1614 2089 1873 2157 vivendo,

294 2179 341 2223 et
369 2171 591 2226 docuerit
616 2171 755 2229 bona
778 2173 1020 2230 docendo
1052 2197 1067 2231 :
1099 2177 1336 2231 minimus
1362 2179 1618 2233 vocabitur
1641 2179 1693 2232 in
1723 2195 1877 2249 regno

294 2261 536 2317 calorum
564 2263 778 2336 (Matth.
803 2281 838 2321 v
857 2307 874 2333 ,
907 2264 1118 2340 17-19).
1147 2268 1253 2323 Sed
1292 2269 1345 2323 in
1372 2284 1479 2340 quo
1513 2284 1678 2340 regno
1706 2270 1876 2324 coelo-

296 2353 457 2408 rum?
486 2353 543 2411 in
574 2355 809 2411 Ecclesia
833 2372 953 2428 quae
980 2359 1142 2415 modo
1162 2366 1279 2425 est;
1302 2344 1419 2432 quia
1447 2368 1502 2415 et
1522 2361 1632 2431 ipsa
1658 2371 1879 2417 vocatur

292 2460 521 2514 regnum
546 2446 826 2504 celerum.
852 2448 984 2504 Nam
1014 2452 1063 2505 si
1089 2464 1196 2506 non
1221 2461 1498 2508 vocaretur
1517 2467 1739 2525 regnum
1763 2469 1877 2510 cu:-

294 2535 468 2591 lorum
495 2544 551 2591 et
575 2537 675 2592 ista
696 2537 937 2594 Ecclesia
956 2581 970 2605 ,
1009 2556 1129 2611 quas
1162 2542 1367 2613 colligit
1393 2542 1563 2599 bonos
1589 2553 1643 2601 et
1672 2544 1875 2611 malos,

297 2640 404 2681 non
427 2625 630 2683 diceret
649 2629 762 2698 ipse
781 2630 1040 2687 Dominus
1060 2632 1112 2687 in
1132 2631 1385 2704 paraboia
1411 2633 1636 2706 loquens
1660 2654 1673 2691 :
1696 2634 1879 2693 Simile

296 2728 372 2774 est
400 2736 609 2791 regnum
635 2720 877 2778 celerum
898 2739 1098 2796 sagena
1123 2725 1292 2781 missa
1315 2726 1368 2781 in
1394 2744 1563 2794 mare,
1602 2745 1716 2798 quae
1749 2745 1876 2784 con-

297 2818 472 2880 gregat
499 2812 668 2865 omnia
693 2828 878 2884 genera
899 2815 1133 2887 piscium.
1162 2815 1267 2872 Sed
1296 2832 1420 2873 ecce
1444 2818 1569 2889 quid
1599 2820 1877 2891 sequitur?

299 2899 481 2956 Simile
502 2911 576 2957 est
602 2918 812 2974 regnum
834 2902 1075 2959 caelorum
1096 2921 1299 2978 sagcna:
1322 2908 1490 2962 missis
1510 2908 1563 2964 in
1588 2926 1745 2964 mare.
1775 2904 1875 2968 Sal

297 3008 450 3064 genae
471 3035 487 3061 ,
530 2997 661 3051 retia
707 3007 833 3054 sunt
873 3016 890 3054 :
924 3008 1193 3071 congregat
1221 3000 1391 3054 omnia
1426 3017 1609 3072 genera
1637 3002 1875 3073 piscium.

298 3083 406 3140 Sed
448 3086 610 3157 quid?
651 3087 892 3145 Trahunt
930 3090 1019 3145 illa
1062 3090 1130 3147 ad
1168 3091 1338 3146 littus.
1385 3091 1497 3148 Hoc
1536 3093 1588 3148 in
1627 3092 1875 3163 parabola

300 3174 555 3230 Dominus
579 3175 725 3233 dicit.
755 3177 823 3232 Et
850 3192 970 3234 cum
998 3180 1257 3236 traxerint
1282 3179 1350 3236 ad
1380 3180 1524 3237 littus
1543 3223 1560 3250 ,
1586 3183 1803 3253 sedent,
1824 3193 1877 3250 et

293 3266 542 3337 colligunt
565 3267 718 3321 bonos
742 3276 787 3323 et
813 3269 1015 3324 mittunt
1042 3270 1095 3325 in
1117 3271 1321 3327 uascula
1339 3313 1354 3339 ,
1377 3273 1732 3332 malosautem
1750 3294 1874 3345 pro-

289 3356 497 3424 jicittnt.
528 3352 597 3411 Et
635 3360 882 3427 exposuit
914 3360 1056 3430 quod
1097 3363 1390 3432 preposuit.
1422 3364 1558 3437 Quid
1596 3367 1736 3423 cnim
1764 3368 1875 3425 ait?

295 3446 386 3502 Sic
408 3449 502 3504 erit
538 3447 589 3504 in
626 3452 1053 3507 consummatione
1088 3454 1281 3509 seaculi.
1320 3453 1658 3512 lntellexistis
1691 3457 1875 3515 littus?

306 3537 546 3608 Veniunt,
580 3540 782 3611 inquit,
816 3540 1105 3615 Angeli,jet
1140 3544 1385 3615 colligunt
1424 3546 1584 3602 malos
1620 3547 1683 3602 de
1711 3550 1874 3605 medio

288 3629 564 3698 iustorum,
596 3639 642 3686 et
667 3633 866 3687 mittunt
887 3633 943 3687 in
967 3634 1216 3689 caminum
1241 3636 1373 3706 ignis
1397 3638 1621 3692 ardentis
1648 3654 1666 3692 :
1691 3638 1758 3693 ibi
1779 3641 1880 3695 erit

294 3718 440 3786 ﬂetus
464 3728 511 3773 et
542 3720 730 3776 stridor
763 3721 989 3776 dentium
1019 3718 1230 3795 (Matth.
1273 3741 1368 3779 xm
1392 3767 1406 3791 ,
1434 3726 1643 3799 47-50).
1669 3724 1873 3787 Tamen

296 3824 516 3879 regnum
552 3812 807 3867 rmlorum
850 3822 934 3869 est
969 3815 1231 3885 appellata
1257 3815 1517 3875 Ecclesia.
1560 3821 1625 3877 Et
1660 3823 1874 3893 quando

294 3898 506 3968 quidem
535 3916 680 3958 mare
700 3902 861 3959 habet
888 3903 1060 3974 pisces
1089 3905 1248 3960 simul
1278 3916 1520 3965 natantes
1544 3918 1601 3966 et
1624 3910 1791 3968 bonos
1818 3922 1875 3970 et

296 3990 489 4057 malos,
515 3992 567 4048 in
597 3993 699 4049 isto
725 4010 888 4066 regno
909 3996 1189 4063 calorum,
1214 3997 1265 4053 id
1291 4007 1394 4067 est,
1424 4000 1477 4055 in
1508 4000 1747 4059 Ecclesia
1774 4004 1873 4061 hu-

282 4080 375 4149 jns
395 4083 652 4152 temporis
678 4085 929 4141 minimus
960 4096 1182 4144 vocatur
1207 4089 1295 4145 ille
1323 4078 1413 4161 qui
1439 4091 1757 4151 docetbona
1776 4137 1793 4165 ,
1818 4105 1875 4154 et

284 4172 396 4241 agit
420 4173 558 4228 mala
594 4191 608 4229 :
631 4176 752 4245 quia
779 4175 850 4231 ibi
879 4185 961 4233 est
980 4187 1034 4234 et
1060 4177 1193 4249 ipse.
1218 4176 1336 4235 Non
1358 4182 1501 4238 enim
1523 4198 1627 4240 non
1655 4194 1738 4242 est
1755 4186 1827 4242 ibi
1852 4206 1868 4243 :

242 4322 249 4327 ,
288 4262 363 4317 ibi
393 4265 551 4320 estin
572 4280 739 4338 regno
767 4268 1022 4323 canorum
1043 4311 1059 4337 ,
1093 4269 1289 4338 idest,
1322 4271 1375 4327 in
1404 4273 1672 4351 Edeiesia,
1699 4280 1870 4350 qualis

285 4360 373 4407 cst
399 4353 500 4409 isto
529 4363 785 4428 tempore.
814 4357 977 4414 Docet
1003 4359 1161 4428 bona,
1185 4361 1293 4433 agit
1319 4363 1456 4418 mala
1492 4383 1505 4420 :
1537 4368 1871 4428 necessarius

284 4453 390 4511 cst,
416 4447 778 4503 mercenarius
796 4457 897 4504 est.
916 4449 1075 4505 A‘men
1103 4450 1217 4506 dico
1241 4450 1397 4522 vobis,
1420 4453 1514 4521 ait,
1540 4470 1869 4530 perceperunt

284 4536 565 4590 mercedem
592 4553 736 4592 suam
772 4537 881 4613 (ω.
914 4556 965 4595 vt
986 4582 1002 4610 ,
1027 4539 1109 4614 2).
1140 4541 1366 4599 Prodest
1403 4546 1624 4619 aliquid.
1659 4548 1790 4605 Nam
1821 4552 1866 4609 si

285 4627 430 4681 nini)
452 4628 767 4696 prodessent
789 4671 804 4697 ,
844 4629 934 4701 qui
963 4631 1101 4687 bona
1138 4632 1336 4690 docent
1373 4643 1428 4692 et
1463 4638 1604 4693 male
1640 4640 1863 4711 vivunt,

285 4736 393 4775 non
439 4721 643 4777 diceret
685 4723 799 4793 ipse
836 4724 1092 4782 Dominus
1137 4742 1236 4783 suo
1276 4731 1472 4800 populo
1518 4750 1532 4788 :
1585 4735 1778 4792 Scribat
1818 4747 1867 4792 et

286 4812 850 4871 Pliaristei‘cathedram
880 4815 1051 4889 Moysi
1076 4820 1250 4874 sedent
1276 4836 1298 4876 :
1321 4837 1436 4892 qua:
1463 4822 1656 4890 dicunt,
1681 4829 1866 4898 facite;

280 4917 398 4969 qua!
424 4912 594 4957 autent
618 4903 834 4973 faciunt,
857 4910 1024 4979 facere
1042 4909 1222 4964 nolite.
1253 4909 1466 4978 Quare?
1487 4910 1670 4971 Dicunt
1695 4919 1827 4974 enim
1844 4959 1861 4988 ,

281 5004 331 5046 ct
359 5010 459 5048 non
484 4996 676 5066 faciunt
698 4995 811 5065 (Id.
839 5013 994 5065 χχιιι,
1022 4999 1060 5055 2
1085 5010 1130 5055 et
1156 5002 1233 5074 5).

356 5084 582 5144 CAPUT
621 5087 686 5143 V.
713 5120 784 5130 —
811 5091 866 5147 4.
892 5089 1111 5163 Magnus
1137 5094 1189 5149 in
1216 5112 1368 5169 regno
1393 5098 1647 5158 caelorum.
1679 5100 1861 5160 inten-

278 5174 376 5231 dat
415 5175 822 5249 crgo’Charitas
863 5192 1038 5237 vestra
1073 5200 1087 5236 :
1119 5184 1241 5241 volo
1287 5187 1430 5243 enim
1470 5204 1740 5261 exponere
1772 5194 1862 5266 qui

278 5276 409 5323 sunt
435 5269 608 5340 pisces
636 5273 830 5343 magni.
857 5273 958 5341 Qui
979 5275 1202 5344 solverit,
1232 5278 1419 5351 inquit,
1441 5294 1599 5341 unum
1626 5284 1690 5339 de
1712 5303 1861 5343 inan-

280 5360 418 5414 datis
437 5360 545 5417 istis
565 5363 803 5430 minimis,
826 5365 1061 5421 minimus
1081 5368 1334 5423 vocabitur
1351 5371 1403 5424 in
1424 5388 1579 5444 regno
1595 5375 1855 5434 coriorum.

279 5452 357 5508 lbi
378 5454 499 5523 erit,
519 5454 612 5510 sed
633 5455 903 5512 minimus.
926 5456 1024 5524 Qui
1039 5470 1207 5515 autem
1226 5463 1422 5534 fecerit,
1443 5475 1491 5519 et
1516 5466 1588 5521 sic
1608 5468 1855 5537 docuerit,

282 5561 498 5617 magnus
542 5548 797 5602 vocabitur
837 5550 891 5604 iu
927 5567 1080 5623 regno
1127 5554 1388 5610 coriorum.
1432 5557 1570 5614 Ecce
1613 5570 1738 5616 sunt
1781 5562 1857 5618 illi

280 5634 455 5705 pisces
482 5638 689 5707 magni,
729 5638 796 5693 ad
834 5639 1106 5697 dexteram
1136 5643 1293 5715 capti.
1324 5645 1424 5711 Qui
1464 5649 1661 5721 fecerit,
1700 5662 1748 5706 et
1784 5655 1858 5709 sic

278 5726 508 5782 docuerit
535 5744 553 5783 :
583 5729 718 5785 bona
755 5729 969 5799 iccerit,
1011 5732 1148 5790 bona
1187 5736 1461 5803 docuerit;
1504 5757 1609 5798 nor.
1639 5745 1740 5800 sibi
1778 5745 1855 5802 10'-

271 5820 459 5889 queuti
495 5821 630 5878 male
671 5822 895 5881 vivendo
934 5826 1306 5885 contradixcrit
1334 5872 1347 5899 ,
1384 5848 1501 5888 rum
1540 5836 1694 5891 mala:
1728 5838 1850 5894 vita:

1736 417 1962 477 SEliMO
1999 416 2166 475 CCL].

3432 439 3570 496 ιιτο

2001 538 2188 585 testem
2220 531 2412 590 habeat
2435 535 2665 607 linguam
2689 539 2902 607 bonam.
2935 562 2952 594 ι
2982 543 3081 612 Qui
3110 565 3130 599 ι
3154 562 3281 618 ergo
3312 569 3330 601 ι
3366 551 3569 620 iecerit,

1993 630 2048 676 et
2068 624 2143 678 sic
2163 623 2426 693 docuerit,
2451 645 2670 700 magnus
2697 634 3042 691 vocabitnriu
3070 653 3236 709 regno
3253 642 3529 699 calorum.
3547 663 3566 698 ο

1994 711 2061 767 Ει
2086 715 2325 784 sequitur
2349 736 2362 772 :
2395 737 2414 769 ‹
2446 719 2572 774 Dico
2594 721 2735 776 enim
2764 723 2935 790 vobis,
2962 727 3081 797 quia
3104 728 3205 783 nisi
3226 731 3570 791 abundaverit

1987 802 2191 872 justiti:
2260 816 2430 862 vestra
2482 825 2643 881 super
2698 812 3002 870 Scribarum
3047 826 3101 872 et
3140 818 3570 883 Pharisaiorum.

1990 907 2095 948 non
2111 896 2372 951 intrabitis
2386 900 2439 953 in
2461 916 2682 971 regnum
2703 904 2958 960 cmlorum
2984 926 3003 959 ι
3026 908 3239 979 (Matth.
3256 927 3311 978 v,
3325 911 3440 984 20).
3458 914 3573 969 Mo-

1993 982 2063 1038 do
2093 988 2363 1055 quomodo
2398 990 2650 1063 intelligis
2682 1009 2900 1064 regnum
2937 998 3233 1063 malorum?
3269 982 3410 1058 illud
3435 1005 3572 1062 unde

1989 1072 2183 1130 dicitur
2217 1077 2420 1134 dextris
2440 1121 2456 1147 ,
2493 1080 2684 1150 Venite,
2714 1084 2959 1141 benedicti
2989 1088 3162 1147 Patris
3182 1094 3297 1160 mei,
3329 1097 3569 1168 percipite

1987 1180 2197 1235 regnum
2226 1166 2334 1239 (ld:
2366 1180 2499 1237 ιιν,
2530 1174 2643 1243 se).
2677 1174 2796 1230 Nisi
2819 1178 3144 1235 abundaverit
3165 1183 3371 1253 iustitia
3405 1166 3569 1243 om

1988 1257 2104 1327 plus
2128 1275 2278 1328 quam
2310 1261 2603 1318 Scribarum
2635 1278 2681 1320 et
2711 1266 3112 1327 Pharisworum.
3150 1275 3286 1343 Quid
3313 1287 3395 1333 est
3413 1321 3428 1345 ,
3456 1281 3570 1350 plus

1986 1367 2138 1421 quam
2150 1351 2447 1409 Scribarum
2469 1367 2515 1411 et
2536 1357 2913 1417 Pharistrorum
2926 1366 2952 1419 ?
2966 1365 3196 1436 Respice
3215 1367 3430 1426 Scribas
3451 1371 3570 1428 illus

1986 1450 2041 1494 et
2070 1442 2391 1510 Pitarisaros,
2422 1449 2508 1517 qui
2535 1450 2845 1507 cathedram
2872 1452 3036 1526 Moysi
3058 1456 3266 1523 sedent,
3292 1459 3358 1514 de
3378 1462 3570 1531 quibus

1986 1530 2186 1588 dictum
2218 1547 2332 1596 est,
2365 1537 2493 1603 Qaw
2526 1540 2732 1607 dicunt,
2765 1545 2947 1614 facite;
2984 1562 3098 1617 quin
3135 1551 3327 1619 faciunt
3351 1593 3364 1614 ,
3398 1530 3570 1624 facere

1986 1626 2142 1680 nolite
2165 1642 2187 1681 :
2208 1627 2381 1682 dicunt
2404 1632 2536 1684 enim
2554 1673 2568 1698 ,
2596 1641 2642 1685 et
2672 1649 2772 1688 non
2800 1636 3013 1705 faciunt.
3037 1638 3176 1710 Ergo
3199 1640 3399 1710 iustitia
3422 1642 3567 1699 Pha-

1985 1718 2264 1774 risaeorum
2290 1730 2402 1788 est,
2429 1722 2609 1781 dicere
2636 1734 2692 1781 et
2724 1743 2831 1781 non
2861 1728 3053 1786 facere.
3086 1730 3332 1790 Abundet
3360 1735 3565 1805 justitia

1987 1820 2163 1864 vestra
2189 1826 2351 1881 super
2374 1813 2680 1872 Scribarum
2717 1827 2771 1875 et
2794 1818 3187 1879 Pbarismorum
3211 1867 3227 1893 ,
3261 1834 3314 1880 ut
3342 1835 3396 1882 et
3431 1827 3566 1883 bona

1983 1896 2172 1954 dicatis
2191 1942 2204 1963 ,
2239 1911 2292 1955 et
2321 1900 2456 1957 bene
2487 1905 2699 1961 vivatis.
3424 1926 3431 1931 ‘

2053 1988 2283 2046 CAPUT
2308 1991 2392 2047 Vl.
2422 2023 2482 2034 -
2507 1994 2561 2050 5.
2583 1994 2838 2053 Nmnerus
2863 2001 3076 2070 piscium
3095 2012 3295 2059 centum
3318 1998 3567 2077 quinqua-

1981 2078 2121 2148 ginta
2153 2080 2305 2134 trimn
2331 2084 2454 2152 quid
2486 2085 2754 2157 signiﬁcet.
2797 2088 3022 2160 Spiritus
3052 2104 3257 2150 sanctus
3281 2099 3566 2167 septenario

1981 2171 2378 2227 commendatus.
2403 2173 2756 2246 Sanctiﬁcatio
2794 2191 2965 2235 nostra
2999 2181 3169 2251 plena.
3198 2184 3315 2239 iam
3341 2202 3473 2256 ergo
3495 2188 3564 2243 de

1983 2274 2209 2317 numero
2257 2275 2471 2320 centum
2516 2265 2895 2339 quinquaginta
2950 2274 3106 2327 trium
3161 2275 3386 2346 piscium
3439 2278 3563 2348 quid

1984 2366 2118 2421 opus
2152 2350 2236 2408 θα
2280 2354 2468 2410 eadem
2499 2359 2783 2414 retexere?
2820 2358 3002 2416 Nostis
3043 2362 3152 2418 ilia.
3199 2365 3243 2419 Α
3283 2364 3468 2421 decem
3514 2377 3566 2422 ct

1983 2454 2189 2513 septem
2232 2447 2469 2503 nascitur
2508 2464 2763 2507 numerus
2799 2467 3068 2508 crescens.
3108 2454 3285 2526 incipe
3322 2458 3390 2511 ab
3429 2470 3563 2526 uno,

1984 2536 2204 2604 perveni
2226 2536 2296 2591 "ad
2316 2538 2503 2595 decem
2527 2549 2581 2596 et
2600 2548 2829 2612 septem,
2862 2559 2916 2598 ut
2938 2562 3122 2603 omines
3149 2547 3313 2604 addas
3341 2566 3355 2602 :
3382 2549 3433 2605 id
3459 2562 3562 2618 est,

1985 2640 2147 2681 unum
2187 2627 2353 2685 addas
2386 2629 2453 2685 ad
2488 2630 2654 2698 duos,
2694 2634 2909 2690 et'ﬁant
2947 2645 3088 2703 tres;
3129 2638 3294 2694 addas
3334 2648 3468 2707 tres,
3512 2652 3569 2699 ct

1983 2718 2115 2772 ﬁant
2142 2735 2271 2787 ser;
2304 2721 2480 2779 addas
2503 2734 2753 2795 quatuor,
2781 2736 2834 2783 et
2861 2726 2992 2783 ﬂant
3020 2729 3226 2786 decem.
3257 2728 3348 2789 Sic
3379 2749 3566 2791 omnes

1984 2809 2125 2865 adde
2142 2824 2313 2882 usque
2341 2813 2406 2867 ad
2432 2812 2618 2870 decem
2649 2826 2703 2872 et
2728 2826 2955 2891 septem,
2988 2828 3044 2876 ct
3072 2822 3318 2892 pervenis
3346 2823 3410 2878 ad
3437 2838 3565 2880 ocn-

1982 2908 2094 2955 tum
2125 2903 2506 2974 quinquaginta
2531 2914 2655 2961 tres.
2680 2906 2814 2962 'l’ata
2838 2902 2966 2981 ergo
2996 2910 3218 2967 intentio
3244 2925 3425 2969 nostra
3448 2928 3568 2972 esse

1983 3006 2089 3046 non
2127 2991 2320 3058 debet,
2363 2996 2465 3050 nisi
2492 2996 2622 3066 quid
2664 2998 2765 3054 sibi
2795 3000 2978 3057 volunt
3016 3001 3203 3058 decem
3231 3014 3286 3059 et
3313 3014 3517 3075 septem
3548 3024 3563 3061 :

1978 3082 2051 3138 ibi
2102 3093 2187 3140 est
2236 3086 2379 3141 enim
2440 3086 2842 3146 itmdumcntum
2905 3102 3121 3149 centum
3188 3096 3565 3168 quinquaginta

1982 3177 2160 3232 trium.
2196 3178 2333 3248 Quid
2376 3180 2477 3236 sibi
2520 3183 2706 3237 volunt
2742 3183 2929 3240 decem
2971 3194 3026 3241 et
3064 3188 3308 3257 septem?
3353 3187 3410 3244 in
3451 3190 3568 3261 lege

1980 3283 2212 3340 agnosce
2238 3270 2446 3327 decem.
2491 3273 2684 3330 Decem
2728 3287 2995 3347 praecepta
3031 3277 3154 3333 data
3191 3287 3317 3335 sunt
3353 3282 3564 3352 prima;

1942 3408 1945 3412 .
1978 3359 2273 3432 Decalogus
2300 3364 2319 3394 ⁸
2348 3362 2792 3436 dicitur-scriptus
2831 3367 2882 3422 in
2921 3368 3114 3427 tabulis
3151 3369 3476 3441 digito'Dci.
3509 3371 3563 3426 In

1979 3450 2165 3507 decem
2193 3468 2426 3523 agnosce
2454 3455 2648 3525 Legem
2670 3496 2684 3521 ,
2715 3457 2766 3510 in
2804 3466 3010 3529 septem
3040 3473 3271 3529 agnosce
3307 3461 3563 3531 Spiritum

1980 3550 2245 3597 sanctum.
2301 3543 2619 3614 Septenaria
2669 3548 2814 3602 enim
2880 3563 3104 3604 numero
3159 3552 3563 3608 commendatur

1977 3631 2208 3701 Spiritus
2233 3644 2468 3689 sanctus.
2500 3635 2625 3692 ideo
2649 3652 2756 3692 non
2784 3638 3093 3695 nominatur
3118 3641 3171 3696 in
3202 3641 3343 3713 chc
3366 3644 3562 3700 sancti-

1980 3721 2186 3787 licatio,
2215 3722 2315 3776 nisi
2350 3724 2578 3793 septimo
2606 3725 2714 3781 die.
2745 3726 2898 3784 Fecit
2924 3729 3061 3785 Dens
3090 3730 3265 3788 lucem
3299 3751 3314 3788 :
3344 3748 3449 3790 non
3470 3734 3561 3791 di-

1977 3819 2121 3866 ctum
2149 3820 2252 3878 est,
2280 3811 2639 3871 Sanetiticavit
2662 3831 2802 3872 eam.
2828 3817 2976 3875 Fecit
2996 3819 3387 3880 ﬁrmamentum
3408 3842 3427 3879 ς
3453 3841 3559 3881 non

1976 3903 2177 3959 dictum
2231 3914 2314 3963 est
2337 3948 2353 3975 ,
2407 3907 2768 3965 Sauctiﬁcavit
2830 3911 3245 3971 firmamentum.
3301 3916 3561 3974 Discrevit

1977 4009 2129 4052 mare
2151 4012 2180 4050 a
2204 4005 2382 4067 terra,
2421 3999 2582 4070 jussit
2617 4004 2918 4073 germinare
2949 4015 3142 4061 terram
3175 4023 3319 4065 :non
3358 4009 3557 4067 dictum

1978 4097 2083 4156 est,
2111 4088 2494 4147 Sanctiﬁcavil.
2524 4093 2673 4150 Fecit
2695 4095 2875 4151 lunam
2904 4105 2959 4153 et
2986 4098 3158 4155 sidera
3185 4119 3199 4156 :
3222 4114 3332 4157 non
3354 4100 3558 4160 dictum

1977 4191 2080 4249 est,
2110 4182 2495 4241 Sanctiﬁeavit.
2522 4185 2690 4247 iussit
2714 4188 2971 4249 animalia
2992 4192 3281 4262 procedere
3303 4194 3372 4251 de
3405 4197 3558 4267 aquis

1975 4275 2213 4335 natantia
2244 4284 2301 4332 et
2334 4277 2565 4337 volantia
2599 4297 2614 4335 :
2656 4295 2767 4342 non
2798 4281 2996 4339 dictum
3021 4293 3148 4353 est,
3178 4283 3555 4343 Sanctittcavit.

1974 4365 2142 4424 Jussit
2168 4367 2237 4424 de
2267 4376 2407 4425 terra
2441 4370 2595 4431 exire,
2627 4373 2877 4432 animalia
2904 4375 3265 4447 quadrupedia
3293 4389 3347 4435 et
3378 4382 3556 4439 Oll'lllia

1976 4458 2217 4526 repentia
2246 4479 2260 4513 :
2285 4474 2390 4515 non
2420 4459 2619 4517 dictum
2657 4472 2771 4529 est,
2801 4464 3180 4522 Sanctiﬁcavit.
3211 4467 3354 4525 Fecit
3382 4470 3556 4542 ipsum

1973 4544 2246 4605 hominem
2269 4551 2649 4609 rnorrdictum
2678 4563 2795 4620 εει,
2816 4554 3197 4614 Sanctiﬁcavit.

2045 4640 2277 4699 CAPIJ'I'
2309 4641 2422 4699 VII.
2450 4644 2772 4703 —Yentum
2815 4658 2898 4706 est
2937 4650 3003 4706 ad
3046 4653 3331 4723 septimum
3373 4654 3549 4723 diem,

1972 4730 2063 4787 ubi
2092 4733 2387 4803 requievit;
2412 4742 2467 4791 et
2498 4735 2670 4806 ipsum
2699 4739 3058 4796 sanctiﬁcavit
3076 4740 3237 4814 (Gen.
3265 4759 3323 4811 ιι,
3347 4744 3424 4815 5);
3450 4743 3557 4800 Per

1972 4822 2211 4893 requiem
2250 4840 2401 4882 suam
2440 4825 2583 4882 Deus
2618 4829 2970 4886 sanetiiieavit
3008 4836 3249 4901 requiem
3291 4843 3548 4888 nostram.

1970 4912 2051 4967 lbi
2079 4928 2208 4986 ergo
2234 4916 2336 4971 erit
2363 4916 2712 4974 sanctiﬁcatio
2748 4929 2929 4975 nostra
2965 4920 3116 4990 plena
3136 4958 3152 4989 ,
3183 4922 3430 4977 ubi-eum
3456 4925 3552 4979 itis

1969 5004 2087 5059 sine
2122 5003 2230 5060 ﬁne
2267 5004 2684 5076 requiesccmus.
2715 5007 2851 5064 Nam
2883 5024 3049 5080 quare
3072 5011 3215 5068 Deus
3246 5014 3549 5084 requiesce:

1968 5096 2089 5150 ret?
2111 5093 2228 5151 Non
2262 5097 2406 5152 enim
2439 5099 2712 5168 operando
2750 5100 3013 5172 fatigatus.
3037 5110 3140 5157 est.
3181 5103 3275 5159 Tu~
3299 5105 3345 5160 sl
3380 5106 3548 5162 verba

1968 5185 2162 5251 iacias,
2188 5202 2292 5242 non
2315 5187 2552 5259 ibtigaris
2577 5207 2590 5244 :
2613 5193 2656 5246 si
2678 5190 2889 5260 jubeas,
2920 5201 2974 5248 et
2996 5194 3252 5250 continuo
3275 5195 3387 5258 ﬂat;
3411 5208 3541 5266 stas,

1968 5279 2175 5351 integer
2199 5296 2402 5337 manes.
2435 5283 2611 5339 Pauca
2642 5286 2803 5341 verba
2832 5285 2999 5354 dixit,
3024 5288 3165 5343 unde
3192 5297 3359 5344 totum
3386 5288 3542 5357 iceit,

1965 5378 2023 5427 et
2036 5370 2227 5427 subito
2253 5372 2489 5429 ιεεειιιιιεΔ
2506 5375 2653 5431 est?‘
2709 5362 2716 5371 ’
3028 5404 3033 5412 ι

2035 5462 2090 5519 6.
2118 5461 2227 5518 Leu
2251 5480 2353 5519 non
2378 5466 2615 5536 impletur
2640 5468 2750 5522 sine
2775 5467 2870 5522 Dei
2904 5469 3183 5540 adiutorio.
3212 5470 3332 5527 Non
3367 5472 3549 5528 timore

1966 5568 2128 5622 parum
2160 5553 2244 5608 lca)
2280 5554 2548 5623 impletur,
2592 5557 2684 5611 sed
2719 5573 2893 5613 amore
2920 5560 3163 5631 iustitiae.
3192 5559 3335 5631 Ergo
3370 5563 3541 5633 legem

1963 5658 2189 5714 agnosce
2217 5645 2269 5699 in
2307 5646 2525 5712 decem;
2553 5647 2807 5717 Spiritum
2837 5660 3081 5713 sanctum
3110 5666 3337 5723 agnosce
3369 5653 3421 5712 in
3450 5670 3539 5711 sc-

1964 5744 2127 5805 ptem.
2159 5736 2417 5807 Jungatur
2455 5738 2686 5810 Spiritus
2714 5740 2859 5811 Legi.
2896 5742 3027 5810 Quia
3058 5742 3410 5812 siacccpcris
3438 5746 3538 5800 Lc-

2032 5851 2046 5880 ι
2076 5853 2123 5897 tn
2148 5849 2447 5901 timuiliarum
2470 5851 2753 5907 collectione
2765 5889 2781 5920 ,
2808 5856 2919 5910 data
2936 5863 3061 5909 sunt.
3082 5857 3241 5912 I'rimo
3262 5858 3537 5923 Dccaloggu.
