3926 6188
324 403 457 462 H7!

325 529 467 586 gem,
493 520 545 568 et
567 504 791 566 defuerit
825 504 919 558 tibi
948 501 1269 571 adjutorium
1299 495 1548 569 Spiritus,
1576 510 1681 550 non
1700 493 1906 586 iimples

325 583 463 671 quod
491 599 655 670 legis,
684 611 787 650 non
825 595 1014 664 intple5
1041 590 1183 662 quod
1221 589 1313 644 tibi
1333 588 1550 658 jubctur
1579 603 1592 639 :
1621 585 1713 640 sed
1745 583 1906 636 homo

323 694 425 749 sub
450 691 590 760 Lege
620 688 839 756 insuper
872 682 1247 754 praevaricator
1273 687 1502 734 tenetur.
1531 674 1762 730 Accedat
1785 671 1906 742 Spi-

327 786 480 845 ritus,
507 779 758 848 adjuvet;
783 784 837 832 et
866 775 925 830 fit
962 773 1103 845 quod
1133 771 1368 841 jubetur.
1399 767 1455 824 Si
1489 766 1628 822 desit
1652 764 1903 835 Spiritus,

326 877 498 930 littera
527 870 722 928 occidit
749 876 820 924 te.
853 867 1028 936 Quare
1055 865 1226 919 littera
1262 861 1456 916 occidit
1482 859 1570 915 te?
1605 858 1735 928 Quia
1767 871 1906 926 pra:-

326 966 674 1022 varicatorem
697 971 749 1017 te
773 960 952 1016 faciet.
980 958 1090 1014 Nec
1118 967 1266 1028 potes
1296 964 1346 1010 te
1373 967 1627 1009 excusare
1653 951 1721 1006 de
1752 950 1904 1021 igno-

326 1058 519 1125 rantia,
547 1057 672 1128 quia
698 1055 868 1125 legem
899 1050 1172 1121 accepisti.
1199 1049 1316 1104 Jam
1351 1045 1491 1118 quod
1533 1045 1738 1101 faceres
1771 1043 1907 1098 didi-

323 1148 804 1220 cisti,ignorautia
849 1153 900 1201 te
952 1159 1060 1199 non
1103 1150 1361 1206 excusat,
1417 1137 1649 1210 Spiritus
1703 1144 1754 1192 te
1801 1151 1906 1190 non

323 1243 541 1312 adjuvat
573 1260 587 1296 :
618 1255 745 1311 ergo
769 1237 996 1310 periisti.
1024 1233 1130 1291 Sed
1152 1232 1277 1304 quid
1303 1229 1664 1301 aitapostolus
1686 1227 1903 1293 Paulus,

328 1333 522 1388 Littera
549 1329 752 1397 occidit,
780 1327 1004 1398 Spiritus
1028 1333 1196 1378 autem
1215 1323 1431 1392 viviﬁcat
1458 1320 1524 1392 (ll
1548 1318 1666 1375 Cor.
1697 1333 1751 1372 ut
1769 1357 1786 1383 ,
1814 1315 1906 1387 6)?

329 1423 482 1481 Unde
517 1420 754 1492 Spiritus
783 1415 1052 1472 viviﬁeat?
1077 1415 1210 1484 Quia
1235 1413 1362 1468 facit
1399 1411 1603 1480 impleri
1636 1410 1865 1464 litteram
1887 1448 1904 1475 ,

328 1532 395 1572 ne
415 1515 644 1572 occidat.
673 1513 764 1569 Isti
792 1521 916 1566 sunt
947 1509 1138 1575 sancti,
1167 1507 1257 1577 qui
1292 1505 1491 1559 faciunt
1517 1504 1685 1572 legem
1714 1501 1806 1555 Dei
1841 1514 1908 1556 ex

327 1608 476 1664 done
492 1607 607 1662 Dei.
635 1605 748 1662 Lex
772 1603 962 1674 jubere
989 1607 1196 1672 potest,
1230 1598 1416 1667 juvare
1445 1610 1552 1651 non
1578 1602 1771 1664 potest.
1799 1597 1906 1646 Ac-

325 1699 466 1754 cedit
490 1697 703 1768 adjutor
728 1695 960 1765 Spiritus
983 1710 997 1759 ;
1020 1701 1074 1747 et
1099 1691 1156 1745 fit
1179 1689 1386 1760 jussum
1419 1686 1512 1742 Dei
1537 1700 1656 1742 cum
1681 1684 1905 1755 gaudio,

325 1807 448 1847 cum
474 1788 848 1845 delectatione.
888 1785 1021 1840 Nam
1055 1781 1206 1836 multi
1237 1780 1438 1834 faciunt
1467 1793 1532 1833 ex
1561 1777 1772 1832 timore.
1801 1774 1906 1831 Sed

325 1883 415 1953 qui
441 1882 640 1938 faciunt
661 1881 854 1951 legem,
886 1875 1119 1933 timendo
1146 1887 1380 1944 poenam,
1408 1871 1628 1925 mallent
1655 1883 1758 1923 non
1787 1881 1910 1923 esse

327 1974 471 2045 quod
495 1974 764 2028 timerent.
790 1970 889 2038 Qui
913 1977 1092 2022 autem
1121 1965 1318 2019 faciunt
1347 1963 1539 2033 Legem
1569 1959 1796 2015 amando
1819 1959 1908 2028 ju-

325 2065 554 2130 stitiam,
581 2062 813 2134 gaudent
837 2068 892 2115 et
915 2059 1009 2126 ibi,
1039 2057 1161 2127 quia
1184 2070 1291 2111 non
1311 2054 1508 2108 habent
1529 2051 1818 2108 inimicam.

395 2153 620 2210 CAPUT
649 2151 782 2208 Vill.
822 2179 896 2192 --
936 2150 986 2204 7.
1020 2149 1200 2205 Sermo
1230 2147 1326 2201 Dei
1366 2145 1685 2200 adversarius
1719 2153 1905 2200 noster.

326 2238 452 2295 ideo
475 2237 605 2293 dicit
626 2235 882 2292 Dominus
902 2276 918 2302 ,
951 2232 1210 2288 Concorda
1230 2247 1345 2284 cum
1364 2229 1650 2284 adversario
1675 2238 1760 2283 tuo
1786 2230 1905 2296 cito,

327 2330 453 2383 dum
480 2344 532 2383 es
559 2343 673 2381 cum
696 2325 788 2380 illo
810 2326 863 2378 in
892 2325 971 2378 uia
1001 2323 1210 2395 (Matth.
1237 2338 1291 2386 v,
1317 2321 1432 2390 25).
1454 2321 1582 2389 Quis
1610 2328 1694 2382 ei
1720 2319 1910 2376 adver-

327 2422 504 2477 sarius
532 2419 694 2475 tuus?
739 2417 929 2474 Sermo
954 2416 1131 2486 Legis.
1186 2414 1316 2483 Quae
1357 2421 1439 2468 est
1481 2413 1603 2466 via?
1646 2412 1763 2467 Vita
1789 2413 1906 2466 ista.

325 2511 604 2582 Quomodo
631 2518 715 2566 est
741 2509 833 2564 ille
869 2505 1242 2564 adversarius?
1267 2504 1433 2570 Dicit,
1480 2503 1602 2558 Non
1629 2503 1908 2558 inme/tabe.-

325 2607 446 2660 ris:
476 2612 531 2658 et
568 2610 624 2657 tu
645 2602 726 2656 vis
751 2599 1027 2656 matchari.
1082 2597 1250 2664 Dicit,
1295 2594 1418 2650 Non
1446 2596 1766 2666 concupisces
1804 2611 1911 2648 rem

329 2695 548 2766 proximi
597 2694 671 2747 tui
708 2708 728 2748 :
768 2701 823 2748 et
869 2700 926 2746 tu
972 2690 1055 2746 vis
1095 2703 1284 2760 rapere
1335 2703 1424 2743 res
1475 2687 1695 2742 alienas.
1747 2687 1907 2752 Dicit,

335 2786 545 2843 Honora
586 2793 780 2856 patrem
801 2790 850 2837 et
871 2791 1082 2836 matrem
1107 2797 1126 2836 :
1153 2788 1208 2835 et
1245 2789 1303 2834 tu
1330 2780 1745 2835 contumeliosus
1767 2795 1827 2834 es
1856 2779 1908 2834 in

331 2883 596 2947 parentes.
643 2873 776 2928 Dicit
820 2871 932 2927 Lex
956 2911 972 2938 ,
1003 2869 1132 2926 Noli
1157 2870 1322 2924 dicere
1347 2871 1535 2940 falsum
1573 2870 1911 2924 testimonium

329 2963 523 3036 (Exod.
553 2979 644 3028 ιι,
668 2960 838 3034 l-l7):
871 2970 927 3016 tu
951 2976 981 3015 a
1009 2960 1284 3015 mendacio
1309 2974 1413 3015 non
1441 2958 1665 3016 recedis.
1688 2958 1910 3028 Quando

329 3055 481 3110 vides
517 3053 640 3126 quia
672 3053 761 3108 ille
800 3066 979 3108 sermo
1007 3051 1147 3106 aliud
1172 3051 1360 3120 jubet,
1407 3059 1462 3105 et
1494 3059 1547 3106 tu
1576 3049 1718 3104 aliud
1755 3048 1905 3116 facis,

328 3155 411 3201 est
434 3144 768 3199 adversarius
795 3151 937 3198 tuus.
965 3141 1346 3196 Adversarium
1375 3140 1536 3196 babes
1563 3141 1782 3208 malum,
1801 3155 1909 3196 nou

330 3246 506 3294 tecum
543 3237 704 3292 intret
732 3237 786 3291 iu
810 3236 1155 3292 secretarium
1188 3252 1201 3288 :
1231 3250 1493 3304 compone
1523 3235 1646 3289 dum
1689 3249 1748 3290 es
1787 3249 1905 3288 cum

329 3328 421 3384 illo
446 3329 498 3384 in
525 3329 628 3383 via.
671 3327 842 3384 Adest
874 3327 1014 3382 Deus
1037 3326 1128 3396 qui
1161 3339 1256 3381 vos
1282 3325 1584 3380 concordet.
1632 3325 1908 3394 Quomodo

329 3435 426 3474 vos
465 3417 754 3475 concordat
795 3417 980 3474 Deus?
1035 3416 1292 3472 Donando
1342 3426 1588 3487 peccata,
1638 3427 1692 3472 et
1738 3417 1905 3487 inSpi-

327 3511 503 3568 rando-
542 3511 836 3582 justitiam,
887 3517 946 3565 ut
991 3507 1115 3563 fiant
1170 3524 1332 3579 opera
1381 3510 1539 3564 bona.
1593 3508 1726 3564 Cum
1779 3523 1908 3579 ergo

324 3601 732 3659 concordaveris
767 3615 888 3656 cum
915 3600 1246 3667 adversario,
1295 3599 1346 3658 id
1376 3610 1478 3668 est,
1508 3615 1628 3655 cum
1654 3599 1906 3670 decalogo

327 3698 480 3768 Legis
504 3736 530 3763 ,.
563 3711 658 3768 per
684 3695 941 3766 Spiritum
982 3701 1225 3750 sanctum
1252 3734 1268 3761 ,
1313 3692 1602 3764 pertinebis
1627 3691 1692 3747 ad
1721 3692 1906 3748 decem

323 3798 374 3845 et
393 3797 618 3860 septem.
645 3786 777 3844 Cum
807 3786 1131 3856 pertinueris
1155 3786 1223 3840 ad
1248 3780 1431 3840 decem
1452 3793 1506 3839 et
1523 3793 1727 3856 septem
1749 3825 1764 3851 ,
1793 3783 1904 3854 jam

320 3882 513 3941 exinde
555 3890 833 3938 excrescat
869 3892 1128 3936 numerus
1167 3877 1234 3933 ad
1273 3885 1488 3934 centum
1527 3875 1904 3948 quinquaginta

324 3987 452 4032 tres.
493 3975 614 4032 Eris
641 3973 708 4030 ad
733 3973 1006 4030 dexteram
1036 3969 1374 4029 coronandus
1402 3986 1415 4022 :
1447 3983 1515 4024 ne
1539 3983 1818 4024 remaneas
1837 3966 1904 4024 ad

319 4068 592 4124 sinistram
621 4065 971 4124 damnandus.

813 4198 1048 4258 saeuo
1075 4196 1250 4255 CCLll
1269 4199 1288 4222 ο
1313 4195 1409 4270 (a).

735 4319 788 4363 tn
810 4311 987 4363 diebus
1003 4309 1322 4370 Paschalibus,
1347 4321 1483 4358 xxm.

461 4418 541 4475 De
568 4417 741 4474 eadem
766 4416 976 4470 lectione
999 4424 1046 4470 et
1075 4413 1137 4468 de
1164 4412 1359 4468 duabus
1383 4411 1760 4484 piscationibus.

414 4529 640 4588 CAPUT
690 4525 974 4584 PRIMUM.
1020 4553 1095 4567 ο·-
1137 4526 1189 4580 1.
1232 4523 1460 4578 Piscatio
1501 4526 1653 4594 jussu
1694 4521 1903 4576 Domini

321 4629 456 4694 facta
481 4637 586 4675 non
607 4619 717 4678 sine
741 4615 1000 4687 mysterio.
1025 4614 1200 4668 Altera
1224 4614 1435 4685 piscatio
1453 4623 1568 4666 ante
1591 4612 1899 4683 passionem.

321 4715 490 4772 Etiam
527 4711 677 4782 [actis
707 4708 930 4780 loquitur
955 4705 1202 4763 Christus.
1248 4703 1425 4760 Multis
1447 4711 1503 4760 et
1524 4704 1684 4758 variis
1707 4702 1900 4771 modis,

315 4819 374 4865 et
397 4805 734 4865 altitudinem
760 4799 1051 4860 divinitatis
1078 4813 1190 4854 suae
1212 4840 1228 4866 ,
1278 4807 1333 4854 et
1361 4794 1776 4852 misericordiam
1804 4794 1901 4848 hu-

317 4901 591 4959 manitatis
613 4940 630 4966 ,
675 4898 730 4955 in
759 4895 1050 4964 Scripturis
1092 4893 1296 4949 sanctis
1323 4890 1578 4948 Dominus
1607 4897 1788 4945 noster
1816 4888 1903 4946 Je-

317 5010 410 5052 sus
431 4992 679 5050 Christus
701 4986 967 5053 ostendit,
1006 4982 1454 5058 quemadmodum
1492 4981 1664 5048 solet,
1702 4981 1753 5035 in
1784 4997 1902 5052 my-

318 5083 501 5142 steriis
518 5091 575 5140 et
592 5078 976 5145 sacramentis;
1010 5086 1068 5132 ut
1101 5082 1343 5147 petentes
1369 5073 1649 5144 accipiant,
1680 5080 1736 5128 et
1757 5088 1902 5143 quae-

318 5183 503 5233 rentes
526 5172 828 5238 inveniant,
865 5179 920 5226 et
947 5167 1279 5240 pulsantibus
1307 5164 1593 5236 aperiatur.
1620 5163 1734 5220 Hoc
1758 5167 1900 5219 enim

320 5267 480 5322 etiam
525 5263 668 5336 quod
713 5263 911 5318 lectum
954 5267 1039 5316 est
1085 5257 1246 5314 hodie
1277 5257 1344 5312 de
1386 5265 1571 5312 sancto
1617 5255 1902 5326 Evangelia

319 5357 510 5428 quaerit
559 5354 946 5411 intellectorem
972 5392 987 5415 ,
1030 5357 1089 5406 et
1135 5349 1263 5404 facit
1308 5347 1556 5419 gaudium
1604 5347 1900 5417 spirituale,

315 5463 442 5502 cum
464 5447 622 5503 fuerit
649 5444 997 5501 intellectum.
1029 5439 1274 5498 lntendat
1293 5438 1560 5496 Sanctitas
1583 5447 1754 5494 vestra
1776 5438 1902 5508 quid

317 5539 418 5595 sibi
439 5540 601 5606 velit,
628 5536 772 5610 quod
792 5551 860 5594 eo
899 5533 1060 5590 modo
1087 5547 1148 5590 se
1190 5530 1474 5589 Dominum
1508 5530 1782 5601 discipulis
1809 5529 1903 5586 de-

381 5672 400 5689 ‘
445 5673 713 5732 Castigatus
748 5669 808 5720 sd
851 5668 974 5718 duos
1009 5668 1086 5718 cb.
1138 5666 1194 5717 ad
1227 5679 1303 5730 gr.
1351 5679 1391 5716 r.
1435 5672 1486 5716 et
1522 5665 1581 5716 ad
1622 5663 1754 5715 Ulitn.
1797 5669 1898 5714 Par.

318 5740 454 5850 ωἶὰ]
478 5791 617 5844 um.
637 5803 701 5842 ue
724 5792 936 5843 Diversis
955 5791 1002 5841 δ.

1559 383 1614 439 S.
1659 379 2017 438 AUGUSTI)"
2062 381 2355 440 El’lSCOPl

3453 392 3594 447 1172

2011 503 2338 552 monstrasse
2359 506 2541 552 sancta
2565 497 2838 570 Scriptura
2865 507 3107 565 testatur,
3131 501 3399 571 quomodo
3413 503 3596 559 Evan—

2009 583 2194 652 gelista
2222 595 2426 642 narrat.
2477 587 2833 643 Perrexcruut
2868 590 3011 644 enim
3040 590 3282 661 discipuli
3314 592 3594 663 piscatum,

2010 685 2065 730 et
2095 685 2202 730 tota
2237 687 2396 733 nocte
2434 678 2563 732 nihil
2601 689 2881 750 ceperunt.
2933 681 3195 736 Dominus
3224 691 3399 737 autem
3429 698 3596 753 appa-

2010 766 2117 818 ruit
2147 766 2224 820 eis
2255 782 2411 824 mane
2441 768 2492 824 in
2518 768 2716 836 littore,
2754 769 3102 842 interrogavit
3138 782 3314 826 utrum
3339 771 3601 830 haberent

2009 857 2426 926 pulmentarium
2458 876 2472 914 :
2505 861 2582 918 illi
2603 863 2927 918 sediserunt
2950 880 3058 920 non
3090 865 3310 922 habere.
3341 866 3430 920 Ait
3455 868 3593 922 illis:

2013 946 2199 1002 Mittite
2218 950 2343 1003 retia
2363 951 2414 1004 in
2436 951 2692 1006 dexteram
2713 962 2927 1023 partem,
2945 964 2991 1008 et
3011 955 3292 1010 invenietis.
3318 956 3419 1022 Qui
3444 962 3596 1025 quasi

2009 1047 2286 1106 empturus
2312 1049 2562 1108 venerat,
2603 1043 2768 1112 gratis
2800 1051 2943 1098 tanta
2967 1044 3190 1115 largitus
3217 1055 3328 1112 est;
3351 1057 3406 1100 et
3430 1046 3592 1116 largi-

2011 1136 2096 1183 tus
2123 1127 2189 1183 de
2210 1130 2366 1197 mari,
2395 1137 2648 1202 tanquam
2678 1131 2746 1188 de
2770 1145 3018 1188 creatura
3045 1149 3159 1189 sua.
3191 1135 3438 1204 Magnum
3463 1135 3587 1205 qui-

2008 1217 2132 1275 dem
2157 1213 2498 1277 miraculum.
2529 1224 2789 1280 Miserum
2809 1227 3009 1291 statim,
3031 1235 3086 1282 et
3106 1235 3307 1281 tantum
3334 1237 3592 1298 ceperunt

2013 1320 2069 1367 ut
2093 1327 2201 1382 pra:
2227 1313 2567 1370 multitudine
2593 1315 2818 1386 piscium
2845 1316 3129 1374 extrahere
3167 1318 3300 1373 retia
3335 1333 3441 1372 non
3467 1333 3592 1389 pos-

2008 1410 2148 1457 sent.
2201 1401 2309 1459 Sed
2357 1405 2459 1461 boc
2502 1414 2705 1466 tantum
2747 1406 3061 1462 miraculum
3106 1408 3152 1463 si
3191 1408 3436 1463 attendas
3476 1410 3596 1478 quis

2011 1490 2231 1562 fecerit,
2278 1509 2383 1550 non
2427 1505 2510 1551 est
2557 1497 2753 1552 mirum
2789 1514 2803 1552 :
2847 1499 3016 1554 multa
3056 1499 3197 1554 enim
3239 1500 3442 1568 majora
3484 1500 3595 1570 jam

2011 1583 2229 1641 iecerat.
2279 1586 2394 1643 Non
2433 1589 2575 1644 enim
2603 1590 2694 1660 qui
2722 1598 2846 1646 ante
2874 1592 3321 1647 resurrectionem
3355 1602 3598 1646 mortuos

2011 1677 2360 1734 suscitaverat
2386 1721 2402 1748 ,
2449 1695 2698 1753 magnum
2743 1681 2942 1752 aliquid
2988 1693 3105 1752 post
3149 1683 3597 1738 resurrectionem

2011 1766 2110 1822 fuit
2151 1770 2290 1838 quod
2331 1771 2508 1841 pisces
2545 1772 2664 1842 capi
2705 1772 2847 1828 fecit.
2895 1772 3036 1842 Ergo
3083 1773 3413 1844 interrogare
3437 1773 3601 1827 debe-

2013 1874 2132 1914 mus
2162 1861 2335 1931 ipsum
2364 1863 2703 1932 miraculum,
2748 1863 2875 1934 quid
2900 1863 3055 1919 nobis
3077 1864 3302 1918 interius
3326 1865 3595 1935 loquatur.

2009 1949 2130 2005 Non
2170 1952 2311 2006 enim
2357 1953 2473 2008 sine
2517 1969 2678 2010 causa
2722 1970 2830 2010 non
2858 1955 2994 2012 dixit
3041 1964 3362 2026 utcumque,
3410 1957 3602 2010 Mittite

2013 2042 2142 2096 retia
2168 2059 2184 2108 ;
2233 2044 2326 2099 sed
2349 2087 2363 2110 ,
2412 2045 2601 2100 Mittite
2627 2047 2680 2101 in
2703 2046 2962 2101 dexteram
2987 2057 3203 2115 partem.
3232 2046 3436 2102 Deinde
3463 2063 3589 2117 per-

2013 2133 2170 2187 tinuit
2209 2134 2274 2189 ad
2319 2135 2710 2207 Evangelistam
2735 2136 2914 2193 dicere
2951 2146 3007 2192 et
3031 2153 3312 2192 numerum
3347 2139 3596 2208 piscium.

2013 2221 2271 2280 Pertinuit
2309 2227 2469 2281 etiam
2496 2227 2675 2284 dicere
2697 2269 2713 2294 ,
2751 2227 2818 2281 Et
2853 2245 2967 2282 cum
3004 2229 3129 2281 tanti
3153 2237 3354 2296 essent,
3398 2227 3449 2282 id
3493 2236 3596 2293 est,

2014 2322 2124 2370 tam
2155 2316 2368 2387 magni,
2401 2317 2528 2371 retia
2552 2335 2653 2372 non
2676 2328 2791 2374 sunt
2817 2319 3069 2388 disrupta.
3119 2317 3232 2373 Hoc
3270 2319 3390 2372 loco
3417 2333 3598 2373 recor-

2011 2405 2128 2462 dari
2168 2422 2266 2462 nos
2310 2406 2468 2476 fecit,
2513 2407 2795 2479 aliquando
2843 2409 2909 2464 ad
2951 2409 3160 2480 jussum
3191 2410 3400 2464 Domini
3439 2410 3598 2464 missa

2011 2511 2133 2551 esse
2163 2497 2295 2550 retia
2319 2538 2336 2565 ,
2387 2497 2600 2568 quando
2625 2499 2784 2569 elegit
2812 2499 3106 2571 discipulos
3127 2541 3142 2566 ,
3191 2509 3472 2572 antequam
3504 2517 3600 2570 pa-

2015 2595 2218 2641 teretur
2262 2585 2397 2657 ipse.
2450 2589 2526 2644 lbi
2567 2596 2681 2644 erat
2725 2590 2956 2658 Petrus,
2999 2589 3231 2646 Joannes
3267 2600 3323 2646 et
3349 2590 3598 2647 Jacobus.

2011 2675 2267 2733 Miserunt
2310 2681 2440 2735 retia
2467 2721 2483 2748 ,
2530 2691 2790 2750 ceperunt
2827 2683 3002 2752 pisces
3053 2683 3501 2750 innumerabiles,
3547 2695 3604 2740 et

2013 2776 2135 2816 cum
2163 2778 2325 2816 unum
2355 2762 2623 2834 navigium
2667 2765 2940 2834 impletum
2969 2775 3148 2832 esset,
3189 2766 3514 2837 quaesierunt
3540 2783 3604 2823 se

2011 2851 2247 2922 adjuvari
2277 2867 2307 2906 a
2336 2853 2511 2908 vicino
2535 2855 2742 2926 navigio
2774 2873 2786 2910 :
2827 2866 2879 2910 et
2905 2855 3122 2926 impleta
3149 2866 3273 2912 sunt
3302 2857 3409 2912 duo
3443 2859 3601 2912 navi-

2010 2943 2095 3013 gia
2139 2943 2370 3015 piscibus
2413 2943 2548 3016 (hoc
2583 2955 2707 3001 ante
2749 2947 3285 3017 resurrectionem),
3332 2964 3458 3005 sane
3489 2958 3602 3003 tam

2011 3033 2216 3098 multis,
2249 3042 2308 3088 ut
2327 3037 2459 3089 retia
2485 3049 2859 3106 rumperentur
2886 3035 3033 3109 (Luc.
3061 3053 3114 3105 v,
3148 3035 3288 3108 l-7).
3324 3039 3498 3106 Quare
3527 3038 3600 3094 ibi

2011 3140 2268 3179 numerus
2290 3125 2463 3181 nullus
2489 3126 2722 3182 dicitur?
2751 3127 2926 3196 Quare
2946 3125 3016 3183 ibi
3039 3129 3167 3184 retia
3191 3130 3600 3200 rumpebantur,

2009 3214 2101 3270 hic
2149 3232 2256 3270 non
2307 3225 2458 3288 rupta
2499 3217 2660 3273 sunt?
2706 3217 2882 3288 Quare
2927 3219 2994 3275 ibi
3023 3236 3128 3274 non
3159 3221 3356 3276 dictum
3383 3230 3499 3287 est,
3546 3231 3605 3276 ut

2011 3307 2078 3363 ad
2121 3308 2393 3364 dexteram
2439 3319 2642 3380 partem
2692 3309 3030 3390 mitterentur
3074 3313 3242 3379 retia,
3295 3313 3382 3368 bc
3419 3323 3602 3369 autem

2010 3398 2183 3465 dixit,
2220 3398 2406 3454 Mittite
2443 3401 2568 3455 retia
2597 3403 2648 3456 in
2675 3401 2930 3456 dexteram
2970 3405 3207 3474 partem?
3235 3405 3351 3462 Non
3386 3415 3468 3461 est
3494 3408 3602 3461 uti-

2011 3505 2115 3559 que
2165 3490 2281 3544 sine
2329 3505 2510 3544 causa.
2576 3491 2695 3546 Non
2741 3495 2883 3548 enim
2930 3494 3151 3550 faciebat
3190 3495 3292 3551 ista
3344 3497 3603 3556 Dominus

2010 3580 2161 3650 quasi
2203 3580 2394 3634 frustra
2422 3590 2477 3636 et
2518 3581 2766 3637 inaniter.
2814 3582 3046 3639 Verbum
3089 3583 3179 3641 Dei
3223 3596 3306 3643 est
3331 3587 3600 3656 Christus,

2009 3671 2098 3742 qui
2129 3685 2235 3727 non
2276 3672 2448 3727 solum
2475 3673 2659 3742 sonis,
2709 3671 2803 3730 sed
2839 3675 2999 3731 etiam
3039 3675 3190 3732 factis
3231 3679 3465 3751 loquitur
3507 3681 3606 3737 ha-

2011 3763 2262 3817 minibus.

2079 3852 2308 3909 CAPUT
2349 3851 2412 3907 11.
2459 3883 2529 3894 -
2571 3853 2624 3908 2.
2657 3851 2944 3910 Discrimen
2978 3855 3198 3921 duarum
3241 3859 3600 3928 piscationum.

2011 3942 2179 4012 Retia,
2211 3944 2415 3999 verbum
2435 3943 2572 4010 Dei;
2620 3962 2792 4011 mare,
2821 3947 3081 4002 socculum.
3136 3948 3248 4003 Hoc
3283 3965 3411 4022 ergo
3446 3953 3604 4007 nobis

2008 4035 2340 4107 propositum
2391 4046 2474 4091 est
2501 4077 2517 4104 ,
2567 4035 2708 4106 quod
2739 4052 2859 4091 cum
2893 4048 3067 4093 vestra
3100 4038 3370 4097 Cliaritatc
3408 4051 3604 4099 tracte-

2010 4140 2129 4182 mus
2149 4169 2164 4195 ,
2192 4126 2318 4198 quid
2347 4126 2447 4181 sibi
2479 4125 2606 4182 velit
2632 4126 2732 4182 ista
2759 4127 3066 4184 diversitas.
3115 4129 3326 4184 Etenim
3348 4133 3483 4186 retia
3513 4135 3601 4188 illa

2008 4235 2128 4290 quae
2155 4221 2314 4275 missa
2354 4231 2478 4276 sunt
2523 4230 2713 4286 antea,
2760 4231 2813 4278 et
2858 4233 3115 4292 ceperunt
3156 4223 3599 4282 innumerabilem

2008 4311 2231 4381 piscium
2276 4327 2558 4367 numerum
2583 4353 2598 4376 ,
2641 4321 2696 4366 et
2737 4323 3095 4368 oneraverunt
3133 4313 3266 4368 duas
3301 4331 3500 4378 naves,
3547 4326 3604 4371 et

2007 4401 2137 4455 retia
2168 4401 2586 4471 rumpebantur,
2618 4410 2672 4456 et
2712 4417 2815 4458 non
2857 4413 2981 4457 sunt
3026 4404 3187 4458 missa
3235 4405 3288 4458 in
3314 4406 3595 4460 dexteram

2007 4502 2211 4563 partem
2242 4493 2411 4560 retia;
2464 4494 2557 4549 sed
2591 4509 2760 4566 neque
2787 4485 2986 4550 dictum
3028 4505 3147 4563 est,
3199 4495 3253 4551 in
3291 4497 3591 4553 sinistram.

2006 4583 2122 4639 Jam
2145 4584 2454 4657 mysterium
2483 4586 2742 4654 captionis
2771 4585 2911 4640 illius
2941 4586 3307 4657 impleturlioc
3332 4595 3597 4658 tempore.

2008 4675 2140 4732 Illud
2165 4686 2341 4731 autem
2373 4677 2598 4732 alterum
2628 4679 2963 4750 mysterium,
2995 4679 3134 4750 quod
3161 4696 3268 4734 non
3294 4680 3415 4736 sine
3439 4697 3599 4736 causa

2008 4778 2127 4840 post
2157 4771 2606 4825 resurrectionem
2648 4769 2804 4837 fecit,
2848 4771 2958 4840 jam
2986 4786 3089 4826 non
3131 4773 3456 4840 moriturus,
3504 4775 3598 4830 sed

2007 4875 2220 4932 semper
2246 4861 2396 4916 vivus
2422 4861 2660 4927 futurus;
2689 4877 2795 4917 non
2817 4862 2988 4918 solum
3018 4863 3316 4933 divinitate,
3342 4883 3445 4937 qua
3464 4883 3598 4920 nun-

2010 4970 2169 5026 quam
2198 4964 2441 5010 mortuus
2471 4964 2573 5020 est,
2599 4955 2695 5010 sed
2718 4957 2876 5011 etiam
2909 4971 3156 5028 corpore,
3182 4973 3290 5028 quo
3316 4974 3414 5028 pro
3437 4961 3598 5014 nobis

2007 5047 2142 5102 mori
2186 5047 2431 5119 dignatus
2460 5054 2559 5102 est.
2607 5045 2723 5101 Non
2752 5061 2878 5118 ergo
2901 5046 3097 5102 frustra
3135 5049 3263 5104 illud
3305 5059 3431 5106 ante
3474 5067 3600 5120 pas-

2007 5141 2210 5196 sionem
2232 5182 2245 5206 ,
2280 5139 2381 5193 hoc
2410 5147 2527 5209 post
2554 5141 3022 5195 resurrectionem.
3068 5140 3180 5195 lllic
3201 5157 3300 5197 nec
3327 5143 3382 5197 in
3410 5141 3604 5200 dexte-

2008 5247 2144 5297 ram,
2176 5246 2274 5285 nec
2299 5230 2349 5283 in
2374 5230 2668 5296 sinistram,
2701 5230 2793 5285 scd
2828 5239 3058 5297 tantum,
3095 5231 3284 5287 Mittite
3309 5233 3435 5288 retia
3464 5250 3484 5289 :
3515 5233 3606 5291 hic

2008 5331 2183 5376 autem
2211 5363 2225 5388 ,
2257 5319 2443 5374 Mittite
2471 5321 2523 5374 in
2553 5321 2830 5375 dexteram.
2879 5321 2956 5377 lbi
2982 5323 3158 5378 nullus
3183 5339 3437 5380 numerus
3457 5368 3471 5390 ,
3504 5327 3606 5382 sed

2008 5414 2122 5469 sola
2163 5415 2378 5484 copiosa
2407 5413 2689 5468 multitudo
2709 5455 2724 5481 ,
2768 5422 2826 5469 ut
2865 5413 2997 5470 duas
3039 5429 3200 5470 naves
3230 5431 3364 5486 pene
3394 5432 3608 5489 merge-

2008 5513 2127 5570 ret;
2175 5519 2297 5559 nam
2341 5513 2396 5579 et
2442 5503 2545 5559 hoc
2572 5503 2770 5559 dictum
2815 5513 2897 5560 est
2939 5505 3054 5560 ibi:
3085 5514 3168 5562 est
3212 5505 3300 5562 bic
3340 5515 3608 5564 autemet

2010 5608 2298 5660 numerus,
2360 5604 2414 5649 et
2457 5594 2764 5666 magnitudo
2805 5596 3047 5666 piscium.
3100 5595 3301 5651 Deinde
3349 5597 3419 5652 ibi
3465 5599 3610 5655 retia

2012 5689 2414 5757 rumpebantur,
2467 5687 2554 5742 hic
2583 5687 2834 5758 pertinuit
2867 5686 2931 5741 ad
2966 5686 3354 5758 Evangelistam
3391 5688 3600 5755 dicere,

2016 5778 2080 5832 Et
2113 5793 2225 5832 cum
2271 5786 2370 5830 tam
2398 5778 2568 5848 magni
2617 5787 2812 5848 essent,
2859 5778 2991 5833 retia.
3025 5795 3129 5833 non
3172 5789 3290 5833 sunt
3337 5777 3597 5847 disrupta.
