3954 6196
342 357 478 414 Ητζ

274 461 289 469 ”
342 468 607 540 Numquid
652 483 758 524 non
803 466 1079 532 videmus,
1126 465 1351 531 fratres,
1401 463 1621 520 verbum
1648 463 1743 518 Dei
1781 463 1913 517 retia

339 576 460 618 esse
482 602 498 628 ,
542 568 598 615 et
621 560 721 613 hoc
762 557 1014 613 saeculum
1044 571 1224 624 mare,
1266 565 1319 612 et
1357 569 1546 611 onmes
1577 553 1667 624 qui
1694 553 1921 608 credunt

342 652 481 708 intra
512 651 602 705 illa
627 650 759 704 retia
800 648 1032 704 includi?
1073 648 1130 704 Si
1171 647 1308 702 forte
1335 648 1455 718 quis
1492 646 1698 702 dubitat
1724 645 1824 700 hoc
1850 645 1922 698 si-

341 743 595 816 gniﬁcare
614 783 630 810 ,
659 740 898 796 attendat
927 741 1096 811 ipsum
1126 741 1406 795 Dominum
1435 739 1486 794 in
1532 738 1780 810 parabole
1821 736 1922 793 hoc

340 834 558 898 dixisse,
582 831 722 902 quod
748 831 799 886 in
822 831 1076 886 miraculo
1091 829 1342 885 ostendit.
1367 830 1454 884 Ait
1472 830 1613 884 enim
1643 847 1658 883 :
1695 847 1715 880 ι
1737 827 1922 882 Simile

342 931 426 978 est
447 938 666 995 regnum
687 922 941 979 calorum
964 937 1173 994 sagenae
1189 923 1366 976 missa:
1386 921 1439 976 in
1461 935 1631 987 mare,
1655 936 1774 992 qua:
1794 935 1924 976 con-

344 1023 528 1087 gregat
553 1030 618 1069 ex
643 1015 786 1070 omni
808 1029 1002 1085 genere
1024 1015 1272 1085 piscium.
1314 1015 1484 1081 Quam
1507 1056 1520 1078 ,
1558 1029 1677 1068 cum
1705 1014 1924 1084 impleta

344 1117 508 1172 esset,
538 1105 826 1161 educentes
844 1147 860 1172 ,
909 1114 1186 1161 traxenmt
1214 1105 1355 1158 illam
1383 1103 1449 1158 ad
1478 1103 1668 1170 littus;
1699 1113 1753 1160 et
1774 1104 1924 1174 juxta

344 1199 492 1253 littus
515 1198 761 1252 sedentes
787 1197 1062 1267 elegerunt
1090 1196 1259 1252 bonos
1286 1196 1336 1249 in
1364 1211 1484 1250 vasa
1504 1237 1518 1261 ,
1548 1197 1719 1250 malos
1744 1208 1923 1249 autem

344 1289 488 1344 teras
509 1289 786 1344 miserunt.
817 1287 907 1344 Sic
925 1289 1026 1342 erit
1046 1288 1098 1342 in
1122 1287 1225 1342 line
1243 1287 1422 1342 szcculi
1442 1305 1456 1342 :
1476 1287 1695 1342 exibunt
1715 1287 1922 1356 Angeli,

348 1393 396 1436 et
419 1380 740 1450 separabunt
758 1381 927 1436 malos
951 1380 1018 1435 de
1034 1380 1210 1435 medio
1226 1380 1513 1446 justorum,
1533 1387 1588 1434 et
1611 1379 1819 1433 mittent
1833 1391 1926 1432 eos

351 1473 402 1526 in
424 1473 693 1526 caminum
727 1472 862 1542 ignis
893 1489 906 1525 :
936 1471 1006 1526 ibi
1038 1472 1139 1526 erit
1163 1470 1319 1526 ﬂetus
1344 1479 1399 1525 et
1417 1471 1614 1525 stridor
1640 1470 1874 1525 dentium
1902 1489 1922 1521 ι

353 1563 564 1636 (Matth.
594 1580 727 1630 xm,
754 1563 971 1634 47-59).
1024 1547 1430 1634 Apparet'ergo
1476 1565 1682 1634 signum
1730 1563 1928 1619 habere

352 1655 472 1710 ﬁdei
496 1697 513 1723 ,
549 1655 678 1710 retia
709 1656 868 1710 missa
898 1657 949 1709 in
981 1671 1149 1711 mare.
1183 1655 1374 1711 Annon
1406 1666 1489 1711 est
1521 1671 1668 1712 mare
1703 1656 1804 1711 hoc
1829 1671 1929 1710 sm-

351 1746 526 1800 culum
552 1787 568 1813 ,
615 1747 702 1801 ubi
743 1761 802 1800 se
852 1747 1076 1802 invicem
1107 1747 1349 1802 homines
1389 1748 1540 1817 quasi
1567 1749 1740 1818 pisces
1763 1748 1927 1802 devo-

354 1835 515 1890 rant?
579 1837 660 1894 An
719 1852 896 1907 parvae
955 1839 1208 1908 procellae
1257 1847 1312 1894 et
1366 1839 1560 1894 ﬂuctus
1624 1841 1929 1895 tentationis

353 1928 664 1996 perturbant
701 1927 802 1982 hoc
843 1928 1034 1983 mare?
1075 1931 1174 1984 An
1202 1944 1363 1999 parva
1402 1931 1639 2000 pericula
1677 1941 1800 1986 sunt
1838 1946 1930 1986 na-

353 2019 642 2088 vigantium
667 2059 682 2085 ,
715 2019 768 2073 id
793 2026 876 2075 est
898 2061 913 2087 ,
944 2018 997 2074 in
1026 2020 1172 2091 ligno
1199 2023 1377 2077 crucis
1403 2023 1629 2091 patriam
1657 2025 1929 2079 caelestem

352 2107 742 2175 quaerentium?
785 2109 1211 2166 Manifestissima
1239 2126 1369 2182 ergo
1393 2113 1692 2168 similitudo
1720 2122 1821 2169 est.

422 2196 646 2255 CAPUT
672 2200 757 2255 ΠΙ.
785 2231 858 2241 -
879 2201 930 2256 5.
958 2200 1074 2256 Duo
1103 2204 1322 2274 navigia,
1347 2204 1447 2258 duo
1467 2205 1667 2275 populi.
1693 2203 1933 2260 Submer—

353 2288 508 2344 tionis
535 2291 814 2360 periculum
844 2307 906 2345 ea:
937 2293 1277 2347 multitudine.
1312 2292 1642 2348 Periclitatur
1668 2297 1808 2348 navis
1828 2293 1931 2348 Ju-

360 2379 604 2435 dceorum.
639 2380 773 2435 Illud
800 2389 1000 2436 tantum
1025 2382 1296 2438 videamus
1316 2426 1331 2449 ,
1366 2384 1554 2440 fratres
1579 2386 1727 2456 (quia
1755 2401 1937 2441 resur—

359 2472 527 2526 rectio
556 2471 766 2528 Domini
792 2488 979 2529 novam
1006 2475 1166 2530 vitam
1195 2475 1488 2546 signiﬁcat,
1511 2493 1670 2547 quam
1707 2477 1931 2534 habebi-

361 2579 499 2627 mus.
529 2579 651 2620 eum
678 2565 779 2622 hoc
800 2568 1052 2622 arculum
1073 2569 1343 2624 transierit
1358 2568 1398 2641 ),
1423 2570 1688 2640 quomodo
1711 2573 1936 2642 primum

363 2653 578 2708 verbum
603 2653 698 2710 Dei
724 2657 943 2711 missum
963 2665 1046 2713 est
1071 2658 1124 2714 in
1151 2658 1251 2713 hoc
1278 2672 1428 2714 mare
1445 2700 1458 2726 ,
1494 2659 1547 2714 id
1577 2667 1658 2715 est
1678 2702 1692 2724 ,
1719 2660 1774 2716 in
1796 2660 1940 2719 hunc

363 2746 638 2802 mundum.
689 2749 746 2805 In
773 2749 873 2804 hoc
897 2753 1150 2807 saeculum
1182 2751 1430 2810 ﬂuetibus
1469 2755 1854 2820 turbulentum,
1887 2764 1944 2812 et

365 2839 765 2908 tempestatibus
807 2842 1168 2910 periculosum
1194 2884 1208 2906 ,
1239 2852 1295 2898 et
1323 2843 1610 2915 naufragiis
1634 2846 1936 2919 molestum,

366 2926 584 2982 missum
607 2938 688 2984 est
712 2930 930 2986 verbum
962 2932 1056 2988 Dei
1081 2973 1097 2998 ,
1133 2941 1187 2987 et
1207 2934 1349 3003 cepit
1373 2934 1569 2990 multos
1593 2975 1608 2999 ,
1639 2935 1709 2989 ita
1737 2943 1803 2990 .ut
1835 2935 1940 2990 im-

366 3016 642 3087 plerentur
659 3019 768 3075 duo
790 3022 1019 3092 navigia.
1056 3023 1186 3090 Qua:
1205 3033 1328 3078 sunt
1348 3023 1456 3078 duo
1485 3024 1725 3096 navigia?
1753 3025 1940 3094 Pepuli

365 3107 490 3162 duo.
531 3111 733 3178 Quibus
759 3115 971 3182 populis
998 3113 1226 3179 duobus,
1255 3124 1507 3186 tanquam
1537 3117 1745 3173 duobus
1769 3118 1941 3188 parie-

366 3198 504 3253 tibus
527 3200 660 3270 lapis
682 3202 952 3271 angularis
972 3203 1146 3258 factus
1165 3215 1249 3260 est
1277 3205 1534 3260 Dominus
1554 3247 1570 3273 ,
1602 3216 1660 3262 ut
1686 3222 1779 3263 eos
1803 3209 1855 3262 in
1882 3223 1942 3264 se

364 3293 709 3358 conjungeret
746 3306 809 3345 ex
838 3292 1053 3347 diverso
1085 3295 1359 3350 venientes
1385 3295 1599 3368 (Ephes.
1627 3313 1697 3363 ιι,
1728 3297 1937 3370 11-22).

368 3379 524 3436 Venit
565 3382 707 3436 enim
746 3383 969 3453 populus
1006 3385 1308 3441 Iudaeorum
1355 3403 1425 3444 ex
1468 3389 1569 3444 alia
1615 3391 1772 3461 longe
1815 3406 1944 3446 con-

365 3472 688 3529 suetudine:
719 3475 864 3531 venit
901 3486 1080 3532 autem
1123 3480 1345 3548 populus
1372 3480 1618 3537 Gentium
1657 3483 1726 3537 ab
1763 3483 1938 3538 idolis.

371 3561 524 3618 Venit
545 3579 608 3618 ex
649 3564 1052 3622 circumcisione
1075 3569 1300 3638 populus
1326 3570 1630 3626 indmon
1665 3591 1678 3625 :
1709 3572 1852 3627 venit
1875 3587 1941 3627 ex

367 3655 624 3723 przrputio
668 3657 895 3726 populus
934 3657 1202 3715 Gentium.
1253 3661 1329 3715 Ex
1375 3662 1588 3716 diverso
1629 3670 1939 3719 venerunt:

365 3743 457 3798 sed
497 3745 550 3799 in
590 3746 763 3815 lapide
808 3749 1048 3818 angulari
1088 3751 1399 3819 junguntur.
1460 3751 1741 3821 Nunquam
1791 3753 1936 3808 enim

367 3836 613 3904 angulum
651 3836 852 3892 faciunt
889 3839 1158 3908 parietes,
1208 3840 1307 3894 uisi
1337 3855 1371 3895 e
1413 3839 1624 3895 diverso
1645 3842 1938 3896 venientes.

371 3926 426 3980 ln
450 3917 832 3999 Christo'ergo
865 3929 1328 3985 concordaverunt
1368 3931 1476 3985 duo
1511 3932 1691 4000 populi
1717 3973 1731 3998 ,
1767 3935 1940 3990 vocati

367 4033 432 4072 ex
456 4017 654 4073 Judznis
677 4019 766 4089 qui
797 4029 946 4074 erant
985 4035 1186 4090 prope,
1221 4031 1277 4075 et
1302 4037 1366 4076 ex
1395 4021 1653 4077 Gentibus
1680 4024 1768 4093 qui
1793 4034 1944 4080 erant

368 4109 542 4180 longe.
579 4109 712 4164 Nam
737 4112 858 4180 quia
881 4127 1046 4182 prope
1071 4123 1226 4167 eram
1249 4112 1422 4168 Judaei
1450 4113 1586 4186 (jam
1615 4115 1756 4170 enim
1777 4131 1942 4171 unum

368 4199 532 4255 Deum
571 4201 890 4276 colebant),
932 4202 1145 4273 quando
1181 4204 1523 4260 crediderunt
1561 4205 1614 4260 in
1646 4206 1939 4274 Christum,

367 4289 580 4346 attende
605 4290 730 4361 quid
761 4291 1002 4347 fecerint.
1051 4293 1314 4364 Quidquid
1343 4294 1658 4364 habuerunt,
1687 4297 1942 4354 vendide-

365 4389 488 4434 runt
510 4420 526 4443 ,
561 4389 616 4436 et
673 4390 968 4451 posuerunt
1020 4385 1188 4453 pretia
1227 4386 1546 4455 przediorum
1574 4402 1792 4443 suorum
1818 4399 1943 4446 ante

363 4460 734 4539 Apostolorum
751 4473 914 4543 pedes
940 4492 954 4528 :
977 4475 1452 4533 etdistribuebatm
1471 4480 1772 4552 unicuique,
1789 4491 1945 4551 prout

363 4560 553 4630 cuique
599 4575 734 4631 opus
777 4572 892 4619 erat
933 4564 1070 4634 (Act.
1097 4583 1153 4621 1v
1175 4609 1190 4634 ,
1221 4569 1292 4624 54
1319 4610 1334 4636 ,
1372 4569 1463 4644 55)
1540 4571 1784 4627 Liberati
1820 4581 1946 4628 sunt

362 4652 584 4706 sarcinis
623 4654 954 4722 negotiorum
980 4658 1312 4712 saecularium
1336 4699 1352 4722 ,
1398 4669 1453 4715 et
1481 4660 1690 4716 levibus
1707 4663 1942 4720 humeris

361 4741 531 4796 secuti
561 4751 686 4797 sunt
709 4742 975 4799 Christum
1007 4764 1020 4800 :
1049 4746 1396 4804 subdiderunt
1429 4750 1625 4806 collum
1659 4751 1786 4822 jugo
1811 4753 1938 4821 leni,

361 4840 418 4886 et
463 4835 842 4902 amplectentes
884 4836 1114 4907 lapidem
1154 4839 1459 4908 angularem
1507 4855 1573 4896 ex
1620 4844 1938 4914 pr0pinquo,

363 4924 536 4990 pacati
560 4933 702 4980 sunt.
726 4924 883 4982 Venit
918 4937 1094 4983 autem
1131 4937 1183 4984 et
1216 4929 1442 4999 populus
1464 4930 1712 4988 Gentium
1737 4949 1799 4990 es
1823 4936 1940 4990 iens

359 5013 592 5083 ginqua,
618 5024 672 5070 et
704 5015 818 5086 ipse
861 5018 1103 5088 pervenit
1131 5019 1197 5074 ad
1239 5021 1388 5074 illum
1426 5021 1653 5091 lapidem
1675 5063 1691 5088 ,
1722 5032 1778 5078 et
1811 5038 1941 5080 eon-

365 5104 510 5158 venit
534 5105 586 5160 in
607 5121 758 5175 pace.
798 5106 934 5164 istos
958 5107 1092 5164 duos
1115 5111 1342 5180 populos
1365 5112 1664 5182 signiﬁcant
1687 5113 1806 5168 dute
1835 5114 1940 5170 illae

359 5207 542 5249 naves.
575 5195 682 5252 Sed
720 5206 862 5252 tanta
903 5198 1244 5256 multitudine
1269 5201 1494 5272 piscium
1524 5202 1756 5273 impletae
1791 5213 1934 5271 sunt,

360 5293 416 5338 ut
445 5301 578 5354 pene
621 5297 1010 5358 mergerentur.
1061 5289 1312 5360 Legimus
1334 5293 1478 5348 enim
1507 5302 1564 5349 et
1597 5295 1736 5349 inter
1770 5294 1946 5366 ipsos,

358 5377 448 5446 qui
493 5376 562 5434 de
589 5377 787 5435 Iudaeis
821 5379 1197 5450 crediderant,
1242 5384 1510 5440 exstitisse
1533 5386 1810 5452 carnales,
1845 5387 1935 5455 qui

360 5479 662 5534 pressuram
701 5467 965 5525 faciebant
999 5471 1285 5539 Ecclesizn,
1335 5482 1388 5528 et
1415 5474 1764 5544 prohibebant
1788 5476 1933 5544 Apo-

357 5555 524 5610 stolus
543 5555 806 5616 Gentibus
841 5560 980 5631 loqui
1006 5562 1344 5634 Evangelium
1364 5604 1382 5631 ,
1409 5564 1649 5620 dicentes
1665 5605 1684 5632 ,
1715 5565 1831 5620 Non
1851 5577 1934 5622 est

357 5643 551 5702 missus
574 5646 817 5706 Christus
848 5651 952 5708 nisi
979 5652 1308 5710 circumcisis
1333 5673 1348 5707 :
1383 5664 1438 5710 ut
1465 5656 1511 5712 si
1541 5656 1738 5712 vellent
1758 5655 1934 5712 Evanc

353 5735 550 5804 getiam
574 5741 817 5812 accipere
839 5742 1058 5812 Gentes,
1076 5744 1598 5802 circumciderentur.
1627 5743 1778 5803 Unde
1807 5762 1931 5808 ano-

1730 351 1960 408 SERMO
1995 370 2019 406 ι,
2037 351 2191 406 CLII.

3475 364 3604 416 H73

2044 463 2213 516 stolus
2243 464 2435 519 Paulus
2465 465 2657 520 missus
2689 465 2755 521 ad
2789 465 3024 532 Gentes,
3066 468 3288 525 odiosus
3322 472 3404 527 eis
3437 472 3606 530 factus

2027 563 2142 607 erat
2192 569 2375 608 verum
2429 556 2749 623 praedicans,
2797 558 2887 627 qui
2933 558 3002 613 de
3049 558 3228 613 Judaea
3274 562 3608 619 crediderant

2029 642 2228 714 (Colat.
2259 661 2343 711 Iv,
2379 643 2487 718 l6).
2542 647 2771 702 Volebat:
2797 651 2939 704 enim
2978 650 3297 719 Apostolus,
3338 662 3395 707 ut
3433 670 3497 709 ex
3527 657 3606 710 di-

2030 750 2185 789 verso
2217 737 2433 790 veniens
2456 737 2679 806 populus
2717 737 2985 803 Gentium,
3014 748 3190 794 tamen
3223 744 3468 812 angulum
3492 755 3608 800 tan-

2025 835 2207 896 geret,
2237 827 2324 880 ubi
2351 827 2499 880 firma
2523 843 2628 898 pax
2653 837 2782 884 erat.
2812 828 3068 886 Carnales
3087 832 3315 902 ergoilli
3339 835 3610 905 exigentes

2029 917 2489 972 circumcisionem
2511 959 2526 985 ,
2565 933 2672 974 non
2702 921 3036 986 pertinebant
3059 923 3126 978 ad
3151 939 3428 979 numerum
3454 929 3610 996 spiri-

2033 1008 2253 1062 tualium
2287 1027 2300 1063 :
2331 1025 2502 1079 neque
2540 1010 2644 1080 iam
2674 1011 2922 1066 videbant
2953 1015 3230 1070 transactis
3266 1021 3609 1075 sacramentis

2030 1099 2338 1153 carnalibus
2365 1099 2576 1155 venisse
2595 1101 2740 1157 illum
2767 1143 2781 1165 ,
2814 1103 2966 1172 cujus
2991 1107 3242 1175 praesenti
3267 1106 3384 1162 luce
3408 1109 3610 1164 umbrae

2031 1190 2358 1260 l‘ugarcntnr.
2409 1194 2610 1251 Tamen
2650 1197 2773 1265 quia
2813 1197 3100 1253 seditiones
3136 1199 3430 1267 faciebant,
3459 1204 3609 1273 quasi

2031 1285 2370 1340 multitudine
2399 1302 2494 1342 sua
2535 1288 2848 1358 mergebant
2885 1305 3095 1345 navem.

2101 1373 2328 1431 CAPUT
2365 1373 2451 1430 IV.
2479 1407 2552 1418 ——
2576 1379 2630 1432 4.
2663 1378 2821 1433 Navis
2847 1379 3098 1434 Gentium.
3128 1381 3271 1436 Retia
3288 1392 3442 1453 rapta
3463 1426 3477 1451 ,
3501 1385 3608 1439 Ine-

2031 1479 2165 1518 reses
2189 1476 2234 1519 et
2263 1467 2555 1521 schismata.
2578 1469 2924 1524 Attendamus
2940 1471 3098 1525 etiam
3130 1487 3317 1527 navem
3339 1473 3606 1529 Gentium.

2035 1555 2318 1612 Videamus
2361 1558 2408 1613 si
2454 1574 2557 1614 non
2609 1569 2753 1615 tanta
2821 1562 3101 1618 multitudo
3169 1564 3392 1619 collecta
3428 1576 3508 1620 est
3555 1568 3605 1620 in

2032 1645 2364 1716 Ecclesium,
2411 1658 2469 1704 ut
2524 1651 2609 1704 vix
2657 1651 2730 1706 ibi
2792 1662 3086 1721 appareant
3140 1670 3302 1724 grana
3362 1655 3610 1712 immensi

2033 1735 2087 1789 in
2119 1745 2234 1792 tam.
2269 1739 2437 1795 multo
2480 1756 2705 1796 numero
2757 1743 3050 1812 palearum.
3095 1744 3262 1811 Quam
3318 1747 3469 1802 multi
3529 1763 3614 1800 ι-εις

2034 1833 2234 1896 plores,
2287 1843 2443 1898 quam
2483 1832 2631 1886 multi
2661 1831 2894 1900 ebriosi,
2929 1849 3087 1903 quam
3136 1836 3285 1890 multi
3337 1837 3610 1904 maledici,

2033 1932 2192 1986 quam
2241 1919 2408 1974 multi
2443 1931 2770 1992 spectatores
2825 1924 3184 1980 theatrorum!
3249 1927 3436 1983 Nonne
3512 1931 3610 2000 ipsi

2036 2005 2254 2076 implent
2303 2009 2590 2077 ecclesias,
2633 2012 2724 2082 qui
2772 2012 2996 2082 implent
3037 2025 3092 2069 et
3139 2014 3379 2071 theatra?
3423 2019 3488 2072 Et
3538 2029 3614 2074 ta-

2037 2095 2114 2151 lia
2136 2098 2446 2169 plerumque
2473 2099 2824 2157 seditionibus
2849 2113 3092 2173 quantm
3117 2105 3169 2160 in
3195 2107 3456 2176 ecclesiis,
3487 2124 3616 2179 qua-

2037 2189 2106 2243 lia
2133 2190 2305 2246 solent
2336 2192 2387 2245 in
2419 2192 2668 2247 theatris.
2699 2194 2767 2248 Et
2789 2195 3102 2267 plemmque
3135 2198 3180 2252 si
3221 2197 3418 2268 aliquid
3455 2203 3612 2269 spiri-

2040 2281 2250 2337 tualiter
2279 2283 2487 2338 dicatur
2510 2294 2602 2339 aut
2622 2285 2888 2355 jubeatur,
2941 2292 3230 2354 resistunt,
3269 2291 3613 2358 reluctantur,

2040 2381 2322 2441 sequentes
2347 2389 2581 2441 carnem,
2611 2386 2970 2447 repugnantes
2987 2379 3208 2448 Spiritui
3239 2391 3446 2437 sancto.
3466 2383 3618 2440 Unde

2021 2463 2252 2520 .Judsnus
2276 2481 2488 2536 quoque
2531 2467 2834 2538 Stephanus
2874 2470 3159 2526 accusabat
3191 2469 3334 2546 (Act.
3367 2488 3471 2542 vu,
3503 2476 3616 2546 51).

2040 2553 2098 2609 ιιι
2127 2555 2222 2610 ista
2248 2557 2483 2620 civitate,
2517 2558 2709 2614 fratres
2733 2561 2873 2625 mei,
2916 2575 3094 2617 nonne
3144 2564 3350 2634 experti
3398 2577 3614 2632 sumus,

2041 2646 2181 2717 quod
2208 2647 2515 2703 recordatur
2541 2650 3111 2707 nobiscum‘Sanctitas
3151 2660 3328 2708 vestra
3351 2695 3366 2719 ,
3415 2665 3619 2725 quanto

2043 2737 2277 2805 periculo
2303 2747 2482 2793 nostro
2522 2739 2589 2794 de
2625 2742 2724 2794 ista
2756 2740 2974 2798 basilica
3017 2742 3351 2800 cbriositates
3399 2747 3622 2816 expule«

2043 2826 2113 2879 rit
2141 2827 2277 2881 Deus
2307 2826 2421 2899 (a)?
2450 2828 2640 2884 Nonne
2674 2831 2935 2885 seditione
2973 2833 3264 2887 carnalium
3305 2849 3440 2903 pene
3462 2833 3622 2892 'mer«

2043 2916 2266 2984 gebatur
2285 2918 2559 2973 nobiscum
2587 2920 2770 2976 navis?
2796 2920 2948 2976 Unde
2975 2922 3105 2988 hoc,
3152 2923 3250 2978 nisi
3281 2923 3350 2979 de
3382 2925 3476 2979 illo
3522 2943 3620 2982 nu-

2043 3020 2196 3060 mero
2222 3007 2442 3076 piscium
2485 3009 2893 3066 innumerabili?
2938 3012 3140 3068 Deinde
3179 3014 3338 3068 etiam
3380 3015 3508 3070 illud
3552 3017 3622 3072 ibi

2043 3095 2240 3151 dictum
2263 3107 2361 3164 est,
2394 3101 2513 3170 quia
2537 3101 2668 3156 retia
2691 3103 3095 3173 rumpebantur.
3122 3105 3381 3177 Disruptis
3397 3110 3620 3177 retibus,

2044 3185 2352 3246 hmreseset
2379 3192 2662 3248 schismata
2692 3192 2830 3249 facta
2871 3205 3014 3251 sunt.
3066 3197 3216 3253 Retia
3249 3200 3465 3268 quidem
3504 3217 3614 3256 om-

2045 3279 2503 3337 nesconcludunt
2553 3301 2566 3337 :
2615 3284 2710 3338 sed
2755 3285 3093 3356 impatientes
3127 3289 3336 3358 pisces,
3382 3292 3624 3348 uolentes

2046 3369 2228 3423 venire
2253 3370 2318 3425 ad
2343 3371 2521 3428 cibum
2551 3373 2761 3429 Domini
2781 3415 2798 3440 ,
2830 3376 2919 3432 ubi
2949 3387 3192 3446 possunt,
3227 3379 3620 3451 impinguntse,

2041 3466 2100 3511 et
2125 3466 2412 3527 rumpunt,
2431 3469 2724 3517 etexeunt.
2759 3463 2827 3518 Et
2864 3466 2995 3520 retia
3045 3467 3257 3536 quidem
3288 3471 3374 3525 illa
3408 3490 3500 3540 per
3541 3483 3626 3527 to-

2047 3554 2156 3600 tum
2180 3548 2548 3615 expenduntur
2575 3567 2590 3604 :
2615 3553 2704 3620 qui
2733 3563 2986 3622 rumpunt
3009 3567 3207 3620 autem,
3237 3572 3332 3627 per
3352 3561 3462 3614 loca
3483 3577 3625 3618 rum-

2049 3645 2200 3705 punt.
2233 3636 2524 3694 Donatistae
2551 3651 2808 3711 ruperunt
2836 3643 2889 3698 in
2915 3644 3124 3708 Africa,
3152 3647 3330 3702 Ariani
3373 3665 3626 3722 ruperunt

2046 3728 2098 3783 in
2130 3727 2381 3799 Egypto,
2417 3731 2717 3788 Pbotiuiani
2750 3745 3006 3804 ruperunt
3028 3737 3080 3791 in
3131 3738 3422 3808 Pannonia,
3464 3741 3622 3799 Cata-

2047 3817 2279 3888 phryges
2304 3831 2564 3890 ruperunt
2585 3823 2637 3877 in
2661 3823 2922 3896 Phrygia,
2969 3827 3249 3883 Maniehtni
3261 3842 3528 3900 ruperunt
3569 3835 3620 3888 in

2046 3909 2282 3967 Perside.
2309 3911 2450 3978 Quot
2477 3914 2608 3969 locis
2631 3929 2822 3984 sagcna
2853 3917 2940 3972 illa
2965 3918 3204 3990 disrupta
3225 3921 3430 3976 esti-Et
3449 3927 3622 3979 tamen

2047 4014 2181 4070 quos
2203 4000 2443 4067 includit,
2469 4003 2711 4073 perducit
2750 4005 2816 4060 ad
2863 4005 3025 4060 littus.
3077 4007 3327 4066 Perducit
3374 4012 3621 4081 quidem,

2045 4093 2140 4148 sed
2169 4093 2427 4165 numquid
2452 4097 2540 4165 qui
2567 4106 2822 4166 ruperunt
2847 4098 3016 4154 retia?
3030 4098 3226 4155 Omnes
3239 4101 3364 4156 mali
3383 4105 3622 4159 exeunt'.

2046 4181 2162 4239 Non
2189 4185 2404 4254 quidem
2441 4195 2670 4254 exeunt,
2700 4186 2802 4244 nisi
2831 4188 2960 4244 mali
2996 4205 3010 4241 :
3061 4200 3340 4246 remanent
3371 4201 3547 4249 autem
3571 4204 3627 4249 et

2048 4271 2174 4330 b0ui
2198 4283 2252 4330 et
2278 4275 2428 4330 mali.
2470 4275 2602 4331 Nam
2632 4276 2773 4332 unde
2814 4276 3121 4347 perducitur
3146 4295 3340 4350 sagena
3368 4280 3437 4337 ad
3475 4283 3627 4338 littus

2047 4378 2167 4420 cum
2195 4365 2432 4435 piscibus
2444 4376 2500 4422 et
2524 4367 2676 4424 bonis
2705 4377 2759 4424 et
2778 4369 2953 4439 malis,
2982 4370 3051 4427 de
3075 4372 3252 4442 quain
3281 4374 3530 4445 panbola
3547 4377 3629 4433 lo—

2047 4465 2210 4511 cutus.
2221 4466 2302 4512 est
2331 4457 2628 4531 Dominus?

2117 4545 2343 4603 CAPUT
2386 4548 2522 4604 V.—
2536 4549 2590 4605 ὅ.
2606 4548 2674 4603 In
2691 4566 2812 4630 arce
2839 4549 3044 4607 Domini
3070 4554 3220 4626 palea
3233 4571 3430 4627 semper
3453 4556 3630 4628 aliqua

2046 4654 2162 4692 cum
2198 4644 2471 4711 frumento.
2525 4641 2667 4696 Venti
2695 4642 2871 4713 paleas
2903 4645 2972 4698 ad
3012 4662 3200 4701 meum.
3229 4649 3433 4718 reﬂant.
3483 4649 3632 4706 Hanc

2046 4732 2188 4788 enim
2217 4733 2620 4790 similitudinem
2651 4735 2814 4792 habet
2833 4737 3166 4804 etiamarea,
3183 4755 3309 4794 cum
3331 4741 3626 4796 trituretur.

2047 4826 2148 4882 Est
2175 4829 2348 4897 palea,
2382 4837 2508 4884 sunt
2531 4829 2793 4886 frumenta
2823 4848 2836 4884 :
2868 4832 2962 4887 sed
2999 4839 3175 4889 tamen
3217 4836 3308 4903 qui
3347 4837 3629 4893 attendunt

2045 4929 2246 4980 aream,
2295 4917 2510 4974 difﬁcile
2534 4919 2716 4974 vident
2752 4920 2851 4975 nisi
2895 4923 3119 4991 paleam.
3163 4923 3460 4994 Diligentia
3490 4942 3628 4998 opus

2044 5016 2127 5061 est
2154 5014 2216 5061 ut.
2237 5006 2502 5063 frumenta
2553 5009 2610 5064 in
2657 5009 2806 5079 palea
2851 5011 3207 5069 inveniantur.
3243 5015 3399 5071 Venti
3446 5026 3623 5076 autem

2043 5098 2274 5167 perﬂant
2302 5098 2536 5168 undique
2555 5113 2756 5156 arean.
2783 5101 2988 5158 Etcum
3015 5105 3622 5180 trituratur,.antequam

2043 5187 2348 5257 subrigatur
2379 5197 2442 5244 ut
2473 5192 2642 5259 possit
2680 5192 2944 5260 ventilari,
2987 5197 3244 5266 numquid
3276 5213 3384 5256 non
3429 5202 3624 5271 patitur

2043 5282 2268 5333 ventos?
2290 5278 2494 5334 Ventus
2518 5279 2610 5336 ﬂat
2633 5297 2699 5338 ex
2723 5283 2822 5339 hac
2846 5294 2996 5355 parte
3016 5327 3033 5353 ,
3059 5288 3206 5343 verbi
3251 5291 3419 5361 gratia
3434 5332 3452 5360 ,
3484 5293 3623 5349 tollit

2043 5368 2222 5440 paleas
2246 5387 2258 5424 :
2288 5369 2412 5425 inde
2439 5385 2624 5428 rursus
2652 5373 2762 5441 ﬂat,
2791 5374 2931 5430 tollit
2949 5376 3016 5432 ad
3049 5378 3269 5433 alteram
3317 5390 3544 5450 partem.
3574 5383 3618 5438 Α

2042 5473 2373 5531 quacumque
2403 5471 2552 5531 parte
2575 5464 2710 5518 tollit
2737 5465 2944 5534 paleas,
2969 5477 3022 5523 et
3046 5469 3216 5524 mittit.
3228 5471 3281 5526 in
3321 5485 3538 5542 sepem,
3565 5483 3621 5529 et

2105 5576 2272 5650 instes“
2297 5575 2390 5626 sed
2421 5577 2654 5650 numquid
2687 5586 3003 5650 corruperunt
3030 5581 3168 5650 (vel,
3194 5585 3524 5650 corrtonpmrt)
3545 5597 3620 5650 reg

2040 5635 2107 5686 tia
2127 5635 2670 5715 ?0mnesn_taliexcwit.
2693 5635 2884 5715 videtur
2897 5635 3165 5715 legendum
3177 5648 3264 5708 sic,

2041 5712 2150 5748 cum
2168 5707 2392 5760 rumpunt
2410 5701 2545 5760 retia,
2561 5716 2721 5752 onum
2749 5701 2862 5751 mali
2876 5701 3048 5754 miunt
3064 5703 3089 5755 ἔ)

2103 5760 2175 5821 (τι)
2201 5760 2314 5814 \ide
2339 5765 2583 5826 Augustini
2601 5765 2747 5827 epist.
2772 5764 2832 5814 ‘29.
2855 5772 2904 5816 et
2926 5765 3003 5816 39.
