3926 6188
345 324 476 379 1175

1574 315 1634 372 S.
1673 308 2038 372 AUGUSTINI
2075 310 2372 370 EPISCOPI

3473 321 3610 377 1116

342 450 393 502 in
425 443 625 516 spinas,
663 453 718 499 et
758 441 1012 513 quolibet.
1055 440 1171 496 Non
1213 445 1387 510 potest
1434 437 1753 491 frumentum
1804 432 1926 488 inde
2029 428 2358 497 nequissimi.
2383 428 2502 484 iam
2544 431 2685 486 enim
2721 431 2868 486 venit
2905 432 3205 487 Dominus:
3247 441 3301 488 et
3330 433 3450 488 ideo
3493 447 3611 505 post

342 538 526 592 tollere
551 553 566 588 :
597 549 703 590 non
735 533 1075 589 tollitventus
1106 531 1207 586 nisi
1234 529 1432 599 paleas.
1463 527 1568 583 Sed
1595 538 1773 581 tamen
1801 540 1921 579 cum

341 627 555 682 tulerint
581 623 813 692 undique
832 621 1023 676 nantes
1047 620 1190 676 venti
1218 619 1424 690 paleas,
1452 615 1706 687 numquid
1749 615 1920 668 solum

338 721 568 776 triticum
591 721 643 774 in
667 735 790 774 area
829 715 1154 774 remanebit?
1179 716 1294 771 Non
1337 713 1460 768 inde
1502 713 1540 766 it
1584 711 1682 765 nisi
1721 709 1870 780 palea
1905 725 1917 761 :

339 819 580 866 remanet
627 820 806 865 autem
843 819 900 866 et
947 810 1096 879 palea
1132 816 1188 864 et
1225 807 1574 862 frumentum.
1617 801 1840 870 Quando
1879 800 1921 854 it

334 903 509 956 omnis
538 900 719 970 palea?
739 899 965 967 Quando
986 899 1189 954 venerit
1225 897 1478 951 Dominus
1518 894 1700 949 ferens
1743 891 1911 946 venti-

335 993 542 1048 labrum
570 992 622 1048 in
652 1008 814 1049 manu
843 1009 959 1059 sua,
988 1005 1041 1047 et
1067 992 1339 1046 mundabit
1360 1005 1539 1045 aream
1574 1003 1723 1043 suam
1750 1027 1766 1050 ,
1807 987 1917 1040 fru-

332 1092 511 1139 menta
541 1083 796 1139 recondet
838 1084 891 1137 iu
931 1083 1211 1148 horreum,
1245 1083 1446 1152 paleam
1484 1090 1661 1134 autem
1700 1078 1919 1134 combu-

331 1185 413 1228 ret
434 1175 536 1245 igni
566 1173 979 1245 inexstinguibili
1005 1173 1213 1245 (Matth.
1248 1190 1324 1238 ιιι,
1361 1173 1473 1242 l2).
1506 1172 1694 1227 Melius
1742 1171 1916 1226 inten-

329 1267 422 1320 dat
465 1263 732 1322 Sanctitas
783 1275 958 1320 vestra
1000 1265 1124 1335 quid
1173 1264 1366 1318 dicam.
1419 1262 1716 1333 Aliquando
1770 1261 1912 1315 enim

334 1357 478 1412 venti
498 1358 588 1428 qui
619 1358 810 1412 tollunt
831 1357 1034 1428 paleam
1059 1357 1126 1412 de
1154 1371 1299 1420 area,
1325 1356 1514 1410 iterum
1551 1354 1678 1409 ﬂant
1714 1369 1745 1407 a
1785 1367 1913 1422 sepe

333 1449 420 1504 ubi
446 1447 674 1504 baserat
703 1448 873 1518 palea,
901 1457 955 1504 et
978 1462 1095 1503 eam
1121 1455 1373 1503 revocant
1403 1447 1454 1500 in
1479 1460 1679 1500 aream.
1727 1443 1908 1512 Sicut,

329 1539 478 1595 verbi
505 1541 698 1610 gratia,
726 1539 906 1593 nescio
933 1539 1054 1609 quis
1081 1539 1241 1592 homo
1267 1538 1320 1592 in
1359 1537 1627 1592 Catholica
1649 1536 1911 1590 constitu—

329 1640 434 1694 tus,
470 1643 656 1700 passus
680 1639 762 1684 est
781 1629 1010 1700 aliquam
1035 1629 1379 1683 tentationem
1401 1625 1783 1681 tribulationis.
1821 1625 1913 1680 Vl-

332 1721 411 1775 dit
435 1721 535 1777 sibi
554 1721 838 1778 carnaliter
865 1720 1133 1776 subveniri
1164 1720 1394 1789 possein
1415 1723 1628 1788 negotio
1645 1732 1744 1772 suo
1769 1716 1911 1787 apud

331 1811 629 1868 Donatistas
657 1829 670 1864 :
697 1811 900 1866 dictum
924 1821 1007 1866 est
1028 1811 1124 1877 illi,
1154 1811 1270 1864 Non
1292 1809 1386 1865 tibi
1413 1809 1781 1873 subvenietur,
1804 1809 1904 1864 nisi

328 1903 413 1958 hic
437 1904 861 1959 communicaris.
894 1901 1064 1957 Flavit
1087 1912 1312 1967 ventus,
1347 1901 1570 1972 projecit
1608 1902 1662 1956 in
1697 1902 1902 1970 spinas.

325 1992 380 2047 Si
421 1992 691 2062 contingat
729 1992 801 2046 illi
843 1991 1114 2062 negotium
1152 1991 1353 2046 habere
1400 1991 1654 2046 saeculare
1699 2005 1906 2056 rursus,

325 2079 469 2150 quOd
497 2097 601 2136 non
627 2081 795 2152 possit
817 2080 953 2136 tlniri
982 2081 1081 2138 nisi
1109 2082 1160 2135 in
1190 2082 1426 2136 Ecclesia
1463 2081 1720 2136 catholica
1743 2121 1759 2147 ,
1801 2096 1908 2135 non

324 2171 605 2229 attendens
630 2173 716 2228 ubi
747 2173 837 2240 sit,
868 2173 962 2228 sed
990 2173 1079 2229 ubi
1105 2174 1314 2244 negotia
1338 2188 1430 2229 sua
1458 2173 1791 2228 commodius
1810 2189 1907 2228 es-

324 2262 506 2334 plicel,
529 2265 673 2334 quasi
697 2262 858 2320 llaute
885 2275 1045 2319 vento
1068 2263 1138 2318 ab
1165 2265 1331 2322 altera
1357 2271 1503 2333 parte
1539 2265 1704 2334 scpis,
1756 2279 1908 2320 revo-

323 2363 474 2408 catur
498 2354 564 2408 ad
585 2371 766 2411 aream
789 2356 1020 2412 Domini.

391 2441 619 2501 CAPUT
661 2445 819 2505 Vl.-—
840 2448 892 2503 6.
913 2448 1153 2502 Carnalia
1173 2457 1479 2519 querentes,
1501 2449 1603 2504 sive
1627 2449 1726 2502 sint
1751 2449 1906 2514 intra,

323 2535 424 2588 sive
448 2537 598 2606 foris,
621 2537 768 2606 palea
789 2545 928 2592 sunt.
956 2535 1116 2592 Palea
1135 2547 1295 2610 potest
1317 2539 1430 2608 ﬁeri
1467 2543 1792 2610 frumentum.
1820 2537 1910 2592 Isti

323 2613 472 2694 ergo,
507 2623 733 2693 fratres,
755 2627 845 2696 qui
872 2628 1105 2684 carnalia
1143 2637 1387 2698 quierunt
1437 2629 1489 2682 in
1538 2628 1776 2684 Ecclesia
1801 2670 1816 2694 ,
1855 2635 1912 2683 et

324 2729 430 2768 non
450 2713 549 2768 sibi
578 2723 885 2786 proponunt
927 2717 1050 2787 quid
1089 2719 1362 2788 promittat
1405 2719 1546 2774 Deus
1589 2736 1602 2771 :
1645 2720 1768 2790 quia
1822 2718 1909 2774 hic

326 2816 456 2866 sunt
485 2809 832 2877 tentatioues,
863 2811 1116 2880 pericula,
1146 2810 1518 2877 difﬁcultates;
1544 2821 1666 2883 post
1695 2822 1907 2880 tempo-

325 2898 463 2954 rales
482 2908 658 2954 autem
688 2897 922 2969 labores,
949 2901 1189 2971 requiem
1219 2903 1597 2972 sempiternam
1623 2902 1902 2972 promittit,

321 2988 722 3061 etAngelorum
758 3000 1063 3048 sanctorum
1097 2994 1404 3049 societatem
1449 3011 1462 3048 :
1513 2993 1732 3049 sibimet
1776 3009 1906 3064 ergo

323 3082 423 3137 ista
454 3097 558 3137 non
589 3091 986 3154 proponentes,
1026 3083 1121 3140 sed
1162 3087 1394 3142 carnalia
1438 3085 1806 3140 desiderantes
1851 3085 1905 3140 in

324 3173 581 3240 Ecclesia,
610 3173 722 3230 sive
750 3176 854 3230 sint
885 3176 938 3231 in
965 3191 1108 3242 area,
1141 3177 1253 3232 sive
1271 3177 1380 3231 sint
1402 3174 1554 3244 foris,
1587 3176 1738 3246 palea
1759 3185 1902 3232 sunt.

323 3264 430 3320 Nec
448 3264 515 3319 ad
537 3264 658 3319 illos
685 3265 839 3321 valde
859 3265 1174 3336 gaudemus,
1205 3282 1303 3323 nec
1325 3268 1599 3338 palpamus
1617 3282 1712 3323 eos
1750 3269 1904 3322 vanis

323 3355 736 3414 adulationibus.
775 3357 983 3413 Bonum
1019 3365 1104 3414 est
1132 3357 1236 3414 illis
1284 3367 1346 3414 ut
1383 3358 1512 3413 flant
1555 3357 1900 3414 frumentum.

326 3446 436 3502 lloc
455 3447 598 3502 enim
635 3447 858 3503 interest
899 3447 1038 3503 inter
1081 3449 1199 3504 illas
1228 3463 1385 3505 veras
1431 3448 1628 3519 paleas,
1672 3458 1727 3505 et
1773 3449 1906 3505 istos

321 3537 564 3594 carnales
588 3537 850 3606 homines,
878 3542 1000 3610 quia
1037 3539 1204 3610 paleae
1233 3539 1340 3594 illa:
1381 3555 1488 3595 non
1531 3539 1728 3595 habent
1772 3540 1905 3596 libe-

323 3644 440 3685 rum
463 3628 770 3697 arbitrium,
795 3629 995 3685 homini
1022 3641 1200 3687 autem
1235 3631 1376 3688 Deus
1395 3630 1540 3687 dedit
1569 3632 1792 3687 liberum
1817 3647 1906 3686 ar-

323 3719 568 3778 bitrium.
599 3719 737 3776 Etsi
764 3721 876 3776 vult
903 3721 1085 3789 homo,
1113 3721 1230 3778 beri
1268 3721 1366 3778 fuit
1405 3722 1590 3792 palea,
1635 3721 1792 3778 hodie
1843 3722 1904 3777 ﬁt

324 3813 647 3869 frumentum
676 3829 692 3866 :
719 3813 765 3869 si
792 3829 824 3869 a
854 3814 1019 3869 verbo
1048 3815 1142 3870 Dei
1171 3828 1232 3870 se
1258 3823 1484 3880 avertat,
1510 3813 1670 3870 hodie
1711 3813 1770 3868 fit
1809 3827 1903 3884 pa-

323 3904 422 3958 lea.
454 3903 520 3959 Et
544 3913 758 3960 nonest
781 3904 1158 3977 qumrendum,
1194 3905 1296 3964 nisi
1333 3905 1518 3976 quales
1555 3906 1788 3962 inveniat
1829 3905 1902 3961 ul-

327 3994 454 4050 tima
476 3995 768 4052 ventilatis.

390 4085 616 4144 CAPUT
656 4087 766 4143 VII.
787 4117 861 4131 —
893 4089 946 4143 7.
981 4087 1210 4144 Ecclesia
1233 4098 1344 4160 post
1363 4090 1772 4145 resurrectionem
1797 4107 1898 4145 non

319 4179 418 4234 nisi
445 4179 605 4234 bonos
619 4179 851 4235 habitura
877 4181 1211 4252 signiﬁcatur.
1237 4181 1509 4236 Attendite
1525 4181 1656 4252 jam,
1685 4179 1892 4247 fratres,

317 4269 478 4325 etiam
507 4270 653 4326 illam
681 4271 972 4327 Ecclesiae:
1002 4271 1230 4338 beatam,
1262 4273 1538 4344 mysticam
1557 4314 1572 4337 ,
1626 4287 1891 4343 magnam,

315 4373 476 4429 quam
515 4360 814 4430 signiﬁcant
861 4371 1074 4416 certum
1136 4347 1514 4432 quinquaginta
1556 4373 1662 4418 tres
1699 4363 1892 4433 pisces.

317 4446 416 4503 Ista
443 4450 585 4505 enim
615 4451 788 4520 qualis
807 4452 896 4516 sit,
925 4451 1242 4517 audivimus,
1265 4462 1320 4506 et
1353 4453 1596 4510 norimus
1618 4495 1632 4520 ,
1662 4462 1715 4508 et
1751 4454 1896 4508 vidc-

316 4554 474 4595 mus:
500 4540 588 4595 illa
613 4550 790 4594 autem
828 4540 1002 4610 qualis
1047 4540 1219 4596 futura
1246 4541 1335 4607 sit,
1359 4542 1409 4596 in
1439 4544 1712 4613 prOpbetia
1742 4543 1894 4600 nobis

314 4639 426 4698 est;
453 4630 550 4686 sed
590 4630 769 4686 adhuc
803 4632 1040 4686 nondum
1081 4632 1319 4702 pervenit
1355 4636 1738 4702 experimento.
1787 4635 1892 4691 Sed

315 4733 492 4780 tamen
518 4722 643 4779 licet
665 4722 733 4779 de
767 4721 940 4779 futura
988 4724 1241 4795 gaudere,
1291 4725 1532 4794 quamvis
1574 4737 1890 4795 prmsentem

311 4816 545 4875 ntmdum
571 4815 866 4873 videamus.
895 4815 1053 4871 Missa
1082 4825 1207 4872 sunt
1237 4824 1364 4872 tunc
1387 4817 1540 4884 retia,
1567 4831 1664 4871 nec
1687 4817 1740 4871 in
1765 4817 1893 4872 dex-

312 4920 504 4978 teram,
527 4926 625 4968 nec
650 4910 711 4967 in
727 4910 996 4967 sinistram
1018 4926 1034 4966 :
1060 4920 1277 4980 captura
1298 4911 1441 4966 enim
1468 4919 1620 4967 erant
1643 4920 1696 4966 et
1724 4911 1892 4967 bonos

309 5011 363 5055 et
383 5003 574 5058 malos.
603 5001 659 5058 Si
697 5003 840 5057 enim
880 5001 1167 5067 diceretur,
1212 5001 1269 5056 In
1309 5000 1619 5067 dexteram;
1660 5016 1765 5056 non
1820 5001 1891 5058 ibi

311 5093 732 5165 intelligerentur
755 5095 882 5150 mali
911 5111 926 5148 :
955 5095 1000 5150 si
1020 5095 1308 5159 diceretur,
1351 5091 1408 5147 ιιι
1451 5093 1753 5158 sinistram;
1783 5108 1890 5148 non

312 5182 384 5240 ibi
403 5184 824 5255 intelligerentur
846 5184 995 5240 boni.
1023 5183 1248 5252 Quando
1272 5192 1448 5238 autem
1476 5183 1644 5238 bonos
1681 5191 1738 5238 et
1775 5197 1889 5237 ma-

308 5275 394 5332 los
413 5276 659 5336 habitura
681 5287 854 5345 erant,
883 5277 1081 5347 passim
1103 5277 1262 5332 missa
1288 5283 1412 5331 sunt
1434 5276 1564 5330 retia
1584 5317 1600 5342 ,
1634 5283 1688 5330 et
1726 5291 1887 5346 cepe-

309 5375 432 5422 runt
454 5408 470 5432 ,
510 5376 572 5423 ut
617 5369 963 5421 tractavimus
977 5405 994 5432 ,
1016 5366 1225 5436 iniquos
1249 5373 1305 5421 et
1324 5364 1514 5435 justus.
1536 5365 1688 5420 Nunc
1710 5374 1886 5422 autem

305 5456 414 5525 jam
445 5458 618 5514 futura
643 5459 882 5515 Ecclesia
909 5459 964 5513 in
992 5459 1081 5514 illa
1102 5457 1398 5513 Jerusalem
1425 5467 1607 5512 sancta
1628 5502 1642 5522 ,
1671 5457 1757 5512 ubi
1792 5474 1886 5528 pa-

309 5549 494 5605 tebunt
519 5553 754 5608 omnium
776 5551 935 5608 corda
963 5551 1289 5618 mortalium,
1313 5567 1418 5606 non
1437 5561 1521 5607 est
1541 5552 1884 5607 metuendum

310 5641 566 5698 nelntret
592 5643 782 5715 aliquis
807 5646 859 5700 in
898 5645 1038 5700 illam
1077 5644 1371 5701 Ecclesiam
1418 5645 1507 5717 qui
1558 5647 1731 5702 malus
1782 5657 1882 5701 est.

311 5731 429 5796 Non
457 5735 596 5797 enim
627 5737 722 5793 sub
743 5737 879 5809 pelle
907 5736 1242 5797 mortalitatis
1263 5744 1404 5808 teget
1433 5737 1678 5794 astutiam
1709 5737 1884 5794 cordis

2027 520 2468 575 resurrectionem
2495 521 2647 591 jubet
2673 532 2732 576 ut
2773 524 3052 578 mittantur
3076 524 3189 578 hinc
3215 525 3350 580 retia
3388 524 3439 578 in
3482 525 3611 578 des-

2025 619 2217 677 teram,
2243 612 2354 681 jam
2380 629 2486 668 non
2509 617 2815 670 moriturus.
2847 618 2913 671 Et
2941 618 2998 670 fit
3024 616 3164 687 quod
3199 616 3488 686 Apostolus
3507 617 3603 682 ait,

2025 701 2137 766 Quo
2159 718 2314 774 usque
2332 705 2494 758 veniat
2523 703 2770 760 Dominus
2784 750 2796 770 ,
2824 719 2870 762 ct
2893 709 3144 763 illuminet
3161 709 3455 763 abscondita
3475 719 3610 764 teuc-

2023 792 2245 858 brarurn,
2264 803 2311 846 et
2337 797 2676 868 nranifcstabit
2703 800 3030 870 cogitationes
3047 799 3215 853 cordis
3243 817 3264 852 :
3291 809 3340 853 et
3361 809 3479 852 tunc
3497 801 3611 853 laus

2021 885 2114 937 crit
2137 886 2402 952 unicuique
2423 903 2457 940 a
2485 887 2593 942 Deo
2613 904 2634 944 :
2659 891 2871 960 quando
2891 891 3300 961 publicabuntur
3325 891 3605 946 conscieno

2021 974 2130 1042 tiae,
2161 991 2280 1045 quin
2309 977 2468 1033 modo
2511 988 2777 1050 teguntur.
2801 981 2948 1036 Tunc
2981 997 3111 1052 ergo
3154 983 3275 1037 boni
3305 983 3405 1037 soli
3453 992 3609 1037 erunt

2018 1064 2112 1132 ibi,
2153 1067 2421 1138 pcllentur
2452 1071 2598 1124 mali.
2649 1072 2728 1126 Ad
2767 1072 3043 1128 dexteram
3089 1073 3231 1128 enim
3282 1075 3445 1128 missa
3485 1084 3608 1128 sunt

2017 1157 2172 1224 retia,
2204 1158 2409 1228 iniquos
2439 1163 2637 1217 habere
2665 1179 2769 1218 nou
2799 1172 3066 1234 poterunt.

2086 1247 2311 1304 CAPUT
2329 1250 2464 1306 Vill.
2482 1281 2553 1291 —--
2581 1253 2632 1307 8.
2665 1254 2877 1308 Centum
2909 1256 3272 1326 quinquaginta
3301 1265 3403 1309 tres
3445 1255 3603 1324 pisces

2013 1339 2138 1409 quid
2176 1341 2477 1410 signiﬁcent.
2531 1341 2708 1410 Quare
2757 1359 2884 1414 ergo
2949 1353 3162 1400 centum
3223 1346 3601 1416 quinquaginta

2016 1429 2162 1484 tres?
2198 1429 2462 1500 Numquid
2490 1441 2566 1486 tot
2587 1442 2745 1488 erunt
2764 1435 2929 1489 sancti
2947 1434 3115 1488 ?Nam
3137 1434 3181 1488 si
3201 1444 3600 1504 computentur,

2013 1535 2120 1576 non
2150 1522 2320 1577 solum
2351 1539 2540 1580 omnes
2567 1525 2751 1582 fideles
2772 1568 2785 1590 ,
2816 1529 2906 1598 qui
2953 1529 3004 1583 in
3030 1529 3166 1583 bona
3208 1529 3316 1584 vita
3362 1530 3606 1586 exierunt

2011 1611 2080 1667 de
2099 1626 2344 1682 corpore,
2377 1613 2470 1668 sed
2512 1616 2610 1670 soli
2651 1626 2948 1688 martyres;
2996 1634 3130 1673 unus
3167 1619 3284 1674 dies
3339 1621 3606 1690 passionis

2012 1713 2304 1775 martyrum
2327 1705 2369 1761 si
2398 1715 2756 1776 computetur,
2786 1710 2948 1763 millia
2997 1711 3270 1766 hominum
3317 1712 3600 1768 invenitur-

2012 1802 2098 1848 tur
2140 1804 2533 1852 coronatorum.
2591 1797 2733 1870 Ergo
2769 1808 2982 1854 centum
3041 1802 3424 1873 quinquaginta
3491 1813 3602 1858 tres

2011 1885 2208 1954 pisces,
2235 1886 2360 1956 quid
2383 1887 2482 1942 sibi
2506 1889 2706 1956 volunt,
2733 1890 2848 1946 sine
2868 1890 3030 1946 dubio
3047 1893 3469 1963 conquirendum
3491 1905 3598 1949 est.

2010 1975 2148 2044 Quid
2176 1978 2276 2032 sibi
2306 1979 2490 2034 volunt
2513 1981 2930 2052 quinquaginta?
2961 1983 3018 2039 ln
3040 1984 3143 2038 isto
3168 1984 3312 2040 enim
3336 1963 3596 2053 numero:

2013 2066 2064 2122 id
2091 2077 2195 2134 est,
2225 2069 2276 2124 in
2307 2070 2687 2143 quinquaginta
2720 2057 3303 2146 mysterium'cstzquia
3332 2087 3412 2132 ter
3429 2078 3606 2133 multi—

2010 2156 2186 2227 plicati
2208 2159 2604 2230 quinquaginta,
2637 2162 2768 2219 fiunt
2795 2173 3006 2220 centum
3036 2167 3439 2238 quinquaginta.
3463 2168 3599 2224 Nam

2013 2247 2133 2304 ideo
2158 2250 2367 2307 videtur
2389 2251 2601 2309 additus
2629 2256 2890 2310 ternarias
2915 2272 3188 2324 numerus,
3215 2267 3274 2313 ut
3303 2259 3599 2314 admonea-

2011 2357 2131 2396 mur
2150 2357 2218 2398 es
2257 2359 2360 2415 qua
2386 2345 2825 2415 multiplicatione
2869 2346 2989 2402 facti
3035 2349 3144 2404 sint
3183 2359 3401 2404 centum
3441 2351 3598 2420 quin-

2010 2436 2257 2506 quaginta
2283 2446 2390 2493 tres
2417 2455 2429 2491 :
2455 2453 2518 2498 ac
2545 2439 2589 2494 si
2615 2439 2915 2507 diceretur,
2943 2441 3169 2496 Centum
3219 2443 3598 2513 quinquaginta

2010 2527 2064 2582 in
2093 2529 2192 2582 tria
2227 2529 2422 2586 divide.
2453 2530 2587 2586 Nam
2633 2533 2676 2588 si
2719 2532 3009 2600 diceretur,
3055 2533 3286 2590 Centum
3335 2537 3598 2607 quinqua-

2008 2617 2155 2688 ginta
2180 2618 2386 2687 duo,ex
2415 2620 2506 2676 illo
2537 2638 2760 2680 numero
2785 2625 2872 2694 qui
2920 2626 3250 2696 supercrevit
3296 2627 3556 2682 admoniti
3580 2671 3597 2694 ,

2010 2711 2369 2769 divideremus
2405 2713 2457 2768 iu
2498 2716 2826 2786 septuaginta
2883 2718 3118 2788 quinque
3157 2736 3169 2771 :
3207 2719 3460 2788 quoniam
3509 2735 3600 2776 se-

2010 2807 2283 2877 ptuaginta
2308 2809 2539 2878 quinque
2561 2808 2646 2864 bis
2671 2808 2839 2876 ducti,
2871 2810 3293 2866 faciunteentmn
3319 2813 3593 2882 quinqua-

2008 2897 2173 2966 ginta.
2210 2897 2531 2954 Divisiouem
2553 2900 2750 2969 quippe
2775 2899 3032 2956 biuariam
3053 2902 3292 2957 biuarius
3335 2918 3598 2958 numerus

2007 2989 2217 3045 additus
2243 2988 2520 3046 indicaret.
2545 2989 2602 3047 Si
2635 2991 2923 3065 diceretur,
2950 2992 3176 3048 Centum
3215 2995 3600 3064 quinquaginta

2007 3093 2124 3148 sex,
2158 3080 2208 3134 iu
2236 3081 2454 3150 vigenos
2495 3081 2685 3152 quinos
2724 3084 2907 3152 partiri
2950 3083 3253 3152 debuimus,
3293 3093 3353 3139 ut
3405 3086 3602 3140 tierent

2003 3186 2194 3227 eorum
2217 3188 2313 3228 sex
2341 3183 2536 3243 partes.
2565 3174 2716 3232 Nunc
2735 3184 2910 3231 autem
2941 3177 3062 3248 quia
3087 3176 3291 3232 dictum
3320 3188 3420 3244 cst,
3445 3178 3596 3234 Cen-

2009 3269 2118 3318 tum
2141 3262 2522 3334 quinquaginta
2549 3274 2676 3331 tres,
2708 3265 2761 3320 in
2793 3275 2902 3321 tres
2939 3278 3118 3336 partes
3153 3267 3414 3324 debemus
3453 3269 3597 3325 diri-

2007 3351 2134 3408 derc
2165 3361 2330 3408 totum
2354 3354 2500 3409 illum
2532 3370 2833 3422 numerum,
2866 3356 2918 3410 id
2945 3368 3047 3422 est,
3072 3367 3287 3413 centum
3330 3361 3600 3431 quinqua-

2004 3445 2169 3516 ginta.
2200 3445 2369 3515 Hujus
2404 3462 2534 3518 ergo
2573 3449 2784 3504 numeri
2825 3464 2946 3518 pars
2979 3451 3166 3516 tertia,
3207 3453 3596 3523 quinquaginta

2004 3547 2148 3592 sunt.
2175 3537 2356 3609 itaque
2375 3550 2558 3594 nostra
2605 3551 2714 3596 tota
2751 3542 3110 3599 consideratio
3148 3544 3203 3599 in
3251 3546 3593 3616 quinquage-

2004 3631 2156 3686 naria
2182 3646 2405 3688 numero
2429 3631 2634 3704 figenda
2660 3643 2765 3690 est.

2075 3722 2298 3779 CAPUT
2338 3722 2429 3778 IX.
2454 3723 2586 3780 —-9.
2617 3725 2995 3798 Quinquaginta
3013 3728 3140 3792 dies,
3161 3737 3208 3782 et
3225 3728 3446 3782 Alleluia
3476 3741 3595 3798 post

2005 3811 2209 3868 Pascha
2233 3814 2455 3884 antiqua
2488 3815 2792 3870 traditionis.
2836 3816 3103 3888 Numquid
3140 3817 3279 3874 forte
3320 3820 3420 3888 ipsi
3463 3832 3596 3874 sunt

2003 3901 2381 3973 quinquaginta
2407 3903 2494 3959 isti
2522 3903 2671 3970 dies,
2695 3920 2828 3975 quos
2873 3922 3016 3961 nunc
3052 3908 3427 3963 celebramus?
3469 3909 3592 3965 Non

2007 3992 2150 4047 enim
2179 3993 2296 4049 sine
2318 4008 2502 4061 causa,
2525 3993 2718 4050 fratres
2738 3996 2860 4061 mei,
2892 3997 3331 4054 consuetudinem
3353 4001 3592 4070 antiqua:

2001 4082 2300 4138 traditionis
2328 4092 2470 4140 tenet
2508 4083 2771 4151 Ecclesia,
2815 4095 2869 4140 ut
2897 4102 2993 4156 per
3034 4087 3166 4142 istos
3205 4089 3591 4158 quinquaginta

1999 4174 2116 4232 dies
2135 4175 2360 4231 Alleluia
2381 4175 2608 4232 dicatur.
2636 4177 2862 4232 Alleluia
2891 4180 3036 4233 enim
3065 4179 3180 4233 laus
3211 4189 3295 4234 est
3333 4180 3450 4235 Dei.
3500 4181 3592 4236 Si-

1996 4273 2278 4342 gniﬁcatur
2301 4288 2430 4343 ergo
2451 4272 2605 4328 nobis
2621 4273 2984 4328 laborantibus
2999 4274 3137 4328 actio
3152 4273 3345 4344 quietis
3359 4284 3584 4329 nostra.

1994 4362 2128 4420 Cum
2149 4365 2291 4419 enim
2323 4373 2448 4434 post
2461 4364 2618 4420 istum
2657 4365 2892 4420 laborem
2924 4365 2991 4419 ad
3022 4365 3162 4420 illam
3200 4366 3438 4436 requiem
3489 4381 3587 4421 ves

1996 4456 2226 4521 niemus,
2253 4455 2432 4511 solum
2459 4457 2725 4526 negotium
2757 4456 2872 4510 laus
2909 4457 3003 4512 Dei
3035 4458 3166 4523 erit,
3217 4458 3358 4513 actio
3399 4467 3579 4512 nostra

1995 4546 2067 4601 ibi
2096 4547 2320 4602 Alleluia
2351 4554 2452 4601 est.
2501 4546 2638 4614 Quid
2692 4555 2776 4601 est
2821 4547 3076 4602 Alleluia?
3113 4546 3349 4602 Laudate
3390 4548 3580 4604 Deum.

1993 4637 2124 4705 Quis
2145 4637 2320 4692 laudet
2351 4637 2515 4691 Deum
2543 4636 2660 4692 sine
2687 4635 2918 4703 defectu,
2939 4638 3040 4692 nisi
3069 4637 3253 4708 Angeli
3272 4638 3299 4690 ?
3320 4639 3438 4694 Non
3459 4654 3584 4694 esu-

1995 4729 2155 4793 riunt,
2185 4743 2287 4781 non
2309 4727 2514 4790 sitiunt,
2539 4742 2642 4782 non
2665 4735 2942 4797 aegrotant,
2967 4743 3072 4783 non
3099 4730 3420 4785 moriuntur.
3446 4729 3580 4785 Nam

1993 4827 2048 4875 et
2074 4833 2171 4873 nos
2189 4818 2420 4876 diximus
2444 4817 2690 4884 Alleluia,
2719 4828 2772 4874 et
2798 4829 3065 4873 cantautm
3092 4828 3174 4874 est
3199 4835 3358 4876 mane
3387 4821 3488 4887 hic,
3524 4832 3582 4877 et

1993 4923 2114 4964 cum
2143 4909 2254 4978 jam
2278 4908 2624 4975 adessemus,
2677 4910 2839 4978 paulo
2875 4919 2999 4964 ante
3050 4910 3282 4966 diximus
3327 4911 3582 4967 Alleluia.

1992 5002 2138 5058 Odor
2161 5016 2260 5058 nos
2280 5001 2497 5072 quidam
2518 5001 2711 5056 divinae
2742 5001 2912 5056 laudis
2931 5041 2949 5068 ,
2977 5010 3033 5058 et
3075 5003 3216 5058 illius
3254 5007 3452 5075 quietis
3493 5017 3581 5060 at-

1993 5093 2166 5163 tingit,
2191 5092 2285 5148 sed
2309 5109 2377 5148 ex
2409 5093 2612 5163 majore
2641 5102 2792 5163 parte
2815 5093 3110 5149 mortalitas
3139 5098 3355 5166 premit.
3389 5097 3584 5152 Lassa-

1993 5200 2114 5241 mnr
2133 5185 2278 5240 enim
2305 5184 2553 5250 dicendo,
2580 5191 2637 5239 et
2662 5185 2899 5239 membra
2941 5194 3121 5242 nostra
3167 5187 3393 5242 reficere
3431 5188 3584 5241 volu-

1992 5289 2162 5332 mus:
2235 5285 2290 5330 et
2353 5275 2398 5330 si
2449 5272 2540 5330 diu
2585 5274 2793 5329 dicatur
2836 5275 3096 5342 Alleluia,
3141 5289 3367 5332 onerosa
3425 5277 3585 5333 nubis

1990 5377 2074 5424 est
2113 5367 2226 5422 laus
2275 5367 2387 5430 Dei,
2435 5375 2654 5438 propter
2688 5366 2882 5422 molem
2925 5367 3166 5437 corporis
3202 5367 3390 5421 nostri.
3443 5367 3584 5422 Nam

1991 5459 2266 5529 plenitudo
2289 5458 2406 5513 sine
2430 5459 2727 5512 cessatione
2745 5457 2797 5510 in
2826 5457 3051 5513 Alleluia
3076 5499 3091 5523 ,
3133 5468 3252 5527 post
3278 5457 3379 5513 hoc
3401 5473 3583 5512 εει-(ξιι-

1988 5550 2098 5605 lum
2125 5560 2178 5606 et
2205 5559 2324 5621 post
2344 5549 2580 5605 laborem
2610 5549 2728 5604 erit.
2767 5547 2903 5617 Quid
2931 5563 3060 5619 ergo
3078 5589 3094 5610 ,
3133 5549 3367 5604 fratres?
3422 5549 3581 5604 Dica-

1991 5657 2108 5697 mus
2131 5650 2381 5711 quantum
2409 5649 2799 5712 possumus,-ut
2814 5655 3028 5709 semper
3043 5640 3221 5696 dicere
3252 5654 3576 5695 mereamur.

1993 5733 2066 5789 lbi
2097 5734 2245 5788 cibus
2273 5743 2448 5790 uoster
2479 5733 2724 5802 Alleluia,
2758 5741 2910 5802 potus
2938 5729 3160 5787 Alleluia
3180 5773 3196 5800 ,
3225 5732 3365 5788 actio
3397 5731 3576 5802 equie-
