1963 3094
126 181 193 209 1177

124 241 157 266 lis
171 239 293 272 Alleluia,
308 242 390 265 totum
401 237 524 272 gaudium
535 237 585 264 erit
596 237 718 270 Alleluia,
733 236 758 264 id
782 241 822 264 est
834 259 841 271 ,
858 238 916 264 laus

124 285 181 312 Dei.
200 284 263 318 Quis
278 283 349 311 enim
364 283 454 310 laudat
465 282 563 317 aliquid
577 283 634 310 sine
654 282 773 315 defectu,
799 283 848 310 nisi
871 284 915 318 qui

124 331 220 358 fruitur
242 330 299 357 sine
322 329 447 356 fastidio?
469 329 601 363 Quantum
623 336 686 364 ergo
713 330 763 356 erit
787 329 867 356 rebnr
889 330 914 356 in

123 382 224 409 meme,
240 380 336 411 quanta
348 376 530 402 immortalitas
545 380 572 403 et
583 375 694 402 ﬁrmitas
709 375 735 402 in
749 382 871 410 corpore,
887 379 915 402 ut

123 429 211 457 neque
239 422 337 449 mentis
360 421 465 448 deﬁciat
491 421 603 448 intentio
631 421 657 450 in
690 421 914 455 contemplatione

123 468 181 499 Dei,
211 475 297 501 neque
322 466 439 493 membra
465 465 638 492 succumbant
663 464 688 491 in
716 465 915 492 continuatione

122 513 209 540 laudis
223 512 290 539 Dei?

155 557 270 585 CAPUT
292 556 325 583 Χ.
348 571 382 576 -
405 556 448 583 l0.
466 555 914 590 Quinquagrnariietqnadragenarii

120 603 220 630 iuniperi
233 601 387 637 mysterium.
402 601 623 636 Quodragenariua
637 608 755 627 numerus
764 621 771 633 ,
790 601 837 627 hoc
851 607 913 627 tem-

120 656 168 683 pus
180 647 316 682 signiﬁcat.
338 646 426 680 Quare
445 653 508 680 ergo
525 645 715 680 quinquaginta
737 645 794 673 dies
813 645 839 672 in
862 645 913 673 huc

118 693 248 728 mysterio
266 692 454 720 celebrantur?
470 692 598 718 Dominus
616 691 789 727 quadraginta
802 691 859 719 dies
872 692 911 720 l'e-

118 740 154 766 cit
173 746 233 766 cum
253 737 388 772 discipulis
402 742 461 772 post
480 737 719 769 resurrectionem,
742 737 811 764 sicut
831 737 913 764 Actus

118 784 304 820 Apostolorum
319 787 447 810 testantur
461 791 467 808 ε
494 786 554 817 post
565 782 736 817 quadraginta
751 781 808 809 dies
820 789 913 809 ascen~

116 830 154 857 dit
171 830 197 856 in
217 829 329 861 cadum,
344 833 370 856 et
380 827 484 856 decimo
505 827 548 855 die
567 832 656 862 postea
672 835 750 861 quam
770 827 909 859 ascendit,

118 876 189 902 misit
211 875 337 910 Spiritum
369 878 500 901 sanctum.
523 873 581 907 Quo
603 873 701 907 impleti
726 873 861 909 Apostoli,
885 878 912 900 et

117 929 211 948 omnes
224 921 267 956 qui
282 924 461 948 convenerant
475 919 501 947 in
515 927 596 946 unum
605 940 612 951 ,
627 919 706 946 locuti
719 923 782 946 sunt
794 918 891 954 linguis
901 939 908 951 ,

116 971 141 993 et
165 966 282 994 fecerunt
294 966 338 993 illa
358 965 503 1000 magnalia,
517 972 575 999 qua:
597 964 715 999 legentes
729 968 756 991 et
771 964 911 991 credentes

119 1012 313 1045 amplectimur,
330 1018 388 1037 cum
412 1018 504 1045 magna
531 1009 625 1036 ﬁducia
648 1009 786 1043 loquentes
799 1009 909 1036 verbum

118 1058 162 1084 Dei
179 1057 246 1091 (Aet.
261 1065 269 1084 ι
284 1062 307 1084 et
321 1057 362 1090 ιι).
373 1056 550 1092 Quadraginta
565 1056 623 1083 dies
642 1055 705 1083 fecit
719 1056 745 1082 in
760 1060 828 1082 terra
848 1064 910 1083 cum

115 1102 263 1137 discipulis,
279 1107 340 1130 ante
353 1104 503 1137 passionem
514 1106 601 1129 autem
613 1101 785 1136 quadraginta
797 1101 855 1128 dies
866 1101 909 1135 je-

113 1148 217 1182 junavit
232 1147 338 1183 (Matth.
355 1156 396 1180 tv,
411 1147 440 1182 2)
456 1157 461 1174 :
478 1155 530 1174 non
553 1147 657 1174 invenis
668 1147 756 1173 ‘alitun
776 1146 910 1181 jejunasse

114 1193 288 1229 quadraginta
312 1193 421 1224 diebus,
449 1196 544 1227 pra-ter
568 1192 728 1224 Dominum,
753 1196 780 1218 et
802 1191 909 1225 Moysen

116 1238 212 1272 (Exod.
226 1246 324 1270 xxxiv,
339 1237 397 1273 ‘28),
413 1242 439 1265 et
454 1238 537 1264 Eliam
552 1237 596 1273 (lll
614 1237 677 1272 Reg.
691 1245 751 1268 xtx,
766 1235 804 1272 8).
819 1236 908 1263 Domi-

116 1292 165 1312 nus
190 1289 316 1320 tauquam
343 1283 529 1319 Evangelium,
555 1283 659 1319 Moyses
683 1287 806 1318 tanquam
836 1282 907 1315 Lex.

116 1331 188 1359 Elias
202 1336 325 1366 tanquam
350 1329 492 1366 Prophetia
508 1339 514 1357 ε
530 1330 589 1365 quia
605 1330 774 1364 Evangelium
789 1330 908 1357 testimo-

117 1377 189 1404 nium
204 1377 283 1404 habet
301 1385 315 1403 ιι
332 1377 402 1411 Lege
415 1381 443 1404 et
456 1375 595 1411 Prophetis
609 1374 700 1411 (Rom.
716 1383 760 1407 ιιι,
773 1375 829 1409 21).
848 1374 909 1401 ldce

115 1429 139 1450 et
155 1424 182 1450 in
198 1428 296 1455 monte,
309 1422 414 1458 quando
426 1422 510 1449 voluit
525 1420 666 1448 ostendere
679 1420 806 1448 Dominus
817 1424 908 1447 noster

113 1468 192 1495 Jesns
204 1468 314 1503 gloriam
339 1475 430 1498 suam.
459 1468 528 1494 inter
547 1466 656 1501 Moysen
679 1470 707 1492 ct
727 1465 810 1492 Eliam
834 1465 910 1492 stetit

113 1512 220 1547 (Matth.
236 1521 286 1539 xvn
301 1534 307 1546 ,
323 1512 340 1539 2
351 1533 357 1544 ,
372 1512 412 1547 5).
425 1511 525 1539 Medius
540 1511 565 1538 in
581 1510 681 1537 honore
700 1510 757 1544 ipse
770 1509 885 1544 fulgebat
899 1518 906 1536 :

113 1558 166 1585 Lex
187 1563 214 1585 et
236 1558 374 1593 Prophene
396 1565 411 1583 ι
436 1556 561 1584 lateribus
575 1555 775 1583 attestabantur.
790 1553 908 1587 Quadra-

112 1603 237 1639 genarius
247 1610 311 1637 ergo
325 1608 449 1628 numerus
464 1605 566 1635 tempus
580 1600 631 1627 hoc
644 1599 774 1634 signiﬁcat
783 1620 790 1631 ,
811 1599 838 1626 in
850 1607 903 1633 quo

111 1650 265 1677 laboramus
279 1648 304 1675 in
315 1648 412 1675 smculo
424 1656 430 1674 :
446 1647 506 1681 quia
521 1645 648 1681 sapientia
662 1644 738 1672 nobis
748 1644 792 1671 hic
800 1644 908 1679 dispen-

111 1699 184 1721 satur
193 1693 383 1727 temporaliter.
396 1692 480 1719 Aliter
489 1692 560 1718 enim
572 1690 638 1717 visio
649 1690 785 1724 sapientia:
797 1690 906 1716 immor-

113 1740 174 1767 talis
187 1739 245 1766 sine
260 1742 380 1773 tempore
390 1758 397 1770 ,
412 1737 489 1764 aliter
504 1741 592 1764 autem
606 1736 788 1771 temporaliter
801 1735 908 1770 dispen-

110 1791 194 1813 satur.
211 1785 327 1812 Fucrunt
337 1784 408 1811 enim
423 1782 582 1811 Patriarcha:
593 1803 599 1815 ,
614 1786 640 1809 et
654 1782 816 1809 transierunt
828 1781 905 1809 hinc:

113 1830 266 1866 temporalis
288 1830 334 1857 fuit
358 1830 520 1864 dispensatio
535 1829 663 1863 ipsorum.
677 1827 734 1864 Non
749 1827 822 1859 dico,
841 1831 908 1853 tem-

111 1877 242 1912 poralitcr
262 1875 367 1907 vivunt;
389 1882 449 1901 nam
473 1881 581 1908 semper
595 1873 699 1904 vivunt,
723 1877 750 1899 et
771 1879 830 1898 cum
852 1872 907 1898 Deo

111 1922 212 1948 vivunt.
226 1920 279 1948 Sed
295 1920 445 1954 temporalis
459 1918 623 1953 dispensatio
635 1917 707 1945 verbi
723 1925 771 1951 per
780 1924 827 1944 cos
838 1916 906 1943 facta

110 1971 160 1994 est.
174 1965 233 1993 Non
248 1966 317 1993 enim
333 1965 413 1992 modo
427 1965 569 1999 loquuntur
591 1963 649 1995 hic;
671 1963 719 1990 sed
735 1963 829 1997 scripta
845 1967 907 1989 sunt

112 2020 170 2047 quae
184 2011 264 2039 locuti
284 2016 344 2038 sunt
357 2032 364 2044 ,
386 2016 413 2038 et
437 2011 558 2046 leguntur
580 2010 605 2037 in
627 2014 754 2044 tempore.
771 2008 906 2036 Venerunt

112 2058 250 2092 Propheta:
265 2062 384 2091 tempore
399 2056 523 2091 proprio,
537 2060 563 2083 et
577 2055 708 2082 abierunt.
724 2054 802 2082 Venit
817 2055 905 2081 Domi-

112 2111 160 2130 nus
174 2108 293 2137 tempore
307 2103 414 2137 proprio
427 2111 433 2129 :
447 2110 507 2129 nam
523 2108 655 2136 nunquam
670 2101 779 2128 recessit
787 2108 905 2136 prmsen-

111 2150 144 2176 tia
169 2148 333 2183 maiestatis,
358 2155 492 2182 nunquam
518 2146 618 2174 recedit
644 2146 780 2173 divinitate
807 2146 904 2180 ubique

109 2194 288 2225 constitutus;
311 2193 357 2220 sed
373 2192 507 2228 quomodo
521 2192 546 2219 in
568 2191 711 2226 Evangelio
724 2190 823 2218 dictum
845 2195 902 2223 est,

111 2243 141 2269 In
162 2243 209 2269 hoc
228 2242 323 2269 mundo
337 2246 389 2269 erat
401 2262 407 2273 ,
422 2244 445 2267 et
465 2241 574 2267 mundus
593 2248 637 2275 per
650 2248 707 2266 eum
719 2240 800 2274 factus
812 2243 864 2271 est,
879 2244 903 2266 et

110 2288 219 2315 nmndus
233 2296 289 2315 etim
300 2296 350 2315 non
366 2287 501 2322 cognovit:
515 2286 540 2313 in
554 2294 600 2313 tua
615 2286 717 2321 propria
727 2286 792 2313 venit
802 2307 809 2317 ,
825 2290 848 2312 ει
864 2286 903 2312 uti

109 2343 165 2361 eum
186 2343 235 2361 non
256 2339 401 2369 receperunt
422 2332 510 2367 (Joan.
526 2341 549 2364 ι.
566 2332 616 2365 10,
634 2331 688 2368 ll).
704 2332 843 2365 Quomodo
860 2332 902 2359 hic

108 2385 165 2407 erat
176 2400 183 2411 ,
196 2384 224 2407 et
233 2379 366 2414 quomodo
381 2379 467 2410 venit,
485 2378 536 2405 nisi
547 2378 606 2412 quia
620 2377 663 2405 hic
675 2381 732 2404 erat
746 2377 900 2412 majestate,

109 2425 182 2452 venit
196 2424 374 2452 humanitate?
385 2424 460 2458 Quod
472 2423 541 2450 enim
555 2423 626 2450 venit
636 2422 661 2449 in
677 2430 756 2449 carne
768 2441 778 2455 ,-
799 2427 902 2456 tempo-

110 2470 201 2497 raliter
217 2470 292 2497 nobis
307 2469 463 2504 sapientiam
486 2469 542 2503 ipse
557 2468 733 2495 ministravit:
749 2468 901 2503 temporali-

109 2520 151 2542 ter
163 2522 210 2550 per
224 2514 320 2549 Legem
329 2536 336 2547 ,
351 2514 532 2548 temporaliter
552 2521 598 2548 per
616 2513 763 2548 Prophetas
775 2534 782 2547 ,
797 2518 901 2548 tempo-

109 2560 201 2587 raliter
225 2568 272 2595 per
294 2560 445 2595 Scriptores
473 2559 618 2594 Evangelii.
653 2559 718 2586 Cum
751 2559 903 2587 transierint

108 2606 180 2633 enim
194 2611 327 2641 tempora,
343 2606 491 2633 videbimus
507 2606 589 2640 ipsam
601 2605 756 2640 sapientiam
771 2606 839 2632 sicut
850 2610 900 2639 est,

107 2660 169 2688 qua:
181 2652 304 2680 retribuit
317 2652 456 2680 denarium
469 2659 621 2693 numerum.
643 2651 814 2686 Septenarius
831 2652 901 2679 enim

108 2705 237 2726 numerus
251 2698 348 2725 indicat
368 2703 515 2726 creaturam
541 2706 548 2725 :
568 2697 628 2731 quia
652 2704 698 2724 sex
718 2697 811 2724 diebus
833 2698 901 2725 Deus

108 2747 236 2779 operatus
246 2747 301 2774 est.
315 2747 342 2770 ct
359 2743 473 2777 septimo
487 2743 520 2770 ab
539 2742 663 2776 operibus
676 2742 785 2777 quievit.
802 2742 903 2769 Terna-

108 2791 166 2816 rius
178 2796 242 2816 vero
264 2796 389 2816 numerus
408 2788 572 2816 conditorem
596 2788 700 2815 l‘atrem
715 2792 741 2815 et
756 2788 850 2814 Filium
875 2793 902 2815 et

107 2834 235 2869 Spiritum
261 2839 379 2862 sanctum
402 2834 527 2861 insinuat.
552 2833 670 2862 Perfecta
693 2838 734 2861 est
755 2834 900 2869 sapientia,

109 2885 258 2906 creaturam
272 2878 386 2907 creatori
400 2879 441 2914 pie
463 2878 591 2912 subdere;
614 2879 763 2907 discernere
779 2879 898 2907 condito-

826 181 941 210 SERMO
959 182 1056 211 CCLII.

1696 193 1761 220 “78

969 245 1026 265 rem
1039 246 1053 265 a
1067 239 1231 273 conditione,
1246 241 1375 270 artiﬁcem
1390 242 1424 270 ab
1434 244 1570 278 operibus.
1585 246 1634 279 Qui
1649 251 1761 276 COllIlltl-

969 287 1024 309 seet
1039 283 1133 311 artiﬁci
1146 292 1237 319 opera,
1252 294 1300 313 nec
1310 291 1394 315 artem
1410 288 1541 324 intelligit,
1554 299 1602 318 nec
1612 292 1740 320 artiﬁcem
1754 304 1760 320 :

968 329 1012 362 qui
1039 334 1127 356 autem
1161 331 1304 365 diSCernit,
1330 333 1454 368 impletur
1478 336 1617 370 sapientia.
1641 338 1692 366 lstc
1720 345 1760 367 est

967 381 1030 408 ergo
1040 374 1185 408 denarius,
1201 377 1336 411 plenitudo
1350 380 1495 413 sapientiae.
1510 381 1561 408 Sed
1574 384 1679 418 quando
1693 389 1760 411 tem-

969 419 1093 452 poraliter
1104 420 1286 454 distribuitur;
1301 424 1362 457 quia
1376 424 1401 451 in
1417 428 1585 459 quaternario
1596 436 1708 456 nutriere
1720 435 1757 457 est

967 463 1069 498 insigne
1084 466 1285 500 temporalium.
1307 474 1401 503 quater
1422 470 1517 499 ductus
1537 472 1679 507 denarius,
1696 483 1757 509 qna-

965 509 1149 544 dragenarium
1163 521 1302 541 numerum
1318 515 1388 542 facit.
1403 516 1435 543 Et
1445 525 1530 545 annus
1543 520 1705 553 qnadril‘arie
1715 530 1758 548 va<

966 555 1057 588 riatnr,
1073 564 1171 589 verno,
1188 564 1289 591 :estate,
1305 567 1431 589 autumno
1444 568 1471 590 et
1484 564 1570 592 hieme
1583 575 1589 592 :
1604 571 1631 593 et
1643 568 1758 595 maxime

965 605 1075 634 apparet
1088 601 1113 628 in
1130 606 1248 637 tempore
1269 608 1435 640 qnatcrnaria
1450 610 1569 643 qumdam
1594 612 1756 641 vicissitudo.

964 645 1083 678 Quatuor
1105 648 1185 675 etiam
1209 655 1302 677 ventos
1325 652 1459 687 Scriptura
1482 663 1682 685 commemorat.
1708 660 1758 687 Per

964 696 1077 725 quatuor
1089 694 1158 721 cnim
1174 696 1296 723 cardines
1316 699 1430 732 perrexit
1447 700 1616 736 Evangelinm
1627 724 1634 737 ,
1647 706 1715 739 quod
1730 707 1755 733 in

965 741 1084 771 tempore
1106 738 1273 773 dispensatur
1288 751 1293 768 :
1312 748 1337 770 et
1352 744 1406 778 ipsa
1422 750 1461 772 est
1477 746 1605 775 catholica
1621 738 1737 778 Ecclesia
1748 772 1755 784 ,

963 790 1021 818 qu:e
1037 789 1149 818 quatuor
1162 791 1249 820 partes
1263 789 1335 816 orbis
1348 790 1470 818 obtinuit.
1487 793 1555 828 Ergo
1568 794 1691 823 denarius
1706 797 1756 825 hoc

964 829 1043 856 modo
1054 831 1291 867 quadragenarium
1304 844 1440 865 numerum
1454 838 1525 866 facit.

999 873 1111 904 CAPUT
1126 876 1169 904 Xl.
1182 894 1217 898 —-
1230 879 1272 906 Η.
1286 881 1491 917 Quadragennrio
1504 885 1564 913 bene
1573 892 1642 919 gesto
1654 888 1756 915 additur

966 920 1093 948 denarius.
1105 922 1340 959 Quinquagenarius
1350 935 1467 956 numerus
1479 931 1604 965 signiﬁcat
1615 932 1755 961 Ecclesium

962 964 1084 998 futuram.
1096 966 1156 994 ldeo
1172 970 1340 1003 quadraginta
1355 972 1448 999 diebus
1464 975 1498 1000 illi
1513 975 1706 1010 jejnnaverunt,
1719 979 1755 1004 si—

961 1009 1116 1044 gniﬁcantes
1126 1011 1151 1039 in
1166 1012 1216 1039 isto
1228 1019 1344 1048 tempore
1359 1019 1533 1045 necessariam
1549 1028 1607 1048 esse
1620 1022 1754 1049 abstinen-

963 1054 1024 1081 tiam
1037 1055 1071 1082 ab
1085 1064 1175 1084 amore
1191 1066 1278 1085 rerum
1294 1063 1485 1094 temporalium.
1511 1064 1565 1091 lloc
1586 1066 1655 1093 enim
1670 1067 1752 1102 signi—

962 1099 1042 1127 ﬁcant
1056 1108 1104 1135 per
1119 1107 1156 1129 tot
1171 1104 1227 1131 dies
1243 1111 1369 1140 perpetua
1384 1108 1425 1133 illa
1443 1109 1542 1143 jejunia
1552 1131 1560 1142 ,
1580 1099 1752 1147 quadraginta

961 1146 1063 1174 diebus.
1076 1147 1152 1176 Unde
1165 1154 1191 1176 et
1204 1151 1316 1185 populus
1331 1151 1376 1180 ille
1390 1152 1468 1181 lsrael
1482 1156 1653 1192 quadraginta
1669 1146 1753 1185 annos

962 1199 1009 1226 per
1021 1200 1139 1220 eremum
1153 1194 1246 1224 ductus
1256 1201 1313 1230 est,
1329 1202 1468 1233 antequam
1485 1205 1580 1227 terram
1598 1202 1751 1235 promissio—

962 1238 1004 1265 nis
1025 1244 1181 1275 rcgnaturus
1197 1243 1315 1270 intraret.
1341 1244 1386 1271 Sic
1407 1250 1434 1272 et
1456 1254 1503 1272 nos
1517 1247 1541 1273 in
1557 1248 1608 1274 vita
1625 1248 1673 1275 ista
1685 1269 1692 1279 .
1707 1250 1751 1276 ubi

961 1285 1076 1312 maxima
1090 1287 1241 1315 sollicitudo
1254 1293 1312 1322 est,
1328 1290 1370 1317 ubi
1387 1291 1476 1324 timor,
1491 1291 1533 1319 ubi
1557 1294 1671 1326 pericula
1695 1298 1752 1321 ten-

962 1330 1089 1358 tationum
1101 1352 1109 1364 ,
1125 1333 1262 1368 temporali
1274 1334 1470 1369 dispensatione
1483 1338 1557 1371 quasi
1573 1345 1619 1372 per
1631 1346 1750 1366 cremnm

961 1375 1095 1404 ducimur.
1111 1377 1164 1405 Sed
1177 1386 1238 1406 cum
1260 1380 1326 1407 bene
1340 1382 1499 1416 gesserimus
1514 1383 1750 1418 quadmgenarium

961 1430 1117 1457 numerum,
1141 1424 1166 1451 id
1186 1430 1240 1458 est,
1257 1425 1325 1454 bene
1339 1427 1482 1455 vixerimus
1495 1428 1522 1455 in
1543 1428 1590 1456 ista
1613 1430 1750 1464 temporali

962 1466 1161 1501 dispensatione
1172 1490 1180 1502 ,
1194 1471 1339 1498 secundum
1355 1478 1485 1508 pratcepta
1502 1473 1546 1500 Dei
1565 1474 1730 1501 ambulantes
1742 1496 1750 1507 ,

961 1512 1123 1547 accipiemus
1137 1516 1287 1543 mercedem
1302 1517 1440 1545 denarium
1457 1519 1528 1546 illum
1544 1519 1669 1547 ﬁdelium.
1685 1520 1749 1554 Quia

960 1561 987 1583 et
1002 1557 1127 1586 Dominus
1138 1560 1243 1594 quando
1257 1562 1289 1589 ad
1303 1562 1405 1590 vineam
1422 1565 1600 1592 mercenaries
1613 1566 1749 1600 conduxit,

960 1603 1109 1631 mercedem
1133 1605 1184 1632 illis
1206 1605 1343 1634 denarium
1356 1607 1438 1635 dedit.
1454 1608 1581 1637 Omnibus
1596 1611 1748 1644 denarium,

959 1652 987 1675 et
1000 1656 1066 1683 quos
1089 1658 1166 1678 mane
1190 1652 1367 1687 conduxerat,
1393 1658 1420 1681 et
1442 1663 1508 1689 quos
1534 1656 1621 1683 medio
1643 1657 1703 1690 die,
1725 1662 1751 1684 et

959 1701 1026 1728 quos
1040 1694 1092 1722 ﬁne
1107 1695 1158 1722 diei
1169 1717 1177 1728 ,
1193 1697 1315 1725 onmihns
1327 1698 1462 1726 denarium
1484 1700 1557 1727 dedit
1572 1701 1676 1735 (Matth.
1694 1710 1727 1728 xx
1740 1723 1748 1735 ,

961 1738 1045 1773 l-lO).
1058 1740 1124 1772 Quia
1139 1741 1161 1767 si
1175 1741 1253 1769 fuerit
1266 1742 1300 1769 ab
1314 1743 1421 1771 ineunte
1434 1749 1511 1772 aetate
1523 1746 1633 1781 quisque
1647 1747 1730 1774 ﬁdelis
1741 1768 1748 1780 ,

960 1783 1097 1811 denarium
1109 1790 1265 1819 accepturus
1279 1792 1334 1819 est;
1348 1787 1402 1821 jam
1415 1795 1467 1815 non
1481 1797 1527 1823 per
1538 1794 1684 1825 temporum
1696 1791 1749 1819 dis-

962 1828 1149 1861 tributionem,
1173 1830 1219 1857 sed
1242 1830 1268 1857 in
1282 1836 1381 1859 aeterna
1406 1835 1630 1868 contemplatione
1642 1837 1748 1871 sapien-

960 1873 1022 1899 tiam
1035 1873 1230 1902 discernentem
1242 1875 1394 1903 Creatorem
1408 1886 1422 1904 a
1437 1884 1573 1911 creatura;
1586 1886 1613 1907 ιιι
1623 1881 1748 1908 Creatore

958 1920 1120 1954 perfruatur,
1143 1921 1176 1947 de
1199 1927 1318 1948 creatura
1342 1923 1430 1950 laudet
1443 1925 1605 1953 Creatorem.
1622 1926 1673 1954 Sed
1687 1935 1747 1954 cre-

958 1964 1025 1991 didit
1037 1965 1133 1999 aliquis
1143 1966 1247 2000 juvenis
1258 1988 1265 2000 ,
1288 1973 1313 1994 et
1338 1969 1424 2002 priore
1438 1974 1556 2004 tempore
1570 1979 1618 1999 suo
1632 1980 1683 1998 non
1701 1973 1748 2000 fuit

960 2009 1045 2036 ﬁdelis
1058 2018 1064 2042 ;
1080 2010 1216 2037 denarium
1230 2015 1271 2039 est
1283 2017 1448 2047 accepturus.
1460 2014 1512 2042 Sed
1525 2016 1636 2043 credidit
1647 2025 1726 2045 senex
1739 2040 1745 2049 ,

955 2054 1008 2088 jam
1022 2054 1048 2081 in
1069 2062 1163 2082 occasu
1177 2055 1229 2083 diei
1243 2057 1316 2091 quasi
1332 2057 1394 2085 hora
1407 2059 1545 2088 undecima
1560 2062 1704 2089 conductus
1714 2064 1746 2090 ad

957 2100 1078 2134 vineam;
1095 2106 1121 2128 et
1136 2101 1192 2136 ipse
1206 2102 1342 2130 denarium
1357 2111 1528 2140 percepturus
1542 2112 1592 2135 est.
1610 2108 1699 2144 Itaque
1714 2110 1745 2137 ad

956 2147 1195 2182 quadragenarium
1213 2150 1285 2176 illum
1304 2150 1371 2180 bene
1383 2157 1484 2186 gestum
1495 2173 1503 2186 ,
1517 2153 1584 2181 adde
1597 2156 1745 2183 mercedem

956 2191 1055 2218 denarii
1069 2213 1076 2225 ,
1090 2196 1118 2219 et
1134 2194 1178 2220 tiet
1189 2194 1429 2230 quinquagenarius
1447 2205 1574 2226 numerus
1586 2220 1593 2231 ,
1609 2201 1653 2235 qui
1666 2201 1745 2236 signi-

958 2236 1016 2263 ﬁcat
1032 2237 1176 2265 Ecclesium
1191 2239 1304 2267 futuram
1317 2241 1360 2268 ubi
1374 2249 1480 2277 semper
1503 2244 1651 2273 laudabitur
1664 2246 1743 2274 Deus.

956 2282 1007 2310 Sed
1023 2284 1082 2316 quia
1104 2284 1129 2310 in
1150 2286 1256 2313 nomine
1270 2286 1404 2315 Trinitatis
1419 2290 1503 2317 vocati
1522 2296 1583 2318 sunt
1595 2299 1703 2326 omnes,
1719 2299 1746 2321 ut

956 2327 983 2355 in
998 2329 1206 2364 quadragenario
1221 2340 1332 2360 numero
1346 2333 1414 2361 bene
1434 2335 1539 2369 vivant,
1562 2341 1588 2365 et
1608 2338 1744 2366 denarium

955 2374 1102 2409 accipiant,
1118 2376 1202 2410 ipsum
1218 2377 1471 2413 quinquagenarium
1486 2386 1526 2408 tcr
1538 2383 1682 2417 multiplica
1693 2404 1702 2416 ,
1719 2390 1745 2411 ct

956 2419 1020 2447 ﬁunt
1037 2426 1142 2448 centum
1167 2423 1363 2458 quinquaginta.
1376 2418 1461 2453 ’Adde
1480 2427 1565 2461 ipsum
1590 2430 1744 2464 mysterium

955 2466 1109 2500 Trinitatis,
1123 2468 1189 2495 ﬁunt
1209 2475 1315 2497 centum
1339 2472 1525 2506 quinquaginta
1549 2478 1621 2506 tres,
1642 2476 1685 2510 qui
1708 2484 1745 2510 pi-

956 2512 1040 2540 scium
1054 2521 1178 2540 numerus
1191 2514 1216 2541 in
1228 2514 1335 2542 dextera
1345 2511 1466 2544 inventus
1479 2522 1519 2545 est
1531 2528 1538 2545 :
1553 2520 1578 2545 in
1592 2527 1644 2554 quo
1656 2525 1743 2548 tuneo

956 2568 1066 2588 numero
1080 2560 1279 2588 innumerabilia
1295 2567 1354 2590 sunt
1379 2563 1459 2590 millia
1482 2570 1644 2593 sanctorum.
1671 2567 1745 2595 Unde

955 2605 1021 2632 nulli
1035 2605 1096 2632 mali
1122 2606 1301 2641 projicieutur,
1317 2608 1375 2642 quia
1392 2616 1445 2636 non
1464 2609 1497 2637 ibi
1512 2615 1591 2637 erunt
1606 2620 1613 2637 :
1629 2620 1677 2640 nec
1692 2614 1745 2640 ullo

955 2650 1098 2678 schismate
1110 2652 1175 2678 retia
1189 2651 1396 2688 disrumpentur,
1412 2662 1471 2689 qua:
1493 2660 1554 2683 sunt
1569 2657 1671 2684 vincula
1686 2659 1744 2685 uni-

955 2696 1016 2723 tatis
1030 2700 1056 2722 et
1066 2696 1147 2731 pacis.

990 2741 1102 2769 CAPUT
1117 2741 1172 2769 Xll.
1187 2758 1220 2762 —
1237 2743 1279 2770 12.
1294 2744 1534 2780 ρααιίγαῃὶιιιαιαὶοδ
1544 2752 1615 2780 ante,
1632 2754 1655 2775 et
1672 2749 1745 2785 quiu-

956 2787 1075 2822 quaginta
1101 2793 1156 2822 post
1184 2788 1291 2816 Post-Ita.
1320 2790 1436 2818 Cornelis
1460 2795 1580 2827 festorum
1601 2795 1742 2823 celebratio.

956 2831 1074 2867 Perfecta
1099 2834 1232 2861 beatitudo.
1258 2835 1328 2863 Satis
1358 2845 1417 2865 esse
1447 2839 1562 2866 arbitror
1595 2842 1743 2875 expositum

955 2879 1052 2914 grande
1077 2881 1239 2915 mysterium.
1263 2881 1315 2909 Sed
1337 2883 1408 2911 scitis
1430 2884 1499 2919 quod
1514 2884 1546 2912 ad
1563 2893 1612 2913 nos
1631 2886 1746 2920 pertinet
