3926 6188
417 390 550 444 H79

411 504 548 557 bene
587 499 792 570 operari
843 507 1080 564 tempore
1136 490 1570 564 quadragesimo,
1617 495 1674 540 ut
1725 481 1986 555 possimus

414 590 694 645 Dominum
745 587 961 641 laudare
1011 586 1061 638 in
1091 581 1546 654 quinquagesimo.
1595 575 1718 630 Ideo
1762 572 1989 643 quadru-

409 683 552 750 ginta
583 681 699 735 illos
724 679 836 732 dies
859 719 875 744 ,
904 687 1188 746 antequam
1215 674 1489 744 vigilemus
1511 712 1524 734 ,
1558 669 1609 722 in
1637 666 1814 721 labore
1837 674 1888 718 et
1910 663 1991 731 jc-

404 771 555 840 junio
592 779 646 824 et
689 769 1009 825 abstinentia
1061 765 1390 821 celebramus
1438 780 1451 816 :
1503 757 1804 830 signiﬁcant
1847 755 1990 810 enim

411 861 744 930 praesentiam
772 858 927 928 hujus
956 857 1229 928 temporis.
1259 855 1386 910 Post
1416 853 1860 907 resurrectionem
1894 860 1991 899 an-

413 961 517 1004 tem
552 949 792 1014 Domini,
821 950 940 1019 quia
989 948 1231 1004 isti’dies
1270 944 1566 1016 signiﬁcant
1595 940 1826 995 laetitiam
1854 952 1994 993 sem-

414 1041 674 1110 piternam
705 1040 960 1112 (nondum
988 1039 1090 1093 hoc
1117 1045 1276 1102 sunt,
1321 1034 1417 1091 sed
1446 1034 1547 1089 hoc
1572 1030 1868 1102 signiﬁcant
1895 1046 1908 1082 :
1941 1028 1994 1082 in

414 1136 665 1207 mysterio
709 1147 797 1186 res
835 1142 951 1195 est,
994 1130 1216 1190 fratres.
1262 1127 1495 1182 nondum
1530 1126 1580 1180 in
1623 1122 1853 1179 eﬂ‘ectu:
1891 1133 1996 1174 non

415 1227 556 1280 θιιὶηι
601 1223 815 1295 quando
844 1221 1144 1276 celebratur
1173 1219 1406 1284 Pascha,
1450 1214 1775 1285 cruciﬁgitur
1821 1210 1998 1266 Domi-

417 1331 515 1372 nus
539 1336 552 1368 :
579 1315 671 1372 sed
693 1314 958 1385 quomodo
981 1311 1242 1382 praeterita
1264 1308 1622 1365 anniversaria
1643 1304 2002 1362 celebratione

416 1409 772 1478 signiﬁcamus
792 1449 806 1472 ,
839 1406 916 1460 sic
941 1413 995 1459 et
1025 1404 1196 1457 futura
1243 1417 1361 1472 quae
1406 1401 1639 1456 nondum
1681 1398 1825 1467 sunt)
1855 1413 1868 1452 :
1897 1396 2000 1451 isto

416 1515 544 1570 ergo
573 1506 811 1566 tempore
842 1496 1148 1550 relaxantur
1187 1493 1419 1563 jejunia;
1446 1490 1709 1562 signiﬁcat
1731 1488 1872 1544 enim
1901 1503 2001 1541 nu-

418 1605 597 1643 merus
621 1589 826 1642 dierum
863 1587 1084 1640 istorum
1113 1586 1344 1655 quietem
1373 1583 1620 1637 futuram.
1651 1580 1758 1637 Sed
1794 1579 2000 1646 videte,

419 1684 608 1736 fratres
631 1723 644 1745 ,
693 1697 758 1734 ne
801 1696 895 1748 per
928 1678 1147 1733 multam
1192 1676 1550 1732 ebriositatem
1580 1673 1726 1744 quasi
1757 1669 2004 1742 permissi

421 1788 610 1842 magna
645 1771 937 1836 ell‘usione,
983 1769 1270 1824 carnaliter
1295 1767 1530 1822 volentes
1558 1762 1829 1820 celebrare
1873 1762 2005 1816 istos

423 1865 574 1929 dies,
608 1877 714 1918 non
745 1861 1054 1916 mereamini
1099 1859 1241 1930 quod
1285 1859 1582 1928 signiﬁcant
1627 1857 1680 1910 in
1722 1853 2006 1923 sempiter-

423 1972 547 2010 num
569 1971 687 2010 cum
718 1954 931 2022 Angelis
954 1953 1246 2007 celebrare.
1276 1950 1433 2005 Forte
1455 1951 1595 2004 enim
1622 1961 2008 2018 quemcumque

422 2047 627 2101 ebrium
653 2042 1049 2113 reprehendero
1068 2083 1082 2106 ,
1111 2040 1347 2096 dicturus
1373 2047 1455 2094 est
1480 2058 1492 2092 :
1526 2037 1604 2092 Tu
1637 2037 1789 2092 nobis
1816 2046 2009 2091 tracta-

425 2141 489 2192 sti
518 2139 638 2208 quia
667 2138 750 2192 isti
780 2136 892 2191 dies
920 2135 1154 2190 laetitiam
1182 2133 1561 2203 sempiternam
1593 2131 1923 2201 signiﬁcant;
1953 2138 2006 2183 tu

427 2231 578 2285 nobis
604 2229 881 2284 insinuasti
906 2227 1030 2297 quia
1057 2226 1156 2280 hoc
1185 2231 1393 2294 tempus
1421 2223 1668 2293 gaudium
1713 2219 2007 2291 angelicum

423 2336 478 2377 et
502 2324 723 2378 caeleste
751 2320 1070 2391 praenuntiat
1098 2335 1110 2370 :
1144 2333 1249 2372 non
1275 2331 1402 2386 ergo
1427 2315 1600 2370 debui'
1623 2329 1828 2368 mecum
1876 2312 2010 2367 bene

430 2415 638 2470 facere?
668 2412 880 2475 Utinam
922 2411 1060 2465 bene
1083 2451 1099 2476 ,
1143 2417 1197 2464 et
1233 2423 1338 2462 non
1385 2406 1544 2460 male.
1569 2403 1842 2476 Signiﬁcat
1869 2402 2010 2458 enim

431 2507 523 2560 tibi
552 2503 832 2576 gaudimn,
864 2502 908 2555 si
954 2500 1120 2555 fueris
1153 2500 1406 2568 templum
1441 2497 1554 2551 Dei.
1584 2497 1638 2551 Si
1682 2506 1857 2550 alitem
1909 2496 2011 2548 im-

432 2594 688 2649 nmnditia
716 2592 1019 2647 vinolentia:
1046 2589 1266 2659 impleas
1292 2588 1543 2658 templum
1572 2587 1663 2642 Dei
1689 2628 1704 2652 ,
1739 2594 1889 2642 sonat
1920 2586 2012 2641 tibi

433 2684 737 2754 Apostolus,
759 2682 996 2751 Quisquis
1012 2679 1251 2749 templum
1281 2678 1379 2733 Dei
1395 2682 1672 2748 corruperit
1694 2719 1706 2741 ,
1723 2686 2014 2747 corrumpet

431 2775 574 2830 illum
587 2773 725 2828 Deus
740 2773 783 2843 (Ι
797 2772 1027 2839 Cor.ttt,l
1039 2770 1114 2842 7).
1131 2771 1212 2826 Sit
1225 2769 1325 2824 hoc
1335 2769 1688 2839 conscriptum
1707 2769 1758 2822 in
1768 2768 2014 2824 cordibus

432 2863 738 2921 Sanctitatis
773 2871 999 2928 vestrm,
1049 2862 1324 2916 meliorem
1368 2874 1486 2915 esse
1530 2859 1796 2914 hominem
1840 2859 2016 2912 minus

437 2957 812 3028 intelligentem
837 2964 891 3010 et
916 2955 1108 3010 melius
1134 2955 1396 3008 viventem
1418 2994 1432 3018 ,
1465 2967 1623 3022 quam
1668 2951 1888 3006 multum
1933 2952 2014 3005 in-

437 3049 764 3118 telligentem
787 3052 844 3100 et
869 3059 974 3098 non
1022 3043 1157 3100 bene
1185 3041 1469 3097 viventem.
1499 3041 1776 3096 Plenitudo
1804 3040 2016 3110 quidem

437 3151 517 3194 cst
543 3148 598 3192 et
623 3137 893 3193 beatitudo
920 3136 1152 3206 perfecta
1177 3177 1191 3199 ,
1226 3143 1280 3189 ut
1309 3135 1415 3189 cito
1445 3135 1666 3204 quisque
1689 3133 1946 3203 intelligat
1965 3140 2019 3188 et

440 3232 573 3287 bene
599 3231 739 3284 vivat
765 3246 779 3281 :
807 3228 900 3282 sed
926 3229 970 3282 si
992 3227 1126 3282 forte
1156 3237 1436 3296 utrumque
1461 3240 1566 3279 non
1591 3233 1801 3293 potest,
1830 3223 2018 3278 melius

438 3331 520 3376 est
548 3320 683 3376 bene
707 3319 885 3374 vivere
907 3358 922 3384 ,
953 3331 1109 3387 quam
1132 3315 1238 3370 cito
1263 3315 1572 3385 intelligere.
1597 3313 1696 3383 Qui
1716 3313 1856 3367 enim
1884 3313 2019 3368 bene

441 3413 605 3479 vivit,
635 3419 867 3466 meretur
893 3409 1119 3479 amplius
1148 3408 1440 3478 intelligere
1468 3407 1592 3477 :qui
1618 3406 1754 3460 male
1772 3406 1928 3470 vivit,
1966 3413 2022 3460 et

437 3501 580 3573 quod
609 3501 851 3570 intelligit
879 3499 1084 3570 perdet.
1113 3499 1200 3553 Sic
1225 3497 1422 3552 dictum
1451 3507 1532 3552 est
1562 3514 1574 3550 :
1603 3496 1702 3562 Qui
1727 3495 1900 3560 habet,
1929 3496 2023 3548 da-

438 3595 575 3648 bitur
611 3593 686 3657 ei;
715 3593 800 3661 qui
823 3602 988 3645 autent
1016 3606 1117 3644 non
1148 3590 1319 3655 habet,
1362 3599 1408 3643 et
1450 3589 1502 3642 id
1539 3589 1674 3661 quod
1707 3589 1900 3643 videtur
1925 3588 2019 3642 Ita-

441 3685 586 3750 bere,
617 3687 874 3754 auferetur
900 3682 962 3735 ab
989 3697 1048 3734 eo
1069 3680 1281 3752 (Matth.
1311 3696 1434 3745 xxv,
1463 3680 1578 3750 29).

908 3814 1138 3870 SERMO
1177 3814 1374 3869 ccuu
1405 3818 1421 3836 ο
1455 3811 1550 3884 (a).

819 3930 866 3973 In
889 3924 1064 3975 diebus
1086 3921 1384 3973 Paschalibus
1406 3922 1477 3984 (b)
1501 3935 1640 3974 xxiv.

451 4029 526 4086 De
586 4031 764 4084 ultima
823 4028 1030 4082 lectione
1099 4026 1360 4095 Evangelii
1415 4026 1667 4091 Joannis,
1727 4041 1841 4096 cap.
1911 4043 2017 4093 xxt,

1088 4117 1160 4186 ᾗ.
1215 4116 1387 4172 15.25.

520 4231 746 4287 CAPUT
768 4230 1052 4286 PRIMUM.
1065 4259 1136 4270 -—
1153 4229 1175 4284 l
1190 4271 1202 4283 .
1225 4228 1406 4284 Petrus
1421 4229 1479 4283 ob
1495 4228 1677 4284 trinam
1693 4231 2021 4302 negationem,

447 4335 519 4378 ter
529 4325 860 4392 interrogatus
874 4324 934 4375 de
943 4339 1034 4375 sua
1049 4321 1326 4375 dilectione.
1347 4319 1452 4373 Eva
1459 4321 1687 4390 ngelium
1699 4324 1862 4375 sancti
1875 4320 2025 4375 Joan-

449 4415 532 4468 nis
558 4413 812 4482 apostoli,
841 4411 979 4481 quod
1008 4411 1199 4464 dicitur
1227 4409 1517 4464 secundum
1548 4410 1802 4465 Joannem
1823 4453 1837 4476 ,
1867 4410 2024 4465 hodie

449 4503 784 4556 terminatum
816 4509 930 4564 est,
971 4499 1038 4553 de
1067 4499 1150 4553 his
1185 4515 1302 4568 qua:
1345 4501 1577 4554 narravit
1618 4500 1882 4571 quomodo
1926 4517 2022 4571 ap-

449 4590 679 4660 paruerit
703 4588 951 4642 Dominus
969 4595 1087 4656 post
1111 4587 1553 4642 resurrectionem
1571 4589 1841 4659 discipulis
1857 4592 1964 4645 suis
1983 4591 2021 4644 ί.

447 4677 795 4747 Compellavit
821 4691 947 4745 ergo
971 4676 1268 4746 apostolum
1299 4675 1508 4730 Petrum
1527 4719 1542 4744 ,
1582 4679 1725 4732 illum
1767 4695 2024 4749 prmsum-

447 4777 654 4838 plorem
682 4776 736 4822 et
775 4776 1077 4837 negatorem
1103 4807 1118 4833 ,
1145 4781 1266 4821 cum
1309 4768 1614 4837 loqueretur
1643 4770 1691 4824 ei
1728 4771 1836 4839 jam
1877 4771 2027 4827 virus

448 4869 618 4914 morte
643 4858 846 4913 devicta
868 4900 883 4924 ,
909 4869 961 4913 et
986 4858 1233 4914 dicebat:
1264 4858 1442 4914 Simon
1485 4859 1702 4915 Joannis
1743 4861 1842 4932 (sic
1883 4864 2024 4918 enim

446 4950 814 5021 appellabatur
835 4949 1063 5020 Petrus),
1079 4966 1220 5003 amas
1247 4967 1323 5004 me
1338 4951 1363 5004 ἵ
1378 4951 1749 5022 Respondebat
1775 4952 1862 5008 ille
1886 4955 2026 5024 quod

448 5053 564 5096 erat
589 5043 639 5096 in
661 5041 823 5098 corde
847 5041 1033 5110 ipsius.
1082 5041 1138 5098 Si
1183 5041 1369 5097 Petrus
1395 5042 1748 5112 respondebat
1790 5045 1933 5115 quod
1975 5047 2026 5101 in

513 5177 528 5207 ¹
549 5176 788 5241 Sermonis
801 5176 945 5241 hujus
962 5175 1146 5225 initlum
1165 5177 1231 5241 sic
1253 5189 1308 5241 se
1327 5175 1473 5224 habet
1489 5175 1611 5238 apud
1635 5183 1708 5241 _F.r.
1736 5177 1881 5241 Lugd.
1906 5186 2025 5228 ven.

451 5244 579 5314 tote:
604 5236 754 5290 Hodie
769 5236 1152 5314 terminatumest
1167 5237 1228 5287 de
1244 5236 1319 5314 Itis
1333 5249 1442 5300 qua:
1451 5236 1662 5311 narrari!
1673 5236 1905 5314 marmor,
1916 5252 2030 5314 qup-

449 5299 592 5408 "'th
628 5299 907 5406 thzlppanterit
949 5299 1177 5351 Dominus
1214 5306 1316 5363 post
1348 5299 1749 5352 resurrectionem
1781 5299 2032 5366 discipulis

449 5376 472 5408 8
552 5394 565 5408 ο
673 5397 686 5408 .

449 5376 565 5410 sua.
633 5376 686 5408 M.

515 5425 531 5441 ‘
550 5421 842 5469 Etiiendatus
862 5421 923 5470 ad
945 5420 975 5469 Γ.
995 5435 1035 5470 r.
1054 5429 1090 5472 t.
1124 5436 1170 5470 v.
1194 5429 1244 5472 et
1266 5422 1324 5471 ad
1349 5431 1448 5470 Am.
1475 5429 1547 5472 Er.
1569 5430 1670 5473 Par.
1694 5430 1802 5474 Lov.

518 5482 591 5602 (of
619 5483 756 5540 Alias,
779 5483 843 5531 de
867 5491 1104 5544 Tempore
1130 5483 1236 5532 HD.

518 5542 562 5602 (b
608 5545 656 5590 tn
679 5551 853 5593 vetere
877 5542 1159 5592 t’loriacensi
1182 5558 1236 5593 co

513 5542 584 5607 (b)
608 5545 656 5590 tn
679 5551 853 5607 vetere
877 5542 1159 5607 Floriltccnsi
1182 5545 1345 5593 codice
1369 5553 1676 5607 pramotatur,
1705 5547 1932 5598 «Habitus
1951 5547 2032 5598 die

451 5605 668 5672 sabbato.
689 5619 726 5672 ι.
758 5605 923 5672 Eidem
959 5605 1057 5654 diei
1091 5608 1137 5654 iu
1162 5605 1495 5672 Inauuscriptis
1529 5605 1815 5672 assignatur,
1858 5611 1941 5672 qui
1983 5611 2031 5659 in

455 5664 687 5732 eamdem
712 5664 975 5732 Milonem
1008 5669 1300 5732 compositus
1328 5664 1414 5717 est
1439 5683 1600 5719 sermo
1626 5664 1774 5732 supra
1803 5664 1924 5720 'M‘i.
1968 5672 2031 5719 Ad

453 5726 768 5832 tquam
801 5728 930 5776 diem
973 5726 1180 5790 pertinet
1223 5729 1343 5779 ferte
1371 5731 1586 5793 ejusdem
1625 5726 1894 5797 argumenti
1929 5747 2032 5783 ser-

1617 371 1656 428 S
1716 363 2079 426 AUCUSTINI
2119 361 2418 418 EPISCOl‘l

3541 361 3666 414 “80

2099 475 2261 530 corde
2290 475 2548 537 habebat;
2585 473 2835 527 Dominus
2859 487 3024 544 quare
3045 473 3352 544 quaerebat,
3378 473 3467 542 qui
3494 490 3585 528 cor
3608 480 3675 529 vi-

2095 569 2289 624 debat?
2317 568 2549 636 Denique
2591 567 2702 636 ipse
2743 567 2902 620 etiam
2935 566 3122 622 Petrus
3149 565 3460 629 mirabatur,
3489 575 3673 621 etcum

2096 659 2329 730 quodam
2361 658 2518 713 taedio
2563 659 2810 714 audiebat
2855 666 3219 728 qumrentem,
3259 674 3422 727 quem
3474 671 3678 715 noverat

2096 751 2373 806 scientem.
2404 748 2580 805 Semel
2623 749 2820 804 dictum
2861 758 2983 803 est:
3024 748 3179 802 Amas
3209 751 3328 803 me?
3357 749 3679 819 Responsum

2098 851 2183 897 est
2208 859 2220 894 :
2253 839 2424 910 Diligo
2449 850 2524 906 te,
2548 837 2798 902 Domine,
2824 849 2877 891 tu
2897 839 3013 892 scis.
3047 839 3115 894 Et
3144 839 3368 894 iterum:
3392 842 3550 894 Amas
3579 843 3681 896 me?

2103 929 2342 997 Domine,
2397 941 2451 984 tu
2474 931 2641 984 omnia
2671 931 2835 994 nosti;
2863 940 2917 984 tu
2937 931 3033 984 scis
3061 931 3179 997 quia
3204 931 3361 1002 diligo
3387 941 3457 987 te.
3489 930 3558 986 Et
3585 943 3680 987 ter-

2101 1022 2174 1076 tio
2194 1063 2208 1086 ,
2239 1022 2394 1074 Amas
2420 1021 2534 1075 me?
2561 1018 2913 1075 Contristatus
2950 1029 3032 1076 est
3059 1021 3268 1075 Petrus.
3315 1022 3456 1088 Quid
3495 1025 3682 1079 contri-

2102 1111 2293 1177 staris,
2339 1110 2495 1167 Petre
2517 1151 2533 1178 ,
2564 1113 2686 1181 quia
2718 1120 2798 1166 tcr
2841 1113 3134 1181 respondes
3170 1115 3450 1168 amorem?
3491 1114 3684 1173 Oblitus

2102 1217 2162 1258 es
2185 1203 2380 1257 trinum
2405 1203 2701 1258 timorem?
2725 1202 2852 1259 Sine
2879 1204 3174 1274 interroget
3194 1215 3248 1259 te
3265 1205 3528 1262 Dominus
3553 1223 3568 1261 :
3591 1223 3688 1262 me-

2104 1293 2258 1348 dicus
2297 1302 2381 1348 est
2428 1293 2518 1364 qui
2569 1303 2622 1348 te
2668 1295 2996 1366 interrogat,
3035 1295 3104 1349 ad
3143 1298 3426 1351 sanitatem
3471 1299 3687 1368 pertinet

2108 1383 2251 1454 quod
2284 1385 2592 1457 interrogat.
2623 1385 2740 1441 Noli
2769 1387 2926 1442 Ill?le
2951 1387 3113 1442 allici.
3146 1387 3413 1457 Exspecta
3436 1431 3452 1454 ,
3480 1390 3687 1460 impleo.

2109 1486 2193 1532 tur
2205 1492 2461 1532 numerus
2479 1478 2800 1542 dilectionis,
2816 1488 2872 1533 ut
2886 1477 3061 1532 deleat
3075 1495 3359 1535 numerum
3377 1483 3685 1551 negationis.

2177 1568 2232 1621 2.
2251 1567 2579 1623 Dilectionem
2595 1569 2820 1623 Christus
2841 1569 3063 1639 postulat
3081 1568 3176 1622 sibi
3197 1585 3316 1640 erga
3333 1585 3448 1624 oves
3467 1587 3587 1625 suas
3605 1573 3690 1624 iat-

2109 1659 2284 1730 pendi.
2313 1659 2519 1730 Ubique
2546 1671 2720 1716 tamen
2746 1702 2761 1728 ,
2794 1660 2990 1731 ubique
3013 1702 3028 1727 ,
3061 1660 3113 1715 id
3143 1669 3226 1716 est
3244 1703 3262 1728 ,
3294 1663 3349 1716 in
3376 1662 3497 1732 ipso
3520 1673 3688 1718 terna-

2109 1751 2191 1806 rio
2210 1766 2431 1806 numero
2449 1751 2876 1823 interrogationis
2897 1768 3008 1808 sum
3033 1752 3287 1807 Dominus
3301 1753 3460 1809 Jesus
3483 1771 3686 1824 respon-

2111 1842 2256 1899 denti
2280 1858 2518 1900 amorem
2545 1845 2886 1900 commendat
2905 1860 3072 1915 agnos
3097 1860 3244 1912 suos,
3275 1854 3331 1901 et
3353 1846 3506 1910 dicit,
3543 1845 3690 1901 Pasce

2111 1939 2456 2006 agnos'meos,
2489 1951 2640 2005 pasce
2661 1951 2773 1990 oves
2794 1952 2928 1988 meas
2962 1951 2980 1990 :
3013 1945 3262 2006 tauquam
3291 1936 3497 1992 diceret
3516 1979 3532 2004 ,
3564 1939 3688 2004 Quid

2111 2025 2240 2079 mihi
2257 2025 2527 2092 retribuis,
2543 2027 2661 2096 quia
2680 2027 2854 2096 diligis
2871 2028 2979 2081 me?
2996 2028 3339 2084 DilectiOnem
3363 2038 3507 2083 tuam
3527 2041 3690 2084 osten-

2112 2114 2179 2169 de
2205 2115 2256 2169 in
2278 2117 2468 2170 ovibus
2488 2117 2640 2170 meis.
2663 2117 2798 2184 Quid
2826 2117 2951 2170 mihi
2981 2127 3223 2186 praestas,
3247 2118 3369 2188 quia
3394 2118 3572 2190 diligis
3591 2137 3686 2187 me;

2113 2205 2324 2274 quando
2344 2221 2443 2277 ego
2471 2206 2564 2261 tibi
2587 2208 2826 2277 praestiti,
2847 2218 2902 2262 ut
2921 2208 3169 2278 diligeres
3193 2209 3304 2263 me?
3322 2209 3431 2266 Sed
3457 2209 3688 2266 dilectio-

2116 2313 2237 2352 nem
2256 2306 2398 2353 tuam
2416 2315 2538 2369 erga
2559 2315 2663 2366 me,
2684 2300 2845 2356 habes
2863 2301 2949 2356 ubi
2969 2301 3241 2368 Ostendas,
3265 2301 3432 2358 babes
3449 2303 3537 2358 ubi
3556 2319 3689 2360 exer-

2115 2401 2240 2443 ceas
2263 2407 2276 2441 ζ
2303 2406 2451 2458 pasce
2469 2407 2627 2461 (Igil08
2645 2407 2801 2444 τηεσε.

2186 2477 2412 2536 CAPUT
2442 2481 2506 2535 ll.
2530 2511 2602 2520 —
2619 2480 2856 2548 Qualiter
2881 2491 3059 2536 autem
3099 2493 3277 2537 essent
3307 2484 3557 2552 pascendi
3579 2485 3693 2554 agni

2116 2567 2392 2636 dominici,
2421 2585 2550 2626 ores
2579 2580 2725 2626 tanto
2754 2572 2924 2640 pretio
2949 2582 3268 2642 comparata:
3298 2583 3496 2642 quanta
3523 2583 3696 2630 essent

2117 2657 2402 2714 dilectione
2431 2658 2710 2728 pascendae
2732 2703 2748 2726 ,
2794 2661 2848 2715 in
2887 2662 3338 2732 consequentibus
3365 2663 3692 2719 demonstra-

2119 2747 2211 2801 vit.
2251 2748 2540 2820 Postquam
2578 2751 2720 2805 enim
2750 2751 2939 2806 Petrus
2965 2751 3186 2822 impleto
3221 2754 3458 2824 legitimo
3483 2769 3696 2810 numero

2120 2839 2275 2893 trina:
2304 2841 2668 2909 responsionis
2709 2841 2980 2911 professus
3005 2852 3090 2898 est
3131 2857 3191 2898 se
3233 2859 3355 2900 esse
3385 2845 3586 2899 Domini
3613 2846 3694 2897 di-

2119 2927 2394 2992 lectorem.
2424 2929 2814 2987 commendatis
2837 2931 2936 2987 sibi
2962 2932 3152 2988 ovibus
3174 2932 3314 3002 ejus,
3342 2933 3487 2988 audit
3512 2933 3578 2989 de
3601 2948 3690 2987 sua

2121 3019 2293 3075 futura
2323 3023 2588 3091 passione.
2615 3023 2714 3078 Hic
2742 3022 3130 3080 demonstravit
3156 3025 3410 3081 Dominus
3435 3068 3450 3089 ,
3478 3027 3552 3082 sic
3571 3025 3690 3080 dili-

2119 3112 2323 3182 gendas
2342 3128 2469 3168 oves
2493 3128 2620 3169 suas
2635 3114 2706 3169 ab
2725 3115 2804 3169 eis
2821 3115 3016 3184 quibus
3038 3129 3132 3171 eas
3155 3117 3512 3182 commendat,
3537 3126 3588 3170 ut
3605 3134 3691 3186 pa-

2123 3203 2222 3257 rati
2245 3204 2352 3258 sint
2370 3205 2502 3258 mori
2527 3217 2622 3272 pro
2639 3205 2739 3259 eis.
2757 3205 2844 3259 Sic
2865 3205 3004 3260 idem
3024 3205 3258 3261 Joannes
3277 3207 3331 3260 in
3354 3206 3579 3276 Epistula
3597 3220 3686 3260 sua

2122 3295 2198 3348 ait
2227 3311 2241 3348 :
2275 3295 2424 3350 Sicut
2445 3311 2536 3366 pro
2562 3295 2702 3350 nobis
2727 3297 2956 3352 Christus
2979 3299 3201 3351 catinium
3228 3315 3373 3351 suam
3401 3299 3556 3369 posuit
3577 3339 3591 3363 ,
3621 3297 3688 3351 sic

2123 3393 2170 3438 et
2212 3401 2304 3438 nos
2325 3385 2567 3440 debemus
2609 3403 2702 3456 pro
2745 3387 2983 3458 fratribus
3009 3388 3207 3444 animus
3249 3405 3434 3459 ponere
3476 3389 3515 3460 (Ι
3540 3387 3684 3443 Joan.

2128 3491 2182 3530 tn
2208 3517 2222 3540 ,
2259 3476 2371 3544 l6).

2197 3567 2250 3620 5.
2289 3565 2469 3619 Petrus
2487 3565 2553 3620 de
2576 3581 2630 3621 se
2651 3576 2768 3620 ante
2793 3567 3025 3636 inﬁrmus
3045 3610 3059 3634 ,
3089 3584 3221 3622 nunc
3241 3585 3310 3624 ea:
3332 3569 3493 3639 gratia
3516 3567 3684 3624 Clu-isti

2127 3664 2354 3709 vitaturus
2380 3655 2448 3710 ad
2473 3657 2777 3725 passionem.
2809 3657 3176 3728 Respondent
3202 3674 3332 3730 ergo
3361 3660 3575 3715 Domino
3597 3659 3686 3714 Pc-

2128 3755 2240 3800 trus
2263 3761 2357 3816 per
2375 3748 2664 3816 superbam
2682 3747 2966 3818 quamdam
2989 3751 3477 3820 przesumptionem.
3494 3751 3687 3823 quando

2127 3837 2176 3892 ci
2201 3839 2426 3903 dixerat,
2459 3839 2691 3893 Animam
2718 3855 2880 3895 meam
2911 3857 3002 3910 pro
3030 3851 3075 3895 te
3099 3858 3302 3911 mnam.
3346 3842 3578 3898 Nondum
3601 3857 3684 3895 ac-

2127 3938 2343 3999 ceperat
2370 3929 2533 3995 vires,
2565 3931 2756 4000 quibus
2782 3931 3027 4001 implewt
3047 3933 3391 4001 promissum.
3420 3932 3564 3988 Modo
3585 3933 3682 4000 jam

2127 4033 2187 4078 ut
2215 4023 2380 4092 possit
2424 4024 2528 4079 hoc
2567 4023 2776 4089 facere,
2809 4023 3060 4094 impletur
3085 4025 3363 4081 eharitate.
3395 4025 3512 4081 Ideo
3531 4027 3574 4078 ei
3612 4024 3684 4076 di.

2125 4117 2265 4170 citur
2287 4157 2302 4182 ,
2332 4115 2488 4170 Amas
2511 4132 2593 4169 me
2611 4116 2638 4170 2
2668 4116 2732 4170 Et
2765 4115 3088 4185 respondet,
3123 4118 3250 4170 Amo
3277 4133 3300 4171 :
3327 4119 3447 4187 quia
3473 4118 3562 4171 hoc
3586 4131 3679 4170 nea

2129 4205 2315 4274 implet
2335 4203 2441 4260 nisi
2465 4205 2719 4259 charitas.
2746 4205 2882 4272 Quid
2903 4215 2984 4261 est
3007 4221 3155 4276 ergo,
3180 4205 3580 4278 Petreiquando
3599 4222 3678 4259 ne-

2128 4299 2284 4369 gasti,
2315 4298 2441 4368 quid
2469 4299 2736 4353 timuisti?
2763 4298 2954 4353 Totum
2983 4298 3126 4369 quod
3167 4299 3408 4364 timuisti,
3435 4301 3527 4354 hoc
3559 4307 3673 4358 erat,

2125 4391 2288 4445 mori.
2322 4389 2484 4445 Vivus
2515 4400 2688 4445 tecum
2719 4390 2985 4459 loquitur,
3017 4405 3172 4459 quem
3201 4401 3465 4445 mortuum
3489 4389 3672 4443 Vidisli:

2131 4482 2240 4535 noli
2264 4480 2372 4550 jam
2405 4481 2594 4535 timere
2621 4488 2886 4544 mortem;
2918 4480 2969 4534 in
2999 4480 3086 4534 illo
3114 4481 3250 4534 victa
3276 4490 3361 4536 est
3384 4483 3398 4512 ¹
3420 4521 3434 4546 ,
3460 4495 3596 4549 quam
3625 4478 3679 4528 ti-

2131 4571 2339 4625 mebas.
2369 4568 2628 4638 Pependit
2655 4569 2706 4624 in
2729 4584 2887 4624 cruce
2911 4611 2924 4634 ,
2955 4571 3197 4625 conﬁxus
3221 4580 3302 4625 est
3322 4571 3485 4625 clavis
3501 4612 3516 4637 ,
3542 4567 3677 4638 spiri-

2131 4669 2242 4714 tum
2270 4659 2539 4726 reddidit,
2569 4659 2750 4715 lancea
2787 4675 3072 4730 percussus
3097 4670 3216 4729 est,
3250 4662 3302 4716 in
3331 4663 3565 4734 sepulcro
3597 4675 3679 4732 po-

2131 4750 2285 4804 situs.
2315 4748 2425 4805 Hoc
2450 4749 2690 4814 timuisti,
2714 4751 2928 4820 quando
2949 4752 3183 4820 negasti;
3210 4769 3278 4808 ne
3305 4754 3411 4808 hoc
3434 4751 3679 4824 patereris,

2133 4840 2390 4908 timuisti;
2417 4849 2474 4896 et
2513 4848 2738 4895 mortem
2781 4842 3018 4896 timendo
3041 4882 3056 4907 ,
3089 4842 3250 4896 vitam
3292 4845 3516 4914 negasti.
3557 4843 3688 4897 Modo

2133 4931 2366 5001 intellige
2397 4947 2410 4984 :
2441 4929 2658 5000 quando
2705 4931 2924 4986 timuisti
2970 4932 3146 4999 mori,
3178 4941 3306 4988 tunc
3351 4949 3412 4988 es
3456 4944 3699 4988 mortuus.

2132 5021 2367 5076 Mortuus
2392 5029 2473 5076 est
2500 5021 2641 5076 enim
2672 5022 2914 5092 negando
2947 5040 2962 5076 :
2993 5021 3088 5078 sed
3115 5027 3405 5081 resurrexit
3421 5025 3703 5096 plorando.

2134 5113 2270 5183 Quid
2299 5113 2492 5168 deinde
2513 5114 2587 5167 ait
2614 5113 2732 5167 illi?
2763 5114 2983 5183 Sequere
3003 5132 3075 5169 me
3099 5130 3119 5171 :
3155 5116 3330 5170 sciens
3352 5117 3470 5186 ejus
3494 5119 3710 5172 maturi-

2137 5214 2317 5261 tatem.
2345 5205 2402 5261 Si
2428 5205 2574 5261 enim
2601 5207 2938 5272 meministis,
2969 5209 3078 5263 imo
3099 5208 3223 5278 quia
3249 5210 3612 5266 meminerunt
3634 5213 3715 5282 qui

2136 5297 2400 5368 legerunt;
2418 5307 2906 5353 commemorentur
2923 5300 3082 5354 etiam
3100 5299 3189 5370 qui
3211 5314 3316 5355 non
3339 5302 3715 5368 meminerunt,

2135 5398 2227 5444 aut
2246 5398 2572 5460 cognoscant
2594 5389 2684 5460 qui
2709 5406 2814 5445 non
2843 5391 3107 5462 legerunt.
3137 5391 3360 5447 Dixerat
3385 5392 3720 5451 Petrus:Se—

2137 5497 2264 5551 quor
2291 5489 2338 5535 te
2377 5497 2688 5552 quocumque
2711 5482 2849 5537 ieris.
2892 5482 2959 5538 Et
2985 5483 3244 5541 Dominus
3281 5484 3349 5539 ad
3376 5485 3525 5540 illum
3556 5503 3572 5540 :
3605 5485 3722 5540 Non

2141 5583 2278 5643 potes
2301 5588 2378 5626 me
2401 5573 2541 5642 sequi
2561 5572 2709 5627 modo
2733 5589 2750 5626 :
2770 5573 2988 5642 sequeris
3012 5584 3180 5628 autent
3201 5585 3372 5645 postea
3397 5574 3577 5644 (Joau.
3609 5593 3719 5640 xut.

2206 5736 2219 5765 ι
2250 5733 2363 5800 miti
2385 5768 2397 5791 ,
2427 5733 2518 5782 rita
2553 5741 2638 5783 est.
2676 5742 2722 5800 at
2750 5737 3084 5800 manuscripti,
3111 5743 3232 5789 t'tt‘ta
3253 5745 3340 5788 cst.
3362 5743 3415 5788 Et
3437 5750 3543 5788 mox
3578 5749 3643 5787 ex
3671 5738 3728 5788 iis

2147 5794 2381 5856 nonnulli,
2408 5809 2544 5856 qrcm
2570 5797 2766 5847 (tenebas
2789 5796 2926 5847 mon'.
