3926 6188
240 408 356 468 1181

234 528 294 583 57
317 567 333 592 ,
362 521 471 590 36).
519 514 675 572 Modo
696 559 711 581 ,
747 515 953 586 inquit,
1001 530 1104 570 non
1146 522 1287 585 potes
1312 529 1332 569 :
1364 510 1627 583 promittis
1649 551 1664 575 ,
1697 507 1792 563 sed

232 629 323 685 ego
346 610 494 666 video
521 607 663 662 vires
702 614 839 661 tuas.
880 603 996 676 Ego
1023 619 1213 659 venam
1238 602 1415 659 cordis
1445 598 1668 670 inspicio
1690 640 1704 664 ,
1738 606 1794 654 et

232 704 358 777 quod
386 713 561 755 verum
598 706 681 753 est
708 702 908 767 πειθοιο
928 694 1196 775 renuntio.
1226 693 1347 748 Non
1372 701 1512 763 potes
1547 706 1626 744 me
1652 688 1795 759 sequi

231 794 387 849 modo.
410 788 511 846 Sed
536 787 637 843 ista
674 785 866 842 medici
891 785 1215 841 renuntiatio
1235 823 1252 850 ,
1284 797 1389 838 non
1432 789 1517 838 est
1539 779 1791 849 despera-

231 884 336 941 tio:
365 879 621 952 adiunxit,
652 886 706 933 et
730 878 825 945 ait,
856 875 1096 947 Sequeris
1123 882 1289 929 autem
1331 886 1523 943 postea.
1558 871 1679 941 Eris
1706 883 1794 924 sa-

230 992 321 1033 nus
340 1017 358 1044 ,
399 981 454 1030 et
489 971 732 1043 sequeris
756 984 862 1025 me.
892 968 1008 1025 lam
1036 967 1161 1038 quia
1190 965 1332 1021 videt
1371 962 1498 1034 quid
1523 971 1708 1033 agatur
1737 960 1793 1016 in

228 1064 377 1124 corde
421 1061 626 1133 ipsius,
672 1068 729 1116 et
772 1058 918 1115 videt
960 1056 1104 1130 quod
1151 1056 1348 1112 donum
1397 1053 1607 1110 dederit
1649 1051 1791 1107 dile-

228 1156 402 1215 ctionis
427 1154 620 1210 anima:
646 1149 833 1222 ipsius,
855 1149 982 1206 dicit
1006 1149 1056 1204 ei
1089 1164 1104 1204 :
1137 1145 1356 1216 Sequere
1379 1161 1477 1200 me.
1509 1143 1622 1215 Ego
1644 1150 1791 1199 certe

228 1247 455 1304 dixeram
481 1284 497 1309 ,
552 1240 675 1297 Non
719 1249 860 1312 potes
899 1239 1049 1294 modo
1080 1254 1098 1293 :
1126 1252 1227 1309 ego
1272 1236 1434 1292 modo
1475 1235 1632 1300 dico,
1689 1233 1791 1289 Se-

225 1353 360 1408 quere
377 1350 471 1391 me.

284 1427 505 1487 CAPUT
530 1425 620 1483 Ill.
639 1426 784 1482 ——4.
827 1423 1051 1493 Quinctio
1087 1421 1152 1477 de
1182 1420 1345 1476 verbis
1374 1419 1581 1474 Domini
1605 1460 1619 1484 ,
1660 1432 1788 1488 quo-

224 1520 358 1575 modo
384 1518 503 1574 velit
526 1530 730 1570 manere
754 1512 1007 1569 Joannem
1031 1513 1191 1566 donec
1215 1511 1397 1565 variat.
1427 1508 1532 1564 Sed
1558 1517 1678 1563 nata
1706 1516 1791 1564 est

221 1610 447 1682 quaedam
471 1607 698 1681 qumstio
726 1620 831 1661 non
857 1603 1167 1659 omittenda.
1190 1600 1329 1658 Cum
1358 1600 1580 1656 dixisset
1605 1599 1788 1653 Domi-

222 1716 313 1756 nus
344 1702 502 1759 Petro
526 1741 543 1768 ,
572 1698 794 1772 Sequere
818 1713 898 1751 me
921 1712 942 1751 :
968 1697 1203 1766 respexit
1233 1695 1423 1751 Petrus
1460 1693 1525 1749 ad
1550 1692 1789 1764 discipu-

223 1794 321 1847 lum
348 1787 503 1862 quem
546 1789 798 1860 diligebat
822 1787 1016 1852 Jcsus,
1050 1786 1101 1842 id
1147 1794 1268 1852 est,
1295 1784 1362 1840 ad
1407 1786 1580 1856 ipsum
1621 1784 1796 1863 Joan;

221 1899 331 1940 nem
353 1926 368 1950 ,
397 1884 484 1955 qui
514 1883 856 1954 Evangelium
898 1882 1000 1937 hoc
1037 1882 1288 1951 scripsit;
1320 1889 1375 1937 et
1416 1882 1491 1937 ait
1520 1881 1744 1937 Domino
1766 1922 1784 1949 ,

223 1975 423 2032 Domine
443 2018 456 2042 ,
486 1977 586 2032 iste
605 1976 726 2047 quid
744 1977 770 2031 .9
797 1974 920 2031 Scio
961 1975 1084 2045 quia
1108 1973 1284 2045 diligis
1326 1988 1450 2030 eum
1475 2014 1490 2040 ,
1518 1971 1787 2044 quomodo

217 2080 310 2137 ego
335 2080 547 2137 sequor,
581 2075 631 2121 et
661 2066 775 2137 ipse
800 2080 905 2120 non
933 2065 1215 2135 sequitur?
1244 2064 1332 2119 Ait
1361 2064 1619 2119 Dominus
1648 2079 1664 2117 :
1696 2063 1787 2118 Sic

217 2174 320 2213 mn
347 2156 458 2213 volo
497 2174 705 2213 manere
722 2198 739 2225 ,
770 2157 928 2212 donec
953 2157 1147 2212 ueniant
1175 2171 1194 2209 :
1220 2164 1274 2210 tu
1300 2173 1381 2210 me
1416 2171 1637 2226 aequae.
1670 2154 1787 2224 Ipse

216 2265 334 2306 vero
357 2250 713 2322 Evangeiista,
744 2250 859 2320 ipse
878 2250 967 2320 qui
992 2249 1226 2318 scripsit,
1258 2248 1326 2303 dc
1348 2262 1452 2317 quo
1477 2247 1675 2329 dictum
1704 2252 1788 2301 est

216 2338 327 2404 hoc,
360 2340 452 2395 Sic
477 2354 592 2394 eum
614 2339 728 2393 volo
751 2355 971 2401 ntanere,
1003 2338 1160 2392 donec
1188 2337 1383 2391 veniam
1405 2352 1424 2401 ,'
1453 2342 1665 2391 secutus
1689 2333 1786 2388 ad-

212 2429 377 2500 iunxit
414 2431 578 2486 verba
618 2445 713 2485 sua
740 2430 792 2483 in
822 2429 1113 2499 Evangelio
1138 2436 1239 2492 ,ἐι
1265 2428 1336 2481 ait
1360 2467 1374 2490 ,
1406 2435 1586 2480 natam
1627 2425 1788 2480 fuisse

217 2516 399 2575 famam
431 2520 574 2576 inter
600 2518 793 2574 intres
817 2528 1034 2589 propter
1056 2518 1157 2572 hoc
1185 2517 1404 2572 verbum
1430 2558 1444 2581 ,
1475 2517 1600 2587 quia
1628 2514 1788 2570 disci-

216 2612 359 2682 pulus
400 2610 497 2668 ille
537 2626 643 2665 non
672 2618 816 2666 esset
845 2609 1154 2663 moriturus.
1201 2607 1271 2662 Et
1298 2616 1354 2661 ut
1381 2607 1591 2662 tolleret
1631 2606 1785 2661 istam

215 2703 507 2775 opinionem
539 2702 784 2774 adiunxit
807 2720 822 2757 :
858 2701 976 2755 Non
1002 2710 1170 2756 autem
1200 2696 1346 2765 dixit,
1369 2713 1481 2753 eum
1507 2713 1608 2752 non
1632 2695 1789 2769 fuisse

216 2794 505 2849 moriturum
533 2809 554 2850 :
579 2792 671 2849 sed
709 2802 906 2847 tantum
928 2787 1099 2859 dixit,
1131 2790 1221 2846 Sic
1255 2804 1372 2844 eum
1409 2791 1522 2843 volo
1544 2804 1783 2856 manere,

215 2884 361 2942 donec
387 2888 628 2943 veniam:
657 2896 715 2940 tu
747 2901 829 2940 me
851 2901 1071 2952 manere.
1100 2884 1249 2938 Hanc
1290 2896 1418 2953 ergo
1439 2882 1742 2950 opinionem
1765 2923 1781 2945 ,

214 2991 306 3048 qua
333 2977 617 3048 putabatur
642 2976 873 3032 Joannes
900 2989 1005 3029 non
1033 2973 1340 3039 moriturus,
1372 2971 1592 3026 abstulit
1624 2968 1787 3026 Joan-

212 3074 301 3123 nes
322 3069 436 3139 ipse
457 3067 907 3138 consequentibus
928 3065 1107 3120 verbis
1141 3065 1273 3130 suis,
1299 3070 1358 3119 et
1378 3078 1448 3117 ne
1474 3061 1576 3117 hoc
1598 3060 1788 3116 creda-

215 3166 329 3223 tur,
376 3160 451 3214 ait
483 3176 499 3216 :
526 3154 647 3213 Non
690 3157 794 3210 hoc
835 3155 969 3210 dixit
1011 3154 1301 3219 Dominus,
1350 3152 1446 3208 sed
1488 3152 1619 3206 dixit
1659 3151 1782 3206 hoc.

211 3251 373 3318 Quare
400 3249 539 3305 illud
566 3256 742 3303 autem
773 3246 984 3308 dixerit,
1012 3245 1245 3301 Joannes
1269 3258 1376 3299 non
1395 3243 1663 3313 exposuit,
1690 3241 1784 3298 sed

213 3341 354 3398 nobis
384 3340 603 3413 reliquit
627 3347 844 3411 propter
867 3337 1006 3409 quod
1029 3336 1318 3407 pulsemus,
1348 3336 1395 3393 si
1419 3335 1558 3392 forte
1579 3335 1785 3408 aperia-

213 3442 289 3488 tur
308 3434 480 3489 nobis.

270 3522 497 3581 CAPUT
528 3522 617 3579 IV.
638 3546 709 3563 ά
727 3521 781 3578 5.
833 3520 993 3576 Verba
1019 3521 1113 3576 illa
1142 3520 1348 3576 Domini
1389 3519 1584 3575 duobus
1621 3518 1787 3573 modis

204 3615 409 3686 ututiigi
436 3606 665 3686 possunt.
697 3611 876 3667 Primo
902 3612 965 3667 de
991 3613 1225 3683 passione
1253 3628 1354 3665 non
1383 3627 1416 3664 a
1438 3609 1644 3664 Joanne
1659 3609 1783 3663 sab-

210 3705 363 3759 etmda
383 3746 399 3772 ,
428 3704 656 3760 secundo
707 3704 769 3757 de
807 3701 1027 3757 Joannis
1056 3702 1330 3772 Evangelia
1358 3717 1461 3755 non
1485 3700 1613 3754 bene
1633 3700 1783 3754 intelé

210 3797 395 3867 ligendo
421 3799 519 3854 nisi
544 3798 601 3852 in
644 3801 817 3869 futura
846 3796 1099 3868 felicitate.
1128 3794 1397 3862 Quantum
1441 3791 1571 3847 mihi
1600 3791 1784 3847 Domi-

209 3903 300 3943 nus
324 3889 521 3945 donare
550 3886 804 3959 dignatur
826 3927 842 3954 ,
871 3896 1129 3957 quantum
1158 3884 1287 3939 mihi
1316 3881 1525 3938 videtur
1549 3882 1786 3953 (videtur

207 3986 371 4035 autem
390 3990 444 4036 et
463 3978 662 4035 melius
680 3976 1033 4048 melioribus).
1056 3977 1135 4032 sic
1156 3983 1282 4046 puto
1305 3976 1459 4030 istam
1481 3975 1619 4030 solvi
1641 3990 1786 4045 qua:-

206 4069 419 4126 stionem
462 4070 679 4127 duobus
705 4069 878 4124 modis
908 4086 922 4122 :
956 4076 1047 4123 aut
1087 4068 1155 4124 de
1192 4067 1443 4138 passione
1469 4067 1613 4122 Petri
1651 4066 1785 4121 dixit

206 4156 467 4225 Dominus,
490 4159 640 4231 quod
667 4158 828 4224 dixit;
849 4167 942 4213 aut
964 4158 1033 4213 de
1059 4156 1345 4228 Evangelia
1367 4154 1608 4212 Joannis.
1631 4155 1784 4223 Quod

204 4256 283 4304 est
305 4249 371 4307 de
398 4252 690 4322 passione:
720 4257 779 4305 ut
801 4248 907 4317 sit,
941 4248 1159 4319 Sequere
1181 4265 1262 4303 me
1282 4291 1297 4316 ,
1326 4256 1508 4319 patere
1535 4263 1630 4319 pro
1654 4262 1742 4304 me
1764 4290 1780 4315 ,

208 4349 375 4409 patere
401 4343 548 4417 quod
596 4354 714 4412 ego.
742 4339 1037 4396 Cruciiixus
1065 4350 1147 4395 est
1174 4340 1315 4396 enim
1346 4339 1587 4394 Christus
1610 4380 1623 4403 ,
1654 4352 1782 4394 cru-

205 4430 381 4488 ciﬁxus
420 4442 504 4490 est
532 4439 593 4489 et
621 4432 836 4487 Petrus.
873 4431 1136 4500 Expertus
1178 4440 1260 4486 est
1286 4431 1464 4485 clavos
1486 4471 1500 4495 ,
1534 4440 1783 4499 expertus

204 4530 280 4578 est
297 4525 586 4581 cruciatus.
603 4522 834 4579 Joannes
850 4530 1027 4577 autem
1044 4523 1175 4577 nihil
1192 4537 1376 4577 eorum
1397 4530 1650 4590 expertus
1664 4530 1747 4575 est
1765 4538 1778 4574 :

203 4609 300 4670 hoc
322 4626 422 4683 est,
453 4617 547 4674 Sic
572 4632 686 4672 eum
722 4616 837 4670 volo
859 4630 1079 4682 manere,
1111 4614 1228 4670 sine
1258 4614 1498 4680 vulnere,
1528 4613 1644 4669 sine
1663 4629 1784 4669 cru-

204 4697 337 4760 ciatu
362 4710 630 4777 dormiat,
662 4718 715 4763 et
743 4715 1014 4779 exspectet
1040 4721 1148 4761 me.
1180 4704 1262 4759 Tu
1298 4723 1379 4760 me
1419 4723 1656 4776 sequere,
1686 4721 1781 4775 pa-

208 4803 313 4851 tere
335 4798 473 4867 quod
501 4813 645 4869 ego:
674 4798 984 4869 sanguinem
1016 4796 1125 4851 fudi
1151 4810 1247 4865 pro
1272 4803 1347 4861 te,
1371 4794 1532 4850 funde
1556 4810 1654 4868 pro
1672 4811 1778 4850 me.

210 4883 319 4942 lino
350 4903 476 4961 ergo
506 4892 613 4947 isto
636 4890 796 4945 modo
820 4888 1013 4960 eSponi
1041 4897 1245 4960 potest,
1272 4887 1414 4958 quod
1439 4887 1636 4942 dictum
1663 4898 1779 4951 est,

209 4978 293 5032 Sic
328 4995 441 5035 eum
478 4982 597 5037 uolo
621 4996 857 5048 manere,
890 4980 1046 5035 donec
1082 4979 1273 5033 veniam
1302 4993 1321 5032 :
1352 4985 1405 5030 tu
1444 4993 1521 5031 me
1543 4994 1782 5045 sequere:

208 5065 334 5123 Nolo
374 5081 426 5126 ut
465 5072 585 5144 ipse
624 5072 888 5142 patiatur,
931 5078 987 5126 tu
1023 5078 1227 5140 patere.
1264 5067 1566 5123 Secundum
1606 5076 1782 5124 autem

209 5156 544 5232 Evangelium
569 5162 788 5220 Joannis
806 5204 821 5228 ,
852 5162 954 5216 hoc
980 5160 1110 5216 mihi
1139 5160 1347 5214 videtur
1372 5159 1592 5230 intelligi
1617 5177 1629 5213 :
1653 5174 1784 5230 quo-

207 5248 341 5304 niam
368 5248 561 5308 Petrus
584 5253 801 5323 scripsit
825 5251 893 5307 de
917 5251 1144 5306 Domino
1163 5291 1178 5317 ,
1213 5249 1541 5318 scripserunt
1576 5259 1628 5303 et
1654 5250 1780 5314 alii;

206 5339 296 5393 sed
320 5342 583 5412 scriptura
605 5357 793 5398 eorum
818 5342 983 5412 magis
1006 5341 1145 5396 circa
1171 5339 1552 5394 humanitatem
1578 5338 1782 5394 Domini

207 5438 286 5484 est
308 5441 586 5503 occupata.
616 5434 871 5489 Dominus
897 5432 1040 5489 enim
1066 5431 1308 5487 Christus
1337 5438 1389 5484 et
1418 5430 1559 5484 Deus
1586 5438 1668 5484 est
1686 5469 1700 5496 ,
1731 5437 1786 5485 et

210 5516 381 5575 homo.
412 5521 552 5590 Quid
580 5534 663 5579 est
691 5523 887 5579 homo?
913 5518 1104 5577 Anima
1131 5529 1186 5576 et
1212 5535 1359 5576 caro.
1389 5519 1526 5588 Quid
1550 5528 1634 5575 est
1656 5535 1784 5591 ergo

206 5609 485 5671 Christus?
508 5614 743 5672 Verbum
764 5655 780 5681 ,
808 5616 982 5669 anima
1005 5623 1058 5670 et
1079 5627 1224 5669 caro.
1248 5610 1355 5669 Sed
1375 5612 1547 5683 qualis
1570 5611 1785 5666 ultima?

208 5704 329 5772 quia
349 5713 404 5760 et
429 5720 621 5776 pecora
638 5706 834 5762 habent
859 5706 1081 5761 animas.
1100 5703 1356 5771 Verbum,
1376 5704 1647 5759 rationalis
1672 5704 1786 5758 ani-

211 5809 291 5850 ma
324 5807 377 5853 et
415 5813 579 5863 caro;
611 5800 711 5857 hoc
751 5807 919 5856 totum
956 5796 1213 5855 Christus.
1258 5795 1365 5852 Sed
1404 5792 1472 5853 dc
1508 5794 1781 5854 divinitate

1612 391 1844 450 SERMO
1880 390 2094 447 CCLIV.

3345 406 3483 462 “82

1897 507 2093 563 Christi
2118 509 2170 564 in
2195 509 2382 565 litteris
2407 512 2547 569 Petri
2587 512 2786 580 aliquid
2809 515 2824 548 ί
2851 535 2866 570 :
2897 516 2951 571 in
2977 517 3263 590 Evangelia
3300 533 3479 579 autem

1895 598 2117 656 Joannis
2154 598 2377 656 multum
2414 604 2633 659 eminet.
2680 605 2747 659 In
2784 609 3035 679 principio
3075 621 3180 666 erat
3227 612 3476 685 Verbum,

1898 689 2010 758 ipse
2036 689 2187 745 dixit.
2216 690 2566 749 Transcendit
2590 696 2759 752 nubes
2778 738 2794 764 ,
2832 707 2887 754 et
2912 701 3241 758 transcendit
3265 703 3438 760 sidera
3456 747 3475 773 ,

1898 783 2224 837 transcendit
2247 784 2512 855 Angelos,
2542 788 2868 843 transcendit
2893 804 3105 846 omnem
3136 803 3436 849 creaturam
3457 838 3475 863 ,

1896 876 2140 944 pervenit
2160 875 2225 931 ad
2253 876 2484 934 Verbum
2505 919 2522 945 ,
2553 893 2650 949 per
2673 879 2973 949 quod-iacta
3000 893 3125 940 sunt
3146 887 3344 941 omnia;
3372 904 3397 939 ι
3418 887 3475 943 in

1897 965 2153 1035 principio
2177 977 2292 1023 erat
2317 967 2585 1037 Verbum,
2614 982 2670 1026 et
2693 970 2923 1027 Verbum
2950 985 3066 1029 erat
3096 976 3236 1046 apud
3268 977 3434 1034 Deum
3455 1021 3473 1047 ,

1893 1064 1950 1111 et
1964 1057 2102 1112 Deus
2117 1067 2232 1112 erat
2245 1057 2479 1115 Verbum
2500 1059 2633 1117 :boc
2648 1071 2764 1118 erat
2785 1061 2835 1116 in
2853 1064 3111 1134 principio
3126 1067 3262 1136 apud
3284 1066 3472 1123 Deum.

1893 1144 2080 1202 Omnia
2103 1162 2199 1218 per
2217 1149 2389 1219 ipsum
2410 1149 2547 1206 facta
2567 1160 2693 1207 sunt
2711 1171 2731 1206 ι
2757 1150 2933 1224 (lacn.
2958 1171 2995 1223 I,
3014 1154 3294 1227 1%).“Quis
3310 1158 3471 1227 videt,

1892 1238 2013 1306 quis
2049 1239 2280 1309 cogitat,
2324 1242 2444 1309 quis
2479 1242 2640 1313 digne
2674 1245 2959 1315 suscipiat,
3002 1248 3122 1318 quis
3156 1248 3476 1320 digne'pro-

1893 1330 2137 1386 nuntiet?
2165 1332 2313 1388 Tunc
2342 1333 2509 1390 habet
2547 1337 2688 1392 bene
2726 1336 2989 1409 intelligi‘
3010 1382 3024 1405 ,
3056 1341 3271 1410 quando
3308 1356 3475 1399 vene-

1892 1420 1962 1474 rit
1985 1420 2248 1478 Christus.
2278 1423 2366 1480 Sic
2388 1442 2503 1479 eunt
2532 1427 2646 1481 colo
2670 1444 2906 1497 manere,
2937 1429 3095 1485 donec
3120 1433 3333 1486 veniam.
3365 1434 3474 1489 Ex-

1892 1511 2046 1580 posui
2086 1512 2227 1568 sicut
2268 1515 2462 1584 potui:
2508 1525 2684 1587 potest
2728 1519 2842 1589 ipse
2879 1521 3078 1577 melius
3121 1522 3173 1577 in
3218 1523 3474 1579 cordibus

1892 1601 2104 1659 vestris.

2367 1695 2600 1753 SERItO
2633 1696 2828 1755 CCLIV
2858 1705 2875 1725 ο
2901 1697 3000 1770 (α).

2314 1804 2369 1859 ιιι
2390 1809 2567 1861 diebus
2586 1812 2906 1873 Paschalibus,
2926 1826 3044 1864 xxv.

1961 1905 2189 1964 CAPUT
2216 1908 2496 1968 PRIMUM.
2517 1943 2588 1952 —
2611 1914 2661 1967 1.
2688 1912 2926 1970 Tristitia:
2957 1926 3151 1988 tempus
3173 1919 3314 1989 prius
3352 1928 3477 1974 lem-

1892 2014 2014 2069 pore
2058 2000 2264 2056 latitia.
2292 2001 2381 2058 Sic
2412 2018 2475 2059 se
2516 2003 2707 2071 habet,
2753 2005 2943 2061 fratres
2984 2009 3123 2075 mei,
3173 2009 3250 2064 sic
3288 2024 3346 2065 se
3378 2010 3475 2065 ha-

1891 2086 1980 2143 bet
2011 2087 2223 2145 miseria
2260 2100 2459 2146 nostra:
2494 2092 2816 2148 conditionis
2856 2104 2910 2152 et
2948 2096 3042 2152 Dei
3080 2098 3383 2169 miseratio,
3415 2112 3476 2157 ut

1892 2186 2098 2250 tempus
2123 2181 2389 2236 maestitia!
2414 2189 2623 2252 tempus
2649 2183 2844 2238 laetitiae
2869 2185 3136 2261 praecedat
3163 2205 3175 2239 :
3206 2186 3255 2242 id
3278 2198 3358 2243 est
3376 2230 3392 2255 ,
3419 2201 3476 2245 ut

1891 2269 2039 2340 prius
2071 2270 2139 2325 sit
2165 2279 2371 2341 tempus
2399 2273 2686 2340 maestitiae,
2722 2275 2985 2343 posterius
3010 2284 3217 2346 tempus
3240 2278 3470 2339 Ιιυιὶιὶως

1894 2360 2037 2428 prius
2064 2356 2132 2416 sit
2171 2368 2379 2431 tempus
2408 2361 2603 2418 laboris
2623 2404 2639 2431 ,
2668 2364 2933 2433 posterius
2956 2356 3188 2435 'quiclis;
3232 2354 3377 2437 prius
3406 2370 3476 2423 sit

1894 2457 2105 2518 tempus
2137 2450 2453 2505 calamitatis
2474 2494 2488 2517 ,
2520 2453 2786 2522 posterius
2808 2452 3097 2509 felicitatis.
3124 2454 3211 2511 Sic
3234 2469 3292 2511 se
3315 2455 3476 2512 habet

1890 2539 2104 2593 miseria
2136 2548 2333 2595 nostra:
2360 2541 2702 2607 conditionis,
2734 2551 2794 2597 ut
2818 2543 3068 2611 diximus,
3088 2555 3140 2600 et
3168 2545 3344 2600 divina
3375 2550 3475 2602 mi-

1891 2629 2108 2683 seratio.
2151 2626 2384 2701 Tempus
2421 2631 2562 2686 enim
2606 2633 2904 2698 mmstitim,
2940 2633 3171 2700 laboris,
3208 2637 3472 2706 miseriae,

1893 2730 2103 2791 peccata
2133 2731 2314 2777 nostra
2344 2722 2497 2778 nobis
2539 2732 2858 2794 pepererunt
2888 2742 2902 2778 :
2936 2733 3143 2796 tempus
3172 2742 3297 2781 vero
3337 2728 3474 2783 laeti-

1892 2809 1977 2864 tiae
1994 2851 2009 2875 ,
2038 2810 2231 2880 quietis
2248 2852 2264 2876 ,
2293 2811 2563 2867 fclicitatis
2582 2854 2597 2878 ,
2625 2827 2735 2867 non
2762 2813 2903 2868 venit
2923 2813 2988 2869 de
3015 2815 3218 2870 meritis
3241 2819 3468 2883 noslris,

1890 2899 1985 2954 Sed
2010 2899 2077 2954 de
2105 2901 2272 2971 gratia
2295 2899 2611 2957 Salvatoris.
2640 2903 2795 2957 Aliud
2822 2918 3112 2972 meremur,
3130 2903 3271 2960 aliud
3294 2921 3475 2976 spera-

1889 3006 2009 3046 mus
2029 3010 2045 3047 :
2062 3008 2332 3049 meremur
2351 2995 2511 3060 mala,
2530 3010 2806 3066 speramus
2824 2997 2982 3052 bona.
3004 2996 3117 3053 Hoc
3138 2996 3260 3053 facit
3275 2999 3476 3054 miscri-

1889 3078 2067 3138 cordia
2090 3081 2228 3153 ejus,
2252 3086 2340 3156 qui
2364 3087 2565 3142 creavit
2585 3101 2702 3141 nos.
2765 3156 2769 3161 θ

1954 3175 2014 3231 2.
2039 3173 2266 3230 Tristitia
2285 3176 2418 3231 unde
2448 3194 2556 3231 esse
2573 3177 2733 3231 debet.
2762 3177 3060 3234 Poeniteutia
3093 3181 3471 3253 impmnitenda.

1889 3264 1995 3321 Sed
2032 3275 2270 3337 tempore
2295 3267 2523 3322 miseria:
2552 3278 2747 3323 nostrae
2767 3311 2782 3335 ,
2810 3279 2865 3324 ει
2886 3311 2900 3333 ,
2929 3269 3067 3324 sicut
3092 3269 3363 3342 Scriptum
3391 3274 3472 3327 ln-

1888 3358 2085 3428 qnitur,
2107 3357 2295 3413 diebus
2321 3358 2606 3414 nativitatis
2633 3370 2845 3424 nostrae,
2873 3376 3031 3416 nosse
3059 3361 3315 3418 debemus
3331 3365 3473 3420 unde

1888 3444 2081 3503 debeat
2107 3462 2226 3501 esse
2253 3448 2363 3516 ipsa
2392 3448 2623 3503 tristitia.
2651 3449 2886 3502 Tristitia
2916 3451 3056 3504 enim
3086 3450 3165 3506 sic
3190 3461 3302 3518 est,
3334 3470 3471 3523 quo-

1889 3537 2049 3590 modo
2073 3545 2297 3591 stercus.
2324 3537 2542 3592 Stercus
2568 3552 2671 3591 non
2698 3538 2817 3593 loco
2842 3538 2939 3592 'suo
2966 3539 3217 3608 positum,
3243 3538 3472 3597 immun-

1886 3626 2016 3680 ditia
2043 3632 2147 3680 est.
2184 3625 2403 3681 Stercus
2432 3642 2536 3680 non
2577 3627 2695 3681 loco
2721 3640 2818 3683 suo
2847 3628 3076 3698 poeitum
3096 3670 3111 3697 ,
3148 3631 3471 3689 immundam

1882 3716 2015 3772 facit
2040 3716 2258 3772 domum
2283 3733 2297 3773 :
2322 3717 2439 3772 loco
2464 3733 2562 3772 suo
2585 3719 2836 3787 positum,
2858 3712 3081 3774 fertilem
3113 3716 3236 3777 facit
3261 3738 3467 3794 agrum.

1886 3809 2079 3865 Videte
2097 3810 2347 3866 stercoris
2376 3810 2548 3864 locum
2568 3810 2634 3863 ab
2653 3810 2880 3880 agricola
2910 3810 3201 3880 provisum.
3224 3813 3313 3868 Ait
3329 3814 3471 3884 Apo-

1889 3901 2060 3956 stoius
2088 3918 2101 3955 :
2139 3920 2158 3954 ι
2187 3900 2253 3955 Ει
2289 3903 2409 3970 quis
2434 3909 2516 3956 est
2550 3900 2640 3973 qui
2670 3918 2756 3956 me
2784 3901 3052 3970 lmtilicet,
3084 3903 3182 3959 nisi
3218 3905 3307 3976 qui
3336 3922 3468 3962 con-

1890 3996 2128 4050 tristatur
2151 4010 2217 4051 ex
2243 4010 2328 4050 me
2357 4020 2375 4048 ο
2409 3994 2474 4065 (11
2507 3995 2625 4051 Cor.
2653 4012 2720 4061 ιι,
2754 3995 2853 4067 2)?
2882 3996 2949 4055 Et
2968 3997 3071 4051 alio
3098 3997 3215 4053 loco
3244 4016 3257 4052 :
3296 4016 3314 4050 ι
3347 3999 3471 4054 Tri-

1889 4087 2052 4153 stitia,
2080 4106 2099 4140 ι
2131 4072 2320 4158 inquit,
2357 4106 2374 4139 ι
2400 4088 2689 4143 secundum
2720 4089 2885 4145 Deum
2915 4089 3278 4159 paenitentiam
3306 4092 3356 4145 in
3382 4109 3472 4146 sa-

1890 4175 2051 4231 lutem
2081 4177 2515 4246 impmnitcndam
2539 4176 3041 4249 operalun(ld.vn,
3071 4179 3183 4252 10).
3202 4223 3217 4230 -
3265 4181 3364 4250 Qui
3386 4196 3471 4238 so-

1890 4266 2120 4321 cundum
2143 4268 2304 4322 Deum
2338 4267 2502 4322 tristis
2525 4277 2624 4333 est,
2646 4268 2698 4322 in
2730 4268 3097 4338 ptnnitentiam
3119 4271 3282 4325 tristis
3306 4272 3471 4328 estde

1889 4356 2119 4425 peccatis
2134 4357 2264 4409 suis.
2283 4355 2517 4410 Tristitia
2540 4346 2606 4410 de
2631 4356 2904 4426 iniquitate
2922 4360 3187 4428 propriam
3211 4359 3285 4432 (b)
3306 4360 3474 4431 justi~

1889 4447 2016 4502 tiam
2049 4448 2291 4517 parturit.
2324 4446 2479 4503 Prius
2505 4447 2598 4502 tibi
2631 4446 2906 4520 displiceat
2926 4450 3065 4521 quod
3100 4468 3181 4520 es,
3216 4462 3273 4509 ut
3299 4432 3470 4525 possis

1886 4553 2007 4593 esse
2032 4536 2171 4607 quod
2196 4553 2297 4591 non
2320 4552 2400 4593 es.

1956 4628 2184 4685 CAPUT
2214 4629 2366 4685 ll.-—-
2389 4648 2408 4681 ι
2431 4629 2559 4698 Qua:
2584 4628 2874 4693 secundum
2900 4630 3066 4689 Deum
3099 4642 3200 4701 est,
3230 4654 3247 4688 ι
3275 4635 3466 4706 inquit,

1892 4738 1911 4771 ι
1938 4720 2168 4784 tristitia,
2190 4722 2549 4790 paenitentiam
2571 4722 2622 4776 in
2644 4723 2868 4777 salutem
2890 4722 3325 4792 impmnitendam
3349 4741 3471 4795 ope-

1886 4824 2053 4866 ratur.
2083 4812 2475 4878 Ptnnitcntiam,
2508 4831 2526 4865 ι
2560 4811 2748 4882 inquit,
2785 4798 2884 4865 (in
2911 4812 3157 4867 salutem.
3188 4831 3206 4863 ι
3243 4810 3464 4879 Qualem

1886 4900 2152 4955 Salutem?
2184 4918 2202 4952 t
2230 4898 2688 4970 impteuiteudam.
2721 4920 2738 4952 ι
2774 4900 2909 4968 Quid
2935 4911 3037 4965 est,
3074 4919 3093 4952 ι
3123 4901 3466 4971 Impmuiten-

1886 4989 2049 5045 dam?
2075 5009 2094 5042 ι
2127 4988 2290 5058 Cujus
2316 4998 2367 5044 te
2393 4989 2609 5044 omnino
2634 4989 2894 5060 poenitere
2923 5007 3025 5044 non
3054 4992 3240 5061 possit.
3273 4991 3469 5046 Habui-

1888 5097 2005 5136 mus
2033 5083 2173 5157 enim
2190 5081 2350 5135 vitam
2375 5081 2526 5151 cujus
2544 5095 2641 5135 nos
2664 5080 2942 5140 debuimus
2966 5083 3258 5151 pteuitere:
3283 5083 3445 5138 imbui

1890 5188 2010 5228 mus
2036 5173 2194 5227 vitam
2220 5169 2725 5243 pmnitendamﬁed
2755 5187 2857 5227 non
2888 5188 3166 5243 possumus
3192 5175 3471 5244 pervenire

1953 5304 2270 5417 gila‘liiquot
2288 5304 2618 5368 manusa-ipti.
2644 5303 2730 5355 Alii
2767 5316 2910 5367 vero,
2946 5316 3042 5355 non
3075 5300 3279 5370 aliquid.
3315 5305 3471 5367 Editi,

1888 5382 1982 5464 mi
1997 5367 2156 5487 giiii‘,’
2178 5436 2303 5477 Tunc
2324 5425 2451 5491 huic
2471 5423 2558 5489 qui
2587 5424 2701 5477 bene
2723 5424 2961 5491 mirga.
2988 5426 3308 5491 Etneudautur
3333 5434 3472 5478 veto;

1887 5506 1995 5543 rum
2019 5490 2236 5553 codicum
2258 5487 2577 5551 amwritate,
2613 5502 2646 5539 e
2677 5487 3482 5553 quibusnoumtlliomtuuntgar-

1890 5554 2102 5606 ticulam,
2125 5550 2257 5601 bene.

2446 5612 2497 5660 in
2528 5616 2645 5661 ante
2678 5610 2824 5663 editis
2846 5611 3118 5663 invenimus
3134 5643 3151 5674 ,
3172 5624 3272 5662 non
3308 5618 3484 5663 autem»

1889 5678 1938 5728 in
1961 5674 2310 5736 manusu‘iptis.

1954 5740 2027 5804 (ᾳ)
2067 5734 2213 5792 Alias,
2229 5734 2293 5783 de
2316 5740 2554 5804 Tempore
2581 5734 2684 5785 iiii.

1960 5742 2005 5795 [α
2067 5740 2204 5792 Alias,
2229 5740 2293 5783 de
2316 5740 2442 5797 'l‘eml

1960 5740 2029 5865 (l1;
2054 5805 2208 5859 Forte,
2231 5794 2442 5858 propria.
