3926 6188
381 408 516 461 H85

377 523 446 574 ad
489 520 646 574 vitam
687 513 1156 585 imptenitendam,
1199 511 1300 567 nisi
1345 525 1438 582 per
1482 508 1633 563 mala:
1681 507 1802 561 viLe
1845 517 1957 574 pce-

385 610 676 666 t.iteutiam.
719 605 1020 676 Numquid,
1067 606 1291 666 fratres,
1335 612 1394 656 ut
1431 600 1610 656 dicere
1655 611 1959 668 cmperam,

384 703 435 755 in
465 715 636 755 massa
674 699 833 754 tritici
876 706 1092 768 purgata
1128 695 1368 751 invenies
1395 691 1641 748 stercus?
1669 690 1870 743 Tamen
1897 685 1962 740 ad

384 795 528 852 illum
583 792 810 846 nitorem
845 830 862 854 ,
911 788 977 842 ad
1028 789 1168 841 illam
1219 784 1455 856 speciem
1508 790 1566 836 et
1614 776 1963 852 pulchritudi-

384 900 503 938 nem
532 898 626 952 per
659 890 865 936 stercus
891 878 1200 948 pervenitur
1231 893 1244 929 :
1278 875 1354 931 rei
1383 873 1616 946 pulchra:
1647 871 1854 926 fmditas
1880 867 1964 921 via

379 973 500 1042 fuit.

313 1122 321 1130 _.
400 1099 430 1126 ,ι
457 1061 888 1132 aduri-actuosa
915 1059 1085 1114 arbori
1123 1067 1316 1112 stercus
1343 1054 1626 1110 adhibitum
1666 1052 1831 1122 ﬁgura
1859 1065 1966 1118 pae-

360 1149 628 1224 jjitentiw.
657 1151 845 1208 Merito
872 1151 1036 1207 etiam
1065 1148 1317 1204 Dominus
1342 1147 1470 1202 dicit
1509 1146 1561 1199 in
1593 1141 1879 1211 Evangelio
1903 1138 1970 1192 de

345 1316 348 1319 _
385 1250 610 1317 quadam
641 1249 832 1304 arbore
875 1249 1200 1304 infructuosa
1233 1265 1246 1300 :
1275 1246 1397 1299 Jam
1443 1259 1556 1298 ecce
1585 1239 1857 1295 triennium
1896 1243 1971 1290 est

325 1329 327 1332 i
386 1343 519 1405 quod
547 1342 687 1394 venio
706 1343 773 1394 ad
795 1357 904 1394 eam
922 1383 937 1406 ,
960 1351 1006 1394 et
1031 1345 1252 1412 fructum
1274 1340 1328 1391 in
1354 1353 1415 1391 ea
1441 1351 1541 1388 non
1570 1332 1763 1386 invenio
1786 1347 1804 1384 :
1835 1343 1969 1399 prc-

389 1431 553 1483 cidant
576 1432 717 1499 illam
742 1472 756 1493 ,
787 1449 848 1485 ne
869 1433 990 1485 mihi
1017 1447 1196 1502 agrum
1224 1427 1484 1499 impediat.
1513 1421 1798 1479 intercedit
1821 1420 1970 1474 colo-

391 1535 548 1583 nus‘:
583 1522 878 1577 intercedit
911 1523 1019 1593 jam
1062 1521 1236 1578 securi
1277 1520 1587 1574 imminente
1634 1510 1974 1568 infructuosis

392 1601 686 1679 radicibus,
712 1623 765 1669 et
793 1629 927 1684 pene
957 1613 1181 1667 feriente
1206 1628 1220 1676 ;
1255 1607 1540 1664 intercedit
1567 1605 1810 1669 colonus,
1837 1615 1974 1671 quo-

393 1704 553 1758 modo
577 1704 875 1759 intercessit
909 1704 1018 1758 Deo
1059 1703 1302 1773 Moyses;
1331 1697 1610 1755 intercedit
1637 1695 1859 1750 colonus
1879 1731 1894 1757 ,
1922 1699 1977 1746 et

397 1798 563 1851 dicit:
597 1797 826 1861 Domine,
859 1779 1050 1850 dimitte
1082 1795 1224 1848 illam
1259 1804 1303 1847 et
1334 1793 1428 1846 hoc
1453 1806 1586 1844 anno
1607 1804 1624 1852 ;
1646 1783 1978 1852 circumfodio

393 1889 459 1951 ri,
499 1898 545 1941 et
584 1888 794 1941 adhibeo
839 1888 1110 1956 cap/tinum
1145 1885 1375 1938 stercoris
1404 1898 1422 1938 :
1447 1883 1491 1935 si
1529 1879 1699 1951 fecerit
1737 1877 1977 1947 fructum,

398 1980 550 2038 tene;
591 1977 635 2030 si
671 1993 768 2046 quo
813 1976 1006 2040 minus,
1039 1973 1277 2040 prwcides
1311 1989 1419 2025 eam
1467 1969 1616 2039 (Luc.
1667 1983 1792 2032 xm,
1823 1966 1876 2031 6,
1901 1964 1976 2033 9).

401 2067 572 2119 Arbor
601 2065 696 2119 ista
746 2079 912 2135 genus
939 2075 1020 2118 est
1050 2063 1356 2117 humanum.
1383 2059 1628 2114 Visitavit
1653 2058 1804 2111 istam
1828 2055 1984 2110 arbo-

399 2171 512 2208 rem
562 2154 817 2208 Dominus
855 2165 1094 2223 tempore
1147 2151 1594 2214 Patriarcharum,
1623 2146 1771 2216 quasi
1812 2145 1982 2214 primo

398 2260 558 2298 anno.
592 2241 844 2299 Visitavit
883 2261 999 2300 eam
1039 2255 1278 2314 tempore
1307 2243 1462 2314 Legis
1490 2251 1542 2296 et
1570 2239 1973 2309 Prophetarum,

397 2336 546 2405 quasi
572 2335 806 2391 secundo
834 2351 995 2390 anno.
1028 2335 1166 2390 Ecce
1196 2333 1250 2388 in
1281 2331 1570 2403 Evangelia
1602 2329 1786 2386 tertius
1810 2339 1985 2381 annus

402 2414 586 2485 Illuxit.
609 2429 733 2500 iam
758 2429 906 2499 quasi
951 2427 1163 2498 przecidi
1200 2426 1417 2482 debuit:
1441 2424 1535 2480 sed
1563 2419 1861 2491 interpellat
1888 2417 1987 2472 mi-

402 2520 642 2574 sericors
667 2519 1084 2574 misericordem.
1120 2517 1220 2585 Qui
1256 2517 1398 2571 enim
1421 2531 1478 2570 se
1507 2513 1714 2568 volebat
1737 2509 1990 2566 exhibere

401 2608 799 2664 misericordem
821 2650 836 2673 ,
868 2608 982 2676 ipse
1011 2607 1112 2662 sibi
1161 2606 1411 2676 opposuit
1439 2605 1866 2658 intercessorem.
1898 2599 1986 2653 Di-

407 2699 665 2761 mittatur,
702 2697 891 2767 inquit,
918 2706 971 2752 et
1001 2696 1101 2752 hoc
1129 2711 1269 2750 anno
1298 2714 1310 2748 τ
1340 2693 1772 2750 circomfodialur
1809 2692 1857 2746 ci
1883 2688 1992 2745 fos-

402 2804 496 2854 sa;
543 2788 753 2858 signum
803 2796 886 2842 est
949 2787 1263 2840 humilitatis
1315 2803 1326 2838 :
1372 2784 1686 2840 adhibeatur
1732 2781 1992 2851 c0phinus

403 2877 675 2944 stercoris,
706 2877 752 2930 si
781 2875 917 2931 forte
937 2876 1028 2931 det
1053 2876 1299 2932 fructum.
1329 2875 1439 2931 lmo
1459 2876 1581 2945 quia
1610 2873 1699 2928 dat
1730 2873 1952 2926 fructum
1972 2912 1988 2938 ,

404 2983 470 3022 ex
513 2977 660 3037 parte
704 2983 808 3022 non
855 2966 946 3021 dat
990 2966 1255 3033 fructum,
1282 2967 1458 3022 veniet
1503 2965 1759 3020 Dominus
1778 2965 1912 3033 ejus,
1940 2973 1993 3018 et

404 3057 606 3112 dividet
647 3073 763 3113 eam
795 3066 811 3128 (
840 3056 966 3111 Luc.
997 3073 1067 3111 xn
1092 3099 1107 3124 ,
1140 3057 1252 3130 46).
1286 3055 1421 3127 Quid
1451 3063 1572 3123 est,
1597 3053 1834 3109 dividet?
1859 3052 1993 3120 Quia

405 3157 528 3202 sunt
555 3147 702 3213 boni,
734 3157 788 3202 et
837 3156 961 3202 sunt
1000 3148 1124 3203 mali
1157 3166 1170 3202 :
1198 3147 1356 3202 modo
1381 3157 1557 3202 autem
1594 3146 1649 3200 in
1678 3160 1783 3199 uno
1824 3153 1990 3212 ccetu,

407 3249 654 3306 tanquam
683 3238 732 3290 in
762 3254 867 3293 uno
893 3253 1120 3308 corpore
1149 3247 1272 3293 sunt
1297 3237 1591 3291 constituti.

477 3325 701 3384 CAPUT
741 3326 828 3381 ill.
856 3357 928 3368 ——
957 3328 1010 3382 4.
1046 3327 1268 3382 Tristitia
1289 3329 1352 3382 de
1377 3328 1550 3383 δαῖενιὶ
1571 3327 1714 3382 rebus
1739 3327 1993 3399 pernicio-

407 3435 482 3471 ad.
519 3418 644 3484 ριιω
677 3419 757 3472 hic
783 3419 1022 3490 lugenda.
1055 3419 1193 3490 Ergo
1214 3460 1231 3484 ,
1259 3419 1450 3475 fratres
1471 3419 1596 3484 mei,
1621 3428 1677 3473 ut
1703 3419 1838 3486 dixi,
1861 3427 1996 3475 ster-

408 3509 548 3564 curis
581 3509 730 3564 locus
754 3520 1085 3580 Opportunus
1119 3509 1212 3565 dat
1231 3509 1464 3565 fructum
1489 3551 1504 3577 ,
1535 3510 1869 3580 importunus
1896 3525 1994 3565 au-

410 3611 516 3658 tem
542 3601 716 3657 locum
759 3600 885 3657 facit
919 3600 1272 3658 immundum.
1309 3600 1501 3658 Nescio
1528 3603 1648 3672 quis
1684 3602 1848 3658 tristis
1871 3609 1953 3657 est
1976 3640 1994 3669 ,

411 3691 587 3746 inveni
636 3692 816 3746 nescio
859 3707 1016 3761 quem
1059 3695 1309 3750 tristem:
1337 3699 1545 3748 stercus
1589 3692 1778 3758 video,
1821 3693 1998 3748 locum

410 3795 625 3850 qurere;
655 3779 763 3847 dic,
794 3781 966 3837 amice
986 3823 1000 3848 ,
1025 3780 1164 3837 unde
1207 3781 1375 3838 tristis
1403 3782 1500 3838 es?
1521 3781 1755 3849 Perdidi,
1786 3782 1996 3852 inquit,

414 3870 710 3938 pecuniam.
751 3869 927 3926 Locus
970 3870 1311 3938 immundus,
1347 3871 1550 3927 fructus
1581 3874 1775 3928 nullus.
1809 3873 2001 3926 Audiat

417 3961 722 4032 Apastolum
755 3979 768 4016 :
813 3961 1038 4018 Tristitia
1081 3964 1256 4018 mundi
1282 3976 1490 4019 mortem
1517 3975 1754 4034 operatur
1784 3964 1847 4036 (ll
1879 3965 1995 4020 Cor.

419 4068 509 4116 vn,
571 4052 680 4124 10).
733 4052 847 4107 Non
887 4055 1058 4108 solum
1112 4055 1312 4109 fructus
1347 4055 1553 4121 nullus,
1583 4054 1675 4109 sed
1720 4065 1773 4110 ct
1811 4071 1999 4126 magna

417 4144 698 4209 pernicies.
729 4144 818 4198 Sic
853 4152 906 4198 ct
930 4143 997 4200 de
1018 4146 1228 4201 ca-teris
1265 4145 1422 4200 rebus
1459 4145 1525 4200 ad
1554 4145 1743 4216 gaudia
1782 4147 2002 4201 smcula-

417 4235 492 4286 ria
536 4234 951 4301 pertinentibus,
983 4251 1117 4306 quas
1152 4251 1242 4292 res
1281 4236 1496 4305 longum
1541 4245 1624 4291 est
1663 4251 1998 4291 enumerare.

421 4325 584 4380 Video
609 4329 768 4381 alium
802 4329 1120 4392 tristantem,
1149 4337 1467 4399 gementem,
1493 4327 1707 4382 ﬂentem
1736 4345 1750 4382 :
1781 4327 2002 4380 multum

416 4420 663 4473 stercoris
688 4419 872 4483 video,
905 4429 958 4473 et
991 4420 1056 4474 ibi
1089 4421 1261 4474 locum
1295 4434 1498 4490 qumro.
1533 4421 1740 4474 Etcum
1769 4418 2002 4474 viderem

419 4509 658 4573 tristem,
689 4508 934 4574 ﬂentem;
966 4509 1171 4578 inspexi
1209 4519 1263 4564 et
1307 4519 1569 4564 orantem.
1619 4508 1791 4564 Orans
1823 4509 2006 4564 nescio

417 4596 541 4665 quid
577 4598 706 4650 mihi
751 4598 902 4652 bona:
950 4598 1352 4668 signiﬁcationis
1394 4601 1649 4669 ingessit:
1695 4600 1789 4655 sed
1834 4600 2008 4655 adhuc

423 4689 594 4742 locum
625 4703 829 4758 qua-ro.
857 4688 992 4754 Quid
1018 4688 1158 4742 enim
1184 4688 1229 4742 si
1269 4687 1368 4743 istc
1397 4703 1586 4753 orans,
1610 4705 1859 4760 gemens,
1889 4705 2007 4744 ma-

417 4799 520 4851 gno
559 4782 682 4837 ﬂetu
719 4790 942 4837 mortem
973 4790 1122 4852 roget
1163 4781 1362 4837 inimici
1406 4781 1756 4837 suiiEtiamsi
1799 4785 1875 4838 sic
1898 4785 2007 4853 jam

420 4877 626 4945 plorat,
653 4874 762 4944 jam
797 4884 977 4946 regat,
1007 4875 1118 4945 jam
1165 4883 1310 4940 orat;
1335 4874 1484 4930 locus
1527 4874 1866 4942 immundus,
1897 4874 2007 4930 fru-

417 4983 534 5021 eius
555 4967 752 5022 nullus.
784 4966 912 5021 Plus
945 4977 1030 5022 est
1069 4965 1212 5037 (μιθά
1258 4966 1556 5021 invenimus
1587 4967 1638 5021 in
1676 4965 2004 5037 Scripturis:

421 5068 569 5128 rogat
599 5067 655 5112 ut
681 5058 942 5113 moriatur
964 5057 1211 5113 inimicus
1239 5057 1443 5129 ipsius,
1477 5057 1661 5114 incidit
1705 5059 1756 5115 in
1789 5059 2009 5114 maledi-

417 5150 647 5204 ctioncm
695 5148 882 5204 ludat:
931 5147 1106 5204 Oratio
1152 5149 1260 5221 ejus
1307 5149 1398 5219 ﬁat
1439 5149 1490 5202 in
1532 5160 1790 5221 peccatum
1839 5149 2008 5222 (Psal.

419 5253 562 5302 cvm,
595 5239 672 5308 7).
706 5238 918 5310 Inspexi
966 5240 1128 5295 alium
1179 5255 1365 5295 rursus
1403 5249 1703 5311 gementem
1725 5283 1739 5306 ,
1775 5241 2007 5304 flentem,

421 5339 658 5386 orantem
687 5348 701 5384 :
733 5339 939 5386 stercus
963 5345 1213 5401 agnosco,
1248 5331 1423 5387 locum
1453 5346 1656 5402 quaero.
1690 5332 1892 5386 Intendi
1919 5343 2030 5386 ana

424 5434 530 5478 tem
560 5424 788 5479 orationi
816 5424 953 5494 ejus,
980 5433 1035 5480 et
1059 5423 1217 5479 audio
1243 5423 1508 5480 dicentem
1534 5467 1549 5491 ,
1578 5424 1686 5496 Ego
1713 5425 1822 5479 dixi
1850 5441 1868 5480 :
1899 5425 2008 5480 Do-

425 5514 576 5579 mine,
599 5515 833 5568 miserere
847 5519 979 5579 met;
1002 5531 1128 5569 sana
1153 5516 1378 5569 animam
1407 5529 1569 5569 meam
1596 5558 1610 5583 ,
1637 5516 1872 5587 quoniam
1898 5534 2011 5586 pec-

426 5605 534 5657 cavi
575 5603 662 5660 tibi
699 5605 874 5676 (Ρωι.
901 5622 990 5674 ιι,
1047 5606 1126 5679 5).
1173 5608 1352 5665 Gemit
1393 5620 1670 5679 peccatum
1711 5627 1726 5664 :
1779 5624 2011 5679 agnosco

429 5712 633 5765 agrum,
662 5709 914 5769 exspecto
941 5701 1191 5756 fructum.
1226 5703 1334 5758 Deo
1363 5703 1592 5775 gratias:
1625 5704 1763 5758 bono
1784 5703 1903 5758 loco
1929 5711 2007 5758 cst

427 5801 668 5851 stercus;
718 5808 820 5846 non
864 5793 935 5849 ibi
972 5803 1160 5860 vacat;
1205 5793 1432 5852 fructum
1477 5797 1718 5866 parturit.
1763 5795 1872 5852 llec
1928 5804 2010 5851 cst

1624 386 1676 444 S.
1711 381 2071 444 AL'GUSTINI
2116 374 2407 436 EPISCOPI

3517 372 3657 430 “Si

2067 515 2191 554 vere
2247 507 2453 565 tempus
2509 493 2790 547 fructuosa:
2836 488 3139 555 mosstitirc,
3185 497 3244 543 ut
3295 485 3657 542 cenditiunem

2068 589 2407 644 mortalitatis
2439 596 2632 640 nostra:
2651 627 2665 649 ,
2696 584 3076 638 abundantiam
3105 582 3496 647 tentationum.
3524 583 3652 637 Stib-

2068 682 2336 748 reptiones
2375 737 2377 740 ι
2412 687 2750 748 p.-ccatortnn
2773 715 2787 741 ,
2853 673 3204 728 adversitates
3261 672 3609 742 cupiditatum
3640 714 3656 736 ,

2069 773 2212 828 rixas
2279 769 2826 839 concupiscentiarum
2897 774 3082 821 contra
3147 764 3314 818 bonas
3374 762 3656 833 cogitatio-

2071 878 2167 919 nes
2212 878 2421 930 semper
2464 859 2893 915 tumultuantium
2945 857 3258 912 doleamus:
3310 855 3436 909 hinc
3480 855 3657 908 tristes

2071 955 2256 1010 simus.

2142 1047 2367 1104 CAPUT
2410 1046 2494 1102 IV.
2524 1075 2595 1084 -—
2623 1046 2677 1100 5.
2704 1041 2819 1097 Duo
2864 1053 3116 1111 tempora,
3161 1039 3577 1111 Quadragesima:
3612 1048 3659 1090 rt

2075 1139 2554 1209 Quinquagesimw,
2595 1135 2718 1206 quid
2763 1135 3062 1205 signiﬁcent.
3113 1130 3336 1185 Alleluia
3383 1130 3524 1199 quid.
3549 1129 3662 1183 Hoc

2074 1238 2283 1298 tempus
2328 1227 2558 1283 miseria:
2608 1235 2802 1278 nostra:
2841 1235 2895 1279 et
2929 1224 3158 1292 gemitus
3185 1222 3386 1284 nostri,
3426 1221 3659 1292 quadra-

2073 1323 2218 1390 ginta
2239 1318 2352 1373 dies
2379 1319 2454 1372 illi
2499 1319 2797 1388 signiﬁcant
2835 1327 2958 1370 ante
2992 1314 3233 1370 Pascha:
3264 1315 3461 1369 laetitia:
3510 1329 3656 1376 vero,

2075 1423 2193 1479 qua:
2219 1408 2486 1479 posterior
2524 1407 2626 1462 erit
2647 1450 2661 1472 ,
2689 1406 2878 1476 quietis
2899 1447 2914 1470 ,
2945 1406 3237 1469 felicitatis,
3262 1405 3386 1460 vim:
3425 1418 3661 1467 alternae,

2075 1503 2223 1573 regni
2249 1501 2365 1556 sine
2397 1500 2518 1563 line,
2546 1500 2686 1570 quod
2719 1499 2951 1554 nondum
2977 1507 3078 1562 est,
3103 1498 3186 1551 his
3201 1498 3390 1554 diebus
3404 1497 3666 1566 quinqua-

2077 1593 2240 1664 ginta,
2272 1593 2462 1663 quibus
2500 1592 2687 1648 diebus
2734 1592 2842 1647 Deo
2879 1592 3063 1646 laudes
3088 1591 3360 1656 dicuntur,
3398 1591 3667 1660 significa-

2081 1694 2184 1740 tur.
2220 1683 2591 1754 Signiﬁcantur
2641 1684 2784 1738 enim
2830 1683 2982 1738 nobis
3024 1682 3133 1737 duo
3182 1693 3423 1751 tempora
3456 1700 3470 1736 :
3502 1699 3666 1736 unum

2081 1786 2204 1832 ante
2247 1778 2687 1834 resurrectionem
2733 1775 2973 1840 Domini;
2999 1774 3223 1829 alterum
3265 1782 3386 1843 post
3426 1789 3671 1828 resurre-

2082 1869 2311 1924 ctionem
2359 1869 2783 1932 Domini;unum
2825 1867 2877 1920 in
2928 1882 3034 1936 quo
3085 1880 3299 1930 sumus,
3339 1865 3570 1920 alterum
3616 1864 3670 1918 in

2084 1976 2190 2030 quo
2214 1975 2311 2014 nos
2355 1958 2558 2013 futuros
2600 1974 2720 2013 esse
2760 1971 3058 2028 Sperantes.
3105 1955 3338 2025 Tempus
3399 1956 3668 2019 πυρετοί-ῖς,

2086 2051 2225 2120 quod
2268 2050 2567 2121 signiﬁcant
2594 2050 2708 2105 dies
2735 2048 3165 2118 Quadragesimze
3184 2090 3200 2113 ,
3232 2059 3286 2102 et
3309 2046 3673 2118 signitix-amus

2089 2152 2143 2198 et
2171 2142 2462 2197 habemus:
2486 2151 2694 2210 tempus
2715 2149 2891 2196 autem
2909 2139 3104 2194 Iustitia:
3125 2148 3177 2193 et
3199 2139 3392 2208 quietis
3419 2148 3472 2192 et
3499 2139 3670 2208 regni,

2090 2233 2230 2300 quod
2259 2233 2554 2301 signiﬁcant
2585 2231 2700 2286 dies
2731 2232 2848 2298 isti,
2880 2231 3239 2300 signiﬁcamus
3276 2246 3373 2301 per
3399 2230 3627 2284 Alleluia
3653 2273 3670 2294 ,

2091 2322 2183 2378 sed
2208 2323 2438 2376 nondum
2462 2322 2717 2377 habemus
2739 2322 2939 2378 laudes.
2968 2322 3073 2377 Sed
3096 2337 3235 2376 nunc
3256 2323 3588 2392 suspiramus
3606 2323 3674 2376 ad

2093 2413 2340 2469 Alleluia.
2388 2413 2522 2482 Quid
2576 2422 2677 2478 est,
2725 2413 2988 2467 Alieluia?
3035 2411 3270 2468 Laudato
3323 2413 3512 2468 Deum.
3571 2413 3676 2467 Sed

2094 2505 2327 2558 nondum
2358 2505 2617 2559 habemus
2641 2489 2836 2560 laudes
2867 2521 2880 2558 :
2907 2503 2958 2557 in
3004 2503 3240 2558 Ecclesia
3278 2503 3682 2574 frequentantur

2093 2595 2277 2649 laudes
2308 2595 2400 2650 Dei
2423 2604 2541 2664 post
2579 2593 3023 2650 resurrectionem
3047 2634 3064 2659 ,
3093 2594 3216 2664 quia
3238 2593 3392 2650 nobis
3422 2597 3524 2650 erit
3554 2611 3681 2666 per—

2096 2695 2248 2756 petua
2303 2686 2418 2740 laus
2475 2693 2597 2756 post
2657 2686 3101 2741 resurrectionem
3156 2693 3416 2740 nostram.
3471 2685 3683 2740 Domini

2095 2779 2274 2850 passio
2319 2789 2526 2848 tempus
2575 2789 2812 2834 nostrum
2853 2778 3115 2849 signiﬁcat
3137 2819 3152 2842 ,
3184 2777 3236 2833 in
3279 2793 3386 2848 quo
3415 2792 3560 2831 nunc
3585 2778 3686 2833 lle-

2097 2885 2234 2924 mus.
2266 2870 2495 2941 Flagella
2519 2912 2534 2936 ,
2558 2871 2764 2925 vincula
2789 2911 2803 2933 .
2844 2869 3182 2924 contumelia:
3205 2911 3221 2935 ,
3253 2877 3405 2939 sputa
3436 2911 3451 2933 ,
3497 2871 3687 2938 spinea

2099 2976 2316 3026 Corona,
2345 2962 2524 3016 vinum
2562 2961 2818 3025 fellitnm,
2850 2962 2900 3016 in
2931 2961 3152 3032 spongia
3189 2973 3421 3029 acetum,
3454 2963 3686 3018 insulta-

2097 3053 2288 3116 tiones,
2316 3052 2620 3122 cpprobria,
2649 3062 2920 3123 postremo
2947 3052 3060 3121 ipsa
3085 3067 3238 3117 crux,
3268 3053 3322 3107 in
3350 3053 3492 3123 ligno
3524 3069 3698 3109 mem-

2097 3143 2192 3198 bra
2219 3160 2366 3198 sacra
2392 3143 2694 3213 pendentia,
2721 3143 2846 3214 quid
2873 3143 3028 3198 nobis
3058 3142 3389 3212 significant,
3418 3143 3519 3197 nisi
3550 3152 3691 3198 tern-

2099 3249 2199 3304 pus
2219 3235 2356 3304 quod
2403 3234 2607 3304 agimus
2626 3276 2641 3299 ,
2675 3243 2882 3304 tempus
2911 3235 3177 3300 nlmroris,
3204 3243 3413 3304 tempus
3439 3235 3690 3289 mortali-

2098 3326 2249 3387 tatis,
2280 3333 2488 3394 tempus
2525 3325 2865 3380 tentationis?
2892 3323 3015 3379 Ideo
3053 3324 3251 3380 fmdum
3297 3335 3547 3394 tempus:
3593 3325 3690 3380 sed

2100 3414 2312 3470 fmditas
2344 3416 2440 3469 ista
2472 3417 2724 3470 stercoris
2749 3417 2818 3470 sit
2849 3418 2898 3470 in
2923 3431 3049 3486 agro
3075 3459 3091 3484 ,
3122 3431 3228 3470 non
3258 3416 3310 3470 in
3338 3416 3519 3470 domo.
3555 3417 3692 3473 Me-

2100 3514 2189 3566 ror
2217 3509 2284 3563 sit
2323 3508 2391 3564 de
2422 3509 2655 3579 peccatis
2678 3550 2694 3573 ,
2725 3524 2832 3563 non
2874 3508 2942 3564 de
2983 3507 3359 3578 cupiditatibus
3407 3507 3691 3562 fraudatis.

2101 3601 2326 3658 Fmdum
2361 3609 2570 3669 tempus
2601 3617 2614 3652 :
2644 3599 2737 3654 sed
2764 3601 2807 3654 si
2838 3599 2974 3654 bene
2995 3608 3203 3652 utamur
3223 3641 3236 3663 ,
3267 3599 3425 3654 fidele
3457 3607 3692 3669 tenipus.

2101 3692 2236 3761 Quid
2258 3689 2490 3746 fmtidius
2513 3705 2639 3760 agro
2665 3698 2974 3744 stercorata.
3004 3688 3282 3744 Pulchrior
3309 3688 3408 3744 fuit
3432 3704 3586 3760 ager,
3601 3706 3697 3746 an-

2105 3791 2316 3852 thuam
2355 3779 2642 3848 cephinum
2681 3779 2934 3834 stercoris
2973 3779 3226 3844 haberet;
3274 3780 3566 3849 perductus
3614 3793 3700 3838 est

2103 3887 2229 3941 ager
2268 3871 2335 3925 ad
2387 3870 2707 3936 tarditatem,
2739 3881 2796 3926 ut
2823 3870 3030 3926 veniret
3065 3870 3132 3926 ad
3177 3871 3494 3927 ubertatem.
3555 3873 3700 3944 Ergo

2103 3959 2314 4017 foeditas
2343 3961 2496 4032 hujus
2529 3961 2782 4031 temporis
2807 3963 3015 4032 signum
3045 3971 3128 4018 est
3161 3963 3295 4019 :sed
3322 3963 3477 4020 nobis
3497 3966 3570 4020 sit
3598 3968 3700 4021 ista

2106 4055 2318 4110 foeditas
2340 4063 2546 4125 tempus
2571 4053 2874 4110 fertilitatis.

2175 4145 2406 4202 CAPUT
2449 4145 2511 4199 V.
2543 4175 2614 4186 -
2638 4145 2924 4200 Videamus
2945 4160 3072 4215 ergo
3101 4160 3221 4200 cum
3261 4145 3544 4216 propheta,
3575 4148 3704 4217 quid

2110 4236 2270 4300 dicat,
2307 4235 2534 4290 Vidimus
2572 4253 2706 4300 eum,
2735 4236 2991 4304 Qualem?
3024 4235 3145 4290 Non
3183 4236 3449 4291 habentem
3486 4240 3706 4305 speciem

2110 4347 2264 4399 neque
2279 4329 2506 4384 decorem
2537 4328 2686 4398 (lsai.
2715 4345 2822 4392 LIII,
2850 4327 2929 4400 2).
2957 4329 3167 4398 Quare?
3184 4329 3360 4384 Alium
3387 4330 3707 4400 prophetam

2114 4421 2374 4489 interroga
2410 4437 2422 4472 :
2455 4419 2910 4474 Dinumerauerunt
2935 4421 3105 4473 omnia
3131 4436 3247 4476 ossa
3273 4437 3382 4474 mea
3405 4420 3706 4491 (Psalau.

2116 4514 2222 4582 l8).
2254 4512 2590 4567 Dinumerata
2621 4523 2738 4565 smn
2767 4526 2888 4565 ossa
2921 4512 3220 4580 pendentis.
3249 4511 3413 4568 Foeda
3453 4513 3666 4581 species
3689 4553 3705 4576 ,

2113 4602 2347 4658 erucitixi
2371 4603 2609 4672 species:
2635 4602 2727 4656 sed
2755 4602 2853 4655 ista
2880 4600 3093 4656 {inditas
3108 4601 3559 4671 pulchritudinem
3589 4620 3706 4672 par-

2116 4694 2251 4748 turit.
2310 4693 2476 4761 Quam
2538 4689 3017 4762 pulchritudinem?
3067 4691 3517 4747 liesurrectiouis.
3576 4693 3699 4761 Quia

2114 4785 2367 4855 speciosus
2395 4787 2556 4855 [arma
2583 4799 2690 4853 prce
2714 4783 2835 4851 filiis
2857 4783 3117 4836 hominum
3139 4780 3312 4851 (Psal.
3345 4799 3490 4847 sur,
3518 4783 3598 4851 ὃ).

2187 4881 2236 4932 6.
2274 4875 2476 4930 Drbitor
2505 4876 2640 4931 Deus
2679 4877 2797 4945 quia
2824 4876 3072 4945 promis’t,
3102 4893 3203 4930 nou
3219 4877 3338 4945 quia
3359 4877 3577 4945 accepit.
3601 4875 3701 4928 Deo

2117 4969 2386 5022 retribuere
2412 4966 2604 5037 aliquid
2646 4984 2747 5022 nou
2776 4968 3016 5020 valemus.
3049 4965 3352 5020 Laudemus
3395 4982 3526 5035 ergo
3555 5008 3571 5032 ,
3602 4965 3702 5018 fra-

2119 5071 2249 5124 tres,
2282 5060 2595 5124 Dominum;
2617 5060 2740 5129 quia
2771 5059 2885 5127 ejus
2915 5058 3085 5114 ﬁdelia
3111 5060 3374 5127 promissa
3392 5061 3690 5120 retinemus.

2120 5151 2354 5205 umidum
2398 5149 2716 5219 accepimus.
2748 5148 2942 5204 Parum
2992 5149 3221 5220 putatis,
3252 5151 3374 5218 quia
3419 5149 3728 5217 promisso-'

2119 5260 2232 5298 rem
2279 5253 2554 5308 tenemus,
2589 5243 2770 5312 utjam
2812 5241 3108 5298 debitorem
3146 5243 3458 5311 exigamus?
3481 5242 3704 5296 Premi-o

2119 5349 2210 5388 sor
2238 5335 2374 5389 Deus
2393 5333 2600 5389 debitor
2629 5332 2799 5388 factus
2827 5343 2910 5388 est
2945 5333 3184 5388 bonitate
3211 5348 3304 5386 sua
3328 5373 3349 5398 ,
3377 5347 3483 5386 non
3512 5345 3703 5401 pra'ro-

2119 5426 2297 5496 gmtia
2355 5435 2557 5480 nostra.
2603 5425 2739 5494 Quid
2785 5425 2832 5480 ei
2877 5423 3158 5485 dedimus,
3217 5431 3272 5476 ut
3326 5438 3454 5477 eum
3499 5421 3717 5482 debito:

2122 5533 2232 5571 rem
2283 5516 2599 5571 teneamus?
2641 5518 2722 5570 An
2761 5514 2894 5569 forte
2920 5513 3060 5585 quod
3107 5514 3327 5568 audistis
3365 5513 3418 5568 in
3449 5512 3698 5567 Psalmo:

2127 5609 2263 5674 Quid
2302 5609 2571 5663 retribuam
2621 5605 2881 5661 Domino?
2910 5605 3088 5660 Primo
3124 5605 3335 5674 quando
3375 5605 3543 5667 dicit,
3577 5603 3701 5667 Quid

2122 5699 2391 5754 retribuam
2417 5699 2674 5754 Domino?
2705 5698 2860 5764 verba
2887 5705 3012 5751 sunt
3032 5695 3308 5760 debitoris,
3337 5710 3446 5750 non
3471 5694 3700 5748 debitum

2124 5794 2402 5865 exigentis.
2442 5795 2798 5864 Prwrogatum
2838 5800 2922 5848 est
2965 5790 3073 5845 illi:
3112 5789 3247 5857 Quid
3290 5788 3557 5843 retribuam
3605 5785 3699 5839 Do~
