3926 6188
240 301 374 356 “85

228 413 403 468 mitto?
435 413 571 483 Quid
619 425 732 483 est,
765 417 904 487 Quid
960 422 1280 478 retribuam?
1313 424 1643 496 Rependam.
1700 431 1806 487 Pro

224 518 323 574 qua
344 504 437 559 re?
466 503 574 560 Pro
596 508 828 564 omnibus
850 526 963 580 qtae
985 514 1211 568 retribuit
1237 517 1378 571 mihi.
1403 517 1537 586 Quid
1565 523 1807 578 retribuit

223 595 386 651 mihi?
415 596 593 651 Primo
620 599 752 654 nihil
779 616 950 669 eram,
982 613 1034 659 et
1060 606 1185 661 fecit
1208 624 1321 673 me;
1351 613 1636 680 perierant,
1659 631 1807 684 qua:-

220 688 340 744 sivit
370 705 484 754 me;
511 706 758 758 qumrens
777 692 978 749 invenit
1005 712 1114 764 me,
1143 700 1410 770 captivum
1437 704 1663 760 redemit
1682 723 1786 770 me,
1884 778 1889 783 _

218 791 453 851 emptum
490 783 750 839 liberavit
804 801 919 853 me,
951 786 1019 842 de
1052 805 1209 845 servo
1250 791 1469 849 fratrem
1514 794 1641 851 fecit
1694 815 1799 854 me.

220 870 357 935 Quid
396 871 671 928 retribuam
704 873 958 933 Domino?
981 879 1096 934 Non
1140 881 1306 937 habes
1331 884 1472 954 quod
1518 889 1800 943 retribuas.

214 963 439 1029 Qmudo
466 964 535 1021 ab
573 965 666 1021 illo
712 976 880 1023 totum
927 983 1223 1042 exspectas,
1276 976 1401 1045 quid
1442 979 1605 1036 babes
1644 984 1802 1037 retri-

219 1052 418 1109 buere?
442 1052 549 1110 Sed
592 1065 843 1125 exspecta
872 1074 886 1111 :
918 1061 1101 1116 nescio
1142 1063 1270 1133 quid
1308 1066 1418 1121 vult
1459 1068 1661 1125 dicere.
1692 1071 1802 1127 Cur

214 1144 428 1212 qua-rit,
454 1145 590 1211 Quid
609 1147 878 1203 retribuam
909 1149 1127 1206 Domino
1153 1170 1246 1224 pro
1265 1158 1496 1212 omnibus
1518 1175 1629 1229 qua:
1656 1162 1802 1215 retri-

213 1230 318 1285 buit
359 1234 529 1288 mihi?
567 1234 1013 1306 Cireurmspicieus
1039 1242 1285 1314 undique
1331 1246 1457 1316 quid
1506 1250 1795 1317 retribuat,

210 1323 362 1392 quasi
384 1326 602 1381 invenit.
619 1325 756 1394 Quid
776 1328 1014 1384 invenit?
1033 1330 1248 1389 Calicem
1268 1336 1508 1392 salutaris
1527 1341 1796 1412 accipiam.

214 1414 530 1472 lletrihuere
557 1419 826 1488 cogitabas
851 1464 866 1487 ,
898 1421 1074 1479 adhuc
1101 1427 1340 1499 accipere
1377 1433 1592 1502 quaeris.
1624 1434 1755 1490 Vide
1778 1478 1794 1503 ,

210 1520 366 1576 rogo.
390 1507 447 1563 Si
473 1508 648 1564 adhuc
672 1510 915 1581 accipere
943 1516 1137 1583 qttatris
1156 1557 1172 1581 ,
1206 1518 1382 1575 adhuc
1419 1521 1631 1579 debitor
1651 1527 1792 1592 eris;

204 1596 420 1665 quando
469 1599 793 1655 retributor?
844 1602 902 1658 Si
954 1619 1083 1676 ergo
1127 1623 1342 1680 semper
1387 1611 1596 1668 debitor
1648 1618 1791 1679 eris,

202 1686 423 1755 quando
463 1689 759 1746 retribues?
781 1691 898 1748 Non
946 1693 1151 1753 invenis
1179 1700 1318 1769 quod
1348 1704 1614 1760 retribuas
1644 1721 1659 1760 :
1692 1708 1792 1761 nisi

200 1777 346 1846 quod
373 1777 599 1844 dederit,
626 1797 733 1839 non
754 1781 997 1842 habebis.

279 1867 330 1922 7.
382 1867 547 1925 Homo
594 1870 658 1925 de
702 1889 797 1927 suo
845 1891 948 1931 non
991 1876 1134 1933 habet
1186 1880 1285 1935 nisi
1333 1883 1668 1942 mendacium.
1698 1888 1789 1944 Vi-

197 1954 298 2021 de,
358 1960 571 2029 quando
619 1959 852 2031 dicebas,
885 1964 1021 2031 Quid
1063 1969 1371 2027 retribuam?
1419 1974 1486 2029 ad
1515 1976 1639 2032 illud
1671 1992 1791 2047 pcr-

200 2047 337 2102 tinct
398 2048 541 2118 quod
597 2049 810 2120 dixisti,
868 2053 1047 2110 Omnis
1109 2058 1256 2114 homo
1306 2063 1525 2119 mendax
1583 2064 1781 2137 (Psal.

193 2152 325 2205 cxv,
376 2138 592 2210 11-13).
636 2140 738 2207 Qui
777 2144 921 2199 enim
957 2147 1183 2205 voluerit
1217 2149 1398 2208 dicere
1442 2154 1565 2224 quia
1617 2158 1784 2212 retria

193 2225 329 2281 beet
373 2224 572 2297 aliquid
614 2229 760 2299 Deo,
788 2233 1017 2289 mendax
1054 2244 1138 2292 est
1189 2238 1401 2310 (omnia
1433 2243 1503 2298 ab
1534 2243 1627 2299 illo
1662 2259 1787 2315 spe-

190 2315 363 2371 randa
389 2326 545 2384 sunt;
566 2334 596 2373 a
619 2321 772 2377 nobis
794 2323 925 2393 ipsis
948 2335 1141 2394 praeter
1166 2328 1315 2384 illum
1346 2332 1478 2388 nihil
1515 2335 1619 2392 nisi
1645 2337 1783 2394 forte

190 2410 524 2478 peccatum),
555 2418 610 2465 et
631 2411 963 2469 mendacium
987 2416 1057 2472 de
1074 2431 1174 2473 suo
1199 2421 1452 2491 loquitur.
1477 2424 1613 2482 Vere
1631 2429 1787 2499 plena

186 2497 259 2551 de
284 2513 389 2551 suo
415 2497 653 2555 abundat
680 2500 879 2569 homo;
908 2506 1247 2564 mendacium
1270 2513 1488 2569 omnino
1516 2515 1603 2573 hic
1627 2497 1786 2577 habet

184 2596 242 2641 et
282 2586 594 2644 thesaurum
634 2591 1032 2650 mendaciorum
1063 2615 1079 2651 :
1129 2612 1225 2654 cor
1264 2615 1423 2658 suum
1462 2609 1780 2679 mentiatur,

185 2689 450 2749 quantum
478 2690 693 2767 potest,
722 2699 827 2739 non
846 2686 1066 2754 deficit;
1096 2690 1257 2762 ﬁngat
1288 2694 1545 2767 quidquid
1570 2709 1778 2771 potest,

185 2774 480 2829 mentiatur
518 2764 774 2848 quidquid
810 2790 1005 2848 potest.
1054 2782 1268 2852 Quare?
1291 2764 1593 2861 Quia—quod
1616 2764 1781 2863 gratis

183 2864 385 2934 habet,
416 2866 485 2923 de
509 2882 568 2923 se
595 2868 783 2938 habet,
814 2886 917 2927 nou
954 2873 1085 2931 illud
1127 2876 1278 2933 emit.
1304 2877 1532 2947 Quando
1567 2885 1781 2949 venitur

180 2957 252 3013 ad
281 2959 580 3029 veritatem,
611 2963 656 3019 si
686 2978 845 3019 verax
874 2966 985 3021 vult
1003 2980 1145 3036 esse,
1176 2985 1284 3027 non
1306 2973 1410 3028 erit
1433 2973 1502 3031 de
1530 2990 1650 3033 suo.

251 3048 483 3107 CAPUT
524 3052 609 3111 γι.
637 3084 708 3094 -—
735 3056 958 3112 Mendax
987 3058 1180 3117 Petrus
1218 3062 1289 3118 de
1325 3080 1445 3126 suo.
1477 3065 1578 3128 Ubi
1624 3088 1776 3133 tuen.

178 3140 333 3201 das?
363 3141 614 3200 Promisit
660 3145 814 3204 nobis
859 3148 1112 3210 Dominus
1134 3160 1463 3227 passionem
1495 3174 1587 3220 :et
1621 3166 1772 3237 dicit,

178 3236 329 3292 Absit
356 3246 461 3292 ate
481 3278 496 3303 ,
524 3254 624 3293 non
649 3240 751 3309 ﬁat
768 3242 917 3296 illud.
948 3242 1126 3302 Omnis
1153 3248 1305 3305 homo
1344 3254 1582 3311 mendae.
1622 3236 1775 3317 Unde

178 3329 458 3385 mendax?
480 3329 654 3401 Ipsum
690 3332 970 3390 Dominum
1012 3339 1135 3393 audi
1161 3356 1175 3394 :
1207 3340 1331 3398 Non
1351 3346 1489 3415 sapis
1529 3365 1643 3419 quis
1674 3350 1774 3408 Dei

172 3428 317 3483 sunt,
346 3420 438 3475 sed
473 3436 587 3493 quis
623 3432 740 3478 sunt
792 3425 1027 3485 hominis.
1086 3429 1258 3487 Verax
1319 3444 1499 3493 autem
1539 3438 1769 3500 Petrus:

173 3510 433 3579 quatulu?
459 3509 543 3565 Tu
572 3529 626 3567 es
654 3511 882 3573 Christus
912 3515 1079 3574 Filius
1104 3519 1200 3576 Dei
1226 3523 1343 3579 vivi.
1372 3524 1526 3584 Unde
1554 3529 1653 3585 ista
1674 3547 1770 3587 ve-

174 3599 312 3655 ritas
341 3598 543 3655 homini
568 3602 850 3659 mendaci?
905 3605 1043 3663 Ecce
1069 3608 1229 3665 homo
1247 3611 1409 3680 dicit,
1440 3613 1518 3669 Tu
1538 3634 1590 3673 es
1615 3617 1768 3674 Citrio

173 3700 288 3745 stus
317 3688 483 3749 Filius
510 3690 603 3747 Dei
628 3695 743 3749 civi.
777 3695 907 3764 Quis
935 3698 1103 3772 dicit?
1122 3701 1332 3759 Petrus.
1366 3704 1502 3774 Quid
1529 3718 1644 3764 erat
1667 3710 1768 3767 Pe-

174 3780 332 3845 trus?
370 3781 575 3850 Homo,
601 3784 694 3856 qui
733 3785 870 3843 dixit
914 3805 1121 3846 verum.
1162 3792 1343 3863 Certe,
1397 3796 1576 3856 Omnis
1618 3801 1769 3861 homo

173 3869 421 3926 utendas.
465 3872 603 3930 Ecce
626 3913 644 3941 ,
668 3890 795 3932 ecce
823 3878 999 3949 lingua
1026 3880 1174 3951 ejus;
1197 3898 1325 3941 ecce
1353 3885 1529 3958 lingua
1557 3889 1627 3947 de
1664 3892 1767 3951 lia-

170 3976 283 4033 gua
325 3962 448 4031 ejus
494 3979 508 4015 :
563 3966 856 4035 quomodo,
904 3968 1084 4026 Onmis
1119 3974 1269 4029 homo
1304 3977 1564 4037 mendax!
1603 3982 1761 4051 Audi,

169 4053 299 4124 quia
339 4051 520 4111 Omnis
563 4055 713 4113 homo
750 4060 1004 4130 mendax,
1041 4063 1163 4135 quia
1197 4064 1266 4123 de
1291 4083 1410 4124 suo.
1455 4071 1597 4144 Ergo
1623 4077 1765 4133 mide

172 4143 369 4201 Petrus
394 4146 597 4203 verax?
631 4148 770 4205 Audi
796 4150 966 4221 ipsam
998 4155 1277 4213 veritatem
1309 4143 1640 4231 :Beatuses,
1670 4165 1762 4223 ss-

172 4251 295 4289 ntou
323 4233 611 4293 Bar-Joua.
643 4239 799 4296 Unde
823 4242 1045 4299 beatus?
1064 4246 1130 4301 de
1157 4262 1257 4303 suo
1274 4250 1298 4305 ἲ
1318 4251 1500 4308 Absit!
1524 4255 1655 4322 Quia
1673 4258 1764 4315 tibi

171 4340 278 4380 non
321 4327 553 4383 reuelauit
587 4346 708 4387 caro
735 4340 782 4387 et
817 4335 1060 4405 sanguis,
1089 4338 1180 4392 sed
1222 4339 1376 4397 Pater
1414 4361 1555 4401 utens
1596 4350 1760 4421 quiin

170 4418 314 4471 caelis
343 4427 416 4473 est
438 4416 769 4491 (Matth.xvt
788 4465 805 4490 ,
832 4424 924 4493 29.,
952 4426 1046 4497 23,
1077 4430 1165 4496 l6,
1188 4432 1300 4504 i7).

245 4505 304 4560 8.
337 4506 650 4565 Laudandus
680 4510 816 4568 Deus
838 4531 972 4570 nunc
990 4527 1037 4572 et
1064 4535 1278 4592 seraper.
1303 4523 1604 4584 Laudemus
1627 4545 1757 4602 ergo

173 4596 480 4663 Dominum,
505 4600 800 4658 charissimi
823 4646 840 4672 ,
864 4606 1139 4666 laudemus
1161 4613 1325 4669 Deum
1347 4657 1361 4681 ,
1387 4617 1629 4679 dicamus
1655 4596 1754 4681 Al-

172 4685 353 4741 leluia.
378 4686 746 4759 Siguiﬂcemus
770 4694 886 4749 istis
908 4696 1096 4755 diebus
1116 4701 1256 4757 diem
1288 4707 1404 4763 sine
1429 4710 1565 4778 line;
1590 4714 1757 4785 signi-

171 4778 397 4841 ﬁcemus
414 4780 591 4836 locum
618 4782 1054 4855 immortalitatis,
1078 4800 1287 4862 tempus
1309 4778 1749 4871 immortalitalis;

167 4868 483 4924 festinemus
503 4870 571 4925 ad
599 4871 815 4930 domum
842 4890 1114 4934 aeternam.
1145 4881 1291 4938 Beati
1325 4888 1412 4953 qui
1448 4889 1673 4949 habitant
1698 4868 1751 4950 in

166 4957 319 5013 dotus
340 4969 464 5025 tua;
494 4962 548 5017 in
588 4966 775 5025 secula
813 4972 1112 5026 seculorum
1155 4974 1433 5033 laudabunt
1479 4991 1527 5037 te
1576 4983 1747 5054 (Psal.

166 5062 368 5104 uxxtu
392 5090 408 5114 ,
429 5051 506 5121 5).
551 5051 663 5109 Lex
686 5055 849 5123 dicit,
874 5057 1147 5130 Scriptura
1180 5064 1349 5134 dicit,
1370 5071 1567 5127 veritas
1587 5051 1745 5131 dicit.

172 5137 392 5194 Venturi
419 5154 605 5198 sumus
628 5145 695 5200 ad
723 5146 940 5205 domum
975 5152 1105 5221 Dei,
1130 5170 1249 5224 qua:
1281 5166 1365 5213 est
1392 5158 1446 5214 in
1470 5162 1640 5218 caelis.
1672 5164 1747 5221 lbi

164 5244 275 5286 non
330 5232 706 5305 quinquaginta
772 5239 960 5297 diebus
1012 5243 1180 5300 Deum
1230 5247 1597 5319 laudabimus;
1651 5257 1747 5313 sed

163 5323 612 5391 quemadmodum
652 5332 905 5401 scriptum
949 5345 1063 5401 est,
1097 5338 1150 5393 in
1186 5341 1374 5395 sucula
1422 5347 1743 5405 saeculorum.

165 5409 477 5470 Vidi-bimus
502 5457 521 5483 ,
547 5420 845 5477 amabimus
864 5466 879 5491 ,
911 5424 1260 5487 laudabimus.
1295 5432 1409 5491 Nec
1433 5437 1573 5506 quod
1601 5440 1745 5497 vide-

165 5501 342 5559 bimus
367 5504 598 5575 deﬁciet,
632 5526 730 5569 nec
757 5515 899 5584 quod
918 5518 1212 5579 amabimus
1236 5501 1576 5593 peribit,-nec
1600 5531 1747 5600 quod

158 5590 499 5653 laudabimus
557 5602 751 5658 tacebit
782 5621 796 5669 ;
833 5608 1216 5678 sempiternum
1236 5590 1586 5685 totum—erit,
1617 5590 1742 5679 sine

159 5680 265 5739 ﬁne
294 5686 416 5743 erit.
444 5687 795 5763 Laudemus,
830 5696 1134 5769 laudemus;
1163 5704 1256 5760 sed
1294 5721 1398 5763 non
1426 5710 1551 5767 solis
1596 5715 1738 5769 voci-

1646 318 1878 377 SERMU
1914 323 2106 381 CCLV.

3362 352 3501 410 “88

1914 437 2032 505 ltus,
2068 439 2345 498 laudemus
2369 452 2422 500 et
2458 448 2698 504 moribus
2724 468 2735 502 :
2761 449 2939 510 laudet
2967 454 3138 525 lngua
3158 500 3176 527 ,
3206 460 3381 519 laudet
3414 469 3497 521 vi-

1912 535 1960 581 ta
1984 546 1998 593 ;
2027 530 2118 584 sed
2152 531 2344 589 habeat
2368 536 2681 594 charitatem
2707 540 2985 599 inﬁnitam.
3014 546 3266 606 (Zouvcrsi
3294 554 3358 607 ad
3385 555 3485 611 Do-

1910 619 2133 687 minum,
2150 630 2256 677 etc.

2384 714 2612 773 SERMO
2649 717 2826 776 CCLV
2866 726 2884 744 ο
2924 721 3020 796 (η).

2326 831 2377 875 tu
2396 827 2572 880 diuinis
2587 830 2906 895 Paschalibus,
2932 848 3064 887 xxvi.

2524 926 2602 982 De
2624 926 2865 984 Alleluia.

1976 1030 2202 1088 CAPUT
2241 1034 2522 1095 PRIMUM.
2544 1070 2618 1080 —
2659 1045 2705 1097 ι.
2737 1043 2959 1103 Alleluia
2981 1092 2994 1115 ,
3044 1052 3245 1123 piorum
3295 1056 3376 1112 uie
3404 1075 3491 1113 so-

1905 1120 2115 1187 latium,
2160 1123 2271 1179 sola
2315 1128 2411 1209 erit
2437 1134 2569 1184 actio
2601 1132 2877 1192 beatorum.
2907 1120 3166 1209 Quoniam
3198 1147 3363 1201 voluit
3390 1147 3489 1201 Do-

1903 1212 2101 1279 minus,
2153 1226 2211 1269 ut
2256 1206 2586 1275 Charitatem
2632 1234 2863 1282 vestram
2910 1230 2963 1284 in
3011 1232 3233 1290 Alleluia
3278 1237 3487 1291 videre—

1903 1317 2021 1357 mus
2048 1303 2145 1375 (b),
2168 1306 2235 1360 de
2266 1308 2491 1366 Alleluia
2521 1314 2672 1370 vobis
2692 1318 2910 1374 verbum
2937 1322 3214 1382 debemus.
3238 1327 3353 1383 Non
3384 1331 3488 1385 sint

1900 1394 2072 1457 meri,
2099 1395 2143 1449 si
2172 1410 2536 1457 commemoro
2561 1406 2703 1476 quod
2734 1412 2900 1466 nostis
2928 1432 2941 1466 :
2971 1415 3092 1484 quia
3120 1426 3172 1472 et
3196 1418 3367 1489 ipsum
3393 1422 3486 1476 Al—

1903 1481 2059 1539 leluia
2089 1489 2327 1556 quotidie
2351 1489 2600 1563 dicimus,
2631 1507 2685 1553 et
2722 1502 2957 1570 quotidie
2988 1481 3336 1565 delectamur.
3376 1512 3483 1567 No-

1898 1574 1996 1630 stis
2021 1578 2163 1633 enim
2194 1581 2317 1650 quia
2340 1583 2590 1651 Alleluia,
2617 1589 2775 1646 latine
2798 1593 2990 1651 dicitur
3011 1595 3246 1656 Laudate
3273 1601 3437 1658 Deum
3468 1621 3483 1660 :

1898 1674 1955 1722 et
1979 1668 2033 1722 in
2061 1670 2160 1725 hoc
2182 1673 2346 1729 verbo
2370 1691 2728 1737 consonantes
2752 1698 2849 1740 ore
2871 1694 2929 1740 et
2950 1692 3343 1749 consentientes
3365 1709 3485 1750 cor-

1897 1757 1981 1820 de,
2016 1760 2364 1820 exhortamur
2406 1783 2504 1824 nos
2550 1771 2776 1830 invicem
2818 1777 2884 1831 ad
2931 1779 3251 1837 laudandum
3292 1784 3479 1841 Deum.

1896 1846 2031 1902 Eum
2067 1859 2273 1907 tantum
2305 1853 2466 1911 homo
2507 1874 2726 1917 securus
2769 1865 2992 1931 laudat,
3037 1871 3127 1938 qui
3169 1886 3275 1926 non
3323 1874 3484 1930 habet
3568 1910 3575 1915 υ

1896 1939 2035 1993 unde
2063 1938 2365 2011 displiceat.
2396 1945 2463 1999 Et
2493 1944 2545 2002 in
2576 1949 2677 2005 hoc
2716 1952 2933 2022 quidem
2976 1966 3212 2027 tempore
3249 1966 3483 2034 peregri-

1894 2030 2125 2087 nationis
2156 2044 2357 2090 nosme
2380 2036 2448 2092 ad
2478 2039 2726 2096 solatium
2755 2042 2931 2099 viatici
2961 2046 3186 2105 dicimus
3216 2030 3477 2117 Alleluia;

1891 2119 2052 2174 modo
2079 2121 2235 2177 nobis
2261 2126 2488 2183 Alleluia
2517 2132 2784 2187 canticum
2811 2143 2893 2190 est
2923 2136 3178 2195 viatoris:
3211 2144 3479 2201 tendimus

1890 2218 2065 2267 autem
2122 2229 2217 2283 per
2263 2218 2401 2272 viam
2446 2220 2767 2277 laboriosam
2815 2225 2882 2280 ad
2931 2228 3166 2297 quietam
3213 2236 3471 2304 patriam,

1891 2301 1978 2354 ubi
2004 2305 2251 2360 retractis
2274 2308 2525 2366 omnibus
2554 2312 2853 2371 actionibus
2895 2319 3112 2387 nostris,
3152 2301 3258 2380 non
3298 2342 3477 2385 rema-

1890 2393 2036 2446 nebit
2060 2396 2160 2449 nisi
2182 2396 2431 2454 Alleluia.

1959 2481 2188 2540 CAPUT
2224 2486 2287 2545 ll.
2318 2519 2388 2529 —
2413 2489 2467 2546 2.
2499 2491 2687 2550 Maria
2722 2505 2774 2553 et
2799 2496 3021 2557 Hartltat
3054 2504 3251 2561 diversa
3290 2511 3471 2581 ofﬁcia.

1888 2569 2046 2626 lstam
2074 2584 2277 2644 partem
2306 2582 2675 2640 suavissimam
2714 2588 2813 2648 sibi
2843 2589 3005 2647 laris
3042 2593 3273 2667 elegerat
3295 2569 3472 2673 ,"qum

1886 2661 2127 2731 vacabat,
2155 2665 2408 2735 discebat,
2454 2671 2739 2732 laudabat:
2769 2677 2970 2737 Martha
3001 2661 3308 2744 vero'soror
3331 2661 3467 2761 eius,

1886 2752 2029 2808 circa
2056 2756 2286 2825 plurima
2314 2759 2489 2819 fuerat
2515 2778 2788 2837 occupata.
2822 2771 3078 2843 Equidem
3123 2781 3311 2849 agebat

1883 2849 2264 2918 necessariam,
2287 2851 2382 2908 sed
2406 2868 2512 2911 non
2538 2866 2936 2928 permansurum
2963 2883 2976 2920 :
2998 2868 3189 2938 agebat
3211 2886 3324 2928 rem
3345 2875 3463 2940 νὶςιι,

1881 2939 2117 2996 nondum
2143 2945 2328 3013 patriae
2352 2964 2366 3001 :
2392 2949 2582 3020 agebat
2602 2967 2713 3007 rem
2742 2958 3199 3034 peregrinationis,
3227 2939 3460 3026 nondum

1881 3031 2255 3105 possessionis.
2284 3041 2604 3115 Susceperat
2631 3051 2775 3107 enim
2818 3053 3120 3123 Dominum,
3147 3031 3202 3117 et
3237 3042 3345 3119 eos.
3369 3070 3460 3138 qui

1879 3139 2000 3180 cum
2031 3128 2124 3184 illo
2148 3140 2318 3187 erant.
2343 3133 2412 3189 Et
2434 3135 2687 3196 Dominus
2708 3156 2924 3201 carnem
2952 3147 3218 3207 habebat:
3245 3164 3297 3210 et
3326 3128 3460 3213 sicut

1878 3232 1976 3288 pro
1996 3220 2149 3275 nobis
2169 3221 2417 3294 dignatus
2435 3237 2753 3288 estcarnem
2789 3236 3082 3308 suscipere,
3113 3241 3184 3296 ita
3216 3243 3461 3315 dignatus

1877 3318 1959 3367 est
1974 3313 2177 3370 esurire
2200 3326 2255 3371 et
2273 3317 2441 3374 sitire.
2477 3320 2543 3376 Et
2559 3336 2621 3377 ex
2638 3338 2705 3379 eo
2725 3328 2865 3395 quod
2889 3328 3136 3400 dignatus
3152 3341 3235 3390 est
3254 3313 3461 3394 esurire

1876 3412 1931 3459 ct
1961 3405 2130 3471 sitire,
2157 3407 2402 3478 dignatus
2429 3421 2514 3466 est
2540 3415 2684 3482 pasci
2725 3417 2792 3472 ab
2819 3419 2896 3474 eis
2924 3436 3059 3490 quos
3086 3423 3199 3492 ipse
3232 3427 3415 3483 ditavit
3441 3449 3455 3485 :

1875 3493 2125 3564 dignatus
2152 3505 2236 3553 est
2262 3499 2483 3570 suscipi,
2525 3517 2629 3556 non
2682 3504 2880 3576 inopia,
2913 3509 3006 3564 sed
3034 3514 3223 3582 gratia.
3254 3519 3458 3588 Agebat

1872 3597 2002 3655 ergo
2020 3586 2226 3641 Martha
2247 3590 2386 3658 quod
2410 3593 2707 3660 pertinebat
2727 3596 2794 3652 ad
2819 3601 3192 3659 necessitatem
3217 3586 3450 3664 esurien-

1876 3676 2004 3730 tium
2035 3687 2089 3732 et
2115 3678 2407 3737 siticntium
2437 3700 2452 3737 :
2493 3687 2717 3754 parabat
2750 3695 3154 3753 conversatione
3194 3700 3450 3771 sollicita,

1870 3766 2011 3836 quod
2043 3768 2452 3827 manducaretur
2474 3783 2528 3829 et
2554 3774 2825 3836 biberetur
2851 3796 2884 3837 a
2912 3784 3111 3842 sanctis
3149 3796 3203 3845 et
3238 3793 3307 3847 ab
3337 3766 3452 3864 ipso

1870 3854 2069 3913 Sancto
2098 3867 2403 3917 sanctorum
2435 3863 2488 3919 in
2529 3866 2689 3922 domo
2735 3869 2854 3941 ejus
2895 3872 3065 3943 (Luc.
3108 3894 3142 3933 x
3167 3919 3184 3947 ,
3224 3854 3448 3956 384.2).

1867 3944 2113 4018 Magnum
2142 3964 2297 4020 opus,
2328 3951 2424 4008 sed
2454 3957 2840 4015 transitorium.
2871 3962 3134 4037 Numquid
3165 3944 3369 4030 esurire
3396 3944 3450 4029 et

1867 4037 2018 4095 sitire
2042 4052 2257 4111 semper
2295 4044 2435 4099 erit?
2464 4045 2687 4114 Quando
2731 4051 3108 4114 inhacrebimus
3154 4063 3447 4131 purissima:

1867 4127 1941 4184 illi
1966 4138 2020 4185 et
2049 4130 2452 4200 perfectissima:
2477 4137 2722 4208 bonitati,
2752 4158 2856 4199 non
2886 4147 2988 4202 erit
3014 4127 3178 4219 quare
3204 4154 3221 4185 ¹
3247 4156 3447 4212 servire

1865 4220 2190 4276 necessitati.
2234 4221 2385 4280 Beati
2409 4226 2629 4294 erimus,
2671 4233 2817 4288 nullo
2852 4234 3178 4310 indigentes;
3222 4246 3444 4302 multum

1866 4307 2145 4378 habentes,
2172 4313 2305 4368 nihil
2336 4328 2655 4386 qumreutes.
2686 4321 2755 4377 Et
2779 4325 2905 4394 quid
2942 4307 3022 4383 est
3051 4332 3192 4402 quod
3221 4332 3442 4393 habebi-

1862 4413 2003 4466 mus,
2028 4411 2087 4456 ut
2110 4401 2243 4459 nihil
2269 4410 2615 4476 qumratnus?
2647 4411 2761 4468 Dixi
2785 4432 2800 4469 :
2831 4416 2971 4488 quod
2996 4401 3229 4493 creditis,
3258 4437 3442 4498 postea

1862 4490 2112 4549 videbitis
2132 4496 2175 4549 ⁸.
2203 4497 2355 4564 Quod
2392 4512 2522 4572 ergo
2558 4503 2809 4577 diximus,
2852 4511 3078 4569 multum
3108 4490 3363 4579 habentes
3391 4536 3445 4581 et

1861 4580 1999 4637 nihil
2026 4597 2349 4655 quzcrentes,
2374 4589 2427 4645 id
2456 4600 2560 4658 est,
2591 4595 2736 4652 nullo
2760 4597 3090 4672 indigentes;
3116 4609 3241 4679 quid
3266 4622 3348 4669 est
3373 4615 3444 4686 ip.

1859 4684 1979 4765 sum
2006 4673 2149 4743 quod
2180 4674 2492 4736 habebimus
2511 4680 2535 4736 ?
2552 4681 2920 4747 Servientibus
2941 4694 3041 4750 sibi
3071 4673 3230 4765 Deus,
3262 4673 3441 4760 (0'88..-

1858 4759 1998 4817 tibus
2023 4775 2166 4829 eum,
2194 4766 2539 4826 credentibus
2571 4773 2624 4827 in
2664 4789 2810 4844 eum,
2852 4787 3187 4851 sperantibus
3211 4759 3262 4845 in
3293 4805 3438 4861 eum,

1855 4853 2154 4911 amantibus
2181 4871 2301 4912 eum
2331 4862 2455 4929 quid
2485 4862 2671 4920 dabit?

1925 4943 2152 5002 CAPUT
2175 4945 2392 5004 ιιι-δ.
2410 4951 2662 5023 Beneficia
2678 4957 2774 5013 Dei
2788 4960 2839 5013 in
2859 4977 3030 5018 omnes
3042 4974 3092 5020 et
3106 4968 3260 5026 bonos
3279 4983 3327 5027 et
3338 4992 3436 5030 ma-

1849 5359 2311 5417 dissutth

1844 5425 2082 5534 ὤπυιε
2101 5440 2381 5481 sermonem
2398 5431 2605 5485 vidimus
2622 5435 2673 5487 in
2694 5438 2837 5492 unico
2875 5454 2952 5506 gr.
2989 5450 3042 5494 et
3075 5445 3126 5496 ia
3164 5447 3300 5499 Ulitu.
3328 5458 3430 5505 Par.

1912 5521 1987 5607 ii)
2011 5545 2154 5607 Alias,
2171 5550 2462 5605 debivmsis
2481 5557 2527 5607 t.

1909 5606 2316 5692 (aenigma
2338 5606 2696 5692 semen-tn
2726 5621 2834 5692 ιρφ
2862 5630 3141 5692 Peregrina,
3180 5631 3302 5685 forte
3323 5642 3430 5687 ω

1847 5666 2047 5779 Ἥκω
2069 5684 2196 5745 anno
2224 5666 2334 5736 4‘18,
2727 5666 2832 5737 '{b'i'
2848 5666 3141 5745 ﬁt???»
3180 5666 3302 5685 -υιις
3323 5666 3430 5750 ea:

1848 5726 1896 5777 ΙΘ
1963 5744 2005 5779 IS
2027 5746 2135 5779 man
2157 5736 2399 5779 celebrata
2424 5748 2518 5779 pst-
3105 5691 3320 5759 Mm

1866 5736 2005 5780 endis
2027 5736 2135 5783 maii
2157 5736 2407 5789 celebrati
2424 5736 2536 5793 est:
2764 5736 2767 5737 ν
2796 5736 2805 5737 η
2855 5736 3014 5740 mm—
3040 5736 3055 5741 -
3077 5736 3320 5759 ’ἽἮ
