3926 6188
399 278 523 334 lic?

391 396 487 446 los.
518 390 725 447 Sonitus
748 404 782 440 a
808 386 938 441 Deo.
966 384 1219 441 Videmus
1255 381 1397 437 enim
1432 383 1629 453 qu‘anta
1664 380 1757 436 det
1782 380 1837 434 in
1865 378 1969 434 hoc

395 496 635 553 tempore
661 479 1021 535 difﬁdentibus
1049 477 1115 533 de
1143 477 1235 532 illo
1254 519 1269 542 ,
1292 474 1699 545 desperantibus
1734 473 1802 530 de
1841 472 1931 528 illo
1950 513 1967 540 ,

1618 268 1676 324 S.
1718 261 2082 324 AUGUSTINI
2121 258 2418 321 m0”

3523 267 3667 322 "83

2077 373 2489 431 inohedientiam
2544 372 2699 428 unius
2751 371 2985 429 hominis
3033 382 3343 442 peccatores
3384 377 3667 435 constituti

2076 475 2201 524 sunt
2236 466 2424 537 multi;
2461 464 2542 521 sic
2583 475 2639 520 et
2685 465 3160 536 perobedientiam
3204 471 3363 524 unius
3405 470 3663 539 hominis,

389 571 594 627 aversis
640 570 719 627 ab
761 564 852 623 illo
878 611 894 636 ,
952 566 1445 638 blaSphemantibus
1492 565 1674 631 illum;
1725 563 1971 618 videmus
2073 556 3057 630 jnstieonstituenturmultit(Rom.v,
3095 558 3210 630 l9).
3237 559 3512 618 Perillam
3533 580 3668 636 ergo

389 661 591 731 quanta
630 659 766 714 dona
812 660 1082 730 largiatur.
1120 657 1203 713 Ab
1232 657 1321 712 illo
1349 664 1433 712 est
1460 656 1600 711 enim
1630 655 1800 726 primo
1824 655 1972 711 saui-

392 754 475 807 tas
499 769 514 804 ε
546 766 665 820 qua:
695 750 772 805 sic
795 750 968 805 dulcis
989 759 1090 817 est,
1119 756 1175 803 ut
1203 748 1258 802 in
1283 745 1556 802 fastidium
1582 761 1850 816 nunquam
1877 759 1971 803 ve-

392 844 521 899 niat.
551 841 775 910 Quando
802 841 938 895 hanc
962 839 1144 907 habet,
1172 837 1299 909 quid
1324 838 1477 893 deest
1503 835 1762 908 pauperi?
1790 835 1972 905 Quan-

318 992 321 995 .
392 936 463 991 an
489 936 644 993 istam
674 948 783 990 non
812 932 1003 1000 habet,
1034 929 1287 1003 quidquid
1312 930 1473 987 habet
1500 929 1626 1001 quid
1653 927 1872 999 prodest
1895 927 1974 983 di-

390 1010 521 1088 viti?
546 1029 629 1105 Ah
656 1030 746 1084 illo
773 1036 858 1084 est
881 1042 1030 1099 ergo,
1067 1025 1121 1081 id
1149 1032 1252 1092 est,
1297 1039 1328 1079 a
1370 1024 1598 1081 Domino
1639 1022 1753 1078 Deo
1792 1031 1977 1078 nostro

330 1122 333 1127 ’
392 1138 552 1191 quem
582 1122 831 1189 colimus,
852 1134 882 1174 a
912 1134 1039 1175 vero
1068 1118 1179 1174 Deo
1204 1118 1255 1172 in
1292 1131 1452 1187 quem
1495 1114 1794 1180 credimus,
1839 1122 1895 1169 et
1922 1113 1987 1175 in,

394 1229 500 1282 quo
528 1227 828 1281 speramus,
865 1220 921 1265 et
958 1223 1115 1280 quem
1152 1207 1446 1278 diligimus;
1487 1206 1556 1261 ab
1592 1204 1682 1260 illo
1718 1212 1801 1260 est
1835 1210 1977 1259 tanta

395 1317 504 1367 res,
529 1302 750 1381 sanitas.
781 1299 969 1356 Videte
1007 1307 1216 1364 tamen,
1244 1311 1367 1353 cum
1404 1296 1475 1351 sit
1502 1309 1689 1365 magna
1714 1307 1802 1349 res
1830 1291 1977 1347 sani-

399 1392 797 1463 tasyquonwdo
822 1407 940 1447 eam
966 1390 1058 1446 det
1083 1397 1138 1446 et
1164 1389 1320 1445 bonis
1346 1397 1401 1444 et
1424 1387 1600 1453 malis,
1639 1394 1695 1442 et
1734 1383 1980 1454 blasphe-

396 1478 688 1553 uiatoribus
719 1483 829 1538 suis
855 1491 911 1539 et
943 1479 1306 1536 laudatoribus
1335 1479 1465 1535 suis.
1505 1476 1576 1532 Et
1606 1474 1731 1546 quid
1772 1471 1982 1531 dicam?

400 1573 620 1644 Utrique
647 1573 889 1631 homines
910 1580 1055 1628 sunt.
1077 1571 1233 1649 omni
1260 1582 1453 1639 pecore
1478 1566 1669 1623 melior
1688 1575 1770 1629 est
1792 1574 1847 1622 et
1870 1579 1985 1619 ma-

398 1663 482 1717 lus
509 1663 690 1718 homo.
724 1663 824 1719 Dat
844 1659 1333 1719 sanitatem-etiam
1365 1657 1619 1728 iumentis
1652 1664 1706 1711 et
1733 1652 1982 1710 draconi-

400 1755 516 1816 bus,
546 1767 710 1821 usque
732 1752 796 1806 ad
824 1766 1033 1808 muscas
1057 1758 1112 1806 et
1136 1748 1456 1805 vermiculos
1478 1746 1640 1802 donat
1663 1746 1981 1810 sanitatem;

402 1850 458 1895 et
486 1841 653 1895 salvat
677 1841 853 1895 omnia
875 1840 963 1910 qui
991 1839 1191 1894 creavit
1215 1839 1414 1894 omnia.
1440 1836 1509 1894 Ut
1533 1851 1660 1907 ergo
1688 1836 1792 1892 alia
1820 1834 1981 1891 omit-

403 1942 614 1997 tamus;
650 1932 771 2002 quia
802 1931 935 1986 nihil
963 1931 1153 1986 melius
1180 1929 1477 1985 invenimus
1519 1942 1676 1998 quam
1722 1936 1806 1982 est
1836 1925 1983 1981 sani-

403 2033 520 2079 tas:
547 2039 656 2080 non
683 2024 855 2079 solum
884 2036 1005 2079 eam
1033 2022 1125 2079 dat
1149 2021 1289 2079 Deus
1318 2020 1621 2076 hominibus
1640 2059 1657 2086 ,
1688 2021 1781 2075 sed
1808 2025 1863 2074 et
1892 2032 1986 2088 pe-

405 2116 643 2178 coribus.
671 2115 809 2171 sicut
836 2114 963 2170 dicit
985 2113 1231 2169 Psalmus
1255 2130 1270 2168 :
1301 2111 1544 2169 Homines
1567 2120 1613 2167 et
1628 2112 1860 2183 jumenta
1878 2108 1984 2164 sal-

402 2223 490 2262 vos
513 2206 690 2278 facies,
723 2204 974 2269 Domine;
1001 2205 1129 2258 sicut
1157 2202 1492 2275 multiplicata
1532 2211 1606 2267 est
1647 2199 1991 2256 misericordia

405 2305 515 2361 tua,
541 2293 704 2348 Deus.
732 2292 821 2350 Sic
848 2295 992 2350 enim
1023 2308 1102 2360 es,
1129 2293 1253 2364 quia
1270 2293 1423 2349 Deus
1447 2306 1540 2357 es;
1572 2300 1631 2347 ut
1657 2292 1865 2371 bonitas
1901 2298 1989 2346 tua

405 2400 513 2440 non
538 2393 817 2442 remaneat
842 2385 893 2440 in
923 2384 1168 2451 summis,
1195 2393 1250 2440 et
1274 2379 1487 2439 deserat
1513 2382 1713 2437 inﬁma.
1743 2381 1991 2436 Pervenit

408 2479 478 2533 ab
514 2478 734 2549 Angelis
773 2493 940 2547 usque
983 2476 1050 2533 ad
1094 2483 1335 2537 extrema
1376 2484 1431 2531 et
1474 2474 1677 2529 minuta
1721 2471 1990 2528 animalia.

411 2567 671 2625 Pervenit
691 2569 833 2623 cnim
858 2582 887 2622 a
918 2566 1025 2623 line
1053 2582 1219 2637 usque
1246 2562 1300 2620 in
1330 2564 1487 2620 ﬁttem
1528 2563 1850 2635 pertendens
1883 2561 1994 2633 for-

412 2660 537 2716 titer
562 2659 846 2730 sapientia,
872 2666 929 2715 et
951 2659 1184 2730 disponit
1211 2658 1387 2715 omnia
1416 2657 1649 2715 suaviter
1681 2654 1857 2733 (Sap.
1875 2671 1992 2725 Vill,

412 2752 437 2807 l
465 2750 488 2825 )
515 2769 528 2809 :
562 2762 617 2806 et
642 2752 695 2809 in
725 2751 840 2820 ipsa
863 2750 1211 2821 dispositione
1237 2749 1512 2806 suavitatis
1536 2748 1670 2821 ejus,
1699 2749 1879 2807 suavis
1913 2756 1996 2807 est

410 2843 658 2898 omnibus
686 2842 907 2899 sanitas.

480 2930 709 2989 CAPUT
748 2932 838 2987 IV.
865 2962 937 2974 —
963 2933 1016 2988 4.
1048 2931 1215 2988 Deum
1238 2932 1433 3003 aliquid
1456 2949 1654 2988 seruare
1687 2932 1847 2988 bonis.
1877 2930 1993 2988 Ho-

412 3023 569 3078 mines
594 3034 641 3078 et
661 3024 759 3093 ﬁlii
782 3023 1039 3077 hominum
1070 3024 1124 3077 in
1149 3040 1247 3093 quo
1283 3021 1541 3091 iii/Terent.
1574 3022 1705 3079 Cum
1732 3037 1857 3095 ergo
1882 3031 1997 3079 tan-

419 3123 530 3168 tum
564 3114 759 3170 bonum
788 3115 879 3170 det
904 3124 958 3171 et
1009 3116 1162 3170 bonis
1191 3123 1244 3170 et
1283 3100 1456 3180 malis,
1511 3125 1565 3172 et
1606 3114 1906 3173 hominibus
1943 3124 1999 3172 et

408 3205 697 3277 jutnentis;
725 3205 849 3276 quid
888 3214 990 3275 est,
1021 3204 1212 3261 fratres
1245 3205 1372 3271 mei,
1411 3204 1553 3276 quod
1592 3215 1769 3261 servat
1806 3205 1999 3263 bonis?

412 3296 530 3352 iam
558 3297 700 3353 enim
728 3297 955 3363 dixerat,
996 3296 1238 3352 Homines
1279 3306 1325 3352 et
1358 3298 1590 3368 jumenta
1626 3295 1792 3353 salvos
1819 3297 1995 3369 facies,

414 3389 660 3453 Domine;
685 3392 811 3445 sicut
839 3389 1176 3463 multiplicata
1202 3398 1274 3447 est
1313 3390 1657 3444 misericordia
1686 3399 1795 3459 tua,
1837 3388 1995 3446 Deus.

419 3482 483 3535 Et
504 3480 696 3541 deinde
717 3481 959 3551 adiunxit
981 3501 995 3537 :
1020 3480 1143 3535 Filii
1169 3491 1337 3536 autem
1362 3474 1622 3537 hominum
1645 3478 1813 3552 (Psal.
1831 3496 1994 3546 xxxv,

417 3571 472 3638 7,
496 3571 528 3626 8
552 3570 593 3643 ).
620 3571 722 3643 Qui
751 3579 876 3629 sunt
901 3570 1026 3626 isti?
1049 3571 1208 3640 Quasi
1233 3571 1325 3626 alii
1350 3579 1471 3626 sunt
1498 3569 1762 3636 homines,
1788 3569 1856 3626 de
1878 3570 1998 3641 qni-

415 3661 515 3717 bus
545 3644 705 3732 paulo
729 3672 853 3717 ante
879 3652 1105 3728 dixerat,
1138 3656 1379 3717 Homines
1406 3671 1455 3717 et
1466 3658 1700 3733 jumenta
1721 3663 1887 3718 salvos
1911 3662 1995 3732 [a-

416 3755 538 3820 cies,
568 3744 828 3819 Domine;
856 3763 911 3811 et
935 3750 1026 3810 alii
1060 3752 1151 3810 ﬁlii
1181 3753 1479 3811 hominum.
1510 3752 1668 3810 Aliud
1696 3754 1837 3810 enim
1879 3763 2003 3810 sunt

422 3847 667 3909 homines
689 3862 848 3918 quam
880 3846 974 3907 lilii
998 3846 1290 3910 hominum,
1316 3854 1371 3901 et
1391 3844 1532 3900 aliud
1561 3854 1686 3901 sunt
1714 3845 1806 3899 lilii
1830 3842 2003 3900 homi-

420 3953 546 3992 num
573 3954 731 4008 quam
761 3936 1042 3994 homines?
1068 3935 1206 4005 Quid
1234 3936 1335 3991 sibi
1374 3950 1504 4007 ergo
1531 3936 1646 3993 vult
1680 3935 1781 3993 ista
1809 3934 2002 3991 distin-

417 4029 564 4083 ctio?
589 4027 700 4083 Nisi
728 4027 864 4083 forte
890 4027 1010 4099 quia
1043 4024 1285 4082 homines
1315 4025 1583 4096 pertinent
1607 4023 1676 4080 ad
1706 4022 1998 4093 hominem,

422 4121 517 4175 lilii
550 4118 824 4179 hominum
851 4119 915 4177 ad
946 4119 1136 4176 Filium
1164 4117 1397 4175 hominis
1423 4135 1437 4173 :
1483 4117 1763 4184 homines,
1806 4117 1871 4173 ad
1901 4116 2001 4172 ho-

419 4214 656 4276 minem;
690 4212 781 4268 lilii
813 4212 1108 4278 hominum,
1137 4211 1201 4267 ad
1234 4211 1426 4281 Filium
1458 4210 1708 4265 hominis.
1740 4210 1835 4265 Est
1858 4210 2002 4265 enim

416 4302 633 4373 quidam
663 4304 823 4358 homo
850 4304 939 4373 qui
978 4317 1083 4359 non
1124 4303 1221 4359 fuit
1258 4302 1395 4359 ﬁlius
1434 4301 1683 4356 hominis.
1714 4300 1815 4369 Qui
1859 4301 2005 4359 enim

421 4394 623 4460 primus
652 4394 821 4451 factus
847 4402 950 4463 est,
978 4391 1139 4457 homo
1169 4391 1282 4458 fuit,
1317 4391 1456 4448 illius
1486 4390 1718 4447 hominis
1748 4405 1855 4445 non
1882 4388 2000 4451 fuit.

420 4481 559 4551 Quid
585 4497 711 4551 ergo
750 4481 903 4537 nobis
930 4480 1076 4536 venit
1114 4496 1208 4551 per
1235 4480 1504 4536 hominem
1531 4523 1545 4549 ,
1582 4489 1636 4536 et
1678 4480 1804 4553 quid
1850 4482 2003 4538 nobis

422 4572 567 4627 venit
597 4578 705 4640 per
729 4566 920 4626 Filium
959 4568 1225 4625 hominis?
1268 4568 1638 4627 Commemoro
1678 4570 1817 4643 quod
1858 4570 2005 4627 venit

422 4678 517 4733 per
546 4660 839 4727 hominem,
866 4669 920 4718 et
949 4658 1187 4730 Apostoli
1214 4656 1373 4714 verba
1404 4656 1557 4714 dico:
1592 4658 1696 4714 Per
1723 4677 1878 4715 unum
1906 4661 2001 4716 lto-

419 4755 605 4810 utinem
632 4760 889 4825 peccatum
915 4751 1118 4806 intrauit
1145 4750 1198 4807 in
1234 4749 1499 4817 mundum,
1538 4758 1584 4805 et
1620 4767 1709 4822 per
1746 4760 2005 4823 peccatum

421 4861 557 4901 mors
580 4860 599 4899 :
626 4853 674 4899 et
702 4843 773 4899 ita
798 4843 853 4898 in
880 4859 1051 4898 omnes
1084 4842 1311 4899 homines
1352 4842 1661 4914 pertransiit,
1688 4842 1742 4897 in
1769 4858 1868 4913 quo
1895 4859 2007 4898 om-

425 4953 510 4991 nes
538 4944 867 5008 peccaverunt
906 4931 1079 5009 (Rom.
1114 4949 1170 5000 v,
1202 4931 1331 5008 l2).
1365 4932 1504 4989 Ecce
1528 4932 1669 5005 quod
1698 4934 1849 4990 nobis
1878 4950 2004 5005 pro—

421 5028 617 5099 pinavit
650 5027 810 5082 homo
831 5069 847 5091 ,
882 5042 1009 5082 ecce
1034 5025 1177 5097 quod
1210 5024 1278 5082 de
1304 5033 1525 5097 parente
1559 5023 1808 5094 bibimus,
1837 5034 1892 5082 et
1916 5027 2005 5083 vix

416 5120 731 5190 digerimus.
763 5116 820 5174 ει
848 5119 952 5173 hoc
976 5132 1072 5189 per
1090 5116 1385 5183 hominem,
1413 5116 1539 5187 quid
1569 5130 1662 5188 per
1684 5115 1875 5172 Filium
1901 5118 2005 5173 ho-

420 5212 619 5269 minis?
653 5232 671 5264 ι
707 5210 957 5283 Proprio,
997 5230 1016 5263 ι
1052 5210 1241 5282 inquit,
1285 5227 1305 5263 t
1351 5209 1488 5266 Filio
1531 5224 1637 5265 non
1678 5209 1933 5289 pepercit.
1980 5229 1998 5264 ι

417 5306 475 5359 Si
512 5323 531 5357 ι
567 5304 784 5376 proprio
812 5302 951 5359 Filio
983 5318 1086 5359 non
1115 5303 1372 5374 pepercit,
1400 5301 1493 5357 sed
1525 5314 1622 5371 pro
1644 5303 1799 5358 nobis
1833 5302 2004 5359 omni-

419 5403 518 5451 htls
548 5394 763 5451 tradidit
790 5406 947 5462 eum;
978 5392 1246 5466 quomodo
1286 5409 1391 5449 non
1436 5400 1491 5450 et
1530 5409 1649 5450 eum
1693 5393 1785 5450 illo
1827 5396 2004 5450 omnia

418 5488 572 5543 nobis
609 5487 829 5544 donabit
861 5488 873 5519 ¹
914 5505 934 5539 ι
978 5487 997 5559 (
1028 5485 1110 5540 Id.
1147 5501 1238 5542 Vill
1260 5529 1274 5555 ,
1306 5484 1438 5559 33).
1464 5485 1596 5542 item
1621 5527 1637 5555 ,
1675 5504 1696 5538 ι
1730 5485 1882 5543 Sicut
1909 5502 2006 5557 per

480 5621 495 5651 ³
517 5620 632 5671 utut
655 5654 672 5679 .
708 5619 913 5672 deviavit.
958 5629 1015 5673 Αι
1065 5629 1145 5670 us.
1188 5623 1526 5672 Germanensis
1550 5654 1565 5681 ,
1599 5617 1829 5681 donabit;
1867 5621 2006 5681 juxta

417 5692 651 5742 graecum,
668 5681 943 5735 elutrist‘lai-

2078 658 2383 721 peccatum,
2409 662 2506 718 per
2532 646 2803 703 Christum
2832 647 3057 719 iustitia.
3086 651 3285 708 Omnes
3312 668 3442 724 ergo
3470 671 3666 724 pecca-

2079 749 2224 797 tores
2247 738 2315 796 ad
2354 740 2623 796 hominem
2653 744 2957 811 pertinent:
2987 757 3176 797 omnes
3197 742 3328 814 justi
3364 745 3430 800 ad
3464 746 3664 804 Filium

2078 830 2330 887 hominis.
2357 829 2494 899 Quid
2522 845 2651 902 ergo
2682 832 2973 898 miramini,
3014 834 3137 903 quia
3172 846 3500 905 peccatores,
3538 843 3665 912 quia

2080 920 2266 993 impii,
2304 922 2427 993 quia
2458 921 2655 993 iniqui,
2705 924 2826 992 quia
2866 923 2960 980 Dei
3003 933 3436 997 contemptores,
3474 946 3508 986 ε
3555 933 3668 989 Deo

2080 1013 2291 1078 aversi,
2323 1012 2505 1069 srculi
2534 1011 2849 1080 dilectores,
2884 1016 3268 1085 amplectentes
3294 1019 3624 1090 miquitatem
3643 1063 3663 1088 ,

2083 1102 2208 1158 odio
2234 1103 2496 1159 habentes
2523 1103 2828 1169 veritatem,
2862 1103 2963 1159 hoc
2985 1115 3091 1173 est,
3122 1107 3362 1164 homines
3390 1113 3667 1179 pertinen-

2083 1206 2167 1251 tes
2194 1195 2261 1249 ad
2290 1195 2594 1261 hominem;
2623 1193 2749 1265 quid
2777 1196 3062 1263 miramini,
3107 1198 3230 1268 quia
3274 1200 3468 1256 habent
3507 1202 3667 1259 istam

2084 1287 2404 1354 sanitatem,
2428 1302 2551 1343 cum
2586 1288 2815 1344 audiatis
2840 1288 3110 1346 Psalmum
3138 1332 3153 1357 ,
3206 1291 3449 1350 Homines
3485 1306 3537 1349 et
3567 1300 3667 1368 ju-

2085 1387 2255 1430 menta
2278 1377 2444 1431 salvos
2485 1380 2661 1451 facies,
2692 1378 2951 1435 Domine?
2990 1380 3066 1437 Ne
3110 1384 3424 1440 extollerent
3465 1402 3529 1443 se
3566 1389 3669 1460 ipsi

2085 1465 2348 1534 homines,
2383 1470 2506 1539 quia
2536 1469 2739 1526 habent
2764 1473 3109 1542 temporalem
3148 1478 3459 1545 sanitatem,
3480 1481 3672 1536 addita

2085 1568 2210 1612 sunt
2237 1558 2343 1613 illis
2364 1558 2777 1628 jumenta.Quid
2806 1570 2888 1617 est
2913 1578 3040 1634 ergo
3068 1565 3206 1621 unde
3228 1567 3448 1636 gaudes,
3467 1570 3675 1627 homo?

2084 1647 2274 1704 Nonne
2298 1650 2394 1705 tibi
2425 1665 2546 1706 cum
2578 1652 2729 1707 asino
2760 1662 2852 1708 tuo
2875 1669 3158 1711 commune
3182 1665 3285 1723 est,
3314 1669 3371 1714 et
3397 1675 3523 1715 cum
3554 1663 3675 1732 gal-

2088 1740 2195 1794 lina
2219 1749 2327 1807 tua,
2355 1756 2475 1795 cum
2503 1757 2835 1814 quocumque
2858 1744 3128 1802 animante
3154 1748 3208 1802 in
3233 1748 3393 1804 domo
3415 1759 3525 1815 tua,
3548 1766 3675 1808 eum

2088 1833 2204 1889 istis
2232 1833 2568 1903 passeribus?
2596 1850 2773 1891 nonne
2806 1832 2897 1892 tibi
2927 1839 3128 1895 sanitas
3153 1840 3398 1911 corporis
3436 1858 3558 1899 cum
3587 1843 3676 1901 his

2089 1924 2337 1979 omnibus
2363 1928 2661 1979 communis
2688 1927 2809 1981 est?

2161 2015 2388 2072 CAPUT
2425 2016 2488 2073 ν.
2528 2044 2600 2059 --
2636 2019 2690 2074 5.
2733 2016 2846 2073 Piis
2894 2022 3142 2090 promissa
3194 2022 3459 2080 delectatio
3506 2028 3679 2082 ιαῶε

2094 2104 2211 2175 Dei,
2241 2120 2354 2176 qua
2377 2122 2476 2161 non
2501 2107 2652 2162 datur
2678 2109 2865 2179 impiis.
2897 2110 3089 2176 Qurre
3114 2128 3242 2184 ergo
3267 2114 3409 2185 quod
3436 2120 3675 2190 promis-

2093 2210 2210 2252 sum
2240 2206 2325 2253 est
2353 2198 2475 2252 ﬁliis
2502 2198 2801 2264 hominum,
2830 2208 2887 2257 et
2912 2201 3035 2257 audi
3063 2203 3206 2273 quod
3232 2208 3512 2276 sequitur:
3550 2206 3679 2264 Filii

2094 2298 2264 2343 autem
2288 2289 2546 2344 hominum
2570 2290 2661 2346 sub
2688 2292 2901 2363 tegmine
2922 2293 3129 2348 alarum
3149 2305 3351 2351 uarum
3376 2301 3676 2368 sperabunt.

2096 2381 2313 2437 Interim
2342 2381 2652 2451 sperabunt,
2679 2383 2932 2452 quamdiu
2960 2385 3013 2438 in
3056 2385 3142 2439 via
3185 2395 3327 2441 sunt.
3358 2386 3488 2444 Filii
3511 2399 3681 2446 autem

2096 2472 2357 2526 hominum
2384 2471 2477 2526 sub
2510 2473 2723 2543 tegnn‘ne
2762 2473 2961 2528 alarum
3002 2482 3202 2529 tuarum
3232 2478 3525 2546 sperabunt.
3573 2481 3686 2554 Sps

2095 2563 2228 2617 enim
2252 2562 2379 2616 salsi
2405 2563 2530 2631 facti
2552 2558 2864 2634 minusad.
2890 2576 3007 2632 vm,
3030 2564 3146 2637 2i).
3178 2566 3295 2623 Hoc
3321 2582 3423 2624 non
3450 2572 3685 2642 pertinet

2097 2654 2164 2708 ad
2191 2654 2436 2710 homines
2457 2663 2511 2710 et
2545 2654 2803 2725 iumenta,
2838 2671 3053 2727 sperare
3080 2659 3180 2714 sub
3214 2661 3446 2732 tegmine
3478 2662 3688 2720 alarum

2100 2745 2213 2802 Dei.
2238 2748 2307 2803 Et
2330 2758 2590 2817 eccespes
2615 2747 2774 2802 lactat
2797 2750 2915 2814 nos,
2936 2751 3103 2805 nutrit
3122 2766 3241 2817 nos,
3264 2752 3547 2811 conﬁrmat
3563 2773 3684 2819 nos.

2098 2847 2155 2896 ct
2192 2837 2246 2893 in
2276 2838 2374 2893 ista
2415 2838 2680 2893 laboriosa
2707 2839 2813 2894 vita
2844 2840 3150 2898 consolatur
3174 2857 3305 2911 nos;
3349 2843 3402 2899 in
3445 2846 3561 2916 ipsa
3590 2864 3691 2918 spe

2099 2939 2376 2986 cantamus
2413 2930 2660 2986 Allelula.
2692 2931 2832 2988 Ecce
2857 2944 2981 3003 spes
3006 2944 3258 3004 quantum
3295 2937 3547 3007 gaudium
3584 2939 3691 2995 hs-

2098 3024 2209 3081 het.
2240 3025 2346 3080 Res
2375 3023 2487 3095 ipsa
2518 3023 2646 3095 quid
2672 3012 2976 3096 eriti'Quid
3004 3030 3103 3083 erit
3129 3030 3365 3098 qumris?
3382 3030 3522 3088 Audi
3542 3036 3692 3104 quod

2098 3117 2370 3187 sequitur:
2396 3114 2782 3172 Inebriabuntur
2801 3118 2865 3172 ab
2887 3118 3111 3174 ubertate
3132 3120 3313 3176 donius
3352 3130 3454 3177 tuo
3489 3121 3514 3197 (
3536 3121 3693 3180 Psal.

2100 3223 2268 3274 xxxv,
2308 3204 2465 3280 7-9).
2497 3207 2666 3278 llujus
2689 3209 2767 3263 rei
2804 3223 2928 3278 spes
2956 3218 3061 3264 est.
3103 3210 3358 3279 Sitimus,
3397 3214 3695 3283 mimus,

2099 3314 2236 3370 epos
2261 3307 2347 3355 est
2374 3310 2432 3354 ιιι
2457 3301 2712 3355 satiemur
2743 3294 2761 3357 ε’
2784 3300 2879 3356 sed
2910 3302 2961 3357 in
2988 3301 3071 3357 vis
3101 3301 3290 3373 fames,
3321 3305 3377 3360 in
3399 3307 3573 3376 patria
3601 3323 3694 3364 ss-

2102 3391 2279 3446 tietas.
2303 3391 2528 3458 Quando
2551 3392 2898 3449 sanabimur?
2938 3392 3179 3449 Satiabor
3213 3410 3328 3451 cum
3370 3400 3697 3469 statist

2103 3484 2257 3555 ﬁxerit
2278 3484 2442 3554 glon'a
2468 3494 2556 3537 tua
2584 3482 2758 3557 (Psal.
2789 3501 2897 3552 xvi,
2915 3484 2982 3542 l5
2997 3487 3036 3556 ).
3048 3486 3209 3542 Modo
3220 3498 3397 3544 autem
3407 3489 3581 3560 gloria
3598 3491 3696 3547 Da’

2104 3575 2292 3640 nostri,
2305 3574 2469 3646 gloria
2492 3574 2687 3629 Christi
2714 3576 2883 3630 nostri
2905 3575 3065 3631 latet:
3087 3587 3285 3633 etcum
3306 3577 3397 3633 illo
3413 3580 3697 3637 abscondi-

2106 3672 2156 3718 ta
2176 3671 2259 3719 est
2279 3672 2333 3718 et
2353 3673 2554 3719 nostra.
2570 3663 2674 3720 Sed
2692 3680 2807 3719 cum
2820 3663 3052 3726 Christus
3072 3668 3370 3735 apparuerit
3388 3669 3694 3739 vitam

2105 3763 2225 3809 tunc
2249 3762 2297 3808 et
2318 3770 2403 3809 res
2423 3770 2536 3809 cunt
2558 3755 2651 3808 illo
2674 3754 2981 3825 apperebitis
3005 3756 3059 3810 in
3080 3756 3245 3828 gloria
3264 3755 3483 3831 (Calas.
3506 3776 3590 3828 in,
3618 3763 3698 3831 ε).

2106 3845 2256 3899 Tunc
2282 3846 2387 3900 erit
2418 3844 2648 3900 Alleluia
2695 3846 2749 3900 in
2788 3859 2884 3901 re:
2931 3846 3092 3902 modo
3118 3856 3298 3904 autem
3326 3849 3383 3904 in
3411 3864 3531 3921 spe.
3561 3851 3701 3923 Spes

2106 3932 2250 4008 illam
2279 3942 2492 4001 cantat,
2536 3946 2691 3989 amor
2732 3942 2915 3990 cstitat
2949 3933 3128 4005 modo,
3177 3951 3331 3994 amor
3367 3941 3608 3997 cantabit
3646 3954 3704 3999 et

2107 4024 2271 4083 tunc:
2303 4022 2398 4082 sed
2438 4027 2598 4082 modo
2621 4035 2803 4083 cantat
2838 4041 2992 4083 amor
3016 4029 3280 4099 esuriens,
3312 4040 3441 4087 tune
3463 4035 3705 4090 amabit

2102 4129 2258 4173 amor
2297 4117 2499 4172 fruens.
2534 4116 2674 4185 Quid
2709 4126 2794 4172 est
2836 4118 2981 4173 enim
3024 4119 3271 4188 Alleluia,
3320 4121 3521 4178 fratres
3556 4124 3704 4180 uel?

2108 4204 2224 4264 Dixi
2254 4209 2425 4273 vobis,
2452 4207 2592 4264 Laus
2616 4208 2711 4265 Dei
2736 4217 2840 4264 est.
2868 4210 3011 4266 Ecca
3033 4211 3195 4267 modo
3228 4212 3452 4269 verbum
3478 4215 3700 4284 auditis,

2106 4307 2162 4355 et
2189 4299 2242 4353 in
2269 4297 2538 4354 audiendo
2564 4297 2900 4374 deleetnmirii
2919 4339 2935 4365 ,
2965 4307 3020 4354 et
3044 4299 3097 4354 in
3126 4299 3489 4359 delectatione
3510 4303 3679 4360 lauds

2109 4388 2195 4445 tis.
2217 4387 2275 4445 Si
2300 4404 2477 4445 rorem
2501 4388 2579 4444 sic
2598 4387 2814 4457 amatis,
2839 4387 3036 4445 fontem
3058 4388 3231 4460 ipsum
3256 4393 3531 4462 quomodo
3544 4408 3701 4451 ams.

2107 4482 2272 4540 hitis?
2295 4481 2449 4550 Quod
2479 4491 2563 4537 est
2591 4482 2732 4537 enim
2756 4482 3036 4537 stomacho
3061 4484 3295 4539 metanti
3318 4487 3571 4553 ructatio,
3594 4487 3697 4543 hoc

2109 4583 2193 4630 est
2220 4573 2372 4630 cordi
2412 4572 2654 4644 saginata
2693 4573 2944 4629 laudatio.
2967 4571 3024 4630 Si
3061 4573 3204 4630 enim
3232 4575 3519 4633 laudamus
3554 4579 3692 4649 quod

2107 4664 2394 4730 credimus,
2416 4663 2685 4735 quomodo
2707 4663 3037 4721 laudabimus
3055 4680 3177 4721 eum
3212 4665 3543 4724 viderimus!
3561 4670 3691 4724 Εεεε

2108 4756 2248 4828 quod
2271 4756 2371 4812 sibi
2392 4756 2554 4812 Maria
2577 4755 2810 4827 elegerat
2832 4773 2846 4812 :
2868 4755 2962 4812 sed
2984 4755 3503 4828 signiﬁcabat'vitam
3528 4761 3686 4828 illa,

2104 4847 2343 4903 nondum
2373 4846 2604 4904 tenebat.

2176 4937 2409 4994 CAPUT
2443 4937 2531 4994 Vl.
2548 4967 2620 4979 —
2637 4936 2691 4995 6.
2722 4937 2854 4993 Dum
2877 4939 2993 4993 vita
3013 4938 3067 4993 in
3096 4938 3307 4995 latim
3334 4950 3387 4998 et
3409 4942 3582 4999 Iulo
3600 4946 3688 4998 d-

2110 5027 2371 5083 umbratte.
2419 5027 2589 5084 Unum
2644 5029 2999 5085 necessarium.
3026 5027 3123 5084 Dei
3162 5026 3341 5102 fruitio
3398 5035 3499 5089 erit
3538 5034 3684 5090 basis

2111 5119 2355 5175 bonorum
2377 5121 2600 5175 onustum
2624 5120 2757 5175 loco.
2788 5120 2916 5174 Duae
2942 5129 3067 5176 sunt
3092 5120 3212 5178 vita
3235 5139 3252 5177 :
3279 5137 3384 5179 una
3424 5129 3681 5196 perducas

2110 5211 2176 5267 ad
2205 5211 2641 5277 delectationem,
2682 5206 2846 5266 altera
2890 5210 3162 5280 pertinens
3190 5213 3259 5268 ad
3297 5217 3675 5272 necessitatem.

2110 5305 2242 5373 Quae
2264 5305 2331 5361 ad
2357 5303 2750 5369 necessitatem,
2780 5301 3047 5358 laboriosa
3074 5311 3193 5359 est:
3219 5316 3341 5375 quae
3368 5306 3436 5362 ad
3466 5307 3678 5365 delecta-

2111 5398 2332 5457 tionem.
2371 5395 2685 5466 voluptuosa
2731 5401 2832 5450 est.
2882 5393 2990 5449 Sed
3032 5392 3168 5450 intra
3212 5396 3374 5463 intro,
3415 5399 3525 5454 noli
3566 5399 3681 5452 ibt-is

2110 5502 2353 5560 quaerere
2379 5485 2828 5544 delectationem:
2859 5496 2929 5542 ne
2955 5495 3219 5544 tumescas
3245 5490 3314 5545 de
3355 5490 3464 5558 illa,
3508 5502 3561 5548 et
3602 5507 3688 5561 per

2112 5588 2393 5650 angustum
2424 5579 2624 5633 intrare
2664 5588 2767 5633 nan
2813 5577 3008 5647 possis.
3057 5578 3193 5634 Ecce
3237 5581 3507 5650 quomodo
3532 5580 3689 5638 laris

2113 5673 2392 5729 Dominum
2417 5669 2627 5727 videbat
2651 5671 2702 5725 in
2727 5683 2908 5741 carne,
2937 5677 2993 5726 et
3018 5671 3297 5728 hominum
3321 5674 3568 5731 audiebat
3592 5686 3697 5747 per
