1963 3094
130 175 195 205 Ηὸξ)

128 241 245 265 carnem,
265 233 334 260 sicut
347 231 467 264 audistis,
482 239 542 259 eum
559 229 675 266 Epistula
690 229 723 256 al
740 229 865 257 llcbrzcos
880 229 918 256 le-

126 288 243 315 geretur,
258 279 331 314 quasi
348 286 395 313 per
407 279 493 305 velum
509 277 599 312 (llebr.
614 284 631 303 x
641 297 649 309 ,
667 277 701 304 20
712 276 731 311 ).
747 276 851 303 Nullum
867 276 919 303 erit

125 326 223 357 velum,
238 324 344 360 quando
355 324 502 351 videbimus
517 323 583 351 facie
597 323 629 350 ad
647 323 748 350 faciem.
761 322 841 349 Maria
854 330 918 357 ergo

125 371 244 403 sedebat,
267 370 317 397 hoc
338 375 379 397 est
397 370 516 401 vacabat,
533 372 559 396 et
572 368 713 400 audiebat,
727 372 754 395 et
770 368 894 395 laudabat
909 377 915 394 :

123 417 222 446 Martha
246 424 310 445 vero
331 417 401 444 circa
423 416 565 452 plurimum
588 415 766 443 ministerium
788 420 917 449 occupata

123 469 189 492 crat.
212 464 247 491 Et
263 463 327 490 dicit
341 464 365 490 ei
388 462 513 490 Dominus
526 483 532 494 ,
555 460 659 488 Mart/ta
671 482 679 493 ,
703 460 826 493 Martha,
850 461 918 487 circa

122 512 201 539 multa
213 519 239 537 es
254 514 375 544 occupata
388 517 397 536 :
410 517 486 544 porro
499 517 578 535 unum
591 512 627 535 est
640 508 807 534 necessarium
824 507 835 542 (
850 506 914 533 Luc.

120 566 149 590 x,
165 556 210 590 58,
228 555 294 590 4‘2).
308 555 394 583 linum
411 562 521 581 verum:
536 553 618 580 multa
634 560 686 580 non
701 557 778 580 erunt
791 560 916 579 necessa-

123 602 171 629 ria.
194 602 344 635 Antequam
366 599 551 634 perveniamus
571 598 604 625 ad
627 605 725 630 unum,
741 597 831 624 multis
846 596 916 624 indi-

119 641 327 683 gemus/Unum
341 653 390 672 nos
403 645 539 677 extendat,
562 652 596 672 ne
614 644 697 671 multa
718 643 870 671 distendant
889 648 916 670 et

118 693 278 727 abrumpant
291 692 324 719 ab
339 698 402 719 uno.
419 691 506 726 Ipsum
523 697 603 717 unum
618 690 685 717 dixit
697 689 832 723 apostolus
845 689 915 715 Pau-

120 739 171 771 lus,
184 739 243 774 quia
258 738 374 765 nondum
389 741 554 772 perceperat.
569 736 634 771 Ego,
651 735 747 770 inquit,
760 743 810 762 non
822 743 861 761 me
874 743 916 761 ar-

118 785 198 811 bitror
219 782 422 820 apprehendisse.
441 782 526 810 Unam
546 787 645 813 autent,
662 789 719 816 qum
732 785 798 807 retro
813 780 913 813 oblitus,

116 831 143 856 in
154 839 185 857 ea
196 837 252 865 qua»:
263 834 321 857 ante
332 833 391 855 aunt
403 831 525 855 extentus.
537 827 594 854 Non
607 826 748 858 distentus,
761 825 807 853 sed
822 830 916 852 exten-

118 880 172 902 tus.
188 875 273 902 Unum
292 874 362 902 enim
378 873 508 906 extendit,
530 880 583 900 non
604 871 742 899 distendit.
765 871 844 898 Multa
860 870 915 897 dis-

117 921 241 955 tendunt,
248 928 328 948 unum
340 920 468 948 extendit.
478 919 510 946 Et
522 918 647 954 quamdiu
658 917 795 946 extendit?
813 917 913 950 Quam-

115 967 166 996 diu
179 967 221 994 hic
235 974 336 995 sumus.
353 966 418 994 Cum
432 965 595 997 venerimus,
615 964 733 998 colligit,
749 970 802 990 non
821 966 914 990 extcn~

113 1012 167 1040 dit.
182 1012 267 1039 Unum
279 1016 373 1044 autent,
384 1017 441 1046 qua:
452 1014 518 1037 retro
530 1009 632 1041 oblitus,
646 1009 672 1035 in
683 1016 711 1035 ea
719 1016 776 1043 quae
788 1012 845 1034 ante
854 1012 913 1034 sunt

113 1064 243 1091 extentus,
264 1058 400 1085 secundant
420 1056 593 1084 intentionem.
614 1055 684 1083 Ecce
704 1055 886 1082 extensionem
904 1063 911 1082 :

113 1100 254 1140 nunquam
265 1103 466 1132 distensionem.
482 1102 629 1130 Secundum
639 1101 800 1128 intentionem
811 1108 910 1134 sequor,

112 1150 152 1177 ad
162 1150 274 1185 palmam
284 1157 399 1184 superate
408 1149 545 1175 vocationis
556 1148 604 1174 Dei
616 1149 640 1174 in
652 1146 752 1175 Christo
762 1146 825 1174 Iesu
835 1146 914 1181 (Plii-

112 1196 182 1230 fipp.
205 1202 244 1227 tu,
266 1195 311 1227 i5,
332 1194 366 1221 i4
412 1193 484 1221 Ordo
498 1194 639 1220 verborum
654 1198 713 1219 est:
730 1192 815 1219 Unum
829 1196 913 1218 autem

111 1248 219 1276 sequar.
233 1239 309 1267 Tunc
323 1246 388 1274 ergo
403 1239 551 1271 veniemus,
564 1243 590 1265 et
604 1245 658 1265 uno
671 1237 852 1272 perfruemur;
866 1237 913 1265 sed

111 1287 204 1323 ipsum
220 1293 301 1313 unum
317 1286 405 1313 omnia
426 1285 504 1313 nobis
518 1284 579 1312 erit.
601 1284 670 1317 Quid
690 1283 760 1311 enim
784 1283 911 1317 diximus,

111 1332 224 1365 fratres,
240 1330 345 1367 quando
357 1331 426 1366 coepi
441 1330 532 1366 loqui?
544 1330 612 1363 Quid
632 1334 673 1357 est
692 1330 779 1364 ipsum
798 1330 910 1357 multum

112 1378 189 1413 quod
204 1378 370 1409 habebimus,
384 1377 492 1413 quando
508 1384 561 1404 non
576 1376 773 1412 indigebimus?
792 1377 855 1412 quid
870 1381 911 1404 est

113 1425 231 1452 multum
245 1424 315 1459 quod
327 1423 502 1451 habebimus?
517 1423 573 1451 Hoc
592 1431 781 1459 proposueram
798 1423 887 1451 dicere
902 1432 909 1451 :

108 1470 179 1505 quid
194 1469 269 1497 nobis
289 1468 363 1497 dabit
384 1469 455 1497 Deus
465 1488 473 1502 ,
488 1468 559 1504 quod
573 1476 626 1496 non
642 1469 715 1496 dabit
729 1469 799 1496 illis?
824 1468 911 1496 Tolla-

109 1518 158 1541 ιω·
167 1515 271 1549 impias,
286 1522 317 1541 ne
329 1514 411 1542 uideat
422 1514 563 1541 claritatem
581 1513 628 1541 Dei
648 1514 657 1549 (
670 1513 734 1541 Isai.
752 1521 828 1546 xxvi,
843 1513 908 1551 10).

110 1559 188 1595 Ergo
202 1560 351 1587 claritatem
369 1566 444 1586 suam
465 1559 542 1586 nobis
561 1559 635 1587 dabit
658 1560 738 1592 Deus,
760 1567 812 1595 qua
833 1559 909 1588 frua-

110 1613 197 1633 mur:
213 1604 283 1632 unde
297 1604 405 1631 tolletur
416 1604 524 1639 impius,
543 1611 577 1632 ne
590 1603 678 1632 videat
690 1605 835 1633 claritatem
850 1606 907 1633 Dei.

109 1650 213 1677 Totum
227 1649 339 1676 multum
354 1654 475 1677 nostrum
490 1648 560 1683 quod
574 1648 740 1683 habebimus,
760 1650 817 1685 ipse
838 1651 908 1679 Deus

109 1696 177 1723 erit.
190 1696 288 1728 Avare,
307 1695 369 1730 quid
383 1695 520 1730 qumrebas
534 1696 674 1730 accipere?
693 1696 760 1730 Quid
778 1699 874 1733 quaerit
891 1706 908 1726 ἢ

109 1743 182 1775 Deo,
201 1742 243 1769 cui
258 1749 311 1769 non
324 1741 420 1769 sufiicit
439 1741 526 1768 Deus?

149 1789 263 1818 CAPUT
278 1789 334 1816 νιι.
349 1804 384 1809 -——
396 1789 422 1816 7.
438 1788 554 1816 Carnalis
569 1790 687 1825 cogitatio
702 1792 733 1818 de
748 1792 835 1825 futura
850 1793 909 1827 [eli-

110 1837 200 1864 citate.
222 1835 348 1862 Gaudium
369 1835 472 1861 carnale
492 1835 524 1861 de
544 1836 633 1862 menti:
656 1837 807 1871 wgritadine
829 1838 905 1865 uenit.

115 1882 185 1911 Vera
197 1883 292 1910 sanitas
306 1887 402 1913 nostra,
415 1881 604 1908 immortalitas.
617 1881 719 1909 Dicitur
728 1888 842 1916 terrenae,
854 1892 907 1911 non

110 1930 255 1966 facultatis,
267 1928 311 1956 sed
323 1928 479 1963 inﬁrmitatis
489 1933 648 1963 argumenta.
662 1928 714 1956 Sed
725 1930 831 1964 quando
837 1930 908 1959 dici~

109 1982 168 2010 tur,
181 1975 242 2011 quia
256 1975 339 2002 Deum
351 1974 516 2006 habebimus,
534 1977 561 2001 et
579 1973 638 2009 ipso
650 1975 709 2002 solo
719 1976 836 2003 contenti
851 1976 908 2005 eri-

109 2029 184 2054 mus,
198 2022 251 2048 imo
271 2020 329 2056 ipso
353 2019 410 2047 solo
431 2019 471 2046 sic
489 2019 692 2052 delectabimur,
708 2024 738 2047 ut
752 2020 817 2048 nihil
832 2021 906 2050 aliud

110 2068 294 2103 requiramus;
310 2066 371 2101 quia
385 2070 412 2093 et
425 2066 451 2093 in
463 2073 515 2093 uno
528 2065 586 2101 ipso
599 2065 730 2100 fruemur,
744 2071 772 2095 et
786 2068 813 2095 in
826 2068 904 2096 nobis

110 2114 226 2141 invicem
242 2113 300 2147 ipso
319 2111 438 2139 fruemur
457 2120 464 2138 :
485 2111 558 2148 (quid
575 2112 645 2139 enim
658 2120 761 2146 sumus,
777 2114 799 2141 si
820 2114 903 2141 Deum

110 2167 166 2186 non
190 2157 337 2185 habemus?
358 2161 405 2184 aut
420 2156 482 2191 quid
493 2156 567 2184 aliud
581 2157 607 2183 in
621 2158 699 2186 nobis
719 2166 797 2193 quam
820 2159 903 2186 Deum

111 2205 242 2232 debemus
262 2203 381 2238 diligere,
397 2207 443 2229 aut
456 2202 517 2237 quia
532 2202 671 2236 habemus,
691 2208 739 2231 aut
750 2208 780 2231 ut
802 2205 902 2233 habea-

112 2259 174 2278 mus
182 2251 205 2285 ?)
221 2250 326 2285 quando
338 2256 402 2284 ergo
415 2249 511 2277 dicitur
521 2249 582 2284 quia
593 2254 688 2278 cetera
701 2251 902 2285 subtrahuntur,

111 2300 139 2323 et
153 2295 227 2323 solus
245 2295 313 2321 Deus
327 2294 378 2321 erit
391 2301 445 2328 quo
464 2292 642 2327 delectemur;
658 2295 732 2330 quasi
747 2301 904 2331 angustatur

111 2341 212 2373 anima,
235 2346 294 2375 qua:
315 2339 453 2366 consuevit
466 2338 559 2366 multis
573 2339 721 2373 delectari;
737 2344 765 2368 et
774 2341 839 2368 dicit
851 2342 902 2370 sibi

112 2386 203 2413 anima
222 2385 346 2418 carnalis,
359 2384 433 2411 carni
448 2384 562 2417 addicta,
585 2384 735 2412 carnalibus
749 2386 904 2420 cupiditati-

113 2433 166 2460 bus
178 2432 323 2466 implicata,
342 2431 414 2458 visco
428 2431 559 2458 malarum
577 2431 752 2466 cupiditatum
770 2432 903 2461 involutas

110 2485 216 2515 pennas
231 2478 342 2511 habens,
359 2484 393 2504 ne
412 2477 484 2504 volet
496 2476 529 2504 ad
549 2477 644 2510 Deum,
660 2477 724 2505 dicit
740 2477 810 2506 sibi:
834 2478 903 2513 Quid

111 2523 249 2557 mihierit,
264 2523 310 2551 ubi
333 2531 386 2550 non
409 2522 585 2555 mandueabo,
601 2522 644 2550 ubi
668 2530 721 2550 non
742 2523 841 2557 bibam,
857 2524 903 2552 ubi

110 2578 172 2598 cum
187 2576 271 2597 uxore
284 2576 343 2596 mea
356 2576 408 2596 non
429 2567 579 2595 dormiam?
593 2569 671 2603 quale
692 2569 757 2596 mihi
778 2570 901 2604 gaudium

110 2614 180 2644 erit!
192 2614 249 2642 Hoc
262 2613 386 2649 gaudium
407 2618 481 2640 tuum
504 2612 538 2640 de
556 2613 713 2648 :egritudine
726 2619 777 2647 est,
792 2622 844 2642 non
868 2615 902 2643 de

108 2660 232 2688 sanitate.
244 2659 322 2687 Certe
333 2659 388 2693 ipsa
403 2665 466 2685 caro
481 2663 524 2686 tua
540 2658 566 2685 in
581 2658 632 2697 hop
646 2664 765 2693 tempore
779 2660 901 2694 aliquan-

107 2708 144 2735 do
157 2711 280 2743 aegrotat,
293 2705 434 2740 aliquando
454 2713 518 2732 sana
533 2709 583 2732 est.
599 2704 741 2739 Intendite,
759 2712 786 2733 ut
800 2707 900 2742 aliquid

107 2755 205 2786 dicam,
219 2752 289 2781 unde
299 2752 418 2786 capiatis,
436 2752 588 2787 exemplum
607 2752 646 2779 rei
660 2759 739 2787 quam
762 2760 814 2780 non
838 2761 900 2788 pos-

109 2807 169 2828 sum
185 2799 284 2827 dicere.
310 2798 377 2826 Sunt
400 2797 520 2833 qumdam
547 2797 732 2832 aegrotandum
747 2797 899 2826 desideria:

106 2845 203 2873 ardent
222 2843 358 2872 desiderio
385 2848 431 2870 aut
456 2842 568 2877 alicujus
598 2842 688 2876 fontis,
713 2847 759 2870 aut
786 2843 900 2879 alicujus

106 2893 196 2931 pomi;
212 2897 239 2920 et
256 2892 295 2920 sic
318 2892 422 2925 ardent,
443 2895 472 2919 ut
493 2890 645 2919 existiment
657 2891 718 2926 quia
731 2891 752 2919 si
767 2893 825 2921 sani
840 2893 898 2921 fue-

835 173 950 201 SERMO
970 173 1079 201 CCL“.

1700 179 1768 207 1190

972 230 1036 263 rint,
1053 230 1104 257 frui
1118 230 1233 259 debeant
1249 232 1312 267 ipsis
1325 233 1467 262 desideriis
1483 235 1547 261 suis.
1563 235 1639 263 Venit
1654 239 1764 270 sanitas,

971 281 999 303 et
1018 278 1087 312 perit
1104 278 1245 313 cupiditas.
1267 280 1343 314 Quod
1363 281 1543 316 desiderabat,
1564 282 1664 310 fastidit
1679 294 1686 312 :
1703 287 1768 322 quia

971 323 1022 352 hoc
1038 325 1063 352 in
1075 325 1121 353 illo
1132 325 1213 353 febris
1227 327 1371 362 quaerebat.
1387 328 1420 355 Et
1434 329 1519 364 qualis
1530 335 1570 356 est
1585 330 1635 358 ista
1650 332 1762 367 sanitas,

971 369 997 397 in
1011 379 1063 405 qua
1074 373 1236 400 convalescit
1250 379 1365 408 aegrotus
1373 374 1386 401 ?

1006 417 1119 445 CAPUT
1135 418 1201 445 Vlil.
1220 434 1257 439 —
1275 418 1380 447 Sanitas
1407 420 1456 448 ista
1482 429 1532 456 qua
1557 421 1670 449 dicimur
1693 424 1762 454 sani.

970 462 1033 497 quid
1055 464 1115 491 est?
1139 464 1192 491 Sed
1218 470 1307 492 tamen
1331 465 1392 493 hinc
1410 467 1498 501 capite
1519 468 1681 502 exemplum.
1698 468 1764 502 Quia

969 515 1029 534 cum
1045 509 1127 535 multa
1142 509 1195 536 sint
1214 510 1399 544 :cgrotantium
1420 511 1563 545 desideria,
1580 520 1640 547 qure
1656 513 1706 541 ista
1722 523 1766 543 sa-

969 554 1038 580 nitas
1049 554 1130 584 tollit:
1145 556 1278 589 quomodo
1292 556 1335 583 illa
1352 557 1420 585 tollit
1440 557 1490 584 ista
1504 558 1613 591 sanitas,
1626 559 1664 586 sic
1674 560 1764 587 omnia

970 598 1038 625 tollit
1060 599 1265 628 immortalitas:
1282 602 1342 636 quia
1369 602 1469 630 sanitas
1493 608 1584 630 nostra
1608 604 1764 631 immortali-

970 647 1009 670 tas
1029 649 1081 671 est.
1105 645 1226 674 Recolite
1254 647 1421 681 Apostolum,
1448 652 1476 676 et
1492 648 1579 676 videte
1604 649 1666 684 quid
1693 651 1763 677 erit:

970 689 1072 724 Oportet
1095 690 1256 726 corruptibile
1278 692 1326 718 ltoc
1355 692 1460 720 induere
1484 693 1712 728 incorruptionem,
1740 701 1763 721 et

967 735 1074 762 mortale
1094 736 1141 763 hoc
1156 736 1261 764 induere
1276 738 1496 766 immortalitatem
1512 740 1540 774 (l
1555 740 1613 767 Cor.
1630 749 1675 774 xv,
1698 742 1731 768 55
1742 742 1762 777 ).

969 781 1001 808 Et
1014 781 1114 809 erimus
1139 784 1256 818 tuquales
1283 785 1391 820 Angelis
1416 785 1461 813 Dei
1487 786 1597 819 (Matth.
1615 795 1682 818 xxn,
1698 788 1762 823 50).

966 826 1099 861 Numquid
1111 827 1148 854 illi
1163 828 1253 856 miseri
1273 835 1345 862 sunt,
1362 830 1407 865 qui
1423 838 1475 858 non
1491 832 1653 866 epulantur?
1668 833 1762 860 Nonne

966 872 1027 899 ideo
1041 873 1185 908 beatiores,
1199 875 1260 909 quia
1275 876 1332 903 istis
1348 884 1400 903 non
1418 877 1555 912 indigent?
1569 879 1611 905 An
1622 886 1685 906 vero
1699 880 1760 914 qui-

965 917 1030 945 libet
1042 918 1117 946 dives
1142 920 1290 954 aequabitur
1312 922 1442 956 Angelis?
1467 923 1562 958 Angeli
1582 932 1645 951 vere
1667 924 1762 952 divites

964 968 1036 991 sunt.
1047 964 1115 998 Quid
1127 965 1253 993 dicuntur
1263 966 1362 994 divitia:
1370 968 1381 993 Ἰ
1390 967 1550 996 Facultates.
1560 969 1654 1004 Angeli
1663 969 1763 997 habent

964 1017 1075 1045 magnas
1089 1011 1237 1045 facultates,
1252 1013 1296 1047 qui
1310 1012 1408 1041 habent
1423 1021 1532 1049 magnas
1547 1015 1696 1043 facilitates.
1709 1017 1763 1044 Au.

964 1054 1005 1083 dis
1018 1061 1078 1083 cum
1091 1056 1214 1085 laudatur
1226 1058 1301 1086 dives
1314 1067 1319 1084 :
1330 1058 1462 1093 Quantum
1480 1068 1592 1096 magnus
1611 1067 1661 1095 est,
1676 1062 1763 1090 domi-

964 1108 1017 1128 nus
1028 1106 1080 1135 est,
1092 1101 1165 1129 dives
1174 1106 1223 1135 est,
1233 1107 1330 1138 potens
1340 1108 1389 1131 est.
1399 1104 1529 1138 Quantum
1546 1114 1668 1141 magnum
1679 1111 1707 1133 ut
1718 1112 1763 1134 cat

964 1154 1017 1181 quo
1031 1147 1096 1179 vult,
1110 1147 1230 1182 jumenta
1242 1148 1358 1180 adsunt,
1373 1154 1494 1185 sumptus
1503 1150 1609 1184 adsunt,
1625 1151 1696 1178 servi
1714 1152 1762 1179 ad-

964 1196 1037 1226 sunt,
1052 1193 1200 1220 ministeria
1213 1194 1320 1221 adsunt.
1338 1195 1432 1222 Omnia
1446 1196 1494 1223 ista
1509 1195 1589 1224 habet
1600 1196 1676 1225 dives
1689 1206 1695 1224 :
1707 1192 1761 1233 qilo

964 1237 1019 1264 vult
1034 1237 1064 1271 it,
1082 1238 1201 1266 laborem
1223 1246 1276 1267 non
1295 1240 1408 1275 patitur.
1436 1241 1555 1276 Angelus
1575 1242 1621 1269 ubi
1634 1242 1757 1274 voluerit.

965 1283 999 1310 ibi
1015 1284 1066 1311 erit
1080 1293 1087 1310 :
1107 1292 1157 1312 nec
1180 1285 1254 1318 dicit,
1273 1285 1377 1321 Iunge;
1398 1294 1447 1314 nec
1461 1287 1544 1321 dicit,
1559 1287 1672 1320 Sterne;
1687 1289 1759 1324 quod

963 1335 1023 1355 cum
1046 1330 1167 1364 superbia
1190 1330 1283 1359 dicunt
1302 1331 1409 1364 divites,
1425 1336 1452 1359 et
1470 1337 1619 1361 tumescere
1639 1333 1700 1361 inde
1714 1342 1759 1361 vo.

964 1373 1031 1408 lunt,
1047 1376 1108 1410 quia
1121 1375 1220 1404 habent
1233 1376 1330 1412 quibus
1344 1377 1443 1410 dicant,
1459 1378 1545 1414 iunge
1557 1383 1583 1406 et
1593 1378 1698 1407 Sterne.
1716 1380 1759 1407 [ηρ

963 1420 1035 1453 felix,
1048 1421 1129 1449 verba
1144 1421 1192 1449 ista
1207 1426 1270 1449 sunt
1285 1422 1455 1456 infirmitatis,
1470 1432 1523 1451 non
1543 1424 1686 1454 facultatis.
1700 1425 1758 1454 Non

963 1473 1026 1502 ergo
1041 1467 1217 1503 indigebimus
1233 1477 1239 1496 :
1262 1473 1290 1496 et
1304 1468 1365 1497 ideo
1385 1470 1456 1497 beati
1470 1471 1580 1499 erimus.
1599 1470 1675 1498 Pleni
1687 1472 1758 1500 enim

962 1512 1072 1546 erimus,
1089 1513 1136 1540 sed
1156 1513 1211 1541 Deo
1227 1519 1319 1541 nostro
1334 1523 1341 1541 :
1356 1519 1382 1542 et
1396 1516 1486 1542 omnia
1501 1523 1561 1551 qua:
1575 1516 1618 1543 hic
1632 1523 1681 1551 pro
1695 1525 1755 1545 ma-

961 1563 1014 1591 gno
1028 1556 1224 1591 desideramus,
1246 1559 1302 1593 ipse
1323 1559 1401 1587 nobis
1414 1560 1474 1587 erit.
1492 1560 1543 1587 Pro
1558 1568 1654 1596 magno
1669 1561 1758 1590 cibum

962 1600 1005 1628 hic
1015 1602 1132 1637 qumris:
1150 1602 1222 1631 Deus
1237 1604 1284 1631 tibi
1302 1604 1380 1632 cibus
1400 1605 1461 1632 erit.
1485 1606 1646 1640 Amplexum
1667 1608 1758 1636 carnis

960 1646 1004 1675 hie
1030 1649 1146 1683 quaeris:
1170 1649 1235 1676 Mihi
1256 1656 1339 1677 autent
1360 1651 1490 1679 att/tmere
1513 1652 1567 1680 Deo
1605 1653 1698 1681 bonum
1721 1660 1758 1682 est

961 1691 1053 1726 (Psal.
1077 1701 1161 1727 Lxxn,
1181 1694 1216 1722 28
1227 1693 1251 1729 ).
1278 1695 1389 1722 Divitias
1410 1696 1455 1723 hic
1481 1697 1601 1731 quieris:
1623 1699 1757 1733 quomodo

960 1737 1007 1765 tibi
1023 1738 1136 1765 deerunt
1158 1739 1259 1771 omnia,
1275 1740 1383 1774 quando
1409 1740 1482 1768 ilium
1510 1741 1619 1770 habebis
1634 1744 1678 1777 qui
1691 1743 1756 1771 fecit

960 1782 1066 1810 omnia?
1080 1783 1112 1810 Et
1127 1788 1156 1810 ut
1167 1784 1254 1811 verbis
1271 1785 1390 1818 Apostoli
1405 1789 1430 1812 te
1445 1785 1539 1813 faciam
1561 1794 1698 1821 securum,
1719 1789 1754 1817 de

959 1827 1004 1854 illa
1028 1827 1081 1855 vita
1107 1827 1158 1856 hoc
1181 1828 1267 1856 dixit:
1296 1829 1332 1857 Ut
1354 1830 1385 1857 u't
1408 1829 1476 1857 Deus
1498 1831 1622 1860 omniain
1640 1834 1756 1861 omnibus

959 1872 1061 1908 (Hm
1075 1881 1120 1906 xv’
1134 1873 1307 1937 28)sanuo
1326 1910 1426 1937 CCLVi
1441 1912 1449 1922 “
1465 1910 1515 1947 (a).

1162 1957 1187 1979 in
1199 1955 1286 1980 diebus
1297 1955 1456 1987 Paschalibus,
1469 1963 1545 1983 xxvn.

1268 1996 1307 2023 De
1319 1997 1440 2024 Alleluia.

995 2042 1020 2068 Ι.
1043 2041 1161 2069 Laudare
1185 2041 1268 2069 Deum
1295 2047 1391 2077 oportet
1406 2043 1455 2070 vita
1476 2048 1500 2070 et
1528 2044 1624 2079 lingua.
1644 2043 1754 2073 Concor-

957 2087 1001 2114 dia
1018 2092 1041 2114 et
1058 2088 1179 2115 securitas
1201 2090 1310 2124 perfecta
1339 2088 1497 2116 laudantium
1522 2089 1603 2118 Deum
1627 2099 1677 2119 non
1705 2093 1754 2120 nisi

956 2132 983 2159 in
998 2133 1071 2160 caelo.
1085 2132 1215 2167 Quoniam
1233 2134 1332 2168 placuit
1347 2134 1461 2162 Domino
1479 2135 1533 2162 Deo
1547 2140 1649 2169 nostro,
1667 2142 1695 2164 ut
1709 2137 1753 2165 hic

957 2177 1094 2211 constituti
1107 2178 1248 2213 przcsentia
1270 2179 1400 2214 corporali
1426 2178 1475 2216 (b),
1489 2181 1569 2208 etiam
1590 2189 1650 2208 cum
1665 2187 1752 2211 vestra

957 2222 1092 2251 Charitate
1105 2224 1143 2251 illi
1157 2229 1326 2252 eantaremus
1350 2226 1474 2260 Alleluia,
1489 2227 1558 2262 quod
1574 2228 1653 2255 latine
1668 2229 1752 2256 inter-

957 2274 1091 2305 pretatur,
1118 2270 1236 2298 Laudato
1257 2270 1415 2304 Dominum;
1438 2272 1576 2301 laudemus
1599 2273 1751 2306 Dominum,

956 2315 1063 2347 fratres,
1077 2316 1129 2342 vita
1140 2319 1167 2343 et
1180 2316 1278 2352 lingua,
1295 2317 1375 2344 corde
1387 2321 1413 2345 et
1427 2324 1483 2349 ore,
1499 2318 1609 2347 vocibus
1621 2324 1649 2347 et
1670 2321 1753 2348 mori-

957 2361 1016 2390 bus.
1028 2361 1072 2389 Sic
1085 2361 1156 2390 enim
1167 2362 1218 2390 sibi
1238 2362 1289 2390 dici
1303 2363 1361 2390 vult
1376 2363 1446 2391 Deus
1462 2364 1587 2398 Alleluia,
1603 2370 1632 2393 ut
1648 2374 1702 2393 non
1718 2368 1753 2395 sit

955 2407 983 2434 in
998 2407 1123 2435 laudante
1137 2407 1280 2435 discordia.
1294 2408 1465 2436 Concordent
1475 2416 1538 2445 ergo
1548 2410 1622 2445 prius
1635 2411 1660 2437 in
1675 2411 1752 2442 nobis

956 2453 1021 2493 ipsis
1041 2454 1130 2489 lingua
1151 2461 1213 2481 cum
1239 2453 1304 2486 vita,
1319 2461 1350 2482 os
1363 2461 1423 2481 cum
1444 2456 1616 2482 conscientia.
1632 2455 1748 2484 ϐοηθοῖς

955 2499 1030 2534 deut,
1047 2499 1166 2535 inquam,
1190 2506 1271 2526 voces
1293 2506 1354 2526 cum
1369 2499 1486 2527 moribus
1500 2520 1508 2533 ,
1531 2508 1565 2528 ne
1588 2501 1656 2529 forte
1674 2502 1751 2531 bona:

955 2554 1036 2574 voces
1061 2545 1242 2574 testimonium
1268 2544 1359 2572 dicant
1383 2549 1477 2573 contra
1504 2547 1589 2575 malos
1607 2555 1705 2576 mores.
1728 2549 1751 2577 0

956 2592 1020 2619 felix
1040 2591 1153 2619 Alleluia
1168 2591 1194 2618 in
1209 2590 1286 2622 caalo.
1302 2591 1345 2618 ubi
1360 2591 1487 2627 templum
1502 2591 1547 2620 Dei
1563 2593 1656 2629 Angeli
1671 2597 1749 2625 sunt!

955 2636 993 2664 lbi
1015 2637 1086 2664 enim
1107 2636 1249 2663 concordia
1264 2643 1368 2663 summa
1391 2636 1563 2670 laudantium,
1584 2639 1629 2666 ubi
1648 2644 1691 2667 est
1705 2648 1751 2668 ex.

954 2682 1062 2710 sultatio
1076 2689 1169 2709 secura
1180 2682 1344 2709 cantantium
1358 2690 1364 2709 :
1382 2682 1425 2710 ubi
1440 2683 1510 2710 nulla
1526 2683 1569 2711 lex
1583 2684 1609 2712 in
1621 2685 1749 2713 membris

954 2733 1085 2763 repugnat
1100 2728 1151 2763 legi
1162 2728 1261 2755 mentis
1276 2735 1283 2761 ;
1298 2728 1342 2755 ubi
1355 2736 1407 2755 non
1425 2734 1466 2757 est
1477 2730 1534 2757 rixa
1546 2731 1709 2766 cupiditatis,
1724 2733 1749 2760 iu

986 2775 994 2785 ·
1004 2774 1156 2799 (xu-reximus
1167 2773 1232 2798 hunc
1242 2780 1381 2799 sermonem
1392 2774 1422 2800 ad
1437 2774 1461 2800 d.
1475 2774 1506 2800 cl.
1519 2782 1540 2800 r.
1553 2779 1572 2801 t.
1586 2781 1633 2802 vat.
1647 2784 1670 2803 ν.
1684 2781 1710 2803 et
1722 2780 1751 2804 ad

953 2806 1022 2865 Sil-(Ilii
1039 2835 1109 2865 Alias,
1127 2842 1159 2860 ex
1170 2835 1340 2859 Sirmondianis
1354 2835 1391 2860 i8.

996 2843 1010 2860 a
1039 2836 1109 2865 Alias,
1127 2842 1159 2860 ex
1170 2836 1340 2859 Sirmondianis
1354 2836 1391 2860 i8.

984 2836 1022 2898 ibi
1036 2867 1091 2891 Inde
1111 2871 1178 2902 patet
1194 2866 1257 2892 hunc
1277 2866 1352 2892 etiam
1370 2873 1510 2894 sermonem
1523 2867 1633 2896 habitum
1648 2876 1705 2897 esse
1724 2871 1749 2895 in

953 2898 1006 2923 loco
1019 2898 1158 2927 peregrino.
