3954 6196
284 246 424 303 “93

286 363 452 419 Porro
477 373 655 420 autem
675 410 687 429 ,
719 380 837 422 cum
884 367 1078 422 factum
1109 369 1265 425 fuerit
1288 387 1481 444 corpus
1511 376 1614 434 hoc
1642 379 1863 436 immor—

283 454 386 509 tale
414 464 468 511 et
499 456 928 526 incorruptibile,
959 459 1174 531 quando
1202 462 1418 531 perierit
1455 476 1562 523 tota
1608 473 1863 535 tentatio;

281 547 402 615 quia
429 545 627 616 Corpus
649 549 850 616 quidem
876 562 1125 609 mortuum
1144 565 1249 611 est:
1266 552 1430 628 quare
1454 570 1719 615 mortuum
1744 565 1866 618 est?

278 628 485 706 propter
533 649 814 708 peceatum.
855 640 1080 711 Spiritus
1120 656 1285 701 autem
1326 650 1426 703 uita
1469 662 1572 716 est,
1618 654 1862 723 Apostoli

283 729 442 784 verba
498 736 670 784 sunt:
700 733 902 801 quare?
945 745 1150 807 propter
1182 740 1458 810 justitiam.
1523 741 1862 800 Rentittimus

268 810 411 890 ergo
454 831 724 876 mortuum
777 826 1011 894 corpus?
1049 829 1196 896 Non,
1249 831 1342 887 sed
1388 833 1510 887 audi
1541 850 1554 887 :
1588 833 1649 889 Si
1693 847 1861 891 autem

272 911 482 989 spiritus
507 912 617 983 ejus
640 914 726 984 qui
751 917 1012 973 suscitauit
1039 917 1298 976 Christum
1333 940 1367 977 a
1401 927 1639 994 mortuis,
1667 927 1861 983 habitat

273 984 326 1054 oi
346 1003 520 1066 uobis;
546 1004 634 1074 qui
661 1007 919 1062 suscitauit
945 1008 1199 1066 Christum
1236 1030 1270 1067 a
1307 1017 1518 1070 mortuis
1535 1057 1552 1083 ,
1591 984 1860 1087 uiui/icubit

270 1105 319 1147 et
344 1095 580 1150 mortalia
606 1113 821 1169 corpora
856 1110 1027 1155 uestra
1069 1103 1249 1173 (Rom.
1275 1104 1401 1172 vni,
1431 1107 1521 1175 10,
1545 1108 1658 1181 ll).
1700 1109 1857 1164 Modo

271 1188 414 1243 enim
439 1205 636 1261 corpus
662 1192 891 1249 animale
906 1236 921 1260 ,
941 1204 1067 1250 tunc
1086 1198 1381 1267 spirituale.
1405 1199 1596 1292 Factus
1618 1211 1691 1257 est
1712 1204 1851 1257 enim

269 1278 462 1349 primus
482 1281 633 1334 homo
658 1281 712 1335 in
736 1282 964 1337 animam
982 1285 1261 1355 uiuentem,
1292 1278 1592 1345 nouissimus
1625 1293 1774 1347 homo
1801 1295 1854 1347 in

266 1368 503 1438 spiritum
533 1370 865 1440 viviﬁcantem
913 1372 955 1445 (Ι
982 1373 1102 1430 Cor.
1145 1392 1235 1442 xv,
1274 1375 1364 1441 ιι,
1391 1380 1506 1451 45).
1530 1379 1654 1436 Ideo
1686 1381 1851 1453 uiuifi-

270 1458 406 1515 cubit
424 1470 472 1515 et
508 1464 743 1517 mortalia
779 1481 994 1535 corpora
1038 1477 1201 1524 uestra
1243 1481 1449 1542 propter
1489 1473 1851 1530 inltabttantem

265 1550 521 1623 Spiritum
540 1553 651 1625 ejus
667 1554 721 1609 in
745 1557 901 1609 uobis.
929 1556 976 1610 fl
998 1557 1122 1613 felix
1144 1559 1253 1616 illic
1272 1562 1532 1619 Alleluia!
1561 1579 1595 1619 ο
1622 1570 1845 1622 secura!

264 1660 301 1699 ο
346 1645 464 1700 sine
508 1646 848 1704 adversario!
883 1650 970 1705 ubi
1024 1667 1181 1707 nemo
1226 1653 1330 1708 erit
1371 1653 1645 1721 inimicus,
1691 1673 1857 1713 nemo

264 1735 402 1804 perit
427 1736 651 1791 amicus.
680 1736 755 1792 Ibi
785 1738 969 1795 laudes
1000 1740 1139 1807 Deo,
1170 1753 1224 1797 et
1265 1741 1353 1799 hic
1375 1744 1559 1801 laudes
1585 1746 1728 1802 Deo:
1752 1749 1846 1803 sed

265 1827 401 1881 hica
434 1827 706 1895 Sollicitis,
753 1828 826 1884 ibi
852 1845 880 1883 a
908 1833 1146 1898 securis;
1194 1833 1280 1889 hic
1318 1850 1348 1889 a
1376 1837 1674 1906 morituris,
1699 1839 1770 1894 ibi
1813 1855 1843 1894 a

259 1932 475 1988 semper
511 1919 764 1988 victuris;
810 1919 898 1976 hic
939 1923 993 1978 in
1038 1938 1164 1995 spe,
1211 1925 1283 1980 ibi
1314 1926 1365 1980 in
1413 1942 1506 1993 re;
1536 1927 1622 1983 hic
1648 1930 1700 1983 in
1727 1931 1839 1996 via,

259 2011 367 2067 illic
413 2012 467 2066 in
512 2012 701 2082 patria.
748 2013 906 2070 Modo
947 2030 1108 2087 ergo,
1141 2016 1332 2074 fratres
1359 2021 1496 2085 mei,
1533 2032 1838 2089 cantemus,

261 2120 367 2161 non
389 2106 456 2161 ad
480 2106 886 2164 delectationem
913 2109 1128 2181 quietis,
1146 2111 1240 2167 sed
1269 2112 1336 2168 ad
1353 2113 1600 2170 solatium
1619 2116 1835 2172 laboris.

255 2197 535 2265 Quomodo
558 2200 732 2255 solent
754 2209 972 2257 cantare
990 2203 1246 2268 viatores;
1265 2213 1420 2260 canta
1436 2248 1451 2273 ,
1478 2206 1573 2262 sed
1593 2208 1801 2263 ambula
1823 2228 1837 2265 :

255 2290 491 2345 laborem
523 2291 803 2349 consolare
827 2296 1124 2363 cantando,
1154 2297 1419 2369 pigritiam
1457 2300 1562 2354 noli
1607 2315 1789 2357 amare
1822 2321 1836 2357 :

253 2389 444 2448 carata,
489 2391 545 2436 et
592 2382 823 2438 ambula.
870 2383 1008 2452 Quid
1056 2394 1171 2453 est,
1210 2387 1456 2445 ambula?
1498 2389 1734 2460 Proﬁce,
1783 2393 1837 2449 in

253 2471 396 2525 bono
449 2472 666 2541 profice.
717 2472 854 2528 Sunt
900 2474 1076 2543 enim,
1142 2477 1432 2534 secundum
1482 2482 1833 2550 Apostolum,

220 2562 466 2631 quidam
498 2563 839 2632 proﬁcientes
891 2566 943 2620 in
987 2566 1137 2638 pejus
1161 2567 1228 2640 (II
1258 2564 1388 2624 Tim.
1418 2586 1504 2637 ιιι,
1536 2570 1648 2646 15).
1678 2573 1757 2629 Tu
1790 2575 1841 2655 si.

254 2651 501 2720 proﬁcis,
529 2652 771 2709 ambulas
801 2673 815 2710 :
845 2655 938 2712 sed
970 2658 1022 2712 in
1051 2659 1194 2714 bono
1220 2660 1449 2730 proﬁce,
1482 2663 1534 2717 in
1561 2674 1708 2719 recta
1732 2666 1834 2721 ﬁde

251 2744 478 2815 proﬁce,
519 2746 572 2801 in
600 2746 756 2803 bonis
782 2748 1021 2804 moribus
1038 2750 1236 2820 proﬁce
1263 2769 1277 2807 :
1306 2762 1459 2809 canta
1480 2796 1495 2820 ,
1514 2764 1568 2809 et
1593 2756 1828 2812 ambula.

247 2836 365 2894 Noli
387 2853 598 2906 errare,
625 2839 732 2895 noli
775 2839 981 2908 redire,
1010 2841 1116 2896 noli
1142 2858 1440 2899 remanere.
1479 2843 1738 2902 Conversi
1764 2849 1831 2903 ad

247 2928 559 2996 Dominum,
589 2938 693 2985 etc.

723 3040 956 3099 snnno
991 3042 1213 3101 CCLvu
1240 3046 1335 3120 (a).

576 3180 651 3247 ειη
666 3174 843 3225 diebus
864 3176 1185 3240 Paschalibus,
1208 3192 1359 3232 xxvm
1378 3182 1469 3245 (ὁ).

337 3272 419 3330 De
442 3291 586 3330 uersu
614 3275 809 3331 Psalmi
834 3292 968 3346 cn,
993 3281 1080 3347 ll,
1110 3279 1288 3338 Omnis
1313 3285 1465 3340 homo
1490 3289 1724 3345 utendas.

314 3389 369 3442 i.
411 3386 551 3443 Deus
574 3389 726 3442 corde
752 3389 1056 3445 laudandus.
1081 3391 1232 3460 Quod
1262 3393 1506 3453 bebraica
1547 3399 1723 3471 lingua
1745 3402 1826 3457 di-

234 3483 380 3538 citur
409 3482 664 3549 Alleluia,
694 3476 863 3538 latine
893 3493 974 3538 est
1000 3483 1233 3540 Laudato
1274 3488 1577 3548 Dominum.
1616 3493 1823 3548 Laude-

233 3588 359 3630 mus
410 3586 539 3644 ergo
590 3573 870 3627 Dominum
912 3574 1076 3631 Deum
1133 3587 1405 3642 nostrum,
1458 3595 1564 3635 non
1616 3588 1820 3637 tantum

239 3678 405 3727 voce,
438 3663 531 3719 sed
557 3664 718 3719 etiam
746 3663 929 3720 corde.
974 3664 1235 3733 Quoniam
1264 3669 1355 3738 qui
1397 3670 1561 3727 corde
1610 3672 1814 3747 laudat,

238 3754 789 3815 interioris‘hominis,
839 3770 970 3810 voce
1022 3757 1219 3811 laudat.
1264 3759 1374 3815 Vox
1429 3761 1497 3816 ad
1542 3763 1815 3834 homines,

234 3862 399 3901 sonus
425 3855 534 3911 est;
562 3861 662 3899 vox
693 3845 758 3899 ad
790 3847 954 3901 Deum
977 3888 990 3910 ,
1023 3846 1244 3903 allectus
1268 3859 1369 3904 est.

305 3937 379 3994 2..
406 3937 571 3993 Homo
596 3938 659 3991 de
683 3954 774 3991 suo
800 3937 1018 3992 mendas:
1037 3980 1051 4003 ,
1078 3939 1148 3992 ad
1171 3938 1335 3996 Deum
1354 3946 1613 4017 confugiat
1632 3990 1646 4013 ,
1672 3958 1729 4003 ut
1753 3950 1818 4005 sit

233 4047 407 4086 verax.
452 4029 593 4083 Dixit
632 4029 847 4099 quidam
891 4030 942 4083 in
986 4032 1179 4085 ecstasi
1228 4050 1354 4101 sua,
1401 4036 1537 4092 sicut
1582 4038 1810 4110 legistis,

232 4123 373 4177 sicut
417 4120 682 4175 audistis:
717 4118 896 4179 Omnis
934 4121 1083 4176 homo
1126 4124 1361 4178 mendax.
1414 4127 1541 4183 Inde
1586 4128 1683 4184 fuit
1724 4136 1812 4201 qni

233 4228 342 4267 non
370 4194 651 4276 credebat,
679 4210 779 4264 nisi
804 4211 1062 4281 tetigisset
1105 4227 1301 4283 corpus
1328 4215 1555 4272 Domini.
1596 4220 1811 4277 Menda-

231 4306 373 4360 cimn
400 4304 448 4357 ei
481 4302 775 4367 videbatur,
799 4302 939 4373 quod
968 4300 1314 4375 eondiseipltli
1351 4307 1466 4377 ejus
1491 4325 1674 4365 verum
1729 4314 1810 4369 lo-

226 4397 527 4467 quebantur
558 4412 571 4447 τ
607 4402 660 4448 et
688 4408 872 4463 parum
904 4394 975 4447 illi
1002 4403 1118 4448 erat
1150 4395 1426 4452 veritatem
1454 4400 1681 4469 ‘audirc,
1715 4418 1811 4459 νο-

229 4489 370 4543 lebat
398 4495 451 4542 et
482 4495 715 4556 tangere.
750 4484 1000 4539 Exhibuit
1029 4494 1206 4543 autem
1234 4488 1305 4543 illi
1336 4488 1435 4546 hoc
1465 4492 1718 4550 Dominus
1758 4498 1810 4552 in

233 4581 316 4634 his
366 4593 486 4649 qua:
528 4586 819 4646 sequuntur
862 4577 912 4629 in
972 4576 1258 4648 Evangelio
1309 4590 1490 4649 postea
1539 4586 1807 4642 recitanda

234 4671 413 4743 (Joan.
442 4685 538 4732 xx,
565 4667 637 4722 ‘25
663 4667 779 4738 27).
807 4667 1134 4737 Quicumque
1179 4679 1356 4725 autem
1394 4674 1576 4740 audit,
1630 4675 1809 4734 Omnis

230 4762 380 4815 homo
407 4759 655 4824 mendax,
705 4773 810 4813 non
855 4773 914 4813 se
960 4759 1119 4814 debet
1159 4760 1317 4831 figere
1422 4764 1474 4818 in
1498 4768 1803 4835 mendacio,

286 4957 363 5031 (α)
394 4954 552 5005 Prodit
574 4967 701 5004 nunc
725 4951 929 5031 [trimum
947 4956 1200 5031 avetcri
1226 4955 1349 5005 libro
1378 4957 1682 5023 Floriacensi,
1715 4964 1807 5016 de-

1682 5089 1713 5101 ,.
1761 5092 1770 5101 .

281 5034 315 5068 1⁵1
348 5034 402 5069 ιο
423 5034 538 5067 ante
560 5034 711 5064 annos
733 5034 928 5065 (ιιι-υιιθι·
948 5034 1057 5065 υυυ.

281 5034 360 5144 (δ’)
373 5074 705 5150 semanimi
725 5075 1038 5150 τεείψξιμωο
1051 5078 1202 5150 terea
1219 5078 1272 5150 in.
1285 5078 1409 5150 libro
1430 5082 1714 5150 ξιοτίωςιιεί
1728 5092 1807 5141 vix

217 5137 474 5215 ιειξιιῖιιιπε
494 5137 714 5215 “mea;
726 5144 1009 5215 ξᾙξείθιιξξ
1029 5138 1116 5215 sic
1134 5139 1399 5215 ,ειριῑιίιείίξρρ
1434 5137 1584 5215 huc!"
1604 5137 1807 5215 ἀὲκξιὰῦ

224 5222 247 5252 ε
270 5200 557 5273 fuemoriam
585 5206 918 5273 sanctorum...
958 5200 1095 5273 Diem
1133 5200 1198 5251 ibi
1221 5200 1487 5273 intelliges
1519 5200 1805 5273 dandnicam

309 5273 330 5314 ι
350 5262 543 5315 Pascha.
567 5269 680 5311 nam
695 5261 930 5327 sermoln
948 5261 1129 5327 eodem
1143 5264 1313 5314 οοαίιεθ
1324 5261 1547 5327 ρηῑιίωε
1569 5276 1684 5321 ante
1703 5261 1807 5326 eoi;

233 5333 421 5389 oculos,
446 5337 597 5389 quem
624 5334 774 5389 supra
793 5322 965 5371 ordine
987 5320 1367 5389 mglgosuimus,
1396 5329 1579 5380 ibidem
1614 5320 1806 5389 mia.-

224 5338 421 5387 tocauis,
446 5338 597 5387 quem
624 5338 774 5385 supra
793 5338 965 5371 orutne
987 5338 1367 5433 zaaqiosuunus,
1396 5338 1579 5380 ibidem
1614 5342 1805 5411 notatur

224 5410 245 5434 ι
263 5388 458 5438 habitus
476 5385 560 5434 die
581 5384 810 5450 sabbato:
826 5400 849 5429 ι
872 5384 1063 5434 tametsi
1083 5399 1098 5434 ι
1118 5382 1170 5436 ie
1188 5400 1355 5450 sermo
1373 5390 1541 5443 2533b
1561 5393 1626 5443 de
1638 5396 1805 5450 ultima

216 5451 431 5501 lectione
449 5447 643 5497 Joannis
659 5458 674 5506 ;
691 5448 790 5513 _iste
813 5454 978 5513 autem
988 5459 1168 5513 ‘sermo
1193 5448 1351 5513 Ξὸᾘιι
1370 5452 1453 5502 die
1488 5467 1586 5505 non
1621 5447 1805 5513 ultinue

219 5511 444 5563 ¹⁸⁰¹⁵⁰¹¹ί³
482 5509 816 5584 "tamne
834 5506 1172 5584 ,ξίβξξίηφιιξτν
1196 5525 1245 5584 ρ·
1285 5510 1331 5584 ες
1359 5506 1644 5584 Legionem
1661 5506 1807 5584 suis

218 5577 347 5623 hanc
386 5567 498 5621 non'
520 5567 753 5648 ultimam.
774 5567 969 5648 Joantjls
1002 5582 1066 5618 ex
1105 5567 1265 5648 capite
1291 5576 1527 5648 vigesimo
1550 5567 1803 5636 ἐθοίῶἱᾷᾘῆ

215 5633 372 5688 fuisse
403 5634 454 5681 in
474 5631 556 5681 die
843 5637 1118 5680 octavarum
1136 5630 1323 5686 Pasclttc
1338 5630 1597 5705 intelliges
1619 5630 1806 5698 eis;

218 5710 364 5749 mone
386 5694 570 5753 259.13-
597 5691 643 5740 ί·

493 5787 764 5849 ΡΑτιῑοῐ..
811 5782 1169 5846 XXXVIII.

1544 254 1549 259 ’
1629 260 1856 322 ΞΕΒΜΟ
1890 262 2157 328 CCLVIII.

3426 284 3559 368 ttai

1979 394 2032 440 et
2060 388 2202 451 nolle
2251 392 2375 450 inde
2419 412 2671 471 surgere,
2705 415 2951 480 tanquam
3000 396 3301 477 ratiocinari
3327 428 3467 497 apud
3495 444 3555 483 se

1974 478 2233 536 rationem
2261 484 2506 556 inaniter,
2537 501 2785 567 tanquam
2814 501 2974 559 homo
3015 512 3239 568 mendax
3258 556 3272 579 ,
3304 527 3355 571 et
3380 520 3554 575 dicere

1972 567 2071 622 sibi
2101 570 2359 638 :Quando
2389 594 2496 635 non
2520 597 2612 639 ero
2636 586 2838 646 homo?
2862 593 2918 649 Si
2962 608 3139 655 autem
3176 608 3426 674 quamdiu
3467 611 3550 665 hic

1970 670 2088 713 sum
2114 660 2309 728 homo,
2355 684 2448 725 ero
2475 674 2735 746 mendax;
2768 684 2958 741 melius
2998 704 3097 761 ego
3141 696 3367 751 mendax
3419 717 3548 769 ero,

1968 765 2127 822 quam
2177 762 2463 819 mentiatur
2504 767 2775 841 Scriptura
2828 792 2948 848 qua:
2971 781 3135 852 dicit,
3180 785 3357 844 Omnis
3404 793 3552 847 homo

1966 848 2203 903 mendae.
2232 851 2288 907 Si
2318 856 2462 912 enim
2489 875 2588 931 ego
2627 878 2787 921 verax
2797 910 2822 939 ρ
2865 862 3145 943 Scriptura
3170 881 3398 935 mendax
3428 883 3547 938 erit.

1965 933 2072 992 Sed
2119 942 2241 1025 quia
2287 944 2560 1018 Scriptura
2616 933 2843 1012 mendax
2871 933 3000 1018 esse
3042 979 3145 1021 non
3196 978 3403 1038 potest,
3449 990 3549 1045 ego

3196 1022 3212 1038 .
3244 1022 3366 1026 ην
3389 1022 3403 1037 ν
3454 1022 3546 1045 γυ.-

1964 1022 2190 1086 mendax
2220 1048 2333 1090 ero.
2366 1038 2491 1095 litae
2527 1042 2597 1098 ibi
2642 1049 2895 1116 garriens
2932 1056 3269 1125 requiescere
3308 1062 3407 1118 sibi
3456 1080 3547 1119 se-

1961 1132 2124 1175 curus
2153 1124 2379 1192 videtur,
2405 1138 2654 1203 tanquam
2682 1137 2733 1192 in
2765 1152 2918 1209 portu
2949 1124 3247 1219 mendacii,
3278 1152 3366 1207 ubi
3392 1152 3548 1211 faciat

1961 1211 2315 1285 naufragium.
2373 1219 2515 1279 Bene
2570 1226 2662 1282 tibi
2719 1232 3088 1305 requiescere,
3135 1241 3283 1310 quasi
3340 1245 3391 1298 in
3446 1247 3548 1301 isto

1960 1311 2117 1369 portu
2138 1345 2152 1368 ,
2178 1308 2469 1378 cupiebas:
2498 1315 2621 1372 audi
2652 1322 2928 1391 scapulum
2951 1368 2966 1392 ,
2995 1325 3046 1381 in
3073 1308 3228 1400 quem
3259 1332 3500 1391 incurras
3528 1356 3541 1391 :

1959 1390 2154 1451 I’erdes
2186 1415 2360 1457 omnes
2383 1406 2473 1476 qui
2505 1390 2780 1480 loquuntur
2807 1390 3126 1474 mendacium
3168 1423 3338 1493 (Psal.
3366 1444 3398 1482 ν
3418 1470 3434 1495 ,
3466 1430 3540 1502 7).

1956 1485 2024 1540 Et
2072 1487 2171 1543 ista
2216 1490 2487 1564 Scriptura
2531 1500 2624 1557 Dei
2661 1513 2776 1571 est,
2804 1521 2923 1577 qua?
2946 1509 3109 1580 dicit,
3134 1485 3329 1572 Derdes
3373 1485 3544 1575 omnes

1952 1577 2040 1647 qui
2100 1580 2376 1651 loquuntur
2422 1592 2760 1649 mendacium.
2815 1598 2956 1671 Ergo
3004 1577 3190 1661 omnes
3237 1608 3543 1680 perditurus

1952 1679 2033 1724 est
2055 1714 2068 1733 .
2094 1675 2215 1743 quia
2250 1675 2428 1734 Omnis
2451 1682 2601 1739 homo
2626 1690 2861 1745 mendax.
2884 1693 2987 1749 Sed
3012 1697 3137 1766 quid
3164 1675 3317 1757 nobis
3336 1703 3538 1758 dictum

1950 1762 2073 1817 θειῖ
2097 1766 2221 1835 quid
2248 1769 2503 1828 admoniti
2531 1780 2754 1834 sumus?
2791 1782 2924 1851 Quia
2953 1762 3233 1847 de-nostro
3256 1795 3539 1851 mendaces

1949 1866 2156 1910 sumus.
2183 1856 2239 1913 Si
2270 1870 2449 1917 autem
2479 1881 2695 1925 veraces
2734 1886 2855 1928 esse
2902 1878 3295 1961 volumusnad
3352 1886 3534 1942 Domi-

1949 1959 2074 1999 num
2101 1949 2486 2022 confugiamus.
2515 1957 2588 2015 De
2617 1961 2756 2018 illius
2777 1981 2994 2024 veraces
3011 1949 3229 2041 sumus’,
3256 1977 3323 2034 de
3354 1992 3535 2036 nostro

1948 2037 2257 2095 mendaces.

2016 2128 2068 2181 3.
2116 2129 2295 2188 Petrus
2316 2139 2533 2194 mendax
2557 2159 2588 2194 a
2607 2161 2657 2197 se
2679 2146 2807 2216 ipso,
2841 2167 2992 2207 uerax
3016 2152 3113 2210 Dei
3140 2157 3397 2231 beneficia.
3427 2166 3504 2219 Att
3520 2200 3531 2206 -

1944 2215 2053 2273 dite
2082 2219 2185 2277 hoc
2211 2239 2317 2280 uno
2347 2233 2627 2301 exemplo,
2655 2215 2803 2293 brevi
2842 2250 2896 2296 et
2938 2259 3130 2316 magno
3162 2268 3174 2304 :
3202 2215 3348 2308 brevi
3371 2297 3384 2319 ,
3412 2261 3531 2327 quia

1946 2309 2051 2364 cito
2094 2312 2320 2383 dicitur;
2354 2334 2546 2392 magno
2566 2328 2735 2397 ,‘quia
2765 2309 3397 2410 sapienter'appenditur.

1952 2408 2063 2456 Irus
2115 2419 2251 2460 unus
2300 2412 2535 2468 ostendit
2578 2415 2680 2472 hoc
2721 2421 2861 2491 quod
2912 2425 3031 2482 volo
3060 2408 3257 2487 dicere.
3308 2435 3530 2505 Quando

1941 2489 2074 2584 dixit
2101 2493 2327 2554 Domino
2354 2498 2600 2573 Christo,
2632 2507 2707 2562 Tu
2733 2489 2785 2566 es
2810 2512 3045 2572 Christus
3075 2517 3245 2577 Filius
3277 2489 3372 2580 Dei

1940 2573 2065 2652 quid
2093 2588 2400 2657 respondit?
2420 2592 2609 2652 Beatus
2628 2614 2679 2654 es
2698 2643 2713 2668 ,
2739 2601 2919 2659 Simon
2948 2573 3261 2682 Dor-Jona',

1939 2675 2030 2729 tibi
2058 2679 2292 2735 reuelauit
2337 2699 2455 2740 caro
2485 2696 2532 2741 et
2560 2691 2796 2763 sanguis,
2842 2695 2934 2750 sed
2984 2697 3140 2755 Pater
3182 2675 3320 2760 mens
3362 2710 3448 2779 qui
3476 2712 3526 2765 in

1940 2764 2081 2822 uelis
2107 2779 2200 2827 est.
2231 2772 2423 2830 Verum
2452 2777 2662 2851 dixisti,
2692 2784 2786 2840 sed
2817 2802 2919 2843 non
2945 2790 3013 2846 de
3036 2800 3145 2848 tuo.
3176 2793 3328 2853 Unde
3356 2764 3527 2871 ergo?

1938 2856 2095 2914 Pater
2113 2877 2254 2919 meus
2275 2867 2365 2936 qui
2391 2867 2443 2921 in
2464 2870 2600 2926 etrlis
2621 2883 2716 2951 est,
2747 2876 2837 2930 tibi
2854 2881 3107 2937 reuelauit.
3143 2884 3270 2941 Inde
3300 2856 3489 2944 beatus
3506 2936 3520 2965 ε

1935 2950 2057 3020 quia
2088 2952 2154 3008 de
2185 2953 2317 3022 Dei;
2348 2972 2454 3014 non
2483 2962 2584 3017 nisi
2624 2965 2788 3022 miser
2814 2968 2880 3024 de
2906 2980 3032 3026 .tuo.
3089 2974 3214 3030 Post
3258 2979 3400 3044 huic,
3436 2951 3521 3036 ubi

1932 3040 1982 3094 ei
2018 3042 2274 3101 Dominus
2299 3048 2373 3102 ait
2394 3092 2409 3115 ,
2440 3049 2630 3109 Beatus
2655 3072 2734 3123 es,
2760 3060 2883 3130 quia
2899 3077 2998 3116 non
3031 3065 3117 3119 tibi
3137 3069 3368 3123 reuelauit
3400 3089 3520 3126 caro

1932 3141 1980 3183 et
2018 3130 2258 3205 sanguis,
2290 3138 2380 3192 sed
2409 3138 2564 3197 Pater
2588 3162 2726 3203 meus
2766 3150 2927 3221 quiin
2965 3155 3103 3209 ralis
3131 3166 3236 3224 est;
3265 3171 3379 3229 post
3409 3163 3521 3217 lure.

1930 3222 2124 3290 verba,
2153 3229 2316 3298 cmpit
2343 3228 2600 3290 Dominus
2643 3235 2886 3297 Christus
2924 3222 3282 3313 praenuntiare
3312 3255 3516 3326 passio:

1930 3330 2052 3370 nem
2079 3326 2133 3372 et
2175 3328 2400 3377 mortem
2443 3339 2614 3381 suam.
2646 3327 2721 3384 Ibi
2751 3334 3006 3390 continuo
3045 3337 3237 3394 Petrus
3268 3359 3279 3395 :
3309 3343 3451 3411 Absit
3487 3364 3519 3400 a

1929 3413 2003 3472 te,
2040 3405 2270 3462 Domine.
2323 3409 2501 3468 Omnis
2545 3418 2695 3473 homo
2724 3424 2961 3479 mendax.
3015 3427 3151 3483 Ecce
3194 3434 3350 3500 paulo
3394 3446 3519 3490 ante

1929 3494 2120 3552 Petrus
2148 3515 2304 3555 verax
2325 3545 2339 3567 ,
2372 3517 2498 3561 cecc
2540 3509 2698 3565 modo
2734 3510 2922 3571 Petrus
2963 3521 3210 3576 mendax.
3238 3523 3344 3580 Sed
3377 3516 3516 3584 unde

1928 3583 2116 3641 Petrus
2165 3593 2360 3647 verax?
2400 3594 2523 3650 Non
2577 3600 2666 3654 tibi
2719 3605 2952 3660 reuelauit
2999 3626 3118 3665 caro
3168 3624 3215 3667 et
3270 3615 3510 3689 sanguis,

1924 3676 2013 3730 sed
2070 3677 2222 3735 Pater
2267 3700 2404 3741 meus
2440 3691 2525 3759 qui
2566 3691 2619 3745 in
2664 3694 2802 3750 ralis
2853 3709 2942 3753 est.
2977 3699 3128 3759 Unde
3157 3705 3344 3763 Petrus
3366 3676 3509 3768 incnv

1923 3766 2069 3825 dux?
2125 3770 2255 3828 Redi
2306 3789 2419 3846 post
2466 3798 2577 3845 me,
2611 3777 2805 3841 Satana
2855 3804 2873 3855 ,'
2923 3808 3022 3846 non
3067 3797 3197 3850 enim
3230 3802 3368 3872 sapis
3400 3822 3514 3874 qua!

1923 3860 2019 3916 Dei
2044 3876 2192 3931 sunt,
2219 3868 2308 3921 sed
2357 3878 2493 3949 quin
2519 3885 2635 3929 sunt
2685 3878 2949 3937 hominum
3001 3887 3210 3956 (.Ilattlr.
3271 3860 3383 3961 xw,
3411 3860 3506 3957 ⁸16.

1928 3954 2011 4021 l7,
2041 3955 2130 4023 2‘2,
2161 3957 2280 4032 ‘25).
2338 3961 2516 4020 Omnis
2542 3969 2691 4023 homo
2720 3974 2954 4030 mendax.
3005 3954 3207 4037 Dictum
3257 3996 3338 4043 est
3372 3954 3510 4061 ergo

1924 4047 2108 4112 nobis,
2140 4049 2317 4106 Omnis
2346 4054 2494 4110 homo
2521 4063 2770 4130 mendax,
2814 4074 2871 4120 ut
2897 4066 3163 4139 fugiamus
3194 4092 3291 4132 nos
3324 4078 3467 4149 ipsos
3491 4126 3505 4147 ,

1921 4147 1975 4192 et
2003 4154 2279 4198 curramus
2306 4144 2369 4201 ad
2396 4147 2560 4203 Deum
2587 4194 2600 4217 ,
2631 4153 2719 4223 qui
2748 4157 2892 4213 solus
2917 4170 2998 4215 est
3027 4178 3209 4220 verax.

2396 4282 2626 4343 snnno
2662 4288 3026 4371 CCLVlll(a).

1915 4370 1967 4414 tu
2001 4366 2179 4419 diebus
2215 4371 2731 4450 Paschalibus,__.v_xrx.
2776 4366 2949 4450 Quem
2980 4366 3105 4443 dixit
3149 4394 3211 4444 ad
3259 4396 3503 4450 basilicam

2542 4442 2764 4506 Majorem
2789 4446 2883 4511 (b).

2044 4533 2117 4591 De
2146 4552 2288 4594 uersu
2321 4540 2513 4633 Psalmi
2534 4561 2702 4615 cxvn,
2733 4550 2825 4618 2i,
2857 4554 2952 4610 llic
2979 4568 3064 4613 est
3081 4560 3197 4617 dies
3217 4578 3376 4633 quem
3464 4620 3467 4623 .

2485 4629 2607 4686 fecit
2659 4635 2930 4694 Dominus.
3025 4692 3030 4697 .

1989 4733 2039 4785 l.
2059 4733 2181 4790 Dies
2198 4752 2232 4790 a
2254 4736 2470 4796 Domino
2498 4745 2662 4813 factus
2684 4745 2871 4804 Christi
2898 4751 3125 4808 Ecclesia
3149 4775 3212 4812 ex
3234 4758 3435 4817 Iudicis
3451 4776 3498 4817 et

1917 4821 2176 4882 Gentibus.
2200 4829 2350 4895 Quod
2381 4836 2710 4891 cantavimus
2731 4839 2859 4897 Deo.
2890 4841 2990 4896 llic
3015 4855 3086 4898 est
3109 4849 3215 4902 dies
3233 4855 3498 4921 quemfeeit

1913 4911 2201 4983 Dominus,
2230 4918 2353 4974 hinc
2375 4919 2652 4991 loquamur
2678 4928 2820 4996 quod
2850 4931 3078 5003 dederit.
3107 4935 3205 4992 Ilic
3224 4911 3495 5010 Scriptura
3550 4952 3561 5013 ἦ

1914 5010 2098 5078 utique
2123 5010 2429 5080 prophetica
2466 5014 2666 5086 aliquid
2696 5035 2793 5074 nos
2824 5022 3126 5096 intelligere
3152 5032 3352 5096 voluit,
3401 5036 3495 5087 ali-
3554 5036 3557 5037 ⁷

1913 5113 2071 5169 quem
2096 5099 2235 5157 diem
2280 5118 2386 5159 non
2440 5107 2741 5178 vulgarem,
2785 5128 2893 5169 non
2937 5120 3281 5188 conspicuum
3329 5128 3498 5180 oculis

1913 5190 2112 5254 carnis,
2129 5206 2235 5247 non
2265 5208 2389 5249 eum
2415 5195 2555 5252 diem
2581 5200 2671 5270 qui
2696 5202 2869 5259 oritur
2888 5213 2944 5261 et
2970 5209 3163 5265 occidit
3182 5212 3320 5279 ,βοά
3349 5214 3493 5271 diem

1996 5359 2026 5393 a
2065 5346 2220 5397 Prodit
2240 5362 2368 5400 nunc
2389 5354 2593 5414 primum
2609 5368 2673 5407 ex
2698 5356 2979 5413 Floriacensi
2992 5362 3115 5415 libro
3129 5379 3273 5431 supra
3288 5367 3494 5423 laudato.

1975 5344 2049 5470 ibi
2071 5408 2256 5459 Τίῑιιίυε
2292 5411 2342 5461 in
2374 5413 2644 5470 exemplari
2665 5425 2990 5470 manuscrinto
3014 5433 3107 5470 est.
3139 5448 3160 5470 ι
3185 5432 3350 5470 Ini-intr
3373 5432 3494 5470 alim

1998 5406 2049 5470 υ)
2071 5408 2256 5459 Titulus
2292 5411 2342 5461 in
2374 5406 2521 5463 éxem
2556 5413 2644 5467 lari
2664 5406 3113 5485 ωείιίίέἑνῖξῑῶἶ-ἓιῖ
3129 5406 3499 5493 ῖιῖἑὲίιῖἴῖεἲιζ

1998 5481 2101 5526 mo,
2139 5483 2289 5526 quem
2323 5472 2447 5525 dixit
2488 5429 2553 5526 ad
2589 5480 2830 5526 basilicam
2875 5487 3108 5526 unua-pm
3138 5492 3313 5526 nntlnln
3339 5493 3423 5526 ιη..
3469 5515 3490 5526 -

1911 5480 2101 5552 sem!”
2139 5472 2447 5552 “299:9?!
2488 5472 2563 5550 δεῖ.
2589 5480 2854 5552 δὲξίιίαιεῑι-
2874 5472 3112 5552 "hieran;
3138 5472 3490 5552 éﬁéiﬁ'hn’él':

1912 5524 2097 5604 supple
2133 5524 2407 5614 (dominica
2434 5524 2445 5585 ἑ
2473 5524 2499 5610 ξ
2524 5524 2855 5610 ᾇίᾳῖιῖἶίὲἦῖἷῦἱ

1911 5594 2216 5653 superiorem
2239 5612 2262 5641 ι
2273 5595 2355 5646 die
2370 5594 2606 5651 dominica
2620 5619 2642 5647 ι
2674 5594 3495 5667 ιιτωηοωὶῶιῐ.⁷ἶιῐῆὲίῖίὲιῖἦ”ῧὲιῖέἱ

1918 5653 2723 5739 r..i!'i'.'.‘£ai9_'ﬁm:_:.ﬂabris:
2746 5668 2987 5739 ωξίσνιιπι.
3006 5688 3028 5716 ι
3076 5684 3188 5739 quae
3223 5678 3349 5739 apud
3383 5685 3495 5739 mr-

1920 5671 1941 5697 ιι
1966 5653 2094 5703 illam
2117 5657 2356 5719 Maiorem,
2380 5674 2402 5702 ιι
2432 5672 2524 5709 seu
2545 5653 2723 5713 forte}
2746 5653 3350 5739 najdr‘itEIFquETpmuii

1918 5718 2167 5779 thaginem
2191 5726 2315 5780 erat,
2340 5721 2448 5771 vide
2473 5731 2631 5773 notam
2657 5727 2726 5787 (b)
2750 5729 2809 5777 ad
2832 5743 3109 5783 sermonem
3136 5736 3211 5796 19,
3236 5737 3327 5788 col.
3361 5737 3462 5791 151.

2718 5812 3216 5891 {Trente-ltuit.)
