3926 6188
498 266 537 319 ’1
558 266 652 327 ιθε

491 384 604 453 ιιιιιὶ
633 383 804 455 potuit
831 376 1175 439 scirc'ortum
1198 420 1216 447 ,
1263 378 1471 452 nescire
1496 391 1765 433 occasum.
1812 375 2097 453 Videamus

514 472 652 543 quod
681 487 838 543 supra
863 471 1075 527 dixerat
1089 469 1229 526 idem
1256 469 1533 526 Psalmus:
1566 467 1811 539 Lapidem
1833 483 1979 539 quem
2019 483 2098 521 re-

514 556 1186 634 probat'ertmtwdiﬁcantes,
1214 563 1295 617 hic
1316 566 1483 633 factus
1497 571 1570 617 est
1590 562 1643 616 in
1658 569 1812 633 caput
1832 560 2029 633 anguli.
2054 558 2098 613 Α

502 655 731 709 Domino
751 653 915 725 fartus
939 663 1033 721 est,
1057 654 1150 708 iste
1177 663 1251 709 est
1275 651 1520 707 mirabilis
1536 653 1590 706 in
1610 652 1770 707 oculis
1794 650 1995 706 nostris.
2029 647 2099 704 Et

510 744 768 814 sequitur,
792 744 1087 799 Hicestdies
1103 761 1247 815 quem
1263 744 1377 816 fecit
1396 742 1664 797 Dominus.
1679 740 1969 797 Exordium
1990 738 2097 795 dici

513 837 669 906 hujus
696 851 726 892 a
753 836 927 907 lapide
953 837 1191 906 angulari
1210 849 1500 890 sumamus.
1522 833 1651 900 Quis
1669 841 1753 888 cst
1767 831 1903 902 lapis
1925 844 2095 900 angu-

511 929 658 994 laris,
683 944 837 998 quem
870 928 1286 997 reprobavcrunt
1312 925 1615 982 Iudaeorum
1645 922 1925 979 doctores?
1942 920 2098 991 Legis

509 1017 653 1073 enim
680 1018 835 1088 periti
873 1018 1121 1074 doctores
1146 1016 1449 1073 Judmorum
1478 1015 1901 1086 reprobaverunt
1931 1027 2095 1078 eum,

456 1110 471 1126 ‘
510 1108 777 1165 dicentes:
800 1108 920 1164 Non
942 1119 1011 1164 est
1029 1108 1122 1165 iste
1140 1125 1171 1165 α
1196 1108 1325 1172 Deo,
1353 1109 1439 1179 qui
1467 1108 1611 1163 solvit
1632 1105 1892 1161 sabbatum
1912 1104 2087 1175 (Joan.

512 1213 593 1260 tx.
623 1200 736 1272 16).
766 1199 882 1254 Jam
908 1200 1148 1268 dixistis,
1183 1198 1302 1254 Non
1347 1209 1419 1254 est
1444 1200 1537 1253 iste
1585 1214 1618 1253 α
1658 1197 1798 1264 Deo,
1834 1196 1923 1271 qui
1949 1196 2095 1253 solvit

482 1288 793 1365 itabbatum.
840 1291 1085 1362 Lapidem
1130 1308 1277 1364 quem
1320 1291 1707 1363 reprobaverunt
1748 1289 2091 1360 aediﬁcantes,

481 1373 596 1456 flii:
624 1387 789 1456 {actus
817 1395 889 1440 est
922 1385 975 1439 in
1005 1395 1155 1455 caput
1182 1385 1377 1456 anguli.
1414 1382 1691 1453 Quomodo
1719 1384 1770 1437 in
1799 1391 1958 1452 caput
1993 1396 2094 1435 au-

512 1475 662 1545 guli?
691 1476 868 1544 Quare
892 1476 1162 1547 singularis
1193 1476 1327 1546 lapis
1351 1475 1525 1532 dictus
1548 1484 1631 1530 est
1658 1473 1935 1531 Christus?
1963 1472 2095 1542 Quia

513 1567 689 1621 omnis
716 1568 939 1638 angulus
963 1567 1098 1622 duos
1119 1567 1349 1637 parietes
1372 1566 1439 1622 de
1462 1566 1674 1621 diverso
1702 1563 1963 1636 pacificat.
1993 1562 2097 1619 Vc-

516 1665 708 1711 nerunt
730 1658 966 1728 Apostoii
993 1657 1061 1711 de
1087 1657 1492 1713 circumcisione
1509 1698 1525 1723 ,
1555 1664 1815 1712 venerunt
1842 1654 1908 1709 de
1936 1662 2096 1725 gente

513 1734 857 1816 Iudaeorum;
881 1757 1137 1805 venerunt
1167 1748 1290 1804 inde
1315 1758 1368 1803 et
1400 1748 1501 1802 ilhc
1538 1747 1705 1803 turbae
1751 1761 1870 1816 quae
1896 1731 2110 1816 prmec—r

517 1841 713 1897 dabant
738 1850 792 1895 et
816 1841 1175 1909 sequebantur
1196 1840 1493 1910 jumentum
1518 1839 1668 1908 eius,
1695 1837 1936 1894 dicentes
1952 1835 2094 1908 quod

517 1934 570 1988 in
599 1932 700 1988 hoc
725 1932 843 2003 ipso
864 1930 1074 1987 Psalmo
1100 1941 1183 1986 est
1204 1973 1220 1997 ,
1248 1930 1547 1986 Benedictus
1572 1932 1655 1998 qui
1671 1931 1800 1984 venit
1823 1930 1877 1984 in
1895 1930 2096 1985 nomine

521 2022 725 2077 Domini
746 2021 959 2093 (Matth.
994 2037 1107 2085 χιιι,
1135 2021 1189 2089 9,
1222 2031 1270 2076 et
1311 2019 1458 2077 Prol.
1483 2036 1647 2084 cum,
1674 2020 1789 2089 26).
1821 2018 2099 2080 Vencumt

522 2111 649 2170 inde
678 2120 757 2168 tot
780 2110 1033 2169 Ecclesiae
1055 2155 1071 2179 ,
1112 2111 1180 2168 de
1206 2112 1399 2182 quibus
1419 2112 1547 2168 dicit
1571 2112 1840 2181 apostolus
1857 2110 2056 2167 Paulus
2074 2152 2089 2176 ,

523 2225 540 2255 ι
571 2203 732 2260 Eram
772 2202 985 2275 ignotus
1016 2203 1150 2259 facie
1180 2203 1435 2259 Ecclesiis
1463 2202 1688 2268 Judzete,
1718 2219 1835 2273 qua:
1876 2210 2002 2256 sunt
2043 2201 2099 2255 itt

522 2295 728 2352 Christo
760 2312 775 2352 :
808 2305 1009 2351 tantum
1056 2305 1234 2352 autem
1276 2295 1561 2351 audiebant
1597 2297 1721 2366 quia
1764 2294 1852 2350 ille
1879 2294 1965 2365 qui
1999 2293 2097 2348 ali-

520 2389 735 2460 quando
774 2403 871 2444 nos
916 2388 1356 2461 persequebatur,
1406 2401 1547 2443 nunc
1575 2386 1898 2458 evangelizat
1938 2384 2096 2441 iidem

518 2496 677 2551 quam
718 2481 1002 2552 aliquando
1046 2481 1318 2547 vastabat;
1365 2489 1421 2536 et
1460 2481 1514 2534 in
1561 2495 1647 2534 me
1694 2478 2100 2550 magniﬁcabaut

524 2571 690 2628 Deum
720 2589 738 2623 ι
792 2560 1051 2645 (Galam,
1112 2570 1337 2642 22-24);
1392 2569 1597 2635 Judzei,
1642 2568 1736 2624 sed
1765 2568 2098 2647 adhaerentes

518 2662 753 2724 Christo.
785 2661 922 2717 sicut
952 2661 1187 2733 Apostoli
1208 2702 1223 2728 ,
1254 2659 1529 2716 venientes
1557 2667 1610 2714 et
1635 2658 1915 2713 credentes
1941 2655 2097 2712 Chri-

519 2761 623 2817 sto,
652 2763 703 2809 et
731 2769 892 2815 unum
930 2754 1188 2825 parietem
1235 2751 1510 2808 facientes.
1541 2751 1797 2807 Restabat
1835 2749 1969 2805 alius
2003 2764 2098 2825 pa-

520 2847 659 2911 ries,
691 2844 927 2900 Ecclesia
976 2843 1043 2899 de
1089 2843 1351 2900 Gentibus
1378 2843 1598 2898 veniens
1627 2859 1641 2895 :
1674 2842 1989 2898 invenerunt
2014 2855 2093 2896 se.

521 2936 629 2991 i‘ax
677 2935 729 2989 in
777 2924 991 2991 Christo
1010 2978 1025 3001 ,
1054 2935 1229 2990 unitas
1256 2935 1307 2989 in
1336 2932 1547 2991 Christo
1565 2973 1583 2999 ,
1611 2933 1700 3004 qui
1730 2928 1855 2989 fecit
1878 2942 2098 3004 utraque

521 3041 682 3082 unum
706 3023 922 3099 (Epltes.
955 3041 1012 3091 ιι,
1042 3024 1249 3096 11οὲ2).
1277 3024 1392 3093 ipse
1418 3032 1501 3080 cst
1523 3004 1637 3079 dies
1662 3038 1820 3095 quem
1844 3021 1968 3079 fecit
1995 3023 2100 3078 Do-

523 3115 719 3171 minus.
754 3115 953 3187 Totum,
975 3115 1117 3172 diem
1147 3116 1380 3187 intelligo
1402 3156 1418 3182 ,
1475 3122 1634 3184 caput
1669 3122 1722 3170 et
1746 3127 1941 3184 corpus
1969 3131 1983 3168 :
2009 3127 2099 3168 ca-

526 3215 617 3276 put
642 3205 887 3264 Christus
911 3186 1166 3278 ,Ocorpus
1197 3186 1454 3263 Ecclesia.
1504 3204 1607 3275 lste
1650 3213 1733 3261 est
1772 3204 1888 3262 dies
1939 3219 2101 3278 quem

524 3296 646 3354 iecit
670 3296 949 3354 Dominus.

596 3388 650 3444 2.
681 3388 939 3461 Baptizati
967 3390 1075 3443 dies
1108 3405 1171 3443 ea:
1195 3387 1405 3443 tenebris
1442 3388 1582 3459 facti.
1612 3386 1851 3444 Recolite
1876 3389 2098 3458 primam

525 3478 706 3534 mundi
752 3478 1131 3535 conditionem.
1170 3497 1190 3530 ι
1224 3478 1481 3535 Tenebrre
1523 3484 1677 3534 erant
1726 3491 1887 3548 super
1933 3476 2096 3549 abys-

523 3585 639 3625 sum
660 3610 677 3636 ,
705 3578 760 3625 et
782 3569 1015 3641 Spiritus
1038 3569 1128 3624 Dei
1161 3568 1592 3639 superferobatur
1613 3583 1774 3639 super
1792 3583 2005 3639 aquam.
2036 3569 2098 3624 Et

524 3660 655 3716 dixit
690 3661 849 3727 Deus,
878 3660 994 3716 Fiat
1012 3660 1099 3716 lux
1126 3677 1140 3713 :
1173 3669 1227 3715 et
1251 3658 1383 3715 facta
1412 3667 1494 3714 est
1520 3659 1628 3714 lux.
1665 3658 1732 3714 Et
1755 3658 1933 3715 divisit
1961 3659 2097 3713 Deus

527 3752 697 3807 lucem
727 3765 756 3804 a
802 3750 1068 3816 tenebris;
1104 3760 1158 3805 et
1203 3750 1374 3805 lucem
1403 3750 1612 3805 vocavit
1634 3749 1776 3805 diem
1800 3790 1816 3815 ,
1846 3749 2094 3805 tenebras

525 3852 702 3896 autent
731 3842 935 3896 vocavit
964 3850 1173 3896 noctem
1204 3860 1223 3892 ι
1259 3839 1409 3912 (Gen.
1444 3856 1479 3902 ι,
1501 3840 1653 3911 2-5).
1688 3839 1925 3911 Cogitate
1951 3851 2097 3896 teneo

527 3933 647 3986 bras
690 3930 911 3998 istorum
936 3972 953 3997 ,
994 3941 1275 4002 antequam
1321 3931 1562 3985 venirent
1610 3929 1678 3984 ad
1727 3930 2097 3986 remissionem

530 4030 886 4091 peccatorum.
936 4020 1193 4077 Tenebra:
1236 4036 1363 4091 ergo
1410 4030 1561 4075 erant
1606 4034 1767 4088 super
1810 4019 2098 4092 abyssum,

526 4121 811 4183 antequam
838 4114 934 4166 ista
966 4111 981 4144 ¹
1011 4110 1236 4166 fuissent
1272 4106 1490 4165 dimissa
1530 4118 1765 4181 peccata.
1797 4109 1903 4165 Sed
1932 4109 2111 4181 Spiri-r

480 4202 483 4204 ’
529 4216 614 4263 tus
668 4206 758 4261 Dei
796 4202 1228 4276 supericrcbatur
1277 4219 1436 4277 super
1473 4218 1635 4274 aquas
1669 4203 2103 4259 :ticsceuderunt

528 4300 613 4355 isti
660 4299 711 4352 in
754 4313 975 4369 aquam,
1004 4312 1167 4368 super
1200 4311 1364 4369 aquas
1413 4295 1681 4352 ferebatur
1716 4294 1943 4366 Spiritus
1972 4296 2098 4361 Dei,

530 4392 700 4461 pulsa
728 4397 855 4444 sunt
892 4389 1123 4444 tenebrte
1166 4397 1527 4458 peccatorum.
1557 4386 1659 4442 iste
1699 4396 1781 4442 est
1805 4386 1920 4442 dies
1945 4402 2102 4457 quem

529 4478 655 4534 fecit
684 4478 957 4532 Dominus.
980 4477 1112 4533 Huic
1140 4476 1244 4532 diei
1270 4479 1553 4546 Apostolus
1574 4478 1734 4533 dicit:
1757 4477 1946 4533 Fuisti:
1971 4479 2103 4533 enim

525 4568 802 4641 antiquando
832 4568 1063 4634 tenebrat,
1089 4583 1222 4621 nunc
1256 4576 1425 4621 autem
1453 4567 1545 4621 lux
1565 4569 1617 4622 in
1647 4566 1867 4623 Domino
1888 4567 2100 4641 (Epim.

533 4677 585 4724 ν,
614 4660 693 4732 8).
726 4659 989 4730 Numquid
1031 4659 1197 4725 dixit,
1241 4657 1439 4714 Fuistis
1479 4660 1710 4714 tenelme
1747 4660 1799 4714 in
1843 4661 2108 4717 Domino?

526 4752 769 4809 Tenebris
793 4752 845 4806 in
868 4752 1055 4818 vobis;
1080 4748 1173 4805 tua:
1195 4751 1249 4805 in
1272 4748 1502 4805 Bantino.
1547 4748 1753 4805 Voluit
1768 4759 1945 4808 autem
1963 4750 2104 4807 Deus

530 4849 695 4902 tum
718 4844 849 4899 diem
873 4859 892 4896 .'
917 4843 1041 4914 quia
1061 4841 1229 4913 ipsius
1255 4841 1423 4914 gratia
1453 4841 1508 4896 iit
1532 4838 1675 4913 quod
1700 4840 1779 4896 ιιι.
1818 4842 1896 4897 illi
1926 4858 2023 4914 per
2049 4858 2108 4898 se

533 4936 926 5008 ipsootencbrsc
957 4950 1077 4991 esse
1105 4941 1394 5007 potuerunt
1422 4952 1434 4986 :
1459 4932 1550 4989 lux
1578 4933 1712 4997 ﬁeri,
1734 4933 1832 4989 nisi
1857 4934 2109 4989 Dominus

533 5027 777 5093 lusisset,
798 5041 913 5081 Ion
935 5034 1238 5096 nituerunt.
1268 5025 1401 5094 Quin
1433 5027 1526 5079 istc
1563 5034 1639 5080 est
1685 5022 1791 5079 dies
1826 5040 1968 5096 quem
1993 5024 2110 5096 fecit

531 5116 785 5174 Daunius
807 5132 828 5172 :
858 5132 967 5172 non
998 5119 1108 5186 ipse
1137 5116 1281 5182 dies,
1305 5115 1397 5169 sed
1429 5116 1703 5170 Dominus.

603 5210 658 5266 3.
685 5207 915 5265 “omne
932 5212 1095 5280 {uetus
1108 5206 1235 5262 dies.
1264 5206 1524 5276 Numquid
1545 5222 1650 5262 non
1669 5207 1830 5261 homo
1843 5215 1960 5260 erat
1973 5206 2111 5258 Tim-

532 5314 680 5369 tnas,
712 5312 849 5355 unus
866 5297 935 5353 de
960 5296 1233 5368 discipulis
1254 5336 1273 5364 ,
1310 5297 1463 5367 quasi
1495 5296 1653 5352 homo
1681 5295 1750 5351 de
1791 5295 1978 5351 turba?
2021 5296 2109 5348 Di-

536 5390 725 5447 cebant
766 5389 824 5446 ei‘
858 5387 1205 5457 cendlscipuli
1233 5386 1385 5459 ejus:
1424 5384 1655 5441 Vidimus
1701 5383 1993 5441 Demittunt.
2046 5384 2112 5439 Et

536 5484 749 5541 dicebat
769 5485 882 5555 ipse
904 5497 920 5535 :
951 5479 1071 5535 Nisi
1096 5482 1321 5553 tetigero,
1349 5478 1448 5535 nisi
1464 5480 1679 5552 digitum
1698 5479 1876 5537 utier
1903 5478 1957 5534 in
1982 5480 2115 5533 (ntus

605 5673 1423 5745 ‘Iorte,iotis,idest,btptilatls.

1746 261 1805 316 S.
1847 256 2210 317 AUGUSTINI
2244 258 2539 315 EPiSCOl‘l

2202 376 2333 443 ejus.
2380 390 2485 428 non
2517 372 2741 437 credam.
2788 370 3140 446 Evangelistte
3182 375 3281 432 tibi
3328 378 3673 448 annuntiaut,
3712 394 3759 441 et

2201 478 2307 518 non
2330 462 2523 519 credis.
2557 461 2691 534 ipsis
2718 462 2944 520 credidit
2971 463 3216 532 mundus,
3237 475 3294 522 et
3310 482 3416 522 non
3432 469 3759 541 creditdisci-

2201 555 2374 625 puius.
2396 554 2470 612 De
2496 556 2623 626 ipsis
2638 555 2835 620 dictum
2850 566 2928 612 est
2953 575 2966 610 :
2993 556 3059 613 In
3083 575 3281 619 omnem
3293 569 3479 614 terram
3492 563 3613 617 exiit
3626 582 3759 623 somn

2200 663 2395 713 eorum,
2414 658 2460 702 et
2536 649 2662 719 ﬁnes
2685 650 2817 703 orbis
2830 661 2976 705 terra
2991 651 3138 705 verba
3161 667 3336 706 eorum
3353 652 3682 725 (Probum,
3694 660 3758 730 5).

2202 741 2599 808 Exeunt,verba
2621 756 2829 810 eorum,
2847 743 3346 816 perveniuntusque
3362 747 3415 801 in
3439 747 3576 804 ﬂues
3600 758 3759 815 teme;

2199 833 2371 889 credit
2402 842 2542 889 totus
2594 834 2822 891 mundus
2848 853 2861 889 :
2891 837 3205 891 aununtiant
3228 852 3416 895 omnes
3445 841 3534 894 uni
3554 880 3573 906 ,
3592 851 3647 896 et
3672 858 3761 899 non

2198 924 2386 981 credit.
2408 924 2657 982 Nondum
2678 935 2798 982 erat
2821 925 2940 983 dies
2962 943 3119 998 quem
3146 928 3345 985 iecerat
3370 930 3646 986 Dominus.
3669 934 3761 988 M-

2198 1015 2302 1072 buc
2341 1017 2575 1073 tenebrze
2599 1025 2751 1072 erant
2778 1016 2833 1073 in
2860 1019 3054 1090 abysso
3073 1060 3089 1085 ,
3118 1021 3171 1075 in
3198 1018 3562 1089 proietulitatc
3600 1025 3760 1079 cordis

2197 1107 2413 1164 humani
2429 1126 2442 1162 :
2458 1112 2689 1167 tenebrat
2711 1110 2785 1165 ibi
2805 1111 3171 1168 eranLVeuiat
3185 1113 3301 1177 ille.
3315 1124 3475 1184 caput
3492 1115 3602 1171 dici
3626 1118 3760 1187 hujus

2199 1199 2414 1267 veniat,
2443 1207 2500 1255 et
2517 1199 2658 1255 dicat
2683 1202 2888 1270 patiens
2907 1242 2923 1263 .
2951 1204 3119 1268 mitis,
3153 1220 3258 1260 non
3289 1206 3489 1272 imus,
3517 1208 3642 1278 quia
3662 1225 3759 1265 mc-

2195 1288 2346 1345 dicus
2377 1307 2392 1344 :
2424 1290 2806 1362 Veni,inquit;
2829 1293 2950 1349 veni
2978 1303 3132 1364 tange
3158 1295 3290 1361 hoc,
3315 1306 3370 1351 ct
3413 1298 3594 1354 crede.
3627 1300 3759 1354 Dixi-

2194 1382 2283 1447 sti,
2309 1381 2426 1437 Nisi
2440 1384 2667 1455 tetigero,
2688 1385 2787 1439 nia'
2805 1384 3015 1455 digitum
3036 1388 3237 1453 misero,
3260 1405 3363 1443 non
3380 1390 3608 1444 credam.
3625 1391 3757 1459 Veni,

2196 1478 2388 1542 tange;
2421 1475 2562 1527 mitte
2579 1471 2814 1544 digitum,
2833 1484 2879 1529 et
2895 1476 2998 1529 noli
3021 1492 3126 1530 esse
3145 1476 3450 1544 incredulus,
3477 1479 3571 1533 sed
3595 1481 3759 1545 ﬁdelis.

2196 1558 2366 1626 Veni,
2398 1561 2548 1617 mitte
2586 1562 2830 1633 digitum.
2879 1563 3124 1620 Sciebam
3164 1566 3383 1623 vulnera
3410 1577 3521 1634 tua,
3568 1571 3758 1624 servari

2196 1650 2291 1707 tibi
2316 1653 2613 1709 cicatricem
2636 1670 2828 1710 meam.
2847 1654 2953 1712 Sed
2980 1657 3134 1726 plane
3149 1658 3366 1714 mittens
3390 1674 3612 1716 manum
3628 1676 3760 1718 suam

2194 1746 2479 1817 complevit
2528 1745 2708 1803 (idem.
2752 1747 2883 1817 Qua:
2931 1758 3017 1804 est
3044 1753 3188 1805 enim
3215 1750 3335 1806 ﬁdei
3364 1751 3681 1821 plenitudo?
3704 1753 3764 1810 Ut

2197 1852 2302 1892 non
2346 1838 2595 1894 credatur
2633 1838 2877 1895 Christus
2923 1848 3127 1896 tantum
3173 1841 3370 1909 homo,
3397 1857 3501 1900 nec
3525 1844 3767 1900 credatur

2195 1928 2439 1986 Christus
2506 1932 2869 1988 tantummodo
2924 1933 3096 2000 Deus,
3142 1933 3239 1991 sed
3305 1935 3467 1992 homo
3517 1947 3574 1993 et
3621 1936 3761 1992 Dens.

2198 2020 2312 2091 ipa
2342 2031 2425 2077 eet
2449 2021 2567 2077 iidci
2594 2022 2866 2092 plenitudo
2888 2040 2904 2078 :
2923 2024 3043 2095 quia
3073 2025 3292 2080 Verbum
3317 2043 3443 2082 caro
3459 2031 3660 2099 factum
3680 2038 3760 2094 est,

2196 2121 2242 2166 et
2262 2111 2499 2167 habitauit
2526 2113 2581 2168 in
2604 2113 2747 2168 nobis
2769 2111 2950 2184 (Joan.
2977 2130 3014 2181 ι,
3045 2115 3156 2185 ιι).
3189 2115 3335 2186 Ergo
3357 2117 3460 2173 iste
3482 2116 3763 2188 discipulus

2195 2201 2389 2258 oblatis
2407 2201 2510 2257 sibi
2532 2203 2813 2274 ungendis
2831 2205 3170 2262 cicatricibus
3195 2215 3251 2262 et
3295 2208 3555 2264 membris
3589 2207 3762 2265 Salta-

2196 2292 2330 2350 teris
2352 2294 2464 2360 sui,
2506 2294 2594 2351 ubi
2642 2294 2840 2367 tetigit,
2877 2296 3227 2353 exclamavit:
3258 2297 3506 2354 Dominus
3542 2317 3689 2356 meus
3723 2311 3761 2355 et

2197 2380 2335 2439 Deus
2363 2399 2505 2440 mus
2531 2382 2643 2454 (Id.
2676 2401 2772 2453 xx,
2797 2386 2987 2458 23-98)
3010 2388 3023 2442 l
3050 2387 3328 2445 Hominem
3370 2392 3578 2462 tetigit,
3612 2393 3762 2447 Deum

2197 2474 2487 2545 cognovit:
2514 2483 2570 2533 et
2614 2476 2785 2546 tetigit
2819 2492 3073 2543 carnem,
3120 2481 3355 2550 respexit
3402 2481 3471 2536 ad
3500 2480 3763 2547 Verbum;

2197 2564 2319 2636 quia
2380 2562 2594 2620 Verbum
2635 2582 2755 2621 coro
2795 2569 2987 2638 factum
3034 2577 3138 2637 est,
3180 2579 3229 2624 et
3275 2569 3515 2626 Imbitavit
3533 2571 3593 2625 in
3620 2572 3762 2626 nobis.

2198 2653 2431 2711 Verbum
2451 2654 2558 2712 hoc
2584 2671 2797 2729 passum
2837 2668 2920 2714 est
2960 2673 3177 2715 carnem
3215 2675 3367 2715 suam
3416 2663 3675 2731 suspendi
3719 2663 3767 2718 in

2198 2744 2340 2817 ligno
2366 2761 2384 2801 :
2414 2745 2642 2803 Verbum
2673 2748 2776 2803 hoc
2801 2762 3012 2819 passum
3060 2758 3143 2803 cst
3171 2749 3225 2805 in
3269 2738 3436 2806 carne
3474 2766 3572 2806 sua
3601 2751 3766 2808 clavos

2201 2835 2288 2908 [isi
2318 2854 2332 2891 :
2360 2835 2595 2894 Verbum
2645 2837 2748 2894 hoc
2787 2853 2998 2909 passum
3043 2849 3127 2894 est
3153 2853 3366 2895 carnem
3414 2857 3569 2895 suam
3601 2841 3771 2896 lancea

2201 2926 2507 2982 transforari
2530 2943 2546 2982 :
2570 2926 2800 2983 Verbum
2830 2927 2931 2983 hoc
2952 2942 3165 2999 passum
3192 2938 3274 2984 est
3294 2945 3511 2988 carnem
3536 2946 3691 2986 suam
3722 2930 3771 2985 in

2199 3018 2444 3088 sepulcro
2469 3017 2593 3089 poni
2608 3034 2624 3073 τ
2639 3017 2871 3075 Verbum
2892 3018 2993 3074 hoc
3014 3020 3347 3075 resuscitavit
3361 3030 3581 3076 carnem
3605 3038 3766 3083 suam,

2199 3108 2389 3164 obtulit
2432 3107 2736 3178 aspectibus
2775 3108 3153 3179 discipulorum
3199 3111 3516 3176 videndam,
3545 3112 3770 3183 pmbuit

2199 3198 2444 3253 manibus
2464 3199 2919 3255 contrectandum.
2941 3199 3206 3270 Tangam,
3227 3202 3525 3256 exclamant
3540 3242 3560 3269 ,
3597 3201 3769 3256 Domi-

2199 3304 2296 3343 nus
2322 3304 2462 3345 me
2483 3298 2533 3344 et
2563 3287 2704 3344 Deus
2737 3290 2908 3344 naeus!
2945 3288 3051 3349 lae
3066 3299 3149 3346 est
3175 3290 3293 3348 dies
3327 3307 3486 3362 quem
3513 3290 3647 3349 fecit
3672 3291 3769 3347 Do—

2197 3374 2403 3435 minus.

2353 3486 2365 3495 '
2648 3488 2878 3553 SEmlO
2923 3488 3123 3547 acus
3160 3494 3178 3514 ·
3210 3490 3313 3564 (α).

2524 3625 2575 3670 tu
2594 3620 2676 3672 die
2696 3620 2939 3671 Dominieo
2960 3627 3232 3672 octavam
3253 3622 3463 3673 Puella.

2275 3746 2327 3801 1.
2386 3743 2450 3800 In
2509 3748 2730 3817 futuram
2800 3746 2952 3800 vitam
3012 3762 3118 3802 esse
3179 3747 3319 3801 debet
3374 3746 3771 3802 Christianorum

2200 3835 2429 3890 intentio.
2488 3837 2781 3892 llodieruus
2836 3837 2951 3892 dies
3003 3852 3194 3908 magno
3257 3849 3597 3894 sacramento
3666 3855 3773 3909 pcr-

2203 3940 2375 3999 peturc
2403 3929 2669 3985 felicitatis
2709 3938 2790 3986 est
2818 3931 2991 3985 nobis.
3042 3929 3160 3985 Non
3189 3931 3331 3987 enim
3375 3932 3510 3986 sicut
3536 3932 3644 3987 iste
3667 3931 3771 3985 dies

2205 4024 2521 4080 tr.ntsiturus
2546 4032 2661 4087 est,
2693 4023 2771 4079 sic
2802 4024 3086 4079 transitura
3111 4032 3195 4079 est
3234 4032 3289 4079 et
3316 4024 3424 4078 vita
3464 4039 3627 4094 quam
3668 4022 3774 4077 dies

2205 4115 2304 4170 iste
2331 4114 2611 4186 signiticet.
2632 4112 3433 4184 ltaque,fratres.exbortamur
3449 4124 3502 4169 et
3526 4115 3775 4169 obsecra-

2206 4222 2323 4262 mus
2345 4221 2441 4263 vos
2464 4206 2516 4261 in
2543 4206 2758 4262 nomine
2787 4204 2996 4261 Domini
3039 4205 3207 4261 nostri
3244 4205 3372 4262 Jesu
3408 4205 3632 4273 Christi,
3662 4218 3752 4275 per

2205 4315 2364 4371 quem
2392 4299 2546 4356 nobis
2564 4309 2778 4369 peccata
2807 4296 3025 4353 dimissa
3045 4308 3202 4364 sunt,
3230 4298 3321 4369 qui
3356 4297 3522 4353 voluit
3555 4297 3775 4367 pretium

2206 4398 2444 4446 austrum
2470 4404 2592 4446 esse
2620 4387 2928 4461 sanguinem
2955 4402 3111 4443 suum
3134 4427 3150 4454 ,
3183 4387 3273 4459 qui
3299 4401 3400 4441 nos
3430 4387 3676 4457 indignos
3693 4383 3778 4453 qui

2205 4482 2294 4538 vel
2317 4482 2458 4559 servi
2486 4480 2601 4550 ejus
2626 4480 2949 4546 diceremur,
2970 4478 3164 4536 fratres
3196 4481 3373 4535 facere
3395 4480 3642 4550 dignatus
3666 4486 3745 4531 εει
3762 4515 3781 4539 ,

2208 4583 2265 4628 ιιι
2290 4572 2485 4629 omnis
2510 4570 2731 4627 intentio
2779 4579 2973 4636 vestra,
3028 4584 3193 4640 quare
3220 4568 3503 4625 christiani
3537 4570 3707 4628 estis.
3731 4575 3781 4620 et

2210 4669 2409 4721 nomen
2428 4664 2544 4732 ejus
2573 4662 2625 4718 in
2653 4661 2828 4718 fronte
2855 4670 2910 4718 et
2959 4661 3012 4717 in
3049 4660 3211 4717 corde
3242 4661 3489 4731 percitis,
3514 4676 3623 4715 non
3657 4656 3778 4713 diri-

2208 4764 2363 4824 gatur
2393 4753 2494 4808 nisi
2523 4752 2590 4808 ad
2612 4752 2757 4808 illam
2784 4752 2947 4807 vitam
2967 4791 2983 4818 ,
3004 4767 3124 4822 qua:
3151 4751 3304 4806 nobis
3329 4767 3455 4806 cum
3473 4749 3780 4820 Aagelisest

2214 4845 2380 4899 futura
2411 4863 2425 4897 :
2453 4845 2540 4898 ubi
2591 4852 2840 4913 perpetua
2888 4842 3071 4911 quies,
3102 4842 3431 4910 sempiterna
3458 4841 3663 4904 hctitia,
3706 4837 3777 4889 in-

2212 4935 2467 4989 deﬁciens
2499 4932 2764 4988 beatitudo
2784 4971 2803 4999 ,
2830 4932 2973 4986 nulla
3003 4931 3350 5003 perturbatio,
3378 4932 3517 4986 nulla
3551 4927 3781 4985 tristitia.

2215 5025 2355 5080 nulla
2384 5038 2545 5078 mors.
2573 5022 2740 5092 Quam
2768 5024 2926 5076 vitam
2956 5038 3114 5079 nosse
3139 5038 3245 5077 non
3275 5033 3495 5093 possum
3513 5065 3531 5087 ,
3558 5021 3669 5077 nisi
3702 5021 3791 5089 qui

2215 5115 2562 5186 experiuntur
2589 5130 2603 5167 :
2629 5104 2859 5183 experiri
2888 5121 3064 5167 autem
3093 5128 3197 5167 non
3229 5123 3508 5183 ptuerunt,
3546 5114 3655 5167 nisi
3701 5124 3787 5181 ιιιιι

2218 5207 2462 5264 credunt.
2495 5204 2555 5261 Si
2604 5207 2746 5261 enim
2776 5205 2998 5276 exigatis
3040 5216 3100 5260 ut
3146 5206 3289 5277 quod
3341 5206 3490 5262 vobis
3527 5202 3796 5276 promittit

2223 5298 2393 5368 Deus,
2416 5298 2850 5352 demonstremus
2888 5296 3039 5350 vobis
3059 5336 3072 5359 ,
3117 5311 3225 5350 non
3248 5310 3551 5366 ροθριιιιιιις.
3569 5293 3684 5349 Sed
3710 5306 3796 5344 au-

2222 5388 2371 5445 distis
2396 5389 2662 5459 quomodo
2700 5386 2965 5443 conclusit
2991 5386 3333 5458 Evangelium
3359 5386 3583 5445 Joannis
3605 5403 3629 5441 τ
3660 5383 3800 5439 Dedi

2287 5568 2303 5588 '
2328 5565 2614 5616 tmendatus
2631 5564 2693 5617 ad
2715 5578 2780 5614 tu.
2802 5578 2843 5614 r.
2867 5571 2963 5614 vat.
2983 5579 3028 5615 ν.
3054 5572 3109 5616 et
3127 5565 3191 5617 ad
3215 5566 3351 5616 sirm.

2289 5652 2362 5712 tu)
2386 5648 2527 5710 Αιω,
2553 5662 2619 5729 ex]
2639 5648 2973 5699 sirntoudiauis
2998 5648 3070 5699 σε.
