3926 6188
439 181 578 239 H99

442 300 534 356 Dei
566 299 619 353 in
657 306 1116 365 transgressorem
1148 291 1419 345 hominem
1454 288 1614 341 latam
1642 304 1654 340 :
1681 289 1837 340 Terra
1865 303 1939 351 es,
1963 293 2012 338 et

439 395 497 446 in
535 402 731 446 terram
766 389 863 442 ibis
897 385 1047 454 (Ceu.
1082 401 1168 448 nt,
1205 382 1317 453 l9).
1347 380 1614 446 Quoniam
1658 377 2012 434 comminatio

443 466 745 556 praeessit,
777 496 898 535 cum
930 484 1254 549 praeceptum
1278 477 1513 531 daretur
1541 491 1552 526 :
1580 471 1803 538 Qua-die
1835 471 2015 540 tetige-

441 578 584 642 ritis,
605 584 771 631 morte
792 570 1087 626 moriemini
1107 568 1216 642 (Id.
1240 584 1300 634 tt,
1321 567 1430 637 l7).
1455 565 2014 636 Sipcccatorumme-

435 667 596 722 ritum
633 663 850 735 quatris,
877 661 1000 732 quid
1028 658 1260 716 occurrit
1299 657 1400 711 nisi
1433 654 1788 726 supplicium?
1818 652 2018 707 Oblivi-

433 771 747 827 soereergo.
763 753 948 810 merita
982 761 1086 816 tua,
1127 768 1192 805 uc
1219 749 1312 804 tibi
1341 748 1537 802 faciant
1573 748 1625 800 iu
1656 743 1818 800 corde
1834 753 2019 798 terro-

437 866 547 904 rem
581 858 722 905 :aut
754 847 878 902 “noli
927 845 1105 916 potius
1147 842 1409 908 oblivisci,
1455 857 1520 895 ne
1576 855 1669 910 per
1717 837 2021 908 superbiam

436 943 662 1014 repellas
690 939 1132 997 misericordiam.
1170 934 1616 992 Commendamus
1657 946 1773 997 nos,
1808 929 2018 992 fratres,

437 1037 545 1091 Deo
572 1033 826 1103 operibus
848 1028 1246 1088 misericordia}.
1276 1025 1594 1095 Cou/itemiui
1622 1021 1863 1088 Domino,
1890 1035 2018 1090 quo-

433 1127 572 1180 niam
614 1124 792 1189 bonus,
837 1122 1077 1193 quoniam
1127 1121 1181 1174 in
1231 1119 1471 1173 sa’culum
1521 1112 1864 1169 misericordia
1911 1112 2021 1182 ejus

435 1216 605 1287 (Psal.
657 1231 824 1282 cxvn,
871 1213 985 1283 29).
1038 1211 1330 1276 Confitere,
1378 1207 1629 1278 quoniam
1677 1203 1837 1288 habet
1883 1203 2020 1257 Deus

433 1307 872 1371 misericordiam,
896 1315 949 1362 ct
972 1304 1084 1359 vult
1119 1312 1332 1373 peccata
1363 1301 1562 1355 donare
1602 1295 1883 1353 confessis.
1912 1293 2020 1351 Sed

431 1400 565 1455 otl'er
590 1399 662 1454 illi
691 1397 1030 1454 sacrificium.
1063 1395 1316 1451 Miserere
1345 1393 1596 1458 hominis,
1639 1391 1820 1455 homo,
1861 1396 1917 1444 et
1945 1387 2019 1442 tui

432 1487 772 1545 miserebitur
803 1488 962 1543 Deus.
991 1486 1071 1542 'l‘u
1113 1485 1291 1549 homo,
1323 1493 1377 1540 et
1404 1483 1541 1537 alter
1577 1480 1760 1546 homo,
1783 1478 1894 1534 duo
1921 1477 2021 1532 mi-

361 1612 364 1615 -
431 1585 556 1639 seri.
586 1582 728 1638 Deus
769 1591 1080 1637 autemnon
1121 1590 1202 1633 est
1244 1578 1425 1641 miser,
1459 1575 1552 1651 sed
1595 1573 1918 1630 misericors.
1960 1569 2016 1626 Si

430 1683 608 1727 autem
651 1672 817 1728 miser
853 1687 961 1726 non
993 1671 1277 1724 miseratur
1307 1668 1582 1732 miserum,
1616 1660 1884 1735 quomodo
1909 1660 2019 1716 exi-

430 1763 501 1831 git
545 1760 964 1816 miscricordiam
1010 1760 1078 1814 ab
1121 1760 1211 1813 illo
1250 1758 1337 1827 qui
1381 1771 1650 1826 nunquam
1679 1755 1783 1811 erit
1821 1752 2017 1808 miser?

420 1853 619 1909 Videte
663 1853 788 1923 quid
839 1853 1034 1916 dicam,
1082 1850 1295 1904 fratres.
1342 1848 1676 1918 Quicumque
1720 1854 1806 1902 cst
1830 1852 2016 1900 contra

423 1945 743 2016 naufragum
769 1943 1021 2010 crudelis,
1046 1943 1193 1998 verbi
1217 1943 1408 2012 gratia,
1441 1939 1642 1996 tamdiu
1661 1937 1891 1994 crudelis
1912 1947 2014 2005 est,

429 2038 604 2092 donec
619 2037 898 2108 contingat
923 2035 999 2092 illi
1025 2035 1377 2105 naufragium.
1411 2033 1468 2089 Si
1506 2041 1684 2088 autem
1712 2029 2012 2102 contigerit,

431 2127 820 2185 recordatusin
853 2128 1129 2199 pristinam
1177 2127 1361 2192 vitam,
1388 2123 1600 2195 quando
1645 2123 1839 2179 viderit
1886 2137 2016 2177 nau-

433 2218 659 2288 fragum,
687 2216 916 2288 percutit
953 2217 1100 2272 illum
1141 2216 1330 2272 similis
1356 2213 1642 2286 aliquando
1675 2214 1921 2280 miseria;
1962 2221 2016 2268 et

429 2324 587 2380 quem
616 2323 722 2364 non
753 2316 962 2378 poterat
988 2307 1056 2370 ad
1083 2305 1502 2363 miscricordiam
1530 2304 1747 2360 ﬂectere
1785 2303 2015 2384 societas

433 2405 819 2471 humanitatis,
869 2402 1036 2458 ﬂectit
1066 2399 1408 2458 consortium
1456 2399 1792 2453 calamitatis.
1847 2396 2016 2453 Servo

332 2501 335 2503 ’
426 2497 732 2566 quam~eito~
749 2495 1052 2560 miseretur,
1080 2492 1169 2562 qui
1215 2489 1498 2560 aliquando
1540 2489 1779 2544 servivit.
1808 2489 2013 2544 Merce-

431 2585 634 2639 nariinn
662 2582 910 2638 mercede
937 2580 1234 2637 iraudatum
1259 2595 1416 2650 quam
1439 2580 1544 2634 cito
1569 2579 1734 2645 dolet,
1757 2579 1845 2649 qui
1877 2593 2011 2633 mer-

412 2675 672 2730 ecenarius
697 2673 814 2728 fuit.
847 2671 1059 2728 Homini
1086 2670 1250 2725 [ilium
1294 2686 1450 2725 suum
1495 2669 1762 2740 plangenti
1788 2669 2012 2724 amaris-

427 2766 561 2821 sime
591 2764 930 2836 eompatitur,
971 2761 1063 2833 qui
1105 2761 1387 2832 aliquando
1417 2761 1523 2817 tale
1549 2761 1745 2831 aliquid
1787 2760 2015 2830 planxit.

431 2857 570 2926 Ergo
595 2854 933 2926 quantamvis
958 2853 1206 2908 duritiam
1234 2852 1413 2908 cordis
1440 2851 1656 2907 humani
1687 2851 1845 2907 solvit
1868 2852 2014 2906 simi-

410 2940 596 3005 ‘litudo
634 2947 885 3003 miserim.
928 2946 984 3002 Si
1027 2960 1156 3016 ergo
1198 2955 1275 3007 tu.
1301 2945 1389 3014 qui
1420 2955 1511 2998 aut
1537 2945 1699 2998 miser
1729 2942 1894 3010 fuisti,
1921 2950 2015 2997 aut

429 3043 585 3096 times
611 3055 680 3096 ne
712 3039 876 3095 miser
913 3039 988 3094 sis
1022 3037 1322 3109 ~(quamdiu
1358 3037 1500 3090 enim
1542 3035 1629 3088 hic
1658 3033 1814 3101 vivis,
1847 3043 1902 3088 et
1943 3033 2011 3088 ti-

429 3146 574 3186 mere
599 3131 764 3185 debes
783 3129 922 3199 quod
951 3143 1054 3184 non
1075 3127 1243 3193 fuisti,
1262 3137 1314 3181 et
1335 3127 1645 3182 meminisse
1664 3125 1804 3196 quod
1828 3125 2008 3194 fueris,

417 3222 732 3293 et-eogitare
750 3220 967 3292 quidsis
987 3217 1032 3291 ᾖς
1061 3219 1264 3290 positus
1283 3233 1410 3289 ergo
1439 3225 1494 3273 ct
1511 3217 1563 3273 in
1585 3217 1838 3274 memoria
1868 3233 2010 3287 pra:-

427 3313 701 3368 teritarum
745 3311 1101 3377 miseriarum,
1128 3319 1181 3366 et
1209 3311 1259 3364 in
1293 3310 1483 3366 timore
1509 3309 1824 3376 futurarum,
1851 3318 1906 3364 et
1927 3308 2009 3364 af-

426 3407 660 3461 ﬂictione
680 3404 1042 3477 praesentiunt,
1074 3419 1180 3458 non
1221 3403 1490 3458 misereris
1515 3402 1808 3458 calamitosi
1836 3402 2010 3457 homi-

427 3502 509 3556 nis
531 3508 586 3555 et
612 3501 818 3571 egentis
847 3507 1079 3577 Ope-tua,
1106 3507 1161 3552 et
1186 3506 1467 3567 exspectas
1488 3505 1546 3550 ut
1571 3496 1886 3551 misereatur
1916 3497 2010 3552 tibi

426 3593 535 3658 ille,
563 3606 721 3662 quem
749 3604 1032 3660 nunquam
1059 3588 1244 3658 tangit
1285 3587 1536 3643 miseria?
1583 3587 1650 3641 Et
1672 3597 1742 3642 -ιιι
1784 3602 1887 3642 non
1914 3587 2010 3643 das

423 3700 489 3738 ex
520 3698 587 3739 eo
614 3682 754 3752 quod
781 3697 810 3736 a
838 3681 949 3738 Deo
975 3680 1248 3751 accepisti,
1278 3690 1335 3736 et
1362 3679 1441 3734 vis
1467 3687 1526 3734 ut
1545 3679 1636 3735 dot
1664 3679 1756 3733 tibi
1781 3679 1920 3734 Deus
1941 3693 2008 3735 ex

423 3788 489 3826 eo
516 3771 658 3842 quod
682 3787 714 3826 a
742 3780 793 3826 te
819 3786 923 3826 non
951 3770 1193 3842 accepit?
1458 3760 1459 3763 “

493 3866 548 3919 4.
579 3863 762 3934 Opera
808 3863 1164 3918 misericordia:
1205 3879 1445 3932 superare
1486 3861 1662 3916 debent
1707 3859 2008 3928 oﬂ'cmiones

422 3965 639 4009 uestras.
674 3953 1024 4009 Misericordia
1050 3953 1282 4024 gemina.
1331 3951 1768 4019 Misericordiam,
1815 3952 2009 4010 fratres

422 4046 547 4110 inti,
573 4061 761 4101 omnes
798 4044 888 4116 qui
925 4045 1048 4100 ituri
1074 4045 1204 4100 estis
1239 4044 1307 4100 ad
1348 4044 1536 4099 domos
1577 4054 1802 4113 vestras,
1844 4054 1899 4101 et
1939 4061 2005 4100 ex

418 4139 526 4195 hoc
551 4140 642 4196 vix
686 4154 784 4195 nos
815 4137 1132 4206 videbimus,
1162 4139 1265 4194 nisi
1307 4154 1400 4209 per
1438 4139 1666 4209 aliquam
1692 4139 1997 4196 solemnita~

422 4243 550 4298 tem,
577 4230 994 4286 misericordiam
1027 4228 1344 4300 operamini,
1377 4230 1497 4298 quia
1521 4229 1793 4286 abundant
1819 4244 2006 4299 pecca-

414 4332 491 4377 ta.
535 4322 652 4377 Alia
699 4321 933 4390 requies,
978 4320 1082 4375 alia
1107 4321 1190 4375 via
1218 4335 1322 4375 non
1350 4329 1454 4386 est,
1483 4336 1584 4391 qua
1631 4321 2004 4391 perveniamus

417 4412 484 4464 ad
517 4411 703 4476 Deum,
734 4426 836 4479 qua
882 4410 1323 4478 redintegremur,
1354 4425 1457 4478 qua
1500 4411 1904 4466 reconciliemur
1929 4411 1999 4478 ci,

412 4516 576 4572 quem
623 4499 1076 4569 periculosissime
1115 4499 1455 4554 offendimus.
1486 4501 1708 4556 Venturi
1739 4517 1924 4557 sumus
1948 4502 2002 4557 in

415 4600 762 4663 conspectum
791 4591 910 4661 ejus
940 4608 955 4645 :
986 4591 1269 4661 loquantur
1296 4591 1366 4646 ibi
1402 4609 1495 4660 pro
1522 4595 1675 4648 nobis
1715 4610 1876 4664 opera
1906 4612 2003 4651 no-

416 4695 562 4750 stra;
608 4692 664 4740 et
711 4683 782 4738 ita
828 4684 1129 4754 loquantur,
1162 4691 1219 4737 ut
1258 4691 1512 4752 superent
1552 4682 1873 4740 oll‘ensioncs
1900 4702 1999 4742 no—

414 4788 574 4834 stras.
599 4775 752 4847 Quod
793 4777 935 4831 enim
979 4775 1205 4845 amplius
1250 4773 1426 4839 fuerit,
1457 4773 1559 4830 hoc
1587 4775 1862 4840 obtinebit,
1917 4779 1999 4834 vel

413 4870 480 4926 ad
506 4886 744 4936 umnam,
773 4868 817 4924 si
863 4879 1073 4940 peccata
1107 4868 1428 4930 meruerint;
1457 4868 1541 4923 vel
1571 4867 1636 4924 ad
1665 4871 1921 4940 requiem.
1953 4872 1999 4925 si

410 4979 572 5034 opera
600 4965 758 5020 bona.
800 4961 1159 5018 Misericordia
1186 4972 1362 5017 autem
1387 4963 1596 5032 gemina
1620 4973 1701 5018 est
1732 4963 1784 5018 in
1809 4963 1999 5019 ECt'lC-

413 5055 492 5110 sia
520 5071 533 5108 :
561 5069 664 5110 una
693 5054 747 5110 in
773 5069 840 5108 eo
881 5052 1036 5108 titulo
1077 5069 1182 5123 quo
1226 5068 1385 5109 nemo
1411 5053 1672 5124 impendit
1695 5055 1994 5124 pecuniam,

413 5161 571 5203 nemo
600 5145 760 5204 etiam
787 5145 871 5201 vel
909 5145 1182 5210 laborem;
1215 5145 1380 5200 altera
1411 5161 1531 5216 qua:
1557 5145 1625 5202 de
1654 5145 1807 5202 nobis
1836 5147 1998 5217 exigit

408 5245 502 5292 aut
523 5235 758 5291 officium
796 5234 995 5306 operis,
1035 5244 1128 5290 aut
1163 5235 1428 5305 impendia
1476 5236 1732 5305 pecuniae.
1764 5237 1851 5291 Illa
1881 5253 1996 5305 qua:

407 5345 436 5384 a
469 5327 621 5383 nobis
645 5327 810 5397 exigit
850 5326 976 5380 nihil
1017 5326 1341 5396 erogationis
1372 5324 1454 5382 vel
1487 5326 1702 5393 laboris,
1738 5327 1789 5382 in
1817 5331 1994 5383 allllllO

409 5420 690 5475 ctortstituta
716 5427 817 5484 est,
845 5428 904 5473 ut
930 5418 1174 5488 ignoscas
1210 5419 1260 5473 ei
1305 5418 1395 5489 qui
1439 5419 1488 5472 in
1535 5428 1586 5473 te
1630 5420 1882 5488 peccavit.
1917 5419 1993 5473 Ad

381 5505 545 5563 ‘hanc
572 5510 976 5582 eleemosynam;
1013 5509 1418 5580 impendendam
1466 5512 1746 5567 thesaurus
1776 5522 1896 5565 tuus
1941 5513 1991 5566 in

409 5600 568 5655 corde
596 5609 685 5657 tuo
711 5614 787 5657 est
826 5620 837 5655 :
872 5603 939 5658 ibi
987 5613 1039 5659 tc
1081 5603 1312 5676 explicas
1353 5620 1533 5661 coram
1582 5605 1708 5662 Deo.
1753 5604 1866 5660 Non
1902 5606 1992 5660 tibi

1617 167 1671 221 S.
1716 165 1848 220 AUC
1862 161 2098 218 LS'l‘llNl
2143 162 2440 220 liPlSCUf'l

3587 174 3721 230 1200

2126 278 2334 348 dicitur,
2371 280 2555 336 Profer
2585 285 2872 350 sacculum,
2923 286 3067 356 aperi
3109 273 3320 349 arcam,
3351 285 3561 356 resigna
3595 285 3722 339 hor-

2127 387 2278 436 reum
2308 391 2319 425 :
2352 388 2523 444 neque
2558 375 2654 429 hoc
2686 375 2776 429 tibi
2817 376 3031 443 dicitur,
3067 377 3220 440 Veni,
3269 377 3503 442 ambula,
3535 393 3720 444 curre,

2125 461 2336 529 festina,
2369 465 2656 534 interccdc,
2698 467 2936 538 loquere,
2968 469 3142 536 visita,
3184 469 3383 523 labora.
3425 470 3583 524 Stans
3615 486 3722 522 uno

2128 556 2248 613 loco
2298 559 2567 629 projccisti
2614 560 2678 615 de
2725 573 2940 632 pectore
2975 573 3065 617 tuo
3093 563 3198 618 duo
3229 572 3379 619 tenes
3405 573 3584 619 contra
3617 566 3725 618 fra—

2127 657 2262 705 trem
2289 659 2460 718 tuum,
2482 651 2650 708 fecisti
2675 655 3116 719 miscricordiam,
3141 657 3287 710 nullo
3312 665 3546 727 sumptu,
3571 656 3722 710 nullo

2082 797 2084 799 ,
2123 741 2329 809 labore,
2359 743 2473 798 sola
2507 743 2762 812 bonitate,
2805 747 2916 802 sola
2958 748 3337 803 misericordize
3373 747 3717 818 cogitatione.

2123 831 2256 888 Nam
2279 834 2323 889 si
2351 834 2605 903 dicamus,
2634 837 2863 908 Erogate
2893 853 2978 894 res
3005 848 3210 894 vestras
3235 840 3575 910 pauperibus;
3600 840 3718 894 duri

2125 925 2442 981 videbimur.
2475 926 2632 984 Certe
2680 929 2760 984 vel
2813 946 2955 986 nunc
2994 931 3140 986 lenes
3187 941 3241 986 et
3283 930 3468 986 faciles
3512 947 3716 997 sumus,

2124 1015 2339 1088 quando
2385 1017 2614 1074 dicimus
2663 1037 2677 1073 :
2723 1019 3016 1092 Impenditc
3063 1023 3209 1078 unde
3264 1023 3394 1078 nihil
3442 1023 3714 1088 minuetis,

2124 1109 2373 1167 dimittite
2414 1121 2469 1166 ut
2507 1112 2806 1171 dimittatur
2835 1116 3004 1172 vobis.
3047 1117 3294 1171 Dicamus
3339 1124 3520 1172 tamen
3558 1117 3717 1171 etiam

2125 1201 2285 1269 istud,
2321 1204 2450 1260 Date
2478 1213 2533 1261 et
2563 1205 2774 1262 dabitur
2801 1207 2970 1262 vobis.
2996 1208 3281 1278 Conjuuxit
3317 1207 3718 1262 ltzchominus

2123 1293 2177 1350 in
2206 1306 2494 1368 praecepto,
2519 1307 2572 1354 et
2594 1298 2693 1353 ista
2732 1299 2838 1354 duo
2878 1299 3257 1354 misericordia:
3278 1314 3474 1370 genera
3495 1313 3716 1368 expres-

2069 1386 2072 1388 ⁷
2123 1385 2212 1440 sit.
2261 1385 2534 1458 Dimittite,
2581 1399 2634 1472 et
2674 1389 2951 1445 dimittetur
2996 1390 3133 1444 vobis
3164 1408 3185 1445 :
3225 1389 3591 1446 misericordia
3631 1399 3718 1444 est

2111 1477 2464 1557 ignoscentis.
2498 1479 2629 1535 Date
2663 1491 2709 1536 et
2748 1481 2951 1536 dabitur
2983 1481 3120 1536 vobis
3162 1479 3314 1551 (Luc.
3343 1497 3418 1546 vr,
3451 1481 3541 1546 57,
3571 1479 3661 1550 38)
3701 1499 3713 1531 :

2123 1567 2485 1625 misericordia
2512 1580 2594 1627 est
2619 1573 2907 1643 crogantis.
2937 1571 3070 1628 Vide
3106 1572 3149 1626 si
3176 1587 3286 1626 non
3316 1573 3548 1642 amplius
3577 1572 3719 1626 Deus

2125 1658 2217 1714 dat
2257 1661 2432 1718 nobis.
2465 1661 2544 1718 Tu
2571 1664 2800 1735 ignoscis
2827 1664 3063 1732 homini,
3095 1665 3146 1719 in
3177 1679 3282 1736 quo
3303 1673 3360 1719 te
3389 1664 3528 1719 hesit
3556 1665 3718 1718 homo

2121 1750 2393 1809 hominem
2425 1772 2439 1807 :
2469 1754 2694 1827 ignoscit
2724 1758 2816 1812 tibi
2849 1757 3008 1824 Deus,
3041 1758 3092 1812 in
3115 1774 3220 1828 quo
3247 1757 3516 1814 oll’cndisti
3555 1758 3718 1821 homo

2122 1843 2310 1900 Deum.
2339 1845 2604 1918 Numquid
2625 1848 2766 1904 enim
2791 1849 2895 1905 hoc
2919 1859 3000 1905 est
3031 1849 3299 1905 hominem
3330 1850 3546 1915 laudere,
3569 1852 3715 1920 quod

2120 1945 2202 1992 est
2230 1937 2394 1994 Deum
2429 1937 2736 1996 offendere?
2777 1941 2917 2012 Ergo
2964 1941 3082 2012 plus
3130 1941 3221 1996 tibi
3268 1940 3417 1998 dedit
3448 1957 3471 2012 _:
3505 1944 3625 2012 quia
3659 1951 3718 1998 tu

2120 2026 2223 2083 hoc
2261 2027 2530 2098 dimisisti,
2559 2030 2611 2085 in
2643 2047 2748 2101 quo
2779 2030 2940 2087 homo
2987 2031 3146 2086 la-sus
3188 2040 3307 2098 est;
3357 2031 3458 2087 hoc
3499 2032 3590 2088 ille
3626 2032 3716 2087 di-

2119 2121 2302 2191 mittit,
2330 2123 2382 2178 in
2407 2139 2513 2196 quo
2548 2125 2690 2180 Deus
2715 2124 2952 2181 oll'ensus
2975 2135 3082 2180 est.
3113 2124 3382 2180 Attenditc
3409 2125 3571 2180 aliaat
3612 2126 3717 2180 mi-

2119 2213 2465 2270 sericordiam
2511 2215 2947 2287 dispensationis.
2979 2216 3060 2271 Tu
3104 2216 3200 2272 das
3242 2231 3455 2286 panem,
3486 2217 3578 2272 ille
3620 2217 3720 2271 dat

2119 2306 2377 2372 salutem;
2411 2316 2467 2362 tu
2515 2307 2610 2363 das
2656 2308 2859 2365 sitienti
2905 2308 3148 2379 poculum
3190 2308 3416 2379 liquoris
3461 2309 3715 2380 alicujus,

2120 2396 2208 2453 ille
2232 2397 2322 2453 tibi
2347 2398 2438 2454 dat
2464 2399 2710 2469 poculum
2741 2400 3014 2470 sapientiae
3040 2415 3172 2456 suae.
3208 2399 3472 2471 Numquid
3499 2401 3597 2455 ista
3625 2403 3719 2456 vel

2117 2487 2473 2558 comparanda
2503 2498 2646 2556 sunt,
2677 2488 2816 2560 quod
2843 2489 2960 2552 das,
3003 2498 3058 2544 et
3099 2489 3240 2560 quod
3285 2489 3522 2560 accipis?
3571 2490 3724 2546 Ecre

2117 2577 2384 2648 quomodo
2411 2577 2756 2635 fenerandum
2785 2590 2885 2634 est.
2913 2579 2968 2636 Si
2997 2581 3116 2651 quis
3137 2580 3249 2634 vult
3269 2595 3388 2636 esse
3419 2579 3717 2648 fenerator,

2117 2670 2335 2723 omnino
2383 2685 2487 2723 non
2538 2669 2922 2739 prohibemus:
2953 2671 3048 2726 sed
3094 2670 3242 2725 illum
3291 2669 3585 2738 feneretnr,
3615 2675 3720 2743 qui

2118 2775 2224 2815 non
2254 2760 2320 2815 sit
2366 2776 2566 2831 pauper
2605 2762 2755 2832 plura
2797 2773 2853 2818 et
2899 2763 3102 2833 majora
3146 2762 3442 2832 reddendo,
3471 2776 3526 2819 et
3555 2765 3725 2834 cujus

2116 2860 2199 2906 est
2242 2852 2400 2907 etiam
2443 2851 2546 2907 hoc
2596 2853 2765 2923 ipsum
2809 2853 3195 2924 qualecumque
3236 2855 3377 2926 quod
3417 2854 3465 2910 ei
3505 2855 3627 2920 das,
3658 2869 3720 2913 ut

2115 2943 2343 3013 amplius
2372 2943 2665 3015 meliusque
2695 2946 2938 3016 recipias.

2185 3036 2238 3090 5.
2279 3035 2616 3108 Eleemosyna
2645 3039 2900 3109 eroganda
2921 3056 3034 3093 cum
3051 3039 3335 3094 humilitate
3356 3049 3403 3095 et
3429 3040 3717 3095 hilaritate.

2118 3125 2248 3182 lllud
2277 3128 2435 3183 etiam
2488 3145 2682 3185 moueo
2729 3129 3074 3186 Sanctitatcm
3122 3141 3376 3201 vestram,
3427 3142 3483 3187 ut
3527 3135 3720 3190 sciatis

2116 3233 2238 3273 eum
2268 3218 2481 3289 duplam
2532 3215 2954 3277 misericordiam
3003 3221 3201 3291 facere,
3242 3223 3335 3295 qui
3379 3226 3719 3295 pauperibus

2116 3308 2194 3362 sic
2222 3308 2312 3362 dat
2349 3309 2570 3379 aliquid,
2611 3321 2665 3365 ut
2695 3310 2810 3382 ipse
2851 3321 3053 3383 eroget.
3085 3312 3201 3369 Non
3232 3314 3374 3368 enim
3403 3314 3564 3370 debet
3589 3331 3719 3371 esse

2114 3399 2225 3454 sola
2251 3399 2548 3470 benignitas
2579 3401 2870 3472 largientis,
2898 3403 2990 3459 sed
3018 3413 3073 3458 ct
3099 3403 3370 3460 humilitas
3395 3405 3716 3461 ministran-

2114 3491 2202 3545 tis.
2241 3490 2431 3547 Nescio
2457 3493 2743 3562 quomodo,
2792 3494 2978 3550 fratres
3028 3495 3153 3563 mei,
3198 3495 3410 3552 animus
3450 3497 3570 3567 ejus
3613 3500 3712 3569 qui

2115 3581 2337 3654 porrigit
2389 3583 2630 3654 pauperi,
2684 3585 2824 3640 velut
2871 3586 3139 3640 communi
3192 3587 3504 3642 humanitati
3550 3597 3715 3660 atque

2113 3672 2407 3729 infirmitati
2435 3676 2773 3746 eompatitur,
2797 3677 3008 3747 quando
3039 3679 3250 3748 ponitur
3279 3694 3466 3733 manus
3497 3678 3710 3735 lmben-
3771 3723 3774 3732 .

2115 3763 2183 3818 tis
2222 3763 2274 3818 in
2317 3779 2532 3819 manum
2563 3765 2865 3836 indigentis.
2897 3766 3150 3833 Quamvis
3179 3767 3270 3822 ille
3295 3767 3408 3835 det,
3447 3769 3536 3823 ille
3562 3771 3710 3823 neci-

2111 3855 2241 3928 piat,
2273 3857 2670 3928 conjunguntur
2712 3858 2953 3914 minister
2993 3867 3049 3914 ct
3075 3860 3158 3915 cui
3191 3860 3541 3917 ministratur.
3589 3863 3709 3917 Non

2112 3949 2255 4007 enim
2275 3949 2453 4022 jungit
2479 3966 2576 4005 nos
2595 3952 2888 4019 calamitas,
2920 3953 3015 4008 sed
3047 3954 3335 4010 humilitas.
3367 3955 3708 4011 Abundantia

2111 4052 2288 4100 vestra
2316 4045 2418 4099 erit
2445 4044 2614 4110 vobis,
2645 4045 2689 4100 si
2721 4045 2946 4101 Domino
2993 4047 3187 4117 placet,
3235 4058 3289 4104 et
3335 4048 3456 4104 filiis
3487 4051 3705 4105 vestris.

2111 4132 2214 4190 Sed
2268 4133 2336 4190 de
2382 4134 2480 4190 ista
2534 4143 2743 4190 terrena
2790 4137 3110 4193 abundantia
3170 4139 3313 4194 nulla
3356 4140 3560 4194 mentio
3598 4152 3706 4205 est,

2109 4241 2270 4297 quam
2292 4226 2484 4282 videtis
2509 4227 2790 4282 obnoxiam
2827 4230 2984 4284 tantis
3003 4231 3230 4286 casibus.
3260 4230 3411 4286 .lacet
3449 4232 3502 4285 in
3542 4231 3709 4285 domo

2112 4318 2396 4372 thesaurus
2421 4319 2652 4388 quietus,
2677 4319 2948 4375 domimnn
2980 4321 3217 4392 quietum
3254 4337 3374 4377 esse
3416 4339 3521 4377 non
3553 4322 3703 4377 sinit.

2109 4408 2352 4466 Timetur
2393 4411 2544 4478 latro,
2578 4411 2792 4466 timetur
2815 4411 3082 4479 cliractor,
3116 4414 3332 4468 timetur
3360 4428 3548 4469 servus
3575 4414 3702 4467 infi-

2109 4500 2262 4566 dclis,
2290 4502 2504 4556 timetur
2534 4503 2735 4557 vicinus
2782 4504 2952 4557 malus
2989 4513 3043 4558 et
3091 4515 3300 4573 puteus.
3342 4505 3552 4574 Quanto
3580 4508 3700 4575 plus

2111 4602 2340 4657 tenetur,
2374 4605 2518 4650 tanto
2561 4595 2679 4664 plus
2721 4597 2953 4650 timetur.
2988 4597 3042 4652 Si
3069 4606 3246 4651 autem
3287 4615 3474 4668 erogas
3509 4601 3612 4653 Deo
3639 4600 3696 4652 in

2109 4701 2389 4755 pauperes,
2420 4702 2524 4739 non
2555 4686 2751 4754 perdis,
2787 4697 2838 4740 et
2881 4703 3098 4743 sccm'us
3124 4688 3378 4755 effueris,
3425 4692 3542 4759 quia
3582 4691 3695 4755 ipse

2108 4778 2248 4832 Deus
2276 4778 2506 4834 custodit
2536 4779 2625 4833 tibi
2657 4781 2708 4833 in
2748 4780 2906 4846 ctelo,
2937 4781 3024 4851 qui
3069 4789 3122 4836 et
3152 4782 3242 4836 tibi
3284 4785 3578 4838 necessaria
3601 4783 3697 4834 dat

2106 4887 2266 4941 super
2287 4881 2502 4927 terram.
2527 4875 2606 4927 Au
2637 4872 2771 4928 forte
2794 4875 2966 4942 times,
2993 4891 3056 4929 ne
3080 4875 3265 4944 perdat
3291 4877 3529 4933 Christus
3548 4877 3694 4944 quod

2107 4963 2179 5016 illi
2207 4963 2701 5019 commendaveris?
2728 4965 2915 5021 Nonne
2953 4967 3377 5036 dispensatorem
3411 4967 3698 5037 unusquis-

2105 5070 2210 5122 quc
2236 5053 2382 5123 eligit
2407 5053 2473 5108 de
2499 5052 2691 5108 familia
2711 5073 2804 5109 sua
2831 5056 3061 5118 ﬁdelem,
3088 5060 3171 5112 cui
3201 5063 3493 5115 committat
3526 5075 3696 5128 pecu-

2104 5146 2245 5200 niam
2272 5147 2460 5201 suam?
2490 5147 2589 5215 Qui
2619 5149 2716 5202 etsi
2748 5148 2908 5204 habet
2942 5151 2992 5204 in
3029 5159 3291 5220 potestate
3319 5168 3424 5207 non
3451 5150 3697 5216 auferre,

2105 5252 2208 5291 non
2241 5247 2416 5292 lamell
2451 5237 2608 5292 habet
2638 5238 2690 5292 in
2719 5243 2978 5308 petestate
3006 5256 3112 5294 non
3141 5240 3386 5311 perdere.
3416 5241 3544 5308 Quid
3575 5241 3702 5296 fide

2099 5331 2298 5385 Christi
2346 5331 2638 5401 prolixius?
2683 5331 2806 5402 quid
2849 5334 3230 5402 omnipotentia
3277 5333 3538 5389 divinius?
3571 5333 3708 5389 Nec

2100 5422 2310 5476 auferre
2353 5423 2443 5475 tibi
2473 5422 2670 5492 aliqttid
2714 5433 2908 5494 potest,
2951 5425 3074 5493 quia
3121 5425 3233 5493 ipse
3272 5425 3417 5480 dedit
3458 5426 3544 5478 tibi
3585 5439 3706 5492 spe

2098 5515 2240 5584 quod
2282 5515 2352 5567 illi
2383 5513 2539 5568 dares
2571 5533 2586 5568 :
2619 5530 2716 5569 nec
2755 5514 2950 5584 aliquid
2992 5514 3234 5585 perdere,
3276 5519 3396 5588 quia
3441 5519 3703 5570 universa

2099 5607 2433 5680 ontnipou-ns
2479 5615 2641 5662 tenet.
2693 5608 2924 5664 Rcficitis
2968 5610 3189 5677 viscera,
3231 5610 3439 5680 quand-
3483 5624 3701 5680 agape:
