3926 6188
257 447 383 506 1201

249 562 440 617 facilis:
464 560 595 628 Quia
636 562 883 618 videmur
916 580 1013 620 nos
1050 565 1372 638 ministrare,
1403 578 1457 625 ct
1483 579 1663 627 nostra
1691 571 1826 627 dan-

249 663 352 735 tur,
382 662 439 707 et
468 667 567 724 per
595 668 693 709 nos
715 654 945 722 dantur;
975 666 1030 713 et
1055 666 1233 715 tamen
1268 675 1331 717 ea
1355 660 1568 729 dantur,
1600 679 1717 735 quae
1745 680 1830 718 no-

245 734 325 799 bis
358 745 497 800 Deus
522 745 689 803 dedit.
711 748 915 803 Bonum
931 749 1266 820 est,lratres,
1290 753 1449 809 etiam
1475 734 1632 809 manu
1655 765 1827 810 vestra

242 834 564 904 dispensetis
607 853 621 891 :
663 838 817 894 valde
856 848 1061 910 gratum
1098 851 1181 898 est
1220 844 1346 899 Deo.
1384 844 1504 914 ipse
1526 846 1739 915 accipit,
1775 856 1830 902 et

241 927 389 983 dabit
423 928 538 992 tibi,
565 930 656 1001 qui
684 940 807 987 autc
835 932 926 987 tibi
953 950 1110 1002 quam
1135 934 1356 997 deberet
1379 937 1520 1007 quod
1560 937 1715 993 dares
1742 938 1830 995 dc-

240 1018 336 1075 dit.
374 1020 541 1076 Debet
573 1022 896 1092 erogationis
931 1023 1107 1081 ofﬁcio
1136 1026 1383 1098 conjungi
1424 1028 1826 1085 ministrationis

240 1112 493 1167 ofﬁcium.
516 1112 652 1169 Cum
675 1115 767 1170 tibi
793 1115 948 1189 liceat
967 1116 1102 1174 duas
1123 1118 1399 1176 mercedes
1420 1119 1637 1187 habere,
1662 1137 1826 1193 quare

241 1201 421 1268 perdis
449 1204 644 1258 unam?
684 1203 787 1260 Sed
817 1205 1056 1277 quisquis
1083 1208 1258 1264 minus
1287 1208 1508 1265 idoneus
1544 1219 1626 1266 est
1650 1211 1823 1266 omni-

240 1293 339 1346 bus
366 1292 514 1359 dare,
545 1294 635 1348 det
663 1296 984 1365 pauperibus
1015 1314 1111 1367 pro
1138 1300 1359 1367 viribus,
1387 1317 1509 1356 cum
1538 1302 1819 1358 hilaritate.

241 1380 472 1438 llilarem
489 1394 652 1440 autem
668 1386 892 1441 datorem
915 1388 1078 1461 diligit
1096 1389 1232 1445 Deus
1246 1391 1309 1463 (ll
1330 1391 1447 1447 Cor.
1470 1408 1546 1460 ix,
1566 1393 1643 1463 7).
1666 1394 1822 1450 Omni

238 1475 410 1541 pretio
429 1479 843 1546 comparandum
866 1481 1191 1551 propositum
1208 1492 1290 1538 est
1307 1499 1525 1554 regnum
1542 1485 1818 1541 calorum.

235 1564 351 1620 Non
392 1576 478 1623 est
507 1576 564 1622 ut
607 1569 749 1624 dicat
795 1571 987 1642 aliquis
1013 1572 1215 1628 habens
1237 1574 1372 1630 duos
1397 1575 1665 1644 denarios,
1708 1577 1823 1633 ido-

235 1674 398 1712 neum
423 1675 482 1715 se
498 1674 604 1715 non
631 1676 750 1717 esse
779 1663 844 1718 ad
862 1666 1299 1734 comparandum.
1321 1667 1493 1724 Tanto
1516 1671 1819 1742 evangelica

234 1752 321 1806 illa
354 1753 507 1806 vidua
536 1756 863 1823 comparavit
889 1756 1046 1824 (Luc.
1071 1774 1180 1824 xxi,
1202 1758 1284 1829 2).

304 1847 359 1899 li.
391 1844 510 1901 Dies
538 1849 724 1918 feriati.
771 1848 975 1904 Peracli
1015 1861 1141 1906 sunt
1183 1852 1299 1907 dies
1345 1852 1521 1909 feriati
1566 1853 1660 1927 (a),
1692 1868 1817 1910 suc-

228 1936 428 1992 cedent
465 1937 575 2007 jam
623 1939 697 1993 illi
742 1941 1175 2008 eonventionmn,
1209 1944 1566 2012 exactionum,
1616 1946 1816 2017 litigio-

230 2043 353 2082 rnm
381 2048 394 2082 :
429 2030 602 2084 videte
628 2032 900 2101 quomodo
925 2033 976 2086 in
1006 2033 1087 2088 bis
1113 2035 1336 2099 vivatis,.
1361 2036 1554 2093 fratres
1584 2037 1709 2093 mei.
1740 2038 1816 2095 De

228 2120 510 2175 vacatione
560 2121 765 2176 dierum
827 2123 1049 2179 istorum
1109 2127 1566 2182 mansuetudinem
1610 2128 1816 2184 debetis

226 2213 535 2279 concipere,
556 2227 661 2266 non
679 2212 973 2284 jnrgiornm
995 2216 1215 2271 consilia
1239 2218 1502 2273 meditari.
1520 2219 1655 2274 Sunt
1675 2221 1814 2274 enim

227 2301 501 2366 homines,
532 2300 623 2373 qui
654 2313 931 2373 propterea
981 2316 1304 2363 vacaverunt
1358 2323 1454 2379 per
1498 2309 1615 2363 dies
1663 2310 1811 2373 istos,

223 2401 286 2445 ιιι
305 2393 609 2462 cogitarent
634 2395 880 2463 malitias,
905 2412 1037 2466 quas
1056 2408 1369 2453 exercerent
1387 2407 1507 2469 post
1528 2399 1642 2455 dies
1663 2400 1828 2455 istos.-

226 2481 475 2536 Petimus
501 2498 617 2550 vos,
648 2492 705 2538 ut
744 2484 814 2540 ita
846 2486 1058 2552 vivatis,
1092 2496 1341 2558 tanquam
1371 2490 1460 2560 qui
1493 2484 1604 2546 ι)οὸ
1647 2492 1809 2546 ratio-

222 2560 352 2628 nem
381 2572 683 2630 reddituros
706 2591 803 2631 vos
837 2576 1017 2633 sciatis
1054 2577 1123 2633 de
1163 2586 1268 2634 tota
1294 2580 1421 2647 vita,
1446 2596 1554 2636 non
1594 2582 1663 2638 de
1687 2583 1814 2638 solis

223 2663 345 2718 istis
391 2646 694 2734 quindecim
735 2666 943 2722 diebus.
978 2660 1615 2741 Deiude'Scripturarum
1669 2690 1813 2744 quie-

222 2754 451 2821 stioues,
479 2771 611 2825 quas
635 2755 882 2814 besterna
908 2758 997 2814 die
1031 2760 1300 2829 proposui,
1335 2769 1389 2816 et
1408 2763 1650 2833 angustia
1680 2758 1811 2818 tem-

220 2843 375 2912 poris
404 2845 745 2915 impediente,
769 2863 873 2902 non
901 2849 1055 2916 solvi,
1080 2849 1248 2905 fateor
1272 2866 1358 2906 me
1378 2851 1575 2908 debere
1589 2852 1684 2925 (li).
1703 2853 1808 2909 Sed

222 2944 394 3003 certe,
424 2938 544 3008 quia
572 2938 688 2995 dies
722 2941 811 3010 qui
850 2949 1146 3011 sequuntur
1172 2943 1281 3011 jam
1309 2946 1614 3001 exactiones
1648 2947 1807 3002 etiam

224 3027 468 3095 pecunia:
496 3031 805 3098 permittunt
821 3030 944 3101 jure
974 3032 1171 3089 forensi
1201 3043 1256 3090 et
1280 3035 1508 3104 publico,
1538 3035 1640 3092 hoc
1664 3054 1692 3092 a
1724 3055 1808 3094 me

222 3117 404 3186 potius
439 3135 535 3175 vos
563 3122 759 3192 exigite
782 3125 902 3192 jure
924 3123 1236 3182 christiano.
1267 3127 1424 3181 Modo
1452 3129 1595 3183 enim
1622 3147 1806 3186 omnes

152 3264 159 3269 .
218 3210 580 3267 solemuitatis
601 3215 769 3284 gratia
790 3202 1010 3270 veniunt
1031 3235 1043 3270 ε
1068 3227 1191 3288 post
1210 3218 1340 3273 istos
1356 3219 1481 3293 dies.
1501 3236 1651 3276 amor
1677 3222 1806 3294 legis

220 3302 453 3360 adducat
476 3319 506 3359 a
530 3319 614 3360 mc
651 3306 790 3378 exigi
820 3309 960 3378 quod
992 3309 1231 3378 promisi.
1268 3310 1368 3379 Qui
1398 3312 1541 3366 enim
1572 3313 1691 3380 dat,‘
1713 3330 1807 3384 per

223 3411 313 3451 me
350 3396 443 3452 dat
471 3397 621 3453 vobis
653 3415 666 3451 :
698 3399 812 3469 ipse
837 3402 1019 3471 utique
1042 3400 1137 3456 dat
1179 3401 1428 3457 omnibus
1467 3405 1639 3460 nobis.
1673 3406 1804 3462 Novi

221 3486 757 3560 quippeApostolum
786 3489 1072 3557 dicentem,
1104 3491 1316 3547 Reddite
1343 3494 1575 3549 omnibus
1602 3496 1767 3550 debita
1788 3513 1806 3550 :

221 3578 305 3633 cui
332 3578 593 3645 tributum,
626 3580 868 3635 tributum
885 3596 906 3646 ;
933 3582 1016 3636 cui
1042 3584 1272 3654 vectigal,
1303 3585 1516 3656 vectigal
1532 3602 1552 3650 ,°
1598 3584 1682 3640 cui
1711 3588 1803 3642 lio-

223 3685 416 3733 norem,
443 3669 717 3736 honorent;
745 3672 828 3726 cui
850 3673 1100 3738 timorem,
1130 3674 1359 3730 timorem
1388 3693 1406 3730 :
1434 3677 1624 3730 nemini
1651 3656 1805 3748 quid-

222 3780 372 3832 quam
384 3764 620 3834 debeatis,
636 3767 731 3820 nisi
747 3776 803 3821 ut
816 3767 1024 3821 invicem
1041 3767 1264 3838 diligatis
1282 3767 1454 3839 (llam.
1482 3784 1596 3832 xm,
1614 3770 1647 3824 7
1662 3779 1707 3823 et
1724 3770 1802 3838 8).

225 3854 349 3909 Sola
388 3854 603 3912 dilectio
628 3864 710 3912 est
737 3870 954 3926 semper
986 3855 1291 3922 reddenda;
1321 3873 1477 3912 nemo
1514 3873 1541 3913 a
1575 3859 1665 3915 tali
1708 3859 1805 3916 dc-

224 3948 337 4003 bito
356 3948 565 4004 alienus
583 3959 685 4004 est.
703 3948 856 4018 Quod
875 3949 1018 4004 enim
1044 3949 1235 4012 debeo,
1266 3948 1479 4016 fratres,
1507 3951 1558 4006 in
1589 3954 1806 4011 nomine

226 4039 434 4095 Domini
465 4039 769 4096 redditurus
793 4056 931 4096 sum.
966 4040 1071 4097 Sed
1107 4039 1275 4097 Litcor
1302 4042 1469 4110 vobis,
1494 4060 1600 4100 non
1630 4044 1806 4101 ofﬁcio

223 4132 496 4202 segnibus,
518 4132 612 4187 sed
636 4132 973 4202 exigentibus
999 4131 1187 4188 reddo.

723 4233 954 4291 δεηΜο
989 4235 1309 4308 cura).

225 4326 445 4381 Habitus
489 4328 662 4381 eodem
708 4328 788 4383 die
820 4328 875 4383 in
915 4329 1125 4384 ecclesia
1173 4328 1470 4399 Leontiuna,
1504 4332 1567 4388 de
1604 4334 1806 4390 monitis

772 4422 1133 4491 baptisatorum
1157 4423 1258 4493 (ά).

302 4511 509 4567 Octava:
532 4513 823 4582 infantium.
843 4512 988 4569 Falsi
1016 4516 1209 4585 ﬁdeles.
1226 4515 1542 4576 Continentia
1560 4523 1808 4577 servanda

198 4588 204 4594 ’
230 4622 323 4672 pro
351 4620 444 4658 suo
464 4605 644 4676 cuique
667 4605 848 4676 gradu.
889 4603 1070 4659 Votum
1104 4607 1423 4665 continentia:
1444 4627 1545 4667 non
1569 4612 1802 4680 reddens,

218 4697 508 4751 damnatur.
523 4695 599 4751 Ne
615 4711 792 4752 moras
803 4693 991 4752 faciam
999 4714 1078 4763 us,
1098 4700 1263 4754 acturi
1277 4701 1460 4768 multa,
1475 4705 1806 4775 regeneratis

281 4809 297 4827 θ
320 4806 610 4857 Emendatus
639 4805 697 4856 ad
731 4806 922 4859 codices
943 4808 1019 4859 cb.
1047 4822 1122 4868 gr.
1149 4824 1192 4858 r.
1220 4817 1274 4860 et
1310 4811 1369 4861 ad
1401 4811 1539 4863 Ulim.
1564 4822 1665 4864 Par.
1685 4823 1800 4868 Lov.

276 4869 488 4978 mites
506 4868 800 4931 quindecim,
819 4876 876 4919 ut
895 4883 1007 4919 mox
1031 4868 1163 4921 dicet
1191 4885 1205 4920 :
1242 4872 1334 4944 hoc
1364 4880 1441 4923 est
1474 4877 1666 4937 septeni
1688 4885 1803 4929 ante

398 4965 413 4978 .
437 4931 640 4978 totidem
680 4931 989 4978 [ωινεεοιιιι.
1013 4932 1190 4978 auibus
1208 4933 1385 4978 diebus
1416 4933 1529 4978 litos
1549 4950 1722 4978 omnes
1753 4947 1803 4978 ρί

214 4931 640 4995 ινιιεοιιαιιοιὶαρω
679 4931 989 4995 [ostPascbm
1013 4932 1192 4995 quibus
1208 4933 1385 4984 diebus
1416 4931 1722 4988 lites'omnes
1753 4947 1806 4990 et

212 4994 558 5061 contentiones
571 4992 778 5061 par_tiu_m
793 4992 1069 5061 cessabant,
1091 5006 1155 5043 ex
1179 4992 1297 5058 lege
1315 4996 1584 5061 Theodosii,
1599 5002 1711 5061 quae
1727 5007 1806 5051 est

213 5053 296 5102 lex
315 5070 347 5123 ιι
362 5054 476 5123 Cod.
497 5053 770 5123 'rbeod._de
791 5055 978 5123 Feriis:
1008 5062 1211 5123 ssacros
1234 5053 1439 5123 quoque
1461 5053 1650 5110 Pascha:
1674 5062 1799 5123 dies,

218 5135 241 5161 ιι
262 5116 349 5177 qui
371 5121 581 5177 septeno
621 5114 704 5165 vel
715 5115 1025 5226 0[recedunt
1065 5114 1287 5177 numero,
1325 5114 1405 5169 v'el
1423 5128 1713 5184 sequuntur,
1753 5114 1804 5174 iii

218 5194 241 5222 α
266 5176 443 5226 eadem
466 5175 698 5227 feriarum
763 5183 1051 5227 iservatione
1075 5192 1403 5230 numeramus.
1422 5198 1446 5227 ι

217 5194 241 5222 ι
266 5191 443 5226 (⁸308111
466 5191 698 5227 tenamm
715 5191 1051 5227 ουδθηιιιιοιιθ
1075 5192 1403 5230 numeramus.

276 5234 352 5300 (ιι)
384 5240 684 5298 ρυιεδιίοιιθδ
722 5236 850 5290 forte
875 5251 987 5303 qua:
1024 5252 1169 5303 supra
1210 5241 1256 5290 in
1293 5253 1522 5293 sermone
1568 5243 1658 5294 ΗΒ
1703 5242 1801 5296 tra-

274 5361 348 5487 fc)
372 5361 513 5422 Alias,
536 5361 601 5411 de
618 5362 926 5437 Diversis“.
980 5425 993 5436 .

297 5423 505 5501 αιψει
518 5423 619 5501 ξιρρ
654 5423 815 5501 ιίιιειιρμ
834 5438 898 5501 me
915 5424 1060 5501 βάψειε
1082 5432 1139 5501 βε
1161 5426 1221 5501 ,ιιι
1241 5429 1802 5501 ρψηοηειιιεέυιι-

209 5485 438 5547 setpiitur
459 5498 742 5537 sermonem
760 5497 907 5547 supra
930 5485 1102 5538 ordine
1120 5487 1211 5538 148
1242 5487 1459 5538 habitum
1493 5506 1516 5534 ι
1534 5490 1619 5540 die
1647 5492 1801 5541 Domi-

218 5564 238 5591 ιι
264 5548 375 5597 nico
391 5553 665 5598 octavarttm
709 5547 915 5599 Pascha.
940 5564 963 5592 η
1002 5548 1163 5598 Eidem
1184 5549 1280 5599 diei
1305 5547 1469 5601 multis
1499 5550 1548 5600 in
1571 5549 1707 5602 libris
1729 5566 1802 5602 as-

209 5608 433 5673 signatur
654 5610 740 5673 qui
776 5621 920 5673 supra
955 5615 1032 5661 est.
1052 5608 1161 5673 224,
1202 5627 1226 5657 ι
1247 5607 1306 5659 ad
1331 5600 1598 5663 Infantess
1643 5600 1799 5664 mgi—

208 5669 321 5721 diits
354 5669 404 5719 in
448 5669 847 5733 Iudiculo,'capp.
869 5670 902 5720 8
943 5678 994 5721 et
1028 5672 1103 5731 10,
1125 5669 1259 5733 notat
1286 5678 1534 5725 Tractatus
1564 5692 1585 5721 ι
1611 5674 1675 5725 de
1717 5676 1801 5726 die

219 5748 239 5774 ι
262 5730 560 5790 octavarum,
583 5749 607 5777 ι
637 5730 727 5782 seu
758 5730 859 5780 ide
876 5733 1057 5784 octavis
1079 5730 1327 5783 infantium
1349 5734 1487 5784 duos.
1507 5752 1529 5780 ι
1552 5744 1645 5786 llos
1666 5743 1800 5787 Baro-

211 5804 323 5841 mus
344 5793 393 5842 in
415 5792 715 5857 martyrulog.
739 5794 821 5843 die
838 5795 981 5857 Sjan.
1001 5808 1257 5857 perperam
1283 5796 1576 5857 existimavit
1593 5799 1653 5847 ad
1667 5799 1798 5849 diem

208 5861 427 5923 (ictavam
449 5854 561 5903 festi
576 5862 629 5903 SS
668 5854 1134 5923 innocentiuInspee’
1145 5869 1272 5923 asse.
1289 5856 1512 5915 Infantes,
1526 5860 1799 5923 interrrete

212 5914 501 5978 Augustino,
533 5924 647 5969 sunt
680 5918 911 5981 Baptismo
950 5914 1258 5982 reg'cucrati;
1283 5914 1507 5982 quorum
1531 5922 1633 5985 ipse
1660 5914 1814 5971 'nun-~

1614 448 1624 460 ’
1648 457 1874 516 ΞΕῐὶΜΟ
1912 461 2129 520 CCL“.

3385 480 3520 540 19.02

1937 574 1989 629 in
2022 576 2305 649 Baptismo,
2329 582 2418 652 qui
2444 582 2603 641 hodie
2629 585 2884 644 miscendi
2909 598 3032 646 sunt
3062 592 3287 664 populo,
3316 594 3510 661 brevis.

1936 668 2026 724 sed
2044 672 2219 741 gravis
2234 687 2415 731 sermo
2429 675 2730 736 reddendus
2744 690 2845 738 est.
2864 680 2970 739 Vos
2986 686 3077 756 qui
3100 685 3345 757 baptizati
3361 693 3511 756 estis.

1934 768 1988 814 et
2017 760 2172 818 hodie
2199 766 2479 837 completis
2515 780 2905 828 sacramentum
2949 784 3270 839 octavarmu
3303 794 3512 838 vestra-

1934 865 2073 914 rum,
2103 851 2336 910 breviter
2356 857 2579 929 accipite
2606 869 2660 916 et
2699 861 2972 934 intelligite
3004 866 3308 924 translatam
3346 869 3511 928 fuisse

1934 940 2153 1013 ﬁguram
2204 947 2624 1008 circumcisiouis
2681 955 2891 1024 carnis,
2938 956 3026 1012 ad'
3052 959 3510 1021 circumcisioncm

1933 1034 2129 1092 cordis.
2172 1037 2265 1094 Die
2303 1049 2492 1097 octavo
2531 1044 2982 1104 circumciduntur
3009 1063 3174 1109 came
3212 1053 3506 1110 secundum

1930 1133 2167 1182 veterem
2206 1129 2402 1202 Legem
2430 1131 2584 1206 (Cen.
2616 1152 2741 1204 xvn,
2773 1136 2897 1210 12):
2918 1149 2971 1196 et
3010 1140 3111 1197 hoc
3152 1154 3372 1215 propter
3403 1147 3510 1204 Do.-

1930 1216 2132 1272 minum
2161 1216 2453 1293 Christum,
2479 1226 2566 1296 qui
2604 1235 2725 1300 post
2751 1227 2892 1285 diem
2937 1232 3218 1302 septimum
3260 1234 3509 1298 sabbato.-

1930 1321 2048 1362 rum
2092 1316 2284 1391 octavo
2326 1313 2603 1373 Dominico
2646 1320 2956 1377 resurrexit.
2996 1319 3234 1379 Cultellis
3283 1326 3505 1396 petrinis

1925 1396 2131 1466 jnsSnm
2155 1411 2238 1458 est
2266 1403 2569 1462 circumcidi
2600 1408 2623 1479 (
2641 1408 2801 1464 .losue
2825 1427 2875 1479 v,
2896 1409 2989 1479 2):
3021 1412 3176 1469 Petra
3204 1424 3319 1471 erat
3346 1415 3499 1473 Citri-

1928 1499 2041 1549 s.tus
2062 1492 2081 1565 (
2103 1492 2121 1547 Ι
2142 1494 2258 1550 Cor.
2284 1486 2353 1565 x,‘
2371 1499 2446 1569 4).
2492 1499 2725 1557 infantes
2751 1503 3113 1574 appellamini,
3143 1508 3396 1578 quoniam
3422 1526 3505 1565 re-

1925 1587 2165 1655 generati
2193 1588 2342 1656 estis,
2376 1600 2431 1647 et
2474 1608 2664 1649 novam
2705 1596 2863 1651 vitam
2894 1597 3117 1670 ingressi
3160 1600 3310 1664 estis,
3354 1609 3407 1657 ct
3436 1600 3503 1657 ad

1924 1680 2085 1733 vitam
2124 1690 2376 1738 aeternam
2407 1686 2758 1766 renatiestis,
2789 1688 2835 1744 si
2866 1687 2969 1746 hoc
2995 1691 3136 1762 quod
3166 1693 3218 1747 in
3244 1692 3394 1747 vobis
3421 1710 3505 1750 re-

1926 1777 2106 1828 natum
2154 1781 2258 1841 est,
2289 1776 2428 1833 male
2473 1778 2697 1835 vivendo
2743 1795 2848 1836 non
2896 1782 3184 1839 suffocatis.
3231 1784 3502 1841 Reddendi

1923 1864 2053 1918 csﬁs
2097 1866 2325 1936 populis,
2354 1868 2611 1925 miscendi
2653 1871 2785 1926 estis
2827 1872 2969 1942 plebi
3017 1872 3249 1929 ﬁdelium
3276 1894 3289 1931 :
3318 1886 3501 1932 cavete

1925 1968 1990 2007 ne
2020 1953 2296 2011 imitemini
2323 1958 2489 2013 malos
2519 1958 2724 2028 fideles,
2754 1961 2862 2016 imo
2901 1961 3065 2018 falsos
3094 1964 3317 2031 ﬁdeles;
3349 1969 3501 2034 quasi

1921 2047 2226 2104 conﬁtendo
2253 2049 2456 2118 ﬁdeles,
2474 2050 2568 2106 sed
2598 2052 2738 2109 male
2759 2053 2983 2110 vivendo
3004 2053 3268 2113 inﬁdeles.
3290 2057 3499 2123 Videte.

1922 2137 2053 2207 quia-
2097 2139 2350 2195 testiﬁcor
2390 2141 2541 2197 vobis
2587 2158 2770 2198 coram
2829 2145 2937 2200 Deo
2985 2153 3041 2201 et
3084 2146 3304 2218 Angelis
3349 2134 3498 2219 ejus:

1921 2226 2218 2282 castitatem
2245 2239 2475 2296 servate,
2506 2232 2619 2286 sive
2661 2233 3015 2303 conjugalem,
3040 2235 3153 2291 sive
3178 2237 3500 2294 omnimodis!
3555 2303 3561 2311 η

1921 2318 2283 2375 contiueutim.
2311 2319 2546 2392 Quisque
2570 2323 2711 2392 quod
2739 2325 2883 2379 vovit
2907 2325 3112 2381 reddat.
3139 2325 3239 2397 Qui
3270 2342 3376 2382 non
3406 2327 3501 2382 ba-

1920 2407 2058 2461 betis
2085 2422 2298 2478 uxores,
2330 2410 2456 2467 licet
2480 2411 2646 2466 vobis
2671 2412 2867 2469 ducere
2908 2430 3122 2484 uxores,
3152 2416 3246 2473 sed
3275 2432 3496 2489 quarum

1920 2498 2097 2554 mariti
2143 2514 2246 2555 non
2291 2502 2494 2557 vivunt.
2546 2503 2778 2560 Femina:
2805 2521 2922 2576 quin
2957 2524 3062 2563 non
3093 2507 3287 2567 habent
3331 2511 3496 2574 viros.

1917 2591 2044 2647 licet
2088 2593 2167 2648 eis
2212 2594 2436 2662 nubere,
2469 2595 2566 2651 sed
2604 2597 2682 2652 eis
2725 2597 2851 2653 viris
2897 2614 3122 2668 quorum
3170 2600 3376 2657 uxores‘
3393 2617 3497 2656 non

1919 2685 2120 2740 vivunt.
2151 2685 2250 2755 Qui
2291 2685 2496 2743 habetis
2523 2704 2740 2755 uxores,
2765 2688 2893 2746 nihil
2922 2690 3047 2745 mali
3076 2689 3276 2747 faciatis
3307 2700 3499 2762 printer

1916 2791 2128 2830 uxores.
2169 2776 2395 2833 Reddite
2422 2780 2562 2849 quod
2607 2780 2838 2850 exigitis.
2883 2780 3042 2837 Fides
3069 2781 3220 2838 vobis
3247 2781 3495 2850 debetur,

1915 2865 2073 2922 ﬁdem
2108 2868 2333 2924 debetis.
2367 2868 2549 2925 Fidem
2578 2870 2738 2927 debet
2766 2872 2986 2928 maritus
3029 2874 3199 2942 uxori,
3228 2891 3361 2930 uxor
3385 2890 3499 2930 ma-

1915 2959 2047 3025 rito;
2078 2961 2237 3015 ambo
2287 2960 2418 3015 Deo.
2449 2961 2779 3033 Quicumque
2819 2963 3202 3026 continentiam
3248 2965 3491 3050 vovistis,

1914 3049 2119 3106 reddite
2147 3052 2288 3122 quod
2329 3055 2586 3109 vovistis:
2615 3054 2736 3126 quia
2785 3072 2889 3110 non
2936 3049 3270 3128 exigeretur,
3292 3059 3337 3114 si
3386 3076 3491 3116 non

1912 3140 2211 3196 vovissetis.
2243 3141 2393 3211 Quod
2441 3144 2615 3212 potuit
2655 3144 2834 3211 licere,
2866 3161 2972 3201 non
3022 3148 3187 3203 licet:
3221 3164 3326 3203 non
3371 3150 3493 3221 quia

1912 3233 2109 3301 nnptia:
2136 3232 2473 3300 damnantur,
2503 3235 2596 3290 sed
2625 3236 2714 3307 qui
2738 3246 2882 3293 retro
2908 3237 3127 3309 respicit
3153 3238 3488 3296 damnatur‘.

1911 3314 2106 3380 Cavete
2130 3339 2160 3380 a
2189 3324 2462 3382 fraudibus
2486 3328 2536 3382 in
2569 3330 2793 3400 negotiis
2817 3333 3028 3387 vestris.
3057 3330 3255 3389 Cavete
3278 3349 3310 3389 a
3340 3350 3492 3390 men-

1866 3462 1871 3465 ,
1911 3415 2079 3472 daciis
2107 3424 2162 3472 et
2189 3416 2457 3486 periuriis.
2500 3416 2694 3475 Cavete
2732 3435 2761 3475 a
2806 3421 3128 3477 verbositate
3167 3431 3221 3478 et
3262 3423 3489 3479 luxnria.

1910 3505 2270 3576 Quaecumque
2300 3520 2403 3560 non
2431 3507 2591 3561 vultis
2624 3508 2738 3562 ﬁeri
2761 3510 2930 3575 vobis,
2957 3511 3119 3566 nolite
3148 3509 3325 3567 facere
3350 3514 3490 3578 aliis,

1912 3605 1965 3650 et
1990 3595 2295 3651 hominibus
2321 3606 2375 3652 et
2398 3596 2527 3651 Deo.
2544 3596 2681 3666 Quid
2712 3612 2804 3651 vos
2831 3599 3093 3654 onerent?
3119 3598 3244 3655 "ac
3269 3601 3422 3673 agite,
3442 3612 3493 3656 et

1912 3686 2051 3742 Deus
2073 3687 2214 3757 pacis
2230 3687 2326 3742 erit
2350 3685 2605 3741 vobiscum
2622 3686 2878 3759 (Philipp.
2908 3705 2983 3754 tv,
3012 3690 3089 3759 9).

2370 3798 2597 3856 διειιιιο
2638 3798 2838 3857 cum
2876 3801 2893 3821 ο
2935 3801 3032 3873 (τι).

2085 3918 2137 3962 ω
2157 3912 2239 3964 die
2260 3912 2631 3979 quadragesimo
2643 3917 2944 3967 Ascensionis
2957 3917 3157 3979 Doudni,
3180 3934 3196 3970 t
3218 3918 3311 3982 (1)).

2153 4016 2371 4074 Habitus
2396 4019 2704 4092 Carthagine
2728 4022 2781 4076 in
2805 4021 3018 4078 basilica
3051 4023 3250 4080 Fausti.

1983 4109 2209 4169 CAPUT
2246 4111 2286 4166 Ι.
2327 4143 2400 4155 —
2437 4114 2489 4170 1.
2528 4113 2766 4170 Ascensia
2816 4114 3019 4171 Domini
3058 4119 3132 4172 sic
3169 4119 3487 4185 celebranda,

1912 4211 1967 4257 ut
1990 4219 2107 4258 cum
2134 4204 2246 4274 ipso
2269 4203 2621 4261 ascendamus.
2647 4204 2870 4261 Sursum
2887 4223 2996 4275 cor,
3024 4209 3348 4281 quandouam
3378 4213 3490 4283 pie-

1911 4293 2050 4360 tatis,
2083 4294 2411 4364 quandonam
2433 4294 2703 4366 superbire.
2743 4296 3082 4353 ilesurrectio
3111 4299 3341 4363 Domini.
3367 4317 3501 4371 spes.

1910 4392 2130 4453 nostra;
2157 4385 2412 4442 ascensio.
2440 4385 2669 4453 Domini,
2697 4387 3013 4459 gloriﬁcatio
3036 4399 3243 4447 nostra.
3285 4393 3456 4447 Ascon
3474 4423 3488 4433 ο

1908 4479 2076 4536 sionis
2097 4480 2241 4536 enim
2262 4478 2420 4535 hodie
2440 4480 2699 4537 solemnia
2717 4480 3069 4539 celebramus.
3094 4482 3161 4539 Si
3173 4499 3302 4556 euge
3324 4496 3493 4554 recte,

1909 4574 1955 4630 si
1986 4573 2233 4642 ﬁdeliter,
2249 4575 2294 4629 si
2334 4574 2628 4642 devote,jsi
2672 4585 2881 4645 sancte,
2906 4579 2949 4634 si
2997 4579 3081 4648 pie
3119 4581 3489 4636 ascensionem

1911 4664 2120 4721 Domini
2154 4665 2513 4734 celebramus,
2531 4666 2882 4724 ascendamus
2901 4683 3024 4724 cum
3058 4665 3251 4736 illo,_et
3273 4686 3486 4726 sursum

1909 4774 2005 4816 cor
2031 4758 2339 4816 habeamus.
2386 4759 2750 4815 Ascendeutes
2792 4769 2968 4815 autem
3011 4776 3117 4814 non
3142 4762 3490 4826 extollamim,

1909 4866 2010 4908 nec
2028 4850 2098 4907 de
2123 4851 2321 4907 nostris
2333 4850 2482 4921 quasi
2504 4849 2573 4906 de
2599 4849 2826 4919 propriis
2847 4851 3056 4905 meritis
3080 4866 3487 4918 pezcsuinamus.

1907 4943 2129 5000 Sursum
2151 4944 2299 4998 enim
2316 4956 2410 4997 cor
2437 4940 2634 4996 habere
2659 4940 2938 5006 debemus,
2967 4940 3061 4995 sed
3086 4940 3152 4993 ad
3185 4940 3486 4995 Domiumn.

1906 5034 2127 5091 Sursum
2157 5031 2299 5088 enim
2337 5045 2432 5086 cor
2459 5046 2567 5085 non
2598 5028 2665 5084 ad
2711 5029 3018 5094 Dominum,
3051 5030 3301 5099 superbia
3334 5045 3491 5083 voca-

1908 5136 2029 5183 tur:
2054 5138 2266 5181 surstuu
2286 5128 2464 5176 autem
2492 5134 2586 5174 cor
2610 5118 2679 5177 ad
2705 5118 3008 5184 Dominum,
3039 5117 3304 5188 refugium
3329 5135 3488 5175 voca-

1906 5255 2050 5307 quam
2071 5240 2345 5313 τρειερίθιει
2359 5243 2600 5313 sesima»
2616 5237 2705 5288 sed
2718 5223 3509 5313 maniliaadtsavwae

1905 5298 1995 5357 r'at.
2016 5313 2086 5355 De
2107 5304 2185 5353 his
2202 5301 2332 5353 haud
2352 5300 2502 5361 dubie
2542 5300 2592 5349 in
2616 5307 2761 5361 epist.
2800 5298 2879 5356 55,
2913 5312 2963 5348 ιι.
3002 5298 3080 5358 55,
3099 5298 3296 5349 scribit:
3339 5303 3508 5361 «Tam

1913 5385 1935 5414 ιι
1959 5355 2123 5417 multis
2143 5355 2599 5426 praesumptiouibus
2617 5355 2690 5413 sic
2718 5355 2997 5424 plenasunt
3017 5355 3193 5426 munia,
3217 5364 3271 5426 ut
3297 5357 3507 5426 gravius:

1913 5447 1938 5476 ι
1956 5418 2240 5489 corripiatur
2260 5426 2343 5490 qui
2356 5418 2453 5486 per
2471 5430 2667 5490 octavas
2676 5418 2793 5490 suas
2804 5428 2986 5490 terram
3013 5421 3146 5490 nudo
3168 5418 3498 5490 pedetettges

1913 5509 1938 5538 ιι
1958 5492 2038 5549 rit,
2062 5480 2210 5552 quam
2226 5480 2311 5552 qui
2349 5480 2568 5552 mentem
2589 5483 2853 5536 vinolentia
2888 5480 3205 5546 sepelierit,
3236 5480 3350 5532 Vide
3373 5481 3506 5533 item.

1907 5550 2159 5676 #928332
2431 5608 2612 5674 nuptiis
2643 5607 2934 5660 damtur
2951 5643 2964 5667 ,
2991 5603 3078 5656 sed
3115 5604 3205 5668 qui
3221 5601 3495 5666 τευ-σεμνὰ

1908 5674 2181 5732 damnatur.
2207 5681 2264 5722 Μ.
2309 5674 2319 5676 ’

1969 5738 1986 5757 ⁶
2012 5735 2300 5797 amendatus
2322 5732 2381 5783 ad
2398 5746 2472 5797 gr.
2495 5738 2547 5797 et
2562 5732 2620 5797 ad
2639 5730 2774 5781 Ulim.
2799 5736 2902 5779 var.
2921 5735 3032 5779 ιον.

1969 5797 2042 5868 (ᾳ)
2074 5796 2216 5868 alias,
2238 5797 2302 5846 de
2323 5794 2631 5868 Diversis”.
2824 5867 2832 5868 ί
2869 5861 2898 5868 _
2950 5853 2999 5868 ί.
3343 5859 3396 5868 Μ
3460 5855 3469 5868 Β

1969 5858 2037 5917 (li)
2070 5853 2327 5909 sermones
2349 5856 2413 5907 de
2435 5856 2516 5906 die
2540 5856 2837 5917 Ascensioms
2869 5853 3049 5905 Domini
3075 5859 3303 5903 recenset
3342 5855 3495 5901 Possi-

1908 5916 2079 5971 dius'in
2106 5919 2331 5981 lndiculo,
2356 5932 2490 5982 capp.
2517 5918 2564 5981 8,
2582 5918 2614 5968 9
2657 5923 2708 5966 et.
2730 5916 2801 5967 lﬁ.
