3926 6188
221 426 354 488 1805

221 546 271 600 in
293 542 460 600 corde
488 550 580 599 tuo
606 559 627 596 :
663 541 736 598 ibi
759 540 975 597 avaritia
998 554 1106 596 non
1147 554 1307 613 parva
1333 534 1662 593 immunditia
1687 539 1792 589 est.

220 637 474 709 Congeris
498 635 641 707 quod
665 645 842 691 tecum
864 648 971 691 non
990 634 1165 690 tollas.
1188 632 1370 689 Nescis
1392 631 1513 703 quia
1535 645 1654 685 cum
1675 640 1802 683 con-

218 730 383 801 geris,
420 726 489 783 ad
526 742 624 782 cor
648 736 795 782 tuum
830 726 994 782 lutum
1018 725 1228 781 trahis?
1252 723 1404 781 Unde
1448 722 1651 778 videbis
1672 728 1822 791 ergo

220 820 358 891 quod
386 816 630 889 mimis?

284 908 517 981 CAPUT
549 908 611 963 V.
632 939 703 950 ——
719 909 771 964 5.
803 907 938 963 Deus
964 908 1193 962 habitare
1212 906 1311 961 vult
1337 907 1389 960 in
1418 906 1568 961 corde
1592 903 1802 958 mundo.

225 1002 464 1057 Avaritia
481 1001 630 1055 homo
647 999 816 1064 servit,
838 1015 939 1052 non
966 997 1093 1052 Deo.
1115 997 1193 1053 Tu
1216 997 1345 1052 mihi
1369 996 1502 1051 dicis
1527 1013 1541 1048 :
1573 992 1807 1051 Ostende

226 1091 354 1146 mihi
381 1092 552 1147 Deum
581 1098 748 1144 tuum.
768 1088 885 1160 Ego
912 1088 1007 1143 tibi
1034 1088 1193 1144 dico:
1239 1085 1466 1142 Attende
1487 1126 1502 1151 ,
1534 1083 1804 1155 paululum

227 1184 292 1238 ad
336 1196 434 1238 cor
478 1190 648 1239 tuum.
689 1179 956 1248 Ostende,
982 1179 1194 1249 inquis,
1242 1178 1373 1234 mihi
1421 1177 1585 1232 Deum
1636 1183 1805 1231 tuum.

229 1273 482 1341 Attende,
510 1272 713 1343 inquid,
740 1271 1008 1342 paululum
1028 1271 1100 1326 ad
1126 1286 1219 1327 cor
1244 1278 1418 1325 tuum.
1440 1268 1710 1339 Quidquid
1737 1268 1810 1324 ibi

227 1365 382 1422 vides
401 1363 543 1437 quod
565 1363 809 1433 displicet
828 1362 959 1431 Deo,
982 1363 1110 1419 tolle
1131 1363 1271 1419 inde.
1297 1362 1493 1419 Venire
1510 1360 1578 1418 ad
1592 1367 1655 1417 ἰε
1676 1361 1808 1428 vult,

229 1455 408 1521 Deus;
443 1453 721 1510 Dominum
749 1456 920 1525 ipsum
944 1452 1221 1510 Gtt-istum
1244 1452 1405 1509 audi:
1440 1453 1550 1525 Ego
1577 1461 1627 1507 et
1655 1452 1813 1508 Pater

227 1547 480 1603 veniemus
520 1547 592 1601 ad
627 1563 776 1612 eum,
812 1555 865 1601 et
902 1547 1214 1602 unanimem
1249 1548 1387 1617 apud
1425 1561 1537 1601 eum
1572 1546 1814 1619 faciemus

231 1638 411 1709 (Joan.
439 1653 548 1704 xxv,
575 1636 691 1707 25).
716 1637 853 1692 Ecce
871 1637 998 1708 ιιιίά
1018 1637 1287 1717 promittit
1308 1637 1465 1693 Deus.
1492 1636 1548 1693 Si
1572 1651 1673 1708 ego
1694 1652 1816 1707 pro-

232 1730 497 1789 mitterem
534 1737 816 1783 venturum
846 1744 935 1784 me
969 1730 1025 1783 in
1064 1729 1282 1784 domum
1324 1739 1501 1796 tuam,
1529 1728 1816 1785 mundares

233 1835 354 1877 eam
378 1838 393 1875 :
422 1819 561 1879 Deus
575 1818 636 1873 in
655 1834 754 1874 cor
778 1829 926 1874 tuum
955 1818 1136 1874 venire
1160 1819 1290 1885 vult,
1315 1827 1371 1875 et
1392 1819 1541 1889 piger
1563 1833 1624 1875 es
1642 1818 1693 1874 ei
1721 1818 1816 1874 do-

210 1926 383 1981 ,mum
406 1908 700 1966 mundare?
719 1908 833 1963 Non
859 1918 1002 1963 amat
1023 1910 1263 1965 habitare
1288 1926 1409 1965 cum
1430 1910 1670 1975 auaritia,
1692 1924 1815 1966 cum

236 2000 470 2056 muliere.
487 1999 752 2057 immunda
789 2008 843 2055 et
884 1999 1200 2066 insatiabili,
1246 2000 1330 2055 cui
1360 2008 1417 2055 tu
1449 1996 1655 2070 jubects'
1695 2015 1817 2056 ser-

238 2093 439 2157 vichas,
464 2103 518 2147 et
543 2092 708 2153 Deum
738 2092 918 2148 videre
946 2091 1242 2162 qurrmltas.
1274 2091 1410 2161 Quid
1442 2092 1609 2149 fecisti
1628 2134 1643 2160 ,
1674 2092 1816 2164 quod

239 2186 380 2239 Dens
401 2183 595 2251 jussit?
641 2182 777 2252 Quid
812 2199 916 2237 non
957 2182 1158 2246 fecisti,
1188 2183 1327 2252 quod
1366 2183 1585 2238 avaritia
1623 2182 1820 2253 jussit?

235 2275 372 2344 Quid
400 2275 591 2342 lucidi,
619 2275 758 2344 quod
789 2276 928 2330 Deus
951 2275 1146 2344 jussit?
1174 2274 1286 2345 Ego
1315 2273 1541 2329 ostendo
1562 2275 1690 2344 quid
1721 2275 1819 2328 ha-

239 2366 374 2421 hitet
402 2366 454 2419 in
497 2365 657 2419 corde
685 2374 806 2431 tuo,
851 2365 1048 2434 quivis
1078 2364 1257 2420 videre
1298 2364 1485 2420 Deum.
1526 2363 1641 2419 ιιυο
1670 2364 1818 2419 enim

233 2456 477 2510 dixeram
503 2472 516 2509 :
551 2454 646 2509 Est
669 2454 810 2525 quod
839 2438 1143 2520 ostendere,
1174 2453 1268 2530 sed
1296 2454 1380 2508 cui
1411 2468 1516 2508 non
1542 2462 1641 2509 est.
1669 2454 1836 2523 Quod.

240 2546 384 2601 Deus
403 2544 595 2615 jussit,
623 2544 748 2616 quid
786 2543 997 2600 fecisti?
1037 2543 1190 2612 Quod
1214 2545 1432 2599 avaritia
1456 2543 1650 2614 jussit,
1694 2544 1820 2616 quid

241 2636 530 2691 distulisti?
550 2635 716 2692 Jussit
738 2636 875 2690 Deus
906 2645 961 2689 ut
1002 2635 1198 2690 nudum
1238 2636 1482 2703 vestires,
1510 2624 1775 2691 tremuisti
1805 2655 1819 2690 :

235 2727 398 2796 jussit
422 2726 641 2781 avaritia
675 2734 733 2781 ut
769 2726 1014 2781 vestitum
1062 2727 1386 2796 exspoliares
1409 2766 1425 2791 ,
1471 2726 1733 2783 insanisti.
1765 2726 1823 2782 Si

245 2818 462 2875 fecisses
494 2816 633 2888 quod
668 2818 810 2875 Dens
837 2817 1017 2888 jussit,
1049 2816 1173 2886 quid
1202 2816 1297 2871 tibi
1335 2816 1507 2872 dicam
1533 2859 1549 2883 ,
1601 2817 1825 2873 haberes

244 2909 372 2965 illud
400 2918 451 2964 et
479 2908 648 2964 illud?
676 2906 852 2980 Ipsum
881 2909 1044 2963 Deum
1075 2907 1320 2963 haberes.
1352 2907 1407 2963 Si
1428 2907 1655 2965 fecisses
1682 2908 1822 2979 quod

236 3002 390 3065 Deus
412 3000 590 3071 jussit,
618 3001 781 3056 Deum
811 3000 1059 3055 haberes.
1091 2998 1286 3054 Fecisti
1313 2999 1452 3070 quod
1476 3000 1696 3055 avaritia
1711 2999 1825 3071 jus-

243 3094 350 3161 sit,
379 3093 505 3165 quid
530 3092 734 3149 habes?
756 3092 901 3160 Scin,
927 3092 1165 3147 dicturus
1187 3106 1248 3146 es
1274 3090 1402 3146 mihi
1427 3109 1441 3145 :
1476 3091 1826 3163 llaheoquid-

244 3184 372 3256 quid
418 3184 630 3241 abstuli.
670 3184 814 3254 Ergo
859 3181 1149 3237 auferendo
1184 3181 1373 3238 babes.
1407 3181 1593 3238 .liabes
1629 3182 1823 3251 aliquid

244 3275 383 3347 apud
413 3286 485 3343 te,
516 3275 606 3347 qui
638 3274 914 3346 perdidisti
944 3274 1040 3330 te?
1068 3273 1282 3336 Habeo,
1310 3272 1506 3344 inquis.
1536 3272 1670 3340 Ubi,
1698 3273 1782 3327 ubi
1807 3315 1823 3340 ,

248 3385 378 3441 rugo
408 3368 497 3423 te?
521 3366 680 3423 Certe
702 3374 797 3421 aut
823 3366 874 3422 in
901 3366 1168 3431 cubiculo,
1198 3373 1290 3420 aut
1312 3365 1363 3420 in
1388 3366 1635 3433 saceello,
1663 3376 1751 3421 aut
1773 3366 1825 3421 in

246 3475 368 3515 arca
396 3477 414 3516 ;
458 3459 580 3514 nolo
606 3459 832 3529 amplius
857 3457 1054 3514 dicere.
1090 3456 1419 3528 Ubicumque
1448 3456 1639 3522 habes,
1672 3457 1828 3514 modo

246 3561 395 3606 certe
424 3559 596 3606 tecum
637 3565 744 3605 non
774 3548 958 3619 babes,
999 3548 1156 3605 Certe
1195 3548 1356 3604 modo
1398 3550 1601 3619 cogitas
1632 3551 1684 3604 in
1707 3566 1828 3603 arua

249 3652 303 3697 te
329 3641 526 3697 habere
553 3659 568 3695 :
612 3640 749 3705 forte
779 3639 966 3715 periit,
1010 3648 1067 3696 et
1092 3640 1295 3704 nescis;
1328 3639 1464 3695 forte
1500 3654 1620 3695 cum
1650 3640 1828 3704 redis,

250 3749 358 3789 non
385 3732 591 3789 iuvenis
614 3731 754 3804 quod
777 3731 1047 3787 dimisisti.
1072 3731 1175 3784 Cor
1200 3739 1346 3786 tuum
1369 3746 1550 3800 quaero
1575 3749 1588 3784 :
1617 3730 1687 3785 ibi
1708 3730 1832 3801 quid

253 3823 473 3889 habeas,
507 3823 795 3894 interrogo.
829 3819 970 3877 Ecce
995 3820 1223 3889 implesti
1251 3833 1430 3875 arcam
1458 3829 1620 3886 luant,
1648 3831 1703 3876 et
1729 3822 1835 3876 fre-

248 3916 375 3987 gisti
417 3914 798 3972 conscientiam
842 3921 1007 3968 tttam.
1061 3910 1190 3967 Vide
1233 3910 1486 3981 plenum:
1530 3911 1675 3967 disce
1716 3929 1836 3970 esse

244 4010 464 4081 plenus.
508 4006 756 4065 Dominus
792 4006 963 4072 dedit,
1007 4003 1256 4059 Dominus
1279 4004 1484 4059 abstulit
1503 4020 1523 4069 ;
1559 4007 1684 4060 sicut
1724 4005 1837 4060 Do-

255 4092 393 4156 mino
416 4102 614 4172 ,placuit
633 4143 647 4168 ,
689 4102 759 4155 ita
784 4100 977 4169 factum
1004 4108 1077 4153 est
1103 4113 1124 4153 :
1160 4098 1225 4152 sit
1252 4114 1430 4152 nomen
1456 4097 1663 4156 Domini
1684 4098 1837 4152 bene-

180 4222 187 4227 -
256 4196 449 4247 dictum
488 4190 609 4264 (Job
636 4208 684 4259 ι,
714 4189 830 4263 2t).
860 4189 1062 4259 Nempe
1100 4188 1279 4245 omnia
1319 4187 1640 4259 perdiderat.
1684 4186 1842 4244 Unde

255 4302 389 4356 ergo
418 4286 545 4339 istas
567 4297 807 4354 gemmas
833 4280 1006 4336 laudis
1033 4280 1260 4335 Domino
1291 4277 1627 4349 proferebat?

330 4374 558 4431 CAPUT
586 4372 675 4429 Vl.
692 4372 830 4428 -——6.
857 4370 1098 4427 Tenebraz
1124 4371 1421 4438 cupiditates
1447 4380 1493 4427 et
1512 4388 1665 4440 opera
1686 4371 1839 4425 mala.
1870 4368 1875 4375 “

259 4468 457 4527 Munda
487 4482 614 4537 ergo
641 4481 768 4532 cor,
797 4472 1048 4536 quantum
1077 4474 1227 4535 potes
1249 4481 1266 4519 :
1287 4462 1347 4519 id
1375 4477 1492 4533 age,
1519 4463 1570 4517 id
1596 4477 1841 4533 operare.

268 4564 334 4617 lLt
361 4550 421 4617 ut
444 4560 534 4615 ille
564 4558 783 4614 inundet
808 4557 893 4612 ubi
912 4565 1166 4622 maneat,
1196 4571 1342 4627 roga,
1375 4556 1642 4626 supplica,
1666 4555 1846 4610 inuni-

260 4657 421 4710 liare.
453 4652 567 4709 Non
597 4652 764 4721 capis,
796 4670 815 4703 ι
843 4649 901 4705 in
930 4649 1189 4720 principio
1216 4657 1331 4704 erat
1358 4648 1611 4716 Verbum,
1635 4657 1691 4704 et
1715 4648 1849 4704 Ver-

262 4750 394 4805 bum
421 4757 534 4803 erat
557 4745 697 4817 apud
718 4745 909 4812 Deum,
937 4752 992 4800 et
1016 4744 1158 4799 Deus
1177 4752 1290 4799 erat
1315 4742 1543 4798 Verbum
1569 4759 1583 4795 :
1613 4742 1715 4798 hoc
1736 4749 1849 4797 erat

266 4843 323 4898 in
355 4839 614 4911 principio
638 4837 777 4908 apud
804 4837 993 4895 Deum.
1021 4836 1206 4890 Omnia
1226 4850 1328 4905 ,per
1353 4834 1525 4903 ipsum
1548 4834 1682 4889 facta
1703 4843 1846 4899 sunt,

267 4942 327 4988 et
350 4933 470 4987 sine
497 4931 610 5000 ipso
634 4928 825 4984 factum
855 4935 937 4983 est
960 4926 1114 4990 nihil,
1144 4925 1286 4994 quod
1307 4923 1502 4979 factum
1523 4933 1627 4983 est.
1659 4925 1709 4980 In
1738 4925 1851 4995 ipso

269 5026 378 5079 vita
405 5032 520 5079 erat
544 5039 559 5087 ;
587 5030 643 5077 et
681 5021 786 5074 vita
813 5027 927 5075 erat
952 5020 1039 5074 lux
1073 5018 1345 5073 hominum
1371 5036 1385 5072 :
1428 5027 1481 5072 et
1507 5018 1593 5072 lux
1622 5022 1672 5072 in
1703 5029 1852 5083 tene-

272 5118 388 5173 hris
415 5116 588 5181 lucet,
616 5124 671 5167 et
699 5112 929 5168 tenebrae
965 5127 1083 5166 cam
1109 5126 1214 5166 non
1255 5108 1794 5178 comprehenderunt.
1830 5128 1850 5162 ι

274 5211 417 5264 Ecce
441 5222 605 5278 quare
644 5220 749 5261 non
787 5205 950 5275 capis.
984 5202 1101 5258 Lua:
1121 5203 1174 5257 in
1200 5202 1408 5256 tenebris
1451 5202 1610 5266 lucet,
1643 5210 1689 5256 et
1717 5211 1855 5255 tene-

271 5299 383 5355 brts
407 5315 518 5353 eam
536 5313 637 5353 non
660 5295 1160 5367 comprehenderunt.
1183 5295 1311 5361 Qua:
1328 5303 1457 5348 sunt
1482 5293 1734 5358 tenebrat,
1756 5295 1857 5348 nisi

274 5405 442 5461 npera
462 5389 638 5444 mala?
657 5388 785 5458 Qua:
804 5395 922 5443 sunt
948 5386 1199 5453 tenebraa,
1225 5385 1322 5439 nisi
1344 5383 1659 5455 cupiditates
1682 5384 1854 5449 mahe,

275 5482 560 5553 superbia,
594 5480 845 5546 avaritia,
890 5479 1140 5545 ambitio,
1193 5477 1519 5533 invidentia?
1546 5477 1732 5533 Omnia
1762 5478 1858 5532 ista

278 5573 519 5630 tenebrae
539 5581 700 5628 sunt:
728 5571 850 5627 ideo
877 5585 980 5624 non
1002 5568 1427 5641 compreltcndis.
1456 5569 1586 5623 Nam
1610 5569 1699 5624 lux
1722 5570 1862 5626 lucet

278 5664 336 5720 in
370 5663 639 5719 tenebris:
671 5660 764 5719 sed
788 5661 853 5716 da
880 5660 970 5731 qui
998 5659 1434 5731 comprehendat.

357 5758 410 5810 7.
452 5753 591 5811 Deus
629 5755 776 5808 homo
804 5755 968 5824 factus
995 5763 1159 5807 manet
1194 5768 1389 5821 semper
1416 5750 1570 5806 Deus.
1605 5751 1718 5806 Una
1745 5770 1862 5822 per-

282 5864 411 5906 sona
442 5846 578 5902 Deus
602 5855 647 5902 et
673 5846 820 5906 homo
846 5849 896 5901 in
924 5843 1139 5900 Christo.
1173 5843 1302 5900 Vide
1333 5857 1478 5913 ergo,
1508 5858 1575 5899 ne
1602 5842 1735 5899 forte
1764 5842 1862 5899 huc

1587 416 1819 478 δειωο
1855 415 2073 476 CCLXI.

2586 339 2709 361 ’γιονι

3350 427 3512 485 ηοω

1907 528 2405 606 quomodocumque
2423 535 2595 605 possis
2615 535 2854 609 accipere
2878 557 2889 592 :
2926 537 3139 594 Verbum
3163 558 3282 596 caro
3302 548 3493 615 factum

1907 631 2010 689 est,
2045 632 2092 678 et
2118 624 2356 681 habitauit
2401 627 2454 682 in
2498 628 2638 686 nobis
2673 628 2850 702 (Joan.
2878 647 2925 697 ι,
2963 630 3275 704 1-14).Ῥθι’
3317 635 3492 692 homi-

1908 728 2030 768 nem
2054 712 2321 771 Christum
2354 717 2527 773 tendis
2554 718 2619 773 ad
2649 720 2814 775 Deum
2839 720 3129 778 Christum.
3159 722 3377 780 Multum
3409 735 3506 783 est.

1907 805 2053 862 adte
2091 806 2266 863 Deus:
2314 808 2409 864 sed
2440 808 2599 866 homo
2640 810 2810 868 factus
2834 824 2917 869 est
2953 813 3112 868 Deus.
3161 814 3313 883 Quod
3339 816 3492 888 longe

1904 909 2023 954 erat
2050 914 2081 954 a
2109 908 2179 964 te,
2212 917 2304 971 per
2330 901 2599 958 hominem
2628 902 2824 960 factum
2852 914 2932 961 est
2956 906 3104 976 juxta
3133 917 3205 963 te.
3243 908 3343 964 ['bi
3375 926 3497 964 ma—

1910 1005 2059 1059 neas,
2090 992 2231 1047 Deus
2255 1002 2372 1048 est:
2419 1009 2521 1065 qua
2561 1009 2683 1060 eas,
2713 994 2875 1051 homo
2900 1007 3000 1057 est,
3030 996 3174 1053 Idem
3204 998 3315 1068 ipse
3339 998 3499 1057 Chri-

1910 1091 2058 1152 stus,
2101 1093 2155 1140 et
2182 1102 2280 1156 qua
2309 1102 2431 1154 eas,
2472 1097 2526 1143 et
2552 1103 2659 1158 quo
2685 1104 2795 1144 eas.
2828 1089 2945 1160 Ipse
2967 1105 3094 1162 ergo
3130 1089 3345 1146 Verbum
3377 1110 3496 1148 caro

1911 1176 2104 1248 factum
2139 1186 2213 1231 est
2231 1219 2246 1243 ,
2274 1186 2323 1232 et
2344 1177 2583 1233 habitavit
2621 1180 2674 1233 in
2700 1180 2861 1236 nobis.
2894 1182 3199 1252 Assumpsit
3225 1183 3366 1255 quod
3390 1201 3496 1240 non

1911 1273 2055 1332 erat,
2078 1281 2184 1322 non
2205 1265 2383 1324 amisit
2409 1268 2550 1339 quod
2570 1278 2701 1325 erat.
2734 1272 3037 1342 Apparebat
3062 1271 3252 1339 homo,
3281 1285 3335 1330 et
3364 1274 3497 1330 late—

1912 1355 2004 1413 bat
2031 1358 2188 1414 Deus.
2231 1358 2451 1417 Occisus
2477 1360 2782 1430 cst'homo,
2815 1371 2871 1418 et
2910 1362 3145 1420 oﬂ‘ensus
3192 1375 3274 1421 est
3309 1366 3452 1422 Deus
3483 1383 3494 1417 :

1915 1448 2013 1506 sed
2042 1451 2337 1507 resurrexit
2383 1452 2580 1533 homo,
2625 1462 2681 1510 et
2707 1453 2952 1510 inventus
2986 1464 3068 1510 est
3110 1455 3267 1512 Deus.
3313 1454 3497 1528 Cogita

1914 1555 2043 1613 ergo
2064 1550 2257 1613 quanta
2280 1542 2406 1600 fecit
2427 1553 2486 1598 ut
2510 1543 2669 1611 Deus,
2699 1556 2893 1615 quanta
2922 1560 3109 1615 passus
3129 1555 3211 1602 est
3236 1556 3292 1601 ut
3315 1547 3497 1603 homo.

1915 1632 2136 1690 Occisus
2156 1643 2264 1703 cst,
2294 1633 2388 1690 sed
2411 1652 2515 1691 non
2538 1636 2590 1691 in
2611 1635 2886 1692 divinitate
2911 1655 2923 1693 :
2955 1638 3069 1707 ipse
3089 1636 3334 1694 Christus
3357 1636 3505 1695 oeci?

1916 1739 2010 1781 sus
2046 1734 2153 1781 est.
2179 1725 2294 1781 Non
2322 1725 2466 1782 enim
2504 1726 2639 1794 duo,
2684 1728 2823 1783 Deus
2853 1736 2904 1783 et
2942 1727 3139 1794 homo;
3175 1737 3231 1784 ut
3251 1728 3360 1798 jam
3392 1745 3498 1784 non

1917 1817 2173 1874 iaciamus
2202 1818 2285 1875 vel
2325 1819 2631 1875 noverimus
2658 1818 2973 1875 Trinitatem
2994 1862 3007 1884 ,
3039 1821 3133 1877 sed
3175 1822 3502 1891 quaternita-

1919 1917 2048 1966 tem.
2078 1908 2251 1966 Homo
2284 1909 2503 1981 quidem
2534 1910 2696 1967 homo
2715 1954 2730 1976 ,
2764 1923 2818 1967 et
2838 1913 2984 1967 Deus
3026 1913 3205 1979 Deus;
3235 1912 3329 1967 sed
3361 1922 3503 1968 totus

1918 2000 2164 2057 Christus
2192 1999 2354 2057 homo
2377 2008 2432 2057 et
2468 2000 2645 2058 Deus:
2688 2001 2805 2072 ipse
2830 2014 2958 2075 ergo
2986 2002 3227 2059 Christus
3256 2005 3418 2059 homo
3448 2014 3502 2059 et

1917 2092 2078 2149 Deus.
2108 2092 2389 2162 Quomodo
2418 2102 2473 2149 tu
2491 2093 2653 2150 homo
2677 2109 2871 2165 corpus
2898 2103 2952 2150 et
2980 2096 3187 2152 animus
3212 2114 3225 2150 :
3258 2096 3336 2152 sic
3364 2105 3505 2152 totus

1918 2185 2161 2242 Christus
2198 2184 2361 2241 homo
2385 2195 2442 2242 et
2478 2186 2633 2242 Deus.
2660 2187 2799 2258 Ergo
2842 2196 2984 2242 totus
3022 2187 3294 2251 Christus,
3335 2203 3460 2269 caro
3487 2230 3502 2253 ,

1919 2276 2130 2341 anima,
2163 2283 2217 2329 et
2244 2275 2405 2330 Deus.
2460 2300 2468 2321 ν

1992 2363 2218 2420 CAPUT
2256 2363 2621 2421 Vll.—ldem
2666 2366 2780 2436 ipse
2819 2367 3013 2438 aliquid
3055 2366 3215 2432 dicit,
3257 2368 3397 2439 quod
3440 2369 3506 2422 ad

1925 2458 2093 2514 Deum
2117 2457 2382 2528 pertinet;
2410 2457 2609 2529 aliquid
2637 2457 2797 2524 dicit,
2825 2459 2966 2530 quod
2993 2459 3060 2514 ad
3086 2460 3317 2515 animam
3346 2461 3508 2530 perti-

1923 2558 2045 2616 net;
2075 2549 2271 2621 aliqnid
2311 2550 2468 2616 dicit,
2507 2550 2649 2621 quod
2687 2550 2755 2605 ad
2782 2565 2995 2606 carnem
3037 2552 3301 2622 pertinet:
3341 2561 3535 2607 totum‘

1920 2640 1990 2696 ad
2014 2640 2281 2696 Christum
2308 2641 2552 2712 pertinet.
2579 2640 2714 2711 Quid
2740 2642 2867 2698 dicit
2898 2652 2954 2697 ut
2978 2642 3156 2698 Deus?
3181 2642 3328 2699 Sicut
3355 2642 3510 2697 Pater

1920 2732 2071 2787 utibet
2098 2733 2249 2786 vitam
2277 2734 2328 2786 in
2373 2733 2638 2803 semetipso
2658 2774 2672 2798 ,
2700 2732 2772 2787 sic
2810 2732 2948 2788 dedit
2977 2730 3115 2788 Filio
3139 2732 3321 2789 habere
3360 2735 3511 2788 vitam

1924 2825 1979 2879 in
2016 2825 2299 2895 semetipso.
2338 2825 2674 2894 Quaecumque
2722 2824 2878 2879 Pater
2913 2825 3036 2897 facit
3057 2869 3072 2892 ,
3104 2827 3211 2881 lucc
3251 2826 3427 2880 eadem
3465 2836 3512 2880 et

1928 2913 2094 2968 Filius
2114 2913 2234 2983 facit
2268 2913 2496 2969 similiter
2521 2914 2628 2984 (Id.
2653 2930 2704 2981 ν,
2725 2912 2816 2981 ΞΘ,
2842 2914 2955 2985 i9).
2979 2914 3087 2987 Ego
3115 2925 3162 2970 et
3186 2915 3339 2970 Pater
3358 2933 3515 2970 unum

1924 3021 2098 3060 sumus
2129 3004 2237 3073 (Id.
2261 3021 2324 3072 κ,
2354 3006 2465 3077 50).
2496 3005 2632 3074 Quid
2662 3005 2791 3061 dicit
2818 3006 3058 3062 Christus
3085 3007 3374 3063 secundum
3401 3009 3512 3062 ani-

1928 3114 2067 3155 mam
2101 3099 2290 3153 suam?
2318 3098 2496 3153 Tristis
2537 3107 2611 3153 est
2643 3099 2814 3153 anima
2856 3114 2967 3151 mea
3004 3114 3160 3169 usque
3192 3097 3261 3152 ad
3304 3108 3515 3153 mortem

1928 3188 2141 3260 (Matth.
2171 3204 2300 3243 xxv:
2319 3231 2333 3253 ,
2361 3186 2474 3261 58).
2501 3188 2640 3256 Quid
2666 3188 2796 3243 dicit
2816 3187 3061 3244 Christus
3086 3169 3378 3245 secundum
3401 3205 3519 3244 car-

1930 3279 2091 3336 nem?
2122 3279 2312 3335 Solvite
2335 3280 2579 3349 templum
2604 3280 2717 3344 hoc,
2749 3288 2794 3334 et
2827 3280 2880 3334 in
2908 3281 3075 3335 triduo
3102 3279 3352 3335 suscitabo
3388 3279 3519 3333 illud

1929 3371 2109 3444 (Idan.
2155 3387 2190 3426 tt
2211 3413 2224 3434 ,
2258 3371 2367 3440 19).
2400 3370 2621 3440 Palpate
2643 3380 2691 3425 et
2716 3370 2910 3438 videte,
2937 3372 3057 3440 quia
3081 3371 3287 3440 spiritus
3315 3385 3518 3424 carnem

1929 3472 1978 3516 et
2003 3479 2117 3515 ossa
2163 3477 2262 3514 non
2294 3461 2440 3514 habet
2459 3501 2474 3524 ,
2509 3462 2637 3514 sicut
2664 3477 2742 3514 me
2766 3459 2941 3514 videtis
2966 3459 3149 3513 habere
3192 3458 3343 3530 (Luc.
3373 3476 3516 3524 xstv,

1933 3552 2045 3623 59).
2073 3552 2200 3606 Hauc
2222 3559 2345 3605 sunt
2366 3551 2606 3605 thesauri
2635 3551 2907 3619 sapientiae
2935 3558 2987 3604 et
3010 3550 3269 3606 scientiae.

2004 3640 2228 3697 CAPUT
2273 3640 2402 3695 Vill.
2430 3670 2502 3679 —
2522 3643 2574 3696 8.
2607 3640 2921 3710 Preceptum
2950 3650 3215 3710 utrumque
3241 3640 3520 3696 dilectionis

1936 3748 2054 3802 erga
2074 3731 2325 3786 Christum
2346 3730 2600 3799 impletur.
2630 3730 2789 3784 Certe
2820 3738 2923 3784 tota
2952 3729 3058 3785 Lex
3080 3730 3134 3784 in
3157 3730 3364 3786 duobus
3390 3746 3523 3800 prac-

1938 3824 2103 3894 ccptis
2138 3823 2349 3893 pendet.
2398 3820 2588 3892 Diliges
2631 3819 2900 3875 Dominum
2943 3819 3109 3875 Deum
3150 3830 3291 3876 tuum
3326 3837 3391 3876 ea:
3422 3831 3522 3875 toto

1938 3916 2088 3971 corde
2115 3903 2199 3975 tuo
2220 3956 2233 3980 ,
2262 3923 2307 3968 et
2333 3929 2397 3968 ex
2418 3923 2521 3966 tota
2540 3913 2710 3966 anima
2748 3920 2835 3965 tua
2854 3951 2870 3977 ,
2902 3921 2948 3965 et
2973 3926 3035 3966 ex
3077 3920 3182 3965 tota
3208 3920 3371 3965 mente
3396 3920 3523 3975 tua;

1941 4017 1986 4062 et
2015 4007 2194 4078 diliges
2233 4006 2519 4077 proxitttunt
2560 4015 2700 4057 tuum
2736 4012 2975 4073 tanquam
3017 4012 3065 4058 te
3103 4002 3290 4074 ipsum.
3337 4001 3403 4056 In
3448 4003 3526 4056 Itis

1943 4100 2135 4154 duobus
2166 4098 2425 4170 praceptis
2454 4108 2556 4151 tota
2584 4095 2690 4150 Lex
2717 4095 2897 4166 pendet
2932 4105 2977 4150 et
3009 4095 3282 4166 Prop/tcta.-
3310 4093 3525 4168 (Matth.

1946 4209 2061 4248 χχιι
2083 4234 2098 4259 ,
2127 4194 2328 4261 57-40).
2362 4191 2417 4246 lu
2444 4192 2656 4248 Christo
2681 4192 2845 4247 habes
2876 4200 3061 4246 totum.
3091 4191 3253 4246 Deum
3282 4199 3428 4245 tuum
3451 4190 3530 4245 vis

1945 4281 2202 4350 diligere?
2229 4281 2402 4337 Habes
2432 4281 2482 4335 in
2504 4281 2754 4336 Christo:
2786 4280 2852 4336 In
2880 4281 3129 4353 principio
3149 4290 3255 4336 erat
3293 4280 3527 4343 Verbum,

1945 4381 1994 4428 et
2042 4371 2261 4426 Verbum
2299 4381 2403 4425 erat
2431 4370 2571 4442 apud
2613 4371 2811 4439 Deum,
2857 4382 2904 4426 ct
2949 4370 3086 4426 Deus
3132 4380 3243 4447 erat
3294 4368 3527 4426 Verbum.

1947 4464 2254 4519 Proximum
2297 4463 2378 4518 vis
2406 4462 2662 4534 diligere?
2704 4463 2878 4519 Habes
2918 4464 2972 4519 in
3015 4464 3263 4520 Christo:
3318 4461 3533 4517 Verbum

1950 4575 2068 4613 caro
2097 4562 2286 4629 factum
2308 4568 2412 4626 est,
2444 4569 2488 4612 et
2514 4558 2758 4612 habitavit
2786 4558 2839 4612 in
2869 4559 3031 4612 nobis.

2021 4648 2246 4704 CAPUT
2286 4649 2377 4705 ιχ.
2400 4680 2468 4691 -
2491 4650 2546 4706 9.
2583 4648 2728 4704 Bona
2777 4666 2930 4720 apera
2974 4648 3359 4721 frequentanda.
3403 4647 3534 4703 Pec-

1953 4748 2097 4805 cata,
2139 4751 2319 4810 prater
2359 4741 2606 4807 crimina,
2637 4749 2752 4795 sunt
2784 4742 2888 4794 alia
2926 4742 3142 4794 minora.
3183 4740 3398 4795 Mundct
3439 4753 3540 4793 nos

1952 4832 2121 4902 gratia
2147 4846 2243 4885 sua
2276 4849 2291 4886 :
2336 4832 2554 4886 mundet
2597 4846 2695 4886 nos
2733 4831 3253 4900 opitulationibuset
3289 4827 3535 4883 consola-

1957 4925 2189 4981 tionibus
2216 4923 2346 4978 suis.
2379 4923 2590 4977 Fratres
2614 4923 2738 4987 mci,
2766 4937 2862 4992 per
2884 4923 3059 4993 ipsum
3084 4930 3138 4977 et
3166 4922 3223 4974 in
3242 4921 3356 4989 ipso
3384 4919 3542 4973 obse-

1958 5030 2051 5070 cro
2079 5029 2193 5081 vos,
2219 5015 2269 5067 in
2299 5014 2455 5068 bonis
2474 5013 2733 5083 operibus
2749 5013 3048 5079 abundetis,
3077 5012 3130 5066 in
3155 5009 3539 5074 misericordia,

1960 5109 2281 5179 benignitate
2298 5149 2312 5172 ,
2339 5106 2591 5162 bonitate.
2623 5106 2740 5163 Cito
2764 5105 3012 5161 dimittite
3038 5103 3180 5175 quod
3208 5105 3261 5159 in
3288 5118 3383 5158 vos
3414 5117 3542 5173 pec-

1961 5208 2130 5253 catur.
2158 5196 2326 5252 Nemo
2352 5205 2526 5252 teneat
2555 5196 2686 5251 iram
2714 5196 2971 5251 adversus
2989 5194 3171 5259 alium,
3204 5209 3270 5248 ne
3293 5191 3547 5247 interclu-

1963 5293 2053 5347 dat
2080 5292 2178 5347 sibi
2205 5290 2496 5347 orationem
2528 5289 2593 5345 ad
2626 5291 2812 5346 Deum.
2841 5289 2965 5345 llaec
2992 5288 3133 5344 enim
3165 5287 3340 5342 omnia
3361 5328 3379 5354 ,
3422 5286 3543 5356 quia

1967 5385 2017 5439 in
2049 5385 2149 5439 hoc
2176 5383 2374 5439 saeculo
2401 5397 2601 5448 sumus,
2629 5381 2753 5453 quia
2776 5381 2874 5436 etsi
2902 5379 3230 5451 proﬁcimus,
3261 5376 3361 5432 etsi
3403 5375 3546 5446 juste

1966 5476 2219 5539 vivimus,
2261 5477 2377 5529 sine
2420 5484 2635 5544 peccato
2665 5472 2752 5528 hic
2800 5487 2904 5528 non
2953 5472 3195 5537 vivimus.
3241 5467 3357 5524 Non
3402 5466 3546 5523 enim

1970 5575 2182 5636 peccata
2209 5566 2321 5620 sola
2352 5574 2475 5619 sunt
2500 5564 2586 5619 illa
2613 5578 2731 5633 qua:
2758 5562 2980 5617 crimina
3006 5560 3367 5620 nominantur,
3395 5556 3547 5611 adul-

1971 5659 2098 5712 teria
2121 5698 2135 5721 ,
2166 5654 2572 5718 fornicationes,
2605 5654 2877 5725 sacrilegia
2897 5696 2911 5719 ,
2942 5652 3076 5707 furta
3099 5692 3115 5719 ,
3145 5652 3347 5720 rapinae
3372 5692 3387 5715 ,
3421 5650 3547 5703 falsa

1972 5751 2319 5805 testimonia:
2366 5765 2468 5805 non
2516 5750 2627 5819 ipsa
2671 5748 2784 5803 sola
2831 5756 3044 5817 peccata
3075 5754 3215 5800 sunt.
3263 5743 3549 5800 Attctnlere

1975 5840 2171 5910 aliquid
2199 5840 2338 5910 quod
2366 5856 2468 5898 non
2494 5838 2748 5906 debebas,
2775 5828 3049 5909 peccatum
3078 5847 3195 5893 est:
3243 5835 3426 5892 audire
3458 5834 3551 5890 ali-
