3926 6188
383 361 522 428 £207

383 482 511 552 quid
550 480 798 542 libenter,
839 476 981 548 quod
1022 474 1342 535 audiendum
1385 493 1493 531 non
1530 475 1647 539 fuit,
1690 486 1963 546 peccatum

383 581 467 627 est
494 590 508 626 :
548 570 781 641 cogitare
805 567 1026 640 aliquid,
1054 568 1195 640 quod
1220 582 1322 623 non
1347 567 1443 622 fuit
1466 567 1820 638 cogitandum,
1843 583 1969 638 pec-

382 673 556 717 cntum
582 671 684 717 est.

452 750 676 808 CAPUT
713 748 781 804 Χ.
803 781 876 790 -
893 749 978 806 ιο.
1018 747 1262 806 Remedia
1280 750 1594 824 quotidiana.
1625 750 1833 806 Minoru
1853 769 1968 822 pec—

382 857 495 901 cata
524 846 844 902 multitudine
869 848 1107 903 obruunt.
1148 847 1256 904 Sed
1299 846 1447 903 dedit
1491 847 1746 901 Dominus
1788 857 1970 901 noster

383 950 502 1009 post
522 939 652 995 illud
674 940 940 1014 lavacrum
960 939 1391 1012 regenerationis
1412 939 1515 994 alia
1544 938 1851 1010 quotidiana
1879 954 1968 994 re—

381 1030 575 1086 media.
602 1031 916 1100 Quotidiana
947 1043 1127 1089 nostra
1156 1031 1452 1098 mundatio,
1471 1029 1746 1087 Dominica
1776 1029 1966 1084 oratio.

386 1123 649 1187 Dicamus,
677 1133 731 1178 et
757 1139 940 1178 verum
968 1123 1232 1189 dicamus,
1258 1122 1382 1192 quia
1408 1132 1461 1176 et
1490 1122 1602 1192 ipsa
1628 1120 1968 1192 cleemosyna

379 1221 463 1267 est
493 1230 506 1267 :
539 1211 747 1268 Dimitte
783 1214 926 1269 nobis
954 1214 1121 1269 debita
1149 1225 1343 1280 nostra,
1384 1214 1514 1269 sicut
1551 1223 1598 1268 et
1625 1229 1720 1268 nos
1757 1210 1969 1267 dimitti-

383 1322 492 1359 mus
521 1305 824 1361 debitoribus
866 1307 1048 1362 nostris
1076 1304 1291 1378 (Matth.
1335 1321 1406 1369 vl,
1458 1302 1570 1375 12).
1602 1302 1732 1358 Date
1759 1303 1971 1359 elemo-

380 1413 552 1469 synas,
580 1406 625 1451 et
650 1398 820 1453 omnia
849 1397 1038 1451 munda
1080 1405 1195 1451 sunt
1224 1396 1358 1451 vobis
1397 1394 1544 1468 (Luc.
1586 1412 1661 1461 ιι,
1693 1391 1806 1468 bl).
1856 1394 1971 1449 Mc—

384 1497 636 1557 menlotc,
680 1488 892 1555 fratres,
924 1490 991 1545 ad
1019 1489 1299 1545 dexteram
1328 1488 1546 1544 staturis
1572 1487 1697 1557 quid
1735 1487 1972 1542 dicturus

382 1592 482 1634 est.
508 1579 623 1635 Non
647 1581 805 1648 dicet,
829 1582 920 1637 Illa
941 1591 994 1639 et
1020 1582 1108 1637 illa
1129 1597 1319 1653 magna
1337 1580 1536 1636 fecistis
1564 1598 1578 1635 :
1602 1579 1717 1648 sed,
1744 1579 1969 1646 Esuriri,

381 1684 425 1726 et
452 1672 659 1729 dedistis
699 1674 819 1728 mihi
850 1673 1178 1729 manducare.
1208 1673 1290 1729 Ad
1318 1673 1590 1729 sinistram
1620 1671 1838 1727 staturis
1866 1688 1970 1726 non

382 1775 464 1820 est
487 1754 746 1833 dicturus,
780 1767 872 1822 llla
900 1776 954 1824 et
974 1767 1061 1822 illa
1089 1766 1227 1821 mala
1257 1764 1454 1821 fecistis
1484 1783 1497 1819 :
1527 1764 1643 1832 sed,
1674 1762 1897 1830 Esurivt',
1925 1772 1972 1817 et

320 1855 322 1858 ’
382 1873 483 1909 non
510 1857 717 1911 dedistis
745 1858 869 1912 mihi
895 1856 1205 1912 manducare
1228 1855 1440 1928 (Matth.
1474 1871 1596 1923 xxv,
1628 1856 1720 1921 55,
1747 1852 1861 1925 49.).
1891 1851 1971 1909 llli

385 1965 481 2016 pro
508 1948 870 2020 eleemosyna,
904 1948 957 2002 in
983 1947 1144 2004 vitam
1171 1956 1426 2002 aeternam
1460 1964 1473 1999 :
1505 1945 1591 2001 isti
1622 1952 1837 2015 prepter
1863 1952 1972 2000 ste.

386 2040 658 2106 vilitatem,
686 2040 737 2095 in
766 2039 943 2111 ignem
984 2048 1263 2095 arternum.
1309 2037 1464 2093 Modo
1485 2038 1665 2109 eligite
1708 2045 1801 2091 aut
1840 2036 1973 2091 dex-

386 2141 519 2187 tram
549 2139 641 2185 aut
664 2131 954 2209 sinistram.
981 2129 1121 2187 Nam
1151 2145 1282 2202 rogo
1312 2145 1426 2195 vos,
1457 2145 1617 2201 quam
1646 2129 1844 2185 habere
1874 2145 1971 2199 po—

387 2222 507 2277 terit
535 2237 683 2293 spem
728 2222 914 2277 salutis
945 2222 1092 2293 piger
1135 2221 1186 2276 in
1218 2221 1490 2289 remediis,
1520 2221 1712 2276 creber
1743 2221 1793 2274 in
1826 2235 1973 2276 mor-

388 2314 467 2371 bis
485 2316 510 2374 ἲ

455 2405 679 2463 CAPUT
703 2404 983 2462 XL—Sed
1011 2405 1155 2477 parvi
1188 2403 1358 2459 morbi
1380 2404 1536 2459 sunt?
1560 2401 1821 2473 Congerie
1849 2418 1973 2472 pre-
2050 2459 2060 2469 ,

387 2509 556 2556 munt.
604 2498 805 2553 Minora
854 2506 1069 2568 peccata
1120 2506 1246 2552 sunt
1292 2511 1413 2568 qua:
1442 2494 1634 2551 habeo.
1688 2494 1802 2550 Non
1850 2502 1976 2549 sunt

388 2590 589 2644 multa?
617 2588 750 2645 Nam
779 2587 1049 2660 quomodo
1094 2589 1300 2642 minora
1338 2598 1484 2654 sunt,
1516 2602 1635 2656 qua:
1682 2594 1929 2657 premunt
1955 2627 1971 2654 ,

386 2680 617 2736 obruunt
650 2699 664 2736 :
694 2681 823 2753 quid
844 2681 1099 2737 minutius
1147 2679 1338 2752 pluvia:
1374 2679 1578 2750 guttis?
1602 2678 1845 2738 Flumina
1876 2679 1975 2734 im-

390 2774 551 2843 plent.
596 2774 733 2844 Quid
761 2773 1015 2831 minutius
1038 2773 1219 2846 granis
1254 2772 1412 2829 tritici
1433 2775 1458 2825 Ἰ
1485 2771 1689 2828 llorrea
1729 2772 1970 2842 implent.

387 2866 467 2926 Ἰἰι
505 2868 734 2922 attendis
759 2867 881 2937 quia
924 2866 1128 2921 minora
1152 2874 1297 2928 sunt,
1339 2875 1394 2920 et
1436 2879 1540 2920 non
1583 2864 1816 2920 attendis
1851 2863 1974 2934 quia

389 2959 549 3012 multa
598 2967 740 3013 sunt.
774 2957 1065 3033 Attcndcre
1112 2955 1254 3012 nosti
1282 2975 1295 3012 :
1323 2971 1567 3023 numera,
1598 2956 1642 3010 si
1667 2965 1838 3029 potes.
1868 2957 1975 3013 Sed

392 3047 545 3117 plane
571 3048 935 3120 quotidianum
961 3048 1251 3105 remedium
1289 3047 1438 3104 dedit
1467 3048 1624 3103 Deus.

459 3139 684 3196 CAPUT
722 3138 1014 3206 Xll.—ll.
1054 3138 1346 3199 Conclusio.
1388 3138 1573 3209 Magna
1606 3138 1971 3194 misericordia

313 3230 321 3238 “
387 3232 504 3297 ejus
530 3231 620 3301 qui
666 3230 891 3285 ascendit
934 3231 986 3284 in
1023 3230 1202 3298 altum,
1234 3238 1282 3285 et
1306 3229 1573 3301 captivarit
1614 3230 1971 3300 captivitatem.

387 3324 522 3393 Quid
549 3333 652 3391 est,
682 3323 947 3394 captivavit
969 3323 1349 3393 captivitatem?
1374 3321 1578 3377 Occidit
1594 3330 1842 3376 mortem.
1875 3322 1974 3378 Ca-

388 3416 600 3484 ptivitas
624 3416 829 3486 captiva
849 3424 962 3470 est:
988 3429 1132 3469 mors
1154 3423 1358 3469 mortua
1381 3414 1481 3469 est.
1515 3413 1651 3483 Quid
1672 3415 1840 3484 ergo?
1862 3414 1975 3474 lloe

387 3508 558 3561 solum
591 3507 715 3563 fecit
737 3507 825 3578 qui
850 3506 1074 3562 ascendit
1102 3506 1154 3561 in
1177 3507 1360 3571 altum,
1399 3515 1446 3561 et
1466 3506 1731 3579 captivavit
1759 3506 1971 3576 captivi-

387 3610 536 3655 tatem
551 3601 576 3653 ζ)
602 3600 738 3669 Ergo
757 3598 959 3654 dimisit
986 3598 1121 3653 nos?
1154 3597 1283 3652 Ecce
1299 3615 1389 3667 ego
1416 3600 1663 3653 vobiscum
1684 3614 1795 3654 sum
1821 3616 1975 3669 usque

387 3694 437 3744 in
471 3692 951 3746 consummationem
994 3690 1167 3745 δαείηιὶ
1206 3688 1415 3761 (Matth.
1446 3705 1634 3756 xxvttt,
1674 3689 1792 3761 21‘).
1835 3690 1974 3760 Ergo

389 3782 515 3841 illud
546 3782 778 3848 attende,
809 3781 959 3837 Dedit
989 3783 1124 3837 dona
1150 3781 1432 3836 [tantinibus
1461 3780 1635 3853 (Psal.
1664 3798 1822 3849 uvn,
1857 3783 1971 3853 l9).

388 3875 546 3946 Aperi
576 3874 749 3931 sinum
771 3873 1001 3944 pietatis,
1033 3872 1219 3943 excipe
1243 3872 1439 3928 donum
1467 3871 1755 3928 felicitatis.

852 4007 1080 4065 sermo
1115 4006 1339 4063 0(3an
1371 4009 1500 4080 '(a).

777 4107 826 4149 In
848 4100 930 4150 die
952 4100 1255 4150 Ascensionis
1282 4099 1492 4161 Domini,
1528 4114 1579 4149 ιι.

747 4203 958 4258 Habitus
987 4204 1038 4258 in
1069 4202 1277 4258 basilica
1310 4202 1609 4258 Leontiana.

455 4316 680 4376 CAPUT
720 4318 999 4379 PRIMUM.
1025 4351 1092 4360 —
1126 4321 1177 4375 l.
1218 4320 1397 4376 Sancti
1428 4319 1625 4378 Leontii
1655 4322 1969 4377 sulemnitas.

389 4409 641 4465 Dominus
665 4408 840 4476 Jesus,
874 4410 1046 4466 Patris
1078 4412 1377 4483 unigenitus
1401 4425 1454 4468 et
1487 4412 1719 4483 gignenti
1747 4421 1972 4468 eoa-ter—

387 4518 508 4566 nus,
556 4502 752 4570 [itu-iter
792 4501 1088 4567 invisibilis,
1122 4503 1321 4573 pariter
1363 4503 1724 4569 immutabilis,
1778 4505 1973 4575 pariter

384 4593 745 4667 otnnipotens,
789 4591 989 4662 pariter
1019 4592 1193 4656 Deus;
1225 4601 1441 4665 propter
1470 4609 1590 4661 nos,
1617 4604 1677 4649 ut
1703 4595 1891 4662 nostis,
1920 4603 1972 4650 ct

385 4675 768 4752 .nceepistis,’et
792 4680 1005 4751 tenetis,
1046 4682 1215 4739 factus
1241 4692 1326 4740 est
1355 4684 1534 4751 homo,
1558 4684 1724 4739 forma
1757 4702 1969 4742 nasum-

386 4789 471 4846 pta
531 4776 780 4843 luunana,
828 4789 933 4831 non
962 4776 1156 4832 amissa
1200 4777 1375 4832 divina
1407 4795 1421 4831 :
1455 4788 1644 4847 potens
1680 4779 1919 4834 occultus
1953 4821 1967 4845 ,

386 4871 628 4926 mlirtnus
654 4867 1002 4934 nimiilestus;
1033 4868 1170 4924 sicut
1196 4868 1385 4935 nostis,
1417 4854 1572 4923 natus
1597 4879 1697 4934 est,
1730 4879 1785 4926 ut
1813 4884 1968 4925 rena-

356 4976 692 5027 .sccrcntur;
725 4968 965 5017 mortuus
994 4968 1097 5028 est,
1126 4976 1192 5016 ne
1227 4975 1325 5015 nos
1367 4959 1420 5014 in
1447 4968 1706 5016 attentum
1736 4976 1970 5016 morere-

384 5070 517 5106 tltltl’.
554 5052 645 5107 lllc
669 5051 941 5117 continuo,
972 5050 1023 5107 id
1050 5061 1154 5121 est,
1181 5051 1267 5105 die
1295 5051 1449 5106 tertio
1471 5051 1761 5106 resurrexit
1784 5068 1798 5110 ;
1818 5051 1971 5108 nobis

385 5144 829 5203 resurrectionem
874 5144 1048 5201 carnis
1090 5143 1143 5197 in
1188 5144 1291 5199 line
1308 5142 1582 5213 promisit.
1634 5142 1884 5199 Exhibuit
1911 5159 1971 5199 se

383 5237 775 5308 discipulorunt-
794 5237 967 5297 oculis
1007 5236 1311 5300 videndum,
1349 5237 1696 5308 numibusque
1742 5247 1971 5292 tractan-

383 5328 547 5393 dum;
596 5328 921 5399 persuadens
968 5328 1109 5399 quod
1167 5327 1336 5387 factus
1382 5337 1514 5394 erat,
1563 5345 1667 5384 non
1723 5327 1971 5385 auferens

384 5422 524 5491 quod
552 5436 767 5492 semper
795 5431 928 5481 erat.
961 5423 1320 5477 Conversatus
1368 5430 1450 5475 est
1494 5436 1615 5477 cum
1663 5423 1743 5476 eis
1782 5421 1971 5478 diebus

383 5513 753 5586 quadraginta,
781 5512 919 5569 sicut
944 5513 1190 5581 audistis,
1221 5513 1425 5569 intrans
1448 5523 1503 5568 ct
1525 5514 1727 5578 exiens,
1750 5514 1972 5569 mandu-

379 5616 511 5664 cans
539 5616 591 5660 et
638 5607 859 5668 bibens;
892 5622 999 5663 non
1041 5608 1149 5676 jam
1192 5606 1501 5678 itnligentia,
1532 5606 1624 5662 sed
1665 5616 1831 5662 totum
1878 5623 1971 5679 po-

444 5740 768 5809 ζῑξοιξσξηιιιιιρ
806 5742 864 5809 ad
891 5738 923 5787 f.
949 5753 1024 5809 gr.
1050 5747 1115 5809 _(_!l
1148 5739 1204 5787 ad
1246 5739 1376 5792 lilini.
1419 5751 1512 5789 Am.
1551 5748 1649 5790 Par.
1673 5747 1780 5791 Lor.

443 5798 523 5869 (α)
557 5795 698 5864 Alias,
721 5800 783 5849 de
807 5795 1017 5859 Divetiis
1047 5802 1116 5852 15.

1621 352 1680 418 S.
1720 357 2081 419 AUCUSTlNl
2120 356 2422 417 El’ISCUPl

2079 473 2240 529 tentia
2276 491 2289 528 :
2322 484 2377 528 et
2401 471 2747 526 manifestans
2769 471 2852 528 eis
2888 472 3069 528 carnis
3098 471 3396 541 veritatem,
3426 473 3478 530 in
3501 491 3665 534 cruce

2078 565 2458 629 inﬁrmitatem,
2491 579 2521 619 a
2552 563 2801 634 sepulcro
2829 563 3307 620 immortalitatem.

2147 657 2374 715 CAPUT
2416 657 2476 712 ΙΙ.
2504 687 2576 698 --
2597 656 2655 711 2.
2695 656 2843 712 Idem
2867 665 3115 711 tractatur
3156 668 3525 729 argumentum.
3556 659 3667 715 llo-

2077 749 2320 806 diernum
2361 767 2491 821 ergo
2532 750 2674 806 diem
2720 751 3049 807 ascensionis
3096 751 3262 823 ipsius
3306 752 3665 810 celebramus.

2077 842 2319 898 Occurrit
2341 852 2517 898 autem
2544 842 2666 897 huic
2694 842 2946 898 Ecclesia:
2970 842 3075 896 alia
3102 842 3385 899 vernacula
3410 843 3665 900 solemni-

2080 943 2159 990 tas
2183 935 2221 988 ί.
2262 934 2566 992 Conditoris
2594 934 2829 990 basilica:
2871 932 3030 1005 hujus
3057 935 3225 989 sancti
3253 934 3463 990 Leontii
3508 935 3664 989 hodie

2077 1026 2340 1097 depositio
2377 1034 2479 1082 est.
2529 1026 2635 1083 Sed
2678 1026 2926 1098 dignetur
2966 1026 3241 1081 obscurari
3286 1027 3441 1082 stella
3467 1044 3497 1081 a
3529 1027 3659 1084 soie.

2079 1116 2221 1188 Ergo
2244 1116 2313 1174 de
2333 1117 2556 1173 Domino
2583 1116 2779 1188 potius,
2801 1115 2942 1186 quod
2966 1130 3323 1187 cmperamus,
3358 1124 3657 1186 loquamur.

2079 1213 2287 1270 Gaudet
2324 1214 2497 1269 bonus
2545 1227 2773 1279 servus,
2825 1211 3040 1283 quando
3093 1210 3343 1266 laudatur
3387 1211 3663 1267 Dominus.

2150 1304 2375 1362 CAPUT
2413 1303 2500 1360 lll.
2522 1334 2594 1345 —
2620 1306 2676 1360 3.
2716 1304 3036 1359 Ascensionis
3059 1303 3187 1374 [ida
3216 1312 3261 1357 et
3288 1303 3551 1356 celebritas
3582 1298 3666 1371 per

2079 1407 2239 1452 totum
2254 1396 2441 1454 orbem.
2466 1395 2737 1453 Hodierno
2750 1409 2881 1467 ergo
2891 1394 3000 1462 die,
3015 1394 3118 1451 hoc
3137 1404 3240 1460 cst,
3256 1394 3666 1463 quadragesimo

2080 1499 2203 1560 post
2225 1488 2674 1544 resurrectionem
2701 1502 2874 1552 suam,
2906 1486 3163 1542 Dominus
3190 1485 3438 1541 ascendit
3480 1485 3536 1538 in
3560 1499 3669 1539 cu:-

2081 1582 2210 1636 lum.
2235 1580 2352 1636 Non
2383 1579 2612 1635 vidimus
2640 1598 2655 1635 :
2685 1579 2782 1635 sed
2806 1578 3107 1635 credamus.
3132 1578 3234 1647 Qui
3263 1577 3515 1632 viderunt
3543 1591 3671 1645 pra:-

2078 1674 2410 1737 dicaverunt,
2458 1683 2515 1728 et
2550 1670 2738 1727 orbem
2782 1682 3044 1727 terrarum
3093 1670 3470 1740 impleverunt.
3517 1667 3673 1722 Scitis

2079 1764 2167 1836 qui
2209 1765 2474 1831 viderunt,
2517 1774 2572 1820 et
2613 1763 2704 1835 qui
2746 1762 2900 1819 nobis
2941 1762 3307 1817 indicaverunt
3334 1778 3349 1815 :
3379 1760 3449 1815 de
3478 1760 3670 1831 quibus

2081 1856 2389 1928 praedictum
2417 1866 2522 1921 est,
2551 1876 2570 1909 ι
2599 1856 2714 1912 Νοιι
2740 1864 2867 1911 sunt
2899 1855 3124 1926 loquela:
3160 1868 3335 1924 neque
3369 1867 3669 1916 εει-ιιιοιιιεε,

2077 1966 2305 2020 quorum
2327 1966 2434 2007 non
2455 1950 2739 2006 audiantur
2754 1964 2913 2005 voces
2930 1938 3136 2004 eorum.
3161 1948 3219 2002 In
3235 1962 3458 2001 onmem
3479 1954 3670 2000 terram

2079 2043 2210 2097 exiit
2245 2057 2410 2097 sonus
2437 2057 2644 2110 eorum,
2672 2050 2728 2097 et
2754 2041 2807 2095 in
2846 2040 2979 2096 lines
3005 2039 3151 2095 orbis
3181 2048 3341 2093 terra:
3387 2037 3554 2092 verba
3581 2052 3671 2090 co-

2081 2150 2197 2189 rum
2216 2151 2236 2185 ι
2264 2131 2435 2208 (Psal.
2455 2148 2602 2201 xviu,
2628 2133 2663 2190 4
2679 2144 2726 2186 et
2740 2133 2818 2204 5).
2843 2132 2983 2203 Ergo
3008 2141 3062 2187 et
3090 2131 3281 2187 adnos
3308 2137 3598 2211 venerimt,
3622 2137 3673 2182 et

2081 2243 2179 2283 nos
2209 2228 2277 2283 de
2304 2243 2496 2283 somno
2531 2227 2916 2283 excitaverunt.
2947 2226 3081 2281 Ecce
3109 2222 3413 2280 celebratur
3455 2220 3672 2276 hodier-

2080 2334 2181 2375 nus
2200 2318 2318 2375 dies
2344 2327 2458 2373 toto
2481 2319 2612 2374 orbe
2640 2328 2924 2373 terrarum.

2150 2409 2375 2467 CAPUT
2425 2408 2515 2465 IV.
2554 2440 2627 2450 —
2664 2409 2720 2477 4,
2772 2406 3089 2461 Ascensiouis
3153 2404 3340 2459 Christi
3387 2403 3671 2475 praplietiu.

2080 2503 2322 2558 Recolite
2366 2503 2654 2559 Psalmum.
2701 2502 2796 2557 Cui
2828 2501 3028 2556 dictum
3077 2509 3180 2563 est,
3230 2497 3481 2552 Emttare
3529 2513 3673 2564 super

2080 2594 2253 2661 cados,
2289 2593 2469 2648 Deus?
2494 2593 2588 2649 Cui
2619 2593 2818 2648 dictum
2846 2593 2960 2647 cst?
2984 2589 3249 2659 Numquid
3280 2590 3393 2644 Deo
3418 2588 3569 2643 Patri
3601 2587 3677 2641 di-

2078 2695 2313 2753 teretur,
2345 2684 2608 2753 Exaltare,
2648 2684 2738 2756 qui
2769 2698 3039 2755 nunquam
3066 2691 3148 2737 est
3191 2679 3551 2735 humiliatus?
3577 2679 3680 2734 Ex-

2079 2777 2247 2833 altare
2299 2785 2354 2832 tu
2386 2795 2401 2832 :
2435 2786 2491 2832 tu
2519 2777 2608 2847 qui
2641 2775 2787 2832 fuisti
2831 2777 2887 2833 in
2914 2785 3101 2835 ventre
3155 2772 3345 2831 matris
3395 2772 3674 2838 inclusus;

2081 2877 2135 2921 tu
2180 2870 2271 2939 qui
2318 2869 2369 2924 in
2412 2868 2499 2923 illa
2547 2867 2716 2924 factus
2766 2884 2860 2935 es,
2905 2882 3063 2938 quam
3110 2866 3322 2929 fecisti;
3375 2876 3431 2921 tu
3476 2867 3576 2936 qui
3621 2866 3669 2920 in

2081 2958 2303 3028 pracsepi
2354 2958 2598 3029 jacuisti;
2649 2969 2704 3013 tu
2750 2961 2842 3028 qui
2895 2957 3057 3012 ubera
3111 2965 3362 3027 tanquam
3414 2956 3671 3025 parvulus

2081 3050 2135 3105 in
2184 3064 2316 3104 vena
2357 3050 2533 3105 curuis
2569 3049 2758 3105 suxisti
2783 3051 2839 3116 ²;
2871 3058 2929 3104 ιιι
2971 3048 3062 3122 qui
3110 3056 3330 3119 portans
3369 3047 3664 3109 mundum,

2081 3141 2374 3212 portaharis
2395 3157 2426 3196 a
2446 3152 2616 3198 matre
2640 3160 2654 3198 :
2684 3151 2740 3197 tu
2767 3158 2925 3213 quem
2945 3139 3160 3198 Simeon
3190 3156 3357 3196 senex
3383 3140 3671 3209 parvulum

2078 3234 2314 3302 agnovit,
2345 3248 2699 3305 magnumque
2742 3233 2974 3290 laudavit
3005 3251 3020 3289 :
3049 3244 3102 3289 tu
3128 3249 3288 3305 quem
3324 3232 3483 3288 vidua
3519 3234 3666 3288 Anna

2080 3324 2210 3380 vidit
2250 3334 2549 3394 sugentem,
2592 3335 2648 3381 et
2687 3327 2936 3396 cognovit
2970 3326 3394 3396 omnipotentem
3427 3342 3444 3377 :
3477 3335 3541 3379 tu
3581 3326 3664 3393 qni

2079 3418 2289 3472 esui-isti
2321 3427 2539 3488 propter
2563 3432 2683 3485 nos,
2723 3417 2881 3473 sitisti
2928 3427 3144 3488 propter
3172 3432 3292 3482 nos,
3340 3416 3597 3487 fatigatus
3616 3435 3671 3470 es

2081 3509 2133 3563 in
2182 3510 2260 3563 via
2294 3514 2628 3578 proptcr'nos
2659 3525 2673 3561 :
2706 3508 2986 3578 (numquid
3025 3508 3194 3563 esurit
3220 3508 3392 3578 panis,
3435 3517 3539 3561 aut
3565 3505 3669 3561 sitit

2080 3600 2220 3667 fons,
2250 3609 2343 3655 aut
2382 3599 2629 3670 fatigatur
2657 3600 2739 3654 via
2754 3602 2804 3670 't)
2847 3608 2901 3654 tu
2935 3599 3025 3670 qui
3066 3600 3245 3653 omnia
3277 3598 3376 3653 ista
3405 3599 3668 3669 pertulisti

2081 3702 2297 3764 propter
2339 3706 2436 3745 nos
2466 3709 2481 3746 :
2513 3700 2568 3746 tu
2596 3691 2686 3761 qui
2714 3690 2980 3758 dormisti,
3010 3698 3066 3746 et
3094 3698 3271 3745 tamen
3315 3704 3424 3745 non
3462 3689 3664 3745 dormi-

2081 3794 2182 3847 tas,
2212 3782 2518 3838 custodiens
2558 3781 2717 3838 lsrael
2747 3800 2761 3837 :
2790 3791 3080 3852 postremo,
3128 3790 3185 3836 tu
3231 3792 3394 3851 quem
3436 3780 3697 3836 vendidit

2085 3873 2263 3938 ludas,
2291 3889 2449 3944 quem
2474 3872 2643 3928 Judaei
2669 3882 2937 3940 emerunt,
2964 3876 3142 3927 etnon
3184 3871 3546 3942 possederunt
3572 3888 3586 3924 :
3617 3881 3666 3925 tu

2078 3965 2432 4037 apprehensa,
2459 3965 2635 4034 ligate,
2655 3964 2937 4035 ﬂagellato,
2956 3962 3124 4032 spinis
3147 3972 3423 4029 comante,
3452 3962 3509 4016 in
3535 3964 3673 4032 ligno

2079 4073 2357 4129 suspense,
2404 4058 2585 4113 lancea
2627 4071 2898 4127 percusso,
2949 4067 3004 4110 tu
3047 4064 3277 4120 mortue,
3326 4064 3381 4110 tu
3426 4056 3664 4126 sepulte,

2081 4148 2325 4204 Exaltare
2350 4137 2695 4217 super'ctzlos,
2727 4140 2887 4202 Deus.
2980 4176 2991 4186 ι

2148 4240 2373 4298 CAPUT
2400 4241 2810 4305 V.-Exaltare,
2827 4241 3018 4313 inquit,
3036 4240 3277 4296 exaltare
3302 4254 3466 4310 super
3477 4240 3662 4303 corbis,

2078 4333 2198 4401 quia
2232 4333 2471 4389 Deus‘es.
2502 4332 2642 4389 Sede
2666 4333 2724 4387 in
2753 4332 2913 4398 cwlo,
2957 4331 3047 4403 qui
3075 4330 3373 4402 pependisti
3416 4332 3469 4386 in
3504 4332 3659 4401 ligno.

2076 4423 2244 4479 Judex
2272 4424 2597 4494 exspectaris
2617 4433 2890 4489 venturus,
2912 4424 3000 4495 qui
3029 4431 3368 4494 exSpcctatus
3389 4423 3664 4493 chlldlCI'

2080 4526 2183 4570 tus.
2215 4514 2345 4585 Quis
2372 4516 2472 4571 ista
2498 4515 2703 4585 credat,
2735 4515 2837 4571 nisi
2867 4515 2958 4570 illo
3000 4515 3249 4582 faciente,
3287 4517 3379 4586 qui
3411 4517 3571 4587 erigit
3602 4518 3663 4570 de

2079 4620 2217 4663 terra
2244 4609 2479 4677 inopem,
2523 4608 2672 4664 etde
2697 4617 2936 4663 stercore
2972 4609 3169 4663 exultat
3200 4622 3490 4678 pauperem
3514 4610 3540 4662 ζ’
3581 4609 3661 4661 llle

2078 4702 2191 4771 ipsc
2216 4700 2429 4771 inepem
2450 4715 2667 4756 carnem
2696 4715 2844 4756 suam
2864 4701 3040 4771 erigit,
3068 4708 3124 4755 et
3147 4699 3378 4754 collocat
3402 4716 3523 4756 eam
3550 4714 3659 4756 cum

2079 4794 2401 4864 principibus
2438 4793 2614 4863 populi
2644 4794 2723 4847 sui
2756 4792 2926 4864 (Psal.
2952 4807 3081 4857 cxu,
3112 4794 3165 4858 7,
3212 4794 3293 4865 8),
3321 4809 3448 4848 cum
3477 4794 3659 4864 quibus

2070 4886 2406 4957 judicaturus
2434 4896 2517 4942 est
2543 4887 2692 4941 vivos
2718 4894 2774 4942 et
2809 4897 3068 4941 mortuos.
3115 4888 3248 4941 Cum
3277 4887 3359 4941 eis
3384 4886 3660 4942 collocavit

2077 4980 2215 5036 hanc
2255 4980 2466 5050 inopem
2504 4995 2741 5043 cantent,
2782 4979 2976 5049 quibus
3013 4979 3185 5034 dicit:
3221 4978 3478 5035 Sedebitis
3513 4995 3655 5048 super

2075 5072 2339 5127 duodecim
2405 5072 2547 5127 sedes
2570 5114 2586 5139 ,
2627 5071 2920 5142 judicantes
2970 5071 3238 5126 duodecim
3288 5074 3454 5127 tribus
3497 5070 3658 5126 Israel

2076 5164 2289 5235 (Matth.
2321 5180 2429 5227 xix,
2455 5164 2569 5235 98).

2147 5254 2373 5312 CAPUT
2415 5254 2632 5310 Vl.—-—5.
2674 5253 2905 5308 Ecclesia
2932 5253 3097 5326 gloria
3115 5253 3401 5335 Christi.—-
3421 5253 3656 5309 Enitar:

2141 5369 2157 5400 ι
2184 5366 2302 5415 mliti
2322 5401 2336 5427 ,
2377 5363 2599 5416 occurrit
2619 5372 2780 5415 autem
2800 5362 2913 5416 huic
2950 5362 3178 5416 Ecclesitc
3199 5379 3229 5413 α
3252 5363 3651 5427 tabernaculoso-

2076 5425 2329 5480 [επινιξιανς.
2363 5430 2533 5479 verius
2562 5428 2902 5477 Germanensis
2942 5432 3048 5487 Hs.,
3072 5426 3296 5477 occurrit
3337 5433 3494 5477 cum
3545 5425 3653 5474 latin:

2078 5488 2302 5542 Ecclesia:
2322 5489 2420 5542 alia
2443 5488 2712 5552 vernacula
2727 5486 3017 5552 solemnitas.
3035 5486 3512 5552 εοιιθιιιδιίςιιιῧαιιιι

2080 5568 2274 5609 vocem,
2315 5550 2601 5610 vernacula,
2642 5550 2927 5599 adhibuerat
2954 5550 3121 5600 Cicero
3157 5552 3202 5599 in
3229 5546 3321 5600 tib?
3340 5551 3402 5609 9,
3427 5564 3471 5597 ιι.
3501 5549 3572 5606 15,
3597 5546 3655 5595 ad

2078 5623 2252 5677 Ριριιιιιι
2273 5629 2284 5663 :
2320 5636 2339 5660 ιι
2359 5617 2647 5677 Antiqutect
2668 5611 2941 5677 vernaculae
2964 5610 3254 5677 testivitatis.
3274 5632 3295 5657 ι
3319 5620 3386 5662 De
3402 5610 3475 5677 illa
3493 5618 3652 5677 autem

2070 5670 2622 5787 ῙιυιιιιιίιὊηιιιιιιιιῖιιιδὶδ
2667 5675 2879 5737 cpiscoli
2931 5673 3249 5739 solemnitate
3278 5676 3563 5737 angustum:
3605 5672 3652 5719 in

2079 5753 2123 5787 CI
2143 5748 2220 5787 ist.
2251 5773 2278 5786 ..
2315 5775 2325 5785 .

2079 5753 2123 5790 Ct
2143 5742 2220 5788 ist.
2248 5742 2325 5787 29.

2113 5755 2123 5802 Ι
2143 5755 2496 5855 gallo-riame
2515 5807 2615 5863 325.,
2641 5796 2690 5848 in
2715 5810 2826 5850 rem
2849 5809 2993 5848 carne
3012 5794 3204 5850 sua‘isti.
