3926 6188
234 379 366 437 reos

229 507 353 565 etgo
374 508 526 561 super
540 493 710 558 aetas,
728 491 881 549 Deus.
910 489 1026 546 lam
1055 490 1247 549 factum
1268 501 1371 559 cst,
1394 489 1503 563 jam
1529 492 1801 562 impletum

227 595 322 639 est.
355 584 460 640 Sed
487 586 737 652 dicimus,
774 586 1052 655 Quomodo
1080 588 1314 657 futurum
1360 584 1671 655 νιοςιξάίαιιιιι
1697 594 1802 651 est,

228 675 468 730 Enrlurre
492 693 643 748 super
687 680 836 733 (ictos
867 679 1040 742 Deus;
1073 696 1179 734 non
1221 678 1467 740 vidimus.
1498 678 1591 733 sed
1629 678 1807 733 (ποδὶ-ι.

224 760 338 822 inus
369 784 383 821 :
412 783 539 824 ecce
565 777 689 824 ante
731 770 915 825 oculos
962 780 1174 826 nostros
1216 778 1300 825 est
1336 768 1477 839 quod
1523 771 1763 839 sequitur
1785 810 1801 833 ,

226 859 467 913 lz'a'alture
505 875 658 928 super
682 860 854 933 calas,
911 860 1067 922 Deus,
1112 870 1159 915 et
1186 877 1337 930 super
1378 877 1575 914 omnem
1619 870 1803 913 terram

219 951 381 1023 gloria
417 961 503 1005 tua
531 950 700 1020 (Prol.
745 968 849 1018 LVI,
883 951 995 1023 12).
1033 951 1148 1007 Non
1192 952 1374 1006 credat
1403 951 1551 1018 illud,
1578 951 1666 1021 qui
1694 966 1800 1006 non

219 1041 357 1098 \Iidet
381 1040 542 1097 istud.
589 1042 727 1110 Quid
765 1052 844 1097 est
874 1044 1041 1106 enim,
1094 1042 1158 1096 Et
1203 1059 1355 1112 super
1392 1059 1589 1096 omnem
1616 1052 1799 1096 terram

215 1131 378 1201 gloria
415 1135 539 1188 tua?
581 1134 702 1201 uisi,
741 1149 901 1203 super
928 1150 1145 1189 omnem
1174 1144 1369 1189 terram
1408 1133 1641 1190 Ecclesia
1673 1143 1757 1189 tua
1779 1176 1796 1202 ,

216 1242 374 1297 super
391 1243 605 1283 οιιιιιριιι
629 1238 823 1284 terram
846 1239 1084 1286 matrona
1109 1216 1251 1298 ιυιῖί,
1272 1247 1433 1301 super
1447 1246 1662 1288 omnem
1690 1241 1797 1286 ter-

220 1334 333 1373 ram
359 1334 553 1390 Sptlllsa
578 1331 687 1386 tua,
708 1320 897 1378 dilecta
922 1326 1039 1385 Iua,’
1062 1323 1308 1378 columba
1341 1334 1397 1378 tu
1414 1342 1449 1389 I,
1469 1323 1662 1393 conqu
1685 1333 1793 1378 tua.

215 1406 329 1477 Ipsa
347 1418 430 1464 est
448 1410 613 1481 gloria
637 1424 746 1477 tua,
764 1409 862 1487 _Vir
876 1411 1098 1481 quidem,
1119 1413 1195 1468 ait
1206 1415 1246 1467 Α
1256 1413 1516 1483 postolus,
1534 1431 1632 1468 non
1654 1414 1796 1468 debet

212 1501 376 1554 velare
399 1510 572 1571 caput,
593 1519 708 1555 cum
729 1503 791 1557 sit
821 1504 987 1574 imago
1007 1513 1053 1557 et
1078 1504 1241 1575 gloria
1262 1505 1353 1559 Dei
1381 1521 1399 1560 :
1419 1507 1599 1560 mulier
1625 1517 1812 1562 autem:

208 1588 374 1659 gloria
402 1591 494 1646 viri
518 1591 573 1664 (Ι
601 1590 716 1648 Cor.
751 1608 826 1662 xI,
855 1594 931 1665 Ἰ).
957 1592 1011 1650 Si
1043 1595 1233 1650 mulier
1261 1596 1425 1666 gloria
1461 1597 1556 1651 viri
1607 1598 1792 1654 Eccle-

210 1678 288 1732 sia
318 1680 487 1749 gloria
520 1679 714 1737 Christi
745 1685 784 1737 ³.

666 1815 897 1873 senato
934 1818 1182 1875 CCLXIII
1212 1820 1331 1894 ‘(a).

660 1914 727 1957 De
742 1910 1032 1960 Ascensioue
1053 1911 1254 1970 Domini,
1275 1926 1341 1960 ιιι.

284 2007 337 2060 Ι.
399 2007 713 2078 Cloriﬁcatio
767 2020 815 2066 et
877 2012 1083 2066 victoria
1150 2012 1337 2067 Christi
1402 2016 1644 2083 completa
1716 2024 1789 2068 est

204 2098 572 2151 resurrectione
608 2109 654 2153 et
700 2102 1007 2155 ascensione.
1051 2100 1279 2157 Christus
1302 2144 1316 2168 ,
1362 2102 1438 2156 leo
1511 2114 1556 2157 et
1602 2121 1781 2175 agnus.

204 2189 460 2246 Diabolus
484 2210 522 2257 ,‘
552 2192 648 2246 leo.
704 2192 992 2265 Muscipula
1042 2195 1249 2249 diaboli.
1294 2195 1622 2251 Glorillcatio
1682 2198 1782 2251 Do-

203 2283 347 2337 mini
392 2284 561 2338 nostri
607 2284 733 2339 .lesu
780 2284 976 2341 Christi
999 2287 1322 2355 resurgendo
1359 2296 1414 2341 et
1450 2287 1787 2342 ascendendo

195 2374 474 2443 completa
532 2383 634 2429 est.
686 2374 1150 2430 Resurrectiuncm
1205 2376 1369 2446 ipsius
1425 2376 1638 2430 Paschm
1682 2377 1789 2430 Du-

194 2465 403 2519 minico
454 2465 837 2522 celebravimus
870 2485 882 2521 :
914 2467 1279 2522 ascensionem
1337 2468 1494 2522 hodie
1550 2468 1788 2522 celebra-

192 2572 341 2611 mus.
375 2556 566 2613 Festus
587 2558 739 2612 nobis
760 2559 875 2614 dies
896 2570 1135 2630 uterque.
1163 2559 1285 2614 Ideo
1304 2561 1447 2614 enim
1475 2560 1782 2625 resurrein,

192 2655 262 2700 ut
291 2647 443 2703 nobis
466 2651 766 2718 exetnp'um
788 2651 1195 2713 resurrectionis
1221 2652 1523 2709 compleret
1548 2669 1561 2704 :
1584 2659 1638 2706 et
1666 2651 1786 2706 ideo

193 2738 465 2803 asmudit,
517 2748 573 2792 ut
610 2755 708 2795 nos
737 2740 968 2811 desuper
1015 2749 1335 2812 protegeret.
1365 2742 1633 2796 Habemus
1658 2757 1787 2813 ergo

196 2828 484 2883 Dominum
527 2838 581 2884 et
622 2830 952 2886 Salvatorem
1004 2842 1243 2886 nostrum
1287 2833 1466 2887 Jcsum
1515 2834 1783 2888 Christum

194 2918 352 2986 prius
399 2919 716 2988 pendentem
760 2921 812 2975 in
843 2921 1006 2992 ligno,
1055 2937 1195 2975 nunc
1239 2922 1511 2978 suleutem
1543 2924 1594 2976 iu
1621 2923 1780 2979 coelo.

195 3007 439 3062 Pretium
462 3019 700 3064 nostrum
721 3010 886 3075 dedit,
911 3026 1032 3065 cum
1058 3012 1311 3081 penderet
1338 3013 1388 3066 iu
1419 3013 1561 3083 ligno
1587 3030 1601 3066 :
1632 3015 1785 3068 colli-

192 3097 278 3166 git
302 3097 442 3167 quod
472 3100 601 3152 emit
627 3117 642 3151 :
671 3116 792 3154 cum
819 3100 970 3156 sedet
997 3101 1048 3154 iu
1073 3102 1231 3156 emlo.
1263 3103 1393 3158 Cum
1423 3104 1564 3158 enim
1594 3120 1784 3161 omnes

192 3188 496 3257 collegerit,
537 3203 674 3258 quos
716 3190 898 3260 utique
924 3206 1017 3257 per
1055 3201 1290 3262 tempora
1335 3194 1566 3264 colliget,
1599 3194 1651 3249 in
1679 3194 1785 3252 hue

198 3281 464 3350 letitporis
491 3283 687 3344 veniet,
726 3291 777 3336 et
805 3282 1073 3351 quomodo
1095 3286 1347 3354 scriptum
1373 3296 1474 3353 est,
1506 3286 1640 3342 Deus
1669 3305 1780 3343 ma-

195 3370 418 3440 nifestus
458 3372 615 3425 veniet
642 3368 820 3443 (Psal.
866 3388 1010 3434 xux,
1039 3372 1110 3445 3)
1144 3392 1158 3428 :
1190 3390 1293 3429 non
1337 3378 1780 3456 quemadmodum

199 3462 450 3530 primitus
478 3463 623 3516 venit
656 3463 915 3527 occultus,
948 3464 1041 3519 sed
1070 3466 1209 3520 sicut
1250 3467 1447 3549 dictum
1487 3478 1589 3536 est,
1620 3471 1801 3524 orauit

199 3552 380 3620 festum
404 3550 681 3624 Occultqu
706 3552 848 3607 enim
874 3554 1151 3624 oportebat
1177 3570 1300 3611 eum
1327 3559 1533 3622 venire,
1562 3570 1619 3613 ut
1639 3559 1783 3629 judi-

199 3652 415 3698 caretur
437 3661 450 3697 :
473 3644 783 3700 manifestus
801 3657 977 3703 autem
1001 3648 1194 3713 veniet,
1226 3649 1523 3719 utjudioet.
1555 3652 1609 3705 Si
1635 3656 1782 3708 enim

204 3734 352 3803 prius
380 3734 689 3791 manifestus
730 3736 981 3801 venisset,
1011 3737 1252 3807 judicare
1295 3739 1630 3796 manifestum
1660 3744 1780 3813 quis

200 3825 461 3881 auderet?
490 3827 713 3901 Quando
751 3829 966 3900 quidem
1011 3829 1143 3886 dicit
1174 3832 1448 3901 apostolus
1475 3834 1687 3899 Paulus,
1718 3837 1779 3891 Si

198 3919 337 3973 enim
378 3900 740 3991 cognovissent,
780 3932 1035 3992 nunquam
1065 3900 1331 3977 Dominum
1374 3924 1552 3995 gloria
1577 3929 1778 3997 cruciﬁ-

264 4196 286 4226 ²
305 4201 471 4245 sermo
510 4196 559 4245 in
595 4195 878 4258 Floriaeensi
908 4198 1073 4248 calice
1114 4201 1297 4250 auctior
1318 4208 1397 4252 est
1416 4201 1550 4255 hisce
1572 4202 1734 4257 Verbis
1758 4222 1772 4258 :

204 4261 401 4331 (me?!
419 4257 885 4331 90W;
907 4259 1015 4331 ipsa
1034 4267 1104 4331 es!
1118 4261 1558 4331 ωειονυομίπιιρα-
1583 4275 1690 4330 Ipsa
1705 4257 1775 4320 est

196 4316 704 4398 1’93‘1’5‘593519'55'
726 4316 1301 4398 ΞΞἨεῖαίβςεηὶβξὲἒιαηξ
1325 4323 1388 4398 ιζε
1404 4316 1542 4398 ἐξιεῖσι
1579 4316 1775 4398 μίνὼῑᾶ

191 4502 543 4578 ⁸ίέηεῖἕένὲηέ
558 4502 852 4578 owe"???
880 4505 1049 4578 ltuit"!
1071 4502 1293 4578 4.in
1321 4502 1384 4578 ἐς*
1405 4502 1679 4578 credidere
1698 4502 1774 4566 di-

191 4574 306 4636 cens
327 4575 346 4613 :
360 4564 693 4636 Et‘tthipt'etii
707 4564 930 4636 rirtuterit

192 4622 243 4672 in
260 4637 358 4686 vos,
383 4630 430 4676 et
449 4622 725 4692 eritis_mihi
743 4634 900 4681 testes.
931 4622 1020 4683 L'b'i
1036 4628 1063 4682 l
1085 4640 1141 4681 In
1175 4622 1458 4692 Jerusalem,
1484 4622 1772 4690 ubi

342 4695 395 4735 ἠ
410 4686 695 4761 {mm
722 4701 897 4761 partim
1022 4699 1119 4741 Non
1143 4697 1326 4761 tamam
1347 4686 1553 4759 pretim
1572 4686 1768 4761 dedisti;

189 4752 241 4818 9"
256 4746 347 4797 ¹⁴ο⁶
360 4746 733 4818 meum“:
758 4748 850 4800 Dic
869 4749 1029 4818 αριιηιο
1052 4766 1071 4803 :
1092 4752 1232 4805 υαιάε
1269 4746 1471 4818 meum
1486 4764 1558 4809 est

190 4806 284 4858 lem
303 4807 484 4881 nonani
519 4815 615 4881 tuo.
644 4819 699 4861 ιιι
715 4811 983 4881 Jerusalem
1010 4820 1057 4881 e_t
1083 4820 1183 4881 tota
1204 4806 1380 4868 Judai'a
1398 4823 1445 4867 et
1465 4806 1769 4881 saritur—siet

191 4882 338 4933 usque
366 4869 416 4943 iu
437 4869 558 4967 pnes
589 4876 767 4945 terras.
786 4873 962 4946 {'eniati
978 4875 1044 4924 ad
1071 4873 1189 4940 fin-rs
1223 4890 1241 4927 :
1257 4890 1422 4948 quare
1453 4869 1768 4934 contentiones

191 4944 281 4979 nou
304 4928 418 4991 ﬁms
434 4970 447 4982 .
480 4941 626 4984 Nemo
643 4933 764 4985 mila
773 4948 883 4991 Jam
905 4936 1049 4991 dicat.
1077 4946 1195 4988 Ecce
1215 4938 1296 4989 Inc
1317 4946 1404 4990 est.
1423 4938 1567 4991 sileat
1593 4940 1766 4991 huma-

189 4928 281 4979 ’ω
304 4928 418 5041 lenis
434 4928 461 4982 γ
480 4941 626 4984 Nam
643 4933 887 5005 ηιθιέῘωιι
905 4935 1049 4997 dicat.
1071 4928 1195 4988 ἐσσε
1215 4928 1296 4989 hié
1317 4946 1404 4990 est.
1423 4928 1577 4991 sileat

188 4992 766 5075 EE‘.€.’P€H§‘§.“E€“§“ESC
786 4996 1268 5075 (iuvareeam
1300 5011 1401 5075 .-_m
1414 5038 1417 5041 ν
1432 5002 1700 5075 mage",
1720 5013 1768 5057 ε,

186 5056 349 5135 91⁸2⁸9
362 5056 767 5135 {’I‘Lé'iajiffm
778 5134 781 5135 ,
793 5056 1111 5135 ίίέν,
1122 5060 1174 5135 3',"
1185 5059 1305 5126 βπεε
1323 5068 1489 5135 ιεννως
1510 5063 1767 5135 iamiam

189 5128 331 5165 suam
370 5115 788 5170 mbisnooissimis
822 5115 973 5171 servis
1634 5115 1766 5177 (ait

190 5177 572 5256 ιξξςηειεηὲξὲέὶίε
587 5185 849 5256 Macae;
884 5179 1109 5256 ρνςεινίάίι
1137 5183 1263 5256 erit"
1556 5186 1767 5256 βιίρνιηη

183 5237 353 5309 Ῑιςιιινα
376 5237 545 5304 litigio.
580 5241 808 5293 Prwvidit
823 5237 1041 5309 homines
1070 5250 1228 5309 partes
1259 5244 1352 5296 sibi
1382 5237 1767 5309 facient'esdere

565 5315 681 5377 ergo
699 5316 794 5377 ειοη
1070 5298 1201 5377 1m
1221 5319 1315 5377 ηρη
1335 5298 1767 5377 omnem?

190 5315 363 5350 uicena.
388 5315 546 5361 quare
565 5315 630 5365 er,
699 5316 794 5357 non
810 5315 1045 5365 amant,
1075 5315 1201 5369 quod
1221 5319 1315 5357 non
1335 5321 1392 5358 co
1531 5318 1726 5361 averrmt
1742 5315 1766 5362 ?

190 5368 399 5444 1⁸3⁸⁸έὲ
613 5315 792 5444 gere
811 5364 1101 5444 swe
1122 5322 1766 5444 Mommsenus

184 5432 261 5481 ea,
286 5435 399 5486 qua
420 5428 593 5488 ubique
614 5432 714 5488 est;
736 5434 782 5477 et
803 5439 912 5492 qua:
947 5440 1188 5492 nunquam
1209 5428 1359 5488 nubit,
1379 5438 1425 5481 et
1446 5428 1654 5494 quotidie
1676 5448 1765 5498 pa-

185 5481 268 5534 rit.
293 5491 412 5535 sunt
430 5488 630 5551 quidem
647 5488 753 5538 haec
774 5496 826 5551 et
845 5491 1177 5551 superioribus
1194 5503 1289 5541 non
1308 5491 1433 5542 male
1455 5494 1764 5551 eohrcrentia.

187 5553 239 5595 et
264 5547 464 5612 που-ΔιιΙί
494 5551 756 5612 Augustino
787 5547 962 5610 aliena,
987 5552 1077 5601 sed
1097 5553 1192 5603 huc
1212 5552 1336 5604 forte
1372 5555 1547 5605 adscita
1580 5571 1640 5607 ex
1662 5547 1768 5609 aliis

182 5608 469 5719 tractatizlgés
491 5623 505 5658 :
531 5608 641 5659 nam
666 5610 836 5661 eadem
872 5608 1035 5675 paucis
1070 5615 1290 5678 exceptis
1327 5613 1555 5679 leguntur
1589 5619 1635 5667 in
1658 5608 1764 5669 ser?

188 5680 333 5719 uiuite
454 5700 468 5713 ο

188 5680 333 5719 tirone
358 5680 468 5719 ωδε

250 5733 268 5792 ἢ
291 5729 502 5784 (adlatus
521 5732 581 5782 ad
603 5733 725 5783 ducs
746 5734 823 5788 ch.
849 5735 907 5783 ad
933 5749 979 5783 II.
1006 5749 1048 5785 r.
1070 5744 1106 5786 t.
1143 5744 1192 5788 et
1213 5736 1272 5786 ad
1293 5746 1388 5787 Am.
1416 5746 1488 5786 Er.
1517 5748 1613 5789 t‘ar.
1656 5750 1761 5792 Im.

243 5791 318 5851 (a)
354 5792 492 5855 Alias,
516 5794 580 5843 de
604 5801 838 5858 Tempore
868 5796 969 5858 ΓΗ,
1000 5806 1049 5848 et
1079 5797 1139 5847 de
1172 5800 1378 5854 Diversis
1398 5801 1485 5855 90..

1559 373 1786 435 SEINO
1822 375 2068 439 CGLMI.

3357 395 3494 452 i2“)

1912 492 2101 565 :rissrut
2128 492 2175 566 (Ι
2206 492 2323 550 Cor.
2356 510 2411 559 ιι,
2435 494 2509 569 8).
2545 497 2648 555 Sed
2669 500 2712 555 si
2744 501 2828 557 ille
2849 517 2953 558 uou
2975 505 3326 576 occideretur,
3347 526 3490 565 mors

1909 597 2015 636 non
2031 594 2346 665 moreretur.
2370 587 2594 658 'l‘ropmo
2605 606 2703 645 suo
2723 590 2963 651 diabolus
2988 596 3158 651 vietus
3178 608 3280 654 est.
3302 601 3487 659 Exsul-

1909 673 2039 728 tavit
2067 674 2208 730 enim
2239 677 2499 746 diabolus,
2525 681 2737 751 quando
2760 684 2988 755 primum
3018 687 3287 744 hominem
3328 694 3489 748 sedu-

1906 764 2075 820 ceudo
2100 766 2291 836 dejecit
2333 768 2389 825 in
2419 781 2663 828 mortem.
2694 774 3007 833 Seducendo
3046 781 3275 853 primum
3316 784 3489 842 homi-

1908 870 2063 922 nem,
2112 858 2304 915 occidlt
2332 878 2345 915 :
2372 862 2663 920 occidendo
2708 868 3089 939 novissimum,
3134 873 3363 944 primum
3414 877 3484 934 de

1907 944 2108 1016 laqueis
2162 952 2408 1019 perdidit.
2476 954 2633 1011 Facta
2684 966 2768 1012 est
2816 974 2945 1032 ergo
2998 963 3216 1020 victoria
3273 962 3505 1023 Domini.

1904 1042 2070 1097 nostri
2112 1042 2240 1099 Jesu
2290 1046 2506 1115 Christi,
2548 1064 2668 1104 cum
2709 1055 2999 1108 resurrexit
3039 1063 3096 1110 et
3138 1059 3377 1115 ascendit
3421 1063 3473 1117 iu

1903 1133 2131 1201 oculum;
2161 1145 2216 1191 et
2244 1137 2516 1208 impletum
2545 1149 2628 1195 est
2662 1141 2802 1212 quod
2829 1143 3073 1214 audistis,
3101 1164 3222 1204 cum
3267 1152 3481 1221 Apoca-

1902 1223 2065 1297 lypsis
2089 1227 2372 1303 legeretur,
2411 1229 2537 1285 Vicit
2567 1230 2667 1286 Leo
2690 1233 2754 1289 de
2778 1236 2909 1289 tribu
2935 1235 3074 1291 Juda
3102 1237 3367 1312 (.-lpoc.‘v,
3397 1244 3473 1316 5).

1901 1317 2019 1388 lpse
2039 1320 2122 1375 leo
2142 1320 2314 1379 dictus
2340 1332 2441 1402 est,
2470 1326 2558 1396 qui
2578 1341 2745 1397 agnus
2771 1330 2980 1386 occisus
3007 1341 3090 1388 est
3113 1350 3129 1389 :
3155 1334 3236 1388 leo
3259 1346 3475 1406 propter

1899 1409 2285 1481 fortitudinem,
2330 1398 2498 1485 agnus
2527 1428 2742 1487 propter
2785 1419 3138 1477 innocentiam
3181 1442 3194 1477 :
3228 1398 3314 1480 leo
3355 1398 3476 1497 quia

1899 1504 2145 1572 invictus,
2172 1522 2339 1577 agnus
2365 1509 2486 1579 quia
2513 1522 2843 1566 mansuetus.
2874 1513 2942 1568 Et
2983 1515 3096 1585 ipse
3128 1519 3307 1588 Agnus
3331 1519 3476 1575 occi-

1896 1607 1988 1647 sus
2017 1605 2187 1650 morte
2212 1613 2307 1652 sua
2332 1597 2458 1653 vicit
2484 1598 2692 1655 leonem
2721 1602 2812 1672 qui
2836 1603 3023 1659 circuit
3042 1622 3289 1676 qumrens
3312 1626 3471 1680 quem

1874 1686 2135 1769 ‘devoret.
2183 1689 2360 1745 Dictus
2389 1700 2472 1747 est
2508 1693 2650 1748 euiIn
2690 1694 2931 1751 diabolus
2961 1697 3066 1765 leo,
3100 1697 3327 1766 feritate,
3369 1720 3473 1758 non

1896 1777 2107 1834 virtute.
2157 1782 2443 1849 Apostolus
2486 1784 2682 1854 quippe
2734 1786 2921 1842 Petrus
2969 1788 3084 1844 ait:
3130 1788 3348 1863 Vigilare
3389 1809 3474 1847 vos

1895 1880 2087 1939 oportet
2132 1871 2370 1926 adversus
2414 1875 2727 1943 tentatioues,
2776 1879 2896 1950 quia
2944 1880 3262 1936 adversarius
3313 1893 3471 1938 vester

1893 1959 2121 2015 diabolus
2149 1963 2343 2030 circuit,
2374 1981 2601 2035 quarens
2626 1983 2771 2037 quem
2806 1968 3023 2024 devoret.
3068 1971 3171 2027 Sed
3202 1974 3470 2042 quomodo

1891 2049 2097 2114 circuit,
2127 2050 2256 2106 dixit
2289 2072 2302 2107 :
2336 2053 2478 2110 Sicut
2508 2055 2584 2111 leo
2612 2058 2814 2129 rugiens
2840 2060 3035 2129 circuit,
3069 2079 3296 2133 quau-eus
3323 2080 3467 2135 quem

1892 2140 2088 2196 devoret
2118 2142 2175 2209 (Ι
2207 2142 2344 2198 l’etr.
2376 2162 2430 2210 ν,
2458 2146 2548 2216 8).
2581 2147 2711 2216 Quis
2736 2166 2839 2204 non
2867 2150 3159 2208 incurreret
3202 2155 3253 2207 in
3280 2153 3469 2211 dentes

1893 2234 2063 2289 leonis
2089 2234 2265 2304 hujus,
2307 2237 2404 2291 nisi
2434 2238 2646 2294 vicisset
2672 2239 2781 2295 Leo
2810 2241 2877 2297 de
2907 2244 3048 2299 tribu
3076 2243 3249 2298 Juda?
3274 2247 3466 2300 Contra

1891 2325 2098 2379 leonem
2129 2325 2231 2390 leo,
2261 2337 2441 2383 contra
2474 2328 2653 2398 lupum
2680 2346 2866 2400 agnus.
2901 2333 3200 2389 Exsultavit
3223 2335 3466 2405 diabolus

1854 2414 2101 2484 -quando
2142 2425 2381 2473 mortuus
2408 2428 2490 2474 est
2526 2419 2787 2487 Christus,
2827 2430 2881 2476 et
2918 2424 3026 2493 ipsa
3070 2434 3243 2483 morte
3271 2427 3466 2482 Christi

1890 2514 1973 2560 est
2005 2505 2246 2562 diabolus
2295 2510 2462 2565 victus
2501 2528 2515 2564 :
2558 2520 2804 2581 tanquam
2855 2514 2906 2567 in
2955 2517 3245 2586 muscipula
3289 2533 3464 2573 escam

1889 2596 2112 2665 accepit.
2136 2596 2409 2655 Gaudebat
2434 2601 2499 2656 ad
2527 2613 2772 2668 mortem,
2797 2604 2949 2674 quasi
2979 2607 3296 2676 praepositus
3319 2625 3465 2663 mor-

1890 2687 1978 2742 tis.
2022 2687 2104 2743 Ad
2128 2690 2267 2760 quod
2295 2692 2579 2761 gaudebat,
2625 2694 2746 2750 inde
2791 2696 2865 2750 illi
2908 2704 3114 2752 tensum
3143 2707 3243 2754 est.
3274 2699 3462 2757 Musei-

1890 2778 2010 2847 pula
2038 2779 2255 2848 diaboli,
2278 2797 2411 2837 crux
2433 2783 2637 2839 Domini
2669 2801 2684 2840 :
2712 2802 2833 2841 esca
2860 2802 2961 2856 qua
2990 2798 3292 2859 caperetur,
3320 2807 3466 2849 mors

1890 2868 2118 2924 Domini.
2148 2871 2215 2925 Et
2240 2887 2364 2929 erce
2391 2877 2622 2930 surrexit
2645 2877 2896 2932 Dominus
2921 2887 3101 2934 noster
3127 2879 3283 2936 Jesus
3311 2881 3479 2953 Chri:

1888 2966 2021 3013 stus.
2071 2958 2166 3015 Ubi
2216 2971 2298 3015 est
2326 2979 2468 3017 mors
2497 2981 2615 3033 quae
2656 2968 2904 3035 pependit
2930 2969 2982 3021 in
3011 2968 3189 3039 ligno?
3241 2969 3337 3027 Ubi
3382 2983 3464 3027 est

1889 3045 2157 3103 insultatio
2200 3049 2548 3107 Judworum?
2599 3052 2693 3110 Ubi
2745 3065 2828 3111 est
2874 3059 3066 3128 typhus
3113 3068 3166 3114 et
3217 3062 3461 3130 superbia

1886 3149 2046 3209 caput
2072 3151 2194 3197 ante
2222 3159 2434 3199 crucem
2458 3147 2766 3217 agitantium
2792 3159 2845 3203 ct
2870 3150 3177 3218 dicentium,
3222 3151 3284 3207 Si
3323 3153 3462 3223 ﬁlias

1887 3230 1983 3286 Dei
2007 3243 2098 3300 est,
2130 3234 2395 3291 descendat
2414 3236 2478 3307 de
2504 3254 2650 3305 cruce
2670 3237 2880 3310 (Matth.
2907 3257 3068 3305 nm,
3095 3241 3226 3315 40)?
3251 3243 3317 3298 Et
3341 3245 3461 3315 plus

1887 3323 2028 3395 iecit,
2059 3341 2216 3395 quam
2250 3326 2320 3380 illi
2355 3327 2653 3383 insultando
2694 3330 2993 3400 exigebant.
3024 3332 3151 3389 Plus
3192 3335 3332 3389 enim
3378 3346 3462 3391 ρει

1884 3415 1951 3470 de
2017 3418 2263 3487 sepulcro
2316 3416 2626 3491 resurgere,
2696 3438 2853 3492 quam
2904 3423 2971 3478 de
3025 3414 3192 3495 ligno.
3234 3427 3455 3488 desecu-

1882 3506 2031 3562 dere.

1952 3597 2272 3651 2.’Asceusio
2317 3598 2502 3663 Christi
2542 3600 2722 3670 pignus
2758 3612 2941 3655 Itostrtc
2971 3607 3295 3660 ascensionis.
3331 3606 3449 3661 lani

1884 3702 2010 3743 vero
2034 3699 2227 3758 quanta
2257 3689 2420 3758 gloria
2453 3699 2532 3742 est
2556 3690 2694 3759 quod
2721 3692 2959 3747 ascendit
2988 3694 3039 3748 in
3069 3695 3286 3763 cadum,
3315 3699 3456 3766 quod

1882 3778 2029 3833 sedet
2065 3777 2132 3832 ad
2161 3777 2432 3856 dextet'am
2460 3779 2670 3834 Patris?
2699 3781 2804 3837 Sed
2835 3782 2935 3837 hoc
2967 3784 3136 3840 oculis
3177 3802 3281 3842 nou
3314 3788 3459 3844 vide-

1882 3883 2020 3932 mus,
2044 3868 2165 3940 quia
2209 3883 2308 3924 nec
2354 3870 2669 3941 pendentem
2718 3872 2769 3926 in
2814 3874 2953 3944 ligno
2995 3875 3238 3933 vidimus.
3265 3879 3454 3936 Totum

1882 3958 1982 4015 hoc
2010 3959 2111 4016 ﬁde
2131 3971 2394 4030 tenemus,
2416 3963 2582 4020 oculis
2600 3965 2776 4021 cordis
2796 3966 3081 4023 intuemur.
3104 3969 3274 4028 Hodie
3288 3973 3451 4040 enim,

1880 4053 2017 4107 sicut
2044 4053 2286 4121 audistis,
2310 4053 2520 4124 fratres,
2549 4055 2806 4113 Dominus
2831 4069 3009 4115 noster
3031 4060 3185 4117 Jesus
3210 4063 3457 4124 Christus

1879 4144 2120 4199 ascendit
2146 4145 2197 4200 in
2226 4147 2417 4201 emtum
2439 4164 2453 4200 :
2473 4146 2726 4202 ascendat
2745 4164 2866 4204 cum
2890 4150 2977 4206 illo
2997 4160 3051 4206 et
3071 4168 3165 4209 cor
3190 4166 3450 4211 nostrum.

1882 4233 2170 4290 Audiamus
2198 4235 2510 4306 Apostolum
2532 4237 2817 4306 dicentem,
2848 4239 2911 4296 Si
2920 4246 3323 4303 ,consurrexistis
3335 4264 3452 4304 eum

1879 4323 2099 4391 Christo,
2129 4341 2241 4396 qua:
2277 4342 2479 4381 sursum
2518 4338 2634 4383 sunt
2675 4331 2901 4400 quaerite,
2926 4332 3009 4386 ubi
3044 4332 3272 4390 Christus
3306 4340 3453 4394 estin

1877 4419 2081 4472 dextera
2108 4417 2201 4473 Dei
2225 4419 2439 4476 sedens:
2456 4437 2570 4493 qua:
2602 4439 2799 4479 sursum
2835 4436 2951 4479 sunt
2990 4427 3169 4499 sapite,
3196 4446 3295 4485 non
3336 4447 3452 4503 quc

1873 4527 2025 4580 super
2047 4520 2234 4565 terram
2257 4510 2474 4584 (Coloss.
2502 4529 2578 4583 ιιι,
2607 4514 2697 4570 let
2716 4515 2794 4581 2).
2821 4514 2968 4573 Sicut
2987 4520 3127 4575 enim
3149 4521 3237 4576 ille
3256 4538 3444 4579 ascen-

1874 4603 1987 4671 dit,
2021 4621 2118 4660 nec
2146 4607 2369 4661 recessit
2393 4623 2423 4660 a
2451 4608 2603 4662 nobis
2627 4626 2643 4663 :
2666 4602 2744 4664 sic
2770 4626 2825 4665 et
2852 4627 2949 4665 nos
2975 4628 3094 4666 cum
3120 4612 3214 4669 illo
3244 4614 3312 4670 ibi
3331 4615 3445 4687 jam

1874 4711 2078 4761 sumus,
2098 4698 2340 4767 quamvis
2367 4698 2599 4754 nondum
2624 4699 2674 4754 in
2697 4716 2920 4771 corpore
2942 4714 3126 4759 nostro
3153 4703 3348 4760 factum
3376 4708 3447 4762 sit
3472 4744 3485 4756 .

1873 4786 2013 4858 quod
2036 4788 2358 4857 promittitur
2376 4789 2545 4844 nobis.
2566 4789 2658 4844 llle
2669 4789 2778 4858 jam
2796 4792 3058 4846 exaltatus
3068 4801 3150 4847 est
3165 4800 3447 4862 superetn-

1873 4878 1972 4932 los.
2001 4877 2184 4948 Neque
2204 4878 2348 4933 enim
2377 4889 2652 4949 propterea
2683 4880 2834 4933 nobis
2857 4881 3189 4949 desperanda
3215 4893 3296 4938 est
3324 4900 3445 4953 per-

1870 4968 2003 5021 lecta
2031 4976 2085 5023 et
2111 4968 2349 5038 angelica
2380 4968 2615 5023 caelestis
2651 4968 2924 5036 habitatio,
2952 4972 3074 5040 quia
3100 4971 3251 5037 dixit,
3281 4972 3446 5029 Nemo

1868 5058 2091 5113 ascendit
2126 5059 2179 5112 in
2221 5060 2422 5122 caelum,
2458 5059 2559 5112 nisi
2596 5058 2683 5129 qui
2719 5058 2970 5113 drsceudit
3014 5061 3075 5117 de
3103 5062 3249 5130 coelo,
3280 5062 3446 5119 Filius

1870 5150 2086 5203 hominis
2123 5151 2209 5219 qui
2237 5159 2308 5202 est
2337 5150 2388 5201 in
2410 5148 2532 5202 rwlo
2562 5147 2738 5220 (Joan.
2772 5166 2849 5216 III,
2879 5153 3092 5221 15).Sed
3121 5153 3220 5210 hoc
3246 5153 3443 5209 dictum

1868 5254 1950 5298 o.t
1972 5251 2186 5312 propter
2210 5243 2487 5310 unitatem,
2514 5260 2615 5314 qua
2652 5252 2811 5314 caput
2856 5255 3094 5303 uostIuIn
3134 5258 3238 5317 est,
3264 5258 3319 5305 et
3346 5266 3445 5307 nos

1869 5318 2065 5404 corpus
2088 5332 2220 5403 ejus.
2250 5330 2380 5386 Cum
2409 5334 2646 5389 ascendit
2673 5334 2725 5389 in
2755 5334 2987 5405 omium,~
3008 5353 3107 5393 nos
3127 5339 3194 5394 ab
3219 5340 3308 5394 illo
3334 5356 3440 5396 non

1868 5440 2195 5495 separamur.
2228 5423 2328 5493 Qui
2355 5425 2421 5481 de
2447 5426 2583 5481 cado
2609 5425 2901 5492 descendit,
2935 5444 3039 5483 non
3068 5430 3218 5485 nobis
3244 5430 3444 5489 invidet

1868 5518 2060 5572 cuslqu
2104 5536 2118 5573 :
2158 5517 2252 5574 sed
2295 5515 2521 5589 quodam
2568 5519 2724 5573 modo
2773 5520 2983 5588 clamat,
3040 5522 3274 5578 Membra
3323 5541 3444 5583 mea

1871 5618 2061 5675 estote,
2121 5608 2164 5663 si
2211 5610 2499 5665 ascendere
2539 5611 2694 5665 vultis
2740 5610 2791 5665 iu
2835 5613 3050 5668 cmlum.
3094 5614 3149 5669 lu
3185 5616 3285 5672 IIoc
3317 5634 3445 5689 ergo

1871 5701 1969 5771 ipsi
2000 5702 2210 5757 interim
2242 5702 2573 5768 rohoremur,
2604 5704 2654 5757 in
2685 5705 2785 5757 hoc
2814 5710 2950 5760 votis
2979 5709 3223 5764 omnibus
3248 5723 3442 5765 a-stne-

1872 5810 2007 5847 mus.
2045 5793 2151 5849 lloc
2183 5794 2498 5852 meditemur
2525 5792 2575 5849 in
2612 5796 2785 5863 terris,
2815 5796 2952 5867 quod
3000 5815 3186 5870 compa
3213 5818 3361 5859 amur
3391 5820 3447 5859 In
