3926 6188
389 420 515 477 12ιῖ

389 542 559 598 caelis.
591 536 739 591 Tunc
764 531 970 586 cxuturi
997 510 1212 584 carnem
1258 519 1616 585 mortalitatis,
1641 530 1779 572 nunc
1804 527 1967 570 exua-

392 648 509 688 mus
537 626 699 684 animi
721 630 1056 678 vetustatem.
1085 616 1263 672 Facile
1285 627 1479 682 corpus
1505 608 1762 666 levabitur
1788 605 1840 658 iu
1860 603 1969 658 alta

391 723 670 783 calorum,
702 716 747 771 si
794 730 897 769 non
939 718 1147 783 premat
1192 706 1435 777 Spiritum
1480 701 1688 757 sarcina
1725 705 1972 769 peccato-

392 829 511 868 rum
530 812 570 863 ¹.

464 906 517 959 5.
552 902 805 956 Christum
841 906 952 951 enin
995 909 1207 964 corpore
1245 888 1545 944 ascendisse.
1570 884 1709 941 Nam
1748 890 1803 938 et
1845 878 1971 935 illud

395 994 681 1051 nonnullos
716 987 1160 1044 calumniantibus
1195 981 1464 1037 haereticis
1501 984 1698 1041 movet,
1720 970 1975 1044 quemad-

376 1087 612 1151 modum
645 1084 898 1138 Dominus
933 1080 1048 1134 sine
1069 1091 1292 1146 corpore
1321 1069 1676 1133 descenderit,
1704 1081 1824 1122 cum
1851 1078 1974 1120 cor—

373 1164 527 1247 lpore
551 1172 874 1239 ascenderit,
901 1171 1048 1226 velut
1073 1166 1397 1222 contrarium
1429 1163 1498 1218 sit
1523 1161 1626 1216 illis
1653 1158 1830 1215 verbis
1855 1157 1974 1229 qui-

374 1248 498 1324 Elius
534 1266 638 1333 'ait,
671 1263 835 1319 Nemo
883 1260 1107 1316 ascendit
1142 1259 1197 1313 in
1239 1256 1438 1323 caelum,
1487 1253 1585 1308 tua
1629 1251 1715 1325 qui
1754 1250 1818 1303 de
1851 1247 1977 1303 εωιο

399 1356 672 1412 descendit.
687 1353 913 1424 Corpus,
929 1350 1192 1422 inquiunt,
1208 1346 1347 1418 quod
1368 1361 1472 1401 non
1490 1342 1766 1400 descendit
1783 1339 1849 1395 de
1864 1353 1975 1395 ca:-

363 1450 472 1516 jlo,
500 1444 766 1517 quomodo
810 1441 978 1513 potuit
1018 1439 1309 1495 ascendere
1352 1437 1405 1491 in
1450 1436 1643 1493 cadum
1666 1431 1784 1504 (a)?
1817 1429 1978 1500 Quasi

400 1539 491 1593 ille
512 1535 724 1603 dixerit,
745 1532 889 1589 Nihil
917 1531 1156 1589 ascendit
1180 1529 1235 1583 in
1255 1527 1472 1593 coelum,
1500 1526 1600 1580 nisi
1626 1523 1767 1595 quod
1787 1523 1853 1579 de
1879 1537 1982 1578 caa-

400 1632 455 1684 lo
478 1626 750 1686 descendit
774 1644 788 1694 ;
818 1618 912 1680 sed
941 1624 1035 1691 ait,
1062 1620 1228 1677 Nemo
1263 1618 1508 1685 ascendit,
1540 1616 1637 1670 nisi
1660 1615 1745 1688 qui
1772 1614 1981 1668 descen-

400 1724 495 1777 dit.
522 1721 636 1776 lloc
664 1721 803 1775 enim
829 1717 893 1773 ad
925 1729 1221 1787 personam,
1254 1728 1361 1768 non
1384 1710 1448 1765 ad
1470 1725 1713 1781 pet-senm
1741 1706 1975 1762 habitum

403 1814 606 1871 retulit.
650 1810 932 1867 Descendit
960 1809 1076 1864 sine
1104 1807 1346 1876 corporis
1374 1804 1714 1867 indumento,
1742 1799 1983 1856 ascendit

400 1923 527 1962 cum
564 1907 803 1977 corporis
838 1904 1166 1959 indumento.
1196 1881 1385 1956 Nemo.
1411 1907 1608 1963 tamen,
1639 1897 1737 1953 nisi
1770 1896 1857 1965 qui
1892 1894 1986 1951 de-

405 1997 635 2061 scendit,
668 1996 926 2051 ascendit.
964 1994 1099 2049 Nam
1138 1992 1182 2048 si
1227 2008 1324 2046 nos
1366 1990 1580 2046 sibimet
1617 1997 1863 2057 tauquam
1889 2001 1984 2040 sua

406 2088 644 2145 membra
675 2089 743 2142 ita
769 2084 1052 2159 cuaptavit,
1086 2092 1143 2138 ut
1167 2083 1326 2139 etiam
1350 2081 1502 2137 nobis
1522 2080 1819 2148 conjunctis
1843 2076 1984 2132 idem

409 2182 523 2253 ipse
550 2181 653 2246 sit;
685 2188 883 2250 quanto
914 2177 1080 2247 magis
1102 2166 1237 2229 illud
1270 2188 1486 2243 corpus,
1517 2172 1657 2241 quod
1687 2170 1756 2226 de
1786 2168 1988 2239 virgine

407 2270 716 2340 assumpsit,
734 2270 893 2324 aliam
922 2283 1026 2323 non
1050 2273 1225 2338 potest
1248 2266 1297 2319 in
1327 2264 1419 2319 illo
1440 2263 1642 2318 habere
1667 2258 1986 2332 personam!

404 2362 541 2431 Quis
563 2361 707 2416 enim
742 2360 825 2414 vel
868 2360 919 2414 in
962 2367 1219 2423 montem,
1244 2356 1331 2411 vel
1357 2355 1410 2410 in
1442 2369 1672 2420 murum,
1701 2352 1785 2408 vel
1813 2352 1865 2407 in
1893 2350 1988 2406 ali-

408 2465 566 2522 quem
594 2450 921 2521 superiorem
948 2449 1120 2505 locum
1145 2446 1273 2502 dicit
1299 2461 1402 2500 non
1434 2459 1556 2500 eum
1582 2444 1753 2498 solum
1782 2436 1871 2513 qui
1892 2440 1989 2496 de-

412 2540 680 2597 scenderit
724 2540 1050 2606 ascendisse,
1096 2539 1142 2593 si
1195 2552 1316 2592 cum
1366 2534 1731 2591 descendisset
1777 2543 1989 2597 exutus,

410 2632 664 2689 ascendat
717 2630 972 2697 indutus;
1026 2639 1119 2684 aut
1163 2644 1284 2683 cum
1331 2625 1700 2682 descendisset
1751 2622 1987 2689 inennis,

413 2724 670 2780 ascendat
696 2723 966 2779 armatus?
991 2720 1445 2791 Quemadmodum
1472 2734 1600 2791 ergo
1622 2717 1691 2774 de
1724 2717 1828 2773 hoc
1857 2716 1992 2772 dici-
2052 2722 2059 2731 ‘

417 2829 522 2881 tur,
553 2815 723 2872 Nemo
747 2813 987 2870 ascendit
1011 2813 1117 2868 nisi
1152 2812 1241 2883 qui
1281 2810 1576 2876 descendit,
1604 2809 1846 2880 quamvis
1871 2823 1992 2862 cum

413 2921 478 2963 ca
526 2922 585 2963 re
628 2922 748 2962 cum
794 2921 897 2976 qua
939 2920 1045 2959 non
1070 2903 1350 2959 descendit
1376 2901 1677 2958 ascenderit
1704 2900 1817 2954 :sic
1836 2912 1995 2954 nemo

417 3004 469 3054 in
503 2999 698 3055 euilum
728 2998 828 3053 nisi
855 2997 1098 3053 Christus
1134 2994 1405 3059 ascendit;
1438 2993 1559 3063 quia
1602 2990 1670 3046 de
1707 2990 1864 3054 cmlo,
1895 2988 1996 3043 nisi

413 3089 686 3156 Christus,
715 3104 872 3144 nemo
902 3086 1211 3153 descendit;
1238 3085 1479 3155 quamvis
1507 3083 1624 3139 sine
1649 3096 1875 3151 corpore
1898 3079 1996 3136 de-

412 3179 704 3243 scenderit,
737 3194 860 3233 cum
888 3191 1115 3246 corpore
1143 3175 1468 3238 ascenderit,
1492 3173 1795 3229 ascensuris
1822 3179 1877 3228 et
1897 3188 1998 3227 no-

417 3271 502 3326 bis
543 3286 647 3324 non
690 3270 882 3323 virtute
926 3278 1128 3331 nostra,
1157 3266 1250 3323 sed
1295 3276 1477 3321 nostra
1524 3274 1578 3321 et
1604 3264 1746 3319 illius
1774 3263 1997 3320 unitate.

418 3360 536 3415 Duo
572 3359 767 3431 quippe
808 3367 930 3413 sunt
965 3359 1017 3412 in
1059 3372 1220 3412 Carne
1268 3372 1402 3422 una;
1442 3365 1831 3411 sacramentum
1881 3371 1998 3411 ma-

413 3466 577 3522 gnum
601 3460 681 3505 est
702 3452 752 3504 in
778 3449 989 3506 Christo
1013 3457 1064 3503 et
1084 3449 1132 3503 in
1159 3448 1393 3504 Ecclesia
1421 3444 1640 3518 (Ep/tes.
1663 3463 1715 3514 v,
1742 3446 1802 3501 5i
1824 3456 1869 3500 et
1883 3446 1996 3519 δὲ).

422 3542 570 3599 Unde
595 3551 650 3597 et
674 3552 729 3598 et
753 3543 805 3613 ip
834 3558 864 3596 e
890 3541 1018 3598 dicit
1041 3559 1054 3594 :
1084 3540 1247 3612 Igitur
1260 3540 1374 3611 jam
1397 3557 1495 3595 non
1512 3541 1629 3607 duo,
1653 3541 1744 3594 sed
1762 3556 1862 3594 una
1881 3555 2000 3597 caro

420 3633 632 3706 (natm.
664 3647 773 3699 χιε,
803 3632 880 3705 c).

489 3725 543 3780 ι.
568 3723 797 3779 Christus
817 3740 906 3778 cur
929 3722 1263 3794 quadraginta
1300 3722 1474 3778 diebus
1498 3724 1769 3794 jejunavit,
1802 3733 1850 3778 et
1884 3722 2000 3777 toti-

415 3817 532 3869 dem
557 3816 665 3870 dies
704 3815 804 3887 egit
846 3831 963 3869 cum
1008 3814 1269 3885 discipulis
1313 3822 1426 3885 post
1473 3814 1904 3868 resurrectionem.
1931 3813 2001 3868 Et

419 3908 538 3964 ideo
554 3908 972 3979 jejuuavit,eum
997 3915 1291 3961 tentaretur
1320 3913 1443 3961 ante
1482 3914 1708 3961 mortem
1751 3905 1872 3962 cibo
1907 3905 2003 3961 ad-

416 4002 526 4057 huc
545 4000 787 4071 indigens
810 4017 824 4052 :
846 3998 1185 4053 manducavit
1212 4007 1393 4052 autem
1424 4003 1479 4052 et
1504 3997 1656 4064 bibit,
1688 4013 1808 4052 eum
1834 3997 2000 4068 glori-

415 4093 670 4148 ﬂcaretur
695 4100 811 4162 post
838 4089 1285 4146 resurrectionem
1307 4089 1418 4160 jam
1456 4089 1576 4144 cibo
1602 4100 1706 4143 non
1735 4089 1997 4159 indigens.

416 4184 534 4240 Illic
559 4185 699 4241 enim
727 4182 1039 4239 ostendebat
1063 4181 1116 4237 in
1143 4196 1202 4238 se
1226 4190 1468 4237 nostrum
1501 4180 1759 4244 laborem,
1789 4181 1875 4236 hic
1900 4196 1999 4237 au-

416 4274 527 4331 tem
559 4275 610 4330 in
648 4275 801 4353 nobis
839 4290 989 4330 suam
1035 4272 1478 4341 consolationem,
1506 4272 1853 4344 quadraginta
1881 4271 2001 4330 die-

418 4367 522 4421 bus
545 4377 830 4436 utruinque
850 4365 1129 4421 deﬁniens.
1162 4364 1289 4420 Nam
1330 4363 1676 4436 quadraginta
1706 4364 1895 4422 diebus
1918 4365 1999 4436 je-

416 4458 643 4526 junavit,
675 4472 794 4511 cum
827 4465 1119 4511 tentaretur
1153 4456 1205 4510 in
1240 4472 1442 4519 eremo,
1471 4457 1610 4512 sicut
1638 4457 1691 4511 in
1714 4456 2002 4529 Evangelio

413 4548 678 4618 scriptum
708 4555 807 4612 est,
848 4553 972 4600 ante
1002 4555 1224 4600 mortem
1264 4548 1441 4601 carnis
1477 4549 1819 4619 sua:(1llattlt.
1843 4567 1915 4614 tv,
1946 4551 1997 4617 1,

415 4638 507 4707 2);
539 4647 593 4693 et
623 4652 833 4691 rursum
855 4637 1198 4706 quadraginta
1224 4637 1419 4692 diebus
1431 4655 1552 4694 cum
1578 4640 1853 4713 discipulis
1876 4642 1998 4712 fuit,

421 4729 561 4783 sicut
577 4727 769 4784 Petrus
796 4729 848 4783 in
872 4728 1091 4783 Actibus
1111 4728 1489 4797 Apostolorum
1510 4729 1770 4801 loquitur,
1797 4734 2001 4790 intrans

413 4829 475 4875 ct
503 4819 708 4887 exiens,
739 4820 1065 4876 manducans
1093 4829 1147 4875 et
1169 4819 1378 4888 bibens,
1408 4830 1527 4891 post
1553 4827 2000 4882 resurrectionem

414 4912 599 4987 paruis
625 4929 735 4969 sua:
763 4913 897 4986 (Act.
929 4931 964 4980 ι,
993 4914 1048 4980 3.,
1079 4915 1155 4986 ιι).
1190 4914 1308 4984 Quo
1332 4930 1556 4973 numero
1593 4917 2001 4991 quadragesimo

415 5007 579 5077 hujus
603 5007 782 5065 surculi
821 5007 1120 5078 signiﬁcare
1145 5006 1354 5064 videtur
1390 5024 1647 5065 excursus
1690 5010 1743 5066 in
1785 5012 1867 5068 his
1909 5016 1998 5085 qui

422 5110 679 5156 voeantur
699 5100 762 5155 ad
793 5101 1038 5171 gratiam,
1069 5116 1162 5171 per
1197 5117 1318 5155 eum
1359 5102 1452 5172 qui
1500 5118 1604 5157 non
1643 5104 1789 5160 venit
1831 5106 1997 5177 legem

416 5193 652 5260 solxere,
703 5192 798 5248 sed
848 5192 1158 5263 adimplere.
1202 5192 1393 5248 Decem
1442 5209 1669 5266 namque
1708 5206 1833 5253 sunt
1865 5214 2001 5269 prac-

415 5293 573 5355 ccpta
602 5284 751 5355 legis.
773 5281 890 5337 .lam
918 5285 1085 5354 gratia
1109 5283 1308 5339 Christi
1338 5285 1527 5340 diffusa
1556 5304 1649 5356 per
1674 5278 1928 5345 mundum
1947 5303 2002 5348 et

417 5375 836 5446 quadripartitus
861 5373 1113 5443 mundus,
1150 5384 1205 5430 et
1232 5376 1419 5451 decent
1449 5378 1831 5450 quadriplieata
1861 5400 1996 5454 qua-

415 5465 661 5535 draginta
689 5463 889 5524 faciunt
914 5483 927 5518 :
949 5465 1198 5535 quoniam
1235 5467 1323 5535 qui
1347 5466 1589 5539 redempti
1616 5481 1733 5525 sunt
1760 5490 1790 5526 a
1818 5471 1999 5527 Donii-
2030 5484 2042 5496 '

420 5573 507 5622 no,
540 5557 603 5611 de
642 5556 925 5628 regionibus
966 5558 1281 5629 congregavit
1317 5574 1426 5624 eos,
1456 5558 1518 5613 ab
1546 5557 1749 5617 Oriente
1772 5573 1817 5618 et
1847 5565 1996 5618 Ueri-

418 5690 609 5815 w'sllic
628 5703 793 5740 sermo
815 5688 989 5740 desiuit
1014 5690 1136 5755 apud
1163 5699 1262 5740 Am.
1290 5698 1362 5742 Er.
1391 5700 1442 5743 et
1464 5693 1513 5743 itt
1536 5695 1719 5744 nostris
1739 5692 1998 5746 inanitssti-

369 5818 385 5829 ‘
424 5809 433 5815 '
484 5809 558 5871 (α)
592 5811 704 5861 vide
737 5810 915 5869 librum
935 5811 998 5863 de
1033 5824 1194 5878 agone
1225 5814 1504 5877 Cluistiano,
1529 5828 1633 5879 cap.
1669 5815 1744 5867 εδ.

1625 396 1685 452 S.
1722 388 1950 450 AUCUS
1963 385 2083 444 l'lNl
2125 383 2421 442 EPlSCOl‘I

3524 374 3673 435 me

2078 508 2224 564 dente
2251 516 2299 561 ct
2324 502 2573 573 Aquilone
2595 511 2639 556 et
2669 498 2804 554 Mari
2836 496 3005 571 (Psal.
3023 512 3133 565 m,
3159 494 3259 552 Ret
3280 495 3378 566 3).
3404 493 3671 566 ch'ms

2078 598 2258 669 itaque
2279 595 2627 667 quadraginta
2648 592 2840 649 diebus
2868 600 2994 648 ante
3037 601 3266 647 mortem
3295 589 3495 656 carnis,
3518 587 3677 642 velut

2077 688 2675 747 clamabatmbstinetc
2717 700 2815 741 vos
2852 699 2883 738 a
2927 682 3223 739 desideriis
3266 680 3427 750 huius
3460 680 3676 735 saecli.

2077 780 2402 837 Manducans
2428 786 2607 835 autem
2645 787 2700 833 et
2735 777 2925 831 bibens
2951 774 3300 845 quadraginta
3336 772 3525 827 diebus
3548 782 3673 843 post

2080 875 2528 932 resurrectionem
2559 872 2754 932 carnis.
2786 869 2935 924 velut
2971 868 3272 923 clamabat:
3293 864 3428 920 Ecce
3459 882 3552 936 ego
3582 881 3679 918 ro.

2080 968 2270 1024 hiscant
2298 983 2410 1021 sum
2452 980 2605 1035 usque
2641 963 2710 1016 ad
2738 960 3216 1016 consummationem
3256 959 3428 1013 seaculi
3453 956 3675 1028 (Matth.
3722 1026 3729 1029 _

2082 1075 2269 1123 xxvtu,
2294 1055 2408 1127 20).
2427 1056 2693 1127 Jejunium
2721 1054 2915 1126 quippe
2940 1063 3022 1108 est
3053 1052 3104 1106 in
3131 1050 3473 1105 tribulatione
3490 1061 3673 1104 cata-

2081 1149 2270 1216 minis;
2296 1149 2552 1220 quoniam
2589 1145 2677 1217 qui
2722 1145 2775 1199 in
2814 1158 2984 1215 agone
3017 1140 3311 1206 contendit,
3335 1140 3402 1196 ah
3424 1140 3681 1196 omnibus

2082 1242 2358 1300 abstinens
2383 1248 2468 1297 est
2492 1239 2550 1311 (ι
2572 1237 2690 1294 Cor.
2725 1253 2800 1304 ix,
2828 1236 2921 1308 25)
2942 1256 2955 1291 :
2976 1234 3132 1290 cibus
3169 1243 3347 1289 autem
3377 1233 3431 1288 in
3448 1248 3545 1302 spe
3575 1249 3681 1304 pa-

2083 1336 2183 1403 eis,
2213 1350 2333 1407 qua:
2359 1333 2593 1407 perfecta
2624 1349 2734 1388 non
2752 1331 2873 1397 erit,
2903 1331 3007 1386 nisi
3030 1345 3152 1384 cum
3179 1344 3375 1399 contus
3396 1336 3676 1393 nostrum,

2083 1429 2239 1502 cujus
2262 1439 2637 1500 exspectamus
2661 1424 3108 1496 redemptionem,
3141 1420 3374 1477 induerit
3390 1422 3682 1476 inmorta-

2084 1523 2309 1580 litatem.
2357 1520 2509 1589 Quod
2558 1519 2793 1576 nondum
2837 1515 3185 1589 adipiscendo
3226 1514 3539 1586 gloriamur,
3579 1512 3682 1568 sed

2085 1612 2352 1684 sperando
2393 1611 2505 1681 jam
2546 1610 2832 1681 nascimur.
2870 1607 3167 1678 Utrumque
3200 1606 3491 1676 Apostolus
3518 1604 3687 1660 simul

2088 1721 2187 1760 nos
2215 1719 2374 1776 agere
2405 1704 2638 1758 ostendit
2663 1702 2868 1767 dit-eus,
2909 1700 3016 1772 Spe
3057 1698 3443 1771 gaudentes,-in
3472 1697 3692 1750 tributa.

2086 1798 2223 1852 tione
2248 1797 2489 1866 patientes
2515 1794 2692 1864 (Rom.
2730 1810 2825 1857 xu,
2856 1793 2947 1865 i9.)
2972 1808 2985 1845 :
3020 1801 3268 1864 tanquam
3301 1790 3433 1845 illud
3456 1800 3597 1845 esset
3622 1790 3681 1842 in

2088 1889 2230 1955 cibo,
2257 1887 2361 1944 huc
2402 1889 2455 1942 in
2486 1887 2711 1959 jejunio.
2747 1886 2919 1942 Simul
2955 1885 3098 1942 enim
3141 1900 3263 1939 cum
3294 1885 3439 1939 viam
3472 1883 3688 1937 Domini

2089 1981 2379 2051 carpimus,
2409 1989 2513 2038 eta
2543 1981 2774 2036 vanitate
2811 1979 3091 2048 praesentis
3134 1977 3316 2033 saeculi
3351 1977 3686 2047 jejuuenzus.

2090 2079 2147 2126 et
2170 2070 2330 2126 futuri
2358 2069 2715 2141 promissione
2739 2068 3076 2134 reﬁciamur;
3107 2068 3194 2123 hic
3221 2084 3325 2123 non
3353 2076 3691 2138 apponcntes

2092 2176 2209 2229 cor,
2251 2160 2378 2218 illuc
2407 2170 2690 2232 pascentes
2712 2175 2923 2216 sursum
2951 2175 3065 2215 cor.

2581 2291 2813 2348 suuno
2849 2290 3215 2363 CCLXIV(a).

2440 2496 2451 2503 θ
2533 2432 2602 2477 De
2632 2426 2924 2476 ascensione
2954 2424 3155 2486 Domini,
3189 2440 3253 2475 Iv.

2170 2554 2223 2607 1.
2255 2550 2540 2606 Dicendum
2573 2550 2636 2605 de
2658 2550 2900 2622 mysterio
2948 2549 3258 2623 asceusionis
3284 2547 3494 2606 Christi.
3520 2547 3691 2603 biqu

2098 2651 2222 2699 sunt
2246 2641 2545 2698 divinarum
2570 2639 2975 2711 Scripturarum
3012 2641 3288 2696 recondita
3328 2650 3695 2704 sacramenta,

2098 2734 2211 2789 sive
2236 2749 2355 2801 quin
2374 2733 2550 2788 adhuc
2571 2732 2785 2802 nosipsi
2811 2731 3097 2802 querenda
3125 2725 3404 2798 habemus,
3431 2732 3544 2786 sive
3566 2747 3697 2801 qua:

2092 2826 2204 2895 jam
2232 2823 2516 2879 humilitati
2545 2833 2742 2879 nostra
2766 2823 3025 2878 Dominus
3040 2822 3280 2879 revelare
3305 2822 3555 2893 dignatus
3573 2833 3695 2877 est:

2100 2915 2193 2970 sed
2216 2915 2488 2985 aperiendi
2523 2915 2638 2970 haec
2667 2913 2946 2972 Sanctitati
2979 2924 3172 2970 vestra:
3200 2923 3410 2984 tempus
3436 2932 3543 2969 non
3569 2914 3695 2969 sui.

2103 3007 2230 3063 ﬁcit.
2261 3007 2394 3063 Novi
2418 3008 2560 3063 enim
2587 3006 2821 3062 maxime
2844 3005 2930 3062 his
2956 3007 3149 3063 diebus
3170 3008 3378 3077 impleri
3401 3008 3695 3063 ecclesiam

2101 3099 2313 3165 talibus,
2335 3099 2437 3171 qui
2465 3099 2623 3155 citius
2647 3099 2849 3154 vellent
2866 3098 3174 3166 discedere,
3204 3116 3368 3169 quam
3393 3103 3611 3164 venire;
3643 3114 3700 3156 et

2098 3206 2362 3249 onerosos
2383 3206 2481 3247 nos
2506 3190 2737 3260 habent,
2760 3193 2814 3247 si
2843 3192 3133 3263 aliquando
3168 3193 3374 3248 diutius
3406 3182 3698 3265 adloqua-

2104 3300 2225 3340 mur
2248 3301 2261 3337 :
2284 3283 2374 3355 qui
2399 3294 2574 3340 tamen
2605 3284 2657 3339 in
2690 3284 2925 3355 prandiis
2950 3283 3084 3351 suis,
3114 3284 3181 3340 ad
3210 3300 3331 3355 quas
3352 3286 3629 3353 festinant,
3646 3287 3696 3341 si

2106 3383 2389 3431 teneantur
2420 3389 2587 3446 usque
2624 3375 2694 3430 ad
2723 3390 3024 3446 vesperam,
3057 3390 3157 3430 nec
3193 3376 3457 3440 laborant,
3478 3392 3581 3432 nec
3606 3393 3698 3433 re-

2103 3476 2314 3534 cusant,
2347 3481 2447 3522 nec
2484 3466 2676 3522 saltem
2703 3467 2994 3538 aliquando,
3019 3467 3128 3522 ullo
3153 3468 3358 3537 pudore
3390 3469 3697 3524 discedunt.

2104 3549 2305 3613 Tamen
2334 3572 2400 3614 ne
2425 3557 2730 3613 fraudemus
2758 3559 2966 3630 eosqui
2995 3559 3297 3615 esurientes
3324 3559 3698 3628 veniunt.etsi

2105 3651 2359 3718 breviter,
2385 3665 2490 3706 non
2521 3649 2813 3705 tacebimus
2832 3649 2995 3720 hujus
3012 3649 3089 3704 rei
3109 3659 3526 3717 sacramentum,
3546 3652 3695 3721 quod

2106 3743 2364 3798 Dominus
2396 3750 2582 3797 noster
2615 3739 2772 3796 εοεαε
2794 3739 3038 3796 Christus
3066 3755 3196 3796 cum
3240 3756 3310 3796 eo
3354 3756 3602 3811 corpore,
3638 3742 3695 3797 in

2105 3851 2211 3907 quo
2235 3835 2526 3891 resurrexit
2543 3834 2801 3890 ascendit.

2175 3926 2230 3979 2.
2253 3924 2484 3980 Christus
2521 3932 2635 3995 post
2668 3922 3083 3985 restoration“
3116 3904 3442 3979 concussit"
3464 3940 3584 3979 cum
3610 3927 3696 3980 di-

2104 4018 2333 4090 scipulis,
2364 4027 2421 4071 ut
2448 4018 2501 4071 in
2527 4018 2630 4085 [ide
2653 4016 3033 4083 confirmentur.
3060 4014 3295 4069 Ascendit
3314 4017 3367 4069 in
3392 4016 3597 4083 caelum,
3630 4034 3698 4073 ne

2105 4120 2394 4165 remaneant
2422 4102 2669 4162 in‘carne.
2695 4105 2836 4161 Sane
2878 4114 3100 4177 prepter
3136 4106 3499 4162 inﬁrmitatem
3532 4107 3696 4163 disci.

2107 4203 2350 4275 pulcrum
2401 4216 2617 4255 suorum
2643 4217 2657 4252 :
2680 4214 2785 4254 non
2820 4199 2972 4254 enim
3024 4199 3248 4255 deerant
3284 4203 3447 4255 etiam
3496 4202 3553 4257 in
3597 4203 3694 4259 illo

2106 4310 2362 4360 numero,
2393 4308 2527 4363 quos
2559 4291 2799 4347 diabolus
2845 4291 3157 4349 inﬁdelitate
3206 4302 3455 4363 tentaret,
3513 4297 3587 4352 ita
3634 4308 3698 4352 ut

2104 4386 2320 4459 quidam
2343 4384 2635 4454 discipulus
2661 4383 2776 4453 ejus
2805 4384 2857 4438 in
2887 4382 3000 4453 ipsa
3039 4384 3222 4454 specie
3244 4387 3299 4440 in
3320 4401 3422 4455 qua
3446 4400 3691 4455 novem,

2105 4492 2211 4534 non
2242 4485 2418 4531 tamen
2449 4473 2618 4546 magis
2644 4474 2800 4530 [idem
2832 4472 3055 4530 haberet
3083 4475 3384 4531 viventibus
3412 4478 3691 4543 mettlltris,

2104 4585 2266 4640 quium
2302 4566 2605 4622 recentibus
2620 4565 2955 4621 cicatricibus
2983 4564 3164 4636 (loco.
3193 4583 3283 4631 xx,
3311 4567 3443 4637 ﬁ):
3466 4583 3599 4639 ergo
3621 4570 3690 4623 ad

2105 4674 2290 4716 eorum
2316 4657 2773 4716 conﬁrmationem
2803 4657 3049 4727 dignatus
3077 4666 3160 4713 est
3191 4669 3312 4724 post
3342 4662 3692 4716 resurrectio-

2102 4766 2229 4807 nem
2250 4751 2430 4806 vivere
2456 4764 2579 4805 cum
2611 4749 2714 4803 illis
2751 4748 3097 4819 quadraginta
3137 4748 3328 4805 diebus
3357 4751 3597 4822 integris,
3623 4754 3691 4807 ab

2107 4844 2223 4915 ipso
2247 4841 2335 4899 die
2363 4841 2627 4913 passionis
2654 4854 2764 4895 sua:
2789 4854 2959 4909 usque
2987 4840 3037 4894 in
3065 4839 3384 4897 hodiernum
3410 4842 3576 4906 diem,
3606 4844 3687 4897 in-

2105 4946 2255 4993 trans
2275 4944 2329 4990 ct
2346 4935 2552 4999 exiens,
2577 4932 2900 4987 manducans
2917 4942 2979 4987 et
3000 4931 3206 4997 bibens,
3226 4932 3369 4988 sicut
3395 4933 3525 4989 dicit
3543 4934 3689 4989 Seri-

2107 5038 2255 5100 ptnra
2291 5028 2424 5100 (Art.
2458 5043 2495 5093 ι,
2528 5026 2581 5091 5,
2615 5024 2715 5097 4');
2746 5023 3073 5079 conﬁrmans
3112 5024 3213 5078 hoc
3259 5025 3526 5080 redditum
3571 5035 3690 5080 ess:

2105 5121 2274 5177 oculis
2299 5132 2495 5174 eorum
2517 5126 2637 5186 post
2658 5115 3126 5184 resurrectionem,
3151 5115 3296 5186 quod
3322 5116 3556 5171 uitiatum
3576 5130 3691 5172 erat

2109 5228 2201 5285 per
2226 5224 2463 5268 crucem.
2492 5208 2869 5263 Verumtamen
2892 5221 2997 5261 non
3026 5205 3145 5263 illos
3166 5206 3335 5262 voluit
3357 5208 3408 5262 in
3425 5222 3587 5263 carne
3603 5224 3689 5263 re-

2106 5318 2344 5365 manere,
2368 5316 2467 5356 nec
2510 5299 2711 5354 carnali
2748 5298 3038 5355 dilectione
3080 5298 3281 5354 diutius
3327 5302 3579 5356 retinere.
3610 5301 3689 5356 Eo

2104 5394 2248 5451 enim
2275 5393 2459 5449 animo
2483 5390 2730 5447 volebant
2757 5386 3024 5445 eum'esse
3050 5405 3269 5461 semper
3292 5393 3578 5447 canialiter
3595 5410 3683 5449 se—

2103 5503 2247 5552 cum,
2278 5500 2385 5555 quo
2412 5485 2589 5539 animo
2612 5483 2771 5538 etiam
2804 5482 2992 5539 Petrus
3018 5484 3239 5540 timebat
3271 5501 3393 5541 eum
3439 5489 3566 5557 pati.
3598 5488 3688 5541 \‘i—

2104 5578 2301 5634 dobant
2349 5576 2487 5631 enim
2533 5589 2714 5630 secum
2760 5574 3069 5645 magistrum
3100 5616 3116 5644 ,
3164 5575 3580 5633 confortatorem
3636 5587 3689 5633 et

2167 5758 2240 5820 (α)
2263 5757 2422 5808 Prodit
2444 5770 2571 5820 nunc
2593 5754 2798 5820 primurn
2818 5768 2879 5805 ex
2908 5755 3064 5806 veteri
3090 5753 3455 5808 \‘indocincnsis
3479 5757 3692 5810 abbatis

2107 5827 2187 5873 Is.
2214 5817 2447 5872 armorum
2470 5819 2576 5870 fere
2600 5817 2707 5868 800.
