3926 6188
235 414 374 477 Ιὶιῖ

230 528 617 587 consolatorem
646 535 716 582 et
748 533 1109 597 protectorem
1141 522 1430 588 hominem,
1461 521 1646 592 quales
1674 518 1823 575 vide-

231 621 356 676 bant
383 634 443 675 se
470 618 633 688 ipsos.
666 617 723 672 Si
745 616 857 670 tate
886 614 1088 686 aliquid
1112 628 1222 668 non
1246 612 1512 678 viderent,
1538 611 1820 666 absentem

228 710 549 774 credebam;
582 724 713 763 cum
741 707 938 778 ubique
983 706 1072 762 ille
1123 698 1401 775 majestate
1445 704 1518 758 sit
1551 717 1818 773 ipsaseas.

229 803 501 859 Tuebatur
521 811 701 856 autem
729 815 822 856 eos
863 814 1068 862 revera,
1089 794 1542 868 quemadmodum
1588 795 1702 864 ipse
1742 792 1824 848 di-

229 910 352 949 cere
371 893 626 964 diguatus
645 901 746 956 est,
763 901 1018 961 tauquam
1039 889 1234 960 gallina
1263 889 1436 959 pullos
1459 902 1588 942 suos
1606 885 1820 958 (Matth.

229 1002 375 1048 nm.
399 987 514 1059 37).
557 985 704 1041 Sicut
749 985 892 1042 enim
932 984 1136 1054 gallina
1182 991 1407 1052 propter
1448 982 1821 1036 inﬁrmitatem

229 1079 496 1146 pullorum
533 1087 588 1131 et
639 1077 750 1146 ipsa
805 1076 1120 1129 inlinuntur.
1149 1075 1202 1129 Si
1237 1073 1389 1128 enim
1439 1071 1818 1138 recordamini,

225 1178 348 1222 ante
376 1169 562 1222 oculos
589 1175 804 1221 nostros
833 1175 957 1221 sunt
983 1176 1142 1220 tanta:
1182 1182 1330 1227 aves.
1359 1181 1478 1235 (pta:
1514 1165 1690 1234 pullos
1739 1163 1818 1216 fa-

225 1259 407 1324 ciunt;
434 1274 538 1312 non
569 1257 810 1312 videmus
831 1257 1062 1326 aliquam
1088 1271 1240 1310 avent
1263 1255 1531 1310 infirmari
1549 1270 1680 1309 cum
1698 1254 1820 1324 pul-

227 1350 314 1417 lis,
341 1349 445 1406 nisi
471 1350 718 1420 gallinam
750 1367 762 1403 :
789 1359 844 1404 et
872 1349 993 1404 ideo
1023 1349 1088 1404 de
1119 1349 1208 1402 illa
1236 1348 1493 1403 Dominus
1515 1347 1820 1403 similitudi-

229 1457 352 1495 nem
402 1441 590 1506 duxit;
627 1442 748 1511 quia
798 1451 1014 1512 propter
1058 1439 1420 1494 inﬁrmitatem
1475 1446 1712 1496 nostram
1764 1448 1822 1493 et

227 1533 345 1603 ipse
377 1533 718 1605 susceptione
743 1533 921 1587 carnis
951 1531 1208 1586 inﬁrmari
1239 1531 1489 1602 dignatus
1515 1539 1617 1586 est.
1647 1531 1820 1600 Oper-

225 1625 374 1680 tebat
396 1634 575 1680 autem
610 1634 662 1678 ut
704 1624 1036 1694 erigerentur
1071 1623 1426 1694 aliquantum,
1453 1631 1504 1677 et
1529 1621 1642 1692 jam
1680 1621 1818 1675 inci-

227 1727 420 1786 pereat
462 1733 584 1772 cum
632 1717 980 1786 Spiritualiter
1017 1716 1271 1786 cogitare,
1306 1726 1554 1785 tanquam
1585 1713 1817 1771 Verbum

223 1809 421 1875 Patris,
442 1809 608 1865 Deum
636 1809 774 1878 apud
809 1809 1112 1878 Deum,.per
1129 1823 1288 1877 quem
1312 1808 1444 1860 taeta
1474 1816 1596 1862 sunt
1617 1806 1813 1860 omnia:

224 1911 282 1956 et
321 1917 426 1956 non
475 1916 568 1956 eos
609 1901 816 1955 sinebat
857 1917 1002 1964 caro,
1037 1915 1198 1971 quam
1245 1900 1510 1954 videbant.
1560 1899 1819 1954 Proderat

217 2007 353 2061 ergo
392 1992 494 2046 illis
533 1992 835 2046 conﬁrmari
873 1992 925 2044 in
961 1990 1066 2046 ﬁde
1097 2006 1192 2061 per
1219 1991 1675 2048 conuersationem
1699 1990 1817 2058 ejus

221 2098 407 2135 secum
449 2081 796 2152 quadraginta
824 2080 1012 2135 diebus
1041 2098 1053 2134 :
1078 2079 1171 2134 sed
1193 2079 1322 2148 .pltb'
1346 2079 1600 2148 proderat
1625 2080 1725 2144 eis,
1759 2087 1817 2132 ut

216 2191 282 2228 se
311 2176 380 2230 ab
406 2175 576 2229 oculis
602 2189 786 2228 eorum
819 2173 1188 2237 subtraheret;
1215 2181 1271 2226 et
1308 2171 1398 2241 qui
1427 2171 1482 2225 in
1534 2180 1673 2224 terra
1703 2179 1820 2224 tan-

221 2283 386 2335 quam
441 2267 606 2320 frater
660 2273 1005 2319 conversatus
1051 2264 1242 2328 fuerat,
1273 2262 1342 2316 de
1385 2263 1523 2316 ercto
1567 2270 1814 2330 tanquam

221 2359 484 2413 Dominus
508 2356 812 2412 subveniret
837 2374 853 2422 ;
885 2355 1261 2425 discerentque
1301 2355 1448 2407 illum
1477 2352 1711 2423 cogitare
1733 2367 1817 2406 se-

215 2449 456 2502 cundum
484 2448 668 2502 Deum.
691 2446 800 2501 lloc
823 2445 965 2500 enim
995 2443 1319 2514 evangelista
1345 2442 1578 2498 Joannes
1602 2441 1812 2496 sonuit:

218 2541 268 2592 si
299 2539 423 2610 quis
448 2539 710 2602 advertat,
734 2538 777 2593 si
806 2537 926 2608 quis
948 2536 1222 2606 intelligat.
1255 2537 1343 2589 Ait
1366 2535 1507 2589 enim
1532 2535 1812 2589 Dominus:

231 2632 350 2686 Non
395 2629 620 2685 tnibetnr
663 2647 750 2684 cor
789 2644 1025 2684 vestrum.
1069 2629 1129 2684 Si
1174 2645 1252 2683 me
1298 2627 1591 2699 diligeretis,
1625 2628 1815 2698 inquit,

224 2722 528 2793 gauderetis,
555 2722 674 2791 quia
696 2721 822 2774 vado
843 2722 909 2773 ad
938 2719 1178 2784 Putrem;
1209 2720 1447 2789 quoniam
1463 2717 1624 2772 Pater
1652 2719 1820 2788 major

229 2833 307 2868 me
348 2825 415 2868 est
452 2813 630 2887 (Joan.
659 2829 766 2876 le,
800 2815 847 2878 Ι,
877 2812 990 2883 ‘28).
1025 2811 1090 2864 Et
1128 2812 1236 2864 alio
1275 2811 1413 2876 loco,
1437 2810 1608 2878 dicit:
1638 2809 1746 2881 Ego
1770 2818 1818 2863 et

239 2903 386 2958 Pater
409 2923 562 2958 unum
589 2921 760 2959 sumus
792 2901 901 2976 (Id.
935 2919 985 2968 κ,
1011 2902 1126 2974 50).
1157 2900 1490 2971 Tantumque
1517 2901 1618 2956 sibi
1638 2916 1820 2971 mqua-

240 2998 439 3051 lit..tem
481 2997 732 3061 vindicat,
764 3011 868 3049 non
914 2995 1114 3064 rapina,
1150 2993 1241 3046 sed
1287 2981 1496 3058 natura:
1527 3002 1581 3046 ut
1611 2993 1710 3046 hoc
1736 2992 1819 3047 di-

236 3097 380 3143 ceret
423 3089 630 3142 cuidam
679 3085 941 3158 discipulo
974 3086 1168 3140 dicenti
1199 3085 1318 3147 sibi,
1349 3083 1588 3150 Domine,
1615 3083 1818 3138 ostende

231 3181 370 3235 nobis
405 3179 630 3245 Patrem,
659 3189 703 3233 et
728 3179 916 3249 .suﬂicit
951 3177 1092 3230 nobis
1125 3193 1142 3230 :
1172 3185 1224 3232 el
1249 3178 1360 3240 ille,
1389 3173 1653 3246 Pltiiippe,
1677 3185 1818 3229 tanta

231 3285 454 3344 tempore
490 3273 740 3326 vobiscum
765 3287 901 3336 sum,
929 3281 975 3324 et
1007 3268 1212 3324 Patrem
1236 3269 1480 3323 nescitis?
1509 3268 1610 3334 Qui
1637 3285 1716 3322 me
1739 3269 1784 3322 ri
1794 3298 1816 3309 -

231 3366 321 3425 dit,
348 3363 469 3415 vidit
497 3371 552 3414 et
595 3361 799 3415 Patrem
838 3359 948 3430 (Id.
978 3377 1086 3426 xw,
1121 3361 1175 3428 8,
1204 3361 1283 3427 9).
1313 3360 1452 3426 Quid
1477 3369 1576 3427 est,
1613 3360 1712 3428 Qui
1741 3377 1818 3416 me

230 3456 394 3508 ridit?
421 3454 476 3508 Si
531 3452 826 3508 secundum
880 3453 1064 3506 oculos
1107 3453 1304 3517 carnis,
1338 3452 1584 3507 viderunt
1628 3463 1682 3507 et
1727 3453 1820 3522 qui

228 3545 628 3598 erneitixeruat.
663 3543 798 3610 Quid
828 3551 908 3598 cst
938 3558 1086 3612 ergo,
1116 3542 1214 3608 Qui
1262 3560 1340 3596 me
1382 3542 1541 3607 vidit;
1579 3543 1700 3608 nisi,
1727 3542 1816 3612 qui

230 3634 509 3700 intellexit,
538 3635 626 3707 qui
658 3635 812 3690 oculo
837 3635 1016 3690 cordis
1035 3635 1186 3688 vidit.
1210 3635 1496 3702 Quomodo
1527 3635 1668 3689 enim
1694 3642 1820 3688 sunt

229 3745 384 3782 aures
415 3727 715 3788 interiores.
748 3743 882 3797 quas
911 3726 1186 3796 quaa'ehat
1217 3725 1493 3792 Dominus,
1517 3741 1645 3780 cum
1674 3727 1819 3780 dice-

231 3828 331 3884 ret,
365 3819 463 3885 Qni
489 3819 633 3872 habet
654 3834 824 3881 aures,
855 3817 1033 3871 audiat
1057 3816 1268 3884 (Matth.
1300 3833 1376 3882 ιι,
1407 3817 1517 3888 15),
1546 3831 1667 3872 cum
1693 3826 1818 3872 ante

230 3910 374 3962 illum
407 3911 579 3964 nu'llus
609 3909 801 3964 surdus
825 3917 1022 3963 staret:
1049 3908 1129 3963 sic
1166 3920 1246 3963 est
1277 3909 1435 3963 etiam
1459 3919 1710 3979 aspectus
1738 3911 1818 3964 in-

229 4001 391 4054 terior
417 4001 615 4065 eordis,
634 4016 750 4070 quo
793 4000 840 4054 si
878 4000 999 4070 quis
1030 4001 1236 4054 viderat
1278 4000 1581 4066 Dominum,
1615 4000 1818 4056 viderat

228 4092 473 4157 Patrem;
505 4092 630 4160 quia
653 4091 876 4161 aequalis
903 4102 983 4145 est
1011 4090 1176 4145 Patri.

291 4185 345 4239 5.
379 4181 543 4238 Filias
573 4182 668 4238 Dei
696 4195 880 4238 natura
923 4185 1130 4254 qualis
1162 4183 1325 4250 Patri,
1360 4185 1710 4239 misericordia
1745 4185 1814 4238 ad

229 4286 437 4328 mortem
476 4292 632 4347 usque
677 4275 984 4344 inﬁrmatus.
1028 4275 1166 4329 Audi
1195 4276 1513 4345 Apostolum
1547 4277 1814 4332 volentem

227 4368 382 4420 nobis
408 4365 785 4422 commendare
831 4365 1250 4420 miscricordiam
1283 4366 1481 4436 ipsius,
1530 4369 1652 4436 quia
1686 4382 1814 4437 pro-

226 4469 344 4529 pter
371 4475 469 4512 nos
497 4458 796 4511 inﬁrmatus
820 4467 899 4512 est
924 4499 938 4521 ,
971 4467 1030 4511 ut
1053 4457 1154 4512 sub
1194 4457 1294 4510 alis
1321 4458 1431 4512 suis
1463 4459 1634 4526 pullos
1664 4457 1816 4512 colli-

221 4561 403 4620 geret,
435 4549 632 4604 docens
659 4550 794 4603 alios
823 4550 986 4604 etiam
1015 4549 1339 4619 discipulos,
1371 4561 1426 4604 ut
1452 4561 1503 4605 et
1535 4551 1632 4621 ipsi
1662 4568 1812 4606 com-

218 4648 534 4708 mitterentur
580 4639 875 4694 inﬁrmitati
923 4639 1296 4704 inﬁrmorum,
1346 4642 1434 4712 qui
1465 4641 1531 4696 ad
1575 4643 1806 4712 aliquam

225 4722 538 4785 ."rmitatem
590 4727 658 4785 de
711 4731 1018 4786 inﬁrmitate
1078 4734 1346 4786 communi
1410 4733 1810 4799 ascendissent;

222 4841 343 4879 sum
374 4823 461 4879 ille
489 4823 557 4880 de
584 4823 791 4880 cwlesti
824 4825 1072 4880 ﬁrmitate
1097 4824 1164 4878 ad
1191 4825 1545 4880 inﬁrmitatem
1577 4835 1812 4882 nostram

220 4919 562 4974 desuenderit
591 4937 603 4973 :
643 4920 719 4974 ait
746 4919 885 4985 illis,
919 4918 1030 4973 lloc
1061 4919 1238 4973 sentite
1261 4919 1311 4972 in
1340 4918 1474 4972 vobis
1493 4961 1508 4984 ,
1534 4919 1668 4989 quod
1692 4929 1736 4973 et
1763 4921 1814 4973 in

221 5013 422 5067 Christo
448 5009 596 5066 Iesu.
648 5012 943 5083 Dignamini
967 5051 984 5077 ,
1030 5013 1235 5082 inquit,
1269 5011 1463 5065 imitari
1498 5010 1685 5065 Filium
1719 5012 1812 5066 Dei

226 5121 320 5172 per
347 5104 776 5173 compassionem
804 5119 923 5158 cum
957 5104 1208 5173 parvulis.
1266 5103 1365 5170 Qui
1405 5119 1520 5156 eam
1557 5103 1607 5156 in
1647 5103 1815 5172 forma

225 5193 319 5246 Dei
356 5204 502 5248 esset.
536 5193 654 5248 Jattt
682 5194 910 5249 dicendo
933 5236 949 5260 ,
981 5195 1032 5248 in
1056 5200 1220 5266 [arma
1247 5195 1338 5248 Dei
1363 5204 1524 5259 esset,
1553 5195 1811 5265 :cqualetn

219 5285 459 5343 ostendit
479 5281 618 5342 Deo.
663 5286 781 5342 Non
813 5288 956 5341 enim
997 5286 1169 5343 forma
1214 5287 1388 5343 tninor
1416 5298 1503 5345 est
1539 5307 1697 5360 quam
1727 5291 1813 5346 ille

221 5378 378 5448 cujus
409 5378 577 5432 forma
607 5388 708 5434 est.
758 5379 815 5433 Si
855 5381 998 5434 enim
1028 5381 1202 5435 minor
1229 5389 1340 5447 est,
1381 5380 1546 5435 forma
1577 5398 1679 5436 non
1707 5391 1808 5436 est.

225 5472 431 5525 Tamen
463 5487 528 5526 ne
553 5471 748 5542 aliquis
773 5472 1058 5536 dubitaret.
1090 5472 1307 5542 adjecit,
1339 5483 1394 5527 et
1424 5473 1598 5543 posuit
1637 5473 1810 5543 ipsum

230 5561 500 5626 Verbum,
533 5561 675 5618 unde
712 5577 804 5616 ora
843 5563 1110 5632 sacrilegis
1140 5562 1410 5618 clauderet
1444 5581 1456 5616 :
1493 5562 1594 5630 Qui
1617 5579 1730 5616 eam
1759 5565 1840 5640 in.

226 5658 393 5725 {arma
421 5652 516 5706 Dei
542 5664 686 5718 esset,
721 5656 908 5727 inquit,
932 5673 1030 5710 non
1056 5657 1287 5726 rapinam
1316 5655 1586 5710 arbitratus
1614 5665 1686 5710 est
1710 5675 1815 5713 esse

221 5747 436 5816 rrqualis
466 5745 593 5800 Deo.
639 5747 777 5814 Quid
809 5758 922 5812 est,
976 5747 1163 5804 fratres
1189 5749 1485 5804 charissimi
1509 5791 1521 5811 ,
1571 5752 1710 5820 quod
1739 5751 1816 5822 ait

222 5839 533 5911 ApOstolus,
567 5836 683 5898 Non
716 5839 946 5910 rapinam
978 5842 1247 5896 arbitratus
1278 5842 1387 5896 est?
1432 5842 1564 5908 Quia
1598 5822 1809 5898 natura

1614 407 1842 464 SEBMO
1881 403 2153 464 CCLXIV.
2238 458 2241 462 .

1902 503 2058 574 liter
2097 521 2334 591 aqualis.
2383 521 2477 576 Cui
2519 537 2648 596 ergo
2690 532 2804 580 erat
2845 524 3030 595 rapina
3066 527 3341 597 :equalitas
3368 531 3503 586 Dei?

3372 416 3508 476 12ίῦ

1929 610 2106 666 Primo
2133 611 2356 678 homini,
2388 616 2474 669 cui
2501 615 2705 670 dictum
2735 629 2816 672 est
2835 659 2852 684 ,
2884 616 3114 687 Gustate,
3141 629 3187 673 et
3209 622 3352 675 eritis
3378 624 3505 678 sicut
3566 678 3573 683 .

1927 705 1998 757 dii
2024 703 2175 776 (Gen.
2206 722 2261 762 nt
2285 748 2300 770 ,
2331 708 2410 779 5).
2442 707 2624 763 Voluit
2668 726 2761 780 per
2801 711 3042 780 rapinam
3092 715 3310 770 tendere
3350 730 3408 770 se
3437 719 3514 772 ad

1927 797 2303 865 cqualitatem,
2333 809 2388 854 et
2416 815 2512 870 per
2531 817 2748 870 penam
2773 803 3003 872 perdidit
3030 805 3503 864 immortalitatem.

1928 884 2022 941 Ille
2039 887 2187 941 enim
2215 889 2300 942 cui
2327 891 2508 959 rapina
2533 907 2645 944 sum
2665 902 2816 958 erat,
2840 909 2946 948 non
2974 896 3208 964 rapinam
3234 898 3507 954 arbitratus

1925 989 1998 1033 est
2024 996 2130 1034 esse
2155 982 2512 1048 mqualisDea.
2563 982 2620 1038 Si
2647 999 2774 1054 ergo
2805 1002 2906 1040 non
2940 989 3157 1057 rapina;
3190 1000 3395 1054 natura,
3429 993 3511 1046 in-

1928 1079 2074 1140 tegra
2102 1073 2329 1127 societas
2357 1084 2411 1128 et
2449 1089 2654 1129 ammte
2691 1077 2810 1146 ipsa
2847 1083 3201 1148 comparatio.
3247 1082 3350 1137 Sed
3381 1087 3509 1154 quid

1927 1161 2088 1218 fecit?
2129 1163 2485 1236 Semrtiprtm,
2517 1169 2614 1232 ait,
2639 1169 2932 1234 exinanivit,
2966 1174 3183 1242 formam
3212 1176 3338 1228 servi
3370 1179 3509 1229 acri.

1927 1254 2108 1324 piens;
2149 1257 2202 1309 in
2233 1258 2619 1312 similitudinem
2651 1261 2905 1314 hominum
2931 1267 3124 1335 factus,
3156 1276 3201 1318 et
3228 1266 3398 1320 habita
3428 1269 3506 1320 in-

1924 1355 2097 1400 ventus
2126 1357 2188 1400 su
2211 1347 2360 1402 homo
2391 1364 2410 1402 :
2448 1349 2729 1406 hamiliavit
2759 1368 2844 1418 se,
2892 1357 3057 1422 {aetas
3089 1355 3321 1410 obedit-ns
3355 1376 3508 1428 usque

1924 1438 1992 1491 ad
2032 1450 2270 1505 ntorvetn,
2315 1451 2530 1496 mortem
2571 1455 2739 1497 autent
2781 1447 2944 1501 erucis
2983 1447 3243 1520 (Philipp.
3277 1467 3335 1516 lt,
3368 1454 3507 1521 5-8).

1925 1527 2120 1584 Parum
2150 1543 2266 1586 erat
2290 1531 2470 1588 dicere
2498 1544 2742 1599 mortem,
2768 1544 2816 1590 et
2847 1551 3016 1606 genus
3041 1541 3229 1595 mortis
3252 1543 3504 1598 ostendit.

1923 1618 2099 1687 Quare
2131 1630 2186 1676 et
2214 1638 2381 1692 genus
2420 1626 2607 1680 mortis
2627 1627 2649 1678 ’ἲ
2697 1626 2828 1694 Quia
2855 1629 3002 1684 multi
3031 1629 3095 1685 ad
3125 1641 3352 1688 mortem
3381 1648 3505 1690 sunt

1926 1713 2134 1780 parati:
2167 1715 2320 1768 multi
2365 1716 2506 1769 enim
2550 1715 2768 1781 dicunt,
2815 1718 2929 1773 Non
2982 1721 3146 1777 timeo
3183 1725 3354 1790 mori,
3401 1727 3497 1780 sed

1923 1803 2113 1855 vellem
2143 1803 2193 1857 in
2221 1804 2414 1860 lectulo
2437 1821 2556 1860 meo
2585 1809 2741 1871 mori,
2788 1809 3143 1866 circumdatus
3165 1813 3315 1881 ﬁliis,
3340 1831 3505 1885 nepo-

1922 1890 2093 1956 tibus,
2123 1893 2368 1964 laerymis
2397 1897 2593 1950 uxoris.
2642 1898 2861 1954 Mortem
2893 1901 3106 1970 quidem
3140 1904 3386 1960 videntur
3418 1908 3508 1962 isti

1922 1998 2025 2036 non
2067 1996 2334 2052 recusare,
2363 1987 2454 2042 sed
2486 1989 2738 2059 «eligendo
2764 2006 2931 2061 genus
2951 1995 3172 2061 mortis,
3214 1997 3280 2052 de
3311 1998 3504 2054 timore

1923 2076 2226 2142 puniuntur.
2263 2077 2352 2133 Ille
2377 2088 2557 2134 autem
2593 2081 2756 2151 elegit
2789 2099 2957 2152 genus
2974 2087 3195 2152 mortis,
3229 2090 3326 2144 sed
3363 2093 3503 2160 quod

1920 2175 2002 2220 est
2030 2169 2261 2224 deterius
2290 2170 2555 2226 manilius.
2583 2172 2864 2240 Quomodo
2893 2176 2993 2229 sibi
3027 2178 3228 2247 eligunt
3251 2179 3500 2238 homines

1921 2275 1988 2312 mi
2010 2260 2114 2313 lius
2143 2277 2320 2329 genus
2345 2264 2534 2318 mortis
2556 2305 2572 2330 ,
2619 2265 2697 2320 sic
2740 2265 2852 2334 ipse
2897 2268 3133 2324 deterius
3181 2271 3375 2339 elegit,
3405 2273 3506 2328 lme

1919 2350 2059 2420 quod
2095 2353 2431 2408 tesseorahile
2472 2361 2590 2409 erat
2635 2356 2884 2411 omnibus
2927 2357 3146 2413 Ιυάιιξίε.
3197 2361 3312 2415 Non
3360 2365 3501 2419 enim

1923 2440 2095 2494 timuit
2123 2441 2258 2495 mori
2293 2457 2385 2512 per
2411 2441 2568 2498 falsos
2586 2453 2790 2512 testes,
2817 2461 2914 2518 per
2939 2450 3257 2504 sententiam
3281 2452 3502 2520 jttdicis,

1920 2530 2008 2600 qui
2051 2534 2223 2586 veniet
2263 2531 2506 2602 judicare
2535 2535 2686 2590 vivos
2727 2545 2782 2592 et
2825 2547 3064 2595 mortuos
3113 2557 3125 2594 :
3177 2558 3280 2595 non
3332 2544 3507 2598 timuit

1921 2624 2056 2678 uani
2088 2641 2181 2694 per
2205 2625 2550 2696 ignominiam
2575 2629 2752 2684 crucis
2771 2671 2786 2695 ,
2825 2639 2884 2686 ut
2915 2649 3102 2688 omnes
3128 2633 3410 2690 credentes
3437 2640 3506 2690 ab

1921 2716 2067 2769 omni
2095 2717 2380 2787 ignominia
2406 2720 2676 2777 liberarat.
2722 2722 2862 2793 Ergo
2887 2723 3054 2794 [actus
3077 2726 3311 2780 obediens
3347 2745 3508 2798 usque

1921 2804 1990 2857 ad
2021 2817 2228 2860 mortem
2247 2849 2263 2874 ,
2297 2819 2508 2865 mortem
2537 2821 2706 2866 autem
2731 2813 2894 2867 crucis
2920 2829 2939 2867 :
2962 2823 3148 2870 tamen
3191 2819 3510 2874 naturaliter

1922 2899 2142 2967 aequalis
2179 2899 2323 2968 Deo;
2374 2900 2528 2956 fortis
2571 2904 2623 2957 in
2659 2903 2852 2960 virtute
2889 2905 3216 2975 majestatis,
3267 2909 3511 2965 inﬁrmus

1920 2991 2290 3060 compassione
2334 2991 2676 3050 humanitatis
2705 3013 2720 3049 :
2751 2995 2924 3066 fortis,
2963 3007 3019 3052 ut
3057 2999 3255 3055 iaceret
3285 3002 3504 3068 omnia;

1923 3077 2186 3145 inﬁrmus,
2213 3089 2276 3136 ut
2311 3082 2555 3139 reticeret
2576 3086 2776 3140 omnia.

1990 3176 2045 3228 4.
2093 3172 2322 3231 Christus
2357 3177 2496 3231 abire
2544 3177 2679 3244 vult,
2726 3188 2791 3234 tut
2827 3181 3028 3237 absente
3070 3201 3224 3240 came
3271 3187 3512 3243 divinitas

1921 3265 2080 3336 ipsius
2106 3268 2368 3338 cogitetur.
2406 3268 2570 3326 Filias
2593 3269 2694 3326 Da'
2713 3273 2776 3328 vin
2798 3290 2853 3329 se
2877 3291 2980 3330 non
3016 3277 3184 3332 minor
3212 3295 3308 3349 per
3335 3280 3506 3334 incar-

1921 3357 2196 3412 nationem.
2235 3359 2389 3426 Quod
2429 3374 2558 3431 ergo
2589 3363 2670 3416 ait
2698 3362 2932 3419 Joannes
2969 3366 3268 3424 attendite:
3302 3368 3362 3424 Si
3389 3369 3510 3422 diti-

1919 3447 2098 3516 gerctis
2127 3463 2222 3512 me,
2254 3449 2565 3520 gaudentis,
2606 3453 2727 3521 quia
2751 3453 2878 3508 vado
2907 3456 2976 3507 ad
3002 3454 3246 3522 Patrem,-
3273 3460 3510 3526 quoniam

1927 3538 2080 3592 Pater
2117 3541 2282 3610 major
2317 3557 2395 3594 me
2437 3554 2532 3598 est.
2581 3543 2860 3610 Quomodo
2884 3547 3139 3616 :cqualis,
3190 3550 3324 3603 sicut
3377 3551 3508 3605 dicit

1922 3629 2251 3698 Apostolus?
2297 3631 2447 3688 Sicut
2475 3633 2588 3702 ipse
2621 3634 2906 3700 Dominus,
2952 3635 3064 3707 Ego
3091 3649 3138 3690 et
3169 3637 3322 3692 Pater
3351 3657 3508 3694 unntn

1921 3735 2113 3774 sumus.
2160 3721 2222 3776 Et
2253 3721 2360 3776 alio
2404 3722 2558 3789 loco,
2610 3723 2814 3790 Quinte
2842 3725 2998 3793 vidit,
3050 3728 3170 3781 vidit
3199 3739 3242 3782 et
3271 3728 3500 3784 Patrem.

1921 3811 2199 3880 Quomodo
2224 3814 2344 3880 hic,
2392 3817 2524 3882 Quia
2559 3816 2716 3872 Pater
2745 3820 2909 3890 major
2944 3837 3024 3875 me
3062 3823 3182 3876 est?
3227 3822 3339 3878 Vox
3382 3824 3508 3889 ista,

1921 3903 2134 3969 fratres,
2161 3917 2419 3975 quantum
2447 3907 2700 3961 Dominus
2725 3912 2922 3978 aspirat
2944 3910 3248 3980 advertere,
3276 3913 3504 3982 quodam

1920 3994 2081 4049 tnodo
2123 3998 2494 4067 exprobrantis
2545 3999 2639 4054 fuit
2687 4011 2740 4053 et
2785 4001 3135 4056 consolantis.
3201 4003 3317 4058 Fisi
3357 4006 3507 4058 enim

1921 4096 2074 4142 erant
2117 4089 2168 4143 in
2209 4089 2457 4154 homine,
2511 4101 2565 4146 et
2593 4092 2760 4147 Deum
2805 4093 3042 4164 cogitare
3085 4110 3192 4150 non
3239 4105 3502 4165 poterant.

1920 4179 2070 4236 'l‘une
2098 4181 2239 4237 enim
2263 4183 2555 4254 cogitarent
2583 4185 2749 4240 Deum
2770 4227 2786 4252 ,
2831 4187 2876 4241 si
2909 4187 2979 4242 ab
3005 4188 3110 4242 illis
3135 4197 3190 4242 et
3214 4189 3282 4243 ab
3307 4205 3505 4246 eorum

1920 4273 2086 4327 oculis
2134 4272 2294 4328 homo
2335 4275 2670 4339 auferretur.
2728 4289 2783 4332 ut
2826 4289 3096 4348 amputata
3144 4279 3508 4336 familiaritate

1918 4378 2038 4432 qtae
2081 4379 2201 4420 em
2247 4380 2410 4421 carne
2453 4375 2569 4450 erat
2621 4367 2786 4434 facta,
2831 4368 3112 4425 discerent
3157 4372 3236 4426 vel
3285 4372 3508 4447 absente

1919 4471 2080 4510 carne
2108 4455 2445 4512 divinitatem
2477 4460 2730 4530 cogitare.
2759 4461 2902 4531 Ergo
2935 4461 3036 4516 hoc
3061 4462 3142 4517 eis
3178 4462 3250 4516 ait
3279 4481 3294 4518 :
3338 4463 3398 4518 Si
3427 4481 3512 4519 me

1919 4547 2220 4616 diiigeretis,
2254 4549 2570 4619 gauderetis,
2597 4552 2716 4622 quia
2746 4553 2897 4606 eaad
2923 4551 3150 4607 Patrem.
3191 4555 3402 4622 Quare?
3437 4554 3508 4612 Ut
3549 4540 3552 4542 Ὺ

1918 4653 2038 4692 eum
2065 4655 2130 4693 eo
2158 4639 2225 4693 ad
2270 4639 2517 4707 Patrem,
2571 4642 2788 4712 pessius
2833 4658 2920 4699 me
2965 4645 3199 4716 cogitare
3245 4647 3506 4715 :equalem

1920 4731 2060 4785 l‘atri
2088 4731 2186 4803 (ιι).
2231 4732 2520 4804 Propterea
2561 4736 2705 4791 enim
2733 4738 2900 4807 major
2935 4753 3014 4791 me
3036 4748 3108 4791 est
3136 4754 3154 4792 :
3181 4737 3356 4792 adhuc
3379 4755 3507 4800 cuin

1919 4821 2110 4877 videtis
2153 4839 2240 4879 me
2283 4825 2335 4878 in
2379 4841 2572 4890 carne,
2627 4825 2801 4882 adhuc
2850 4827 3022 4896 major
3066 4843 3154 4881 me
3199 4837 3283 4882 est
3317 4829 3503 4882 Pater.

1920 4913 2110 4970 Videte
2133 4917 2178 4970 si
2216 4917 2526 4986 suscepistis
2555 4933 2568 4970 :
2600 4933 2704 4972 non
2734 4921 2875 4971 enim
2907 4930 3164 4974 noverant
3193 4919 3293 4974 nisi
3318 4920 3502 4975 horni-

1921 5021 2040 5058 nem
2072 5005 2325 5076 Cogitare.
2369 5007 2482 5062 lloc
2523 5006 2644 5062 dico
2691 5008 2966 5078 aliquanto
3011 5010 3252 5078 planius,
3289 5021 3513 5087 [writtth

1920 5095 2110 5149 fratres
2155 5106 2369 5153 nostros
2411 5097 2713 5154 tardiores:
2746 5099 2835 5168 qni
2878 5109 3056 5154 autem
3100 5101 3502 5166 intellexerunt,

1920 5187 2091 5241 ferant
2120 5188 2418 5244 tarditatem
2447 5198 2762 5244 cmterormn
2791 5202 2842 5245 et
2886 5191 3160 5248 imitantur
3191 5191 3363 5260 ipsum
3395 5194 3507 5250 Dex

1919 5279 2153 5342 minum,
2196 5279 2280 5348 qui
2323 5296 2437 5332 eam
2484 5281 2536 5334 in
2583 5281 2747 5350 [arma
2778 5280 2870 5336 Dei
2898 5290 3051 5348 esset,
3097 5281 3380 5338 humiliaoit
3427 5301 3502 5350 se.

1917 5369 2084 5438 [actas
2127 5368 2360 5425 obediens
2399 5387 2556 5442 usque
2597 5372 2664 5426 ad
2704 5383 2934 5427 mortem.
2989 5372 3052 5428 Si
3091 5390 3170 5428 me
3206 5373 3509 5448 diligentis,

1917 5460 2044 5530 quid
2073 5470 2154 5515 est
2184 5460 2322 5516 hoc?
2350 5462 2410 5517 Si
2434 5479 2511 5516 me
2532 5464 2836 5535 diligeretis,
2867 5463 3180 5534 gaudentis,
3210 5465 3328 5534 quia
3354 5481 3410 5518 eo
3434 5467 3514 5521 ad‘

1919 5551 2148 5606 Patrem.
2179 5553 2240 5609 Si
2269 5570 2346 5608 me
2366 5554 2643 5626 diligeretis
2663 5597 2677 5618 ,
2709 5556 2834 5625 quid
2862 5555 3002 5610 aliud
3028 5561 3141 5620 est,
3171 5571 3364 5626 quam,
3397 5571 3501 5611 non

1919 5647 2290 5717 merdiligitis?
2319 5647 2454 5715 Quid
2481 5664 2610 5718 ergo
2634 5649 2889 5715 diligitis?
2910 5648 3142 5704 Carnem
3171 5665 3329 5720 quam
3359 5647 3505 5705 vide-

1924 5736 2010 5790 tis.
2064 5736 2236 5806 lpsam
2281 5740 2425 5794 enitn
2474 5756 2576 5794 non
2611 5739 2766 5798 vultis
2796 5742 2861 5794 ab
2892 5740 3057 5796 oculis
3095 5739 3385 5797 discedere.
3443 5741 3507 5801 Si.

1983 5852 2060 5918 (tt)
2094 5855 2207 5905 \ide
2231 5853 2407 5906 librum
2438 5856 2452 5905 t
2481 5854 2545 5907 de
2564 5855 2808 5917 trinitate,
2835 5866 2936 5919 cap.
2973 5855 3018 5903 ῖ.

1969 5972 1994 5981 η
