3926 6188
416 373 552 430 1215

412 496 599 539 autem
639 498 715 535 me
758 476 1032 548 diligentis
1075 489 1092 528 :
1129 472 1253 544 quid
1299 479 1413 537 est,
1468 467 1585 523 me?
1637 466 1698 521 In
1743 465 1993 538 principio

356 640 361 644 δ
411 586 519 632 erat
559 573 807 638 Verbum,
851 578 898 623 ct
936 567 1152 622 Verbum
1200 575 1306 618 erat
1349 562 1486 635 apud
1526 559 1685 615 Drtnu
1707 602 1721 623 ,
1769 570 1815 612 et
1862 556 1997 611 Data

412 678 520 723 erat
557 664 770 721 Verbum
816 660 1005 731 (Joan.
1035 676 1082 726 I,
1113 657 1176 729 ι)
1224 675 1239 713 :
1284 654 1424 727 quod
1465 653 1541 708 ait
1585 653 1696 724 ipse
1739 650 1994 706 Joannes.

415 762 472 817 Si
515 774 644 830 ergo
684 757 763 813 sic
801 770 886 811 me
924 751 1236 824 diligeretis,
1276 746 1545 820 quomodo
1588 761 1684 816 per
1728 758 1815 798 me
1863 741 1995 797 facta

416 860 539 907 sunt
583 849 761 905 omnia
786 890 801 912 ,
848 844 1129 918 gaudet-etis
1152 885 1169 910 ,
1211 841 1451 910 quoniam
1496 837 1625 892 vado
1660 836 1729 890 ad
1768 834 1995 889 Patrem.

415 940 629 1009 Quare?
683 937 936 1004 Quoniam
974 935 1130 989 Pater
1170 933 1335 1003 major
1379 947 1458 984 me
1504 938 1594 983 est.
1646 926 1836 982 Adhuc
1877 939 1999 981 cum

419 1052 506 1090 me
536 1032 727 1088 videtis
763 1032 816 1085 in
857 1038 1030 1091 terra,
1075 1027 1245 1095 major
1276 1039 1360 1078 me
1394 1032 1479 1078 est
1498 1022 1677 1077 Pater.
1722 1018 1998 1074 Discedam

390 1114 487 1199 ξηι)
525 1124 695 1180 oculis
725 1120 955 1184 vestris;
1010 1117 1222 1173 tollatur
1263 1115 1331 1170 ab
1365 1113 1665 1184 aspectibus
1692 1126 1818 1166 caro
1861 1125 2002 1164 mor-

393 1204 571 1287 italis,
621 1230 742 1287 qua:
790 1221 1006 1283 propter
1046 1221 1278 1265 vestram
1332 1205 1706 1261 mortalitatem
1753 1210 2002 1270 suscepta

386 1283 398 1372 ί
424 1318 545 1373 rsl;
600 1283 969 1361 indumentum
1020 1302 1155 1368 hoc,
1205 1298 1345 1369 quod
1407 1296 1703 1351 humilitate
1768 1294 2000 1363 suSecpi,

387 1377 689 1491 iincipiatis
740 1408 843 1448 non
890 1392 1073 1449 videre
1128 1409 1144 1446 :
1195 1391 1398 1444 levetur
1451 1397 1625 1442 tamen
1683 1386 1734 1439 in
1783 1384 2001 1441 caelum.

427 1504 479 1544 ιιι
509 1488 726 1544 discatis
752 1484 875 1556 quid
902 1483 1146 1553 speretis.
1176 1480 1293 1535 Non
1323 1480 1462 1535 enim
1493 1477 1692 1532 dimisit
1721 1476 1805 1530 hic
1836 1476 2003 1546 ipsam

427 1581 656 1636 tunicam
681 1619 696 1645 ,
745 1592 902 1648 quam
935 1576 1022 1631 hic
1045 1574 1211 1630 voluit
1250 1572 1425 1641 indui.
1464 1571 1596 1625 Nam
1643 1570 1686 1624 si
1738 1568 1824 1623 hic
1863 1568 2004 1622 illam

425 1671 736 1734 dimisisset,
779 1667 1125 1738 desperarent
1154 1678 1344 1719 omnes
1376 1662 1443 1716 de
1476 1660 1863 1715 resurrectione
1891 1677 2009 1715 ear.

429 1765 530 1817 nis.
571 1761 727 1817 Modo
750 1760 894 1816 enim
939 1757 1135 1813 levavit
1162 1771 1279 1812 eam
1312 1756 1365 1810 in
1407 1754 1602 1811 cmlum
1626 1795 1642 1821 ,
1687 1764 1740 1808 et
1769 1764 1889 1808 sunt
1921 1740 2007 1822 qui

387 1922 391 1926 ι
427 1855 670 1911 dubitent
694 1852 763 1908 de
786 1852 965 1907 carnis
988 1849 1402 1905 resurrectione.
1445 1846 1501 1902 Si
1531 1847 1669 1901 Deus
1696 1846 1748 1900 in
1776 1860 1834 1899 se
1866 1845 1919 1899 ill
1940 1862 2006 1896 nn

428 1945 694 2008 ostendit,
742 1941 941 1997 homini
986 1949 1273 2010 negaturus
1321 1947 1404 1993 est
1446 1936 1635 1992 illam?
1683 1936 1825 1992 Deus
1866 1936 2011 1989 enim

432 2042 639 2109 accepit
668 2037 812 2093 illam
842 2034 1183 2090 miseratione
1208 2074 1221 2097 ,
1270 2032 1430 2086 homo
1467 2039 1643 2086 autem
1684 2028 2007 2086 conditione.

430 2132 498 2185 Et
528 2140 700 2196 tamen
730 2126 966 2183 ostendit
996 2126 1161 2190 illam,
1191 2123 1534 2178 confirmavit
1561 2121 1704 2188 illos,
1735 2127 1790 2175 et
1814 2121 2010 2175 levavit

431 2224 597 2277 illam.
623 2219 893 2276 Subducto
918 2227 1097 2272 autem
1122 2216 1190 2270 ab
1213 2214 1384 2269 oculis
1408 2212 1606 2268 carnali
1635 2220 1873 2282 aspectu,
1898 2210 2008 2281 jam

439 2316 512 2369 illi
546 2314 812 2369 hominem
840 2328 945 2366 non
974 2309 1235 2364 viderunt.
1266 2306 1322 2361 Si
1352 2304 1479 2376 quid
1506 2314 1623 2360 erat
1663 2305 1715 2359 in
1762 2303 2014 2359 cordibus

431 2423 618 2461 eorum
648 2415 871 2460 tractuum
901 2402 970 2457 de
996 2400 1263 2456 desiderio
1286 2398 1513 2461 carnali,
1549 2398 1698 2467 quasi
1725 2397 2012 2452 contrista-

435 2509 544 2552 tum
585 2505 667 2553 cst
695 2497 758 2551 in.
779 2495 927 2566 ipsis.
982 2492 1295 2562 Congregati
1340 2501 1464 2545 sunt
1509 2498 1684 2544 tamen
1726 2489 1777 2544 in
1825 2505 2011 2557 unum,

432 2599 488 2644 et
513 2597 790 2658 creperum
831 2600 1008 2639 orare.
1065 2583 1160 2638 Ille
1209 2590 1387 2638 autem
1434 2580 1693 2636 missurus
1736 2588 1853 2636 erat
1896 2588 2017 2651 post

439 2683 598 2736 istum
643 2678 828 2735 decem
871 2677 1062 2732 diebus
1104 2675 1429 2746 interpositis
1456 2673 1711 2743 Spiritum
1748 2683 2011 2740 sanctum,

436 2782 493 2826 nt
536 2771 765 2841 Spiritus
810 2778 1026 2823 sanctus
1075 2766 1321 2836 impleret
1361 2779 1456 2820 eos
1502 2780 1687 2819 amore
1735 2764 2014 2836 spirituali,

366 2920 370 2924 Α
434 2864 682 2919 auferens
721 2862 800 2918 eis
846 2858 1107 2916 desideria
1141 2857 1401 2920 carnalia.
1461 2855 1710 2912 Faciebat
1770 2870 1866 2912 eos
1906 2854 2015 2926 jam

432 2958 515 3011 sic
552 2953 849 3025 intelligere
874 2951 1147 3007 Christum
1190 2944 1460 3020 quomodo
1488 2957 1607 3004 erat
1634 2947 1867 3003 Verbum
1899 2948 2013 3014 Dei,

441 3050 577 3102 licus
603 3043 745 3116 apud
771 3045 977 3110 Deum,
1020 3058 1112 3112 per
1138 3040 1280 3111 quod
1327 3040 1460 3093 facta
1499 3048 1623 3111 sunt
1662 3038 1859 3093 omnia.
1903 3036 2018 3092 Non

438 3148 614 3193 autem
651 3144 870 3207 possent
912 3133 1120 3203 impleri
1167 3132 1256 3185 tali
1300 3130 1594 3195 intellectu,
1650 3129 1750 3183 nisi
1793 3128 2020 3183 carnalis

442 3229 678 3284 rharitas
703 3224 773 3281 ab'
813 3240 998 3281 eorum
1027 3222 1197 3279 oculis
1238 3221 1590 3278 discessisset.
1625 3222 1692 3276 Et
1721 3220 1840 3278 ideo
1864 3220 2016 3288 dixit,

442 3321 505 3375 Si
539 3336 617 3373 me
646 3317 921 3389 diligentis
945 3357 961 3382 ,
1008 3314 1288 3386 gaudentis
1308 3354 1322 3378 ,
1363 3314 1482 3385 quia
1519 3330 1576 3368 eo
1607 3313 1746 3383 apud
1775 3312 2020 3378 Patrem;

442 3412 680 3481 quoniam
724 3408 880 3463 Pater
925 3409 1089 3477 acutior
1128 3422 1206 3461 me
1253 3416 1343 3461 est.
1394 3404 1697 3461 Secundum
1750 3404 2019 3459 hominem

441 3504 610 3576 major
647 3519 735 3558 me
772 3511 887 3568 est,
939 3501 1160 3572 aequalis
1204 3500 1497 3556 secundum
1538 3499 1704 3554 Deum
1743 3516 1757 3552 :
1799 3498 2022 3569 requalis

438 3596 728 3653 secundum
756 3604 1029 3660 naturam,
1058 3592 1231 3663 major
1252 3590 1545 3673 secundum
1574 3590 1688 3644 Filii
1716 3590 2020 3645 misericor-

438 3693 603 3746 diam.
651 3686 962 3743 llumiliavit
1001 3685 1143 3740 enim
1186 3700 1345 3749 eum,
1396 3700 1500 3738 non
1543 3682 1674 3737 infm
1705 3697 1765 3737 se
1793 3690 2018 3748 tantum,

440 3781 534 3838 sed
563 3791 617 3837 et
646 3778 782 3835 infra
811 3778 1062 3850 Angelos,
1091 3777 1228 3831 sicut
1253 3775 1522 3844 Scriptura
1550 3773 1679 3829 dicit
1705 3772 1877 3845 (Psal.
1907 3788 2018 3836 ιιι,

441 3876 521 3945 (ί).
573 3873 690 3930 Non
728 3880 816 3928 est
862 3871 1074 3935 minor;
1123 3877 1180 3925 et
1219 3868 1265 3922 si
1315 3867 1640 3937 aliquantum
1686 3866 2022 3935 susceptione

441 3966 620 4022 carnis
644 3964 715 4020 ab
740 3962 1042 4034 aequalitate
1075 3960 1249 4015 Patris
1277 3959 1466 4014 videtis
1495 3958 1783 4014 recessisse
1806 3957 2018 4025 Filium,

441 4055 584 4114 inde
638 4069 907 4125 nunquam
971 4050 1173 4108 recedit
1225 4067 1240 4105 :
1285 4048 1399 4106 sed.
1429 4048 1739 4119 accipiendo
1803 4064 2021 4105 carnem

444 4147 672 4218 (accepit
693 4145 838 4202 enim
866 4141 1183 4215 hominem),
1214 4156 1320 4199 non
1348 4149 1580 4196 mutatus
1605 4148 1704 4196 est.
1744 4140 2026 4210 Quomodo,

442 4240 533 4311 qui
555 4238 746 4310 accipit
765 4245 989 4305 vestem,
1012 4251 1119 4291 non
1149 4234 1371 4292 vertitur
1398 4233 1452 4288 in
1478 4243 1702 4300 vestem,
1725 4233 1818 4287 sed
1844 4243 2025 4289 manet

446 4336 559 4405 ipse
597 4332 802 4402 integer
828 4328 990 4384 homo
1033 4327 1177 4383 intus
1208 4343 1222 4382 :
1252 4336 1307 4381 et
1349 4325 1394 4381 si
1423 4335 1638 4381 senator
1678 4322 1902 4396 accipiat
1934 4341 2024 4381 ve-

444 4436 579 4481 stem
608 4423 855 4479 servilem
874 4461 890 4486 ,
918 4421 963 4474 si
1006 4419 1141 4475 forte
1172 4433 1276 4473 non
1307 4425 1483 4488 potest
1514 4418 1710 4471 intrare
1736 4417 1815 4471 ad-
1832 4430 2022 4471 conso-

417 4498 660 4571 dandum
702 4513 932 4581 aliquem
979 4510 1033 4564 in
1077 4523 1293 4565 carcere
1339 4509 1695 4578 compeditum
1736 4524 1856 4563 cmn
1909 4509 2021 4580 ipsa

445 4607 712 4664 senatoria
742 4612 891 4659 veste
914 4643 929 4670 ,
966 4602 1173 4672 accipit
1225 4600 1463 4655 habitmn
1504 4602 1769 4666 carceris,
1815 4602 2025 4657 videtur

446 4698 692 4759 sordidus
719 4695 934 4752 habitus
963 4710 1056 4767 per
1084 4693 1505 4758 humanitatem;
1547 4692 1639 4747 sed
1680 4695 1821 4749 intus
1845 4704 2024 4750 manet

445 4791 675 4864 dignitas
701 4787 968 4846 senatoria
995 4796 1142 4842 tanto
1162 4784 1329 4856 magis
1355 4784 1575 4855 integra,
1599 4794 1797 4856 quanto
1823 4786 2023 4857 majore

449 4884 808 4942 misericordia
856 4881 1024 4937 voluit
1068 4877 1210 4951 quod
1254 4877 1567 4932 humilitatis
1617 4887 1733 4932 erat
1783 4877 2019 4934 induere.

356 5002 371 5009 ν
446 4984 535 5037 Sic
562 4991 617 5036 et
647 4977 903 5035 Dominus
932 4988 1155 5030 manens
1177 4973 1338 5039 Deus,
1376 4985 1596 5026 matteas
1627 4971 1875 5037 Verbum,
1907 4988 2023 5028 ma-

450 5088 582 5130 nens
614 5068 933 5142 sapientia,
962 5079 1183 5121 manens
1226 5064 1395 5118 virtus
1439 5061 1651 5126 divina,
1703 5078 1924 5118 manens
1970 5064 2023 5119 in

449 5163 834 5236 gubernatione
875 5159 1159 5221 caelorum,
1205 5170 1426 5211 manens
1470 5154 1522 5209 iu
1567 5155 2025 5213 administratione

450 5271 711 5313 terrarum
738 5295 752 5320 ,
799 5252 1026 5322 itnplcns
1051 5247 1283 5320 Angelos
1304 5288 1318 5311 ,
1360 5255 1500 5301 totus
1531 5246 1724 5317 ubique
1742 5286 1760 5313 ,
1800 5255 1943 5303 totus
1971 5248 2023 5303 in

348 5402 351 5405 .
452 5346 671 5411 mundo,
701 5353 842 5399 totus
868 5342 919 5396 in
941 5338 1282 5405 Patriarchis,
1312 5344 1454 5392 totus
1479 5336 1529 5390 in
1552 5337 1852 5408 Prophetis,
1886 5347 2027 5396 totus

453 5440 504 5493 in
528 5437 775 5492 omnibus
798 5434 1016 5498 sanctis,
1049 5439 1190 5487 totus
1216 5428 1267 5483 in
1295 5436 1448 5484 utero
1474 5427 1702 5499 Virginis
1726 5470 1741 5495 ,
1770 5430 1835 5485 ad
1865 5429 2022 5485 indu-

452 5529 642 5587 endam
668 5541 904 5588 carnem,
927 5523 994 5579 ad
1015 5520 1438 5593 conjungemlam
1465 5520 1565 5576 sibi
1596 5530 1844 5593 tanquam
1870 5538 2030 5593 spon-

456 5634 566 5669 sam
584 5659 597 5682 ,
626 5628 684 5671 nt
718 5615 1034 5687 procederet
1065 5614 1134 5669 de
1178 5613 1410 5668 thalamo
1436 5627 1534 5666 suo
1558 5628 1790 5684 Sponsus
1809 5657 1823 5683 ,
1852 5627 1908 5669 ut
1938 5615 2028 5670 de-

457 5718 733 5775 spons:tret
761 5706 1050 5763 Ecclesium
1083 5705 1337 5775 virginem
1380 5715 1601 5759 castam.
1649 5706 1726 5760 Ad
1766 5708 1863 5761 hoc
1904 5724 2029 5779 ergo

360 5854 363 5855 ν
455 5801 629 5859 tuiuor
655 5798 806 5856 Patre
827 5841 840 5867 ,
869 5800 989 5869 quia
1017 5797 1176 5854 homo
1206 5814 1222 5852 ι
1249 5797 1466 5866 aequalis
1496 5807 1669 5865 autem
1700 5797 1872 5866 Patri,
1905 5800 2023 5871 quia

1641 353 1699 410 S.
1742 351 2102 411 AUCUSTINI
2126 351 2444 409 'EPlSCOl‘l

3558 348 3692 408 1116

2108 466 2266 521 Deus.
2295 466 2488 521 Tollite
2518 481 2646 538 ergo
2670 466 2738 522 de
2763 467 2941 523 medio
2980 466 3242 523 desideria
3268 467 3522 523 carnalia.
3552 467 3690 522 Tan-

2102 571 2261 627 quam
2290 556 2391 612 hoc
2417 556 2621 613 diceret
2650 558 2920 629 Apostolis
2958 558 3071 614 suis
3100 577 3116 614 :
3144 558 3260 615 Non
3292 556 3455 614 vultis
3490 573 3580 614 me
3618 560 3693 613 di.

2104 648 2314 704 mittere
2364 647 2667 722 (quomodo
2714 651 3081 722 unusquisque
3125 666 3232 706 non
3265 650 3377 706 vult
3421 649 3693 706 dimittere

2106 740 2336 796 amicum
2367 755 2521 796 suum
2543 780 2562 809 ,
2592 749 2843 813 tanquam
2875 742 3061 798 dicens
3088 761 3102 799 :
3136 744 3265 798 Esto
3291 742 3572 797 nobiscum
3594 742 3688 796 ali-

2105 841 2383 902 quantum,
2412 832 2758 904 refrigeralur
2782 834 2957 888 anima
2989 842 3169 889 nostra
3211 832 3428 905 quando
3469 843 3523 888 te
3549 832 3687 886 vide-

2107 922 2248 998 mus)
2273 941 2288 992 ;
2332 925 2427 981 sed
2454 926 2643 982 melius
2673 934 2756 981 est
2786 935 2841 981 ιιι
2869 928 3023 981 istam
3057 942 3276 982 carnem
3307 942 3416 981 non
3446 926 3687 987 videatis,

2106 1028 2161 1074 et
2204 1018 2538 1074 divinitatem
2580 1019 2846 1091 cogitetis.
2894 1020 3049 1075 Tollo
3077 1037 3164 1076 me
3200 1036 3231 1073 a
3261 1018 3410 1074 vobis
3438 1021 3689 1078 exterius,

2108 1120 2161 1165 et
2191 1126 2277 1167 me
2303 1112 2419 1182 ipso
2445 1112 2639 1182 impleo
2657 1128 2751 1167 vos
2772 1112 3012 1169 interius.
3043 1112 3307 1184 Numquid
3333 1112 3477 1168 enim
3504 1128 3676 1166 secun-

2109 1202 2235 1257 dum
2278 1218 2498 1260 carnem
2539 1212 2593 1259 et
2631 1218 2753 1259 cum
2797 1220 2958 1259 carne
2988 1206 3152 1260 intrat
3203 1208 3252 1259 in
3289 1220 3384 1260 cor
3411 1204 3687 1260 Christus?

2109 1294 2414 1354 Secundum
2451 1294 2783 1351 divinitatem
2808 1297 3045 1366 possidet
3072 1313 3167 1353 cor
3205 1295 3542 1352 :secundum
3574 1313 3672 1350 car-

2111 1403 2231 1442 nem
2277 1403 2370 1457 per
2397 1377 2583 1443 oculos
2614 1389 2846 1458 loquitur
2869 1389 2933 1445 ad
2975 1407 3088 1458 cor,
3127 1400 3181 1445 et
3221 1389 3474 1445 admonet
3516 1391 3683 1452 fetas;

2113 1481 2357 1537 habitans
2391 1483 2552 1550 intus,
2585 1496 2642 1540 ut
2670 1486 2893 1542 interius
2922 1501 3019 1542 nos
3044 1496 3452 1551 convertamur,
3480 1495 3534 1541 ct
3558 1485 3684 1539 \ivi-

2114 1572 2334 1627 fieemur
2356 1590 2419 1629 ex
2448 1575 2563 1645 ipso
2586 1618 2599 1639 ,
2646 1584 2702 1631 et
2740 1577 3030 1633 formemur
3063 1591 3130 1633 ex
3175 1580 3325 1649 ipso;
3373 1578 3497 1648 quia
3526 1576 3684 1632 forma

2112 1672 2197 1717 est
2222 1666 2460 1720 omnium
2490 1667 2820 1723 infabricata.

2183 1756 2234 1811 5.
2263 1755 2495 1813 Christus
2534 1769 2650 1829 post
2693 1762 3104 1816 resurrectionem
3138 1778 3254 1815 cum
3292 1760 3558 1832 discipulis
3593 1762 3689 1829 agit
3760 1802 3775 1820 ,

2114 1848 2219 1901 (lica
2243 1849 2609 1921 quadraginta,
2642 1859 2696 1905 ut
2723 1851 2974 1923 signi/iret
3007 1854 3341 1907 necessariam
3388 1852 3473 1906 hic
3505 1869 3690 1921 semper

2113 1941 2266 2009 [idem
2313 1939 2707 1999 lncaruatianis.
2753 1945 2896 2017 Ergo
2941 1945 2985 2001 si
3032 1944 3381 2016 quadraginta
3419 1945 3538 2000 dies
3575 1943 3689 1998 fecit

2114 2030 2232 2086 cum
2259 2033 2534 2105 discipulis
2553 2035 2697 2107 suis,
2723 2052 2832 2094 non
2867 2037 2984 2093 sine
3008 2052 3168 2092 causa
3196 2037 3545 2108 quadraginta
3582 2035 3687 2089 dies

2118 2123 2262 2178 fecit.
2295 2125 2452 2181 Forte
2477 2125 2787 2184 sufﬁcerent
2821 2129 3044 2200 viginti,
3087 2128 3400 2185 sufficerent
3438 2127 3643 2199 triginta
3673 2145 3685 2179 :

2116 2217 2461 2289 t'piadraginta
2489 2218 2602 2275 dies
2631 2220 2961 2291 dispensatio
2988 2230 3071 2278 est
3097 2222 3258 2277 totius
3293 2222 3453 2293 hujus
3494 2219 3686 2276 smeuli.

2116 2308 2414 2379 Aliquando
2444 2310 2564 2366 inde
2595 2313 2939 2367 tractavimus
2968 2323 3183 2384 prepter
3206 2313 3485 2367 donarium
3507 2328 3685 2367 nume-

2118 2416 2235 2454 rum
2277 2412 2464 2471 quater
2501 2402 2740 2457 duclum.
2781 2405 3157 2459 Cummcutoru
3188 2420 3282 2458 vos
3321 2406 3412 2476 qui
3457 2404 3689 2465 audistis.

2120 2491 2377 2547 Denarius
2406 2493 2548 2548 enim
2578 2512 2829 2551 numerus
2868 2507 3031 2551 totam
3062 2497 3376 2567 sapientiam
3413 2496 3689 2568 significat.

2120 2582 2245 2638 [hec
2289 2584 2547 2653 sapientia
2595 2585 2900 2656 dispensata
2967 2596 3050 2643 cst
3098 2604 3193 2657 per
3245 2599 3478 2658 quatuor
3525 2598 3692 2658 partes

2120 2676 2323 2740 mundi,
2356 2691 2448 2745 per
2478 2686 2647 2733 totum
2672 2679 2865 2767 orbem‘
2892 2689 3154 2735 lerrarmn
3191 2691 3281 2736 :et
3307 2688 3546 2750 tempora
3572 2696 3693 2751 qua-

2121 2768 2334 2824 drifaria
2370 2770 2719 2841 dispositione
2756 2772 3156 2842 dispertiuutur.
3195 2773 3326 2828 Nam
3356 2788 3529 2827 annus
3568 2788 3691 2842 qua-

2124 2869 2242 2913 tuor
2266 2868 2503 2938 tetnpora
2533 2861 2690 2917 habet
2720 2880 2732 2917 :
2757 2872 2811 2916 et
2834 2862 3061 2917 mundus
3081 2874 3307 2934 quatuor
3331 2862 3577 2919 cardines
3600 2862 3691 2915 ha-

2124 2949 2230 3005 bet.
2260 2950 2454 3005 Decem
2483 2966 2611 3022 ergo
2639 2963 2826 3023 quater
2853 2953 2994 3009 ducti
3017 2954 3492 3026 quadragenarium
3519 2970 3692 3009 nume-

2124 3055 2240 3093 rum
2263 3039 2477 3096 habcnt.
2506 3041 2630 3097 ldco
2652 3053 2828 3098 autem
2866 3044 3210 3114 quadraginta
3243 3044 3431 3100 diebus
3446 3044 3691 3115 jejunavit

2125 3130 2379 3188 Dominus
2404 3131 2611 3206 (Matth.
2638 3150 2711 3202 tv,
2735 3132 2816 3207 2),
2839 3135 3125 3191 ostendens
3145 3135 3300 3192 nobis
3322 3136 3683 3191 abstinentiam

2123 3222 2191 3277 ab
2217 3224 2361 3279 omni
2385 3226 2727 3297 corruptione
2754 3240 2874 3282 esse
2903 3225 3098 3304 debere
3137 3225 3412 3295 ﬁdelibus,
3446 3225 3684 3297 quamdiu

2124 3324 2248 3372 sunt
2291 3320 2345 3372 in
2385 3318 2485 3374 hoc
2522 3319 2742 3375 mundo.
2784 3319 3141 3391 Quadraginta
3176 3319 3406 3385 diebus,
3448 3320 3688 3391 jejttnavil

2126 3408 2268 3464 Elias
2294 3409 2382 3482 (Ill
2413 3408 2541 3483 Reg.
2570 3427 2680 3476 nx,
2703 3412 2790 3482 8).
2817 3421 3034 3483 gestans
3062 3427 3344 3481 personam
3382 3413 3686 3483 Prophetiae,

2125 3499 2413 3557 ostendens
2437 3500 2560 3571 quia
2594 3510 2651 3556 et
2672 3501 2723 3555 in
2752 3484 3034 3572 Prophetia
3066 3503 3167 3557 hoc
3191 3503 3434 3560 docetur.
3466 3504 3686 3573 Quadra-

2122 3591 2268 3662 ginta
2291 3591 2483 3649 diebus
2499 3592 2760 3662 jejunavit
2790 3593 2997 3665 Moyses
3020 3594 3211 3665 (Exod.
3245 3610 3432 3663 xxxiv,
3458 3594 3548 3669 28)
3569 3636 3584 3661 ,
3607 3596 3686 3665 qui

2125 3684 2342 3754 gerebat
2368 3700 2648 3754 personam
2680 3685 2835 3756 Legis
2855 3728 2869 3752 ,
2897 3687 3187 3743 OSIcndcns
3226 3688 3347 3758 quia
3389 3698 3445 3743 et
3475 3690 3536 3743 in
3561 3689 3687 3759 Lege

2127 3774 2230 3831 hoc
2270 3775 2512 3832 docetur.
2553 3776 2910 3848 Quadraginta
2945 3779 3099 3833 anuis
3125 3779 3313 3835 ductus
3356 3790 3442 3838 est
3480 3781 3685 3852 papulas

2127 3866 2288 3923 Israel
2314 3868 2366 3922 in
2386 3882 2571 3923 eremo
2595 3866 2783 3941 (Nam.
2815 3885 2981 3935 χχιιι,
3006 3870 3117 3941 15).
3141 3871 3497 3943 Quadraginta
3516 3870 3685 3927 diebus

2126 3975 2251 4015 arca
2283 3960 2334 4014 in
2360 3960 2560 4015 diluvio
2595 3960 2885 4026 ﬂuctuavit,
2913 3978 3032 4033 qua:
3060 3978 3185 4019 arca
3214 3962 3452 4021 Ecclesia
3480 3974 3558 4022 est
3583 3974 3600 4019 :
3623 3965 3681 4019 lio

2125 4053 2243 4123 guis
2268 4052 2678 4122 impulribilibus
2693 4052 2831 4110 facta
2853 4071 2870 4121 ;
2896 4055 3035 4126 ligna
3067 4055 3411 4126 imputribilia
3437 4067 3558 4114 sunt
3582 4058 3684 4112 ani-

2128 4158 2229 4197 ma:
2255 4152 2559 4198 sanctorum
2585 4153 2641 4198 et
2672 4143 2934 4213 iustorum
2967 4163 2982 4200 :
3016 4144 3218 4203 habens
3249 4154 3427 4203 tamen
3457 4148 3684 4203 animalia

2128 4234 2322 4289 munda
2341 4244 2391 4290 et
2420 4235 2725 4301 immunda;
2747 4237 2870 4307 quia
2890 4236 3140 4308 quamdiu
3172 4238 3366 4294 vivitur
3389 4240 3443 4296 in
3470 4240 3567 4297 hoc
3592 4256 3684 4295 ειε-

2126 4327 2247 4381 cqu
2270 4337 2324 4382 et
2353 4342 2447 4397 per
2472 4328 2798 4399 Baptismum
2830 4339 3078 4401 tauquam
3110 4346 3205 4401 per
3231 4331 3487 4388 diluvium
3525 4334 3676 4389 licrlc-

2126 4420 2201 4473 sia
2227 4428 2503 4490 purgatur,
2537 4435 2642 4476 non
2673 4429 2847 4491 potest
2871 4421 2975 4476 nisi
3002 4422 3201 4478 habere
3224 4422 3395 4479 honos
3422 4433 3479 4481 et
3498 4425 3687 4481 uitales.

2129 4510 2247 4565 ideo
2266 4525 2387 4566 arca
2404 4512 2489 4566 illa
2509 4521 2565 4567 et
2586 4513 2780 4567 munda
2798 4524 2851 4568 et
2873 4513 3141 4568 immunda
3163 4513 3416 4570 habebat.
3432 4515 3538 4572 Sed
3561 4524 3687 4588 pust-

2126 4602 2348 4671 eaquam
2399 4602 2561 4658 exivit
2589 4603 2711 4659 inde
2743 4602 2855 4659 Noe
2880 4646 2895 4671 ,
2933 4618 3037 4659 non
3079 4603 3205 4659 fecit
3231 4605 3552 4662 sacrificium
3590 4604 3686 4662 lica

2128 4693 2228 4748 nisi
2256 4693 2324 4748 de
2347 4693 2557 4750 mundis
2584 4694 2900 4750 animalibus
2926 4692 3078 4765 (Gen.
3107 4701 3329 4767 Vt-vm).
3363 4695 3520 4754 Unde
3545 4696 3682 4752 debe~

2128 4799 2245 4839 Inus
2271 4784 2565 4857 intelligere
2591 4786 2713 4856 quia
2739 4785 2792 4841 in
2816 4801 2940 4841 arca
2966 4787 3063 4842 ista
3090 4796 3144 4842 et
3171 4787 3369 4844 munda
3393 4797 3450 4844 et
3479 4789 3683 4844 immun—

2127 4875 2194 4931 da
2219 4876 2466 4931 animalia
2493 4886 2635 4944 sunt,
2660 4876 2755 4933 sed
2781 4886 2901 4949 post
2917 4878 3170 4935 diluvium
3200 4866 3356 4936 istum
3384 4899 3490 4938 non
3518 4880 3686 4952 accipit

2132 4967 2274 5023 Deus
2298 4969 2401 5023 nisi
2429 4984 2523 5024 eos
2558 4970 2645 5040 qui
2686 4985 2745 5025 se
2774 4970 3183 5027 mandaverunt.
3228 4974 3367 5045 Ergo
3411 4984 3577 5031 totmn
3604 4975 3687 5029 hoc

2130 5068 2338 5129 tempus
2365 5060 2506 5129 quod
2534 5061 2758 5125 videtur,
2790 5061 3004 5127 fratres,
3027 5077 3124 5133 pro
3146 5064 3493 5137 quadraginta
3519 5068 3687 5124 diebus

2130 5149 2398 5206 habetote.
2444 5152 2633 5206 Totutn
2676 5152 2780 5209 hoc
2817 5162 3055 5223 tempus,
3095 5158 3349 5225 quamdiu
3376 5159 3461 5213 hic
3491 5176 3686 5225 sumus,

2129 5259 2251 5299 area
2280 5254 2363 5300 est
2403 5246 2454 5300 in
2492 5245 2693 5302 diluvio
2720 5263 2736 5303 :
2762 5246 3017 5317 quamdiu
3051 5246 3388 5319 baptizantur
3425 5251 3691 5307 Christiani

2131 5347 2186 5394 et
2214 5354 2306 5407 per
2330 5354 2519 5409 aquam
2552 5339 2893 5408 mandantur,
2921 5350 3105 5399 natare
3133 5342 3342 5398 videtur
3368 5360 3492 5400 arca
3534 5347 3585 5402 in
3610 5347 3690 5401 llu'

2132 5430 2308 5485 ctibus
2327 5470 2340 5493 ,
2374 5446 2492 5500 qua:
2534 5432 2880 5502 quadraginta
2908 5433 3095 5490 diebus
3130 5434 3183 5490 in
3212 5450 3347 5508 aqua
3378 5439 3692 5494 versabatur.

2136 5521 2393 5583 Dominus
2422 5533 2596 5577 autem
2646 5539 2867 5579 manens
2892 5540 3013 5580 cum
3051 5526 3450 5599 dis‘cipulisper
3476 5530 3687 5601 quadra

2134 5615 2274 5683 ginta
2321 5613 2472 5679 dies,
2506 5614 2805 5685 significare
2850 5616 3093 5689 dignatus
3138 5628 3221 5673 est
3259 5621 3380 5690 quia
3434 5638 3528 5691 per
3571 5621 3695 5677 ismd

2140 5717 2341 5774 tempus
2394 5704 2691 5761 ncccs’saria
2742 5718 2823 5762 est
2863 5710 3108 5764 outnihus
3158 5711 3287 5767 tides
3335 5712 3703 5767 lncarnationis

2138 5800 2329 5855 Christi
2379 5818 2389 5853 :
2435 5816 2551 5871 qua'
2593 5800 2811 5857 inlirmis
2853 5811 2930 5858 est
2972 5805 3285 5860 ncccsaria.
3336 5807 3390 5862 Si
3428 5819 3563 5864 esset
3602 5808 3705 5877 jam
