3926 6188
270 269 390 327 1217

261 389 457 461 oculus,
486 386 574 455 qtti
606 384 805 440 videret
835 385 898 457 In
926 384 1173 454 principio
1197 393 1302 436 erat
1345 380 1555 435 Verbum
1577 376 1633 449 (1
1637 396 1757 432 uati.
1783 394 1823 439 ι,

265 481 313 553 1)
332 524 347 544 ,
370 480 455 551 qui
485 478 727 544 videret,
759 479 848 549 qui
874 486 1081 534 teneret
1105 517 1119 542 ,
1146 477 1235 546 qui
1260 475 1672 544 amplecteretur
1692 513 1707 535 ,
1734 471 1827 541 qui

267 575 530 633 h-ucretur,
555 585 658 623 non
683 584 818 638 opus
843 578 956 623 erat
979 576 1036 622 nt
1058 566 1289 623 Verbum
1315 580 1443 619 caro
1472 564 1624 618 ﬁeret
1649 573 1703 616 et
1729 562 1828 616 lia-

264 665 442 718 bitaret
467 661 517 713 in
548 660 701 713 nobis
724 677 738 713 :
765 659 856 714 sed
879 659 1001 728 quia
1029 658 1095 713 ad
1122 657 1249 712 illud
1271 654 1557 711 tenendum
1579 665 1634 708 et
1658 652 1829 708 fruen-

261 755 378 809 dum
398 761 690 807 esca-catus
717 761 834 806 erat
863 751 1047 805 oculus
1077 750 1298 806 interior
1327 749 1546 819 pulvere
1573 754 1828 816 peccato-

262 860 390 907 rum,
412 843 519 911 jam
546 857 652 896 non
679 849 797 896 erat
820 841 958 896 unde
987 839 1370 909 intelligeretur
1399 838 1661 901 Verbum;
1689 834 1829 905 quod

260 937 492 1001 dignatus
533 942 615 988 cst
652 948 778 986 caro
829 931 979 995 ﬁeri,
1028 939 1086 985 ut
1128 929 1480 984 mandaretur
1521 943 1627 997 quo
1665 925 1832 995 possit

263 1037 432 1096 postea
458 1022 659 1086 videri,
689 1020 828 1092 quod
853 1021 1011 1076 modo
1038 1037 1147 1076 non
1174 1028 1367 1090 potest.
1390 1017 1523 1085 Quia
1550 1031 1680 1087 ergo
1716 1014 1829 1069 dis-

266 1116 496 1188 peusatio
516 1115 695 1169 carnis
718 1113 918 1169 Christi
955 1114 1077 1167 huic
1112 1113 1234 1167 vita:
1261 1110 1506 1166 ﬁdelibus
1530 1107 1830 1164 necessaria

257 1220 355 1271 est,
384 1222 654 1278 perquam
684 1203 904 1260 tendant
929 1203 994 1258 ad
1028 1202 1331 1267 Dominum;
1355 1214 1481 1256 cum
1499 1207 1677 1254 autem
1701 1213 1832 1252 ven-

258 1310 361 1354 tum
406 1299 564 1353 fuerit
604 1297 669 1351 ad
696 1295 931 1367 speciem
962 1295 1106 1349 illam
1152 1291 1352 1356 Verbi,
1393 1290 1571 1346 omnis
1601 1287 1831 1343 carnalis

261 1390 582 1460 dispensatio
638 1403 743 1442 non
793 1387 895 1442 erit
924 1383 1225 1440 necessaria
1268 1400 1284 1436 :
1334 1380 1455 1435 ideo
1496 1377 1830 1435 conversatio

259 1485 418 1552 ipsius
443 1482 495 1536 in
517 1495 680 1536 carne
706 1486 828 1549 post
870 1476 1315 1549 resurrectionem
1346 1488 1445 1543 per
1481 1470 1830 1541 quadraginta

254 1572 362 1626 dies
404 1579 520 1625 erat
572 1569 909 1634 necessaria,
948 1577 1004 1622 ut
1045 1566 1439 1621 demonstraret
1477 1561 1677 1617 tamdiu
1713 1574 1832 1616 csse

254 1663 597 1719 necessariam
637 1661 792 1716 [idem
820 1658 1205 1714 [incarnationis
1224 1656 1421 1712 Christi
1441 1696 1455 1719 ,
1488 1653 1740 1725 quamdiu
1774 1653 1830 1705 in

254 1738 475 1810 ista'vita
502 1753 726 1808 docetur
754 1766 876 1807 arca
905 1751 957 1829 in
978 1750 1180 1805 diluvio
1203 1748 1483 1805 ﬂuctuare.
1525 1746 1662 1801 Ecce
1686 1743 1829 1815 quod

142 1881 159 1902 .
255 1844 385 1910 ilico,
418 1844 611 1900 fratres
649 1856 665 1895 :
696 1840 909 1898 Credite
935 1841 988 1896 in
1017 1840 1201 1896 Iesum
1237 1838 1509 1894 Christum
1552 1847 1732 1891 natum
1763 1834 1831 1889 de

252 1934 406 1990 Maria
435 1935 639 2005 virgine
659 1975 676 1997 ,
700 1931 1008 1989 cruciﬁxum
1040 1928 1416 1985 rcsurrcxisse.
1447 1926 1563 1981 Non
1589 1939 1725 1995 epos
1749 1932 1832 1978 est

252 2037 309 2082 ut
332 2028 726 2097 interrogemus
771 2032 889 2095 post
917 2021 1056 2078 istud
1083 2020 1368 2085 smculum,
1409 2018 1530 2089 quia
1557 2016 1669 2086 jam
1699 2012 1830 2069 illud

250 2119 549 2189 accepimus
574 2118 625 2172 in
658 2116 761 2173 ﬁde
786 2134 800 2171 :
826 2126 1068 2172 tenemus
1098 2112 1266 2178 illud;
1295 2109 1591 2165 inﬁrmitati
1632 2117 1830 2163 nostra:

249 2213 605 2267 necessarium
624 2218 725 2264 est.
748 2209 937 2264 Putate
954 2221 1082 2277 ergo
1105 2206 1417 2261 charitatem
1435 2203 1643 2273 galliam
1665 2200 1828 2263 illius,

166 2353 174 2361 .
247 2317 361 2371 quas
382 2301 615 2371 protegit
641 2299 999 2353 inﬁrmitatem
1023 2304 1257 2370 uestram
1287 2291 1502 2362 (Matth.
1527 2307 1675 2355 χχιιι,
1702 2290 1828 2358 57):

245 2403 428 2462 putate
451 2380 880 2460 essejumentum
907 2384 1269 2443 misericordis
1297 2384 1436 2438 illius
1467 2379 1825 2441 transeuntis,

245 2484 294 2538 in
320 2482 468 2553 quod
496 2483 686 2536 levavit
712 2479 1040 2550 languidum,
1070 2478 1160 2548 qui
1187 2476 1498 2530 vulneratus
1526 2480 1644 2527 erat
1664 2470 1683 2542 (
1702 2469 1828 2523 an.

246 2590 298 2639 ιι,
328 2572 548 2642 50-34).
579 2571 801 2627 Levavit
838 2569 983 2626 enim
1022 2569 1169 2623 illum
1195 2609 1211 2633 ,
1241 2566 1386 2636 quo?
1429 2565 1486 2620 ln
1512 2564 1831 2633 ~jumentum

248 2677 421 2718 stium.
448 2661 756 2717 Jumeutum
787 2659 994 2716 Domini
1014 2673 1139 2713 caro
1159 2666 1262 2712 est.
1292 2656 1432 2725 Ergo
1453 2668 1575 2709 cum
1604 2652 1833 2708 transie-

248 2754 316 2808 rit
342 2752 446 2808 hoc
472 2752 748 2815 saeculum,
780 2749 906 2820 quid
939 2749 1031 2804 tibi
1056 2747 1299 2803 dicetur?
1329 2746 1461 2814 Quia
1492 2753 1638 2800 recte
1651 2743 1835 2806 credi-

247 2841 368 2897 disti
401 2843 454 2897 in
477 2856 694 2898 carnem
724 2839 949 2904 Christi,
979 2837 1139 2893 modo
1169 2837 1345 2891 fruere
1370 2835 1650 2904 majestate
1670 2842 1727 2888 et
1748 2833 1832 2888 di-

249 2934 468 2991 vinitate
506 2932 725 2987 Christi.
764 2928 1111 2987 Nccessarius
1158 2925 1257 2981 fuit
1304 2926 1546 2980 inﬁrmus
1584 2924 1831 2991 inﬁrmo,

247 3023 580 3080 necessarius
599 3024 700 3078 erit
732 3022 878 3077 tortis
902 3021 1044 3074 forti.

314 3114 371 3170 6.
415 3113 600 3170 Carnis
632 3113 925 3169 resurrectio
979 3113 1169 3181 futura.
1200 3107 1333 3176 Quia
1375 3116 1431 3163 et
1472 3115 1527 3162 ttt
1564 3106 1833 3176 deponere

245 3209 414 3263 habes
437 3207 609 3277 ipsam
634 3203 1015 3264 inﬁrmitatem,
1035 3201 1185 3270 juxta
1209 3199 1351 3269 quod
1372 3197 1570 3253 audisti
1618 3197 1670 3251 in
1693 3199 1835 3266 Αροο

241 3300 386 3356 stolo
410 3317 424 3352 :
458 3296 668 3367 Oportet
692 3294 1018 3364 corruptibile
1046 3293 1139 3346 ltoc
1164 3290 1370 3345 induere
1384 3289 1829 3360 incorruptionem,

242 3402 287 3444 et
329 3388 549 3444 mortale
592 3388 687 3442 hoc
729 3387 936 3441 induere
973 3382 1420 3439 imuwrtalitatem.
1455 3381 1586 3448 Quia
1622 3395 1743 3435 cara
1787 3389 1833 3433 et
1862 3400 1871 3405 κ

243 3482 482 3552 sanguis,
511 3480 618 3543 ait,
648 3494 857 3549 regnum
886 3475 983 3530 Dei
1011 3492 1113 3529 non
1143 3473 1464 3541 possidebunt
1490 3470 1543 3545 (1
1570 3473 1689 3527 Cor.
1725 3488 1790 3526 xv
1815 3513 1828 3532 ,

244 3572 333 3637 ξιξ,
356 3571 473 3641 50).
513 3569 693 3638 Quare
734 3583 841 3623 non
871 3565 1257 3636 possidebunt?
1284 3563 1407 3634 quia
1451 3578 1556 3617 non
1594 3572 1837 3631 resurget

245 3661 412 3715 caro?
443 3660 598 3715 Absit
623 3659 636 3712 l
665 3667 908 3726 resurget
936 3671 1083 3721 caro,
1107 3655 1200 3710 sed
1227 3653 1351 3724 quid
1380 3652 1436 3707 ﬁt
1456 3653 1480 3706 ἲ
1503 3653 1832 3718 lmmutatnr,

249 3760 302 3805 et
329 3737 388 3804 ﬁt
413 3750 532 3820 ipsa
557 3763 753 3819 corpus
773 3748 992 3804 cmleslc
1019 3758 1071 3802 et
1100 3746 1416 3815 angelicum.
1440 3743 1703 3814 Numquid
1719 3759 1837 3800 car—

248 3856 365 3895 nem
395 3839 599 3896 habent
634 3838 851 3910 Angeli?
877 3837 981 3892 Sed
1012 3836 1114 3890 hoc
1142 3835 1397 3899 interest,
1429 3837 1552 3904 quia
1584 3833 1680 3889 ista
1710 3849 1836 3890 caro

244 3939 487 4001 resurget
511 3971 531 3996 ,
561 3930 658 3984 ista
686 3929 797 3999 ipsa
825 3942 943 3998 qua:
973 3927 1229 3997 sepelitur
1250 3967 1266 3992 ,
1301 3940 1421 3995 qure
1446 3924 1708 3989 moritur;
1738 3925 1835 3979 ista

245 4037 362 4091 qua:
391 4021 628 4085 videtur,
659 4034 776 4089 qua:
805 4018 1047 4089 palpatur
1069 4058 1084 4083 ,
1113 4016 1197 4072 cui
1229 4031 1364 4087 Opus
1403 4024 1486 4070 est
1515 4015 1838 4071 manducare

245 4123 298 4168 et
322 4113 535 4179 bibere,
564 4121 621 4165 ut
652 4111 820 4181 possit
839 4109 1056 4174 durare;
1082 4123 1201 4179 qua:
1221 4114 1464 4179 a'grotat,
1486 4122 1606 4179 quae
1624 4107 1837 4164 dolores

242 4203 459 4274 patitur,
496 4204 614 4274 ipsa
644 4202 802 4257 habet
826 4215 1128 4271 resurgere,
1157 4199 1319 4254 malis
1335 4198 1401 4264 ad
1424 4213 1610 4269 ptenas
1638 4198 1836 4268 scrupi-

244 4305 420 4353 ternas
449 4338 465 4365 ,
511 4295 673 4351 bonis
717 4302 897 4353 autem
950 4300 1007 4348 ut
1035 4299 1452 4348 commutantur.
1497 4289 1629 4348 Cum
1679 4289 1837 4346 fuerit

241 4397 598 4447 commutata,
629 4384 753 4455 quid
787 4384 877 4439 ﬁet
897 4384 920 4437 ?
939 4383 1059 4439 iam
1086 4396 1284 4452 corpus
1298 4381 1517 4439 cmleste
1538 4380 1832 4443 vocabitur,

248 4492 350 4532 non
379 4492 514 4533 caro
556 4474 836 4530 mortalis:
864 4473 988 4544 quia
1035 4471 1244 4541 Oportet
1285 4470 1612 4543 corruptibile
1638 4470 1733 4525 liae
1758 4470 1837 4524 iu-

245 4568 395 4623 duere
414 4566 850 4636 incorruptionem
870 4603 887 4630 ,
914 4572 960 4617 et
985 4563 1196 4618 mortale
1220 4562 1314 4617 hoc
1333 4560 1543 4621 induere
1572 4562 1835 4616 inunorta-

245 4659 454 4714 litium.
486 4656 763 4730 Mirantur
780 4657 956 4710 autem
982 4654 1026 4709 si
1057 4652 1178 4709 facit
1201 4653 1342 4709 Deus
1367 4652 1435 4707 de
1459 4667 1620 4708 carne
1643 4666 1838 4722 corpus

248 4750 488 4815 etnleste,
521 4747 611 4817 qui
642 4745 710 4802 de
731 4746 895 4800 nihilo
926 4744 1049 4800 fecit
1076 4744 1275 4799 omnia.
1301 4744 1358 4798 lu
1388 4758 1550 4799 carne
1574 4745 1836 4799 constitu-

249 4850 333 4898 tus
364 4842 633 4897 Dominus
663 4838 727 4894 de
752 4853 884 4909 aqua
912 4838 1091 4892 vinum
1121 4834 1247 4891 fecit
1265 4876 1281 4899 ,
1309 4844 1366 4890 et
1392 4835 1584 4890 mirum
1606 4843 1688 4890 est
1705 4838 1753 4889 si
1770 4835 1837 4890 de

244 4947 407 4989 carne
448 4936 657 5001 corpus
698 4928 918 4985 cteleste
962 4927 1137 4984 facere
1190 4926 1458 4996 potuerit?
1498 4924 1673 4981 Nolite
1710 4940 1838 4995 ergo

248 5023 493 5079 dubitare
539 5020 607 5077 de
645 5020 756 5075 Deo
780 5020 902 5089 quia
931 5028 1120 5088 potens
1142 5024 1226 5072 est
1266 5015 1394 5070 illud
1421 5010 1616 5070 facere.
1648 5015 1835 5087 Angeli

249 5122 304 5169 ut
332 5121 521 5170 essent
544 5154 560 5176 ,
583 5110 717 5167 nihil
742 5118 927 5174 erant;
949 5107 1041 5164 sed
1065 5107 1230 5176 ipsius
1257 5104 1534 5174 majestate
1552 5113 1676 5183 sunt
1697 5105 1837 5177 quod

247 5214 389 5260 sunt.
421 5204 528 5272 Qui
557 5200 727 5273 potuit
746 5210 799 5255 te
818 5197 995 5255 facere
1028 5212 1147 5253 cum
1192 5212 1296 5251 non
1322 5208 1507 5263 esses,
1531 5210 1637 5250 non
1665 5205 1840 5266 potest

249 5308 504 5363 reparare
532 5284 676 5362 quod
718 5290 897 5346 fueras
921 5331 936 5355 ,
978 5297 1033 5346 et
1059 5304 1164 5343 non
1208 5294 1387 5358 potest
1422 5284 1553 5343 dare
1577 5285 1836 5345 honorem

249 5386 509 5443 claritatis
526 5384 646 5442 ﬁdei
669 5396 772 5441 tua:
794 5392 1008 5454 propter
1030 5382 1195 5452 ipsam
1220 5381 1641 5436 incarnationem
1662 5382 1839 5435 suam?

253 5476 394 5549 Ergo
419 5492 543 5533 cum
575 5475 881 5531 transierint
908 5475 1039 5539 ista,
1062 5473 1239 5528 veniet
1260 5472 1417 5529 nobis
1443 5470 1573 5527 illud
1595 5471 1737 5542 quod
1764 5473 1840 5528 ait

250 5568 488 5627 Joannes
515 5587 531 5624 ;
554 5568 879 5625 Dilectissimi
896 5610 913 5634 ,
942 5568 1037 5637 ﬁlii
1064 5565 1161 5620 Dei
1185 5581 1358 5620 sumus
1381 5606 1397 5634 ,
1431 5574 1478 5619 et
1499 5563 1723 5619 nondum
1741 5581 1839 5635 ap-

253 5664 423 5733 paruit
448 5663 584 5734 quod
603 5663 791 5718 erimus
816 5677 836 5716 :
860 5660 1043 5715 sciurus
1065 5659 1183 5732 quia
1209 5674 1322 5712 cum
1349 5656 1675 5729 apparuerit,
1697 5657 1837 5713 simi-

1612 260 1842 316 8811310
1896 257 2134 319 (λειχν.

3390 268 3524 325 {illi

1937 379 2008 432 les
2028 379 2074 432 ei
2099 378 2300 440 erimus,
2326 367 2565 447 quoniam
2592 377 2862 433 uidebimus
2895 396 3006 434 eum
3042 384 3166 436 sicut
3195 393 3264 436 est
3292 385 3343 457 (εΙ
3372 384 3521 442 Ioan.

1914 486 2010 534 ,m,
2039 468 2118 538 2).
2152 468 2230 522 Ad
2260 469 2412 522 istam
2454 469 2708 524 visionem
2741 486 2832 524 vos
2860 482 3084 540 parate,
3103 474 3309 528 interim
3332 491 3521 546 qnam-

1937 560 2025 613 diu
2048 559 2098 613 in
2113 573 2274 613 carne
2284 559 2413 613 estis
2428 559 2630 615 credite
2645 561 2696 614 in
2713 561 2983 616 Christum
3003 563 3353 632 incantatam;
3372 579 3425 620 et
3446 568 3522 623 sic

1936 649 2172 715 credite,
2196 658 2253 703 ut
2279 665 2383 704 non
2420 651 2615 721 putetis
2640 652 2888 707 Seductos
2913 668 3008 709 vos
3028 668 3148 710 esse
3167 655 3341 726 aliqua
3375 658 3520 713 falsi-

1939 753 2062 798 tate.
2080 742 2354 814 Nunquam
2376 744 2516 798 cnim
2539 746 2794 799 mentitur
2807 747 3001 801 veritas
3020 762 3032 799 :
3051 763 3171 801 nam
3189 748 3519 815 simentitur,

1936 850 2041 904 quo
2070 834 2207 889 imus
2234 834 2302 889 ad
2324 835 2638 889 consilium?
2655 835 2780 906 quid
2809 834 3073 892 facimus?
3097 838 3180 892 cui
3226 854 3326 894 nos
3351 842 3523 896 credi-

1935 929 2098 981 mus?
2123 929 2258 998 Ergo
2282 928 2478 983 veritas
2501 970 2516 994 ,
2542 928 2774 984 Verbum
2803 947 2985 986 verum
3007 972 3023 997 ,
3070 934 3327 1002 sapientia
3376 951 3520 996 vera,

1936 1019 2103 1074 virtus
2130 1019 2222 1074 Dei
2249 1035 2370 1075 vera
2394 1039 2406 1074 :
2427 1019 2634 1075 Verbum
2656 1038 2774 1076 caro
2801 1026 2989 1093 [uetant
3017 1034 3090 1077 est
3106 1024 3239 1097 (Id.,
3266 1027 3373 1097 14),
3397 1043 3522 1082 vera

1935 1124 2080 1164 caro.
2106 1108 2342 1181 Palpate,
2366 1120 2410 1165 tu
2432 1110 2609 1176 videte,
2635 1112 2729 1177 ait,
2757 1113 2875 1182 quia
2903 1113 3112 1184 spiritus
3135 1130 3249 1169 ossa
3278 1126 3324 1170 et
3348 1132 3524 1170 nervos

1936 1216 2038 1254 non
2062 1200 2228 1267 habet,
2244 1202 2376 1258 sicut
2405 1220 2484 1257 me
2510 1203 2684 1258 videtis
2706 1205 2886 1259 habere
2910 1204 3063 1275 (Luc.
3094 1221 3244 1273 xxiv,
3263 1207 3520 1279 59).Vcra

1935 1294 2076 1348 enim
2100 1309 2219 1351 ossa
2260 1303 2433 1361 erant,
2462 1296 2568 1350 veri
2595 1297 2740 1352 nervi
2768 1339 2783 1366 ,
2816 1314 2956 1353 vene
2999 1300 3273 1356 cicatrices
3296 1318 3310 1355 :
3335 1318 3517 1357 verum

1933 1387 2188 1457 quidquid
2215 1388 2528 1458 tangebatur
2549 1429 2565 1451 ,
2599 1406 2784 1445 verum
2824 1391 3077 1462 quidquid
3108 1393 3516 1465 intelligebatur.

1936 1464 2461 1547 Tangebatur'homo
2483 1521 2499 1548 ,
2533 1480 2927 1552 intelligebatur
2966 1482 3108 1539 Deus
3146 1501 3161 1537 :
3208 1487 3524 1556 tangebatur

1922 1584 2081 1637 ,earo,
2111 1571 2505 1644 intelligebatur
2525 1575 2783 1645 sapientia
2813 1594 2826 1630 :
2860 1577 3180 1648 tangebatur
3203 1580 3483 1635 inﬁrmitas
3503 1622 3517 1642 ,

1937 1663 2327 1734 intelligebatur
2351 1666 2607 1736 potentia.
2640 1666 2829 1751 Totum
2857 1667 3062 1725 verum.
3086 1670 3286 1725 Tamen
3309 1670 3518 1726 deinde

1935 1771 2060 1809 caro
2108 1756 2162 1811 in
2209 1756 2402 1811 caelum
2448 1759 2760 1828 pra-cessit,
2807 1759 2858 1814 id
2899 1770 3185 1832 cstcaput.
3219 1764 3520 1833 Sequuntur

1934 1857 2125 1903 caetera
2150 1848 2410 1904 membra.
2437 1849 2647 1917 Quare?
2667 1850 2798 1919 Quia
2826 1860 3038 1922 oportet
3066 1861 3124 1907 ut
3139 1853 3516 1908 dormitioucm

1934 1941 2197 2012 accipiant
2220 1943 2456 1997 membra
2488 1943 2586 1997 ista
2615 1940 2966 2013 aliquantum,
2992 1953 3046 1998 et
3075 1949 3518 2014 resnrgant‘tcm-

1936 2048 2062 2103 pore
2087 2046 2184 2088 suo
2210 2047 2421 2090 omnes.
2449 2034 2504 2090 Si
2532 2043 2587 2089 et
2604 2034 2858 2089 Dominus
2885 2041 3009 2090 tunc
3036 2034 3196 2090 vellet
3217 2050 3516 2105 resurgere,

1935 2139 2042 2178 non
2070 2133 2213 2181 esset
2238 2126 2289 2180 in
2313 2141 2470 2196 quem
2502 2125 2866 2181 crederemus.
2902 2124 3026 2182 Ideo
3058 2127 3227 2181 voluit
3260 2127 3521 2197 primitias

1934 2214 2323 2291 dormientium
2340 2216 2565 2270 liberare
2593 2217 2609 2247 ¹
2634 2216 2744 2270 Deo
2771 2216 2822 2269 iu
2851 2229 2910 2270 se
2937 2216 3053 2286 ipso
3073 2256 3090 2277 ,
3123 2224 3181 2270 ut
3207 2232 3328 2271 cum
3357 2217 3408 2271 in
3431 2218 3521 2271 illo

1937 2305 2147 2358 videres
2174 2304 2315 2374 quod
2341 2305 2605 2360 redditum
2639 2315 2749 2373 est,
2782 2307 2834 2361 in
2869 2316 2921 2361 te
2954 2323 3200 2376 sperares
3230 2308 3381 2378 'quod
3420 2310 3489 2364 do

1937 2396 2167 2450 nandum
2195 2406 2295 2453 est.
2325 2396 2440 2452 Erit
2466 2399 2639 2453 omnis
2663 2399 2888 2469 populus
2914 2400 3007 2455 Dei
3035 2410 3275 2470 arquatae
3306 2402 3522 2473 Angelis

1935 2500 1989 2544 et
2041 2490 2289 2544 sociatus.
2337 2487 2505 2546 Nemo
2551 2506 2678 2562 ergo
2709 2493 2858 2548 vobis
2900 2493 3076 2559 dicat,
3122 2494 3311 2550 lratrcs
3344 2513 3358 2550 :
3386 2495 3505 2551 Cre~

1937 2582 2067 2636 dunt
2086 2583 2233 2637 stulti
2260 2582 2546 2638 Christiani
2576 2586 2695 2655 quia
2726 2600 2853 2640 caro
2874 2595 3115 2657 resurget
3142 2605 3155 2640 :
3185 2588 3305 2658 quis
3335 2603 3517 2643 resur-

1935 2673 2046 2743 git?
2074 2683 2165 2728 aut
2189 2674 2306 2744 quis
2345 2675 2798 2731 rcsurrexit?-aut
2828 2678 2952 2748 quis
2980 2678 3082 2732 huc
3119 2679 3242 2734 inde
3272 2681 3418 2735 venit
3454 2682 3525 2734 ah

1939 2763 2154 2832 inferis,
2181 2774 2239 2820 et
2265 2765 2399 2820 dixit
2427 2767 2614 2822 vobis?
2642 2768 2890 2824 Christus
2909 2770 3033 2826 inde
3057 2772 3217 2826 venit.
3248 2771 3293 2826 0
3318 2774 3514 2828 miser!

1936 2873 1970 2911 ο
1996 2872 2089 2912 cor
2114 2858 2402 2913 humanum
2435 2875 2741 2930 perversum
2779 2872 2833 2916 et
2861 2866 3281 2933 praeposterum!
3314 2866 3368 2920 Si
3390 2880 3523 2920 avus

1939 2948 2104 3017 ipsius
2134 2959 2464 3020 resurgeret,
2492 2951 2732 3007 crederet
2768 2952 2841 3006 illi
2876 2970 2888 3006 :
2921 2953 3176 3011 Dominus
3220 2955 3402 3010 ntuttdi
3434 2973 3524 3014 re-

1937 3039 2190 3102 surrexit,
2219 3048 2401 3095 etnon
2432 3042 2543 3096 vult
2566 3042 2806 3099 credere.
3198 3060 3202 3066 -
3314 3058 3319 3061 -
3426 3029 3435 3039 '

2006 3131 2061 3184 ~7.
2093 3130 2138 3184 Τ
2140 3132 2358 3187 riuitatis
2386 3135 2695 3205 mysterium.
2723 3136 2926 3191 Tcnetc
2955 3137 3152 3208 itaque,
3187 3138 3377 3195 fratres
3397 3141 3523 3206 mei,

1938 3238 2116 3277 veram
2139 3266 2153 3289 ,
2184 3239 2523 3294 germanam,
2552 3227 2866 3283 catholicam
2897 3229 3073 3284 ﬁdem.
3107 3229 3274 3300 Filius
3309 3233 3528 3301 arqualis

1937 3324 2019 3369 est
2047 3313 2213 3381 Patri,
2242 3314 2438 3370 donum
2463 3317 2557 3371 Dei
2587 3317 2818 3387 Spiritus
2842 3331 3058 3376 sanctus
3078 3323 3295 3392 mqnalis
3315 3332 3395 3377 est
3422 3322 3525 3378 Pa-

1939 3406 2004 3458 tri
2025 3447 2039 3470 ,
2068 3414 2123 3459 et
2160 3405 2278 3460 ideo
2303 3406 2465 3462 Pater
2487 3416 2541 3461 et
2573 3407 2738 3464 Filius
2779 3419 2833 3463 et
2858 3408 3087 3479 Spiritus
3120 3423 3336 3466 sanctus
3384 3429 3524 3467 uirus

1928 3496 2098 3564 Dens,
2129 3511 2232 3550 non
2264 3506 2372 3550 tres
2395 3497 2466 3551 dii
2497 3517 2512 3552 :
2534 3514 2638 3552 non
2664 3498 2916 3568 gradibus
2939 3500 3038 3554 sibi
3059 3500 3271 3570 adjecti,
3296 3503 3388 3557 sed
3412 3519 3494 3557 tua
3510 3533 3525 3543 -

1932 3587 2126 3657 jestate
2152 3586 2389 3654 adunati,
2420 3597 2475 3641 et
2494 3583 2630 3642 unus
2657 3589 2817 3643 Deus.
2841 3588 2949 3643 Sed
2973 3589 3139 3644 Filius
3177 3600 3354 3646 tamen
3400 3610 3525 3662 pro-

1943 3686 2057 3745 pter
2082 3691 2199 3744 nos,
2242 3676 2456 3731 Verbum
2480 3694 2599 3733 caro
2627 3679 2818 3748 factum
2844 3689 2916 3733 est
2945 3689 2991 3734 et
3017 3680 3257 3735 habitavit
3284 3683 3336 3737 iu
3360 3683 3522 3739 nobis.

1943 3767 2063 3821 Non
2110 3768 2345 3836 rapinam
2372 3768 2644 3822 arbitratus
2676 3778 2749 3824 est
2775 3785 2882 3824 esse
2906 3769 3121 3841 aqualis
3150 3770 3258 3826 Deo
3278 3814 3293 3835 ,
3320 3773 3409 3827 sed
3449 3791 3530 3828 se-

1941 3860 2205 3929 metipsum
2234 3854 2504 3914 exina'uivit
2525 3900 2542 3926 ,
2572 3863 2788 3931 formam
2816 3861 2946 3915 servi
2968 3861 3220 3933 accipiens
3244 3905 3258 3928 ,
3289 3872 3336 3916 et
3357 3864 3529 3917 lmlu'tn

1940 3951 2165 4004 inventus
2191 3958 2243 4003 ut
2281 3950 2431 4027 homo
2451 3948 2471 4023 (
2493 3949 2722 4021 Philipp.
2760 3965 2798 4006 ιι
2818 3992 2832 4012 ,
2862 3952 2960 4007 6~7
2981 3952 3022 4025 ).
3052 3952 3119 4007 Et
3149 3961 3207 4007 ut
3235 3938 3489 4009 noveritis
3512 3996 3528 4017 ,

1942 4041 2152 4109 fratres,
2176 4042 2297 4113 quia
2326 4057 2453 4098 vere
2472 4042 2705 4098 Trinitas
2731 4044 2829 4098 ista
2855 4046 3077 4115 :cqnalis
3097 4054 3182 4100 est
3200 4087 3213 4111 ,
3240 4054 3420 4101 etnon
3444 4040 3529 4101 est

1939 4135 2136 4189 dictum
2167 4136 2287 4205 quia
2322 4133 2478 4190 Pater
2502 4137 2669 4206 major
2708 4152 2788 4191 me
2826 4146 2900 4190 est
2938 4136 3119 4207 (Joan.
3151 4153 3261 4203 xlv,
3286 4137 3404 4206 28),
3430 4139 3528 4192 nisi

1942 4234 2159 4295 propter
2180 4239 2396 4281 carnem
2426 4241 2583 4297 quam
2605 4227 2837 4296 suscepit
2852 4226 3127 4292 Dominus;
3144 4243 3310 4298 quare
3325 4227 3390 4282 dc
3405 4227 3525 4298 Spi-

1942 4318 2045 4371 ritu
2080 4327 2266 4373 sancto
2293 4333 2560 4389 nunquam
2581 4318 2779 4373 dictum
2802 4328 2904 4384 est,
2932 4319 3103 4374 Minor
3128 4329 3244 4386 est,
3273 4319 3373 4375 nisi
3404 4320 3529 4390 quia

1943 4410 2054 4479 ipse
2066 4425 2170 4464 non
2192 4410 2425 4481 suscepit
2449 4411 2694 4466 carnem?
2710 4410 2899 4467 Videte
2919 4411 3044 4482 quid
3059 4411 3168 4466 dixi
3188 4431 3201 4466 :
3223 4422 3525 4484 pcrseruta-
3612 4460 3619 4463 .

1943 4503 2067 4557 mini
2097 4516 2283 4557 omnes
2311 4503 2644 4574 Scripturas,
2678 4504 2848 4559 levate
2873 4518 3062 4559 omnes
3083 4505 3334 4576 paginas,
3371 4505 3533 4575 legite

1941 4610 2129 4650 omnes
2139 4610 2344 4662 versus;
2363 4610 2629 4666 nunquam
2645 4596 2926 4653 invenietis
2937 4596 3059 4668 quia
3075 4597 3304 4668 Spiritus
3315 4605 3533 4652 sanctus

1942 4682 2117 4742 minor
2142 4688 2214 4742 sit
2236 4702 2393 4758 quam
2416 4688 2574 4744 Deus.
2608 4688 2702 4745 llle
2723 4704 2851 4761 ergo
2872 4690 3047 4744 dictus
3088 4699 3173 4745 est
3207 4686 3409 4755 minor,
3439 4690 3531 4758 qni

1942 4785 2161 4848 propter
2190 4792 2288 4833 nos
2316 4776 2482 4833 factus
2503 4786 2586 4834 est
2619 4779 2814 4845 minor,
2845 4789 2902 4833 ut
2933 4794 3031 4849 per
3055 4779 3205 4833 illum
3233 4793 3330 4833 nos
3355 4777 3533 4834 efﬁce-

1943 4884 2124 4923 remur
2152 4868 2402 4938 majores.

2405 4977 2634 5034 SERMO
2669 4976 2933 5035 conv.
2977 4980 3070 5052 (a).

2332 5097 2400 5140 De
2432 5090 2733 5147 Ascensioue,
2759 5090 2960 5150 Domini,
2985 5105 3012 5141 v
3048 5090 3138 5154 (ὁ).

2014 5193 2236 5251 CAPUT
2289 5193 2568 5250 PRIMUM.
2640 5223 2718 5235 -—
2770 5194 2821 5249 1.
2896 5192 3087 5279 Veritas
3151 5194 3532 5251 resurrectionis

2011 5353 2026 5382 '
2048 5357 2206 5410 Forte,
2231 5349 2398 5401 libare.

2005 5415 2026 5435 ⁶
2045 5412 2329 5471 amendatos
2350 5412 2409 5460 ad
2431 5411 2508 5461 cb.
2530 5424 2572 5461 r.
2597 5426 2643 5462 v.
2672 5419 2724 5462 et
2745 5413 2804 5462 ad
2828 5419 2929 5463 Par.
2952 5420 3061 5464 ιον.

2005 5476 2080 5540 (a)
2120 5474 2273 5532 Alias,
2316 5474 2349 5524 ϐ
2391 5474 2518 5527 inter
2565 5487 2823 5525 sermones
2854 5477 2909 5525 l7
2953 5476 3141 5528 additos
3189 5487 3220 5528 ι
3256 5476 3533 5529 Fabiumt-

1945 5541 2080 5663 bu(sli)
2111 5599 2258 5665 ttujus
2276 5597 2517 5665 sermonis
2538 5605 2824 5660 excerptum
2847 5599 2971 5662 apud
2994 5605 3137 5664 Eugyj
3154 5601 3255 5650 ium
3276 5604 3530 5665 reperies;

1947 5670 1999 5712 et
2018 5659 2144 5725 apud
2166 5660 2370 5720 Florum,
2396 5659 2455 5709 ad
2487 5666 2615 5708 nom.
2647 5674 2693 5711 v.
