3926 6188
255 272 380 332 1291

252 400 306 447 et
325 386 464 444 dicis
489 392 565 453 tu,
591 383 763 441 iis-um
791 380 907 439 est?
936 378 1054 436 Non
1084 386 1156 432 est
1178 382 1391 431 restraint
1419 372 1550 427 scire
1572 379 1797 440 tempora
1816 408 1832 429 ,

250 496 363 548 «me
386 479 555 533 Pater.
574 476 741 547 posuit
762 475 814 529 in
840 490 936 528 sua
962 478 1221 543 potestate.
1244 464 1399 535 Quod
1425 461 1644 520 creditis
1662 501 1678 525 ,
1699 459 1838 515 bene

251 570 472 626 creditis
500 567 659 638 :qnia
704 573 985 621 venturum
1016 572 1119 618 est.
1150 556 1376 626 Quando
1417 564 1700 611 venturum
1736 548 1835 615 sit,

250 664 375 737 quid
407 663 473 719 ad
505 662 595 717 te?
621 657 847 726 Quando
871 655 1096 720 venerit,
1124 665 1365 724 pnepara
1394 656 1467 704 te.
1501 645 1623 700 Non
1655 653 1728 698 cst
1752 657 1838 696 re-

248 769 412 814 strmn
440 755 569 810 scire
592 764 838 824 tempore,
864 764 979 823 qua:
997 747 1156 802 Pater
1185 743 1351 815 posuit
1380 741 1433 795 in
1456 757 1554 795 sua
1576 744 1837 808 potestate.

251 849 551 905 Curiosius
591 843 877 909 abscedat,
937 842 1105 912 pietas
1151 835 1421 893 succedat.
1473 830 1612 900 Quid
1665 828 1734 884 ad
1789 836 1842 882 te

251 939 469 1011 quando
494 935 703 994 veniet?
733 934 826 990 Sic
851 933 998 996 vive,
1026 929 1194 1004 quasi.
1225 926 1387 983 hodie
1421 933 1704 980 venturum
1731 917 1839 984 sit;

254 1045 309 1089 et
332 1048 441 1087 non
471 1030 717 1094 timebis,
745 1041 866 1082 cum
893 1023 1119 1081 venerit.

323 1125 411 1179 C.-\
423 1122 553 1178 Pli'l'
572 1120 789 1177 ινα-εί.
806 1116 1032 1174 Christus
1056 1115 1214 1168 bonus
1235 1110 1492 1183 magister,
1508 1106 1693 1161 docens
1705 1101 1843 1175 quod

254 1215 456 1286 expedit
476 1214 621 1269 scire.
639 1210 826 1266 Videte
849 1216 1027 1263 autem
1041 1204 1282 1261 ordinem
1301 1210 1355 1257 et
1374 1198 1708 1269 disciplinam
1725 1208 1842 1286 ma-

252 1284 407 1378 gistri
452 1304 610 1369 boni,
633 1299 871 1371 magistri
909 1295 1227 1367 singularis,
1250 1290 1486 1362 magistri
1510 1288 1696 1343 solius.
1729 1284 1843 1340 Non

254 1394 547 1466 dixitqund
563 1394 1037 1462 interrogaverunt,
1054 1396 1105 1442 et
1124 1384 1256 1475 dixit
1273 1381 1413 1454 quod
1431 1397 1536 1437 non
1548 1380 1844 1475 interroga-

256 1498 468 1543 verunt.
485 1485 698 1542 Sciebat
716 1483 856 1538 enim
884 1478 1031 1550 quod
1044 1469 1502 1546 interrogaverunt
1526 1487 1634 1526 non
1648 1469 1731 1525 eis
1752 1484 1846 1523 es.

255 1581 440 1652 pedire
466 1588 525 1634 ut
542 1586 760 1633 nossent
784 1593 799 1628 :
822 1572 960 1646 quod
991 1580 1169 1626 autem
1205 1567 1407 1624 sciebat
1443 1564 1523 1621 eis
1551 1560 1844 1634 expedire,

255 1672 421 1726 etiam
450 1684 554 1725 non
590 1667 672 1722 eis
715 1661 1163 1734 interrogantibus
1191 1658 1344 1714 dixit.
1376 1652 1495 1711 Non
1517 1662 1590 1708 est
1624 1662 1847 1710 restrain

256 1766 388 1820 scire
408 1805 421 1825 ,
454 1762 619 1832 inquit
637 1803 651 1822 .
683 1770 926 1828 tempora.
958 1755 1076 1823 Quo
1104 1752 1197 1808 tibi
1224 1759 1463 1821 tempora
1483 1747 1509 1800 ?
1530 1746 1647 1802 Hoc
1676 1743 1850 1814 agitur

259 1863 319 1910 ιιι
353 1853 548 1910 evadas
579 1860 847 1920 tempora,
877 1855 933 1902 et
969 1844 1165 1916 quieris
1211 1852 1473 1911 tempora.
1518 1836 1639 1891 Non
1669 1844 1740 1889 est
1770 1849 1850 1888 rc-

257 1956 421 1999 strunt
444 1943 574 1998 scire
597 1951 822 2010 tempore
841 1980 856 2002 ,
885 1933 1174 2008 qutrPater
1199 1932 1366 2003 posuit
1391 1930 1445 1984 in
1466 1944 1559 1983 sua
1583 1932 1846 1996 po'e‘stnte.

261 2038 329 2093 Et
346 2036 506 2108 quasi
533 2035 803 2090 diceretur
821 2030 890 2095 ei,
916 2028 984 2084 Et
1013 2025 1137 2099 quid
1162 2033 1246 2080 est
1265 2019 1548 2080 nostrum?
1574 2016 1729 2073 Modo
1755 2030 1851 2069 au-

259 2132 470 2187 diamus
498 2126 624 2200 quid
662 2126 730 2182 ad
764 2140 862 2181 nos
891 2122 1123 2178 maxime
1147 2117 1449 2190 pertineat,
1474 2110 1636 2169 modo
1664 2108 1851 2200 andiae

262 2237 407 2277 mus.
434 2198 724 2288 Quaisitum
767 2222 852 2271 est
892 2211 1035 2285 quod
1072 2225 1181 2266 non
1206 2213 1454 2279 Oporteat
1477 2203 1581 2259 dici
1606 2220 1621 2255 :
1646 2199 1742 2256 sed
1764 2198 1850 2252 di-

259 2323 409 2369 ctum
436 2319 519 2366 est
543 2307 687 2379 quod
721 2312 963 2377 oporteat
986 2300 1178 2358 audiri.
1223 2296 1348 2353 Non
1378 2305 1450 2351 est
1478 2303 1698 2350 oestrum
1726 2289 1855 2379 scire

260 2414 530 2473 tempore,
696 2396 857 2452 Pater
883 2394 1048 2467 posuit
1072 2393 1126 2446 in
1162 2406 1257 2445 sua
1295 2395 1559 2460 potestate.
1595 2381 1699 2440 Sed
1726 2378 1853 2453 quid

259 2502 350 2549 est
374 2502 611 2548 vestrum
640 2487 818 2545 seire?

333 2580 559 2638 CAPUT
593 2580 659 2637 Υ.
702 2608 775 2620 -
813 2576 868 2633 6.
902 2573 1137 2631 Ecclesia.
1156 2587 1260 2627 una
1294 2569 1474 2639 ubique
1499 2563 1689 2633 diffusa
1718 2577 1853 2634 pra“

264 2679 468 2731 dicatur
512 2680 690 2730 contra
717 2669 1078 2727 schismaticos.
1095 2695 1167 2708 —-—
1192 2663 1297 2721 Sed
1341 2660 1595 2731 accipietis
1626 2658 1858 2712 uirtutem

267 2770 497 2841 Spiritus
511 2769 679 2824 sancti
689 2763 1117 2836 supervenith
1128 2759 1181 2813 in
1197 2773 1303 2823 vos,
1317 2765 1364 2809 et
1378 2753 1519 2810 eritis
1542 2751 1666 2806 mihi
1688 2758 1853 2841 testes.

271 2838 410 2916 Ubi?
440 2858 504 2913 Ιιι
541 2856 849 2912 Jerusalem.
888 2852 1236 2921 Consequens
1261 2854 1378 2902 erat
1414 2853 1473 2900 nt
1495 2842 1601 2900 hoc
1639 2838 1857 2896 audire-

270 2968 390 3007 mus
413 2969 429 3004 :
452 2951 534 3006 his
569 2949 711 3006 enim
735 2945 916 3019 vesbis
950 2942 1182 2999 Ecclesia
1230 2936 1572 3010 priedicatur,
1615 2931 1857 2990 Ecclesia

268 3041 693 3106 commendatur,
726 3039 902 3094 unitas
925 3033 1293 3098 annuntiatur,
1328 3027 1520 3083 divisio
1554 3031 1856 3080 accusatur.

270 3133 544 3204 Apostoiis
573 3131 772 3186 dictum
796 3136 914 3192 est,
948 3124 1014 3179 Et
1043 3123 1181 3179 eritis
1223 3121 1349 3175 mihi
1390 3126 1557 3173 testes.
1590 3113 1861 3169 Fidelibus

269 3227 487 3288 dicitur,
514 3222 656 3276 vasis
696 3220 788 3276 Dei
813 3217 1028 3282 dicitur,
1059 3214 1201 3268 vasis
1231 3206 1613 3267 misericordia:
1642 3205 1856 3269 dicitur,

274 3317 439 3372 Eritis
461 3313 582 3369 irini
602 3320 767 3367 testes.
796 3308 933 3366 lilii?
954 3305 1020 3361 In
1039 3302 1344 3368 Jerusalem,
1365 3300 1454 3356 ubi
1474 3298 1681 3355 occisus
1704 3310 1822 3352 sum
1843 3311 1857 3352 :

273 3413 321 3461 et
349 3409 536 3462 intota
561 3402 748 3461 ludat!
781 3410 828 3456 et
857 3397 1126 3461 Samaria,
1163 3403 1212 3450 et
1248 3408 1403 3463 usque
1438 3390 1493 3444 in
1527 3389 1654 3459 lines
1692 3396 1859 3442 terra.

280 3501 421 3556 Ecce
440 3496 583 3568 quod
621 3493 837 3559 audite,
864 3504 991 3546 ecce
1026 3486 1166 3559 quod
1197 3491 1395 3540 teneto.
1422 3481 1631 3551 Sponsa
1665 3486 1859 3544 estote,

274 3603 333 3646 ct
370 3602 626 3660 sponsum
654 3584 829 3640 securi
859 3576 1186 3651 exspectate.
1212 3576 1420 3646 Sponsa
1469 3569 1712 3627 Ecclesia
1755 3575 1860 3660 est.

280 3682 382 3739 Ubi
404 3658 595 3735 Vlutnra
620 3674 906 3747 priedicata
930 3679 1042 3739 est,
1068 3683 1227 3740 quam
1268 3665 1346 3720 illi
1375 3671 1541 3719 testes
1577 3658 1863 3715 annuntia—

280 3783 429 3839 rcnt;
448 3771 534 3827 ubi
552 3769 723 3824 futura
739 3765 1021 3838 praedicata
1041 3760 1159 3816 est?
1181 3758 1329 3815 illuni
1344 3756 1488 3812 enim
1505 3752 1696 3809 dicturi
1716 3759 1863 3819 sunt,

284 3866 422 3922 Ecce
451 3864 538 3919 bic
560 3870 660 3918 est.
695 3857 979 3921 Audirem,
1011 3854 1183 3910 sinon
1212 3859 1267 3907 et
1292 3849 1432 3904 alius
1460 3847 1693 3909 diceret,
1725 3844 1867 3900 Ecce

282 3957 370 4013 hic
396 3963 497 4011 est.
521 3952 655 4022 Quid
686 3963 743 4006 tu
767 3948 937 4005 dicis?
963 3946 1102 4002 Ecce
1141 3942 1228 3999 hic
1252 3950 1352 3998 est.
1397 3938 1516 3995 1am
1558 3937 1699 3993 ibam
1728 3955 1742 3989 :
1770 3934 1867 3991 sed

281 4055 499 4104 revocat
535 4043 672 4098 alius
712 4039 873 4096 simili
915 4050 1080 4099 voce,
1114 4033 1251 4089 Ecce
1292 4030 1378 4085 bic
1416 4039 1519 4086 cst.
1550 4027 1629 4081 Tn
1658 4041 1722 4081 ex
1763 4040 1865 4081 una

282 4134 454 4211 pnite,
485 4136 623 4192 Ecce
651 4133 737 4189 bic
765 4139 850 4186 est
870 4148 884 4185 :
906 4128 1044 4183 alios
1068 4141 1134 4185 es
1162 4131 1312 4195 parte
1345 4121 1471 4184 alia,
1496 4120 1633 4175 Ecce
1652 4119 1747 4211 lite
1764 4125 1865 4174 est.

284 4210 566 4286 Dominum
620 4224 1041 4294 interrogemus,
1098 4214 1389 4272 Dominum
1440 4210 1865 4282 interpellemus.

283 4320 490 4378 Sileant
525 4326 736 4387 partes.
764 4320 933 4368 totum
974 4306 1275 4363 audiamus.
1319 4302 1457 4359 Dicit
1483 4317 1621 4377 unus
1657 4316 1723 4358 ex
1763 4316 1869 4355 uno

282 4414 479 4489 angulo
496 4452 513 4476 ,
545 4411 684 4466 Ecce
713 4407 801 4463 hic
818 4413 901 4461 est
927 4422 943 4460 :
965 4402 1102 4459 alius
1126 4416 1191 4455 ex
1221 4397 1328 4455 alio
1353 4396 1546 4467 angulo
1563 4438 1579 4463 ,
1605 4393 1744 4461 Non,
1775 4393 1868 4448 sed

282 4521 414 4567 ecce
461 4505 548 4560 hic
573 4510 675 4558 est.
702 4499 818 4564 Tu,
844 4494 1097 4559 Domine,
1129 4491 1216 4548 dic
1240 4508 1255 4546 :
1280 4499 1337 4545 tu
1377 4502 1562 4551 assere
1598 4501 1758 4558 quam
1787 4500 1872 4539 rc-

282 4574 497 4661 demisti
517 4635 535 4662 ,
560 4589 784 4649 ostende
807 4602 968 4660 quam
1007 4582 1259 4642 dilexisti.
1286 4579 1371 4637 Ad
1408 4580 1620 4651 nuptias
1647 4586 1767 4634 tuas
1791 4576 1871 4633 in-

280 4689 434 4747 vitati
479 4699 697 4752 sumus,
736 4679 959 4739 ostende
1003 4691 1256 4757 sponsam
1303 4683 1483 4741 tuam,
1512 4671 1581 4729 ne
1621 4680 1743 4729 vota
1780 4681 1869 4728 tua

282 4779 543 4852 iitigando
570 4776 864 4834 turbemus.
902 4770 1036 4827 Dicit
1058 4768 1248 4841 plane,
1280 4765 1512 4821 ostendit
1540 4765 1698 4834 plane
1723 4781 1737 4818 :
1762 4778 1868 4835 non

278 4874 486 4935 deserit
502 4871 873 4943 'inqnirentes,
905 4879 1010 4921 non
1049 4870 1195 4918 amat
1221 4859 1511 4928 litigantes.
1544 4856 1684 4912 Dicit
1704 4855 1868 4912 disci-

282 4970 427 5043 pulis
448 4967 559 5025 suis
572 5005 592 5036 ,
611 4973 667 5021 et
693 4979 796 5018 non
822 4956 1185 5030 quaerentibus
1208 4952 1336 5007 dicit
1347 4968 1367 5043 ξ
1395 4949 1870 5043 qiiia‘contenden-

280 5040 427 5132 tibus
454 5054 787 5116 contradicit.
822 5051 889 5106 Et
929 5047 1049 5104 ideo
1079 5044 1304 5101 fortasse
1346 5041 1448 5098 hoc
1491 5040 1560 5096 ab
1590 5040 1871 5132 AApostolis

282 5130 522 5209 nonduin
545 5143 904 5217 quairebatur,
931 5137 1056 5209 quia
1086 5151 1212 5207 grex
1237 5133 1434 5189 Christi
1464 5130 1696 5186 nondum
1726 5145 1755 5182 ει
1790 5130 1869 5184 la-

282 5222 532 5300 tronibns
551 5235 905 5295 dividebatur.
929 5229 1039 5286 Nos
1076 5226 1281 5297 experti
1305 5224 1521 5280 dolores
1557 5221 1868 5288 divisionis,

283 5330 528 5398 studiose
548 5326 829 5398 coagulum
859 5333 1164 5394 qineramns
1187 5317 1426 5373 unitatis.
1458 5314 1699 5384 Apostoli
1726 5328 1872 5384 quar-

278 5396 409 5493 ᾆιιιιι
431 5431 643 5492 tempus
656 5396 874 5489 indicii,
895 5420 952 5469 et
977 5411 1233 5466 Dominus
1259 5406 1550 5478 respondet
1572 5406 1747 5461 locum
1771 5403 1876 5460 Ec-

283 5514 482 5589 clesiae.
508 5510 626 5567 Non
653 5503 929 5577 respondit
954 5500 1098 5573 quod
1127 5498 1454 5571 quaesierunt
1472 5535 1487 5561 ,
1518 5495 1613 5551 sed
1648 5506 1873 5589 nostros

283 5586 613 5682 prievidebat
629 5601 865 5658 dolores.
895 5595 1076 5661 Eritis,
1106 5593 1293 5663 inquit,
1318 5590 1443 5646 mihi
1470 5588 1691 5682 testesin
1718 5586 1875 5682 Jeru-

280 5679 462 5762 ictem.
497 5696 688 5753 Parum
712 5700 817 5748 est.
863 5686 980 5744 Non
1008 5700 1110 5757 pro
1146 5683 1251 5741 hoc
1274 5691 1476 5740 tantum
1516 5680 1745 5754 pretium
1772 5679 1869 5737 de-

1601 253 1829 316 δειιιιο
1867 250 2111 310 CCLXV.

3389 252 3531 310 “2‘!

1943 365 2089 432 disti,
2120 375 2176 422 ut
2208 367 2306 421 hoc
2330 366 2499 421 solum
2526 380 2758 422 coieras.
2788 366 2855 422 lu
2880 365 3187 424 Jerusalem.
3211 367 3305 424 Dic
3330 368 3529 434 adhuc.

1946 454 2012 510 Et
2034 472 2191 528 usque
2215 457 2269 510 in
2292 457 2420 527 ﬁnes
2454 464 2619 512 terrm.
2654 456 2857 514 Venisti
2895 459 2961 516 ad
2992 458 3125 514 lines
3156 476 3170 511 :
3197 474 3363 530 uitare
3387 474 3523 515 corr-

1947 546 2215 603 tentinnes
2240 564 2346 603 non
2383 547 2539 604 linis?
2562 548 2739 621 Nemo
2772 549 2901 604 mihi
2944 549 3086 605 dicat
3105 548 3213 619 jam
3231 589 3248 617 ,
3276 550 3415 606 Ecce
3442 550 3533 606 hic

1947 648 2031 693 est
2058 655 2072 692 :
2095 637 2232 701 Non.
2260 638 2355 695 sed
2387 652 2514 697 ecce
2541 638 2648 693 liic.
2678 639 2846 695 Silcat
2882 639 3110 697 humana
3157 643 3532 711 praesumptio.

1947 731 2192 786 audiatur
2217 730 2397 788 divina
2428 732 2762 809 praedicatio,
2794 742 3038 788 teneatur
3059 747 3182 789 vera
3210 734 3491 804 promissio
3515 752 3531 789 :

1952 820 1977 874 1
1983 839 2017 876 ιι
2038 819 2324 878 Jerusalem
2342 863 2359 889 ,
2390 833 2439 878 ct
2465 824 2645 878 intota
2664 824 2851 879 ,ἥκιστα
2871 835 2919 878 et
2938 824 3179 880 Samaria
3195 866 3210 890 ,
3236 835 3282 879 et
3306 841 3460 894 usque
3482 826 3535 879 in

1949 914 2076 983 ﬁnes
2105 916 2270 970 ter‘rc.
2302 914 2395 970 His
2416 915 2593 981 dictis,
2620 918 2773 971 nubes
2791 918 3009 987 suscepit
3034 933 3153 971 cinis
3171 917 3306 990 (Act.
3330 933 3369 981 ι,
3392 917 3537 988 συθ).

1947 1006 2066 1063 Jam
2094 1022 2200 1063 non
2233 1023 2370 1079 opus
2393 1018 2511 1064 erat
2529 1049 2544 1075 ,
2566 1018 2624 1064 ut
2651 1009 2851 1080 aliquid
2892 1010 3198 1075 adderetur,
3228 1025 3303 1067 ne
3321 1009 3539 1067 aliunde

1947 1098 2298 1169 cogitaretur.

2019 1190 2246 1248 CAPUT
2287 1190 2375 1248 Vl.
2403 1221 2476 1233 —
2504 1192 2556 1246 7.
2613 1190 2773 1247 Verba
2797 1193 3068 1247 novissima
3105 1191 3299 1250 Christi
3321 1211 3357 1247 a
3395 1193 3539 1247 scink

1948 1286 2174 1340 maticis
2196 1294 2504 1356 contempta.
2554 1286 2747 1341 Tunica
2789 1287 2977 1342 Christi
3024 1288 3359 1343 inconsutilis.
3407 1287 3539 1342 Frae

1953 1385 2086 1445 tres,
2116 1391 2215 1447 pro
2237 1393 2432 1449 magno
2458 1378 2628 1433 audiri
2650 1378 2826 1434 solent
2849 1379 3006 1433 verba
3034 1379 3322 1435 novissima
3346 1394 3542 1449 paren-

1951 1469 2019 1524 tis
2048 1470 2169 1525 ituri
2198 1471 2249 1525 in
2269 1472 2593 1541 sepulcrum,
2614 1480 2670 1528 et
2691 1480 3112 1528 contemnuntur
3139 1471 3348 1526 Domini
3377 1472 3542 1528 verba

1950 1560 2239 1615 novissima
2286 1561 2627 1618 ascendentis
2672 1562 2725 1616 in
2751 1562 2991 1619 culum?
3030 1562 3408 1618 Existimcmus
3438 1563 3544 1617 Do-

1953 1652 2157 1707 minum
2182 1660 2423 1708 nostrum
2460 1660 2837 1709 testamentum
2864 1654 3177 1724 scripsisse.
3208 1654 3340 1710 etin
3371 1662 3541 1710 testa-

1953 1753 2134 1798 mento
2160 1758 2260 1799 suo
2286 1745 2573 1799 novissima
2597 1745 2759 1800 verba
2800 1746 3063 1818 posuisse.
3111 1745 3370 1802 Prievidit
3401 1746 3546 1801 enim

1951 1835 2215 1890 malorum
2261 1834 2490 1891 ﬁliorum
2533 1835 2708 1890 futura
2753 1835 2957 1907 litigia,
3002 1836 3246 1907 prmidit
3302 1837 3548 1890 homines

1954 1933 2134 1996 partes
2181 1926 2284 1981 sibi
2331 1934 2593 1981 conantes
2643 1924 2820 1981 facere
2856 1926 2924 1981 de
2966 1916 3304 1995 possessione
3349 1924 3543 1979 aliena.

1953 2019 2129 2087 Quare
2147 2018 2288 2074 enim
2317 2033 2424 2073 non
2448 2016 2723 2082 dividant,
2756 2016 2898 2088 quod
2927 2030 3034 2073 non
3058 2016 3343 2072 euanuit?
3372 2014 3551 2084 Quam

1953 2125 2060 2165 non
2082 2109 2396 2175 concidant,
2437 2124 2538 2181 pro
2565 2124 2674 2179 quo
2700 2111 2930 2180 pretium
2963 2125 3072 2165 non
3109 2108 3413 2166 dederunt?
3441 2108 3551 2164 Sed

1954 2202 2044 2258 ille
2066 2202 2296 2257 tunicam
2314 2202 2547 2271 desuper
2588 2210 2784 2258 testam
2830 2218 3090 2274 nusquam
3115 2204 3435 2260 eonsutiiem
3465 2199 3551 2256 dia
3659 2230 3665 2243 -

1957 2293 2063 2348 vidi
2118 2293 2327 2350 noiuit:
2354 2300 2502 2349 sorte
2536 2294 2779 2363 provenit
2816 2293 3008 2368 (Jonn.
3042 2310 3129 2361 xix
3152 2335 3170 2363 ,
3197 2295 3301 2361 23,
3331 2295 3446 2363 ει).
3493 2295 3549 2350 in

1957 2382 2217 2440 illa-veste
2236 2383 2414 2440 unitas
2441 2382 2807 2440 commendata
2823 2394 2926 2452 est,
2956 2384 3011 2439 in
3039 2384 3127 2441 illa
3151 2394 3301 2442 veste
3320 2386 3554 2441 charitas

1957 2474 2242 2547 praedicata
2286 2483 2370 2532 est
2390 2518 2405 2543 ,
2446 2477 2560 2547 ipsa
2589 2486 2689 2541 est,
2717 2476 2952 2546 desum
2995 2486 3161 2534 texta.
3194 2478 3270 2533 De
3296 2484 3434 2533 terra
3455 2488 3554 2532 -εει

1959 2566 2246 2638 cupiditas,
2264 2566 2499 2639 desuper
2519 2566 2775 2624 cbaritas.
2803 2565 2976 2638 Agite,
3004 2567 3195 2623 fratres
3219 2586 3233 2622 :
3262 2577 3552 2624 testamen-

1964 2665 2080 2712 tum
2108 2656 2322 2729 scripsit
2345 2657 2603 2713 Dnsuinus
2624 2699 2641 2726 ,
2665 2657 2955 2713 novissima
2979 2656 3145 2713 verba
3175 2656 3369 2728 posuit.
3393 2657 3555 2713 Vide-

1961 2759 2037 2817 te,
2064 2747 2291 2804 obsecro
2309 2764 2424 2816 vos,
2442 2758 2498 2805 et
2541 2758 2753 2805 moveat
2772 2763 2866 2807 vos
2890 2746 3163 2821 quomodo
3193 2757 3249 2806 et
3272 2764 3367 2806 nos
3386 2788 3403 2818 ,
3441 2752 3557 2805 ino-

1962 2846 2118 2905 veat,
2147 2839 2190 2893 si
2221 2839 2334 2894 ﬁeri
2362 2847 2558 2910 potest.

2030 2929 2259 2987 CAPUT
2278 2930 2466 2985 Vll.—
2476 2930 2529 2987 8.
2554 2930 2744 2988 Clu-isti
2760 2926 2879 2987 (tute
2888 2932 3306 3005 gloriﬁcationes.
3328 2932 3555 3005 Spiritus

1959 3031 2173 3079 sanctus
2199 3022 2275 3077 bis
2311 3023 2481 3078 datus.
2527 3023 2795 3079 Ducesunt
2817 3023 3233 3095 gloriﬁcationes
3262 3025 3555 3081 secundum

1961 3112 2193 3184 suscepti
2264 3111 2499 3168 hominis
2554 3111 2780 3169 formam
2833 3131 2848 3170 :
2900 3128 3002 3169 una
3026 3154 3042 3179 ,
3095 3129 3199 3185 qua
3245 3116 3479 3171 surrexit
3523 3130 3556 3170 a

1965 3204 2191 3261 mortuis
2219 3205 2378 3262 tertio
2403 3204 2527 3271 die;
2560 3206 2662 3260 alia
2682 3247 2698 3272 ,
2726 3220 2829 3277 qua
2851 3205 3094 3262 ascendit
3126 3206 3180 3261 in
3208 3205 3407 3262 emtum
3433 3215 3561 3262 ante

1962 3295 2150 3351 oculos
2164 3295 2551 3366 discipulorum
2575 3310 2813 3353 suorum.
2833 3297 2960 3354 Dine
2969 3306 3098 3354 sunt
3115 3298 3229 3353 istic
3240 3339 3254 3360 .
3274 3312 3395 3368 qua:
3408 3312 3560 3353 com-

1964 3385 2303 3451 mendantur,
2321 3386 2738 3456 gloriﬁcationes
2750 3386 2869 3456 eius
2877 3386 2988 3458 jam
3005 3388 3178 3443 tactae.
3192 3388 3376 3443 Restat
3391 3403 3493 3442 una
3504 3397 3561 3443 et

1966 3478 2079 3548 ipsa
2093 3478 2146 3532 in
2159 3486 2452 3547 conspectu
2465 3477 2761 3542 hominum,
2777 3493 2895 3533 cum
2912 3493 2975 3533 se
2982 3478 3185 3548 judicio
3196 3479 3564 3548 prmsentsbit.

1966 3569 2044 3626 De
2072 3567 2276 3639 Spiritu
2301 3575 2489 3622 sancto
2506 3566 2607 3623 hoc
2627 3575 2744 3622 erat
2770 3567 2973 3623 dictum
3001 3582 3095 3637 per
3113 3565 3372 3623 Joannem
3391 3582 3558 3623 cvan-

1966 3658 2208 3730 gelistam
2238 3670 2256 3711 :
2287 3655 2516 3728 Spiritus
2556 3666 2730 3711 autem
2770 3656 2998 3711 nondum
3045 3656 3209 3726 fuerat
3234 3656 3415 3725 datus,
3439 3660 3565 3729 quia

1938 3780 1941 3783 -
1966 3749 2119 3805 Jesns
2147 3748 2377 3805 nondum
2419 3756 2527 3803 erat
2557 3747 2876 3820 glori/ianus
2900 3749 3079 3818 (Joan.
3110 3765 3203 3814 vn,
3230 3748 3343 3821 '59).
3385 3749 3562 3822 Spiri-

1969 3846 2050 3896 tus
2074 3848 2241 3895 autem
2262 3836 2489 3894 nondum
2513 3840 2683 3912 fuerin
2706 3837 2860 3894 datus
2886 3854 2907 3894 :
2933 3855 3102 3910 quare
3130 3839 3365 3896 nondum
3391 3839 3563 3895 fuerat

1969 3930 2167 3988 datus?
2190 3929 2325 3998 Quia
2344 3927 2501 3985 Iesus
2520 3929 2745 3985 nondum
2768 3941 2878 3983 erat
2906 3928 3241 4001 glori/iectus.
3266 3930 3560 4001 Exspecta-

1971 4025 2128 4080 batur
2153 4038 2283 4095 ergo
2309 4064 2324 4089 ,
2356 4031 2416 4078 nt
2454 4023 2750 4095 gloriﬁcato
2775 4022 2903 4078 Jesu
2927 4025 3146 4080 daretur
3170 4024 3419 4094 Spiritus.
3450 4023 3563 4079 Mc-

1970 4118 2183 4187 ritoqne
2213 4115 2296 4170 bis
2320 4114 2647 4186 gloriﬁcatns
2670 4155 2685 4179 ,
2737 4116 3066 4187 resurgendo
3105 4125 3163 4172 et
3186 4115 3523 4171 ascendendo
3546 4157 3561 4179 ,

1971 4206 2056 4264 bis
2075 4208 2224 4264 dedit
2242 4206 2517 4278 Spiritum.
2546 4205 2727 4267 Unum
2745 4207 2894 4263 dedit
2919 4249 2935 4275 ,
2967 4218 3022 4263 et
3047 4224 3185 4264 unus
3212 4208 3399 4274 dedit,
3446 4210 3570 4264 uni-

1974 4299 2071 4355 tati
2114 4299 2298 4367 dedit,
2338 4308 2394 4354 et
2432 4308 2610 4365 tamen
2655 4298 2737 4354 bis
2787 4297 2956 4354 dedit.
2987 4298 3173 4355 Primo
3218 4309 3573 4370 posteaquam
3680 4304 3691 4319 ‘

1971 4392 2299 4455 resurrexit,
2338 4391 2475 4448 dixit
2516 4389 2794 4461 discipulis
2829 4391 2946 4446 suis
2983 4408 2999 4446 :
3040 4390 3265 4464 Accipite
3313 4391 3572 4462 Spiritum

1972 4492 2222 4537 sanctum.
2262 4481 2332 4536 Et
2361 4480 2650 4536 insufﬂavit
2697 4481 2755 4536 in
2797 4480 2989 4538 faciem
3016 4496 3207 4538 eorum
3275 4480 3389 4554 (Id.
3447 4499 3520 4539 xx
3548 4526 3567 4549 ,

1971 4571 2086 4647 92).
2109 4573 2285 4631 Habes
2307 4572 2706 4630 wmeLDeinde
2718 4573 2976 4642 promittit
2999 4571 3175 4629 adhuc
3199 4587 3259 4629 se
3282 4574 3573 4630 missurum

1972 4665 2226 4736 Spiritum
2250 4671 2587 4729 sanctum,et
2603 4663 2763 4729 dicit,
2798 4663 3061 4735 Accipietis
3086 4664 3316 4719 virtutem
3344 4664 3571 4736 Spiritus

1972 4758 2135 4813 sancti
2155 4756 2584 4828 supmenieiuent
2609 4756 2663 4809 in
2701 4770 2789 4808 vos
2813 4755 2953 4826 (Act.
2983 4769 3002 4808 ι
3026 4795 3041 4820 ,
3083 4752 3139 4823 8)
3166 4770 3180 4806 :
3212 4762 3266 4808 et
3294 4754 3400 4809 alio
3430 4754 3567 4817 loco,

1974 4848 2040 4905 In
2052 4848 2420 4905 cicitatcsedete
2432 4863 2453 4902 :
2464 4862 2556 4919 ego
2576 4847 2707 4901 cnim
2719 4847 2956 4916 impleam
2972 4845 3355 4916 promissionem
3375 4844 3568 4908 Patris,

1972 4957 2125 5012 quam
2150 4939 2385 5003 audistis,
2428 4937 2631 5008 inquit,
2659 4951 2724 4990 ea:
2746 4951 2833 4989 ore
2857 4951 2967 4989 meo
2994 4935 3146 5003 (an.
3172 4933 3440 5005 unum).
3464 4934 3569 4989 Pn-

1974 5042 2243 5103 steaquam
2264 5028 2524 5093 ascendit,
2549 5026 2735 5083 decem
2759 5025 2950 5080 diebus
2969 5026 3039 5081 ibi
3061 5024 3215 5080 factis
3238 5025 3380 5081 misit
3405 5025 3575 5095 Spiri-

1957 5134 2087 5188 tum
2115 5130 2355 5179 sanctum
2386 5138 2401 5177 :
2438 5121 2554 5190 ipse
2576 5126 2663 5175 est
2678 5118 2938 5174 solemnis
2964 5117 3174 5173 futurus
3201 5117 3575 5174 Pentecostes.

2054 5214 2286 5272 CAPUT
2335 5211 2545 5268 Vill—
2569 5211 2626 5267 9.
2680 5210 2908 5281 Spiritus
2947 5218 3150 5265 sanctus
3194 5209 3311 5264 ideo
3348 5208 3425 5264 bis
3473 5207 3573 5263 da-

1977 5319 2059 5363 tus
2083 5349 2097 5369 ,
2162 5315 2220 5361 ut
2289 5305 2390 5359 duo
2454 5312 2708 5375 pracepta
2766 5301 3032 5356 charitatis
3081 5301 3575 5358 commendarentur.

1976 5402 2209 5466 Videte,
2261 5399 2452 5453 fratres
2507 5397 2632 5451 mei.
2684 5394 2900 5464 Quierat
2945 5410 2976 5450 a
3024 5409 3111 5450 me
3156 5394 3382 5464 aliquis,
3426 5393 3572 5463 Qua-

1977 5509 2037 5550 re
2081 5492 2165 5548 bis
2206 5490 2355 5548 dedit
2402 5488 2667 5561 Spiritum
2712 5488 2998 5544 sanctum?
3043 5486 3190 5543 Multi
3236 5486 3399 5542 multa
3424 5485 3580 5542 dixe-

1981 5594 2104 5642 runt
2124 5624 2144 5652 ,
2188 5592 2243 5639 et
2267 5583 2405 5638 sicut
2442 5582 2690 5636 homines
2717 5578 3046 5650 qnwsierunt
3077 5596 3093 5634 :
3119 5586 3175 5636 ct
3196 5577 3574 5657 aliquiddch-

1980 5682 2105 5734 runt
2132 5673 2395 5747 quodnon
2423 5680 2506 5730 est
2529 5681 2714 5728 contra
2737 5669 2895 5726 fidem
2914 5686 2931 5738 ;
2952 5669 3093 5728 alius
3110 5668 3388 5741 hoc,atius
3417 5670 3574 5738 illud,
