3926 6188
403 245 420 295 1
431 243 534 298 2‘23

403 365 686 427 utrumque
741 353 881 425 quod
941 366 1045 408 non
1109 350 1393 405 excederet
1441 349 1676 418 regulam
1726 345 1981 400 veritatis.

399 447 454 503 Si
481 446 656 502 dicam
696 462 780 501 me
817 444 959 498 scire
987 458 1150 513 quare
1185 441 1264 495 bis
1294 441 1534 503 dederit,
1565 439 1792 492 mentiar
1816 437 1987 490 vobis.

403 537 610 592 Nesmo.
657 537 756 604 Qui
799 552 858 591 sc
900 535 1030 588 dicit
1064 533 1200 587 scire
1237 531 1378 603 quod
1425 531 1626 593 nescit,
1676 528 1990 581 munerarius

401 644 482 686 i-st
513 650 525 684 :
557 630 646 700 qui
675 644 732 682 se
759 639 914 697 negat
965 627 1102 680 scire
1147 625 1289 694 quod
1322 624 1420 677 scit
1445 665 1460 688 ,
1491 624 1726 692 ingratus
1755 629 1853 673 est.
1889 619 1990 672 Er-

399 740 466 792 go
494 721 660 797 fateor
694 719 842 772 vobis
867 760 880 780 ,
914 733 1079 787 quare
1108 717 1186 771 his
1216 716 1426 770 dederit
1452 713 1707 767 Dominus
1732 710 1988 780 Spiritum

400 821 661 873 sanetum,
689 810 862 897 adhuc
889 825 1071 878 qutero
1101 826 1115 861 :
1153 807 1217 860 ad
1249 805 1447 876 aliquid
1487 804 1687 858 certius
1713 803 1991 872 pervenire

400 905 575 973 enpio.
618 895 848 972 Adjuvet
873 917 958 957 me
987 901 1243 956 Dominus
1268 899 1543 953 orantibus
1571 897 1740 963 vobis,
1765 905 1820 950 ut
1849 895 1991 965 quod

399 995 603 1048 donare
632 993 896 1063 dignatur,
929 1000 982 1046 et
1008 991 1156 1046 vobis
1187 1005 1290 1043 non
1335 997 1591 1044 taceatur.
1629 989 1766 1057 Ergo
1787 986 1989 1040 nescio.

401 1087 552 1155 Quid
603 1095 783 1141 tamen
807 1085 1108 1140 existimem
1139 1083 1373 1136 nondum
1405 1083 1599 1145 sciens,
1635 1080 1863 1133 nondum
1898 1093 1992 1148 pro

399 1187 548 1232 certo
576 1187 764 1232 tenens
790 1218 806 1237 .
851 1177 989 1231 sicut
1011 1175 1370 1252 certissimum
1400 1183 1554 1228 teneo
1590 1171 1838 1233 dedisse;
1867 1169 1991 1238 quid

400 1265 529 1338 ergo
556 1267 894 1331 existimem,
939 1281 1042 1319 non
1090 1264 1293 1318 tacebo.
1323 1261 1379 1318 Si
1413 1262 1513 1316 hoc
1551 1270 1668 1322 est,
1710 1260 1993 1313 conﬁrmet

402 1361 656 1416 Dominus
699 1360 780 1412 :si
825 1357 967 1412 aliud
999 1355 1250 1426 estquod
1283 1356 1459 1409 verius
1505 1362 1791 1424 appareat.
1831 1351 1994 1406 donet

403 1451 682 1506 Dominus.
717 1450 858 1519 Ergo
901 1449 1134 1504 arbitror
1156 1489 1172 1514 ,
1201 1446 1294 1503 sed
1335 1447 1585 1509 arbitror,
1619 1446 1737 1499 ideo
1778 1444 1860 1498 his
1899 1443 1992 1497 da-

400 1552 510 1596 tum
539 1556 658 1597 esse
683 1541 917 1610 Spirtum
961 1549 1208 1597 sanetum
1231 1581 1245 1604 ,
1280 1547 1337 1592 ut
1361 1537 1862 1592 commendarentur
1887 1534 1992 1589 duo

401 1642 664 1703 pr:ecepta
711 1633 1008 1687 charitatis.
1075 1632 1189 1685 Duo
1232 1638 1358 1684 sunt
1397 1629 1538 1685 enim
1581 1637 1842 1699 prmeepta
1872 1669 1886 1689 ,
1937 1631 1994 1681 et

401 1739 503 1777 una
550 1727 630 1776 est
679 1723 911 1777 Charitas
945 1741 957 1774 :
995 1719 1186 1790 Diliges
1227 1719 1502 1773 Dominum
1548 1718 1708 1772 Deum
1753 1728 1894 1770 tuum
1929 1733 1994 1770 ea:

399 1825 500 1867 toto
527 1814 678 1867 corde
700 1824 807 1878 tuo,
834 1824 878 1866 ct
905 1829 968 1866 ea:
993 1821 1098 1865 tota
1119 1811 1292 1864 anima
1321 1821 1409 1862 tua
1439 1826 1459 1864 :
1483 1817 1536 1865 et
1559 1851 1574 1874 ,
1604 1807 1795 1880 Diliges
1815 1808 1990 1879 proxi-

401 1924 535 1959 munt
564 1917 726 1972 (ttttttl,
759 1917 998 1974 tanquam
1025 1913 1072 1959 te
1092 1905 1279 1974 ipsum.
1311 1901 1376 1957 In
1405 1904 1483 1956 his
1509 1902 1704 1956 duobus
1732 1901 1992 1972 prleceptis

400 2006 502 2050 tota
533 1995 640 2050 Lex
660 2001 838 2067 pendet
866 2007 912 2050 ct
948 1993 1446 2064 l’rOpheta:(MattIt.
1478 2009 1608 2056 χιιι,
1641 1993 1706 2046 ’57
1735 1991 1846 2063 ιο).
1874 1991 1989 2046 Una

399 2087 665 2149 that-itas.
709 2097 763 2143 et
798 2088 906 2142 duo
955 2095 1221 2156 prmccpta
1265 2103 1278 2138 :
1320 2101 1456 2140 unus
1493 2085 1722 2154 Spiritus
1747 2127 1760 2145 ,
1805 2095 1857 2136 ct
1885 2084 1992 2138 duo

404 2178 545 2234 data.
594 2180 710 2234 Non
743 2179 886 2234 enim
916 2180 1051 2233 alius
1075 2179 1233 2232 datus
1261 2188 1341 2231 cst
1369 2179 1517 2248 prius
1540 2217 1554 2242 ,
1592 2187 1645 2230 et
1679 2177 1814 2231 alius
1839 2175 1993 2230 datus

405 2281 487 2326 est
517 2280 697 2340 postea
728 2289 741 2324 :
772 2271 894 2340 quia
925 2286 1029 2323 non
1057 2269 1158 2323 alia
1190 2267 1424 2322 cbaritas
1449 2268 1620 2337 diligit
1669 2267 1989 2332 proximum,

397 2377 554 2431 quam
585 2361 670 2415 illa
695 2377 814 2431 qua:
855 2360 1024 2430 diligit
1056 2360 1244 2416 Deum.
1283 2359 1394 2413 Non
1451 2374 1578 2428 ergo
1624 2359 1725 2413 alia
1760 2357 1992 2413 Charitas

305 2523 312 2530 '
398 2465 498 2508 est.
527 2453 653 2521 Qua‘
681 2454 942 2509 eharitate
979 2453 1315 2524 proximum,
1351 2453 1462 2522 ipsa
1509 2452 1768 2507 eharitate
1810 2453 1985 2521 diligi-

407 2562 524 2601 mus
547 2558 602 2602 et
631 2547 815 2602 Deum.
845 2546 950 2600 Sed
980 2546 1101 2614 quia
1145 2545 1287 2599 aliud
1313 2555 1397 2598 est
1421 2545 1585 2606 Deus,
1619 2543 1761 2598 aliud
1805 2546 1957 2614 prosi
1979 2574 1992 2584 ο

399 2655 557 2701 inus;
625 2653 727 2692 una
779 2637 1040 2692 eharitate
1086 2636 1418 2706 diliguntur.
1472 2650 1580 2690 non
1629 2645 1755 2689 sunt
1813 2644 1990 2690 tamen

402 2744 564 2783 unum
595 2727 684 2798 qni
712 2728 1008 2797 diliguntur
1033 2746 1047 2781 :
1075 2727 1196 2798 quia
1241 2742 1371 2798 ergo
1411 2741 1602 2797 magna
1632 2735 1716 2782 est
1745 2727 1993 2797 primitus

398 2817 819 2876 commendanda
849 2819 1065 2874 dilectio
1096 2819 1186 2873 Dei
1214 2861 1229 2885 ,
1267 2818 1500 2875 secunda
1547 2818 1763 2874 dilectio
1809 2819 1992 2890 proxi-

401 2915 510 2978 mi;
556 2931 582 2964 a
606 2911 840 2967 secunda
873 2919 1050 2965 autem
1081 2911 1366 2980 incipitur,
1415 2920 1474 2964 ut
1509 2911 1575 2964 ad
1622 2911 1842 2980 primam
1870 2927 1993 2979 per-

403 3007 688 3063 veniatur:
741 3006 802 3060 Si
841 3006 978 3059 enim
1012 3009 1223 3075 fratrem
1262 3021 1409 3077 quem
1457 3005 1594 3057 uides
1632 3020 1733 3057 non
1777 3004 1992 3074 diligis;

401 3099 563 3152 Deum
619 3115 767 3167 quem
829 3114 929 3151 non
979 3098 1148 3164 uides,
1215 3097 1465 3166 quomodo
1529 3095 1741 3166 diligere
1806 3098 1993 3166 poteris
2037 3111 2040 3114 ’

402 3190 444 3259 (l
464 3189 621 3243 Joan.
638 3204 715 3254 tv,
735 3187 829 3258 20)
850 3189 873 3240 ?
897 3187 1021 3242 ldeo
1047 3187 1184 3242 forte
1210 3187 1502 3241 informaus
1530 3200 1628 3240 nos
1653 3186 1718 3240 ad
1755 3186 1990 3241 dilectio

400 3291 520 3333 nem
552 3278 819 3348 proximi,
853 3277 1001 3332 dedit
1025 3277 1077 3330 in
1107 3284 1246 3331 terra
1277 3278 1598 3346 conspicuus
1643 3285 1697 3331 et
1740 3277 1993 3346 proximis

399 3372 679 3442 proximus
721 3369 974 3439 Spiritum
1019 3378 1258 3422 sanctum
1284 3409 1298 3431 ,
1341 3367 1660 3423 insullIaudo
1708 3371 1758 3423 itt
1807 3369 1993 3424 faciem

399 3478 586 3517 eorum
610 3479 625 3525 ;
651 3461 790 3516 etab
822 3459 919 3513 hac
940 3460 1171 3514 maxime
1200 3458 1456 3513 eharitate
1492 3474 1610 3528 quze
1638 3461 1688 3514 in
1725 3461 1875 3515 ccelis
1891 3470 1992 3522 est,

399 3554 467 3608 de
509 3552 648 3608 ctelo
690 3551 834 3605 misit
863 3550 1120 3620 Spiritum
1165 3562 1426 3605 sanctum.
1463 3551 1719 3619 Spiritum
1752 3563 1994 3606 sanetum

401 3645 582 3713 accipe
609 3644 660 3697 in
685 3650 824 3696 terra
849 3683 864 3707 ,
894 3651 950 3695 ct
995 3640 1172 3710 diligis
1200 3641 1414 3696 fratrem
1450 3659 1464 3695 :
1490 3642 1672 3711 accipe
1701 3641 1766 3696 de
1815 3643 1952 3697 caelo
1978 3683 1992 3708 ,

400 3744 452 3788 et
477 3734 648 3803 diligis
671 3733 854 3787 Deum.
895 3732 1029 3800 Quia
1071 3740 1126 3786 et
1173 3732 1226 3786 in
1268 3720 1579 3802 terraquod
1610 3733 1862 3803 accepisti
1889 3776 1901 3794 ,
1929 3734 1996 3788 dc

401 3825 540 3877 cmlo
567 3833 669 3878 est.
702 3822 755 3877 In
804 3832 942 3876 terra
985 3819 1228 3875 Christus
1277 3820 1468 3883 dedit.
1498 3822 1592 3876 sed
1631 3822 1698 3875 de
1736 3823 1876 3877 rmlo
1917 3831 1998 3876 est

402 3913 543 3982 quod
572 3912 739 3968 dedit.
789 3912 880 3967 llle
906 3911 1047 3966 enim
1103 3910 1287 3977 dedit,
1331 3911 1419 3979 qui
1463 3911 1532 3965 de
1589 3912 1728 3965 caelo
1775 3913 1999 3965 descen-

403 4004 502 4058 dit.
546 4003 640 4058 llic
713 4003 918 4057 invenit
959 4002 1044 4056 cui
1099 4000 1288 4065 daret,
1329 4001 1422 4055 sed
1464 4001 1586 4055 itide
1645 4002 1820 4055 attulit
1856 4003 1996 4072 quod

403 4095 574 4150 daret.

473 4186 701 4243 CAPUT
743 4186 812 4241 IX
840 4216 912 4226 —-
936 4187 1020 4242 10.
1053 4185 1288 4240 Cltaritas
1317 4186 1542 4256 Spiritus
1585 4187 1744 4240 sancti
1788 4187 1995 4240 donum.

403 4278 540 4344 Quid
567 4286 816 4347 estergo,
843 4277 1074 4331 fratres?
1102 4277 1183 4331 Au
1213 4276 1352 4332 forte
1399 4291 1762 4333 commemoro
1790 4286 1846 4331 et
1873 4279 1993 4340 hoc,

404 4370 680 4440 quomodo
722 4370 954 4424 charitas
996 4370 1061 4424 ad
1110 4369 1367 4440 Spiritutn
1412 4380 1653 4436 sanctum
1693 4370 1998 4439 pertineat?

405 4459 626 4515 l‘aulum
664 4462 844 4516 audite
885 4479 899 4514 :
945 4479 964 4511 ι
1003 4461 1117 4515 Non
1165 4461 1335 4514 solum
1378 4471 1553 4515 autem
1584 4503 1599 4524 ,
1652 4461 1862 4530 inquit,
1903 4461 1995 4515 sed

403 4561 458 4605 et
483 4553 771 4621 gloriamur
800 4553 851 4604 in
884 4551 1314 4604 tribulationibus
1367 4568 1380 4602 :
1425 4551 1656 4606 scientes
1682 4553 1802 4620 quia
1835 4551 2000 4609 tribu-

411 4645 539 4698 latio
592 4643 899 4712 patientiam
946 4651 1246 4711 operatur,
1289 4642 1540 4712 patientia
1590 4644 1994 4710 probationem,

407 4735 649 4808 probatio
696 4749 822 4788 vero
877 4748 1065 4802 spem;
1107 4737 1230 4802 spes
1276 4743 1452 4786 autem
1507 4747 1611 4786 non
1664 4733 1938 4787 confundit
1981 4753 1993 4787 :

407 4829 528 4897 quia
559 4825 791 4881 Charitas
829 4825 920 4880 Dei
966 4824 1155 4879 dilfusa
1201 4833 1281 4878 est
1320 4815 1376 4878 in
1423 4823 1672 4878 cordibus
1724 4824 1936 4876 nostris.
1973 4842 1992 4875 ι

410 4919 560 4975 llnde
608 4917 842 4974 charitas
873 4916 964 4972 Dei
1011 4915 1199 4970 diffusa
1245 4925 1327 4970 est
1378 4915 1428 4968 in
1477 4915 1727 4969 cordibus
1759 4915 1997 4969 nostris?

408 5013 605 5070 Unde?
633 5011 769 5079 Quid
801 5011 895 5064 tibi
943 5008 1152 5064 dabas?
1196 5009 1332 5076 Quid
1381 5009 1530 5078 quasi
1584 5008 1652 5062 de
1715 5019 1804 5061 tuo
1857 5023 1996 5077 prae-

407 5105 702 5167 suntebas;
763 5101 898 5166 Quid
961 5101 1095 5154 enim
1165 5101 1317 5154 habes
1385 5101 1520 5167 quod
1583 5116 1683 5153 non
1755 5098 1999 5164 accepisti

409 5197 425 5264 (
464 5196 477 5247 Ι
521 5194 640 5250 Car.
691 5209 785 5259 tv,
846 5195 876 5247 7
917 5191 984 5263 )?
1023 5193 1163 5262 Ergo
1214 5193 1352 5247 unde
1379 5234 1391 5254 ,
1425 5189 1538 5245 nisi
1563 5191 1703 5261 quod
1734 5192 1992 5261 sequitur,

387 5286 515 5340 'l'er
563 5286 814 5355 Spiritum
849 5293 1074 5338 sanctum
1111 5285 1195 5352 qui
1241 5286 1387 5336 datus
1415 5294 1491 5357 est
1532 5284 1671 5337 nobis
1704 5285 1721 5354 (
1749 5285 1898 5338 Rom.
1941 5297 1993 5351 γ,

410 5379 601 5448 3:5)?

482 5472 568 5524 lt.
611 5469 844 5524 Charitas
898 5477 998 5522 nan
1047 5468 1257 5522 habetur
1310 5477 1453 5522 αισα
1507 5466 1806 5522 Ecclesium.
1850 5469 1993 5523 Cha-

412 5559 538 5614 ritas
595 5564 691 5616 ista
749 5578 852 5617 non
897 5569 1141 5624 tenetur,
1192 5561 1292 5615 nisi
1345 5561 1401 5615 in
1459 5562 1660 5618 unitate
1721 5563 1989 5618 Ecclesiae.

411 5648 528 5706 Non
575 5653 717 5708 illam
765 5654 958 5710 habent
1001 5655 1304 5710 divisores:
1357 5655 1491 5711 s’rnt
1539 5655 1662 5709 dicit
1714 5657 1986 5726 apostolus

1624 233 1679 288 S.
1722 227 2087 289 AUGUSTI-Nl
2129 227 2429 283 EPISCDT’I

3535 233 3671 288 12⁸24

2094 342 2292 406 Jmlas,
2364 344 2433 397 lli
2483 354 2598 397 sinit
2640 346 2723 414 qui
2775 361 2828 397 se
2873 345 3009 412 ipsos
3059 354 3358 417 segregant,
3399 347 3667 404 animales.

2098 435 2346 504 Spiritum
2392 452 2490 489 non
2523 436 2754 490 habentes
2785 437 2849 506 (J
2858 438 2971 490 uda:
3027 454 3063 499 ι,
3087 438 3199 504 19).
3227 438 3328 502 Qui
3357 455 3412 492 se
3438 439 3570 507 ipsos
3594 456 3680 492 se.

2096 539 2303 597 gregaut
2346 545 2364 581 :
2401 543 2569 596 quare
2595 529 2916 598 segregant?
2956 530 3088 598 Quia
3126 530 3401 597 animales,
3433 531 3684 601 Spiritum

2099 636 2197 672 non
2237 621 2491 674 habentes.
2523 620 2645 675 Ideo
2668 620 2907 676 deﬂuunt
2934 665 2947 689 ,
2979 623 3098 694 quia
3143 624 3424 694 coagulum
3453 639 3554 677 non
3585 625 3685 678 ha-

2100 712 2226 766 bent
2266 713 2558 768 charitatis.
2604 713 2718 783 Ipsa
2770 715 3029 770 eharitate
3075 717 3227 786 plena
3255 726 3338 772 est
3373 717 3566 787 gallina
3599 718 3688 770 illa

2099 813 2319 871 propter
2340 804 2516 872 pullos
2547 805 2829 871 inﬁrmata,
2861 821 2979 863 cum
3005 807 3164 876 pullis
3189 808 3477 862 humilians
3505 823 3686 862 vocem

2097 907 2278 958 suam,
2309 895 2602 967 extendens
2631 897 2744 950 alas
2773 912 2898 952 snas
2917 915 2929 950 :
2951 898 3177 965 Quoties,
3209 899 3398 968 inquit,
3425 899 3559 952 nolui
3579 902 3687 952 cot-

2097 985 2250 1054 ligere
2286 987 2420 1055 ﬁlios
2463 997 2574 1042 tuos
2615 986 2829 1057 (Matth.
2873 1006 3037 1055 x-xnt,
3081 989 3214 1062 37)?
3249 989 3550 1061 Colligere,
3582 1008 3685 1046 non

2097 1078 2354 1134 dividere.
2375 1078 2505 1147 Quia
2523 1080 2699 1144 habeo,
2726 1082 2910 1151 inquit,
2931 1083 3060 1136 alias
3075 1099 3207 1148 ores,
3225 1099 3338 1152 qua:
3361 1101 3465 1136 non
3482 1095 3598 1136 sunt
3627 1085 3688 1141 de

2099 1170 2192 1222 hoc
2216 1171 2333 1223 ovili
2359 1186 2378 1224 :
2403 1180 2596 1241 Oportet
2613 1188 2690 1226 me
2706 1183 2753 1226 et
2780 1175 2917 1242 ipsas
2936 1174 3215 1238 adducere,
3237 1185 3290 1228 ut
3317 1182 3380 1229 stt
3410 1191 3542 1228 unus
3568 1191 3688 1244 grex

2097 1271 2143 1314 et
2166 1278 2296 1314 unus
2315 1272 2489 1331 pastor
2505 1261 2680 1334 (Joan.
2716 1280 2770 1327 κ,
2793 1261 2902 1334 16).
2920 1263 3108 1319 Merito
3125 1279 3230 1319 non
3245 1264 3447 1318 audivit
3468 1263 3493 1316 I'
3493 1275 3682 1318 mtrem

2095 1361 2280 1404 centra
2299 1351 2514 1406 fratrem
2531 1352 2978 1423 interpellantem,
2994 1353 3593 1427 etdicentetn,l)omiue,
3607 1356 3684 1409 die

2097 1442 2246 1510 fratri
2269 1459 2376 1497 meo
2397 1443 2587 1497 diuidat
2607 1461 2800 1498 mecum
2825 1445 3184 1500 hereditatem.
3216 1445 3458 1512 Domine,
3490 1447 3682 1518 inquit,

2096 1534 2178 1588 dic
2206 1537 2354 1606 fratri
2376 1553 2506 1590 utea.
2533 1535 2712 1604 Quid?
2741 1535 2947 1593 Dividat
2978 1555 3170 1594 mecum
3218 1541 3596 1594 ha'retlitatem.
3628 1526 3688 1594 Et.

2097 1626 2352 1682 Dominus
2381 1646 2393 1681 :
2427 1626 2552 1694 Dic,
2601 1630 2770 1684 homo.
2799 1630 2975 1699 Quare
3002 1633 3144 1687 enim
3177 1632 3256 1686 vis
3281 1632 3524 1687 dividere
3543 1674 3560 1695 ,
3591 1633 3686 1686 nisi

2094 1719 2217 1789 quia
2246 1719 2444 1774 homo?
2475 1721 2600 1775 Cum
2643 1723 2777 1775 enim
2823 1723 2945 1776 dicit
2979 1723 3150 1789 alius,
3197 1722 3306 1792 Ego
3344 1740 3456 1776 sum
3499 1722 3686 1784 Pauli;

2095 1812 2229 1865 alius
2253 1821 2437 1874 autent,
2460 1811 2570 1882 Ego
2592 1814 2774 1883 Apollo
2789 1805 2813 1867 Ξ
2830 1829 2995 1867 nonne
3015 1814 3240 1868 homines
3262 1816 3382 1869 estis
3401 1815 3447 1884 (Ι
3469 1815 3595 1869 Cor.
3613 1832 3684 1879 ut,

2095 1901 2196 1970 4)?
2227 1900 2352 1967 Dic,
2399 1903 2567 1965 homo,
2595 1903 2706 1972 quis
2735 1904 2989 1958 constituit
3017 1921 3097 1958 me
3119 1905 3383 1959 divisorem
3413 1905 3686 1959 heredita-

2096 1993 2159 2045 tis
2193 1993 2323 2046 inter
2345 1993 2472 2048 vos?
2491 1993 2755 2067 Colligere
2784 1995 2902 2049 veni
2929 2036 2943 2059 ,
2984 2011 3090 2048 non
3119 1995 3378 2051 dividere.
3411 1995 3544 2051 Ideo
3563 2039 3578 2062 ,
3612 1999 3687 2051 in-

2094 2081 2249 2150 quit.
2293 2084 2408 2137 dico
2432 2085 2596 2150 nobis,
2626 2094 2793 2139 cavete
2819 2085 2882 2138 ab
2916 2087 3053 2139 omni
3082 2087 3358 2156 cupiditate
3387 2085 3545 2159 (Luc.
3583 2105 3651 2142 xu
3669 2129 3686 2156 ,

2097 2173 2306 2244 1545).
2335 2174 2609 2244 Cupiditas
2635 2177 2776 2230 enim
2801 2178 2946 2247 cupit
2973 2177 3214 2232 dividere
3241 2220 3256 2245 ,
3289 2180 3429 2233 sicut
3453 2179 3687 2234 charitas

2094 2267 2362 2335 colligere.
2393 2267 2529 2336 Quid
2555 2277 2638 2322 est
2657 2277 2834 2323 autem
2856 2311 2870 2333 ,
2898 2267 3079 2323 Cauete
3101 2270 3163 2323 alt
3192 2272 3332 2324 omni
3368 2272 3652 2341 cupiditate
3672 2313 3684 2332 .

2097 2359 2196 2412 nisi
2218 2400 2232 2422 ,
2267 2359 2560 2428 lmplemini
2595 2349 2894 2416 chariiate?
2920 2360 3027 2414 Nos
3057 2361 3374 2418 charitatem
3401 2379 3502 2434 pro
3534 2376 3686 2435 captu

2097 2459 2280 2503 nostro
2306 2449 2585 2517 habentes,
2617 2451 3021 2522 interpellamus
3051 2455 3334 2510 Dominum
3356 2467 3547 2510 contra
3592 2458 3689 2511 fra-

2097 2548 2256 2606 trem,
2283 2543 2421 2596 sicut
2443 2553 2496 2596 et
2525 2543 2614 2596 ille
2637 2552 2824 2598 contra
2848 2542 3066 2599 fratrem
3098 2563 3110 2597 :
3144 2545 3237 2600 sed
3266 2563 3371 2601 non
3404 2547 3506 2602 hac
3541 2565 3688 2614 voce,

2097 2645 2202 2684 non
2231 2631 2330 2686 hac
2375 2632 2750 2701 postulatione.
2787 2634 2878 2688 llle
2920 2635 3064 2689 enim
3089 2635 3217 2690 dicit
3253 2655 3266 2690 :
3296 2635 3528 2692 Domine
3556 2681 3573 2704 ,
3611 2642 3690 2693 dic

2097 2725 2244 2794 fratri
2289 2739 2398 2776 meo
2465 2723 2657 2777 diuidat
2722 2741 2919 2778 mecum
2960 2725 3327 2781 haereditatcm.
3387 2728 3498 2783 Nos
3557 2730 3688 2784 dici-

2098 2833 2218 2872 mus
2259 2836 2273 2872 :
2318 2817 2538 2871 Domine
2563 2858 2576 2882 ,
2621 2817 2706 2872 die
2738 2817 2883 2872 fratri
2911 2834 3031 2872 meo
3059 2829 3237 2874 teneat
3266 2836 3476 2876 mecum
3520 2822 3689 2878 hzt-rc-

2095 2913 2336 2968 ditatem.
3121 2953 3144 2979 ι

2167 3005 2393 3060 CAPUT
2453 3004 2519 3059 Χ.
2559 3037 2629 3047 —
2667 3005 2751 3060 ιε.
2804 3004 3047 3060 Ecclesia:
3075 3006 3240 3061 unitas
3264 3007 3466 3061 Christo
3491 3011 3691 3079 glori/3-

2097 3107 2207 3150 cato
2248 3098 2438 3166 quoties
2473 3096 2839 3151 commendata.
2872 3097 3056 3152 V’idcte
3084 3112 3212 3167 ergo
3241 3139 3255 3161 ,
3305 3097 3496 3153 fratres
3515 3139 3534 3165 ,
3565 3101 3689 3170 quid

2098 3189 2329 3244 maxime
2370 3190 2635 3259 diligatis,
2667 3190 2794 3260 quid
2824 3189 3031 3244 fortiter
3058 3193 3302 3245 teneatis.
3348 3193 3692 3248 Clorillcatm

2103 3280 2356 3334 Dominus
2385 3281 2742 3350 resurgendo,
2775 3283 3115 3336 commendat
3154 3283 3446 3340 Eeclesiam
3477 3305 3489 3338 :
3523 3289 3690 3356 glori-

2101 3371 2338 3426 licandus
2365 3373 2703 3427 ascendendo
2726 3417 2740 3439 ,
2774 3374 3115 3429 commendat
3152 3375 3450 3432 Ecelesiam
3481 3397 3494 3432 :
3523 3379 3691 3450 Spiri-

2100 3473 2208 3516 tmn
2257 3473 2508 3518 sanetum
2540 3464 2758 3518 mittens
2798 3463 2868 3518 de
2915 3465 3066 3520 caelis
3112 3469 3453 3524 commendat
3503 3471 3688 3526 Eccle-

2099 3555 2253 3609 siam.
2311 3555 2613 3625 Resurgens
2661 3557 2833 3620 enim,
2867 3557 2993 3627 quid
3039 3558 3170 3612 dicit
3203 3558 3481 3629 discipulis
3540 3563 3687 3618 suis?

2106 3667 2122 3699 ι
2160 3649 2284 3702 llaec
2310 3649 2547 3702 dicebam
2578 3648 2726 3702 vobis
2746 3690 2760 3712 ,
2788 3663 2910 3703 cum
2946 3649 3119 3705 adhuc
3161 3666 3335 3706 essem
3379 3652 3523 3724 apud
3559 3672 3683 3722 vos,

2100 3740 2220 3809 quia
2267 3739 2551 3809 oportebat
2596 3739 2802 3809 impleri
2846 3741 3022 3794 onniia
3065 3757 3183 3810 qua:
3226 3743 3420 3812 scripta
3463 3757 3592 3800 sunt
3638 3749 3686 3802 in

2102 3831 2270 3900 Lege,
2303 3840 2356 3886 et
2383 3830 2695 3900 Prophetis,
2731 3840 2785 3886 et
2813 3831 3041 3886 Psalmis
3066 3834 3134 3888 de
3161 3850 3264 3888 me.
3298 3835 3366 3890 Et
3409 3846 3538 3893 tunc
3565 3858 3686 3912 ape-

2102 3922 2206 3974 ruit
2232 3921 2333 3974 illis
2361 3935 2575 3974 sensum
2603 3963 2617 3985 ,
2644 3930 2704 3975 ut
2733 3921 3091 3992 intelligerent
3109 3923 3414 3994 Seriptnras
3433 3971 3447 3995 ,
3477 3940 3528 3984 et
3564 3934 3688 3986 dixit

2101 4014 2201 4079 eis,
2231 4011 2490 4080 Quoniam
2519 4013 2598 4068 sic
2623 4015 2876 4084 scriptum
2907 4025 3010 4080 est,
3035 4027 3089 4070 et
3115 4019 3191 4072 sic
3220 4023 3501 4088 Oportebat
3533 4025 3687 4080 Chri-

2101 4113 2240 4158 stum
2289 4106 2394 4173 pati
2422 4146 2435 4169 ,
2466 4114 2518 4159 et
2559 4119 2838 4174 resurgere
2875 4119 2904 4158 a
2935 4106 3160 4161 mortuis
3212 4111 3369 4164 tertio
3393 4112 3502 4166 die.
3549 4132 3568 4163 ι
3596 4116 3685 4170 tibi

2102 4203 2184 4249 est
2224 4195 2476 4249 Ecclesiae
2506 4194 2941 4249 commendatio?
2998 4196 3062 4249 Et
3095 4198 3363 4265 praedicari
3402 4202 3602 4257 innotui
3630 4222 3686 4258 ne

2101 4288 2210 4358 ejus
2257 4286 2595 4356 ptenitentiam
2640 4296 2687 4339 et
2734 4287 3074 4341 remissionem
3122 4300 3461 4358 peccatorum.
3495 4296 3567 4348 Et
3592 4296 3685 4351 hoc

2103 4379 2232 4432 ubi?
2288 4377 2408 4433 Per.
2431 4393 2601 4431 omnes
2645 4388 2814 4448 gentes
2840 4419 2855 4444 ,
2896 4379 3248 4449 incipientibus
3291 4383 3355 4436 ab
3394 4383 3682 4441 Jerusalem

2103 4468 2231 4540 (Id.
2276 4485 2422 4534 XXtV,
2478 4469 2642 4523 44-47
2750 4469 2861 4522 lloc
2903 4472 3296 4528 resurrectione
3337 4474 3678 4544 glorilicatus.

2101 4561 2236 4631 Quid
2274 4564 2586 4618 ascensione
2610 4563 3028 4633 glorificamlns?
3057 4565 3206 4631 Quod
3235 4568 3460 4630 audistis
3484 4612 3500 4635 ,
3532 4571 3682 4623 Erilis

2102 4658 2225 4710 mihi
2255 4666 2400 4709 testes
2421 4657 2472 4708 in
2498 4654 2818 4721 Jerusalem,
2853 4666 2898 4708 et
2924 4657 2975 4709 in
3003 4665 3107 4710 tota
3125 4658 3310 4711 Judtea
3338 4671 3384 4714 et
3407 4661 3676 4727 Samaria,

2102 4759 2145 4802 ct
2184 4766 2338 4818 usque
2364 4749 2414 4801 in
2458 4748 2583 4817 [ines
2615 4757 2759 4801 terra:
2785 4746 2804 4818 (
2831 4747 2921 4800 Act
2948 4764 2999 4814 ι,
3029 4749 3104 4816 8).
3131 4749 3265 4815 Quid
3305 4751 3425 4821 ipso
3453 4755 3677 4808 adventu

2100 4841 2327 4908 Spiritus
2348 4841 2513 4896 sancti
2531 4841 2556 4893 ?
2585 4840 2741 4893 Venit
2759 4840 2986 4909 Spiritus
3002 4852 3216 4895 sanctus
3246 4862 3258 4896 :
3293 4860 3426 4914 quos
3451 4849 3674 4916 primum

2102 4933 2383 5002 implevit,
2453 4932 2642 5001 linguis
2706 4933 2942 4986 omnium
3011 4935 3242 5002 gentium
3308 4937 3677 5007 loquebantur.

2105 5023 2472 5093 UnnSquisque
2529 5023 2686 5077 homo
2731 5023 2949 5092 loquens
2977 5025 3223 5080 omnibus
3269 5026 3502 5095 linguis,
3555 5031 3675 5100 quid

2100 5115 2238 5169 aliud
2265 5113 2600 5185 significavit,
2631 5130 2788 5184 quam
2817 5116 3070 5170 unitatem
3094 5117 3145 5170 in
3176 5119 3425 5174 omnibus
3447 5122 3680 5191 linguis!

2102 5207 2213 5262 lloc
2238 5216 2511 5273 tenentes,
2547 5207 2596 5260 in
2630 5206 2730 5261 hoc
2763 5206 2975 5271 lirmati,
3009 5209 3059 5260 in
3093 5208 3192 5262 hoc
3224 5210 3478 5275 roborati,
3502 5214 3551 5265 in
3576 5213 3674 5270 hoc

2099 5299 2410 5354 inconcussa
2446 5300 2704 5354 eharitate
2741 5299 2900 5353 deﬁxi
2926 5342 2940 5362 ,
2984 5299 3260 5355 laudemus
3305 5304 3452 5371 pueri
3495 5305 3674 5358 Domi-

2099 5407 2246 5458 num,
2274 5401 2327 5446 et
2356 5392 2592 5446 dicamus
2621 5392 2848 5447 alleluia.
2879 5393 2981 5448 Sed
3028 5394 3078 5447 in
3121 5410 3224 5448 uua
3262 5401 3455 5466 parte?
3484 5399 3547 5452 Et
3577 5414 3673 5452 un-

2097 5484 2207 5538 de?
2249 5493 2300 5539 et
2341 5499 2448 5554 quo
2492 5485 2693 5554 usque?
2733 5485 2772 5537 Α
2812 5487 2930 5539 solis
2979 5495 3090 5539 ortu
3132 5502 3286 5556 usque
3312 5488 3380 5540 ad
3419 5505 3666 5554 occasum,

2098 5576 2302 5629 laudate
2349 5593 2526 5630 nomen
2577 5575 2780 5630 Domini
2823 5576 2992 5648 (Psal.
3022 5593 3124 5631 exn
3150 5620 3162 5643 ,
3196 5579 3270 5649 3).

3347 5751 3454 5764 ...Δρ

2485 5792 2792 5808 ⁸⁴ν-,..ι-⁴δλ
