3926 6188
243 399 377 454 ms

1621 420 1749 473 SER

1891 422 2162 483 CCLXVI.
3365 462 3498 516 19³38

1920 547 2055 593 ctum
2079 542 2179 596 nisi
2196 562 2287 613 per
2325 560 2524 607 sanctos
2553 556 2826 615 ministros.
2857 563 3056 623 Deinde
3082 573 3241 642 cmpit
3270 575 3495 646 Spiritus

1919 641 2134 689 sanctus
2172 637 2285 693 dari
2330 657 2424 710 per
2460 646 2812 707 ministerium
2845 656 3244 726 Apostolorum.
3276 667 3353 722 llli
3383 688 3492 725 tua-

1918 736 2017 776 nus
2059 724 2421 798 imponebant,
2451 744 2505 790 ct
2531 738 2618 793 ille
2642 743 2905 800 veniebat.
2948 747 3052 805 Sed
3095 752 3196 810 hoc
3246 774 3349 814 non
3378 776 3485 815 erat

1914 810 2187 871 hominum
2217 836 2232 874 :
2266 838 2370 876 non
2401 824 2501 881 sibi
2526 842 2737 901 arroget
2762 836 3007 895 minister
3023 842 3138 912 plus
3164 862 3321 917 quam
3348 854 3488 920 quod

1912 912 1967 957 ut
1990 906 2250 965 minister.
2281 914 2429 968 Alius
2449 927 2532 973 est
2557 920 2803 992 donator,
2827 929 2960 986 alius
2992 934 3340 995 ministrator.
3374 941 3483 997 lloc

1907 998 2104 1068 quippe
2143 1010 2367 1060 testatus
2392 1018 2475 1063 est
2494 1010 2738 1082 Spiritus,
2770 1034 2837 1074 ne
2866 1020 3111 1080 homines
3136 1029 3237 1084 sibi
3265 1047 3481 1105 arroga-

1911 1098 2032 1142 rent
2061 1092 2202 1161 quod
2234 1095 2325 1150 Dei
2366 1110 2502 1155 erat.
2536 1103 2668 1160 llinc
2696 1109 2838 1165 enim
2870 1115 3033 1171 voluit
3060 1118 3242 1176 Simon
3285 1122 3480 1193 inﬂari,
3516 1134 3531 1158 ³

1901 1182 1988 1249 qui
2020 1184 2327 1243 existinmas
2354 1190 2455 1247 hoc
2486 1193 2784 1256 hominibus
2825 1219 2945 1260 esse
2993 1209 3349 1281 tribuendum,
3379 1233 3475 1290 pe-

1898 1272 2107 1326 cuniam
2138 1280 2385 1344 promisit
2410 1284 2703 1355 Apostolis,
2736 1303 2793 1347 ut
2819 1303 2872 1348 et
2891 1297 2956 1351 ad
2984 1299 3148 1368 ipsius
3176 1320 3364 1363 manus
3381 1272 3481 1366 im-

1897 1363 2216 1429 positionem
2268 1373 2473 1430 veniret
2521 1377 2748 1447 Spiritus
2794 1397 3027 1443 sanctus.
3078 1392 3313 1453 Gratiam
3368 1416 3472 1456 non

1894 1463 2132 1507 noverat.
2159 1456 2290 1513 Nam
2327 1464 2371 1517 si
2418 1469 2639 1534 gratiam
2670 1487 3003 1547 agnosceret,
3036 1485 3199 1552 gratis
3232 1487 3470 1548 haberet.

1894 1540 2016 1598 Ideo
2040 1548 2161 1615 quia
2193 1552 2355 1608 voluit
2392 1571 2571 1616 emere
2607 1561 2882 1635 Spiritum,
2916 1588 3018 1627 non
3051 1580 3244 1635 meruit
3284 1583 3481 1642 redimi

1886 1632 1982 1687 abs
2010 1634 2228 1705 Spiritu.
2247 1644 2381 1711 Quid
2411 1662 2502 1711 es,
2528 1632 2687 1709 homo
2705 1698 2719 1721 ,
2751 1632 2890 1727 quod
2920 1671 2972 1718 te
2994 1664 3179 1724 inﬂare
3203 1632 3470 1731 visiS‘uwi:

684 517 910 577 δεκΜο
947 522 1226 582 CCLXVI‘
1258 529 1355 600 tu).

656 614 704 660 lu
739 612 914 676 vigiliis
945 622 1260 670 Pentecostes
1292 621 1380 686 (lt).

262 684 339 739 De
362 703 508 742 versu
538 687 737 746 Psalmi
763 709 883 760 exc,
917 697 971 761 5.
1000 699 1316 760 Emendabit
1341 684 1427 762 me
1450 707 1646 777 justus,
1675 718 1770 766 etc.

742 784 930 841 Contra
971 788 1288 851 Donatistes.

295 870 346 925 ί.
404 869 601 927 Psalmi
654 891 825 932 versus
889 882 1024 937 male
1080 886 1359 944 intellectus
1403 907 1436 944 α
1502 892 1801 950 Donatistis.

221 959 363 1016 Inter
389 962 487 1015 alia
514 965 691 1021 divina
721 968 951 1040 eloquia,
978 990 1118 1043 qua},
1147 992 1267 1033 cum
1294 979 1536 1038 Psalmus
1557 995 1803 1041 cantare-

215 1060 319 1116 tur,
353 1054 670 1122 audivimus,
725 1060 1219 1133 placet,atljuvante
1252 1071 1496 1145 Domino,
1517 1076 1671 1133 istam
1703 1094 1798 1149 po-

213 1142 473 1199 tissimum
500 1145 764 1204 discutere
785 1160 840 1208 et
871 1163 1193 1222 pertractare
1213 1164 1557 1231 sententiam,
1585 1183 1686 1238 qua
1713 1169 1796 1223 di-

210 1242 351 1285 ctum
377 1242 478 1299 est,
511 1234 809 1294 Emendabit
835 1259 913 1296 me
937 1245 1110 1313 justus
1151 1248 1203 1302 in
1233 1251 1594 1321 misericordia,
1623 1268 1671 1311 et
1701 1276 1792 1313 ar-

206 1333 322 1395 guet
347 1341 426 1379 sne
442 1343 461 1388 ;
488 1327 653 1382 oleum
697 1341 865 1385 autem
894 1339 1167 1403 peccatoris
1207 1357 1306 1396 non
1341 1344 1615 1417 impingite!
1638 1359 1791 1420 caput

207 1430 391 1469 meum.
428 1416 677 1475 Nonnulli
714 1423 857 1478 enim
889 1428 1232 1486 crediderunt
1261 1434 1434 1490 oleum
1469 1416 1783 1508 peccatoris,

205 1507 382 1563 oleum
404 1525 525 1566 esse
552 1511 809 1581 hominis;
837 1519 957 1588 quia
985 1523 1148 1577 omnis
1173 1526 1323 1581 Itomo
1366 1530 1584 1587 mendax
1608 1531 1781 1599 (Psal.

198 1612 328 1666 σιν,
361 1601 468 1671 ll).
497 1603 687 1660 Oleum
714 1620 890 1665 autem
934 1611 1153 1680 Christi,
1183 1618 1304 1688 quia
1345 1622 1548 1678 nullum
1598 1624 1784 1683 habuit

195 1692 417 1748 omnino
447 1706 717 1764 peccatum
740 1741 755 1767 ,
785 1703 885 1757 etsi
926 1720 1024 1773 per
1063 1718 1398 1777 peccatorem
1428 1715 1775 1784 ministretur,

194 1796 301 1838 non
352 1793 436 1840 est
471 1786 647 1842 oleum
698 1795 1013 1859 peccatoris.
1064 1798 1195 1853 Cum
1242 1809 1351 1857 tres
1400 1806 1776 1864 considerandi

189 1873 374 1928 animo
395 1888 706 1946 occurrant;
742 1897 771 1936 a
803 1899 909 1953 quo
958 1886 1131 1953 datur,
1167 1892 1249 1946 cui
1281 1892 1453 1960 datur,
1496 1912 1590 1966 pcr
1617 1913 1773 1969 quem

184 1962 347 2019 datur
373 1984 387 2021 :
412 1983 515 2023 non
540 1972 818 2030 timeamus
847 1976 1022 2033 oleum
1053 1986 1369 2051 peccatoris,
1402 1988 1520 2057 quia
1549 2006 1653 2045 non
1685 1992 1766 2047 in-

182 2058 398 2124 tercipit
419 2060 624 2116 medius
654 2064 893 2121 minister
924 2067 1237 2127 benelicium
1266 2075 1549 2147 largitoris.

253 2149 310 2202 2.
353 2148 577 2219 Spiritus
626 2156 788 2209 sancti
825 2158 1068 2215 adventus
1103 2163 1187 2217 die
1214 2163 1549 2224 Pentecostes.
1587 2171 1769 2229 Unitas

177 2236 429 2295 Ecclesia
463 2244 727 2301 catholica.-
768 2250 900 2303 dono
937 2252 1225 2323 linguarum
1252 2258 1560 2329 signiﬁcata.
1608 2262 1769 2322 Certe

170 2330 325 2384 enim
348 2332 740 2391 solemnitatem
770 2340 929 2393 modo
949 2343 1284 2402 celebramus
1306 2350 1565 2407 adventus
1597 2354 1768 2424 Spiri-

170 2430 263 2476 tus
292 2423 465 2478 sancti
496 2441 511 2478 :
541 2441 659 2479 nam
682 2428 767 2483 die
789 2430 1153 2501 Pentecostes,
1183 2441 1270 2509 qui
1296 2441 1412 2496 dies
1439 2444 1548 2511 jam
1578 2447 1763 2516 coepit,

168 2523 336 2570 erant
363 2531 468 2569 uno
500 2516 552 2571 in
584 2518 703 2574 loco
743 2531 957 2579 centum
999 2527 1180 2598 viginti
1225 2532 1437 2599 animm,
1490 2536 1541 2591 in
1568 2538 1765 2608 quibus

165 2606 415 2675 Apostoli
457 2616 509 2662 et
556 2620 726 2665 mater
776 2613 987 2671 Domini
1033 2628 1087 2673 et
1126 2620 1214 2675 alii
1277 2624 1551 2697 utriusque
1586 2606 1763 2687 sexus

161 2705 390 2753 orantes
433 2706 487 2754 et
525 2712 899 2769 “Spectantes
933 2711 1253 2779 promissum
1300 2714 1517 2786 Clu-isti,
1550 2720 1652 2776 hoc
1678 2731 1762 2778 est

161 2786 455 2843 adventum
488 2790 717 2861 Spiritus
755 2798 947 2852 sancti.
989 2799 1103 2854 Non
1129 2812 1243 2858 erat
1290 2805 1463 2863 inanis
1492 2824 1619 2879 Spes
1661 2828 1760 2869 ex-

159 2879 479 2946 spectantis,
516 2882 635 2950 quia
674 2900 780 2938 non
832 2896 948 2942 erat
993 2888 1147 2946 fallax
1191 2896 1501 2962 pollicitatio
1533 2902 1760 2970 promit-

161 2968 337 3024 tentis
369 2973 545 3040 :quod
576 2978 1004 3046 exspectabatur,
1035 2982 1251 3040 advenit
1297 2997 1351 3043 et
1383 3004 1504 3067 vasa
1530 2968 1750 3061 munda,

156 3075 185 3112 τι
223 3061 418 3129 quibus
446 3065 825 3136 susciperetur,
857 3070 1075 3129 invenit.
1115 3074 1249 3132 Visa:
1279 3089 1396 3134 sunt
1437 3066 1537 3137 illis
1564 3085 1757 3157 tinguat

155 3150 343 3205 divisa:
378 3154 509 3208 velut
552 3156 701 3226 ignis,
747 3161 833 3229 qui
870 3170 915 3215 et
959 3165 1142 3218 insedit
1176 3184 1328 3239 super
1355 3189 1754 3247 unumquemth

153 3256 375 3307 eorum;
398 3252 446 3296 et
486 3259 736 3315 torpet-unt
766 3250 904 3320 loqui
938 3253 1122 3326 linguis
1170 3259 1299 3314 sicut
1340 3261 1566 3333 Spiritus
1597 3268 1751 3325 dabat

154 3332 235 3386 eis
260 3335 611 3401 pratiuntiare.
656 3336 1031 3412 Unusquisque
1075 3345 1235 3402 homo
1270 3332 1463 3423 linguis
1499 3358 1749 3416 omnibus

155 3420 500 3491 loquebatur,
528 3426 647 3495 quia
693 3426 865 3485 futura
898 3432 1134 3491 Ecclesia
1184 3438 1233 3492 in
1266 3420 1512 3499 omnibus
1549 3446 1747 3519 linguis

155 3516 636 3586 praenuntiabatur.
691 3521 836 3578 Unus
884 3524 1043 3583 homo
1091 3529 1299 3601 signum
1332 3546 1451 3593 erat
1478 3541 1743 3598 unitatis:

154 3619 350 3659 omnes
378 3605 570 3678 lingua:
605 3610 656 3665 in
690 3627 795 3667 uno
834 3614 1067 3685 homine,
1100 3636 1288 3679 omnes
1312 3636 1503 3695 gentes
1527 3628 1580 3685 in
1626 3633 1746 3689 uni-

155 3705 287 3752 tate.
338 3698 437 3767 Qui
488 3701 629 3771 pleni
673 3716 847 3774 erant,
893 3709 1371 3780 loquebanturzet
1419 3720 1509 3790 qui
1557 3722 1745 3781 inanes

151 3797 331 3852 erant.
372 3790 732 3862 mirabantur;
760 3807 814 3852 et
836 3800 975 3870 quod
1002 3811 1082 3857 est
1110 3807 1603 3880 reprchensibilius,
1635 3816 1740 3872 mi-

152 3879 414 3941 rabantur
458 3891 513 3938 et
561 3886 1039 3945 calumniabantur.
1104 3894 1360 3954 Dicebant
1403 3904 1544 3960 enim
1590 3879 1609 3960 γε
1667 3908 1740 3964 Ili

148 3970 281 4026 ebrii
306 3984 423 4027 sunt
449 3984 497 4029 et
524 3987 684 4031 musto
727 3981 879 4051 pleni.
908 3982 1076 4052 Quam
1128 3989 1284 4043 stulta
1330 4002 1384 4047 et
1408 3996 1737 4058 calumnias:

152 4062 535 4133 reprehensio!
580 4068 750 4124 llomo
775 4071 954 4127 ebrius
980 4091 1086 4129 non
1128 4079 1356 4137 alienam
1390 4084 1619 4156 linguam
1650 4090 1734 4145 di-

145 4154 269 4214 scit,
299 4153 392 4208 sed
420 4171 567 4211 suam
595 4159 787 4228 perdit.
819 4162 1196 4223 Verumtamen
1228 4185 1324 4241 per
1349 4153 1651 4245 ignorantes
1680 4190 1736 4238 et

142 4242 536 4301 calumniantes
590 4249 786 4307 veritas
831 4252 1167 4324 loquebatur.
1236 4242 1599 4339 Jam'quippe
1656 4271 1733 4329 illi

144 4332 289 4403 pleni
319 4343 472 4391 erant
517 4338 642 4393 vino
685 4356 843 4409 novo,
891 4346 1013 4416 quia
1056 4346 1184 4405 facti
1227 4364 1380 4411 erant
1434 4367 1580 4417 utres
1605 4364 1731 4421 novi

139 4422 356 4492 (Matth.
389 4442 463 4492 Ix,
495 4428 603 4505 Π).
644 4429 749 4487 Sed
777 4443 920 4492 utres
959 4454 1125 4497 novos
1154 4453 1298 4502 utres
1320 4456 1529 4507 veteres
1562 4453 1727 4512 mira-

139 4514 356 4582 bantur,
387 4528 438 4572 et
467 4519 839 4580 calumniando
862 4543 960 4584 nec
1013 4532 1425 4609 innovabantur,
1475 4559 1577 4602 nec
1627 4548 1728 4605 im-

138 4607 442 4673 plebantur.
483 4610 588 4667 Sed
620 4628 866 4685 repressa
910 4623 1121 4679 tandem
1149 4607 1434 4700 calumnia,
1469 4652 1593 4694 mox
1632 4641 1722 4698 ubi

134 4699 620 4758 sermocinantibus
648 4707 1015 4781 rationemque
1061 4714 1405 4778 reddentibus
1421 4699 1486 4783 et
1522 4726 1722 4789 Christi

132 4789 305 4858 gratia
329 4791 739 4859 praedicantibus
761 4814 921 4857 aures
949 4804 1222 4875 Apostolis
1248 4814 1608 4885 pmbuerunt,
1627 4836 1724 4877 an-

129 4877 332 4934 dientlo
358 4886 659 4953 compuncti
704 4899 846 4955 sunt,
894 4877 1304 4967 eompunctione
1354 4908 1539 4962 mutati
1566 4920 1713 4979 sunt,

130 4973 321 5027 mutati
346 4975 720 5045 crediderunt;
748 4983 1051 5051 credentes.
1081 4989 1182 5063 hoc
1205 4994 1347 5064 quod
1380 4996 1433 5053 in
1469 5000 1590 5055 aliis
1616 4973 1717 5058 mi;

124 5063 402 5127 nitantur.
433 5068 679 5139 accipere
703 5086 1013 5133 meruerunt
1036 5078 1174 5149 (Act.
1204 5063 1287 5157 tt).

194 5155 248 5209 5.
294 5153 519 5225 Spiritus
555 5172 759 5218 sanctus
806 5166 1031 5235 donum,
1070 5188 1170 5226 non
1207 5153 1424 5234 hominis
1470 5185 1709 5256 ministri,

117 5247 211 5300 sed
241 5246 357 5302 Dei.
381 5247 765 5311 Donatistarum
807 5273 967 5327 error,
1010 5278 1113 5317 non
1152 5265 1267 5320 dari
1297 5269 1549 5342 Spiritum
1583 5246 1709 5334 san;

118 5485 151 5535 ἢ
170 5429 371 5539 statim
401 5434 641 5486 sermonis
659 5437 888 5501 sta-lpum
925 5441 1118 5506 aliquod
1142 5448 1392 5513 exemplar
1421 5453 1591 5506 videre
1612 5470 1708 5509 non

154 5506 179 5537 ι,
257 5526 270 5538 .

154 5506 270 5538 ωιι.

181 5558 256 5621 (τι)
293 5557 493 5646 Alinas
523 5565 651 5617 inter
682 5568 907 5619 undecim
942 5572 1098 5626 editos
1129 5590 1192 5629 ex
1226 5583 1417 5646 majoris
1445 5588 1707 5642 Ca'tbusite

116 5630 912 5767 ν.
935 5708 1041 5767 αἰψ-
1076 5699 1135 5760 9ο
1167 5713 1403 5759 recenset
1451 5721 1564 5761 wm
1608 5713 1704 5764 alio

112 5749 424 5856 smmis:
473 5749 645 5801 iisdem
678 5752 856 5818 vigiliis

426 5891 688 5962 Panos.
731 5903 905 5969 XXX
923 5912 1085 5976 Vill.

1886 1722 1997 1780 ﬁcit
2025 1729 2114 1784 tibi
2146 1740 2201 1785 ut
2240 1733 2531 1806 implcaris,
2577 1758 2680 1800 non
2709 1722 3014 1809 utvinﬂcris.
3065 1758 3164 1827 Qui
3194 1763 3463 1836 impletur,

1886 1812 2028 1836 κω,
2067 1834 2078 1836 μ
2122 1829 2133 1836 ,
2296 1826 2348 1836 ..
2398 1827 2425 1836 -

1882 1812 2033 1872 dives
2057 1829 2138 1874 est
2170 1839 2183 1874 :
2220 1826 2306 1893 qui
2335 1827 2567 1896 inﬂatur,
2618 1836 2788 1894 inanis
2815 1853 2913 1897 est.
2938 1845 3041 1901 Sed
3072 1812 3169 1920 per
3198 1812 3464 1926 lto-mines:

1880 1902 2143 1976 inquiunt,
2173 1912 2417 1973 dabatur.
2448 1920 2709 1993 Numquid
2732 1930 2853 1987 ideo
2873 1946 2989 1991 erat
3019 1902 3293 2002 litiminum
3315 1903 3459 2019 quodl

1880 1993 2143 2019 AAL..---—“
2175 2002 2207 2019 θ’
2264 2003 2277 2019 ¹
2757 2017 2768 2019 ’

1877 1993 2143 2054 dabatur?
2174 2002 2279 2060 Sed
2331 2022 2438 2062 non
2493 2022 2700 2080 poterat
2737 2017 2875 2087 dari,
2927 2024 3191 2095 inquiunt,
3233 1993 3348 2090 nisii
3365 2053 3463 2110 per

1877 2086 2159 2110 Lm,
2282 2106 2292 2110 _
2409 2100 2454 2110 _,

1875 2086 2122 2147 homines
2149 2106 2381 2154 sanctos.
2408 2100 2670 2176 Numquid
2696 2108 2748 2163 in
2778 2111 2923 2180 ipsos
2954 2132 3048 2185 per
3088 2119 3335 2181 homines
3365 2086 3460 2184 ve-

1874 2184 2059 2236 nerat?
2087 2187 2328 2255 Apostoli
2352 2208 2538 2249 manus
2566 2198 2931 2272 imponebant,
2958 2184 3019 2265 et
3053 2211 3281 2281 Spiritus
3333 2236 3459 2279 san-

1871 2279 1988 2324 ctus
2020 2276 2261 2332 veniebat
2292 2296 2306 2332 :
2336 2284 2549 2351 quando
2577 2288 2642 2342 ad
2666 2289 2808 2361 ipsos
2836 2298 3000 2363 venit,
3044 2276 3173 2372 ipsis
3198 2308 3321 2378 quis
3344 2276 3457 2368 tua.

1871 2376 1973 2417 nus
1998 2363 2283 2434 imposuit?

1939 2455 1993 2507 4.
2035 2454 2259 2526 Spiritus
2308 2475 2514 2523 sanctus
2555 2469 2664 2526 sine
2715 2475 2971 2535 hominum
3023 2485 3298 2546 ministerio
3347 2495 3449 2563 eli:

1865 2545 2070 2615 quando
2095 2550 2262 2606 datus.
2296 2555 2532 2627 Accipite
2553 2570 2605 2615 et
2634 2572 2808 2622 tenete
2834 2569 3009 2628 divina
3037 2581 3285 2651 exempla

1871 2633 2078 2706 eloquia
2126 2639 2217 2696 Dei
2246 2657 2389 2713 sunt,
2421 2648 2707 2723 Scriptura:
2736 2663 3054 2732 auctoritas,
3098 2633 3228 2726 ﬁdes
3260 2676 3450 2733 verbo-

3016 3138 3031 3175 :
3079 3138 3441 3203 unusquisque

1855 3191 2041 3236 eorum
2069 3184 2274 3254 orabat,
2309 3191 2487 3248 nullus
2526 3211 2741 3255 manum
2778 3200 3119 3279 imponebat;
3164 3184 3440 3279 orantibus

1854 3279 2181 3347 supervenit,
2204 3293 2424 3341 orantes
2448 3287 2707 3364 implevit,
2732 3297 2976 3370 impletos
2994 3309 3267 3371 ministros
3290 3316 3436 3385 fecit.

1850 3373 1905 3417 et
1932 3379 2028 3434 per
2071 3367 2215 3438 ipsos
2264 3388 2417 3432 suum
2463 3379 2629 3438 dedit.
2679 3367 2868 3445 Adhuc
2901 3367 3111 3455 audite.

1849 3460 2197 3529 evangelista,
2228 3466 2316 3535 qui
2349 3471 2656 3537 pradicavit
2684 3477 3031 3553 Evangelinm
3076 3491 3126 3548 in
3171 3460 3432 3569 Summi-ia:

1850 3559 1987 3601 unus
2026 3560 2142 3605 erat
2171 3552 2239 3608 de
2286 3569 2491 3626 septem
2531 3552 2881 3627 diaconibus:
2910 3591 3031 3633 nam
3077 3581 3129 3637 in
3157 3587 3433 3650 ministerii

1848 3639 2169 3698 necessitate
2196 3642 2479 3704 duodecim
2510 3652 2782 3724 Apostolis
2827 3676 3031 3735 septem
3055 3639 3431 3745 diaconesvad:

1837 4292 1960 4337 runt
1986 4284 2054 4340 ad
2078 4302 2171 4342 eos
2194 4288 2410 4348 Petrum
2440 4303 2496 4352 et
2517 4296 2800 4370 Joannem,
2835 4315 2892 4362 ut
2918 4284 3197 4379 baptizatis
3213 4284 3419 4381 manus

1835 4370 2189 4445 imponerent,
2237 4391 2293 4437 et
2328 4382 2408 4441 eis
2455 4401 2645 4445 manus
2688 4391 3034 4467 imponendo,
3068 4404 3419 4478 impetrarent

1831 4460 2085 4534 Spiritum
2121 4479 2361 4527 sanctum
2402 4474 2733 4537 invocantes.
2766 4460 2954 4545 Simon
2980 4460 3275 4556 admirhtus
3301 4510 3417 4561 tan-

1830 4559 1939 4608 tam
1969 4558 2193 4625 gratiam
2236 4561 2614 4633 Apostolorum
2638 4611 2653 4637 ,
2707 4578 2988 4644 pecuniam
3039 4583 3170 4643 dare
3222 4558 3413 4663 voluit,

1828 4645 1977 4714 quasi
2003 4646 2152 4716 illud,
2182 4653 2323 4722 quod
2351 4653 2728 4729 invocabatur,
2760 4670 2948 4726 venale
2978 4645 3408 4748 proponeretur:

1825 4733 1920 4789 sed
1952 4738 2198 4808 repulsus
2239 4753 2342 4814 est,
2379 4755 2435 4803 et
2484 4758 2629 4808 tanta
2666 4758 2836 4826 gratia
2880 4733 3125 4837 indignus
3165 4733 3413 4833 iuvent-us

1824 4833 1927 4879 est.
1958 4828 2295 4901 Acceperunt
2338 4851 2467 4908 ergo
2506 4840 2582 4897 llli
2613 4843 2869 4914 Spiritum
2900 4828 3143 4914 sanctum

1823 4929 1925 4971 nus
1950 4918 2347 4991 Apostolorum.
2391 4927 2540 4988 Tunc
2580 4948 2712 5006 ergo
2736 4940 2856 5006 quia
2904 4941 3089 5003 Simon
3111 4918 3201 5007 ille
3228 4918 3405 5015 licinio

1821 5024 1948 5065 num
1979 5026 2099 5069 esse
2128 5024 2404 5085 potaverat
2454 5021 2654 5081 donum
2684 5027 2798 5095 Dei,
2852 5048 2923 5089 ne
2972 5039 3114 5108 apud
3164 5042 3404 5111 inﬁrmos

1819 5095 1937 5155 hac
1986 5104 2220 5174 suspicio
2268 5106 2601 5180 ﬁrmaretur;
2649 5127 2833 5187 postea
2862 5095 3139 5184 eunuchus
3167 5095 3399 5207 quidam

1817 5189 2077 5250 Candaca:
2126 5199 2324 5268 reginae.
2359 5204 2607 5261 veniebat
2646 5208 2713 5265 de
2756 5210 3074 5285 Jerusalem,
3115 5189 3398 5315 quo‘ierq;

1817 5290 1869 5315 nl
1900 5293 2073 5315 Alta-oni
2130 5295 2180 5315 Α.
2221 5288 2411 5315 ΑΑᾹΑ..-
2439 5293 2487 5315 2-
2528 5310 2611 5315 ---η
2709 5300 2724 5315 ι
2828 5304 2841 5315 ι
2904 5314 2909 5315 ,
2945 5306 2963 5315 -
3029 5309 3042 5315 -

1816 5290 1875 5336 nt
1900 5293 2097 5351 oraret,
2129 5295 2185 5342 et
2220 5288 2413 5346 sedens
2439 5293 2491 5351 in
2519 5310 2678 5354 curru
2709 5300 2918 5373 legebat
2944 5288 3397 5388 lsaiam'propli.

1815 5381 1946 5430 tam.
1989 5376 2140 5434 Tunc
2168 5381 2400 5452 Spiritus
2423 5398 2639 5446 sanctus
2663 5392 2738 5450 ait
2767 5394 3010 5471 Philippo
3040 5376 3397 5473 utaecedo'rwet

1813 5465 1880 5520 ad
1907 5482 2147 5526 currum.
2185 5471 2280 5530 Ille
2307 5476 2396 5546 qui
2426 5478 2479 5535 in
2510 5479 2749 5543 Samaria
2788 5465 3170 5564 baptisaverat,
3199 5465 3269 5561 οιή

1812 5562 1940 5617 mini
1970 5579 2185 5622 manum
2237 5568 2577 5642 imposuerat,
2626 5588 2681 5634 et
2728 5582 2998 5653 Apostolis
3034 5594 3390 5663 nuntiaverat.

1809 5756 1876 5796 eo
1904 5742 2151 5816 baptizati
2180 5748 2433 5821 Spiritum
2462 5767 2703 5815 sanctum
2753 5742 2996 5838 accipere
3034 5742 3385 5851 mererentur:

1808 5836 2014 5889 accedit
2043 5838 2108 5891 ad
2138 5854 2373 5912 currum,
2418 5845 2705 5921 interrogat
2736 5836 3050 5917 Eunuchum
3100 5844 3276 5929 utrum
3305 5869 3390 5931 ln-

2553 5943 3023 6033 {Trenle—neuf.
3034 5958 3062 6030 λ
