3926 6188
267 359 397 415 ηερ

260 474 506 546 Spiritum
531 481 791 528 sanctum.
826 471 966 526 Ecce
992 467 1266 538 impletum
1295 470 1400 529 est,
1441 474 1567 516 ecce
1618 457 1833 512 demon-

261 574 474 623 stratum
503 571 606 630 est,
634 563 775 633 quod
800 560 1054 616 Dominus
1071 559 1166 624 ait,
1199 554 1423 634 Spiritus
1473 551 1559 606 ubi
1597 547 1697 602 ruit
1746 547 1827 600 in-

259 658 408 730 spirat
437 656 457 722 (
473 653 632 709 Joan.
667 669 744 715 ιιι.
769 652 857 723 8).
891 652 1028 707 Ecce
1055 649 1329 719 impletum
1357 654 1474 711 est,
1507 655 1634 698 ecce
1687 653 1833 692 mon-

259 759 447 807 stratur
469 762 628 820 quam
657 762 842 802 verum
863 745 1118 800 Dominus
1144 741 1363 807 dixerit,
1378 737 1603 808 Spiritus
1630 733 1711 788 ubi
1728 731 1830 787 vult

257 841 485 907 inspirat.
507 839 576 895 Et
605 848 780 893 tamen
833 834 1150 905 arrogantiae
1179 831 1422 902 spiritum
1463 823 1697 881 nondum
1723 823 1832 876 hic-

259 935 447 989 reticns
482 931 745 1003 superbus
783 930 1038 999 cupit-at.
1069 926 1258 983 Adhuc
1295 921 1424 980 dicit
1455 936 1471 975 :
1502 917 1676 975 Meum
1706 924 1788 971 est
1814 929 1830 980 ;

259 1027 356 1083 noli
405 1025 475 1080 ab
510 1025 603 1080 illo
646 1024 889 1094 accipere
909 1063 924 1087 ,
966 1020 1062 1076 sed
1082 1034 1236 1074 ame.
1261 1013 1580 1086 Respondes
1603 1029 1618 1066 :
1638 1010 1834 1080 ρυλετο

256 1117 390 1189 quod
417 1117 510 1172 Dei
528 1126 634 1173 est.
662 1116 755 1171 llle
783 1132 797 1168 :
826 1114 940 1170 Non
969 1112 1166 1184 legisti,
1186 1108 1367 1164 Oleum
1391 1114 1560 1160 autem
1612 1109 1833 1174 peccato-

256 1212 322 1266 ris
350 1227 452 1264 tum
478 1210 755 1281 iutpinguet
775 1217 929 1278 caput
950 1205 1154 1260 meum?
1181 1203 1322 1272 Ergo
1335 1199 1516 1286 oleum
1548 1206 1695 1286 tuum
1725 1190 1833 1248 e51?

259 1301 311 1358 Si
342 1311 488 1355 tuum
515 1299 855 1364 est,nolo:si
887 1306 1035 1352 tuum
1061 1304 1163 1359 est,
1185 1293 1385 1348 malum
1409 1298 1514 1346 est.
1553 1285 1611 1342 Si
1653 1290 1838 1342 autem.

255 1391 344 1447 Dei
359 1400 460 1456 est,
493 1399 549 1446 et
564 1405 662 1460 per
685 1397 740 1445 te
765 1389 960 1444 malum
991 1387 1186 1443 bonum
1213 1391 1316 1440 est.
1349 1381 1570 1438 Ctenum
1611 1391 1715 1430 non
1745 1371 1832 1431 in-

254 1481 434 1552 quinat
462 1481 590 1536 solis
610 1479 839 1543 radium,
863 1486 918 1533 et
945 1487 999 1531 tu
1029 1475 1275 1546 inquinas
1318 1472 1412 1528 Dei
1457 1465 1658 1526 oleum?
1711 1461 1837 1520 ideo.

254 1580 428 1626 autem
450 1571 591 1626 malo
620 1579 710 1626 tuo
735 1570 930 1634 habes,
959 1569 1080 1639 quia
1111 1564 1250 1637 quod
1298 1565 1496 1620 bonum
1549 1567 1630 1616 est
1663 1557 1835 1613 tnaius

254 1662 444 1728 habes;
475 1661 615 1732 quod
641 1662 730 1717 Dei
757 1670 871 1726 est,
899 1659 1073 1715 malus
1097 1654 1348 1727 accepisti
1374 1672 1390 1712 :
1415 1653 1538 1723 quia
1561 1657 1836 1720 separatus

255 1771 358 1810 non
385 1753 673 1824 collegisti,
703 1753 796 1810 sed
821 1752 1084 1824 sparsisti.
1117 1751 1219 1819 Qui
1255 1746 1578 1804 manducent
1597 1741 1832 1812 indigne,

249 1845 502 1915 iudicium
527 1845 626 1901 sibi
666 1844 987 1900 manducant
1035 1851 1090 1899 et
1131 1841 1319 1898 bibunt
1341 1837 1395 1908 (l
1423 1836 1540 1892 Cor.
1571 1850 1650 1900 ιι,
1672 1830 1784 1904 29)
1816 1848 1830 1884 :

249 1937 371 2007 quia
423 1936 746 1990 manducaat
796 1933 1031 2004 indigne,
1079 1947 1184 1988 non
1226 1922 1578 1984 manducant?
1616 1920 1835 1990 lndigno

249 2026 548 2082 huccellam
578 2026 822 2082 Christus
848 2024 998 2080 Jndte
1024 2019 1362 2111 deditann.
1385 2032 1509 2111 aut,
1525 2013 1642 2111 26.),
1664 2018 1719 2068 et

249 2113 388 2170 hanc
411 2115 478 2170 ad
501 2115 762 2184 judicium
785 2113 1008 2184 accepit.
1051 2109 1316 2180 Numquid
1349 2123 1380 2163 a
1409 2105 1549 2160 malo
1582 2097 1836 2172 accepit?

245 2206 508 2276 numquid
565 2207 758 2262 malum
798 2205 1040 2274 accepit?
1062 2202 1167 2259 Sed
1205 2200 1326 2256 ideo
1354 2213 1476 2253 reus
1518 2206 1636 2260 εει,
1662 2192 1784 2262 quia
1804 2204 1837 2245 a

245 2298 390 2354 bono
419 2297 618 2352 bonum
641 2285 812 2352 malus
835 2295 1059 2365 accepit.
1090 2293 1204 2348 Non
1231 2300 1314 2346 εει
1339 2303 1466 2360 ergo
1501 2287 1678 2342 oleum
1708 2298 1835 2354 pec-

239 2389 474 2452 catoris,
497 2387 674 2442 olcmn
694 2386 961 2442 salutaris.
1010 2385 1154 2452 Bene
1186 2380 1494 2454 accipiatur,
1541 2387 1598 2434 et
1637 2377 1837 2431 bonum

239 2489 328 2537 est
358 2497 374 2534 :
407 2479 512 2534 etsi
542 2478 680 2534 male
703 2477 1013 2548 accipiatur,
1045 2475 1240 2531 bonum
1269 2480 1372 2529 est.
1398 2470 1492 2526 Vae
1533 2466 1839 2524 hominibus

240 2570 450 2626 bonum
478 2565 620 2625 male
647 2567 1028 2637 accipientibus
1052 2568 1065 2621 ε

312 2661 370 2716 8.
403 2659 671 2715 Amandus
690 2659 1002 2730 obiurgator,
1023 2657 1276 2714 cavendus
1305 2655 1556 2710 adulator.
1591 2650 1726 2707 Vide
1758 2659 1837 2704 ta-

241 2769 368 2810 men
393 2751 688 2822 Scriptura:
709 2766 926 2808 sensum
945 2793 960 2817 ,
988 2766 1057 2807 ne
1105 2749 1242 2806 forte
1280 2746 1476 2818 aliquid
1507 2744 1790 2800 admoneat
1817 2782 1832 2805 ,

239 2843 387 2915 quod
413 2842 782 2912 intelligentiae
807 2851 985 2912 pateat
1013 2840 1242 2895 meliori.
1284 2835 1587 2892 Emendabit
1631 2851 1729 2897 me,
1759 2833 1838 2889 in-

239 2934 378 3005 quit,
400 2933 647 3004 justusin
668 2931 1013 2988 misericordia
1035 2947 1052 2985 :
1075 2930 1176 2986 etsi
1229 2929 1419 2993 caedit,
1455 2934 1636 2989 amat,
1668 2922 1838 2992 diligit

236 3025 592 3097 obiurgator;
617 3023 812 3092 decipit
853 3021 1129 3076 adulator:
1151 3020 1239 3075 ille
1262 3018 1568 3081 miseretur,
1601 3013 1691 3069 ille
1726 3011 1836 3068 air-

235 3115 549 3172 cumvenit.
571 3114 709 3168 Dura
738 3121 822 3169 est
851 3113 994 3184 virga
1042 3110 1297 3167 caedentis
1317 3150 1332 3175 ,
1358 3108 1522 3164 molle
1549 3114 1634 3164 est
1659 3103 1837 3160 oleum

233 3204 602 3263 blandientis.
629 3203 842 3259 Etenim
863 3216 1050 3258 omnes
1075 3201 1382 3257 adulatores
1408 3207 1568 3269 caput
1597 3201 1835 3267 ungunt,

232 3310 350 3352 non
385 3289 602 3349 viscera
626 3301 837 3352 sanant.
871 3293 1002 3347 Ama
1033 3291 1424 3363 objurgatorem
1447 3330 1464 3357 ,
1487 3303 1616 3344 cave
1648 3285 1835 3342 adula-

232 3396 442 3443 torem.
471 3383 530 3440 Si
551 3385 695 3440 enim
722 3399 871 3440 amas
895 3383 1185 3439 veridicum
1213 3381 1611 3452 objurgatorem
1633 3421 1648 3446 ,
1675 3385 1730 3434 ει
1749 3391 1839 3433 ca-

233 3493 332 3534 ves
354 3476 610 3534 fallacem
640 3476 1006 3543 aduiatorem,
1035 3484 1190 3546 potes
1241 3473 1419 3530 dicere
1463 3471 1610 3545 quod
1649 3479 1838 3527 canta-

233 3577 350 3624 tum
380 3577 497 3633 est,
530 3565 828 3622 Emendabit
851 3583 931 3620 me
949 3567 1119 3640 justus
1145 3567 1199 3620 in
1236 3563 1581 3619 misericordia
1603 3603 1620 3629 ,
1663 3570 1709 3616 et
1747 3578 1838 3614 ar-

231 3667 355 3728 guet
375 3674 486 3722 nte,
511 3657 678 3711 oleum
713 3667 882 3711 autent
911 3657 1186 3727 peccatoris
1209 3695 1225 3720 ,
1255 3655 1360 3710 hoc
1389 3661 1473 3709 est
1509 3649 1842 3707 blandimen-

234 3759 350 3805 tum
377 3748 708 3814 adulatoris,
753 3765 854 3803 non
881 3748 1157 3818 impinguet
1201 3753 1355 3816 caput
1406 3759 1590 3796 meum.
1638 3741 1842 3812 Pingue

229 3849 422 3911 caput,
441 3839 656 3910 grande
683 3847 843 3910 caput
862 3848 944 3894 est
964 3857 977 3893 :
995 3837 1194 3910 grande
1214 3844 1412 3906 caput,
1445 3832 1731 3905 superbum
1753 3847 1843 3886 ca-

228 3942 329 4006 put
349 3942 464 3989 est.
495 3930 690 3986 Melius
713 3940 796 3986 est
820 3945 914 3986 cor
939 3943 1125 3986 sanum
1151 3969 1166 3996 ,
1199 3941 1356 3998 quam
1393 3923 1596 3996 grande
1638 3930 1796 3994 caput
1824 3938 1837 3976 :

223 4022 326 4078 sed
349 4037 454 4078 cor
478 4036 679 4077 sanum
703 4021 828 4077 facit
862 4021 1012 4090 virga
1061 4017 1420 4090 objurgantis;
1451 4014 1656 4088 grande
1683 4022 1844 4086 caput

225 4111 360 4169 facit
383 4113 585 4169 oleum
607 4112 923 4182 peccatoris,
955 4111 1057 4166 hoc
1076 4117 1188 4174 est,
1210 4106 1500 4163 assentatio
1529 4104 1838 4161 adulatoris.

220 4203 470 4276 Sicaput
490 4204 706 4276 grande
732 4203 924 4267 fecisti,
975 4217 1106 4258 cave
1149 4200 1358 4273 pondus
1397 4197 1586 4270 capitis
1609 4239 1625 4266 ,
1683 4212 1753 4253 ne
1787 4195 1842 4256 in

219 4297 614 4370 praecipitium
660 4293 992 4366 perducaris.
1034 4293 1160 4348 Haec
1186 4333 1202 4356 ,
1255 4299 1511 4363 quantum
1552 4287 1800 4346 existimo
1824 4327 1840 4354 ,

219 4405 326 4461 pro
359 4400 627 4463 tempore
655 4386 723 4452 de
749 4385 848 4441 hac
874 4399 975 4441 una
1001 4384 1197 4441 Psalmi
1233 4382 1491 4440 sententia
1519 4380 1846 4437 sufficienter

223 4483 398 4539 locuti
422 4496 651 4546 sumus,
678 4480 904 4536 Domino
947 4478 1250 4550 adju'vantc,
1274 4486 1329 4534 et
1373 4475 1536 4533 corda
1582 4483 1760 4532 vestra
1790 4473 1844 4529 in

222 4584 450 4633 secreto
483 4572 814 4632 aediﬁcante.

701 4704 931 4762 sentio
967 4703 1237 4760 CCLXVII
1265 4704 1401 4774 ‘(a).

701 4823 752 4867 tn
784 4817 865 4868 die
895 4821 1235 4876 Pentecostes,
1268 4812 1399 4879 ιω).

294 4942 552 5006 CAPUT
608 4940 899 5010 PRIMUM.
929 4943 982 4999 l.
1032 4941 1342 4999 Solemnilas
1378 4940 1622 4997 adventus
1669 4939 1846 5012 Spiri-

221 5045 310 5094 tus
349 5037 558 5092 uncti.
611 5034 870 5091 Ilodierni
918 5033 1026 5091 diei
1070 5033 1420 5101 solemnitas,
1479 5031 1692 5088 Domini
1748 5031 1846 5086 Dei

217 5126 414 5200 magni
431 5133 500 5184 et
528 5138 746 5193 magna:
767 5124 973 5196 gratiae,
1001 5138 1122 5197 qua:
1149 5120 1427 5192 superfusa
1449 5129 1532 5176 est
1559 5135 1721 5192 super
1749 5133 1848 5174 nos

220 5219 688 5282 recordationem
715 5215 856 5272 facit.
888 5214 1013 5274 Ideo
1060 5214 1202 5270 enim
1247 5212 1559 5270 solemnitas
1606 5211 1848 5268 celebra-

221 5320 332 5379 tur,
362 5327 438 5368 ne
466 5307 628 5381 quod
652 5307 819 5374 semel
843 5307 1041 5374 laetum
1067 5315 1151 5362 est
1170 5304 1268 5371 ,de
1296 5304 1548 5361 memoria
1579 5301 1842 5360 deleatur.

223 5395 582 5453 Solemnitas
607 5392 750 5452 enim
765 5392 837 5450 ab
861 5406 930 5448 eo
948 5390 1097 5463 quod
1124 5391 1260 5445 solet
1280 5391 1333 5444 in
1360 5404 1524 5454 anno,
1547 5402 1742 5443 nomen
1759 5401 1849 5441 ac-

285 5531 306 5549 '
327 5525 518 5591 uti“
532 5521 1036 5585 samissaipmm
1056 5519 1251 5583 aliquod
1282 5516 1532 5582 exemplar
1556 5517 1726 5568 videre
1752 5529 1848 5567 non

220 5590 381 5706 belli;
406 5643 914 5706 Albisdej'rempore
939 5642 1046 5695 ise.

307 5663 344 5700 α
399 5649 914 5755 ,Αιιᾱικσστεᾘωε
939 5649 1046 5695 isti.
1468 5705 1476 5714 ι

283 5649 370 5778 ib;
404 5716 461 5760 lu
734 5712 750 5754 l
833 5705 962 5778 culo,
985 5704 1191 5778 capulo,
1217 5712 1408 5755 notatur
1433 5703 1510 5754 hic
1527 5716 1707 5764 sermo,
1736 5723 1755 5748 α
1781 5709 1848 5751 De

227 5793 250 5823 ι
273 5771 512 5825 adventu
538 5771 749 5831 Spiritus
770 5771 919 5817 sancti
947 5775 1178 5817 tractatus
1201 5779 1344 5814 unus.
1368 5784 1389 5812 ι

1609 335 1836 401 SERMO
1877 335 2163 408 βαῖνε.

3388 345 3526 401 1230

1935 451 2078 523 cepit
2124 469 2138 507 :
2181 453 2451 524 quomodo
2499 458 2804 528 percnnitas
2843 456 3076 512 fluminis
3126 459 3349 526 dicitur,
3403 463 3526 530 quia

1938 556 2045 597 non
2074 542 2523 614 siccaturzcstalc,
2555 547 2650 604 sed
2691 561 2788 618 pcr
2813 557 2980 608 totum
3007 565 3204 604 annum
3235 549 3378 605 ﬂuit:
3407 551 3526 608 idco

1938 649 2191 705 perenne,
2225 635 2280 692 id
2307 646 2410 701 est,
2435 653 2529 708 per
2557 655 2788 706 annum;
2812 640 2891 696 sic
2905 650 2960 698 et
2984 640 3242 705 solemne,
3267 641 3408 714 quod
3438 657 3523 697 so-

1938 727 2014 783 let
2041 727 2092 782 in
2127 743 2270 785 anno
2314 729 2599 788 celebrari.
2652 731 2997 790 Celebramus
3039 732 3195 789 hodie
3239 733 3523 790 adventum

1936 815 2167 888 Spiritus
2188 819 2379 879 sancti.
2408 822 2666 878 Dominus
2701 824 2842 880 enim
2895 824 3150 899 Spiritum
3189 835 3428 884 sanctum
3459 825 3527 898 de

1937 909 2074 964 cosio
2092 910 2256 977 misit,
2290 927 2448 982 quem
2475 912 2526 970 in
2557 920 2700 970 terra
2723 915 2985 983 promisit.
3007 915 3074 972 Et
3128 914 3250 986 quia
3302 917 3380 970 sic
3406 933 3528 986 pro-

1938 999 2160 1056 miserat
2209 1001 2279 1056 de
2314 1003 2453 1058 coelo
2508 1017 2630 1060 csse
2663 1004 2975 1073 missurum,
3007 1005 3128 1060 Non
3148 1017 3305 1078 potest
3333 1007 3420 1061 ille
3445 1023 3524 1064 vc-

1938 1089 2066 1154 m're,
2085 1091 2180 1157 ait,
2209 1092 2311 1147 nisi
2334 1109 2424 1164 ego
2450 1094 2619 1150 abiero
2639 1109 2662 1162 ;
2684 1093 2805 1148 dum
2833 1106 2998 1150 autem
3019 1097 3186 1152 abiero
3202 1138 3218 1164 ,
3247 1099 3443 1154 mittam
3463 1099 3524 1152 ει.

1938 1179 2046 1234 lum
2071 1182 2140 1235 ad
2167 1199 2250 1237 vos
2279 1183 2298 1256 (
2315 1183 2474 1240 Joan.
2500 1202 2606 1254 xvi,
2639 1185 2742 1260 7);
2770 1203 2957 1260 passus
2980 1199 3062 1245 est
3081 1231 3095 1255 ,
3137 1199 3378 1246 mortuus
3401 1202 3484 1246 est
3502 1231 3521 1267 ,_

1939 1276 2249 1339 resurrexit,
2283 1279 2560 1336 ascendit:
2587 1282 2822 1339 rcStabat
2845 1292 2902 1338 ut
2927 1284 3170 1356 impleret
3207 1284 3348 1355 quod
3393 1300 3518 1358 pro-

1938 1365 2102 1422 misit.
2154 1367 2266 1422 lloc
2312 1380 2689 1442 exspectantes
2717 1374 2963 1446 discipuli
3005 1377 3155 1447 ejus,
3183 1377 3374 1434 aninue
3399 1416 3418 1447 ,
3464 1389 3523 1434 ut

1938 1457 2192 1527 scriptum
2218 1470 2322 1528 est,
2345 1472 2557 1520 centum
2584 1466 2772 1537 viginti
2803 1467 2948 1539 (Act.
2979 1485 3027 1536 ι,
3057 1468 3157 1540 15)
3178 1510 3193 1535 ,
3242 1469 3524 1541 decuplate

1939 1562 2162 1604 numero
2210 1551 2622 1620 Apostolorum;
2671 1555 2951 1614 duodecim
2983 1559 3127 1615 enim
3161 1559 3351 1631 elegit,
3375 1569 3429 1617 et
3467 1562 3519 1616 in

1938 1649 2153 1696 centum
2178 1641 2363 1712 viginti
2383 1643 2636 1714 Spiritum
2662 1648 2804 1702 misit
2834 1665 2848 1702 :
2879 1649 2982 1705 hoc
3026 1665 3156 1721 ergo
3201 1651 3520 1722 promissmn

1937 1740 2309 1800 exSpectantes
2335 1734 2389 1790 in
2411 1751 2512 1790 una
2538 1735 2701 1794 domo
2721 1747 2896 1807 erant,
2927 1741 3152 1797 orabant
3178 1759 3193 1798 :
3221 1744 3342 1812 quia
3379 1742 3523 1798 desio

1938 1817 2316 1892 derabantjam
2346 1825 2456 1896 ipsa
2473 1826 2598 1893 (ide,
2629 1829 2771 1900 quod
2808 1830 2920 1901 ipsa
2946 1832 3187 1888 oratione
3209 1875 3225 1901 ,
3256 1834 3371 1904 ipso
3415 1835 3522 1906 spi-

1937 1909 2114 1965 rituali
2135 1912 2436 1981 desiderio;
2469 1925 2616 1973 utres
2656 1919 2778 1974 novi
2803 1932 2979 1986 erant,
3008 1922 3190 1978 vinum
3232 1940 3424 1980 novum
3455 1925 3522 1980 de

1938 1999 2079 2055 caelo
2104 2004 2532 2072 chpcctabatur,
2561 2014 2614 2060 ct
2635 2005 2800 2062 venit.
2839 2006 2958 2062 Jam
3001 2009 3141 2064 enim
3189 2008 3362 2077 fuerat
3412 1999 3536 2069 tua;

1937 2105 2074 2161 gnus
2088 2091 2271 2148 botrus
2297 2094 2384 2150 ille
2399 2096 2634 2152 calcatus
2657 2106 2713 2153 et
2730 2098 3079 2169 gloriﬁcatus.
3105 2100 3357 2172 Legimus
3378 2103 3522 2158 enim

1939 2183 1995 2237 in
2025 2183 2310 2255 Evangelia
2329 2227 2344 2250 ,
2375 2186 2603 2258 Spiritus
2632 2190 2764 2243 enim
2785 2190 3008 2245 nondum
3045 2202 3150 2246 erat
3183 2193 3331 2248 datus
3349 2234 3365 2264 ,
3406 2195 3525 2265 quia

1939 2272 2088 2326 Jesus
2114 2273 2336 2328 nondum
2364 2279 2528 2346 fuerat
2554 2277 2870 2348 glori/Scalas
2895 2278 3089 2353 (Joan.
3116 2298 3208 2350 vn,
3232 2282 3342 2353 39).
3612 2335 3616 2339 Α

2010 2362 2234 2420 CAPUT
2259 2364 2450 2421 ll.——2.
2467 2365 2669 2422 Donum
2690 2368 2995 2441 linguarum.
3017 2371 3130 2427 Jam
3150 2372 3274 2443 quid
3301 2388 3524 2444 respon-

1939 2453 2038 2521 dit,
2055 2454 2296 2522 audistis,
2317 2471 2568 2528 magnum
2597 2459 2930 2516 miraculum.
2945 2461 3144 2520 Omnes
3163 2463 3256 2534 qui
3282 2463 3526 2534 aderant,

1940 2559 2100 2600 unam
2131 2546 2360 2618 linguam
2389 2547 2705 2607 didicerant.
2734 2552 2889 2609 Venit
2925 2553 3156 2627 Spiritus
3181 2557 3528 2625 sanctus;im-

1941 2637 2068 2708 pleti
2088 2645 2231 2706 sunt,
2251 2651 2528 2711 coeperunt
2557 2643 2700 2715 loqui
2727 2643 2923 2716 linguis
2947 2647 3106 2704 variis
3127 2647 3364 2703 omnium
3394 2665 3527 2720 gen-

1943 2727 2095 2794 tium,
2127 2744 2261 2801 quas
2287 2745 2393 2786 non
2443 2744 2743 2804 noverant,
2772 2750 2872 2792 nec
2896 2735 3231 2794 didicerant:
3255 2738 3351 2796 sed
3371 2738 3530 2797 doce-

1942 2819 2144 2878 batille
2169 2823 2259 2894 qui
2285 2833 2546 2891 venerat;
2577 2825 2816 2898 intravit,
2868 2828 3073 2901 impleti
3100 2839 3240 2898 sunt,
3273 2829 3427 2887 fudit.
3461 2831 3530 2890 Et

1942 2918 2071 2966 tunc
2093 2911 2195 2968 hoc
2215 2921 2330 2968 erat
2355 2914 2597 2985 signum,
2629 2918 2950 2990 quicumque
3003 2919 3300 2992 accipiebat
3351 2919 3523 2992 Spiri-

1940 3009 2050 3057 tum
2093 3013 2357 3070 sanctum,
2386 3005 2563 3062 subito
2588 3007 2836 3078 impletus
2857 3010 3056 3083 Spiritu
3076 3011 3268 3082 linguis
3289 3012 3528 3069 omnium

1941 3093 2256 3166 loquebatur
2309 3098 2460 3168 (Act.
2511 3117 2569 3168 ι,
2617 3100 2757 3173 46);
2805 3119 2910 3158 non
2962 3104 3039 3172 illi
3085 3105 3258 3161 solum
3317 3115 3531 3164 uetitum

1940 3185 2147 3258 viginti.
2183 3190 2387 3248 Docent
2412 3207 2509 3248 nos
2535 3192 2748 3250 Littera:
2778 3195 2938 3266 ipsa),
2983 3205 3166 3267 postea
3193 3197 3534 3256 crediderunt

1941 3276 2208 3348 homines,
2259 3281 2510 3354 baptizati
2554 3295 2706 3352 sunt,
2752 3297 3076 3360 acceperunt
3119 3290 3374 3361 Spiritum
3412 3289 3535 3349 san-

1939 3385 2107 3446 ctum,
2129 3378 2323 3449 linguis
2351 3381 2591 3435 omnium
2620 3381 2856 3452 gentium
2899 3381 3063 3437 locuti
3093 3392 3236 3437 sunt.
3286 3385 3534 3454 Expave-

1940 3479 2066 3524 runt
2085 3470 2174 3540 qui
2202 3470 2445 3537 aderant,
2474 3472 2563 3525 alii
2584 3472 2938 3540 admirantes,
2967 3474 3059 3528 alii
3103 3473 3390 3534 irridentes
3409 3494 3428 3540 ,ε
3458 3477 3530 3532 ita

1943 3566 2002 3613 ut
2029 3559 2293 3622 dicerent,
2321 3559 2412 3614 Isti
2443 3561 2568 3615 ebrii
2594 3571 2733 3628 sunt,
2764 3571 2930 3618 musto
2960 3563 3100 3634 pleni
3137 3572 3256 3619 sunt
3295 3563 3426 3635 (Id.
3458 3583 3494 3623 ll
3515 3609 3532 3633 ,

1945 3653 2122 3722 1-13).
2152 3652 2435 3720 Bidehant,
2463 3663 2517 3708 et
2536 3654 2736 3726 aliquid
2775 3671 2961 3711 verum
3007 3656 3276 3714 dicebant.
3326 3659 3534 3733 impleti

1945 3744 2087 3799 enim
2114 3753 2269 3801 erant
2295 3754 2440 3802 utres
2478 3761 2616 3804 novo
2662 3748 2824 3804 vino.
2843 3748 3079 3804 Audistis
3111 3764 3234 3806 cum
3291 3751 3538 3825 Evange—

1946 3833 2074 3890 lium
2097 3834 2380 3906 legeretur.
2405 3834 2568 3890 Nemo
2597 3837 2744 3891 mittit
2771 3838 2940 3892 vinum
2968 3854 3151 3896 nouum
3195 3841 3247 3895 in
3277 3851 3415 3899 utres
3455 3860 3538 3898 ve-

1947 3934 2074 3990 teres
2093 3925 2310 3996 (Matth.
2341 3942 2414 3989 lx,
2441 3927 2528 3998 l7)
2567 3930 2892 3998 :spiritualia
2946 3947 3050 3986 non
3095 3933 3236 4000 capit
3280 3925 3531 3995 carnalis.

1945 4014 2242 4073 Carualitas
2257 4026 2492 4074 vetustas
2509 4028 2612 4087 est,
2634 4021 2801 4090 gratia
2829 4023 3036 4078 novitas
3055 4031 3157 4085 est.
3179 4021 3540 4090 Quantocume

1945 4122 2051 4180 que
2071 4109 2232 4166 homo
2259 4109 2312 4165 in
2366 4110 2556 4166 melius
2580 4110 2738 4167 fuerit
2785 4113 3088 4180 innovatus,
3116 4121 3265 4170 tanto
3309 4113 3540 4185 amplius

1948 4187 2110 4270 capit,
2137 4201 2276 4272 quod
2305 4217 2488 4260 verum
2512 4203 2671 4272 sapit.
2703 4203 2966 4259 Bulliebat
2993 4213 3257 4273 mustum,
3284 4213 3338 4262 et
3363 4212 3540 4266 musto

1947 4290 2204 4347 bulliente
2245 4291 2437 4363 lingua:
2467 4293 2706 4362 gentium
2735 4292 3084 4363 proﬂuebant.

2019 4385 2244 4450 CAPUT
2268 4385 2516 4442 lll.--3.
2548 4383 2651 4442 Cur
2683 4386 2871 4442 donum
2913 4386 3202 4459 linguarum
3239 4404 3341 4442 non
3384 4388 3537 4444 modo

1947 4477 2260 4535 conceditur.
2289 4475 2557 4546 Numquid
2587 4476 2768 4544 modo,
2793 4475 2986 4532 fratres
3005 4519 3020 4543 ,
3046 4493 3154 4534 non
3181 4477 3339 4538 datur
3369 4477 3541 4550 Spiri-

1950 4575 2035 4622 tus
2060 4568 2313 4625 sanctus?
2341 4567 2592 4638 Quisquis
2614 4567 2716 4623 hoc
2743 4575 2912 4638 putat,
2938 4583 3047 4624 non
3083 4576 3173 4624 est
3214 4568 3405 4640 dignus
3451 4586 3540 4625 ac-

1951 4661 2154 4730 cipere.
2184 4659 2350 4718 Datur
2386 4659 2647 4717 etmodo.
2700 4659 2878 4728 Quare
2920 4675 3048 4732 ergo
3099 4675 3257 4717 nemo
3307 4651 3530 4733 loquitur

1947 4750 2143 4823 linguis
2167 4752 2407 4808 omnium
2455 4751 2691 4824 gentium
2720 4790 2737 4817 ,
2781 4750 2918 4806 sicut
2951 4751 3266 4821 loquebatur
3292 4752 3384 4822 qui
3413 4762 3543 4808 tunc

1949 4841 2152 4914 Spiritu
2177 4850 2365 4898 sancto
2389 4841 2743 4913 implebatur?
2783 4840 2996 4908 Quare?
3039 4839 3174 4912 Quia
3225 4840 3366 4914 quod
3393 4840 3539 4898 .illud

1945 4932 2316 5004 significabat,
2340 4931 2618 5002 impletum
2660 4938 2763 4985 est.
2812 4929 2948 5000 Quid
2997 4940 3081 4986 est
3113 4928 3280 4988 illud?
3315 4929 3542 5004 Quando

1949 5022 2336 5080 Celebravimus
2369 5021 2845 5092 Quadragesimam
2868 5023 2910 5088 ί,
2949 5021 3168 5077 recolite
3188 5061 3202 5088 ,
3238 5021 3360 5092 quia
3394 5035 3543 5078 com-

1950 5113 2318 5170 mendavimus
2343 5112 2496 5168 vobis
2519 5112 2796 5167 Dominum
2823 5112 3004 5168 lesum
3044 5113 3315 5168 Christum
3341 5111 3535 5169 Eccle-

1949 5207 2083 5261 siam
2113 5220 2264 5262 suam
2291 5204 2698 5261 commendasse
2735 5215 2790 5260 et
2837 5203 3143 5261 ascendisse
3189 5203 3285 5278 (a).
3321 5205 3539 5276 Quare-

1951 5299 2082 5356 bant
2127 5298 2407 5370 discipuli,
2465 5296 2688 5370 Quando
2737 5297 2842 5354 erit
2883 5297 3005 5354 finis
3041 5297 3257 5356 saeculi?
3306 5297 3374 5352 Et
3410 5296 3539 5354 ille:

1959 5407 1978 5441 ι
2014 5389 2132 5446 Non
2153 5397 2237 5444 est
2259 5398 2493 5445 vestrum
2523 5391 2664 5446 scire
2685 5397 2924 5460 tempora
2950 5389 3033 5444 vel
3084 5396 3352 5444 momenta
3373 5429 3389 5456 ,
3415 5402 3538 5458 quae

1953 5479 2110 5536 Pater
2129 5479 2302 5556 posuit
2349 5478 2401 5533 in
2444 5493 2538 5534 sua
2590 5487 2869 5550 potestate.
2907 5498 2928 5534 ι
2963 5478 3150 5535 Adhuc
3198 5478 3538 5561 promittebat

1953 5570 2093 5643 quod
2119 5569 2280 5645 hodie
2314 5570 2643 5640 complevit:
2676 5588 2695 5622 r
2734 5569 3022 5642 Accipietis
3063 5571 3308 5627 virtutem
3359 5565 3533 5640 Spirl-
3562 5611 3569 5619 .

2017 5698 2212 5758 inerte.
2240 5693 2370 5746 diem
2391 5691 2822 5758 argyragesinumt.

2017 5757 2094 5821 (α)
2125 5761 2174 5806 1η
2191 5753 2420 5808 sermone
