3954 6196
381 348 511 405 1⁸3ἇί

382 449 468 517 tus
489 459 654 514 sancti
686 453 1110 526 supervenientis
1149 453 1199 505 in
1232 465 1344 514 vos,
1376 459 1430 504 et
1484 448 1632 503 eritis
1658 445 1784 501 mihi
1813 455 1974 499 testes

387 556 440 608 lu
467 549 781 611 Jerusalem,
811 557 865 602 et
887 546 938 600 in
968 553 1072 599 tota
1098 542 1280 598 .lndtea
1308 551 1361 596 et
1383 539 1624 596 Samaria
1647 583 1660 600 ,
1704 549 1752 592 ι-ι
1806 551 1973 606 usque

384 647 437 698 in
462 643 591 698 lines
619 650 776 695 terr-.e
835 656 854 690 ι
891 639 1038 709 (Art.
1079 651 1115 699 I,
1146 635 1196 699 7,
1227 635 1307 703 8).
1347 631 1584 687 Ecclesia
1633 641 1755 684 tunc
1787 631 1836 684 in
1868 645 1969 682 una

380 733 542 790 domo
571 743 704 793 erat,
737 731 942 798 accepit
969 729 1223 799 Spiritum
1247 736 1485 779 sanctum
1515 741 1526 776 :
1561 724 1614 777 in
1661 721 1966 776 hominibus

387 827 568 897 paucis
595 833 730 890 erat,
755 809 814 878 in
846 824 1038 893 linguis
1093 822 1255 874 tutius
1293 820 1439 873 orbis
1484 827 1619 872 erat.
1662 816 1799 870 Ecce
1827 813 1979 884 qnod'

385 917 745 989 pra-tendebat
775 915 956 971 modo.
979 914 1108 968 Nam
1135 912 1270 982 quod
1291 911 1380 965 illa
1407 910 1640 965 Ecclesia
1667 923 1824 978 parva
1859 908 1966 960 lin-

386 1009 506 1081 guis
547 1009 783 1065 omnium
831 1007 1064 1076 gentium
1127 1004 1462 1073 loquebatur,
1519 1000 1646 1071 quid
1699 1010 1812 1064 est,
1866 998 1966 1052 nisi

377 1101 519 1170 quod
550 1100 785 1156 Ecclesia
812 1099 910 1152 ista
943 1111 1129 1166 magna
1159 1111 1189 1148 a
1216 1095 1344 1149 Solis
1373 1102 1492 1147 ortu
1523 1105 1692 1161 usque
1720 1089 1784 1143 ad
1811 1104 1968 1142 ocea-

378 1207 498 1248 sum
533 1193 725 1263 linguis
757 1191 996 1246 oumium
1025 1188 1262 1260 gentium
1292 1186 1555 1256 loquitur?
1590 1185 1744 1239 Modo
1775 1185 1966 1253 imple-

380 1297 466 1339 tur
495 1285 634 1354 quod
684 1293 811 1338 tunc
868 1280 1292 1352 promitti-batur.
1335 1277 1664 1342 Andivimus,
1699 1264 1962 1330 videmus.

386 1379 536 1440 Audi,
566 1375 888 1447 ﬁlia,rlvidc
925 1372 1094 1443 (Psai.
1129 1387 1270 1435 xuv,
1303 1368 1964 1440 ll):ipsircgiumdietum

376 1454 479 1533 est,
509 1468 660 1532 Audi,
702 1467 830 1534 ﬁlia,
861 1473 906 1518 et
927 1465 1059 1525 ride;
1080 1464 1198 1516 andi
1225 1463 1564 1532 promissum,
1585 1460 1700 1515 vide
1725 1460 1962 1527 compleo

379 1572 510 1614 tum.
545 1557 659 1614 Non
688 1567 738 1612 te
765 1556 953 1612 fefellit
983 1556 1124 1610 Deus
1152 1563 1292 1617 tuus,
1327 1569 1428 1606 uou
1454 1562 1504 1606 te
1530 1551 1712 1605 fefellit
1735 1566 1963 1620 Sponsus

376 1663 518 1714 tuzis,
544 1666 646 1704 non
672 1659 722 1704 te
752 1648 932 1705 fefellit
959 1648 1046 1717 qui
1087 1663 1185 1702 suo
1219 1646 1474 1715 sanguine
1507 1653 1556 1698 te
1583 1643 1782 1698 dotavit
1812 1661 1825 1697 :
1859 1658 1962 1694 non

377 1753 430 1797 te
482 1741 667 1796 fefellit
698 1742 784 1812 qui
832 1740 898 1794 de
941 1739 1086 1793 'fmda
1141 1738 1438 1808 pulchram,
1467 1735 1533 1791 de
1560 1735 1829 1789 immunda
1855 1735 1963 1786 vir-

375 1833 554 1901 ginem
583 1832 814 1887 lecit.Tn
845 1831 934 1883 tibi
964 1830 1216 1900 promissa
1241 1844 1298 1883 es
1319 1845 1331 1880 :
1353 1827 1444 1882 sed
1467 1828 1725 1897 promissa
1747 1827 1804 1881 'iu
1827 1843 1961 1896 pau-

373 1922 468 1982 cis,
488 1923 702 1986 impleta
733 1923 786 1971 in
816 1921 1014 1972 multis.

423 2015 426 2018 ’
447 2009 532 2065 CA
545 2007 677 2064 PUT
700 2008 913 2062 ιν.-;ι.
941 2007 1164 2076 Spiritus
1185 2017 1405 2073 sanctus,
1423 2011 1656 2075 tanq'nam
1669 2008 1837 2061 anima
1851 2025 1963 2058 cor-

374 2103 511 2169 poris
547 2101 807 2163 Errlesirr,
839 2110 981 2153 extra
1009 2117 1116 2153 eum
1144 2116 1242 2152 non
1269 2099 1498 2152 habetur.
1528 2098 1697 2152 Nemo
1725 2115 1850 2168 ergo
1881 2100 1960 2150 di-

371 2195 456 2248 ἀιι
486 2211 498 2247 :
533 2192 723 2260 Acer-pi
750 2192 1002 2262 Spiritum
1027 2200 1302 2253 sanetum;
1331 2205 1495 2258 quare
1525 2205 1626 2242 non
1651 2190 1841 2258 loquor
1862 2191 1960 2243 lin-

370 2285 491 2356 guis
531 2286 768 2339 omnium
815 2284 1102 2354 gentium?
1149 2284 1203 2337 Si
1250 2283 1411 2336 vultis
1462 2282 1657 2336 habere
1702 2283 1966 2351 Spiritum

371 2387 644 2441 sanctum,
674 2375 962 2440 intendite,
995 2373 1184 2427 fratres
1212 2375 1312 2426 mei
1342 2391 1352 2424 :
1378 2374 1591 2441 spiritus
1635 2383 1816 2427 noster
1855 2389 1960 2442 quo

370 2468 502 2523 vivit
527 2470 699 2521 omnis
724 2468 904 2529 homo,
928 2468 1101 2522 anima
1132 2477 1379 2530 vocatur;
1408 2466 1622 2535 Spiritus
1653 2477 1832 2520 uoster
1853 2482 1962 2542 quo

372 2557 501 2611 vivit
543 2560 781 2626 singnlus
824 2561 1050 2626 quisque
1097 2559 1277 2623 homo,
1309 2559 1484 2612 anima
1515 2567 1734 2612 vocatur
1763 2576 1775 2612 :
1804 2569 1854 2613 et
1885 2559 1960 2612 vi-

373 2646 512 2701 detis
547 2648 671 2718 quid
717 2649 870 2702 faciat
912 2649 1086 2701 anima
1130 2649 1180 2701 in
1226 2663 1470 2718 eorpore.
1494 2647 1688 2702 Omnia
1724 2649 1958 2703 membra

374 2748 620 2808 vegetat;
649 2745 741 2808 per
765 2739 946 2793 oculos
977 2740 1138 2803 videt,
1171 2753 1267 2808 per
1291 2753 1450 2793 aures
1478 2739 1644 2804 audit,
1678 2754 1772 2809 per
1801 2755 1959 2794 nares

373 2815 572 2898 olfacit,
598 2850 692 2902 per
714 2833 943 2904 linguam
969 2834 1218 2902 loquitur,
1238 2850 1330 2904 per
1352 2851 1540 2890 manus
1568 2845 1837 2906 operatur,
1865 2844 1960 2906 pet

377 2924 538 2998 pedes
573 2926 807 2980 ambulat
837 2941 849 2977 :
884 2927 1131 2982 omnibus
1148 2929 1301 2982 simul
1323 2928 1474 2983 adest
1497 2929 1768 2994 membris,
1790 2939 1844 2981 ut
1875 2929 1953 2982 vi‘

375 3028 534 3081 vani;
569 3017 726 3071 vitam
756 3017 846 3072 dat
890 3017 1136 3073 omnibus
1156 3060 1170 3084 ,
1199 3019 1368 3074 olTicia
1400 3021 1639 3090 singulis.
1668 3016 1785 3087 Non
1812 3020 1958 3075 audit

374 3110 584 3188 oculus,
614 3127 717 3163 non
746 3111 888 3165 videt
912 3112 1075 3175 auris,
1099 3128 1200 3166 non
1221 3112 1359 3166 videt
1392 3111 1700 3181 lingua,nec
1730 3113 1959 3182 loquitur

372 3202 516 3256 auris
529 3211 580 3257 et
601 3204 812 3264 oculus;
834 3202 926 3258 sed
944 3212 1117 3256 tamen
1143 3201 1292 3256 vivit:
1310 3203 1592 3258 vivitauris
1611 3203 1729 3256 vivit
1749 3203 1955 3273 lingua;

373 3293 548 3346 ollieia
576 3294 784 3347 diversa
815 3304 937 3348 sunt
962 3336 974 3359 ,
1006 3296 1111 3347 vita
1138 3295 1452 3349 communis.
1489 3293 1575 3349 Sic
1610 3306 1688 3349 est
1716 3293 1954 3350 Ecclesia

375 3379 469 3434 Dei
497 3399 510 3434 :
540 3381 605 3434 ln'
636 3381 753 3434 aliis
802 3382 1002 3435 sanctis
1051 3379 1178 3434 facit
1219 3381 1468 3434 miracula
1489 3424 1502 3443 ,
1535 3381 1587 3435 in
1618 3381 1734 3434 aliis
1760 3382 1954 3436 sanctis

374 3473 608 3543 loquitur
635 3475 934 3537 veritatem,
967 3475 1021 3528 in
1054 3475 1172 3528 abis
1198 3474 1396 3528 sanetis
1426 3475 1655 3529 custodit
1683 3475 1953 3543 virginita-

372 3573 517 3636 tem',
547 3565 599 3620 in
629 3564 745 3618 aliis
776 3568 974 3618 sanctis
997 3567 1228 3620 custodit
1257 3565 1556 3634 pudicitiam
1587 3567 1916 3635 eonjngalem
1936 3607 1952 3635 ,

370 3649 424 3709 lu
454 3657 572 3711 aliis
606 3657 723 3719 hoc,
762 3659 810 3710 in
845 3657 960 3710 aliis
992 3657 1114 3710 illud
1143 3677 1155 3711 :
1182 3657 1371 3727 singuli
1405 3658 1610 3727 propria
1643 3667 1951 3726 operantur,

371 3749 468 3804 sed
493 3751 688 3819 pariter
716 3752 914 3804 vivunt.
940 3750 1090 3817 Quod
1117 3760 1294 3803 autem
1322 3758 1404 3803 est
1424 3751 1596 3802 anima
1619 3749 1828 3817 corpori
1855 3749 1952 3803 ho-

372 3841 550 3905 minis,
582 3843 679 3895 hoc
705 3850 785 3895 est
811 3841 1042 3910 Spiritus
1068 3850 1283 3894 sanctus
1312 3843 1521 3911 corpori
1551 3840 1782 3904 Christi,
1812 3839 1954 3910 quod

369 3943 452 3986 est
486 3932 721 3988 Ecclesia
750 3951 762 3987 :
791 3932 891 3988 hoc
920 3933 1028 4003 agit
1055 3931 1285 4001 Spiritus
1314 3941 1526 3985 sanctus
1554 3931 1605 3984 in
1638 3941 1743 3984 tata
1776 3931 1952 3985 Eccleo

367 4025 466 4088 sia,
494 4024 632 4094 quod
663 4026 767 4094 agit
797 4025 968 4077 anima
1002 4024 1053 4078 in
1081 4023 1326 4077 omnibus
1370 4023 1622 4076 membiis
1648 4021 1804 4075 unius
1834 4009 1957 4075 enr-

370 4118 513 4185 roris
565 4113 670 4172 Sed
701 4116 874 4172 videte
904 4116 1026 4186 quid
1054 4117 1314 4180 caveatis,
1343 4115 1517 4169 videte
1545 4114 1668 4184 quid
1697 4114 1950 4168 observe-

371 4209 472 4269 tis,
500 4206 673 4262 videte
731 4208 854 4276 quid
915 4207 1162 4262 timentis.
1213 4206 1484 4275 Contingit
1525 4214 1582 4260 ut
1629 4207 1680 4260 in
1726 4215 1950 4274 corpore

369 4299 630 4361 humano,
659 4299 764 4354 imo
791 4299 858 4353 de
887 4315 1112 4369 corpore
1158 4299 1372 4369 aliquod
1415 4297 1736 4370 praecidatur
1779 4311 1948 4350 mems

367 4391 545 4451 brum,
570 4404 777 4455 manus,
807 4390 1020 4460 digitus,
1047 4405 1168 4459 pes;
1195 4389 1446 4460 numquid
1469 4390 1747 4458 pr:ecisnm
1779 4388 1952 4457 sequi-

368 4488 456 4533 tur
481 4480 695 4532 anima‘l
723 4480 853 4534 Cum
884 4482 934 4534 in
960 4495 1182 4550 corpore
1208 4489 1370 4541 esset,
1403 4481 1606 4535 vivebat
1629 4495 1643 4544 ;
1675 4470 1950 4549 prmcisnm

359 4557 565 4623 amittit
592 4569 773 4623 vitam.
802 4571 890 4626 Sic
911 4581 962 4624 et
993 4572 1151 4624 homo
1172 4571 1492 4624 chriStianus
1511 4572 1806 4626 catholicus
1835 4580 1914 4623 est
1934 4611 1949 4633 ,

368 4663 494 4734 dun)
524 4662 574 4714 in
604 4675 828 4731 corpore
858 4661 1016 4722 vivit;
1050 4660 1302 4728 pnecisus
1337 4657 1617 4712 harreticns
1645 4659 1813 4714 laetus
1837 4669 1948 4723 est,

368 4745 664 4808 membrum
706 4763 1033 4824 amputatum
1062 4766 1168 4805 non
1197 4749 1434 4819 sequitur
1471 4749 1706 4816 spiritus.
1742 4749 1796 4802 Si
1823 4763 1952 4817 ergo

367 4843 530 4898 \ult'ts
575 4844 756 4898 vivere
797 4843 864 4899 de
904 4843 1103 4913 Spiritu
1141 4849 1358 4905 sancto,
1392 4847 1566 4894 tenete
1594 4839 1906 4893 charitatem
1932 4880 1948 4906 ,

310 4990 314 4994 .
367 4944 544 4989 unitate
571 4928 1193 5000 veritatem,desiderate
1219 4934 1510 4998 unitatem,
1534 4940 1592 4986 ut
1629 4932 1951 5001 pervenistis

304 5010 318 5051 ⁵
367 5025 433 5080 ad
459 5027 828 5103 aeternitatem.
857 5028 1047 5081 Amen.

789 5162 1017 5220 sea-uo
1056 5161 1346 5218 comm
1383 5169 1394 5186 ·
1427 5164 1522 5236 (α).

796 5299 844 5342 tu
877 5293 956 5343 die
991 5302 1326 5355 Peutecostes,
1360 5311 1392 5344 ιι
1427 5295 1516 5358 (ὑ).

443 5405 490 5456 1.
537 5404 760 5471 Spiritus
797 5415 999 5458 sinicius
1029 5405 1160 5458 dono
1189 5406 1474 5476 linguarum
1505 5411 1743 5464 unitatem
1780 5411 1950 5467 Eccle-

368 5495 458 5549 ιιίιε
480 5494 741 5550 catholica:
767 5497 1099 5550 commendat.
1147 5496 1369 5569 Propter
1409 5481 1696 5556 adventum
1724 5502 1951 5574 Spiritus

434 5629 448 5643 ·
468 5630 722 5687 (xiv-rectus
751 5629 808 5676 ad
837 5627 898 5677 el.
925 5630 974 5678 d.
1001 5644 1041 5679 r.
1069 5638 1104 5680 t.
1126 5640 1222 5681 vat.
1251 5647 1296 5682 v.
1325 5642 1377 5684 et
1397 5633 1456 5683 ad
1489 5636 1622 5687 sirm.

431 5689 506 5741 tu)
541 5685 679 5740 Alias,
708 5701 770 5737 ex
797 5692 1131 5742 sirmoudiaais
1154 5693 1227 5743 9.0.

410 5745 503 5807 ιω
537 5753 567 5789 Α
593 5747 714 5795 uada
740 5756 790 5797 et
813 5751 946 5798 Floro
969 5754 1139 5801 citatur
1163 5756 1221 5803 ad
1247 5757 1413 5822 t-tphus.
1443 5772 1504 5808 tv.

1599 335 1654 386 S.
1683 323 2044 386 AL‘GUS'I'INI
2087 323 2384 388 EPISCOPI

3528 340 3661 394 1'33!

2085 446 2251 498 sancti
2287 447 2574 500 hodiernus
2604 448 2717 502 dies
2745 447 3003 505 solemnis
3039 459 3120 504 est
3157 451 3330 514 nobis,
3352 467 3382 504 ιι
3413 467 3658 506 resurre-

2079 542 2253 591 ctione
2287 539 2490 592 Domini
2532 539 3042 610 quinquagesimus,
3088 551 3293 612 septem
3345 542 3660 610 septimanis

2079 629 2472 697 multiplicatus.
2499 629 2606 685 Sed
2648 639 3020 699 computantcs
3060 641 3264 699 septem
3310 632 3657 700 septiinanas,

2074 719 2416 789 quadraginta
2445 737 2634 776 novem
2663 723 2978 777 invenietis:
3008 740 3144 777 unus
3168 723 3399 787 additur,
3424 735 3482 777 nt
3504 723 3658 778 nobis

2073 815 2248 867 unitas
2271 817 2690 870 commendetur.
2711 816 2846 884 Quid
2871 819 2980 886 ipse.
3001 818 3258 872 adventus
3285 816 3515 883 Spiritus
3535 831 3657 872 sane

2071 906 2178 966 eti,
2210 904 2334 973 quid
2359 905 2504 972 egit?
2547 906 2890 962 Prmsentiant
2929 922 3078 962 suam
3107 909 3246 963 unde
3279 907 3496 962 docuit?
3518 907 3663 962 unde

2070 998 2428 1052 monstravit?
2471 997 2690 1068 Linguis
2738 1001 2975 1052 omnium
3022 1001 3258 1069 gentium
3314 999 3478 1054 locuti
3532 1011 3658 1053 sunt

2069 1105 2279 1145 omnes.
2329 1090 2490 1143 Erant
2517 1102 2692 1144 autem
2721 1091 2774 1144 in
2799 1108 2904 1144 uno
2930 1091 3045 1146 luco
3069 1099 3286 1146 centum
3315 1090 3495 1160 viginti
3523 1107 3538 1143 :
3563 1106 3657 1159 per

2069 1179 2252 1236 decem
2295 1182 2649 1236 duoth-narius
2717 1183 3091 1252 Apostolorum
3138 1198 3388 1236 nmnerus
3416 1191 3660 1238 sacratus

2069 1274 2324 1345 mysterio
2348 1286 2432 1327 est
2459 1275 2793 1341 decuplatus.
2825 1274 2961 1342 Quid
3004 1289 3151 1342 ergo,
3182 1274 3372 1342 singuli
3424 1274 3474 1326 in
3519 1286 3656 1342 quos

2067 1367 2211 1424 venit
2236 1366 2466 1436 Spiritus
2491 1375 2707 1420 sanctus
2728 1406 2740 1424 .
2768 1366 2988 1436 singulis
3019 1366 3210 1434 linguis
3249 1365 3486 1419 omnium
3517 1378 3653 1432 gen-

2070 1461 2198 1513 t‘um
2225 1466 2348 1511 sunt
2379 1456 2570 1519 locuti,
2595 1456 2666 1509 illi
2703 1457 2804 1510 alia
2837 1458 3044 1525 lingua,
3073 1467 3125 1510 et
3149 1457 3222 1508 illi
3247 1457 3347 1509 alia
3366 1496 3382 1516 ,
3410 1467 3463 1509 et
3500 1455 3656 1523 quasi

2066 1548 2358 1602 diviscrtmt
2385 1547 2522 1602 inter
2540 1561 2601 1602 se
2622 1548 2822 1616 linguas
2846 1546 3080 1601 omnium
3105 1546 3374 1616 gentium?
3398 1545 3512 1600 Non
3538 1546 3616 1598 sic
3638 1563 3653 1598 :

2069 1640 2160 1692 sed
2213 1641 2575 1709 unusquisque
2625 1640 2803 1705 homo,
2831 1656 2965 1692 unus
2992 1639 3156 1692 homo
3181 1639 3373 1708 linguis
3410 1640 3655 1692 oin-tium

2067 1734 2299 1798 gentium
2329 1733 2660 1802 loquebatur.
2693 1731 3032 1802 Loquehatur
3070 1747 3224 1785 unus
3249 1730 3410 1784 homo
3459 1730 3657 1798 liuS"is

2065 1830 2303 1879 omnium
2330 1826 2565 1894 gentium
2596 1841 2610 1878 :
2641 1824 2816 1879 tmitas
2843 1823 3098 1878 Ecclesia:
3116 1822 3172 1877 in
3200 1823 3388 1893 linguis
3407 1822 3669 1878 omnium

2063 1917 2320 1991 gentium.
2347 1916 2481 1970 Ecce
2507 1925 2560 1970 et
2589 1915 2675 1970 hic
2706 1921 2878 1969 nuit-as
2913 1913 3169 1969 Ecclesia:
3195 1913 3474 1968 catholica
3501 1929 3656 1967 com-

2067 2008 2348 2079 mendatur
2376 2016 2490 2061 toto
2508 2009 2642 2062 orbe
2666 2008 2893 2063 dilfnsae.

2134 2099 2188 2152 9..
2233 2098 2458 2167 Spiritus
2503 2111 2708 2154 sanctus
2754 2110 2897 2154 extra
2945 2099 3222 2154 Ecclesium
3268 2115 3368 2153 non
3417 2099 3654 2152 habetur.

2065 2191 2164 2259 Qui
2207 2206 2332 2261 ergo
2371 2189 2534 2245 habet
2575 2191 2827 2260 Spiritum
2854 2201 3095 2246 sanctum
3119 2193 3160 2257 ‘,
3191 2192 3240 2244 in
3263 2191 3500 2245 Ecclesia
3533 2201 3616 2244 est
3637 2230 3655 2249 .

2064 2299 2183 2352 qua:
2205 2283 2435 2352 loquitur
2452 2287 2686 2337 omnium
2710 2285 2917 2354 linguis.
2940 2284 3275 2354 Quicumque
3299 2293 3492 2352 praeter
3513 2282 3655 2336 hanc

2065 2374 2356 2430 Ecclesiam
2401 2387 2511 2442 est,
2559 2392 2661 2432 non
2705 2376 2863 2431 habet
2908 2376 3160 2446 Spiritum
3206 2385 3474 2431 sanctum.
3529 2375 3657 2430 Ideo

2063 2468 2204 2520 enim
2235 2465 2462 2536 Spiritus
2491 2477 2704 2521 sanctus
2734 2468 2786 2521 in
2813 2468 3050 2538 omnium
3081 2468 3275 2537 linguis
3306 2469 3548 2537 gentium
3591 2483 3654 2522 se

2065 2557 2434 2614 demonstrare
2458 2559 2701 2629 dignatus
2729 2567 2840 2624 est,
2869 2568 2922 2612 ut
2959 2560 3047 2613 ille
3074 2574 3134 2614 se
3161 2559 3420 2628 intelligat
3446 2557 3650 2614 habere

2062 2647 2311 2717 Spiritum
2335 2659 2596 2715 sanctum,
2626 2650 2713 2720 qui
2746 2650 2797 2704 in
2819 2650 3018 2704 unitate
3043 2649 3296 2704 Ecclesim
3315 2652 3648 2711 continetur,

2065 2757 2181 2813 quae
2211 2740 2402 2812 linguis
2441 2743 2688 2796 omnibus
2731 2742 2983 2812 loquitur.
3016 2741 3187 2796 Unum
3215 2757 3421 2811 corpus,
3450 2741 3653 2796 Paulus

2063 2828 2502 2905 dicit'Apostohis
2531 2857 2544 2892 :
2574 2855 2730 2892 unum
2755 2853 2962 2907 corpus,
2985 2845 3030 2891 et
3053 2854 3183 2891 unus
3199 2837 3406 2905 spiritus
3426 2835 3648 2905 (Ephes.

2063 2941 2136 2994 iv,
2169 2927 2246 2999 ι).
2278 2921 2508 2982 Membra
2531 2939 2713 2984 nostra
2741 2929 3016 2984 attendite.
3044 2929 3219 2985 Multis
3245 2928 3504 2983 membris
3529 2942 3655 2982 con-

2061 3018 2302 3073 stitutum
2331 3030 2412 3074 est
2451 3035 2675 3090 corpus,
2703 3030 2756 3075 et
2780 3030 2988 3096 vegetat
3035 3020 3271 3076 menilira
3299 3019 3478 3073 omnia
3510 3033 3648 3072 unus

2062 3110 2296 3178 Spiritus.
2327 3110 2466 3166 Ecce
2496 3111 2728 3165 humano
2757 3113 2967 3181 spiritu,
2997 3126 3102 3182 quo
3129 3126 3244 3164 sum
3273 3125 3374 3179 ego
3401 3111 3517 3179 ipse
3545 3109 3646 3160 ho-

2062 3212 2187 3268 mo,
2239 3204 2477 3258 membra
2528 3205 2704 3258 omnia
2753 3204 2996 3274 eoiligo:
3040 3205 3243 3272 impero
3287 3202 3544 3257 membris
3591 3214 3651 3255 ut

2063 3306 2395 3362 moveantur,
2442 3295 2666 3350 intendo
2707 3296 2894 3350 oculos
2933 3295 2998 3348 ad
3040 3293 3361 3360 videndum,
3393 3309 3556 3348 aures
3580 3295 3646 3348 ad

2061 3388 2404 3452 audiendum,
2440 3387 2672 3455 linguam
2699 3387 2764 3441 ad
2794 3387 3149 3455 loquendum,
3179 3399 3369 3438 manus
3414 3385 3480 3439 ad
3517 3399 3651 3455 ope.

2060 3480 2282 3534 randum
2301 3524 2315 3545 ,
2346 3480 2505 3550 pedes
2531 3481 2596 3534 ad
2627 3480 3024 3535 ambulandum.
3051 3478 3235 3554 Ofﬁcia
3281 3480 3647 3533 membrorum

2058 3573 2333 3642 dispertita
2349 3577 2465 3628 sunt
2477 3614 2490 3638 ,
2506 3573 2596 3626 sed
2614 3587 2746 3626 unus
2762 3574 3010 3642 spiritns'
3026 3573 3261 3625 eontinet
3273 3571 3473 3624 onmia.
3491 3569 3646 3622 Multa

2054 3667 2328 3738 jnbentnr,
2363 3667 2523 3721 multa
2544 3667 2711 3720 fiunt:
2744 3681 2878 3720 unus
2895 3666 3064 3735 jubet,
3101 3666 3192 3718 uni
3215 3664 3466 3718 Servitur.
3496 3663 3648 3730 Quod

2058 3773 2142 3818 est
2185 3761 2401 3831 spiritus
2428 3772 2632 3822 noster,
2657 3759 2708 3813 id
2738 3767 2818 3815 est
2848 3758 3020 3813 anima
3063 3768 3262 3819 nostra,
3292 3757 3358 3810 ad
3404 3755 3646 3808 membra

2059 3863 2268 3919 nostra;
2299 3852 2403 3908 hoc
2435 3853 2662 3925 Spiritus
2689 3861 2904 3907 sanctus
2941 3851 3006 3905 ad
3049 3851 3282 3904 membra
3311 3847 3510 3902 Christi
3532 3889 3548 3910 ,
3581 3849 3648 3899 ad

2057 3961 2251 4016 corpus
2279 3944 2477 3999 Christi
2503 3988 2516 4008 ,
2549 3944 2687 4016 quod
2735 3954 2818 4000 est
2862 3942 3123 3997 Ecclesia.
3159 3940 3282 3992 Ideo
3314 3928 3431 4009 Apo
3461 3939 3598 3989 tolus
3627 3978 3643 3996 .

2057 4023 2176 4090 enni
2207 4052 2398 4108 corpus
2419 4052 2579 4090 unum
2607 4037 2949 4098 nominasset,
2971 4049 3037 4087 ne
3060 4031 3474 4101 intelligeremns
3503 4043 3651 4082 mur.

2060 4137 2203 4182 tuum
2230 4143 2422 4197 corpus
2447 4145 2459 4180 :
2490 4125 2679 4191 Unum,
2710 4126 2899 4196 inquit,
2921 4141 3123 4194 corpus.
3145 4122 3248 4177 Sed
3273 4137 3404 4191 rogo
3426 4131 3498 4182 te,
3519 4120 3649 4172 vivit

2057 4218 2159 4275 hoc
2198 4219 2430 4289 corpus?
2457 4217 2614 4273 Vivit.
2660 4215 2850 4273 Unde?
2896 4215 2967 4270 De
3005 4229 3114 4270 uno
3155 4215 3364 4282 spiritu.
3414 4211 3475 4265 Et
3515 4227 3647 4264 ann

2055 4305 2283 4384 spiritus.
2313 4310 2581 4366 Attendite
2610 4325 2760 4380 ergo.
2794 4308 3005 4369 fratres.
3029 4309 3080 4362 in
3103 4317 3288 4362 nostro
3313 4319 3562 4373 corpore,
3591 4313 3644 4356 et

2016 4428 2022 4434 ·
2055 4401 2235 4458 dolete
2269 4417 2362 4457 eos
2390 4403 2477 4472 qui
2507 4401 2574 4456 de
2613 4400 2842 4456 Ecclesia
2877 4397 3255 4470 prtecidnntnr.
3301 4395 3356 4451 In
3387 4395 3644 4451 membris

2053 4494 2272 4558 nostris,
2302 4494 2550 4566 quamdiu
2583 4495 2833 4555 vivimus,
2858 4507 2977 4546 cum
3019 4490 3134 4545 sani
3172 4504 3390 4554 sumus,
3420 4489 3645 4558 implent

2056 4587 2234 4640 omnia
2263 4585 2499 4639 membra
2530 4582 2702 4638 officia
2734 4599 2847 4638 sua.
2880 4582 2937 4638 Si
2974 4597 3135 4636 unum
3167 4580 3467 4636 membrum
3499 4579 3643 4631 dth

2057 4679 2324 4742 alicunde,
2357 4677 2754 4748 compatiuntur
2769 4676 2952 4730 omnia
2993 4675 3253 4730 membra.
3287 4673 3491 4727 Tamen
3519 4671 3638 4741 quia

2058 4770 2110 4824 in
2141 4784 2366 4838 corpore
2404 4777 2518 4834 est,
2546 4768 2732 4840 dolere
2767 4775 2981 4840 potest,
3009 4765 3282 4832 exspirare
3307 4779 3413 4816 non
3442 4771 3636 4830 pmest.

2057 4861 2192 4930 Quid
2218 4871 2299 4916 est
2327 4861 2468 4916 enim
2497 4859 2787 4928 exspirare,
2815 4857 2912 4911 nisi
2936 4856 3180 4928 spiritum
3209 4855 3496 4934 amittere?
3523 4852 3640 4908 Jam

2057 4967 2185 5008 vero
2215 4953 2258 5007 si
2304 4938 2598 5006 membrum
2627 4948 2946 5020 prmcidatur
2979 4948 3048 5002 de
3083 4959 3338 5014 corpore,
3385 4942 3640 5012 ιιιιιιιιριίιι

2058 5047 2296 5115 sequitur
2345 5041 2606 5111 Spiritus?
2654 5041 2721 5094 Et
2771 5049 2946 5094 tamen
2990 5037 3286 5091 membrum
3332 5034 3642 5105 agnoscitur

2058 5137 2185 5210 quid
2212 5146 2321 5200 est;
2351 5136 2547 5205 digitus
2576 5143 2676 5197 est,
2710 5141 2896 5186 manus
2921 5139 3024 5196 est,
3055 5127 3331 5183 brachium
3361 5135 3463 5188 est,
3493 5126 3643 5180 auris

2059 5237 2167 5283 est:
2191 5237 2382 5297 praater
2397 5239 2589 5294 corpus
2602 5223 2758 5276 habet
2775 5221 3015 5279 formam.
3031 5219 3124 5275 scd
3138 5233 3244 5273 non
3269 5217 3432 5272 habet
3454 5217 3644 5268 vitam.

2058 5319 2147 5375 Sic
2190 5315 2243 5372 et
2286 5317 2446 5372 homo
2490 5315 2559 5368 ab
2605 5312 2842 5368 Ecclesia
2871 5320 3169 5381 separatus.
3193 5308 3403 5374 Qllﬂ‘l’is
3437 5307 3506 5359 ah
3550 5305 3651 5362 illo

2059 5421 2448 5468 sacramentum
2471 5451 2485 5472 ,
2512 5409 2719 5463 invenis
2742 5424 2755 5460 :
2779 5406 2974 5476 qua'ris
3000 5404 3328 5473 Baptismum
3345 5440 3364 5468 ,
3393 5400 3600 5454 invenis
3631 5417 3653 5454 :

2058 5507 2255 5575 quan-is
2297 5502 2632 5574 symbolum,
2659 5498 2884 5553 invenis.
2927 5495 3122 5564 Forma
3165 5502 3304 5548 est:
3349 5491 3452 5546 nisi
3497 5489 3656 5546 intus

2124 5646 2136 5676 ί
2167 5633 2261 5692 t‘loc
2285 5640 2450 5706 etalio
2473 5638 2680 5706 quodam
2703 5635 2824 5706 Infra
2844 5633 2949 5686 loco
2973 5630 3659 5695 νεὼαιειιιωακιτειθμ

2061 5709 2200 5758 missa
2223 5705 2436 5754 restituit
2458 5700 2612 5772 codex
2640 5700 2908 5772 vaticanus.

2124 5772 2142 5799 ²
2171 5777 2216 5819 tu
2237 5778 2360 5821 vss,
2383 5767 2469 5816 sed
2493 5765 2647 5818 imitus
2665 5765 2878 5824 spiritus.
