3954 6196
332 415 472 477 Η.ῐό

304 533 521 604 spiritu
549 530 831 599 vegeteris,
860 526 1052 584 frustm
1080 526 1207 582 furis
1229 526 1297 582 de
1324 524 1493 581 lanna
1516 522 1769 593 gloriaris
1798 522 1840 573 ¹.

306 638 317 649 ι
346 598 381 604 θ’
400 602 460 664 3-
503 598 687 668 (Iulias
710 620 1056 675 commendata
1083 619 1134 673 in
1154 618 1405 673 creatione
1422 631 1592 673 rerum
1624 623 1672 671 et
1699 615 1751 675 in
1770 610 1920 671 Chri-

334 698 398 749 sti
427 709 561 753 ortu.
592 699 1179 773 ChariSshannltum
1206 709 1346 766 Deus
1371 705 1715 764 commendat
1742 703 1918 761 unita-

302 846 305 849 _
336 795 462 840 tem.
496 784 606 841 lloc
647 787 821 857 ipsum
847 805 941 844 vos
965 799 1196 851 moveat,
1220 799 1373 859 quod.
1404 799 1463 845 in
1494 797 1751 865 principio
1768 808 1922 851 erea-

335 887 594 939 turarum,
622 876 833 946 quando
860 878 1002 935 Deus
1034 888 1223 935 cuncta
1250 882 1558 949 constituit,
1586 880 1710 939 fecit
1746 885 1921 939 sidera

335 965 386 1019 in
417 965 572 1032 eicio,
605 966 657 1022 in
688 976 826 1037 terra
863 978 1044 1024 autem
1084 971 1275 1026 herbas
1300 979 1356 1028 et
1382 971 1522 1044 ligna
1542 1013 1558 1036 ,
1587 972 1753 1039 dixit,
1782 972 1917 1029 Pro-

306 1042 482 1132 :durat
505 1066 655 1132 terra,
689 1066 743 1114 et
781 1059 1037 1128 producta
1073 1072 1192 1115 sunt
1239 1042 1496 1132 ligna,vet
1519 1071 1712 1118 cuncta
1742 1063 1921 1119 viren-

250 1168 269 1179 ε
301 1129 405 1215 ίιίιι
428 1164 442 1202 :
467 1129 633 1214 dixit,
679 1146 975 1204 Producaut
1021 1166 1170 1222 aqvam
1210 1129 1437 1206 natantia
1480 1161 1527 1207 et
1572 1152 1797 1207 volatilia
1818 1192 1837 1217 ,
1865 1161 1920 1208 ct

333 1235 535 1295 factum
563 1248 643 1301 est
666 1240 745 1296 sic
769 1257 783 1295 :
809 1238 1072 1296 Producat
1098 1253 1230 1296 terra
1256 1243 1480 1298 animum
1505 1244 1663 1298 vivam
1694 1245 1918 1300 omnium

303 1368 307 1373 -
332 1344 566 1387 Derorum
595 1340 641 1384 et
662 1328 953 1395 bestiarum.
969 1342 1023 1387 et
1049 1331 1245 1387 l'actmn
1272 1342 1349 1389 est
1373 1335 1469 1390 sic.
1490 1334 1753 1407 Numquid
1778 1336 1918 1392 Deus

306 1404 395 1475 ide
421 1434 520 1477 are
549 1436 650 1476 una
676 1420 800 1479 fecit
825 1432 1047 1478 caeteras
1066 1424 1232 1480 aves?
1262 1425 1515 1496 numquid
1545 1424 1613 1481 de
1640 1442 1748 1485 uno
1774 1427 1918 1495 pisce

308 1502 521 1565 omnes
550 1510 759 1579 pisces?
786 1511 853 1567 de
896 1527 1002 1567 uno
1042 1527 1181 1585 equo
1221 1528 1408 1570 omnes
1454 1516 1658 1585 cquos‘l
1698 1515 1766 1572 de
1813 1533 1915 1573 una

331 1597 500 1655 bestia
517 1614 705 1657 omnes
729 1601 925 1657 bestias
940 1604 965 1655 ’ί
980 1601 1247 1674 Numquid
1275 1619 1380 1660 non
1404 1606 1566 1659 multa
1595 1605 1749 1660 simul
1776 1617 1915 1663 terra

328 1691 610 1761 produxit,
640 1701 693 1747 et
736 1693 1118 1764 multiplicibus
1161 1695 1353 1753 letibus
1394 1697 1558 1752 multa
1588 1699 1916 1770 complevit?

330 1783 558 1840 Ventum
602 1794 685 1854 est
728 1785 796 1841 ad
841 1786 1114 1843 hominem
1166 1787 1501 1858 faciendum,
1529 1803 1583 1846 et
1623 1794 1794 1850 lactus
1832 1805 1916 1850 est

325 1889 462 1931 unus
476 1916 496 1942 ,
521 1875 588 1931 de
614 1891 721 1932 uno
739 1892 905 1949 genus
931 1877 1240 1934 humanum.
1259 1880 1371 1937 Nec
1389 1881 1524 1939 duos
1544 1880 1728 1942 facere
1749 1886 1915 1942 voluit

324 1968 635 2038 separatim,
660 1969 951 2025 masculum
969 1976 1024 2025 ct
1039 1969 1289 2027 feminam
1315 1990 1329 2028 :
1349 1973 1441 2029 sed
1461 1990 1644 2043 unum,
1659 1983 1712 2030 et
1727 1974 1794 2030 de
1807 1990 1913 2031 uno

324 2071 483 2139 uitam
505 2056 656 2131 (Gen.
681 2069 758 2113 iet
776 2057 853 2130 ιι).
873 2060 1051 2130 Quare
1075 2062 1186 2119 sic?
1202 2063 1376 2133 Quare
1402 2066 1470 2120 ab
1496 2081 1601 2121 uno
1624 2082 1792 2139 genus
1810 2066 1913 2123 bu—

314 2136 538 2205 inanum
556 2151 854 2216 inchoatur,
871 2154 972 2209 nisi
1001 2155 1120 2223 quia
1137 2158 1316 2226 generi
1335 2157 1567 2213 humano
1581 2163 1756 2215 unitas
1765 2174 1911 2217 eom-

224 2226 233 2233 ’
322 2241 639 2297 mendatur?
681 2242 748 2299 Et
787 2242 1043 2302 Dominus
1070 2244 1312 2303 Christus
1338 2262 1406 2304 ex
1442 2264 1579 2314 una,
1605 2251 1781 2306 unitas
1805 2251 1914 2307 vir-

316 2345 388 2402 go
413 2340 524 2396 est;
548 2340 692 2388 tenet
718 2333 1093 2404 virginitatem,
1120 2322 1297 2392 servat
1325 2337 1795 2408 incorruptionem.

395 2422 447 2475 4.
494 2421 734 2478 Ecclesia
757 2424 1017 2480 catholicw
1050 2426 1293 2482 unitatem
1328 2427 1558 2486 Christus
1594 2432 1910 2487 commendat

307 2512 361 2584 ,Α
369 2512 599 2580 pustulis.
618 2511 734 2583 Ipse
754 2514 1009 2572 Dominus
1024 2516 1277 2577 Ecclesiae
1299 2520 1554 2593 unitatem
1573 2523 1912 2580 commendat

320 2603 593 2672 Apostolis
617 2622 631 2659 :
659 2606 893 2662 ostendit
912 2620 991 2674 se,
1019 2617 1208 2680 putant
1238 2610 1312 2665 illi
1332 2611 1578 2681 spiritum
1609 2629 1668 2669 se
1687 2615 1868 2672 videre
1892 2634 1905 2671 :

320 2703 700 2762 expavescunt,
729 2698 1133 2765 conﬁrmantur,
1160 2698 1355 2757 dicitur.
1377 2702 1476 2769 eis,
1501 2721 1520 2755 ι
1544 2703 1682 2772 Quid
1709 2705 1906 2762 turbati

321 2788 471 2849 estis.
499 2797 550 2842 et
579 2790 929 2858 cogitationes
955 2792 1256 2851 ascendunt
1293 2794 1349 2851 in
1387 2810 1482 2852 cor
1507 2799 1782 2854 vestrum?
1813 2798 1907 2855 Vi-

324 2878 445 2934 dete
466 2895 654 2935 manus
673 2897 820 2937 meas
851 2899 866 2937 :
896 2883 1104 2955 palpate
1117 2892 1173 2941 et
1194 2884 1389 2950 videte,
1406 2888 1529 2957 quia
1552 2888 1769 2957 spiritus
1786 2904 1909 2946 ossa

327 2980 383 3028 et
409 2988 619 3028 carnem
651 2990 755 3030 non
784 2975 963 3043 habet,
990 2977 1130 3032 sicut
1154 2992 1241 3034 me
1269 2977 1463 3036 videtis
1493 2979 1741 3036 haberea
1770 2982 1908 3039 Ecce

320 3062 505 3122 adhuc
522 3065 625 3121 illis
646 3066 871 3123 turbatis
886 3084 994 3139 pra:
1010 3069 1226 3139 gaudio,
1240 3070 1431 3140 accipit
1447 3056 1646 3138 cibtim,
1661 3088 1767 3128 non
1783 3088 1909 3144 ege-

319 3162 478 3222 state,
520 3155 613 3210 sed
644 3165 939 3226 potestate;
961 3160 1149 3228 accipit
1180 3174 1363 3217 coram
1394 3161 1537 3217 illis:
1568 3164 1907 3222 commendat

318 3254 506 3297 co..tra
524 3244 714 3312 impios
727 3247 967 3316 corporis
980 3248 1283 3316 veritatem,
1298 3250 1639 3307 commendat
1654 3254 1906 3310 Ecclesiae

320 3333 599 3388 unitatem.
622 3334 758 3401 Quid
776 3335 918 3389 enim
935 3336 1045 3392 ait?
1062 3355 1081 3389 ι
1106 3336 1289 3394 Nonne
1306 3339 1419 3395 lucc
1429 3350 1551 3397 sunt
1565 3358 1681 3411 quae
1695 3343 1906 3400 locutus

320 3438 441 3476 sum
467 3422 637 3490 vobis,
664 3438 784 3478 cum
811 3424 984 3481 adhuc
1008 3442 1182 3483 essem
1210 3428 1504 3496 vobiscum,
1533 3432 1660 3503 quia
1684 3444 1905 3503 oporte-

321 3512 413 3568 bat
442 3514 647 3583 impleri
675 3515 850 3569 omnia
881 3532 998 3587 quae
1035 3518 1230 3587 scripta
1254 3528 1375 3575 sunt
1401 3520 1455 3577 in
1486 3523 1602 3592 lege
1626 3523 1828 3596 Moysi,
1851 3535 1908 3581 et

320 3601 625 3674 Prophctis,
654 3612 708 3661 et
732 3606 958 3663 Psalmis
985 3606 1053 3663 de
1078 3609 1204 3663 me?
1230 3610 1381 3666 Tunc
1407 3613 1613 3681 aperuit
1641 3613 1748 3669 illis
1783 3630 1908 3670 scn-

196 3721 217 3727 ~
318 3708 460 3757 sum,
486 3713 505 3746 ι
530 3695 872 3766 Evangelium
897 3698 1150 3769 loquitur,
1174 3708 1268 3753 «ιιι
1294 3700 1904 3776 intelligerentScriptu-

321 3797 427 3841 ras.
454 3785 515 3839 Et
544 3784 677 3840 dixit
702 3786 802 3850 eis,
830 3787 961 3857 Quia
987 3789 1066 3845 sic
1091 3791 1347 3862 scriptum
1374 3801 1476 3859 est,
1505 3802 1561 3849 et
1589 3795 1667 3851 sic
1690 3806 1907 3866 oporte-

320 3875 410 3930 bat
437 3877 703 3933 Chrismm
731 3880 869 3950 pati,
887 3888 943 3935 et
971 3897 1251 3953 resurgere
1269 3898 1300 3938 a
1321 3887 1545 3942 mortuis
1565 3889 1722 3946 tertio
1746 3890 1855 3949 die.
1878 3912 1899 3947 ι

320 3963 461 4023 Ecce
485 3977 644 4037 caput
671 3980 942 4036 nostrum;
968 3987 1095 4029 ecce
1115 3967 1304 4044 caput,
1337 3976 1428 4032 ubi
1463 3988 1589 4034 sunt
1625 3982 1906 4038 membra?

320 4058 459 4114 Ecce
484 4077 744 4130 sponsus.
769 4063 859 4119 ubi
885 4074 968 4120 est
996 4067 1225 4134 sponsa?
1250 4068 1666 4129 MatrimOniales
1700 4075 1905 4136 tabulas

324 4150 439 4220 lege
463 4168 475 4202 :
504 4167 758 4221 sponsum
784 4155 927 4210 audi.
949 4155 1212 4227 Sponsam
1257 4161 1490 4231 quzeris?
1509 4163 1591 4218 Ab
1611 4164 1901 4237 ipsoaudi:

320 4258 480 4299 nemo
510 4244 584 4299 illi
616 4246 753 4302 tollit
773 4262 943 4311 suam,
968 4265 1127 4304 nemo
1144 4253 1396 4322 supponit
1414 4253 1644 4316 alienam
1666 4257 1770 4319 :ab
1788 4258 1905 4328 ipso

320 4332 470 4388 audi.
490 4335 588 4392 Ubi
610 4339 804 4409 qureris
824 4340 1131 4396 Christum?
1161 4342 1215 4397 ln
1236 4344 1425 4401 fabulis
1448 4345 1745 4416 hominum,
1761 4365 1828 4404 an
1848 4351 1901 4408 in

316 4425 540 4482 veritate
560 4428 1190 4500 Evangeliorumﬂ‘assus
1203 4438 1604 4497 est.resurrexit
1623 4441 1781 4497 tertio
1790 4441 1900 4509 die,

317 4518 552 4573 ostendit
568 4535 626 4575 se
649 4520 921 4590 discipulis
944 4524 1075 4578 suis.
1095 4522 1211 4583 lam
1239 4525 1410 4594 ipsum
1435 4527 1693 4585 habemus
1717 4546 1730 4583 :
1753 4530 1900 4588 illam

319 4610 409 4664 ubi
436 4611 756 4682 qumrimus?
777 4612 858 4667 Ah
878 4613 993 4682 ipso
1014 4614 1433 4687 interrogemus:
1461 4616 1739 4689 Oportebat
1760 4620 1904 4678 Chri-

318 4712 453 4756 stum
483 4703 594 4768 pati
628 4713 676 4758 et
714 4721 972 4776 resurgere
1009 4724 1042 4760 a
1069 4709 1279 4763 mortuis
1316 4712 1463 4766 tertio
1499 4712 1600 4766 die.
1632 4714 1769 4770 Ecce
1787 4716 1902 4786 jam

321 4793 518 4855 factum
549 4805 663 4862 est,
685 4797 806 4866 jam
820 4798 1049 4854 videtur.
1083 4799 1195 4865 Dic,
1222 4816 1256 4854 o
1283 4802 1535 4869 Domine;
1566 4812 1621 4860 tu
1647 4807 1764 4874 die,
1793 4810 1900 4865 Do-

320 4885 492 4951 mine,
510 4901 576 4941 ne
615 4902 727 4947 nos.
749 4903 990 4945 erremus
1018 4908 1033 4945 :
1061 4889 1125 4944 Et
1152 4892 1420 4961 medicari
1464 4895 1516 4948 in
1555 4899 1757 4954 nomine
1793 4903 1941 4973 ejus.

322 4976 661 5043 radiantium
685 4987 732 5031 et
752 4979 1097 5034 remissionem
1125 4992 1444 5050 peccatorum
1471 5002 1561 5055 per
1589 5005 1762 5045 omnes
1780 5009 1904 5062 gen-

320 5075 416 5128 tes.
441 5066 792 5137 incipientibus
810 5074 873 5122 ab
893 5067 1178 5126 Jerusalem
1205 5071 1352 5142 (Luc.
1380 5090 1528 5142 xxw,
1546 5076 1761 5152 36-47).
1781 5082 1902 5137 Cm-

323 5156 400 5226 pit
425 5157 493 5214 ab
520 5156 812 5214 Jerusalem
832 5202 848 5227 ,
873 5169 923 5216 et
965 5164 1205 5231 pervenit
1248 5164 1313 5219 ad
1364 5181 1481 5222 nos.
1514 5168 1581 5223 Et
1611 5169 1682 5225 ibi
1707 5179 1823 5237 est,
1849 5182 1904 5228 et

322 5247 428 5303 hic.
456 5247 571 5305 Non
598 5250 739 5305 enim
770 5259 827 5305 ut
851 5250 918 5309 ad
948 5267 1046 5309 nos
1070 5254 1306 5319 veniret,
1336 5255 1458 5311 inde
1499 5258 1742 5317 discessit
1767 5279 1781 5317 :
1804 5279 1903 5320 ex-

321 5338 513 5403 crevit,
536 5354 639 5392 non
670 5339 931 5410 migravit.
958 5341 1068 5397 [loc
1087 5345 1477 5408 commendavit
1504 5350 1756 5406 continuo
1783 5366 1904 5424 post

321 5430 769 5493 resurrectionem
820 5447 993 5488 suam.
1045 5434 1192 5491 Fecit
1240 5451 1364 5493 cum
1406 5438 1514 5495 illis
1542 5443 1902 5517 quadraginta

321 5516 441 5574 dies
468 5535 484 5573 :
512 5534 831 5577 ascensurus
860 5524 910 5578 in
938 5524 1130 5579 cmlum
1173 5526 1340 5595 ipsam
1380 5516 1564 5584 rursus
1605 5532 1900 5592 Ecclesiam

323 5612 736 5668 commendavit.
783 5613 1022 5684 Sponsus
1074 5616 1406 5687 profecturus
1452 5634 1703 5690 sponsam
1751 5639 1901 5681 suam

390 5744 403 5774 '
432 5745 590 5823 sint}...
611 5754 785 5823 forma
798 5760 868 5809 es,
886 5746 1097 5823 (ιιιζδφςίς
1108 5763 1161 5823 es
1180 5762 1198 5801 :
1330 5750 1455 5808 intus
1469 5751 1642 5817 spiritu
1657 5756 1903 5823 macteris,

321 5800 507 5862 frustra
525 5800 646 5870 [oris
666 5809 728 5860 de
750 5800 910 5872 {armti
923 5800 1169 5875 gloriaris.
1233 5800 1290 5865 It.

1686 406 1913 464 εειωυ
1950 400 2229 463 CCLXIX.

3480 419 3621 481 ιιιι

2023 520 2208 576 amicis
2233 519 2344 577 suis
2368 524 2761 581 commendavit
2780 544 2805 589 ς,
2821 535 2942 585 non.
2956 536 3014 585 ut
3032 538 3175 583 amet
3195 530 3430 602 aliquem
3465 534 3595 607 ipso-

2024 626 2180 669 rum:
2220 610 2316 668 sed
2362 611 2535 679 ipsum
2568 621 2832 691 _tanquam
2866 628 3137 687 sponsum
3159 658 3176 686 ,
3203 618 3321 675 illos
3362 631 3593 694 tantum.

2022 701 2227 756 amicos
2268 702 2488 772 sponsi,
2521 704 2794 768 neminem
2824 720 3013 763 eorum
3050 716 3300 780 tauquam
3335 724 3590 781 sponsum

1996 844 1999 847 .
2024 791 2137 848 lloc
2154 792 2333 851 zelant
2352 794 2508 849 amici
2528 794 2735 866 sponsi,
2759 805 2815 853 et
2834 813 2940 854 non
2964 813 3083 855 eam
3102 800 3391 858 admittunt
3417 804 3603 861 lascive

2021 896 2204 938 artiore
2228 885 2521 955 corrumpi.
2556 886 2800 944 Oderunt
2833 889 3050 959 quando
3089 891 3168 948 sic
3203 905 3479 953 amantur.
3500 901 3600 954 -Αιι

2000 976 2223 1049 tendite
2246 978 2507 1034 zelantcm
2533 982 2761 1036 amicum
2788 983 2972 1050 sponsi
3004 999 3166 1043 :cum
3211 986 3420 1044 videret
3450 1003 3603 1060 spon-

2018 1080 2136 1122 sam
2164 1084 2260 1138 per
2283 1071 2485 1126 amicos
2510 1073 2692 1144 sponsi
2719 1075 2950 1141 quodam
2994 1076 3156 1135 modo
3195 1077 3447 1136 fortiicari
3466 1122 3483 1146 ,
3510 1083 3584 1139 ait

1994 1216 2001 1221 ,
2026 1174 2048 1208 ι
2071 1160 2246 1213 Audio
2270 1161 2324 1217 in
2351 1164 2502 1219 vobis
2529 1164 2818 1221 schismata
2846 1182 2966 1223 esse
2985 1210 3001 1235 ,
3029 1178 3084 1224 et
3118 1185 3184 1226 ex
3212 1181 3363 1241 parte
3399 1173 3561 1230 credo
3590 1196 3609 1228 ι

2022 1248 2067 1313 (Ι
2095 1247 2215 1315 Cor,
2249 1268 2323 1318 xt,
2357 1252 2466 1324 18).
2492 1274 2511 1307 ι
2531 1255 2838 1313 Nuntiatum
2863 1266 2947 1314 est
2968 1260 3098 1316 mihi
3119 1260 3186 1318 de
3206 1263 3378 1326 vobis,
3399 1262 3610 1329 fratres.

2021 1339 2090 1395 ab
2125 1340 2211 1397 his
2245 1344 2335 1412 qui
2379 1356 2505 1402 sunt
2543 1348 2775 1414 Chloes,
2814 1353 2940 1422 quia
2982 1356 3356 1413 contentiones
3389 1368 3515 1413 sunt
3560 1362 3612 1416 in

1995 1432 2173 1497 sidus
2191 1475 2206 1498 ,
2235 1447 2290 1491 et
2309 1440 2673 1510 unusquisque
2690 1453 2924 1499 vestrum
2951 1446 3100 1512 dicit,
3131 1448 3241 1519 Ego
3260 1450 3475 1520 quidem
3494 1464 3611 1507 sum

2018 1524 2201 1593 Pauli;
2225 1544 2327 1598 ego
2346 1547 2473 1585 vero
2495 1534 2712 1603 Apollo;
2735 1550 2837 1608 ego
2861 1546 3038 1593 autem
3059 1540 3287 1611 Cephm;
3312 1557 3413 1614 ego
3433 1555 3610 1601 autem

2018 1618 2237 1676 Christi.
2273 1622 2480 1680 Divisus
2512 1636 2607 1682 est.
2630 1626 2915 1686 Christus?
2954 1630 3222 1701 Numquid
3269 1633 3466 1689 Paulus
3514 1652 3613 1704 pro

2020 1710 2169 1766 vobis
2210 1713 2491 1770 crucifixus
2530 1727 2648 1783 est,
2680 1730 2772 1775 aut
2816 1720 2867 1776 in
2913 1724 3129 1781 nomine
3170 1724 3322 1781 Pauli
3364 1727 3609 1795 baptismi

2016 1801 2147 1857 estis
2173 1821 2192 1855 ι
2229 1801 2336 1872 (Id.
2366 1820 2405 1869 ι,
2436 1807 2666 1880 Η-Ιῦγῖ
2701 1810 2748 1866 0
2784 1813 3015 1867 amicum
3042 1818 3071 1869 ιν
3102 1815 3354 1870 Amorem
3399 1831 3611 1885 sparsa:

2014 1891 2205 1948 alienae
2232 1895 2443 1964 repellit
2472 1911 2505 1953 a
2533 1913 2612 1955 se.
2638 1899 2755 1955 Non
2784 1902 2896 1956 vult
2921 1917 2979 1957 se
3000 1905 3165 1960 amari
3206 1920 3309 1975 pro
3339 1920 3535 1976 sponsa
3567 1907 3608 1971 ι,

2016 1994 2067 2037 ιιι
2086 1984 2251 2054 possit
2272 2002 2495 2057 regnare
2513 2004 2633 2045 cum
2653 2007 2870 2061 sponso.
2887 1993 3262 2051 Commendata
3279 2007 3500 2068 estergo
3513 1999 3611 2055 Eo-

1998 2072 2175 2130 -clesia
2208 2093 2223 2128 :
2247 2085 2302 2132 et
2319 2077 2533 2147 quando
2551 2082 2790 2138 ascendit
2806 2082 2858 2137 in
2876 2084 3093 2151 coelum,
3116 2087 3195 2142 sic
3215 2087 3318 2144 illis
3340 2087 3494 2154 dixit,
3517 2088 3605 2160 qui

2013 2165 2322 2232 quaerebant
2336 2166 2404 2221 de
2432 2168 2536 2224 line
2548 2172 2750 2235 saeculi,
2771 2171 2867 2228 Dic
2882 2173 3047 2238 nobis.
3068 2177 3271 2246 quando
3288 2179 3385 2233 ista
3401 2179 3543 2248 ﬁent.
3558 2190 3609 2236 et

2011 2254 2217 2324 quando
2238 2263 2434 2325 tempus
2448 2258 2689 2315 adrerum
2702 2261 2803 2333 tui(
2812 2261 2997 2317 Matth.
3018 2281 3160 2332 xxiv,
3171 2266 3256 2334 ενι
3270 2266 3339 2322 Et
3356 2269 3467 2335 illo,
3479 2268 3532 2324 Ν
3533 2288 3600 2324 on

2011 2350 2087 2397 est
2109 2352 2325 2398 vestrum
2347 2345 2478 2400 scire
2504 2355 2750 2419 tempora,
2771 2366 2887 2421 qua
2914 2349 3074 2408 Pater
3100 2357 3265 2424 posuit
3281 2357 3334 2412 in
3353 2374 3446 2415 sua
3464 2368 3607 2430 pote-

2008 2442 2158 2490 state.
2176 2436 2313 2492 Audi
2327 2438 2452 2509 quid
2476 2442 2690 2498 noveris
2704 2458 2732 2497 ιι
2748 2447 3023 2515 magistro,
3038 2447 3296 2518 discipule
3319 2468 3334 2504 :
3360 2451 3468 2508 Sed
3479 2457 3609 2509 arct-

2013 2528 2162 2599 pictis
2174 2530 2406 2592 υἱιιιιιειιι
2418 2532 2650 2602 Spiritus
2662 2539 2826 2595 sancti
2846 2541 3275 2609 superrenienlcm
3290 2544 3345 2599 in
3362 2560 3450 2600 los
3461 2546 3601 2614 (Art.

2012 2636 2065 2689 ι,
2083 2620 2138 2687 6,
2169 2621 2554 2695 8).-Etl'actum
2580 2637 2664 2684 est
2691 2646 2709 2684 :
2734 2629 3142 2701 quadragesimo
3170 2635 3604 2695 die-mendum

2011 2713 2208 2770 ctelum
2230 2756 2247 2781 ,
2271 2724 2327 2771 et
2349 2731 2477 2774 ecce
2503 2716 2770 2774 hodierno
2795 2719 2889 2775 die
2909 2721 3229 2781 adveniente
3251 2726 3451 2797 Spiritu
3475 2743 3603 2786 san-

2011 2815 2100 2860 cto
2128 2806 2420 2877 implentur
2447 2824 2635 2865 omnes
2673 2811 2760 2881 qui
2790 2810 3049 2882 aderant,
3077 2815 3365 2886 loquuntur
3409 2818 3605 2889 linguis

2012 2898 2250 2952 omnium
2266 2900 2528 2968 gentium.
2547 2898 2676 2959 Item
2699 2902 2811 2972 ipsa
2833 2903 3006 2960 unitas
3027 2921 3121 2976 per
3141 2907 3351 2979 linguas
3361 2909 3599 2971 monium

1998 2988 2246 3067 gentium
2286 2990 2709 3047 commendatur.
2745 2992 3161 3053 Commendatnr
3192 3013 3224 3057 ιι
3253 3000 3480 3058 Domino
3509 3016 3599 3060 re-

2009 3089 2279 3149 surgente,
2310 3082 2712 3144 commendatur
2729 3100 2760 3138 a
2780 3083 2997 3142 Christo
3014 3088 3363 3157 ascendente;
3393 3090 3594 3151 conlisa-

2010 3180 2188 3228 matur
2215 3172 2283 3229 ah
2306 3171 2506 3245 Spiritu
2532 3185 2717 3233 sancto
2744 3175 2906 3234 hodie.
2923 3180 3190 3239 veniente.

2449 3306 2682 3365 saeuo
2715 3292 3011 3370 chxnx'
3044 3313 3140 3388 (τι).

2488 3405 2539 3448 tn
2567 3398 2653 3450 die
2684 3406 3017 3465 Pentecostes,
3051 3419 3126 3454 ιιι.

2079 3492 2306 3552 CAPUT
2343 3495 2625 3555 PRIMUM.
2668 3531 2740 3545 —-
2781 3503 2831 3558 1.
2872 3505 3127 3568 Adventus
3169 3508 3392 3580 Spiritus
3436 3518 3598 3571 sancti

2008 3600 2124 3637 cum
2149 3585 2283 3641 dono
2309 3589 2595 3660 linguarum
2626 3597 2933 3663 prtenuntiat
2965 3599 3206 3655 unitatem
3242 3601 3484 3661 Ecclesia!
3511 3625 3601 3680 per

2009 3692 2180 3731 omnes
2218 3689 2407 3752 gentes.
2445 3679 2635 3738 Contra
2677 3683 2991 3744 Donatistas.
3035 3691 3332 3753 Adventum
3370 3695 3602 3769 Spiritus

2008 3766 2177 3821 sancti
2216 3773 2577 3828 anniversaria
2620 3773 2906 3835 festivitate
2949 3781 3302 3841 celebramus.
3334 3766 3469 3845 Huic
3505 3805 3597 3845 so-

2008 3857 2200 3914 lemnis
2227 3865 2568 3934 congregatio
2586 3907 2602 3932 ,
2633 3867 2885 3924 solemnis
2912 3871 3068 3928 lectio
3092 3917 3107 3942 ,
3145 3877 3399 3933 solemnis
3422 3894 3599 3937 sermo

2007 3948 2253 4006 debetur.
2296 3948 2388 4009 Illa
2424 3954 2529 4010 duo
2558 3959 2824 4028 persoluta
2867 3972 3022 4029 sunt,
3050 3967 3173 4036 quia
3201 3977 3254 4023 et
3285 3968 3603 4044 frequentis-

2008 4039 2128 4095 simi
2157 4044 2481 4101 convenistis
2502 4088 2517 4114 ,
2550 4057 2606 4104 et
2638 4064 2759 4104 cum
2789 4050 3081 4123 legeretur,
3108 4056 3351 4113 audistis.
3382 4039 3601 4116 Redda-

2009 4146 2129 4187 mus
2152 4141 2209 4189 et
2246 4135 2462 4191 tertium
2490 4154 2505 4193 :
2538 4153 2645 4195 non
2673 4140 2812 4197 desit
2837 4144 3155 4216 obsequium
3186 4147 3380 4220 lingua:
3405 4161 3602 4209 nostra:

2008 4223 2059 4278 ei
2086 4224 2175 4294 qui
2221 4238 2275 4280 et
2301 4227 2510 4299 linguas
2548 4245 2735 4286 omnes
2763 4232 2990 4290 indoctis
3015 4236 3276 4306 domvit,
3303 4249 3358 4296 et
3395 4241 3603 4314 linguas

2007 4313 2285 4370 doctorum
2311 4315 2363 4371 in
2391 4318 2641 4375 omnibus
2667 4322 2914 4390 gentibus
2936 4324 3255 4401 subiugavit,
3279 4337 3333 4385 et
3356 4329 3603 4389 diversas

2006 4405 2213 4478 linguas
2235 4408 2472 4479 gentium
2502 4411 2567 4466 ad
2595 4413 2849 4470 unitatem
2888 4415 3005 4472 lidei
3045 4423 3402 4492 congregavit.
3441 4442 3460 4478 ι
3492 4422 3600 4481 Fa-

2007 4508 2126 4554 ctus
2148 4508 2232 4556 est
2264 4519 2283 4553 ›
2313 4502 2455 4557 enim
2489 4520 2508 4555 ι
2543 4505 2720 4559 subito
2745 4505 2813 4563 de
2838 4507 2979 4564 cmlo
3017 4522 3201 4577 sonus,
3232 4514 3382 4584 quasi
3428 4513 3599 4577 ferre.-

2009 4600 2095 4646 tur
2116 4592 2269 4647 ﬂatus
2296 4593 2587 4651 vehemens
2614 4614 2628 4651 :
2660 4604 2717 4653 et
2754 4599 2880 4653 visas
2898 4609 3022 4656 sunt
3050 4601 3152 4677 illis
3174 4603 3365 4677 lingua:
3391 4605 3600 4674 diviste,

2008 4684 2155 4739 velut
2203 4683 2371 4755 ignis,
2412 4688 2586 4756 quiet
2628 4689 2820 4746 insedit
2860 4707 3023 4764 super
3048 4672 3479 4769 utuiniquemque
3504 4672 3601 4756 eo;

2007 4788 2160 4838 rum;
2188 4784 2242 4829 et
2263 4787 2538 4843 coeperunt
2559 4779 2751 4850 linguis
2779 4782 2942 4853 loqui,
2960 4786 3408 4858 quemadmodum
3434 4789 3605 4861 Spirio

2008 4872 2093 4919 tus
2118 4865 2278 4920 dabat
2302 4867 2380 4921 eis
2419 4874 2761 4939 pronuntiare
2789 4891 2809 4926 ι
2840 4872 2973 4944 (Act.
2999 4890 3055 4938 ιι,
3077 4876 3218 4949 2-4).
3247 4879 3432 4936 Flatus
3452 4883 3596 4941 enim

2006 4955 2097 5011 ille
2125 4973 2228 5010 non
2257 4957 2479 5025 inﬂavit,
2512 4958 2605 5014 sed
2637 4964 2899 5031 vegetavit
2925 4980 2940 5018 :
2976 4965 3111 5036 ignis
3141 4969 3228 5035 ille
3258 4985 3362 5024 ιιοιι
3393 4986 3601 5030 crema-

2007 5047 2102 5109 vit,
2142 5046 2235 5102 sed
2280 5047 2546 5104 excitavit.
2590 5047 2995 5120 lmpletumest
3034 5056 3084 5111 in
3119 5057 3197 5116 eis
3246 5060 3386 5129 quod
3429 5060 3602 5119 fuerat

2008 5144 2156 5192 muto
2185 5148 2310 5199 ante
2336 5138 2731 5209 prophetatum,
2763 5140 2882 5197 Non
2910 5155 3028 5200 sunt
3057 5146 3477 5222 loquelatneqne
3493 5169 3602 5207 ser-

2008 5243 2199 5292 mones,
2226 5245 2438 5299 quorum
2462 5246 2563 5283 non
2586 5232 2862 5293 audiantur
2896 5249 3039 5290 noces
3064 5253 3236 5295 eorum
3265 5255 3284 5293 :
3314 5249 3365 5295 ut
3402 5240 3599 5300 deinde

2009 5319 2074 5373 ad
2103 5320 2494 5388 prmdicandum
2525 5320 2874 5394 Evangelium
2904 5324 3206 5396 distributi,
3233 5329 3374 5399 quod
3420 5322 3603 5406 sequi;

2010 5417 2115 5473 tur,
2145 5410 2402 5479 lacerent,
2434 5413 2500 5471 In
2538 5431 2736 5470 omnem
2766 5425 2953 5472 terram
2990 5419 3108 5475 exiit
3146 5438 3301 5478 sonus
3327 5439 3522 5491 eorum,
3550 5429 3605 5481 et

2009 5499 2062 5553 in
2103 5500 2230 5569 ﬁnes
2267 5502 2400 5557 orbis
2433 5512 2581 5565 terra:
2617 5508 2764 5562 verba
2798 5524 2969 5564 eorum
2995 5509 3018 5584 (
3043 5509 3186 5567 Psal.
3221 5528 3373 5580 xvttl,
3401 5514 3456 5583 ὅ,
3488 5516 3524 5572 5
3553 5517 3595 5588 ).

2010 5590 2300 5662 Quidenim
2314 5592 2455 5648 aliud
2468 5596 2693 5666 Spiritus
2710 5609 2925 5656 sanctus
2937 5603 3600 5682 pmnuntinbatinlinguis

2076 5703 2093 5782 ἶ
2119 5707 2491 5782 ἲῖοηθιὶΡοηῊ·
