3926 6188
385 386 522 443 Ιῖ35

379 502 617 558 omnium
639 501 897 572 gentium,
921 514 1056 572 quas
1076 500 1311 556 donabat
1331 501 1433 568 eis,
1461 501 1551 570 qui
1577 515 1736 555 unam
1760 508 1970 556 tantum

381 606 493 646 sine
528 589 699 661 gentis
737 589 970 660 linguam
1011 589 1310 648 didicerant
1340 589 1506 664 (quod
1544 589 1796 646 indicium
1827 605 1969 661 pras-

381 682 566 739 sentiie
587 697 699 738 sua:
721 691 848 738 tunc
871 696 994 739 esse
1015 683 1225 755 voluit),
1249 683 1348 740 nisi
1371 697 1558 738 omnes
1577 694 1766 754 gentes
1793 684 1968 739 Evan-

379 776 516 846 gelio
544 775 876 844 credituras;
904 783 964 831 ut
992 777 1168 846 primo
1187 776 1550 847 unusquisque
1577 773 1834 844 ﬁdelium,
1869 791 1969 847 po-

378 875 491 927 stea
522 883 648 922 vero
671 868 783 938 ipsa
810 870 985 924 unitas
1007 868 1260 924 Ecclesia)
1288 867 1482 937 linguis
1508 867 1755 923 omnibus
1782 867 1968 938 loque-

380 961 565 1016 retur?
589 961 727 1030 Quid
755 961 818 1016 ad
851 961 967 1016 hinc
993 961 1178 1015 dicunt
1198 1003 1212 1028 ,
1255 960 1344 1029 qui
1373 958 1676 1014 christiana:
1698 957 1962 1024 societati,

378 1068 498 1123 qua:
524 1053 576 1107 in
607 1051 855 1108 omnibus
881 1052 1129 1123 gentibus
1153 1051 1435 1106 iructilleat
1459 1058 1513 1106 et
1542 1050 1755 1117 crescit,
1779 1049 1969 1104 nolunt

381 1143 707 1213 ineorporari
751 1151 910 1212 atque
960 1142 1251 1213 conjungi?
1298 1139 1690 1211 Numquidnam
1743 1147 1969 1209 possunt

379 1250 610 1306 negare,
642 1237 800 1291 etiam
851 1249 990 1290 nunc
1025 1235 1080 1289 in
1120 1233 1452 1288 Christianos
1491 1232 1672 1288 venire
1709 1230 1964 1302 Spiritum

378 1326 654 1381 sanctum?
682 1326 788 1382 Cur
817 1340 943 1396 ergo
961 1340 1106 1380 nunc
1134 1340 1307 1395 neque
1327 1324 1465 1395 apud
1486 1337 1604 1390 nos,
1636 1337 1808 1394 neque
1824 1322 1965 1392 apud

380 1416 499 1472 illos
528 1417 804 1486 quisquam
824 1415 1058 1486 loquitur
1081 1415 1275 1486 linguis
1291 1413 1527 1469 omnium
1545 1413 1782 1483 gentium
1799 1411 1967 1483 (quod

381 1518 504 1562 tunc
529 1518 643 1562 erat
667 1509 923 1562 adventus
951 1508 1070 1576 ejus
1101 1507 1372 1576 indicium)
1390 1548 1404 1571 ,
1428 1506 1527 1560 nisi
1554 1505 1674 1576 quia
1704 1519 1844 1560 nunc
1870 1504 1968 1558 im-

380 1597 553 1666 pletur
597 1599 736 1668 quod
772 1609 896 1652 tunc
930 1598 1366 1668 signiﬁcabatur?
1394 1597 1546 1651 Tunc
1583 1596 1726 1651 enim
1752 1604 1807 1650 et
1829 1609 1966 1650 unus

378 1686 547 1743 lldelis
581 1690 772 1758 linguis
819 1689 1064 1744 omnibus
1104 1689 1416 1758 loquebatur
1461 1705 1478 1742 :
1519 1697 1572 1742 et
1610 1701 1752 1741 nunc
1791 1687 1967 1741 unitas

376 1780 612 1836 ﬁdelium
640 1781 832 1851 linguis
866 1781 1113 1836 omnibus
1135 1781 1382 1850 loquitur.
1413 1780 1594 1849 itaque
1626 1777 1785 1833 etiam
1822 1793 1963 1833 nunc

376 1888 564 1928 omnes
605 1873 798 1942 lingua:
836 1882 1032 1927 nostra:
1053 1880 1198 1938 sunt,
1226 1871 1478 1942 quoniam
1519 1869 1756 1924 membra
1784 1883 1966 1924 sumus

375 1965 617 2033 corporis
642 1965 693 2017 in
719 1979 826 2034 quo
855 1973 997 2018 sunt.

445 2055 500 2109 2.
535 2055 919 2117 Schismaticos,
943 2055 1035 2109 etsi
1062 2053 1383 2124 Baptismum
1408 2054 1644 2119 habeant,
1675 2069 1773 2106 non
1798 2062 1966 2107 tamen

376 2147 561 2202 habere
584 2146 835 2217 Spiritum
867 2155 1118 2200 sanctum.
1145 2145 1374 2216 Spiritus
1406 2156 1611 2200 sanctus
1647 2161 1735 2216 per
1771 2144 1963 2198 Sacra-

375 2249 543 2294 menta
563 2249 608 2293 et
633 2239 743 2292 sine
779 2239 1122 2293 Sacratnentis
1161 2237 1327 2292 datus.
1370 2237 1478 2292 Nec
1515 2238 1782 2292 immerito
1819 2244 1966 2292 recte

377 2333 706 2404 intelligitur,
737 2331 980 2404 quamvis
1009 2331 1154 2400 ipsas
1181 2331 1509 2402 Baptismum
1540 2330 1736 2386 Christi
1767 2329 1967 2386 habere

376 2424 659 2489 fateamur,
707 2423 988 2479 haereticos
1032 2437 1136 2477 non
1184 2423 1427 2492 accipere
1470 2422 1552 2476 vel
1599 2420 1966 2477 schismatico‘s

376 2516 633 2586 Spiritum
672 2523 952 2582 sanctum,
997 2514 1098 2568 nisi
1136 2513 1262 2568 dum
1306 2514 1607 2584 compagini
1641 2511 1967 2570 adbzeserint

377 2607 598 2662 unitatis
613 2620 708 2677 per
726 2607 1056 2661 consortium
1082 2605 1377 2660 cltaritatis.
1403 2605 1550 2661 Tunc
1567 2607 1708 2662 enim
1729 2608 1964 2676 gentium

378 2700 571 2770 lingua:
597 2698 755 2754 etiam
785 2699 1023 2769 ipsorum
1063 2706 1223 2754 erunt
1255 2713 1269 2750 :
1302 2697 1424 2768 quia
1457 2699 1544 2754 ubi
1579 2709 1701 2754 sunt
1728 2700 1861 2768 illze,
1893 2701 1965 2758 ibi

377 2803 431 2848 et
454 2792 553 2864 ipsi
583 2800 759 2859 erunt,
789 2793 840 2847 in
861 2791 1050 2847 eodem
1078 2791 1285 2848 scilicet
1309 2791 1507 2848 Christi
1525 2807 1748 2863 corpore
1769 2793 1968 2864 ubique

376 2892 672 2951 crescente,
704 2891 982 2940 servantes
1007 2884 1265 2940 unitatem
1293 2883 1514 2955 spiritus
1540 2885 1593 2939 in
1623 2884 1832 2940 vinculo
1866 2899 1964 2955 pa-

377 2978 456 3033 cis
478 2976 696 3051 (Ephes.
730 2991 802 3041 iv,
829 2975 921 3049 3).
966 2976 1078 3032 ilec
1114 2975 1384 3032 vinculum
1412 2989 1571 3048 quem
1614 2989 1720 3032 non
1748 2977 1962 3048 alligat,

373 3079 564 3125 servus
595 3075 698 3124 est.
729 3067 849 3122 Non
880 3068 1012 3122 enim
1039 3069 1328 3139 accepimus
1347 3109 1362 3136 ,
1390 3067 1531 3125 sicut
1555 3067 1840 3140 Apostolus
1867 3067 1959 3135 ait,

377 3159 612 3229 spiritum
635 3159 884 3213 servitutis
907 3159 1088 3214 iterum
1108 3160 1162 3213 in
1195 3161 1406 3225 timore;
1424 3159 1514 3214 sed
1537 3161 1818 3232 accepimus
1842 3159 1967 3232 Spi-

376 3253 531 3307 ritum
550 3251 838 3324 adoptionis
865 3251 1109 3328 ﬁliorum,
1137 3253 1192 3308 in
1212 3270 1310 3325 quo
1338 3254 1635 3321 clamamus,
1665 3252 1824 3322 Abba,
1854 3255 1965 3311 Pa-

377 3355 451 3401 ter
477 3345 496 3416 (
519 3345 670 3401 Rom.
697 3359 809 3411 vui,
840 3345 906 3401 15
926 3345 967 3414 ).
1002 3344 1236 3401 Proinde
1259 3345 1519 3401 veraciter
1545 3345 1812 3416 sapimus,
1843 3347 1965 3403 ideo

381 3437 572 3508 linguis
602 3436 840 3491 omnium
883 3436 1120 3508 gentium
1157 3436 1556 3493 demonstrasse
1594 3437 1686 3493 illo
1726 3447 1964 3509 tempore

377 3527 713 3594 prtcsentiam
750 3542 902 3582 suam
950 3526 1206 3598 Spiritum
1249 3535 1521 3594 sanctum,
1563 3537 1621 3584 ut
1661 3531 1821 3590 etiam
1864 3532 1965 3586 hoc

378 3631 636 3691 tempore,
666 3635 772 3690 quo
795 3635 854 3676 se
874 3635 978 3676 non
1005 3622 1075 3675 ita
1101 3621 1451 3689 demonstrat,
1479 3637 1586 3677 non
1615 3638 1735 3678 eum
1769 3624 1964 3680 intelli-

374 3720 529 3778 gatur
556 3709 756 3766 habere
778 3752 795 3779 ,
821 3712 1063 3782 quamvis
1105 3722 1441 3769 sacramento
1474 3713 1731 3785 Baptismi
1760 3715 1963 3772 imbua-

377 3809 480 3866 tur,
524 3801 761 3872 quisquis
796 3801 863 3857 ab
890 3803 1092 3858 unitate
1118 3803 1354 3858 omnium
1391 3805 1624 3874 gentium
1663 3815 1960 3875 separatur.

375 3893 441 3951 Et
474 3908 542 3949 ne
578 3901 854 3964 putaretur
886 3907 1222 3964 consequens
1248 3909 1368 3950 esse
1398 3903 1455 3949 ut
1481 3895 1722 3966 quisquis
1755 3897 1961 3968 Baptis-

375 4001 518 4040 mum
540 3985 813 4040 Trinitatis
841 3985 1107 4054 habuerit,
1144 3985 1334 4041 habeat
1362 3986 1522 4042 etiam
1551 3986 1806 4057 Spiritum
1829 4003 1960 4044 san-

373 4085 548 4144 ctum;
581 4087 860 4148 prepterea
895 4077 1054 4133 etiam
1092 4077 1148 4132 in
1173 4077 1284 4148 ipsa
1313 4077 1514 4155 unitate
1540 4077 1676 4134 facta
1701 4087 1786 4134 est
1815 4087 1959 4136 tanta

373 4165 671 4231 distinctio,
702 4175 758 4222 ut
795 4167 1127 4222 inveniamus
1165 4167 1422 4236 quosdam
1464 4168 1756 4238 baptizatos
1793 4169 1962 4241 Spiri-

374 4269 483 4312 tum
512 4267 752 4314 sanctum
780 4268 960 4328 postea
984 4259 1259 4322 meruisse,
1288 4273 1407 4313 cum
1436 4259 1501 4314 ad
1534 4260 1652 4314 illos
1681 4260 1732 4315 in
1765 4258 1958 4316 Sama-

375 4350 509 4403 riam
555 4349 828 4403 venissent
868 4349 1132 4418 Apostoli,
1175 4349 1365 4419 quibus
1399 4350 1708 4406 absentibus
1753 4350 1959 4406 fuerant

375 4437 622 4508 baptizati
651 4436 788 4507 (Act.
818 4453 927 4500 vtu,
958 4437 1143 4506 H-l7)
1176 4456 1188 4491 :
1219 4439 1353 4492 alios
1383 4450 1580 4503 autem,
1609 4439 1749 4511 quod
1780 4443 1958 4511 siuguo

377 4531 486 4582 lare
511 4529 743 4582 occurrit
767 4528 1089 4596 exemplum,
1119 4543 1240 4582 eum
1267 4537 1388 4582 ante
1417 4529 1742 4599 Baptismum
1776 4544 1957 4599 perec-

376 4616 544 4685 pisse;
579 4615 716 4670 sicut
746 4615 994 4686 loquente
1018 4615 1212 4681 Petro,
1253 4617 1499 4671 Cornelio
1532 4625 1588 4672 et
1615 4619 1692 4674 eis
1719 4619 1808 4690 qui
1834 4635 1955 4675 cum

375 4709 465 4762 illo
493 4714 666 4769 erant,
689 4720 917 4776 superna
946 4713 1206 4776 potestate
1228 4720 1540 4760 concessum
1565 4716 1667 4772 est,
1691 4711 1772 4763 cui
1796 4709 1956 4767 homo

372 4798 737 4855 contradicere
767 4796 894 4852 nihil
931 4806 1100 4867 potest
1131 4795 1253 4871 (Id.
1288 4813 1352 4866 κ,
1379 4798 1592 4868 ιιι-48).
1625 4797 1798 4870 Super
1823 4801 1956 4857 alios

361 4895 493 4946 ἰιιοκ
521 4889 815 4962 baptizatos
839 4888 1087 4951 advenit;
1118 4887 1254 4943 sicut
1281 4903 1442 4959 super
1469 4889 1614 4944 illum
1639 4889 1953 4960 spadonem,

372 4984 454 5036 cui
478 4981 755 5052 Philippus
783 4996 848 5036 ex
877 4977 1137 5050 prapheta
1171 4978 1300 5034 Isaia
1327 4980 1785 5050 evangelizaverat
1804 4983 1955 5038 Chri-

374 5086 510 5127 slum
557 5071 630 5143 (τι)
658 5071 782 5143 (Id.
816 5087 926 5136 vttt,
956 5069 1114 5127 26-59
1205 5069 1376 5141 Super
1414 5071 1545 5125 alios
1574 5087 1668 5140 per
1702 5087 1952 5130 manuum

374 5166 762 5237 impositionem
796 5164 1170 5234 Apostolorum
1192 5205 1206 5228 ,
1249 5162 1386 5218 sicut
1414 5165 1644 5221 maxime
1673 5165 1950 5235 plurimos.

371 5258 546 5329 Super
589 5255 741 5322 alios,
784 5255 933 5310 nullo
972 5269 1188 5309 manum
1233 5255 1561 5324 imponente,
1607 5254 1700 5310 sed
1747 5258 1953 5311 cunctis

351 5334 671 5413 orantibus;
704 5345 843 5405 sicut
868 5359 933 5400 eo
959 5343 1075 5414 ipso
1111 5343 1222 5407 die,
1259 5359 1412 5414 quem
1458 5344 1769 5400 solemniter
1794 5344 1952 5401 hodie

367 5438 724 5504 celebramus,
756 5451 876 5491 cum
905 5444 1084 5490 essent
1120 5434 1170 5490 iu
1201 5451 1308 5490 uno
1345 5435 1582 5490 conclavi
1621 5445 1832 5491 centum
1873 5437 1952 5490 vi-

368 5525 498 5594 ginti
526 5530 720 5584 anima:
743 5546 862 5585 cum
891 5525 1181 5602 Apostolis.
1213 5527 1384 5600 Super
1401 5528 1630 5598 aliquos,
1655 5545 1751 5582 nec
1771 5529 1949 5598 aliquo

369 5627 583 5672 manum
623 5619 960 5690 imponentc,
992 5634 1089 5676 nec
1123 5619 1301 5691 aliquo
1341 5629 1527 5674 orante
1548 5663 1560 5683 ,
1594 5620 1686 5674 sed
1731 5620 1947 5675 verbum

427 5729 503 5790 (α)
537 5735 602 5777 De
622 5730 865 5788 corneiio,
889 5738 956 5793 et
983 5730 1050 5780 de
1087 5729 1308 5793 Eunucho
1336 5729 1558 5780 (nudatae
1599 5737 1801 5793 regine,
1837 5730 1948 5782 vide

364 5802 532 5856 Sagra,
553 5804 826 5841 sermonem
850 5791 956 5854 966,
981 5806 1028 5842 n.
1056 5792 1146 5840 l-6.
1191 5795 1201 5802 '

1617 382 1675 438 S.
1719 379 2082 440 AUGUSTINI
2122 383 2432 443 EPISCOPI

3525 410 3550 466 I
3561 410 3662 470 136

2082 501 2175 558 Dei
2202 505 2408 561 cunctis
2435 507 2801 576 audientibus;
2830 513 2969 569 sicut
2993 528 3156 586 super
3174 516 3315 584 illos,
3348 535 3484 582 quos
3511 527 3666 578 ινιοοι·

2077 603 2202 650 ante
2245 601 2681 668 commemoravi,
2722 601 3028 661 Cornelium
3067 617 3121 663 et
3163 602 3486 661 domesticos
3527 599 3658 669 ejus.

2077 683 2184 738 Cur
2204 685 2361 756 igitur
2383 689 2544 745 modo
2572 693 2669 756 sic,
2701 694 2863 750 modo
2895 706 3076 740 autem
3099 699 3207 759 sic,
3238 693 3342 748 nisi
3371 705 3440 743 ne
3467 689 3662 760 aliquid

2043 795 2046 798 ’
2078 772 2206 830 hinc
2233 776 2477 831 humanae
2502 773 2764 842 superbia
2780 816 2794 838 ,
2816 774 2910 829 sed
2937 783 3106 831 totum
3135 776 3328 831 divina!
3353 778 3544 848 gratiae
3568 793 3664 850 po-

2075 863 2360 934 testatique
2397 863 2692 918 tribuatur?
2730 865 2855 921 [hec
2889 866 3067 937 itaque
3105 867 3376 925 distinetio
3410 871 3555 926 inter
3577 887 3664 927 ac-

2075 956 2372 1028 eeptionem
2415 955 2695 1026 Baptismi,
2721 965 2775 1012 et
2805 959 3169 1029 aceeptionem
3204 960 3436 1032 Spiritus
3471 964 3661 1030 sancti,

2073 1049 2202 1100 satis
2239 1060 2337 1101 nos
2377 1046 2615 1112 instruit,
2647 1063 2714 1102 ne
2745 1047 2942 1105 habere
2984 1049 3083 1105 hos
3126 1051 3380 1106 continuo
3403 1049 3664 1123 Spiritum

2073 1144 2312 1191 sanctum
2339 1146 2603 1207 putemus,
2631 1154 2765 1209 quos
2793 1139 2990 1196 habere
3016 1141 3346 1212 Baptismum
3373 1159 3482 1197 non
3506 1158 3663 1215 nega-

2074 1244 2210 1283 mus.
2241 1229 2452 1299 Quanto
2480 1232 2646 1301 magis
2673 1232 2790 1287 illos
2810 1275 2824 1300 ,
2857 1249 2991 1303 quos
3016 1249 3121 1290 non
3152 1233 3326 1290 solum
3365 1237 3513 1292 nulla
3540 1238 3664 1292 cha-

2074 1320 2202 1374 ritas
2245 1320 2548 1376 christiana:
2575 1325 2789 1378 unitatis
2813 1327 3104 1382 armavit'l
3137 1327 3374 1384 Charitas
3403 1330 3541 1383 enim
3571 1328 3660 1386 Dei

2071 1409 2258 1480 diffusa
2279 1413 2424 1468 estin
2445 1413 2678 1470 cordibus
2697 1416 2914 1481 nostris;
2938 1433 3040 1473 non
3065 1417 3245 1490 utique
3262 1433 3358 1490 per
3371 1436 3474 1475 nos
3497 1423 3657 1492 ipsos,

2069 1503 2165 1559 sed
2190 1505 2328 1560 sicut
2355 1506 2611 1577 sequitur,
2643 1525 2730 1576 per
2760 1507 3010 1578 Spiritum
3044 1523 3273 1565 sanctum
3306 1514 3395 1582 qui
3418 1513 3570 1567 datus
3595 1527 3662 1570 est

2069 1595 2215 1650 nobis
2241 1594 2417 1666 (Rom.
2451 1613 2504 1660 v,
2535 1598 2614 1667 5).
2655 1595 3013 1666 Quamobrem
3042 1601 3178 1656 sicut
3205 1614 3331 1658 tunc
3360 1603 3665 1661 indicabant

2071 1685 2260 1742 adesse
2311 1688 2569 1757 Spiritum
2634 1700 2875 1744 sanetum
2935 1691 2987 1745 in
3041 1707 3148 1746 uno
3199 1692 3417 1749 homine
3471 1695 3664 1766 lingua:

2071 1779 2306 1833 omnium
2335 1781 2599 1849 gentium;
2631 1780 2710 1835 sic
2745 1797 2865 1836 eum
2896 1797 3035 1837 nunc
3063 1782 3296 1839 cbaritas
3327 1783 3528 1840 indicat
3549 1787 3665 1841 uui—

2073 1873 2195 1926 tatis
2222 1872 2459 1928 omnium
2489 1872 2749 1942 gentium.

2141 1963 2194 2018 5.
2239 1961 2602 2018 Schismaticos
2632 1963 2876 2018 animales
2913 1981 3039 2029 esse,
3075 1982 3166 2021 nec
3204 1966 3386 2020 habere
3412 1967 3664 2038 Spiritum

2069 2064 2317 2108 sanctum.
2350 2052 2643 2110 Donatistus
2658 2072 2830 2109 carere
2847 2057 3108 2111 churitute.
3128 2087 3198 2097 —
3220 2047 3469 2110 Animalia
3497 2070 3663 2122 autem

2070 2147 2240 2211 homo,
2276 2147 2515 2216 Apostoli
2543 2148 2703 2203 verba
2729 2155 2872 2214 sunt,
2900 2164 2999 2202 non
3024 2149 3239 2219 percipit
3258 2166 3370 2220 qua:
3393 2159 3514 2204 sunt
3539 2149 3661 2219 Spi-

2069 2238 2196 2292 ritus
2222 2237 2317 2292 Dei
2339 2240 2357 2308 (
2379 2238 2393 2291 i
2417 2237 2535 2292 Cor.
2557 2254 2616 2300 ιι,
2647 2238 2769 2309 ll).
2809 2237 2874 2292 Et
2902 2239 3080 2308 utique
3102 2241 3363 2294 animales
3391 2240 3655 2308 increpat,

2069 2330 2260 2400 quibus
2274 2331 2348 2385 ait
2371 2347 2384 2383 ε
2418 2328 2770 2401 Unusquisque
2793 2341 3012 2384 vestrum
3031 2331 3170 2397 dicit,
3197 2331 3306 2403 Ego
3325 2333 3531 2404 quidem
3554 2347 3662 2386 sunt

2071 2419 2248 2487 Pauli,
2279 2435 2372 2492 ego
2399 2431 2565 2476 autem
2613 2420 2814 2493 Apollo,
2847 2438 2939 2494 ego
2964 2435 3077 2476 vero
3111 2419 3333 2493 Cepluc,
3373 2438 3465 2494 ego
3493 2436 3660 2476 autem

2069 2513 2278 2569 Christi.
2305 2513 2510 2570 Divisus
2533 2524 2605 2569 est
2633 2512 2901 2571 Christus?
2923 2513 3194 2584 Numquid
3229 2514 3431 2570 Paulus
3455 2533 3550 2586 pro
3574 2532 3658 2569 so-

2069 2605 2144 2659 bis
2169 2605 2442 2676 cruciﬁams
2487 2607 2599 2660 est?
2622 2615 2709 2660 aut
2743 2607 2795 2660 in
2828 2607 3030 2660 nomine
3064 2604 3217 2660 Pauli
3259 2606 3509 2678 baptismi
3549 2607 3661 2660 estis

2069 2694 2184 2766 (Id.
2208 2712 2246 2764 ι,
2274 2695 2360 2764 12,
2384 2697 2474 2768 45)
2490 2698 2513 2750 ?
2528 2695 2677 2753 Sicut
2697 2698 2837 2752 enim
2861 2697 3160 2767 spirituales
3183 2698 3383 2752 unitate
3403 2698 3658 2768 gaudent,

2068 2790 2146 2844 sic
2169 2789 2425 2844 animales
2453 2789 2875 2845 dissensionibus
2916 2789 3153 2845 student.
3185 2790 3259 2845 De
3285 2789 3369 2844 his
3417 2799 3471 2844 et
3497 2789 3662 2844 ludas

2069 2880 2339 2950 apostolus
2367 2880 2700 2950 apertissime
2728 2879 2970 2935 scribens
2998 2897 3013 2935 :
3058 2875 3130 2934 Ili
3153 2891 3270 2934 sunt
3291 2923 3306 2945 ,
3342 2881 3515 2950 inquit
3535 2923 3549 2944 ,
3577 2884 3659 2952 qni

2068 2982 2328 3045 segregant
2368 2972 2688 3042 semetiptos,
2717 2974 2980 3040 animales,
3019 2975 3250 3046 spiritum
3291 2989 3388 3027 non
3426 2974 3661 3029 habentes

2069 3061 2260 3136 (Judte
2284 3062 2408 3134 l9).
2441 3062 2576 3131 Quid
2615 3061 2949 3118 evidentius?
2979 3063 3105 3135 quid
3135 3065 3474 3134 expressius?
3516 3065 3661 3121 Desi-

2068 3163 2198 3210 nant
2225 3156 2401 3224 itaque
2423 3155 2739 3225 insipicntcs
2763 3155 2863 3210 sibi
2887 3151 3133 3223 blandiri,
3159 3155 3417 3228 uobisque
3445 3157 3655 3213 dicere:

2068 3244 2204 3318 Quid
2224 3245 2492 3316 accepturi
2519 3261 2723 3311 sumus,
2751 3261 2871 3300 cum
2895 3247 2961 3302 ad
2987 3261 3082 3302 vos
3103 3249 3512 3314 accesserimus,
3540 3264 3656 3304 cum

2063 3337 2172 3408 jam
2203 3351 2302 3392 nos
2344 3335 2672 3407 Baptismum
2715 3337 2914 3393 Christi
2964 3340 3162 3395 habere
3201 3339 3519 3396 fateamini?
3554 3341 3658 3396 lle-

2067 3425 2390 3500 spondeinus
2430 3431 2509 3485 eis
2540 3449 2552 3485 :
2585 3430 2801 3487 Habetis
2839 3432 3164 3502 Baptismum
3205 3434 3438 3499 Christi;
3479 3435 3656 3492 venite

2065 3531 2126 3576 ut
2151 3523 2389 3578 habeatis
2405 3532 2458 3576 et
2477 3521 2732 3593 Spiritum
2752 3523 2949 3580 Christi
2994 3525 3205 3581 Timete
3229 3527 3371 3597 quod
3403 3529 3656 3600 scriptum

2066 3622 2149 3668 est
2179 3632 2190 3668 :
2226 3614 2466 3681 Quisquis
2491 3624 2658 3668 autent
2680 3613 2929 3686 Spiritum
2949 3615 3136 3671 Christi
3155 3635 3252 3671 non
3270 3617 3440 3684 habet,
3464 3620 3546 3673 hic
3561 3635 3657 3673 non

2065 3714 2138 3759 est
2163 3707 2272 3777 ejus
2292 3705 2466 3777 (Rom.
2492 3722 2512 3755 ι
2528 3721 2604 3769 ιιι,
2626 3706 2702 3777 9).
2730 3705 2979 3762 lnduistis
2999 3707 3272 3763 Christum
3292 3708 3466 3764 forma
3484 3726 3657 3766 sacra-

2065 3797 2357 3862 cramenti;
2391 3798 2590 3852 induite
2611 3798 2906 3855 imitatione
2928 3801 3186 3870 exetnpli.
3222 3802 3481 3869 Quoniam
3512 3802 3657 3859 Chri-

2063 3897 2168 3942 stus
2198 3905 2289 3958 pro
2320 3889 2460 3942 nobis
2485 3901 2664 3959 passus
2684 3899 2775 3954 est,
2797 3891 3083 3961 relinquens
3109 3893 3250 3947 nobis
3271 3893 3583 3965 exemplum,
3606 3906 3658 3948 ut

2057 3994 2329 4050 sequamur
2358 3981 2562 4052 vestigia
2587 3983 2698 4054 ejus
2729 3980 2772 4054 (l
2801 3981 2939 4036 Petr.
2965 3998 3022 4049 ιι,
3049 3981 3165 4055 2i).
3202 3983 3383 4040 Nolite
3421 4001 3544 4041 esse
3571 3986 3658 4039 ha-

2055 4068 2232 4123 bentes
2259 4073 2476 4140 formam
2505 4071 2703 4140 pietatis
2724 4113 2738 4134 ,
2780 4071 3011 4126 virtutem
3035 4083 3201 4126 autem
3226 4075 3334 4146 ejus
3355 4075 3660 4147 abnegantes

2057 4157 2127 4230 (ll
2143 4157 2274 4213 Tim.
2289 4174 2365 4226 tu,
2384 4160 2458 4230 5).
2472 4160 2601 4230 Qua:
2613 4167 2787 4216 autem
2801 4161 2972 4233 major
2981 4171 3062 4218 est
3073 4164 3238 4218 virtus
3251 4164 3481 4233 pietatis,
3500 4182 3655 4237 quam

2063 4250 2294 4306 charitas
2327 4252 2574 4307 unitatis?
2607 4251 2809 4308 Dicitur
2838 4254 2890 4308 in
2921 4254 3174 4321 Psalmis,
3203 4256 3380 4311 Omnis
3421 4274 3655 4312 comam-

2058 4343 2296 4397 1nationis
2321 4344 2421 4396 vidi
2451 4341 2604 4412 ﬁnem
2627 4359 2645 4397 :
2665 4342 2822 4399 latum
2843 4346 3134 4398 mandatum
3151 4355 3290 4400 tuum
3307 4348 3457 4402 ualde
3473 4345 3648 4418 (’Psal.

2056 4449 2240 4500 cvvm,
2263 4431 2374 4505 96).
2402 4431 2556 4504 Quod
2583 4435 2911 4503 mandatum,
2939 4436 3037 4490 nisi
3073 4435 3140 4492 de
3166 4451 3270 4506 quo
3305 4437 3510 4492 dictum
3541 4445 3651 4501 est.

2064 4523 2367 4578 Mandatum
2409 4541 2588 4578 novtnn
2629 4526 2694 4580 do
2737 4526 2904 4592 vobis,
2951 4537 3005 4580 ut
3053 4543 3138 4582 vos
3175 4528 3389 4582 invicem
3434 4529 3654 4600 diligatis

2051 4615 2082 4685 '(
2105 4614 2261 4669 Joan.
2288 4631 2403 4682 xm,
2435 4617 2504 4673 54
2595 4616 2769 4685 Quare
2793 4618 2978 4684 latuit,
3006 4619 3106 4672 nisi
3152 4619 3273 4688 quia
3304 4620 3532 4676 Charitas
3565 4620 3654 4674 Dei

2055 4704 2252 4772 ili/fusa
2293 4716 2368 4760 est
2406 4707 2461 4760 in
2503 4707 2736 4762 cordibus
2779 4709 2962 4764 nosm's
3007 4709 3198 4779 (Rom.
3227 4725 3282 4771 ν,
3323 4711 3444 4781 5)?
3481 4713 3650 4780 Quare

2055 4797 2236 4850 omnis
2274 4798 2748 4852 consummationis
2787 4808 2867 4853 est
2902 4799 3046 4863 linis,
3085 4801 3187 4853 nisi
3229 4802 3350 4870 quia
3395 4803 3650 4871 plenitudo

2061 4889 2185 4960 legis
2208 4897 2278 4943 est
2303 4889 2521 4942 charitas
2543 4907 2562 4954 ;
2595 4900 2647 4944 et
2669 4891 2830 4943 omnis
2857 4889 2939 4944 lex
2961 4891 3011 4944 in
3039 4890 3132 4944 hoc
3150 4905 3380 4946 sermone
3405 4894 3650 4961 recapitu-

2061 4981 2211 5046 latur,
2241 4980 2294 5033 in
2323 4997 2380 5034 eo
2408 4980 2542 5050 quod
2569 4981 2809 5050 scriptum
2836 4991 2907 5036 cst
2925 5024 2938 5047 ,
2972 4981 3160 5052 Diliges
3195 4985 3482 5051 proximum
3514 4996 3650 5038 tanta

2055 5081 2301 5141 tanquam
2340 5082 2386 5125 te
2413 5073 2575 5143 ipsum
2603 5070 2778 5143 (Rom.
2811 5089 2922 5135 xm,
2953 5073 3040 5138 10,
3069 5077 3122 5137 9,
3156 5084 3204 5128 et
3231 5073 3402 5129 Colat.
3433 5093 3487 5141 τ’,
3523 5075 3650 5144 l-l)?

2056 5159 2132 5217 ita
2155 5171 2330 5218 autem
2352 5165 2622 5233 proximos
2639 5174 2886 5234 tanquam
2906 5179 3004 5219 vos
3027 5165 3169 5234 ipsos
3189 5166 3427 5237 diligitis,
3455 5177 3508 5221 ut
3527 5183 3645 5221 cum

2051 5254 2184 5308 mali
2217 5253 2435 5325 aliquid,
2469 5255 2608 5326 quod
2647 5271 2753 5310 nec
2782 5256 2950 5310 visum
2971 5297 2984 5323 ,
3017 5269 3117 5311 nec
3161 5257 3441 5327 probatum
3469 5266 3555 5311 est
3595 5256 3646 5310 in

2056 5345 2242 5410 vobis,
2287 5345 2430 5399 credi
2474 5345 2541 5400 de
2583 5345 2737 5401 vobis
2771 5348 2950 5401 nolitis
2971 5387 2986 5409 ,
3016 5347 3067 5401 id
3097 5347 3238 5418 quod
3272 5363 3373 5404 nec
3406 5348 3645 5413 vidistis,

2055 5451 2155 5489 nec
2185 5436 2463 5504 probatum
2490 5437 2797 5507 accepistis,
2838 5437 2904 5493 de
2939 5447 3048 5492 toto
3080 5447 3340 5492 terrarum
3365 5437 3498 5492 orbe
3527 5449 3642 5492 crc-

2053 5525 2212 5579 datis.

2132 5617 2180 5671 b.
2226 5616 2326 5672 Eos
2357 5618 2505 5681 factis
2531 5635 2627 5670 non
2650 5635 2796 5687 posse
2815 5619 2996 5686 dicere,
3023 5619 3264 5678 Dominus
3283 5620 3456 5678 Iesus.
3482 5620 3641 5677 Vide-

2125 5776 2136 5803 ‘
2181 5775 2257 5824 Hic
2281 5773 2458 5825 deesse
2484 5773 2672 5826 videttu'
2695 5775 2888 5841 aliquid.
