3926 6188
280 1362 319 1413 ,

274 1442 292 1469 ι

319 180 452 249 tam

319 295 441 351 mini
470 291 620 347 vobis
645 291 846 359 dicere,
878 290 1123 344 Dominus
1145 287 1315 342 Jesus.
1350 287 1416 341 Et
1446 286 1582 341 forte
1610 302 1716 347 non
1755 284 1910 353 intel-

321 364 545 457 hgrntes
589 383 871 440 attenditis'
906 382 972 436 ad
1017 370 1083 436 id
1113 380 1253 451 (μιυά
1284 374 1569 452 Apostolus
1610 376 1719 432 ait:
1747 375 1912 439 Nemo

308 467 472 542 'dii-it,‘
495 470 741 528 Dominus
768 471 939 537 Iesus,
969 473 1067 527 nisi
1090 473 1142 526 in
1171 470 1371 542 Spiritu
1396 476 1571 525 sancto
1602 468 1643 542 (1
1672 465 1791 524 Cor.
1817 484 1909 535 su,

322 566 421 642 3).
455 564 561 642 Sed
585 547 692 619 lioc
722 564 864 637 quod
894 564 989 628 ait,
1030 562 1173 629 dicit,
1216 560 1421 635 signate
1462 559 1693 631 positum
1734 569 1832 625 est,
1863 568 1917 642 et

321 638 539 731 proprio
568 653 800 725 quodam
825 652 1000 710 mede.
1029 650 1195 709 Nemo
1220 652 1362 709 enim
1389 652 1533 715 dicit,
1562 650 1807 707 Dominus
1826 640 1916 705 Je-

319 734 425 812 sus,
458 751 554 805 nisi
586 751 637 805 in
666 748 866 818 Spiritu
889 755 1061 801 sancto
1084 765 1103 802 :
1126 744 1218 802 sed
1248 744 1295 800 si
1320 745 1440 799 dicit
1462 743 1634 810 factis,
1659 760 1764 801 non
1787 742 1917 799 solis

321 841 519 897 verbis.
544 840 678 897 Nam
702 848 923 909 possunt
952 830 1152 905 dicere,
1184 835 1430 891 Dominus
1455 833 1627 900 Iesus,
1660 836 1820 890 etiam
1849 822 1915 890 de

306 934 519 1005 quibus
548 933 635 997 ait,
670 932 795 997 ρηω
818 931 1021 1005 dicunt,
1052 930 1241 1004 facite;
1265 944 1382 1000 quae
1402 932 1569 982 autent
1591 926 1805 1001 faciunt,
1831 916 1916 999 [u-

316 1026 437 1078 cere
464 1024 616 1075 nolite
647 1006 856 1093 (Matth.
884 1026 1031 1087 χχιιι,
1051 1017 1132 1097 '5).
1160 1018 1357 1075 Omnes
1386 1016 1641 1081 brereses,
1665 1033 1796 1086 quas
1817 1015 1921 1069 uti-

326 1129 432 1184 que
453 1116 613 1168 etiam
636 1125 732 1166 vos
754 1110 1083 1182 improbatis,
1114 1111 1314 1174 dicunt,
1341 1105 1591 1161 Dominus
1617 1105 1786 1162 Iesus.
1810 1105 1919 1161 Nec

306 1207 509 1275 ,utique
537 1210 910 1274 segregaturus
938 1215 1018 1257 est
1048 1202 1113 1256 de
1145 1215 1312 1277 regno
1345 1200 1603 1256 cwlorum
1631 1214 1752 1264 eos,
1782 1214 1919 1271 quos

326 1296 589 1351 invenerit
617 1296 668 1350 in
694 1294 891 1365 Spiritu
932 1305 1151 1359 sancto;
1182 1303 1239 1357 et
1264 1300 1440 1349 tamen
1468 1291 1577 1346 ait:
1600 1288 1724 1345 Non
1755 1288 1918 1345 onmis

326 1389 414 1458 qui
437 1386 557 1441 dicit
588 1387 731 1455 mihi,
757 1384 991 1449 Domine,
1012 1376 1251 1453 Domine,
1275 1381 1484 1439 intrabit
1509 1383 1560 1438 in
1587 1399 1798 1458 regnum
1823 1398 1917 1453 ca:-

308 1479 515 1554 iorum.‘
539 1474 644 1534 Sed
674 1476 838 1554 Nemo
866 1478 1007 1544 dicit,
1032 1476 1281 1531 Dominus
1308 1474 1479 1543 Jesus,
1508 1462 1691 1531 nisiin
1721 1466 1923 1545 Spiritu

294 1552 503 1623 “smn-ta
527 1584 547 1623 :
571 1582 727 1623 nemo
753 1552 931 1638 plane,
955 1567 1049 1622 sed
1079 1583 1145 1623 eo
1180 1568 1339 1623 modo
1367 1584 1472 1639 quo
1504 1567 1702 1624 dictum
1733 1575 1834 1647 est,
1869 1567 1922 1623 id

303 1668 416 1716 ‘est
443 1660 613 1715 lactis.
644 1659 795 1717 Unde
824 1668 1040 1716 secutus
1070 1660 1311 1730 adjunxit
1336 1660 1349 1714 ὲ
1381 1659 1488 1716 Sed
1512 1661 1555 1715 is
1579 1661 1665 1734 qui
1690 1661 1813 1731 facit
1838 1677 1924 1715 vo-

331 1751 579 1805 luntatem
623 1750 792 1806 Patris
833 1753 950 1817 mei,
988 1752 1076 1823 qui
1112 1752 1164 1805 in
1201 1750 1337 1806 caelis
1373 1761 1467 1818 est,
1494 1752 1604 1823 ipse
1631 1752 1835 1806 intrabit
1870 1749 1923 1807 in

328 1859 543 1916 regnum
586 1844 825 1899 caelorum
857 1843 966 1917 (Id.
992 1856 1082 1911 vit,
1110 1844 1225 1916 2i).
1266 1843 1403 1898 Dicit
1441 1843 1582 1899 enim
1618 1850 1671 1898 et
1701 1843 1768 1901 de
1802 1841 1923 1915 qui-

334 1934 559 1990 busdam
606 1934 747 1992 idem
792 1936 1085 2007 apostolus,
1118 1933 1433 2005 Conﬁtentur
1474 1952 1527 1989 se
1565 1951 1710 1990 nosse
1737 1932 1922 2002 Deum,

334 2026 487 2099 factis
519 2037 683 2082 autem
713 2040 896 2101 negant
924 2027 1047 2099 (Tit.
1075 2044 1112 2095 ι,
1139 2026 1247 2096 lli).
1271 2022 1728 2095 Quemadmodum
1758 2044 1923 2100 nega-

338 2128 425 2173 tur
464 2117 638 2188 factis,
677 2120 755 2175 sic
791 2120 983 2174 dicitur
1012 2119 1181 2174 lactis.
1208 2119 1319 2174 lloc
1353 2118 1513 2173 modo
1541 2116 1750 2174 dicendi
1779 2135 1924 2173 nemo

312 2211 477 2275 dicit,
508 2206 759 2265 Dominus
794 2209 967 2277 Iesus,
1011 2208 1110 2265 nisi
1151 2211 1205 2264 in
1249 2206 1450 2279 Spiritu
1489 2218 1681 2265 sancto.
1709 2208 1767 2264 Si
1794 2223 1926 2280 ergo

329 2300 526 2355 unitati
549 2314 654 2354 non
675 2299 1031 2365 secesseritis,
1054 2296 1398 2370 segregantes
1417 2294 1789 2369 vosmetipsos,
1812 2298 1927 2353 anl-

306 2392 502 2447 ‘tnalcs
543 2386 995 2461 eritis’,‘Splritum
1026 2388 1134 2444 non
1175 2388 1452 2444 habentes.
1490 2385 1547 2444 Si
1584 2388 1761 2444 autem
1806 2389 1925 2445 ﬁcte

302 2483 693 2551 secesseritis,
720 2480 947 2551 Spiritus
967 2489 1171 2537 sanctus
1194 2472 1482 2551 disciplima
1509 2478 1715 2552 eﬂ'ugiet
1751 2481 1926 2550 fictum

334 2576 353 2647 (
381 2575 512 2643 Snp.
536 2566 635 2636 ι.”5
654 2556 698 2648 )’.
728 2571 879 2629 Tunc
897 2554 1148 2643 ergo‘vos
1172 2580 1414 2628 sanctum
1441 2569 1697 2642 Spiritum
1727 2570 1925 2628 habere

332 2668 663 2742 cognoscite,
708 2666 924 2739 quando
970 2668 1205 2722 mentem
1246 2676 1480 2721 vestram
1522 2676 1635 2736 per
1663 2663 1927 2720 sinceram

312 2756 653 2818 ’charitatem
683 2761 876 2815 unitati
906 2759 1288 2816 consenseritis
1318 2757 1543 2814 haerere.
1572 2757 1697 2813 Hice
1729 2759 1808 2814 eis
1836 2773 1926 2817 re-

316 2853 693 2925 'spondcamus
708 2836 1030 2917 dicentibus,
1049 2851 1185 2921 Quid
1203 2848 1474 2921 accepturi
1492 2851 1704 2904 sumus!
1723 2834 1928 2922 nosque

333 2947 500 3016 ipsos,
530 2944 740 3010 fratres,
770 2944 1072 3013 exemplum
1105 2942 1212 2999 illis
1239 2941 1501 2997 bonorum
1532 2955 1755 3012 operum
1788 2956 1926 3012 prae-

330 3036 573 3103 beamus,
603 3050 702 3089 nec
729 3034 853 3104 quia
880 3043 1086 3090 stamus
1114 3032 1507 3113 superbientes,
1532 3046 1631 3088 nec
1655 3031 1722 3087 de
1741 3030 1925 3103 jacen-

249 3192 252 3195 _
332 3127 476 3182 tibus
500 3126 865 3197 desperantes.

803 3234 1030 3293 δειιιιο
1066 3234 1296 3291 cccxx
1325 3237 1342 3259 ο
1374 3235 1473 3307 (η).

766 3335 812 3376 ιιι
845 3327 928 3376 die
962 3333 1298 3389 Pentecostes,
1336 3341 1366 3378 ν
1400 3322 1488 3391 (lt).

407 3434 455 3489 l.
479 3431 553 3489 De
570 3432 769 3504 Spiritu
797 3440 969 3487 sancto
992 3430 1261 3498 dicendum
1285 3447 1375 3485 cur
1399 3429 1485 3486 die
1511 3431 1925 3505 quinquagesimo

332 3534 447 3593 post
474 3522 679 3578 Pascha
717 3524 899 3579 missus
936 3522 1023 3577 sit.
1045 3522 1309 3592 Quoniam
1336 3532 1579 3595 sanctam
1607 3522 1920 3595 solemnita-

331 3628 438 3670 tem
458 3614 792 3672 celebramus
813 3614 921 3673 diei
944 3622 1053 3669 tam
1079 3621 1297 3679 sancte,
1319 3620 1382 3666 ut
1398 3611 1559 3668 hodie
1581 3613 1788 3668 venerit
1810 3613 1924 3682 ipse

327 3708 563 3776 Spiritus
610 3715 849 3774 sanctus,
890 3706 1143 3761 admonet
1186 3718 1286 3761 nos
1327 3713 1432 3767 tam
1474 3702 1658 3759 festiva
1694 3713 1751 3759 et
1770 3712 1920 3777 grata

328 3799 657 3868 solemnitas,
687 3798 754 3855 de
782 3799 899 3870 ipso
927 3797 1071 3853 dono
1092 3796 1205 3862 Dei,
1228 3796 1398 3867 gratia
1424 3796 1542 3865 Dei,
1565 3804 1619 3855 et
1646 3797 1922 3852 abundas»

324 3893 403 3951 tia
446 3888 825 3945 misericordiae
870 3889 987 3960 ejus
1034 3886 1091 3945 in
1134 3902 1250 3954 nos,
1280 3886 1332 3943 id
1361 3896 1453 3942 est
1477 3886 1544 3943 de
1584 3887 1700 3957 ipso
1722 3887 1921 3959 Spiritu

326 3991 521 4053 sancto
548 3981 749 4053 aliquid
789 3980 953 4050 loqui.
983 3977 1040 4034 In
1084 3978 1263 4035 schola
1301 3977 1517 4033 Domini
1541 3977 1921 4049 condiscipulis

327 4075 614 4146 loquimur.
651 4073 958 4144 Magistrum
1002 4072 1147 4128 etum
1191 4070 1453 4145 habemus
1498 4085 1683 4137 unum,
1722 4070 1775 4125 in
1813 4086 1920 4142 quo

323 4180 516 4233 onincs
541 4180 728 4221 sumus
750 4179 917 4227 unum
947 4182 959 4217 :
989 4163 1080 4234 qui
1110 4175 1228 4229 nos,
1256 4176 1324 4216 ne
1350 4159 1489 4217 forte
1515 4159 1584 4215 de
1613 4162 1920 4232 magisterio

322 4258 607 4327 superbire
626 4256 939 4322 audeamus,
958 4254 1255 4320 admonuit,
1278 4262 1333 4308 et
1353 4254 1453 4321 ait,
1474 4252 1647 4327 Nolite
1670 4255 1838 4311 vocari
1854 4255 1919 4311 ab

325 4349 610 4405 hominibus
629 4347 824 4410 Rabiri;
842 4363 979 4401 unus
1007 4353 1077 4401 est
1096 4345 1233 4400 enim
1252 4344 1488 4417 magister
1514 4353 1671 4399 vester
1687 4343 1919 4403 Christus

326 4437 546 4510 (Matth.
570 4455 726 4505 xxut,
749 4437 955 4510 8).,Sub
977 4437 1078 4490 hoc
1103 4450 1230 4505 ergo
1259 4435 1531 4511 magistro,
1557 4436 1710 4505 cujus
1733 4435 1918 4492 cathe-

323 4529 422 4586 dra
461 4530 657 4587 caelum
680 4537 785 4594 est,
812 4528 934 4598 quia
963 4525 1241 4581 erudiendi
1281 4540 1467 4581 sumus
1493 4523 1750 4597 {Litteris
1777 4525 1911 4597 ejus,

322 4602 588 4677 advertite
612 4632 781 4688 pauca
808 4631 928 4686 quae
952 4615 1147 4683 dicam,
1172 4614 1405 4671 donante
1433 4614 1549 4684 ipso
1571 4614 1663 4685 qui
1684 4614 1837 4685 jubet
1858 4626 1918 4672 ut

323 4712 520 4775 (licam.
543 4710 643 4780 Qui
672 4709 867 4775 nostis,
892 4704 1147 4771 recolite;
1178 4706 1270 4776 qui
1297 4705 1643 4778 ignorabatis,
1668 4707 1913 4778 accipite.

324 4788 485 4876 Smpe
506 4794 942 4861 moveLanimum
966 4799 1053 4877 pie
1075 4799 1367 4865 curiosum,
1394 4798 1438 4851 si
1462 4806 1640 4857 tamen
1668 4799 1917 4856 admitta-

325 4880 414 4953 tur
449 4894 684 4951 humana
724 4893 980 4964 fragilitas
1016 4900 1070 4967 et
1107 4889 1389 4945 inﬁrmitas
1417 4888 1543 4953 talia
1570 4892 1911 4959 perscrutari.

322 4984 439 5043 imo
466 4985 784 5041 admittitur.
812 4981 930 5038 Non
956 4980 1099 5037 enim
1132 4978 1276 5053 quod
1305 4979 1361 5034 in
1389 4977 1677 5050 Scripturis
1714 4982 1915 5060 sanctis

391 5103 407 5134 ι
437 5107 730 5161 munem,
764 5091 1246 5161 cnducathodradu
1275 5090 1509 5153 emineat.
1536 5090 1916 5158 quatiamerm

323 5161 493 5215 αἱρηάὶ
509 5175 690 5217 smnus.

752 5222 849 5271 iter
878 5220 936 5270 ad
978 5218 1243 5270 cl.d.r.t.
1278 5222 1376 5267 var.
1416 5228 1465 5266 γ.
1497 5223 1550 5266 et
1584 5215 1802 5267 atlsirm.
1904 5230 1909 5233 ·

406 5278 1232 5352 ωλιμκιδβκδὶτωρορίθξιίδθο
1326 5339 1342 5352 .
1648 5340 1660 5351 .

404 5337 632 5412 ρδβιωιξ
665 5344 832 5397 Florus
871 5344 934 5395 ad
970 5349 1007 5392 ιι
1049 5349 1152 5412 Cor.
1199 5356 1281 5412 in,
1326 5339 1420 5391 hoc
1462 5337 1602 5412 titulo
1631 5340 1698 5412 ιιι
1742 5354 1913 5412 ius“.

324 5401 516 5471 scr'lp'tis
556 5414 579 5457 :‘
621 5424 644 5455 ι
687 5413 756 5471 Es
802 5416 1032 5471 sermone
1071 5403 1157 5454 de"
1183 5401 1605 5471 quinquagesima
1622 5401 1855 5471 'Paschte;
1881 5421 1905 5451 ι

325 5462 540 5534 tro'quo
571 5471 714 5534 pejus
744 5468 1041 5534 inexcusis,
1081 5482 1105 5512 ι
1128 5462 1456 5534 Ex_'sermorie
1485 5462 1550 5512 de
1575 5463 1775 5534 fascina.
1798 5462 1841 5534 ξ
1861 5473 1911 5515 ιιι

325 5525 425 5593 illo
450 5525 776 5593 {mansi-rimo
807 5525 1102 5593 inscribitur,
1132 5525 1236 5576 «de
1251 5525 1667 5593 quinquagesima
1699 5526 1907 5589 Pascbm,

330 5611 354 5643 ι
374 5592 459 5645 ubi
489 5584 706 5658 Spiritus"
722 5599 915 5643 sanctus
946 5584 1123 5642 missus
1155 5596 1231 5640 est
1261 5584 1414 5644 ὠμοί
1446 5584 1714 5638 Apostolus.
1734 5602 1758 5634 ι

1750 169 1980 228 SERMO
2016 168 2267 229 CCLXX.
2322 212 2325 219 .

1992 282 2235 377 ztegitur,
2261 284 2379 341 ideo
2402 284 2638 344 clausum
2670 294 2754 343 est
2778 296 2834 343 ut
2863 298 3109 367 negetur,
3136 298 3189 346 et
3213 306 3319 367 non
3344 292 3523 368 potius
3553 307 3610 351 ut

3471 179 3609 241 £238

2023 374 2249 447 pulsanti
2276 370 2566 447 aperiatur,
2592 375 2800 435 dicente
2829 376 2947 450 ipso
2972 379 3215 447 Domino,
3244 379 3497 457 Petite,ct
3518 400 3611 437 ac-

2021 465 2251 536 cipietis;
2273 466 2499 537 quierite,
2528 479 2574 522 et
2599 467 3174 541 invenietis;.puisate,et
3198 473 3455 555 aple
3473 472 3610 547 vobis

2027 552 2237 629 (Matth.
2265 571 2358 623 vn,
2383 556 2460 626 7).
2505 557 2657 630 Sa-pe
2702 575 2830 631 ergo
2875 570 3052 618 [novet
3094 552 3465 629 studiosorum
3496 564 3613 620 ani-

2000 650 2167 700 ἰιιιιιιι
2217 644 2253 711 ις
2287 663 2450 719 quare
2494 648 2934 722 quinquagesimo
2980 651 3070 709 die
3113 661 3233 726 post
3279 652 3611 715 Dominicam

2024 738 2325 808 passionem
2351 751 2405 798 et
2429 744 2875 799 resurrectionem
2903 746 3098 809 missus
3127 746 3285 807 fuerit
3315 745 3610 818 promissus

2023 828 2249 909 Spiritus
2278 842 2515 887 sanctus.
2896 900 2905 913 Ι

2094 922 2145 975 2.
2168 922 2269 977 Cur
2292 923 2517 995 Spiritus
2540 937 2744 983 sanctus
2770 946 2867 984 non
2891 941 3054 1000 posset
3074 933 3259 1000 venire,
3283 933 3380 989 nisi
3403 933 3614 1008 abeunte

2024 1010 2244 1069 Christo.
2270 1014 2576 1073 Humanitas
2604 1017 2821 1084 Christi,
2848 1021 2901 1074 in
2930 1039 3030 1095 qua
3061 1024 3281 1083 humana
3302 1024 3489 1095 a/fectu
3509 1025 3614 1095 Iuc-

2025 1106 2229 1172 rebant,
2259 1107 2417 1162 oculis
2445 1108 2809 1181 discipulorum
2846 1114 3036 1182 auferri
3062 1114 3248 1173 debuit.
3276 1116 3435 1175 Petra
3462 1134 3615 1189 super

2024 1188 2175 1267 quam
2203 1197 2455 1268 aediﬁcata
2482 1195 2731 1269 Ecclesia,
2755 1204 2862 1276 ipse
2886 1214 2960 1260 est
2987 1206 3231 1263 Christus.
3257 1207 3356 1267 Ubi
3382 1209 3612 1287 primum

2002 1288 2156 1359 .illud
2179 1289 2444 1349 admoneo
2459 1290 2785 1351 Charitatem
2809 1307 3064 1368 vestram,
3087 1308 3145 1355 ut
3167 1300 3491 1369 aliquantum
3517 1318 3621 1359 vos

2025 1380 2365 1439 considerare
2388 1399 2493 1439 non
2527 1385 2720 1458 pigeat,
2749 1402 2912 1457 quare
2946 1388 3146 1445 dictum
3173 1390 3243 1446 sit
3267 1390 3339 1449 ab
3361 1391 3476 1461 ipso
3504 1393 3614 1449 Do-

2027 1471 2192 1534 mino,
2221 1470 2343 1527 Non
2364 1483 2521 1546 potest
2546 1475 2632 1531 ille
2651 1477 2836 1546 venire,
2859 1478 2959 1535 nisi
2985 1496 3074 1552 ego
3102 1480 3289 1536 abiero.
3317 1481 3477 1550 Quasi
3506 1483 3611 1547 ali-

2006 1561 2175 1631 quid,
2204 1571 2261 1618 ut
2287 1563 2577 1620 secundum
2599 1568 2869 1623 carnalem
2894 1584 3112 1626 sensum
3142 1571 3441 1643 loquamur,
3463 1576 3613 1647 quasi

2028 1651 2228 1723 aliquid
2276 1651 2331 1710 in
2373 1656 2623 1726 supernis
2667 1657 2925 1714 Dominus
2968 1659 3215 1717 Christus
3261 1672 3518 1731 servaret,
3563 1677 3618 1721 et

2029 1740 2153 1797 inde
2193 1741 2525 1800 descendens
2567 1745 2667 1801 hoc
2708 1747 2851 1819 quod
2890 1749 3156 1818 servabat,
3185 1760 3371 1815 sancto
3398 1753 3616 1829 Spiritui

2028 1834 2476 1905 commendasset,
2504 1844 2558 1893 et
2582 1836 2704 1894 ideo
2727 1838 2796 1894 ad
2820 1854 2919 1896 nos
2942 1842 3126 1901 venire
3148 1859 3253 1904 non
3282 1853 3483 1916 posset,
3515 1845 3616 1903 nisi

2008 1923 2118 2007 ‘qille
2146 1925 2394 1984 rediisset
2431 1929 2522 2000 qui
2560 1930 2994 1989 commendatum
3031 1935 3321 2006 reciperet;
3351 1946 3442 2001 aut
3462 1939 3618 2009 quasi

2029 2029 2127 2071 nos
2148 2024 2432 2091 utrumque
2451 2018 2589 2079 terre
2608 2035 2714 2076 non
2737 2015 3057 2091 valet-emus,
3078 2039 3179 2087 nec
3203 2026 3476 2099 utriusque
3495 2044 3621 2099 pos-

2010 2118 2207 2164 ‘semus
2232 2110 2459 2168 tolerare
2484 2115 2843 2183 prresentiam.
2864 2115 3027 2186 Quasi
3048 2133 3178 2175 vero
3201 2119 3336 2183 alter
3357 2121 3424 2179 ab
3448 2123 3617 2181 altero

2008 2202 2341 2270 separetur;
2370 2213 2462 2261 aut
2490 2206 2703 2275 quando
2728 2206 2797 2262 ad
2826 2223 2925 2262 nos
2947 2210 3188 2279 veniunt,
3219 2211 3318 2282 ipsi
3348 2216 3619 2285 angustias

2030 2292 2318 2361 patiantur,
2341 2310 2403 2351 ac
2427 2309 2529 2350 non
2559 2297 2733 2366 potius
2753 2313 2851 2353 nos
2874 2298 3172 2357 dilatemur.
3197 2300 3337 2371 Quid
3364 2303 3462 2363 sibi
3487 2320 3619 2376 ergo

2029 2381 2168 2448 vult,
2202 2381 2325 2438 Non
2367 2394 2528 2456 potest
2568 2387 2657 2443 ille
2693 2388 2875 2455 venire,
2910 2390 3011 2446 nisi
3037 2407 3128 2463 ego
3162 2391 3372 2449 abiero?
3400 2393 3620 2468 Expedit

2029 2473 2179 2553 enim,
2207 2475 2395 2546 inquit,
2428 2477 2563 2533 vobis
2590 2487 2645 2545 ut
2668 2496 2759 2553 ego
2780 2497 2910 2546 eaut.
2938 2478 3075 2537 Nam
3099 2483 3146 2537 si
3173 2500 3274 2541 non
3304 2484 3437 2551 iero,
3457 2485 3621 2542 Para-

2030 2552 2186 2621 clelus
2210 2583 2311 2623 non
2341 2562 2501 2624 veniet
2526 2571 2594 2624 ad
2619 2552 2707 2627 vos
2735 2571 2913 2648 (Joan.
2945 2590 3059 2641 xvt,
3088 2574 3163 2649 7).
3196 2577 3309 2633 lloc
3334 2593 3463 2651 ergo
3491 2582 3617 2653 quid

2030 2657 2118 2724 sit,
2146 2669 2402 2731 quantum
2431 2663 2516 2717 vel
2555 2664 2815 2734 capimus,
2856 2665 2942 2721 vel
2984 2666 3345 2736 aestimamus,
3376 2669 3461 2726 vel
3503 2670 3619 2741 ipso

2030 2746 2264 2806 donante
2310 2751 2652 2828 percipimus,
2693 2755 2777 2810 vel
2820 2771 2939 2826 quae
2979 2756 3249 2814 credimus
3278 2757 3617 2830 loquimur’.

2028 2839 2264 2898 breviter
2290 2843 2519 2915 accipiat
2545 2845 2789 2902 Charitas
2817 2858 3013 2915 vestra.
3041 2848 3267 2907 Videtur
3294 2851 3445 2917 mihi,
3474 2854 3619 2925 quod

2028 2930 2276 3005 discipuli
2303 2935 2444 2992 circa
2470 2932 2700 2995 formam
2728 2938 3014 2995 humanam
3044 2941 3253 3003 Domini
3282 2939 3481 2999 Christi
3508 2943 3621 3003 fuc-

2030 3034 2150 3082 rant
2169 3028 2441 3100 occupati,
2459 3039 2514 3085 et
2533 3040 2779 3104 tanquam
2804 3032 3050 3090 homines
3074 3035 3127 3090 in
3148 3034 3364 3095 nomine
3386 3034 3621 3099 humano

2030 3118 2353 3175 tenebantur
2375 3121 2589 3178 all'eetu.
2616 3122 2837 3180 Volebat
2859 3132 3035 3181 autem
3061 3141 3156 3183 eos
3176 3126 3421 3183 allectum
3444 3128 3619 3203 potius

2028 3207 2228 3267 habere
2255 3211 2512 3281 divinum,
2538 3222 2696 3289 atque
2726 3214 2796 3269 ita
2826 3215 2892 3271 de
2921 3216 3226 3283 carnalibus
3255 3216 3433 3274 facere
3456 3218 3617 3293 spiri-

2026 3304 2194 3362 tuales
2219 3322 2233 3359 :
2260 3304 2402 3376 quod
2431 3320 2535 3361 non
2570 3306 2628 3362 tit
2655 3305 2817 3362 homo
2856 3306 2959 3362 nisi
2997 3307 3138 3363 dono
3167 3307 3398 3379 Spiritus
3426 3311 3616 3373 sancti.

2028 3394 2140 3449 lloc
2167 3409 2297 3466 ergo
2320 3396 2394 3450 ait
2418 3412 2432 3450 :
2455 3396 2606 3473 Mitto
2628 3397 2779 3452 vobis
2803 3396 3025 3463 donum,
3051 3413 3156 3468 quo
3183 3397 3489 3454 eiﬂciamini
3518 3400 3618 3469 εμί·

2025 3484 2289 3550 rituales;
2319 3485 2517 3540 donum
2563 3486 2766 3542 scilicet
2807 3486 3034 3557 Spiritus
3078 3488 3269 3543 sancti.
3308 3488 3616 3560 Spirituales

2026 3584 2208 3631 autem
2239 3574 2353 3631 fieri
2382 3589 2487 3630 non
2522 3578 2785 3646 poteritis,
2813 3577 2912 3633 nisi
2941 3579 3183 3635 carnales
3207 3595 3326 3636 esse
3354 3579 3616 3637 destiteri-

2024 3664 2115 3720 tis.
2147 3664 2403 3722 Carnalcs
2442 3683 2568 3722 vero
2606 3682 2728 3724 esse
2762 3667 3051 3738 desistetis,
3083 3671 3127 3728 si
3168 3670 3339 3728 forma
3379 3671 3555 3729 carnis
3584 3690 3613 3727 a

2024 3756 2220 3811 vestris
2249 3757 2416 3812 oculis
2442 3757 2732 3827 auferatur,
2755 3767 2814 3814 ut
2839 3759 3005 3815 forma
3032 3759 3126 3818 Dei
3149 3762 3339 3819 vestris
3365 3764 3615 3821 cordibus

2024 3844 2293 3901 inseratur
2318 3846 2359 3900 ³.
2394 3847 2471 3903 Ex
2516 3849 2616 3902 hac
2657 3849 2799 3905 enim
2847 3850 3076 3906 humana
3125 3852 3292 3909 forma
3335 3852 3612 3924 Dominus,

2024 3935 2128 3992 hoc
2167 3946 2251 3994 est
2291 3937 2457 3994 forma
2505 3939 2681 4007 servi,
2709 3938 3049 4012 Semetipsum
3086 3942 3357 4001 exinanivit
3395 3949 3611 4017 formam

2023 4031 2152 4083 servi
2192 4029 2444 4100 accipiens
2473 4029 2744 4104 (Philipp.
2782 4048 2845 4099 ll,‘
2866 4032 2936 4105 7)
2966 4051 2980 4086 :
3008 4049 3074 4089 ex
3105 4034 3204 4090 hac
3245 4035 3404 4108 igitur
3444 4038 3612 4094 forma

2021 4120 2165 4176 servi
2205 4116 2352 4176 Petri
2401 4120 2562 4176 etiam
2617 4123 2895 4179 tenebatur
2937 4122 3178 4191 allectus,
3225 4125 3439 4196 quando
3487 4142 3608 4184 eum

2024 4220 2181 4279 quem
2222 4211 2444 4266 multum
2487 4211 2731 4278 amabat,
2769 4214 2903 4269 mori
2947 4214 3187 4270 timebat.
3218 4216 3444 4277 Amabat
3467 4219 3608 4274 extim

2022 4300 2304 4357 Dominum
2348 4302 2530 4359 Iesum
2569 4302 2860 4371 Christum,
2902 4306 3041 4362 sicut
3084 4307 3247 4364 homo
3296 4308 3608 4376 hominem;

2023 4392 2159 4448 sicut
2187 4394 2415 4449 carnalis
2439 4396 2733 4464 carnalem,
2758 4412 2862 4453 non
2885 4396 3022 4453 sicut
3049 4399 3334 4469 Spiritualis
3363 4402 3613 4471 majesta-

2023 4492 2149 4539 tem.
2190 4483 2343 4542 Unde
2380 4486 2489 4542 hcc
2531 4487 2852 4557 probamus?
2890 4487 3022 4558 Quia
3064 4506 3185 4545 cum
3230 4491 3613 4565 interrogasset

2021 4574 2136 4647 ipse
2163 4576 2418 4633 Dominus
2444 4576 2734 4650 discipulos
2762 4595 2921 4647 suos,
2955 4580 3072 4653 quis
3102 4583 3170 4639 ab
3194 4581 3500 4643 hominibus
3525 4585 3614 4640 di-

2020 4677 2251 4737 ceretur,
2294 4677 2351 4726 et
2396 4670 2623 4727 aliorum
2667 4671 2953 4742 opiniones
2999 4673 3286 4731 recolen’do
3328 4675 3605 4742 dixissent,

2020 4760 2162 4830 quod
2190 4760 2279 4815 alii
2300 4775 2421 4815 eum
2441 4760 2682 4817 dicerent
2706 4762 2990 4829 Joannem,
3014 4763 3103 4818 alii
3133 4762 3323 4832 Ellam,
3346 4764 3433 4820 alii
3462 4765 3614 4822 Jereo

2018 4852 2179 4905 miam
2201 4892 2216 4916 ,
2253 4859 2345 4905 aut
2376 4866 2542 4905 unum
2582 4867 2649 4906 ex
2688 4851 3004 4921 Pmphetis;
3038 4852 3111 4906 ait
3151 4852 3276 4920 illis,
3313 4852 3416 4908 Vos
3442 4865 3610 4923 autem

2018 4956 2166 5008 quem
2186 4957 2265 4995 me
2283 4956 2391 4995 esse
2414 4941 2619 4996 dicitis?
2645 4941 2710 4996 Et
2726 4941 2918 4997 Petrus
2939 4954 3075 4996 unus
3096 4955 3192 5012 pro
3218 4945 3448 5010 caeteris,
3471 4959 3610 5001 unus

2019 5049 2117 5104 pro
2145 5032 2392 5109 omnibus
2419 5031 2463 5100 ⁸,
2495 5032 2574 5088 Tu
2600 5050 2671 5097 es,
2704 5034 2895 5106 inquit,
2918 5032 3147 5090 Christus
3174 5034 3340 5091 Filius
3366 5036 3463 5092 Dei
3489 5038 3605 5095 rivi.

2020 5122 2132 5180 Hoc
2159 5125 2381 5195 optime,
2409 5124 2752 5181 veracissime
2776 5142 2789 5179 :
2814 5126 3008 5182 merito
3036 5127 3139 5182 tale
3168 5142 3483 5199 responsum
3511 5142 3605 5185 ac-

2032 5248 2197 5349 A‘Jn
2238 5283 2482 5348 ιιιλομειν
2537 5286 2672 5344 scre
2714 5291 2832 5344 ergo
2883 5287 3064 5344 mea,
3114 5280 3379 5334 studione
3425 5289 3608 5336 mia

2016 5347 2555 5475 suam;
2580 5400 2652 5452 vel
2666 5399 2787 5475 auia
2808 5402 3051 5475 creemus
3073 5402 3299 5475 equum
3374 5474 3381 5475 ,
3432 5402 3433 5405 ‘
3464 5418 3469 5421 λ

2076 5463 2103 5537 ξ
2124 5463 2255 5537 Idem
2276 5469 2379 5537 35s.,
2406 5464 2634 5537 auferunt
2658 5463 2747 5516 Dei
2768 5463 2936 5516 vestris
2955 5463 3478 5537 millibus

2017 5524 2261 5639 om‘mtggn
2298 5533 2377 5576 Ms.
2396 5558 2411 5587 ,
2453 5524 2506 5576 Et
2547 5533 2715 5578 retrus
2759 5539 2880 5579 unus
2915 5541 3005 5591 pro
3040 5528 3227 5601 caeteris
3250 5567 3264 5593 ,
3310 5528 3464 5609 unitas
3513 5542 3600 5594 pro
