3926 6188
321 219 460 276 1259
546 263 553 266 .

319 334 500 404 cipere
536 333 752 398 meruit,
785 331 967 386 Beatus
1000 347 1075 396 es,
1113 329 1294 386 Simon
1327 328 1616 400 Dor-Iona,
1651 330 1770 402 quia
1806 347 1910 385 non

322 424 416 481 σω
431 422 666 481 reuelauit
687 439 807 478 caro
835 431 882 477 et
904 423 1132 493 sanguis,
1156 421 1245 475 sed
1267 418 1424 476 Pater
1451 436 1591 476 meus
1617 421 1703 490 qui
1728 436 1780 475 sn
1804 435 1908 476 ete-

319 521 384 575 tis
412 527 506 575 est.
540 515 612 571 Et
650 531 740 588 ego
776 512 892 569 dico
927 514 1038 581 tibi,
1071 515 1192 585 quia
1225 523 1278 570 tu
1306 513 1485 571 dixisti
1516 512 1676 579 mihi;
1706 511 1906 578 dixisti,

320 609 481 676 audi;
510 605 705 664 dedisti
751 605 1142 663 confessionem
1166 648 1180 672 ,
1227 607 1405 678 recipe
1445 605 1908 664 benedictionem:

319 713 469 771 ergo,
496 697 562 753 Et
583 715 676 770 ego
697 698 810 753 dico
838 697 946 766 tibi,
972 696 1052 753 Tu
1075 715 1124 753 es
1151 698 1329 753 Petrus
1350 715 1370 754 :
1389 699 1510 770 quia
1539 713 1638 770 ego
1664 705 1834 769 petra,
1857 705 1912 751 tu

325 784 551 856 Petrus;
578 807 752 862 neque
791 792 936 847 enim
979 807 1006 845 a
1041 791 1203 847 Petro
1247 801 1418 861 petra,
1446 791 1538 847 sed
1569 806 1597 844 a
1628 798 1774 860 petra
1806 790 1909 845 Pe-

321 891 472 948 trus,
504 882 626 952 quia
658 899 762 937 non
802 897 832 936 a
875 882 1170 938 christiano
1199 882 1474 950 Christus,
1513 882 1606 938 sed
1636 897 1665 936 a
1697 880 1912 936 Christo

320 973 667 1030 Christianus.
693 972 758 1028 Et
786 991 939 1044 super
964 974 1094 1028 hanc
1124 983 1314 1044 petram
1343 971 1607 1045 (ediﬁcubo
1637 971 1911 1026 Ecclesium

323 1083 487 1122 meam
509 1082 528 1121 :
554 1081 657 1122 non
687 1082 844 1136 supra
875 1067 1090 1122 Petrum
1121 1066 1262 1147 quod
1293 1075 1346 1121 tu
1374 1083 1470 1131 es;
1504 1065 1596 1122 sed
1627 1080 1784 1135 supra
1815 1080 1910 1136 pe-

325 1171 485 1223 tram,
510 1174 668 1230 quam
695 1158 971 1214 confessus
1001 1172 1080 1214 es.
1105 1157 1398 1231 AEdi/ieaba
1424 1168 1598 1213 autem
1635 1155 1912 1210 Ecclesiam

324 1269 488 1308 meam
514 1269 532 1307 :
556 1251 832 1308 :edilicabo
861 1260 934 1318 te,
968 1253 1056 1328 qui
1098 1252 1149 1307 in
1183 1251 1281 1311 hac
1316 1251 1662 1322 responsione
1691 1248 1910 1320 figuram

301 1353 507 1414 'gestas
538 1345 813 1400 Ecclesiae.
843 1344 954 1400 Hoc
978 1353 1033 1399 et
1060 1353 1270 1404 cauere.
1298 1352 1516 1415 propter
1539 1341 1678 1413 quod
1705 1341 1915 1396 dixerat

327 1436 537 1504 Petrus,
563 1436 643 1492 Tu
667 1454 718 1493 es
744 1438 972 1494 Christus
1001 1437 1165 1494 Filius
1195 1437 1288 1491 Dei
1311 1438 1442 1492 uiui:
1469 1444 1521 1492 et
1550 1435 1818 1501 audierat,
1853 1443 1913 1489 ut

327 1530 663 1595 meministis,
694 1528 814 1584 Non
841 1530 929 1584 tibi
963 1529 1196 1585 reuelauit
1235 1545 1352 1583 caro
1387 1537 1433 1582 et
1471 1527 1700 1598 sanguis,
1728 1525 1778 1580 id
1806 1533 1908 1593 est,

327 1620 556 1676 humana
583 1636 753 1687 mens,
777 1621 1010 1677 humana
1039 1621 1340 1686 infirmitas,
1363 1619 1591 1674 humana
1623 1616 1908 1690 imperitia,

325 1713 416 1767 sed
441 1711 597 1767 Pater
617 1729 754 1768 meus
774 1713 859 1785 qui
882 1713 936 1767 in
965 1713 1101 1768 aclis
1130 1722 1222 1768 est.
1248 1710 1449 1778 Deinde
1475 1710 1635 1782 ccepit
1658 1707 1913 1766 Dominus

325 1801 484 1857 Jesus
506 1817 656 1857 suam
683 1802 975 1873 praedicere
997 1803 1318 1876 passionem,
1341 1810 1395 1856 et
1413 1798 1694 1855 ostendere
1718 1807 1912 1868 quanta

326 1902 471 1948 esset
497 1893 564 1948 ab
595 1893 772 1964 impiis
802 1893 1119 1969 perlaturus.
1151 1891 1245 1947 Hic
1273 1891 1464 1946 Petrus
1493 1889 1733 1960 expavit,
1764 1895 1818 1943 et
1848 1887 1914 1942 ti-

329 1983 463 2039 muit
491 1998 558 2039 ne
583 1983 780 2054 periret
806 1993 979 2039 morte
999 1982 1242 2039 Christus
1267 1981 1431 2035 Filius
1453 1979 1544 2035 Dei
1570 1979 1694 2034 vivi.
1718 1976 1913 2048 Utique

326 2075 572 2132 Christus
594 2075 760 2132 Filius
786 2076 877 2132 Dei
898 2076 1025 2144 vivi,
1048 2075 1219 2131 bonus
1247 2074 1314 2130 de
1335 2074 1496 2141 bono,
1525 2073 1666 2130 Deus
1689 2071 1756 2127 de
1779 2071 1909 2138 Deo,

325 2169 477 2224 vivus
497 2168 565 2225 de
589 2169 728 2236 vivo,
759 2168 877 2224 fons
899 2168 1020 2223 vita:
1048 2177 1102 2223 et
1131 2182 1257 2222 vera
1283 2166 1407 2231 vita,
1435 2163 1660 2236 perdere
1685 2169 1912 2218 mortem

328 2271 568 2330 venerat,
601 2278 707 2318 non
735 2263 912 2332 perire
941 2277 973 2316 a
999 2269 1191 2316 morte.
1224 2259 1424 2315 Tamen
1455 2267 1511 2312 ut
1538 2257 1700 2312 homo
1723 2255 1913 2311 Petrus

329 2356 641 2422 exterritus,
682 2355 834 2425 cujus
873 2361 1010 2421 erat,
1045 2361 1105 2410 ut
1140 2352 1271 2416 dixi,
1305 2351 1447 2407 circa
1474 2349 1669 2410 Christi
1697 2363 1912 2404 carnem

331 2446 596 2501 humanus
619 2444 839 2502 affectus
864 2463 876 2499 :
905 2444 1188 2515 Propitius,
1212 2443 1403 2514 inquit,
1425 2441 1512 2496 tibi
1533 2450 1654 2505 esto,
1675 2438 1913 2502 Domine;

328 2533 603 2592 absitlnon
631 2537 719 2599 ﬁat
745 2536 899 2600 istud.
926 2537 991 2591 Et
1012 2535 1272 2600 Dominus
1311 2533 1432 2588 talia
1466 2532 1630 2588 verba
1665 2530 1818 2600 digna
1861 2537 1915 2584 et

325 2642 558 2698 congrua
595 2629 944 2698 responsione
971 2625 1227 2686 confutet.
1256 2623 1533 2704 Quomodo
1563 2623 1638 2677 illi
1661 2623 1678 2654 ί
1703 2620 1914 2677 confes-

327 2719 465 2774 sioni
485 2718 699 2789 dignam
721 2718 931 2774 laudem
953 2717 1116 2781 dedit,
1141 2717 1218 2773 sic
1241 2719 1400 2772 etiam
1427 2715 1550 2771 huic
1575 2713 1911 2790 trepidationi

327 2810 542 2880 dignam
569 2810 961 2889 correptionem
987 2810 1007 2841 ³
1042 2827 1054 2863 :
1086 2809 1237 2874 Redi,
1269 2809 1458 2877 inquit,
1496 2819 1651 2875 retro,
1671 2809 1891 2865 Satana.

332 2899 430 2956 Ubi
457 2909 542 2956 est
572 2900 700 2956 illud
721 2942 736 2966 ,
767 2899 950 2956 Beatus
978 2916 1049 2968 es,
1095 2901 1273 2955 Simon
1303 2897 1613 2956 Har-Iona?
1639 2897 1911 2969 Distingue

327 2993 486 3048 verba
519 2992 800 3058 laudantis,
832 3001 886 3055 et
914 2993 1211 3048 coercentis
1235 3009 1248 3045 :
1273 2991 1540 3062 distingue
1566 3006 1755 3046 causas
1778 3007 1911 3047 con-

325 3085 578 3140 fessionis
642 3094 697 3149 et
743 3085 1129 3156 trepidationis.
1155 3083 1326 3146 Causa
1369 3082 1717 3141 confessionis
1745 3103 1760 3145 ε
1790 3081 1911 3138 Non

329 3176 419 3229 tibi
446 3177 680 3238 reuelauit
703 3192 823 3235 caro
847 3187 894 3230 et
919 3177 1145 3247 sanguis,
1173 3175 1262 3231 sed
1287 3175 1444 3229 Pater
1467 3193 1605 3230 meus
1633 3177 1718 3246 qui
1742 3177 1794 3230 in
1814 3193 1913 3239 cae-

327 3267 392 3321 lis
431 3275 523 3322 est.
551 3265 722 3322 Causa
751 3267 1119 3338 trepidationis
1147 3285 1162 3322 :
1193 3265 1314 3331 Non
1353 3268 1484 3322 enim
1509 3270 1646 3339 sapis
1669 3284 1783 3338 qua
1815 3267 1913 3330 Dei

325 3369 466 3426 sunt,
491 3360 580 3414 sed
604 3375 716 3430 quin
743 3359 960 3415 hominis
985 3371 1100 3414 sunt
1129 3359 1340 3434 (Matth.
1365 3376 1472 3426 xw,
1498 3360 1706 3430 13-25).
1735 3359 1911 3416 Nolle-

329 3468 448 3507 mus
486 3468 614 3523 ergo
652 3462 708 3515 ut
747 3453 942 3509 talibus
979 3453 1206 3522 dicetur,
1246 3453 1464 3528 Expedit
1505 3455 1637 3509 enim
1680 3455 1816 3510 vobis
1857 3465 1912 3516 ut

327 3564 419 3618 ego
447 3547 668 3609 undam?
697 3546 812 3602 Nisi
850 3564 941 3620 ego
977 3547 1163 3614 abiero,
1202 3545 1500 3609 Paracletus
1527 3564 1628 3603 non
1662 3549 1819 3604 ueniet
1844 3548 1914 3604 ad

327 3657 436 3696 uos.
461 3640 569 3696 Nisi
598 3642 902 3712 aspectibus
930 3643 1235 3699 carnalibus
1264 3643 1454 3698 vestris
1482 3640 1710 3702 humana
1741 3641 1912 3699 forma

327 3733 690 3802 subtrahatur,
713 3734 949 3790 divinum
977 3735 1172 3808 aliquid
1203 3751 1417 3807 capere,
1439 3735 1661 3802 sentire,
1678 3734 1912 3806 cogitare

331 3825 549 3884 minime
569 3826 830 3898 poteritis.
849 3825 964 3891 Hoc
991 3827 1059 3883 sit
1085 3828 1236 3884 satis.
1255 3826 1381 3882 Inde
1407 3825 1684 3897 oportebat
1709 3835 1769 3880 ut
1795 3833 1914 3894 post

329 3917 778 3974 resurrectionem
807 3926 862 3974 et
888 3918 1254 3981 ascensionem
1287 3917 1495 3974 Domini
1525 3917 1650 3973 Jesu
1675 3915 1908 3984 Christi,

329 4009 446 4080 ejus
489 4008 556 4064 de
599 4008 798 4086 Spiritu
846 4019 1037 4066 sancto
1079 4009 1362 4080 promissio
1407 4009 1783 4079 eomplcretur.
1824 4007 1914 4064 Sic

328 4101 472 4156 cnim
495 4110 549 4156 ct
572 4101 684 4176 ipse
703 4101 939 4164 Joannes
963 4101 1284 4172 evangelista
1305 4116 1369 4154 ex
1397 4115 1622 4174 persona
1649 4115 1742 4157 sua
1764 4099 1914 4161 dixe-

331 4203 449 4262 rat,
475 4193 690 4266 quando
713 4193 869 4254 Jesus
896 4193 1145 4250 eumdem
1172 4191 1476 4262 signiﬁcans
1501 4191 1757 4263 Spiritum
1792 4205 1915 4246 san-

329 4297 474 4342 ctum
521 4287 878 4354 clamaverat,
913 4286 1098 4345 dicens
1126 4305 1141 4346 :
1175 4304 1193 4338 ι
1227 4286 1279 4341 Si
1311 4285 1429 4355 quis
1458 4285 1598 4350 sitit,
1627 4282 1805 4343 veniat
1846 4281 1913 4338 ad

330 4393 447 4443 me,
480 4388 534 4434 et
563 4378 740 4444 bibat;
771 4387 826 4434 et
854 4378 1069 4440 ﬂumina
1099 4393 1250 4448 aqua:
1276 4376 1410 4431 viva:
1443 4375 1608 4432 ﬂuent
1635 4374 1703 4433 de
1728 4383 1914 4431 ventre

330 4469 468 4540 ejus.
502 4487 521 4522 ι
555 4469 780 4525 Secutus
823 4469 968 4527 enim
1009 4467 1348 4538 Evangelista
1391 4467 1507 4523 ait:
1547 4485 1565 4518 ‹
1597 4465 1710 4525 Hoc
1736 4475 1912 4524 autem

333 4561 542 4616 dicebat
564 4560 632 4616 de
653 4560 870 4629 Spiritu,
896 4575 1052 4629 quem
1075 4557 1340 4626 accepturi
1367 4565 1518 4610 erant
1542 4557 1575 4610 ii
1603 4558 1692 4628 qui
1719 4557 1770 4613 in
1791 4572 1912 4612 eum

332 4653 584 4709 credituri
629 4662 802 4714 crant.
833 4651 1076 4714 Nondum
1116 4650 1256 4705 enim
1297 4658 1411 4704 erat
1448 4647 1675 4721 Spiritus
1721 4649 1912 4715 datus,

331 4751 455 4820 quia
485 4746 641 4805 Jesus
685 4745 917 4803 nondum
964 4743 1132 4803 fuerat
1171 4743 1497 4814 glorificatus
1531 4758 1550 4792 ι
1587 4739 1787 4811 (Joan.
1819 4756 1912 4806 vn,

333 4843 505 4902 7-7-59
531 4842 572 4916 ).
603 4840 945 4898 Glorilicatus
986 4847 1067 4894 est
1103 4852 1232 4909 ergo
1269 4837 1526 4894 Dominus
1554 4843 1736 4891 noster
1760 4835 1916 4892 Jcsns

331 4935 578 4993 libristns
607 4933 997 4992 resurrectione
1026 4943 1080 4989 et
1107 4931 1441 4996 ascensione,
1477 4937 1533 4988 et
1573 4928 1715 4984 misit
1751 4927 1917 4999 Spiri-

332 5040 442 5084 tum
470 5037 732 5083 sanctum.

406 5119 458 5176 3.
490 5117 616 5174 Post
643 5114 1083 5189 quadragesimum
1108 5113 1240 5170 diem
1265 5111 1582 5171 Aseensiouis
1608 5127 1695 5167 cur
1720 5109 1914 5165 decimo

336 5211 417 5266 die
431 5211 618 5270 uenerit
633 5208 857 5279 Spiritus
876 5216 1097 5262 sanctus.
1120 5204 1523 5275 Quadragenarii
1541 5203 1732 5256 numeri
1748 5217 1918 5256 sacra-

336 5313 578 5358 mentum.
605 5300 815 5356 Denarii
839 5299 1150 5370 mysterium.
1182 5297 1409 5366 Spiritus
1438 5305 1646 5350 sanctus
1671 5294 1753 5348 die
1779 5293 1918 5347 deci-

336 5411 417 5449 me
436 5394 568 5449 uenit
591 5401 648 5448 ut
671 5392 984 5465 significetur
1009 5391 1167 5461 legem
1207 5388 1408 5458 impleri
1437 5404 1528 5458 per
1543 5388 1780 5461 gratiam.
1812 5384 1920 5441 Lex

328 5496 434 5539 sine
454 5486 620 5558 gratia
642 5483 896 5556 quomodo
911 5484 1078 5538 littera
1096 5491 1168 5536 est
1183 5481 1434 5535 occidens.
1462 5479 1686 5551 Spiritus
1715 5489 1916 5535 sanctus

391 5595 404 5660 ξ
431 5594 707 5660 manus,
735 5609 765 5648 a
787 5603 869 5647 trs.
999 5656 1008 5660 _
1061 5657 1063 5660 g

389 5657 408 5698 θ
445 5656 494 5712 ιη
518 5656 818 5722 eodem'sts.,
850 5656 1203 5712 coercittmtem.

1550 215 1603 272 s.
1650 215 2012 273 mensum
2050 213 2349 274 EPISCOPI
2423 180 2442 198 ⁵

2493 135 2540 160 θ

3472 219 3605 272 {illi

2023 329 2201 385 missus
2218 337 2274 383 ut
2299 328 2595 400 impleretur
2617 329 2719 384 tes.
2753 329 2902 385 Sicut
2925 339 3106 386 autem
3125 331 3409 390 didicimus
3427 349 3492 386 cx
3523 333 3612 389 Li-

2014 421 2128 478 bris
2147 421 2367 490 sanctis,
2396 419 2742 492 quadraginta
2767 420 2884 478 dies
2904 423 3192 494 complevit
3219 437 3343 478 cum
3367 423 3608 496 discipu-

2019 513 2086 569 lis
2107 513 2218 569 suis
2244 521 2367 585 post
2392 515 2857 580 resurrectionem,
2886 515 3233 571 manifestans
3273 515 3374 580 cis,
3404 531 3474 572 ne
3514 517 3584 572 ali

2018 604 2144 678 quid
2169 606 2351 661 fictum
2395 605 2782 673 existimarent,
2815 607 3113 662 resuscitati
3137 607 3384 678 corporis
3412 608 3608 664 verita-

2020 706 2150 765 tem,
2168 696 2372 753 intrans
2397 714 2519 753 cum
2547 698 2627 754 eis
2651 707 2705 752 et
2731 698 2937 764 exiens,
2967 699 3294 755 manducans
3323 711 3378 756 et
3403 699 3609 758 bibens.

2019 790 2434 861 Quadragcsimo
2465 800 2642 847 autem
2667 791 2774 855 die,
2806 805 2964 862 quem
2993 801 3117 848 ante
3142 792 3242 848 hos
3285 793 3473 848 decem
3499 792 3610 849 dies

2017 881 2425 949 celebravimus,
2449 883 2500 937 in
2527 898 2711 939 eorum
2729 893 3019 954 conspectu
3042 885 3281 940 ascendit
3309 886 3360 939 iu
3391 885 3604 950 cadum,

2019 974 2315 1046 promissus
2357 985 2414 1030 ut
2459 974 2588 1041 ibat,
2621 975 2690 1032 ita
2735 985 2995 1034 venturus
3033 976 3165 1048 (Act.
3207 993 3245 1044 ι,
3282 979 3319 1034 3
3357 981 3482 1049 ll);
3513 989 3612 1035 hoc

2018 1075 2100 1122 est
2135 1067 2188 1121 in
2215 1064 2383 1121 forma
2427 1065 2691 1131 humana,
2720 1083 2824 1139 qua
2849 1068 3119 1138 judicatus
3143 1080 3246 1134 est,
3275 1070 3328 1124 in
3353 1071 3439 1124 illa
3464 1070 3611 1140 judio

2019 1166 2254 1212 caturus.
2285 1157 2463 1212 Voluit
2489 1158 2593 1213 alia
2618 1158 2705 1213 die
2733 1175 2893 1230 quam
2929 1161 3170 1216 ascendit
3198 1161 3414 1217 mittere
3437 1163 3609 1232 Spiri-

2021 1258 2130 1304 tum
2159 1260 2439 1316 sanctum;
2469 1266 2575 1306 non
2606 1251 2794 1309 saltem
2825 1263 2944 1324 post
2970 1254 3209 1320 biduum,
3242 1255 3327 1310 vel
3350 1255 3605 1324 triduum,

2019 1339 2114 1395 sed
2145 1350 2263 1411 post
2283 1341 2478 1420 decent
2495 1341 2630 1398 dies.
2660 1341 2786 1399 Rrec
2805 1345 3028 1415 quaestio
3075 1347 3403 1418 perscrutari
3437 1357 3492 1402 et
3524 1350 3612 1401 in-

2021 1439 2293 1503 terrogare
2322 1448 2419 1488 nos
2462 1435 2718 1504 compulit
2755 1435 3040 1493 nonnullas
3079 1437 3310 1494 latebras
3353 1455 3612 1494 numero-

2019 1538 2158 1578 rum.
2187 1523 2544 1608 Quadraginta
2587 1525 2703 1583 dies
2741 1538 2929 1598 quater
2964 1528 3162 1584 habent
3205 1530 3416 1586 decem.
3449 1531 3612 1586 Cum-

2019 1617 2302 1673 men‘datur
2327 1617 2430 1674 hoc
2455 1635 2696 1686 numero,
2728 1629 2983 1691 quantum
3010 1622 3140 1677 mihi
3169 1623 3400 1685 videtur,
3435 1637 3614 1679 saera-

2019 1717 2278 1766 mentum.
2301 1708 2555 1766 Homines
2575 1709 2717 1768 enim
2739 1710 3040 1771 hominibus
3065 1713 3366 1784 loquimur;
3394 1725 3451 1768 et
3470 1725 3618 1771 recte

2019 1801 2412 1872 Scripturarum
2467 1811 2783 1859 tractatores
2841 1803 3088 1869 dicimur,
3143 1819 3249 1860 non
3303 1816 3616 1860 nostrarum

2018 1895 2326 1965 opinionum
2351 1893 2725 1952 aﬂirmatores.
2745 1895 3008 1952 Numerus
3027 1912 3155 1967 ergo
3173 1897 3275 1953 iste
3308 1897 3616 1969 quadrage-

2020 1986 2222 2053 narius,
2269 1994 2458 2056 quater
2487 1986 2688 2042 habens
2722 1985 2930 2052 decem,
2957 1987 3237 2056 significat,
3269 1996 3327 2042 ut
3355 1988 3486 2042 mihi
3539 1988 3618 2042 vi-

2019 2076 2194 2145 detur,
2225 2077 2482 2132 saxulum
2529 2076 2655 2145 hoc,
2707 2077 2851 2148 quod
2905 2093 3047 2133 nunc
3091 2077 3298 2148 agimus
3324 2088 3380 2133 et
3407 2078 3620 2150 peragi-

2021 2188 2174 2239 mus;
2199 2173 2406 2243 agimur
2433 2181 2488 2229 et
2531 2172 2855 2245 peragimur,
2880 2187 3042 2228 cursu
3073 2181 3400 2245 temporum,
3432 2188 3614 2227 rerum

2021 2267 2389 2331 instabilitate,
2438 2265 2752 2324 decessione
2798 2275 2855 2322 et
2899 2265 3271 2332 successione,
3323 2271 3618 2335 rapacitate

2019 2357 2262 2423 volatica,
2286 2367 2341 2413 et
2387 2358 2616 2428 quodam
2641 2356 2800 2412 ﬂuvio
2823 2372 3005 2414 rerum
3029 2373 3136 2412 non
3177 2358 3615 2414 consistentium.

2019 2451 2285 2508 Szuculum
2308 2451 2408 2508 hoc
2435 2467 2564 2521 ergo
2588 2451 2918 2524 signiﬁcatur
2945 2451 3048 2506 hoc
3093 2467 3318 2507 numero
3335 2495 3354 2520 ,
3397 2462 3619 2522 propter

2019 2542 2201 2598 mundi
2244 2541 2622 2614 quadripartita
2651 2551 2915 2612 tempora,
2961 2558 3080 2613 quia:
3123 2542 3346 2610 implent
3379 2557 3614 2608 annum;

2018 2634 2433 2706 quadripartitos
2457 2634 2616 2691 etiam
2631 2633 3053 2704 cardinesipsius
3071 2633 3275 2700 mundi,
3307 2642 3466 2688 notos
3491 2649 3616 2688 om-

2019 2725 2196 2791 nibus,
2223 2733 2277 2782 et
2302 2741 2444 2795 stupe
2468 2725 2538 2781 ab
2555 2725 2824 2791 Scriptura
2850 2740 2998 2781 sacra
3024 2735 3476 2781 commemoratos
3502 2743 3515 2778 :
3539 2726 3619 2780 Ab

2022 2815 2226 2872 Oriente
2248 2826 2294 2870 et
2319 2816 2606 2882 Occidente,
2630 2818 2692 2872 ab
2705 2816 2949 2883 Aquilone
2972 2825 3018 2871 et
3048 2815 3264 2871 Meridie
3279 2818 3294 2847 ‘
3316 2815 3468 2886 (Luc.
3497 2830 3616 2883 xui,

2017 2907 2128 2982 29).
2153 2909 2253 2966 Per
2279 2909 2392 2964 hzec
2415 2924 2543 2979 ergo
2572 2918 2808 2978 tempora
2839 2907 3242 2978 quadripartita,
3268 2917 3322 2963 et
3344 2924 3441 2978 per
3455 2923 3619 2964 mun-

2017 2999 2142 3053 dum
2165 2997 2628 3071 quadripartitum,
2649 2999 2968 3070 prmdicatur
2989 2999 3072 3053 lex
3097 2998 3214 3065 Dei,
3237 3009 3490 3068 tanquam
3517 2998 3618 3055 de-

2019 3091 2198 3145 narius
2223 3107 2496 3146 numerus.
2518 3089 2673 3147 Unde
2688 3100 2742 3145 et
2765 3091 3057 3161 Decalogus
3075 3091 3323 3162 primitus
3336 3106 3620 3147 commcn-

2017 3181 2193 3238 datur.
2236 3181 2291 3236 in
2320 3182 2505 3238 decem
2549 3183 2692 3245 enim
2723 3182 3002 3254 prmceptis
3043 3181 3127 3238 lex
3172 3184 3463 3238 constituta
3491 3191 3618 3241 est:

2019 3283 2297 3345 propterea
2314 3275 2434 3344 quia
2451 3272 2662 3335 videtur
2678 3274 2729 3328 in
2749 3273 2851 3328 isto
2868 3272 3090 3333 denario
3109 3289 3336 3329 numero
3369 3274 3618 3345 qurdam

2019 3366 2290 3438 perfectio.
2311 3364 2492 3436 Usque
2510 3365 2575 3419 ad
2596 3381 2718 3421 eum
2758 3364 2954 3436 quippe
2992 3380 3271 3420 numerum
3299 3380 3620 3436 progressus

2017 3466 2102 3513 est
2121 3456 2471 3519 numerautis,
2491 3464 2545 3510 et
2566 3455 2690 3510 inde
2712 3455 2934 3510 reditab
2964 3471 3070 3510 uno
3091 3471 3260 3527 usque
3289 3454 3357 3509 ad
3402 3456 3617 3522 decem,

2018 3562 2205 3604 rursus
2225 3545 2293 3602 ad
2323 3562 2485 3601 unum
2513 3547 2555 3600 ³.
2579 3544 2668 3601 Sic
2683 3554 2931 3611 centena,
2953 3546 3031 3600 sic
3046 3545 3296 3610 milleua;
3331 3547 3414 3602 sic
3428 3561 3614 3616 supra,

2017 3638 2252 3694 denariis
2277 3635 2590 3709 quibusdam
2609 3636 3066 3707 complicantlbus,
3086 3636 3292 3691 infinite
3307 3637 3502 3691 crescit
3522 3637 3615 3691 sil-

2017 3745 2082 3786 va
2112 3745 2476 3786 numerorum.
2501 3728 2742 3784 Perfecta
2767 3730 2942 3799 itaque
2972 3730 3054 3785 lex
3074 3730 3126 3783 in
3153 3728 3400 3794 denario,
3441 3739 3498 3784 et
3533 3732 3612 3785 lex

2017 3821 2300 3893 pra-dicata
2317 3836 2412 3892 per
2424 3819 2678 3875 mundum
2690 3819 2874 3891 quadrl
2880 3836 2941 3890 pa
2948 3821 3256 3890 rtitum,qua
3263 3819 3484 3875 terdenl
3495 3835 3618 3891 qua-

2018 3913 2265 3984 draginta
2291 3914 2441 3967 tiunt.
2466 3913 2728 3970 Docemur
2757 3922 2954 3974 autem,
2990 3913 3042 3967 in
3065 3912 3164 3968 hac
3201 3914 3614 3968 conversatione

2019 4005 2205 4060 smculi
2228 4003 2383 4072 huius
2403 4019 2524 4072 cum
2547 4018 2750 4070 sumus,
2785 4003 3054 4058 abstinere
3074 4019 3173 4059 nos
3195 4019 3222 4057 a
3240 4003 3618 4073 cupiditatibus

2023 4096 2368 4152 smcularibus
2410 4094 2595 4166 :quod
2642 4095 2908 4165 signiﬁcat
2947 4095 3213 4165 jejunium
3242 4095 3613 4166 quadragena-

2019 4189 2157 4245 rium
2189 4197 2370 4243 notum
2402 4186 2651 4241 omnibus
2667 4185 3098 4256 Quadragesima:
3125 4188 3361 4241 nomine.
3383 4186 3499 4241 Hoc
3523 4185 3615 4240 tibi

2019 4280 2272 4351 praecepit
2297 4279 2426 4343 Lex,
2459 4277 2563 4334 hoc
2609 4277 2916 4345 Pr0phetia,
2961 4277 3060 4332 hoc
3087 4275 3462 4347 Evangelium.
3493 4275 3616 4331 Ideo

2019 4371 2143 4442 quia
2171 4371 2273 4425 hoc
2310 4370 2446 4434 Lex,
2471 4369 2732 4440 jejunavit
2757 4368 3100 4439 quadraginta
3145 4368 3334 4423 diebus
3358 4367 3572 4439 Moyses
3600 4385 3612 4422 :

2021 4462 2143 4532 quia
2191 4461 2292 4516 hoc
2354 4459 2678 4529 Prophctia,
2725 4457 2985 4527 jejuuavit
3032 4457 3219 4513 diebus
3265 4458 3614 4528 quadraginta

2025 4552 2208 4608 Elias:
2242 4550 2362 4622 quia
2406 4549 2509 4605 hoc
2555 4549 2927 4621 Evangelium,
2969 4548 3229 4618 jejnnavit
3265 4549 3613 4620 quadraginta

2022 4643 2210 4700 diebus
2237 4643 2491 4698 Dominus
2528 4641 2791 4698 Christus.
2821 4640 3059 4715 Inlplctis
3086 4657 3215 4712 ergo
3241 4651 3361 4712 post
3379 4642 3613 4712 quadra-

2022 4735 2166 4806 ginta
2186 4733 2300 4790 dies
2319 4734 2437 4788 aliis
2463 4732 2648 4788 decem
2675 4731 2883 4798 diebus,
2915 4732 3139 4788 denario
3167 4747 3393 4787 numero
3423 4734 3608 4796 semel,

2024 4825 2246 4881 denario
2295 4839 2516 4879 numero
2562 4823 2916 4893 simpliciter,
2989 4837 3094 4877 non
3157 4821 3613 4892 quadrupliciter,

2023 4917 2172 4972 venit
2223 4915 2450 4985 Spiritus
2473 4924 2720 4978 sanctus,
2749 4922 2810 4969 ut
2833 4913 2916 4968 lex
2944 4913 3216 4983 impleatur
3244 4927 3343 4984 per
3360 4915 3608 4982 gratiam.

2024 5008 2135 5066 Lex
2162 5008 2302 5063 enim
2327 5007 2442 5062 sine
2467 5007 2636 5077 gratia
2660 5007 2833 5060 littera
2861 5014 2945 5059 est
2967 5003 3237 5059 occidens.
3268 5003 3332 5058 Si
3342 5005 3476 5057 enim
3500 5006 3614 5058 data

2024 5109 2149 5155 esset
2177 5098 2280 5161 lex,
2309 5097 2501 5172 inquit,
2539 5111 2652 5166 quia
2679 5105 2844 5168 posset
2869 5095 3143 5162 uiui/icore,
3191 5095 3400 5148 omnino
3421 5112 3486 5147 ex
3507 5097 3612 5166 lege

2025 5201 2152 5245 esset
2171 5188 2394 5264 justitia.
2426 5187 2532 5248 Sed
2568 5186 2814 5248 conclusit
2853 5184 3122 5254 Scriptura
3165 5184 3338 5242 omnia
3385 5185 3479 5240 sub
3505 5201 3614 5254 pee-

2025 5293 2157 5347 cata,
2180 5289 2234 5333 ut
2253 5279 2516 5348 promissio
2537 5294 2600 5332 ea:
2614 5279 2716 5345 ﬁde
2735 5276 2766 5330 J
2773 5294 2858 5330 esu
2880 5275 3070 5332 Christi
3084 5275 3290 5330 daretur
3304 5278 3615 5330 credentibus

2027 5368 2224 5446 (Colat.
2247 5385 2324 5436 tu,
2349 5368 2571 5440 21,22).
2596 5367 2742 5435 Ideo,
2773 5366 2965 5422 Littera
2985 5366 3188 5434 occidit,
3209 5365 3438 5438 Spiritus
3453 5380 3611 5422 autem

2092 5530 2106 5562 ⁸
2144 5505 2282 5577 sum.
2307 5525 2422 5585 fert,
2444 5523 2589 5581 mari,
2605 5531 2660 5574 ut
2681 5522 2862 5586 legitur
2883 5535 3033 5572 serm.
3054 5520 3166 5579 266,
3194 5535 3242 5572 ιι.
3265 5522 3324 5572 6:
3350 5531 3398 5572 at
3427 5524 3608 5570 Vale-sis

2019 5590 2197 5645 habet,
2219 5596 2401 5647 austro.
2426 5595 2480 5637 et
2499 5597 2730 5650 gmina.
2755 5594 2910 5650 noram
2978 5589 3015 5631 st

2094 5655 2112 5686 ³
2133 5656 2181 5706 ω
2205 5657 2370 5710 nostro
2389 5658 2488 5708 δίδη,
2505 5648 2559 5699 ‘et
2581 5660 2749 5698 rursus
2775 5648 2839 5698 ad
2865 5658 3026 5696 unum.
