  <div class='ocr_page' id='page_1' title='image "/cluster/home/n/w/nwhite01/storage/ocr_20150623/38/hvd.32044096580600/626.png"; bbox 0 0 3926 6188; ppageno 0'>
   <div class='ocr_carea' id='block_1_1' title="bbox 279 285 409 344">
    <p class='ocr_par' dir='ltr' id='par_1_1' title="bbox 279 285 409 344">
     <span class='ocr_line' id='line_1_1' title="bbox 279 285 409 344; baseline -0.069 0"><span class='ocrx_word' id='word_1_1' title='bbox 279 285 409 344; x_wconf 57' lang='lat' dir='ltr'><strong>i111</strong></span> 
     </span>
    </p>
   </div>
   <div class='ocr_carea' id='block_1_2' title="bbox 286 389 1862 464">
    <p class='ocr_par' dir='ltr' id='par_1_2' title="bbox 286 389 1862 464">
     <span class='ocr_line' id='line_1_2' title="bbox 286 389 1862 464; baseline -0.006 -13"><span class='ocrx_word' id='word_1_2' title='bbox 286 395 492 464; x_wconf 70' lang='lat' dir='ltr'><strong>rieiﬁcat</strong></span> <span class='ocrx_word' id='word_1_3' title='bbox 525 390 591 462; x_wconf 86' lang='lat' dir='ltr'><strong>(ll</strong></span> <span class='ocrx_word' id='word_1_4' title='bbox 619 391 738 446; x_wconf 85' lang='lat' dir='ltr'><strong>Cor.</strong></span> <span class='ocrx_word' id='word_1_5' title='bbox 767 405 847 458; x_wconf 82' lang='lat' dir='ltr'><strong>tu,</strong></span> <span class='ocrx_word' id='word_1_6' title='bbox 878 389 958 462; x_wconf 73' lang='grc' dir='ltr'><strong>ϐ).</strong></span> <span class='ocrx_word' id='word_1_7' title='bbox 991 389 1106 445; x_wconf 82' lang='lat' dir='ltr'><strong>Non</strong></span> <span class='ocrx_word' id='word_1_8' title='bbox 1151 399 1209 444; x_wconf 83' lang='lat' dir='ltr'><strong>ut</strong></span> <span class='ocrx_word' id='word_1_9' title='bbox 1236 389 1378 445; x_wconf 83' lang='lat' dir='ltr'><strong>aliud</strong></span> <span class='ocrx_word' id='word_1_10' title='bbox 1417 389 1660 460; x_wconf 78' lang='lat' dir='ltr'><strong>impleas,</strong></span> <span class='ocrx_word' id='word_1_11' title='bbox 1705 401 1862 458; x_wconf 85' lang='lat' dir='ltr'><strong>quam</strong></span> 
     </span>
    </p>
   </div>
   <div class='ocr_carea' id='block_1_3' title="bbox 288 478 1861 567">
    <p class='ocr_par' dir='ltr' id='par_1_3' title="bbox 288 478 1861 567">
     <span class='ocr_line' id='line_1_3' title="bbox 288 478 1861 567; baseline -0.008 -23"><span class='ocrx_word' id='word_1_12' title='bbox 288 487 374 544; x_wconf 91' lang='lat' dir='ltr'><strong>tibi</strong></span> <span class='ocrx_word' id='word_1_13' title='bbox 401 500 495 556; x_wconf 86' lang='lat' dir='ltr'><strong>per</strong></span> <span class='ocrx_word' id='word_1_14' title='bbox 525 481 1020 567; x_wconf 69' lang='lat' dir='ltr'><strong>Litteratujubetur</strong></span> <span class='ocrx_word' id='word_1_15' title='bbox 1044 499 1058 535; x_wconf 91' lang='lat'><strong>:</strong></span> <span class='ocrx_word' id='word_1_16' title='bbox 1088 480 1182 536; x_wconf 83' lang='lat' dir='ltr'><strong>sed</strong></span> <span class='ocrx_word' id='word_1_17' title='bbox 1210 481 1320 536; x_wconf 87' lang='lat' dir='ltr'><strong>sola</strong></span> <span class='ocrx_word' id='word_1_18' title='bbox 1341 481 1514 536; x_wconf 79' lang='lat' dir='ltr'><strong>littera</strong></span> <span class='ocrx_word' id='word_1_19' title='bbox 1538 495 1687 535; x_wconf 89' lang='lat' dir='ltr'><strong>reum</strong></span> <span class='ocrx_word' id='word_1_20' title='bbox 1715 478 1861 546; x_wconf 84' lang='lat' dir='ltr'><strong>facit,</strong></span> 
     </span>
    </p>
   </div>
   <div class='ocr_carea' id='block_1_4' title="bbox 283 571 1862 652">
    <p class='ocr_par' dir='ltr' id='par_1_4' title="bbox 283 571 1862 652">
     <span class='ocr_line' id='line_1_4' title="bbox 283 571 1862 652; baseline -0.003 -21"><span class='ocrx_word' id='word_1_21' title='bbox 283 578 442 652; x_wconf 76' lang='lat' dir='ltr'><strong>gratia</strong></span> <span class='ocrx_word' id='word_1_22' title='bbox 464 585 512 632; x_wconf 89' lang='lat' dir='ltr'><strong>et</strong></span> <span class='ocrx_word' id='word_1_23' title='bbox 541 591 571 631; x_wconf 88' lang='lat' dir='ltr'><strong>a</strong></span> <span class='ocrx_word' id='word_1_24' title='bbox 597 584 815 648; x_wconf 82' lang='lat' dir='ltr'><strong>peccato</strong></span> <span class='ocrx_word' id='word_1_25' title='bbox 839 574 1085 639; x_wconf 76' lang='lat' dir='ltr'><strong>liberat‘,</strong></span> <span class='ocrx_word' id='word_1_26' title='bbox 1115 583 1169 630; x_wconf 90' lang='lat' dir='ltr'><strong>et</strong></span> <span class='ocrx_word' id='word_1_27' title='bbox 1194 573 1423 629; x_wconf 74' lang='lat' dir='ltr'><strong>litteram</strong></span> <span class='ocrx_word' id='word_1_28' title='bbox 1443 571 1607 626; x_wconf 90' lang='lat' dir='ltr'><strong>donat</strong></span> <span class='ocrx_word' id='word_1_29' title='bbox 1629 571 1862 642; x_wconf 78' lang='lat' dir='ltr'><strong>impleri.</strong></span> 
     </span>
    </p>
   </div>
   <div class='ocr_carea' id='block_1_5' title="bbox 277 664 1868 739">
    <p class='ocr_par' dir='ltr' id='par_1_5' title="bbox 277 664 1868 739">
     <span class='ocr_line' id='line_1_5' title="bbox 277 664 1868 739; baseline -0.004 -16"><span class='ocrx_word' id='word_1_30' title='bbox 277 667 432 728; x_wconf 79' lang='lat' dir='ltr'><strong>:Unde</strong></span> <span class='ocrx_word' id='word_1_31' title='bbox 452 666 506 722; x_wconf 83' lang='lat' dir='ltr'><strong>fit</strong></span> <span class='ocrx_word' id='word_1_32' title='bbox 530 682 626 739; x_wconf 88' lang='lat' dir='ltr'><strong>per</strong></span> <span class='ocrx_word' id='word_1_33' title='bbox 652 667 870 738; x_wconf 72' lang='lat' dir='ltr'><strong>gratiam</strong></span> <span class='ocrx_word' id='word_1_34' title='bbox 895 665 1139 721; x_wconf 79' lang='lat' dir='ltr'><strong>remissio</strong></span> <span class='ocrx_word' id='word_1_35' title='bbox 1165 664 1401 720; x_wconf 90' lang='lat' dir='ltr'><strong>omnium</strong></span> <span class='ocrx_word' id='word_1_36' title='bbox 1424 671 1786 733; x_wconf 79' lang='lat' dir='ltr'><strong>peccatorum,</strong></span> <span class='ocrx_word' id='word_1_37' title='bbox 1814 671 1868 717; x_wconf 89' lang='lat' dir='ltr'><strong>et</strong></span> 
     </span>
    </p>
   </div>
   <div class='ocr_carea' id='block_1_6' title="bbox 285 753 1866 830">
    <p class='ocr_par' dir='ltr' id='par_1_6' title="bbox 285 753 1866 830">
     <span class='ocr_line' id='line_1_6' title="bbox 285 753 1866 830; baseline -0.005 -15"><span class='ocrx_word' id='word_1_38' title='bbox 285 760 411 814; x_wconf 76' lang='lat' dir='ltr'><strong>ﬁdes</strong></span> <span class='ocrx_word' id='word_1_39' title='bbox 431 773 552 830; x_wconf 72' lang='lat' dir='ltr'><strong>qua:</strong></span> <span class='ocrx_word' id='word_1_40' title='bbox 579 773 674 828; x_wconf 89' lang='lat' dir='ltr'><strong>per</strong></span> <span class='ocrx_word' id='word_1_41' title='bbox 691 757 1030 812; x_wconf 83' lang='lat' dir='ltr'><strong>dilectionem</strong></span> <span class='ocrx_word' id='word_1_42' title='bbox 1057 765 1327 826; x_wconf 77' lang='lat' dir='ltr'><strong>operatur.</strong></span> <span class='ocrx_word' id='word_1_43' title='bbox 1343 753 1515 808; x_wconf 83' lang='lat' dir='ltr'><strong>Nolite</strong></span> <span class='ocrx_word' id='word_1_44' title='bbox 1531 768 1659 821; x_wconf 74' lang='lat' dir='ltr'><strong>ergo</strong></span> <span class='ocrx_word' id='word_1_45' title='bbox 1681 761 1866 824; x_wconf 86' lang='lat' dir='ltr'><strong>putare</strong></span> 
     </span>
    </p>
   </div>
   <div class='ocr_carea' id='block_1_7' title="bbox 281 843 1866 918">
    <p class='ocr_par' dir='ltr' id='par_1_7' title="bbox 281 843 1866 918">
     <span class='ocr_line' id='line_1_7' title="bbox 281 843 1866 918; baseline -0.008 -11"><span class='ocrx_word' id='word_1_46' title='bbox 281 849 580 906; x_wconf 76' lang='lat' dir='ltr'><strong>damnatam</strong></span> <span class='ocrx_word' id='word_1_47' title='bbox 609 863 730 904; x_wconf 90' lang='lat' dir='ltr'><strong>esse</strong></span> <span class='ocrx_word' id='word_1_48' title='bbox 755 848 1008 913; x_wconf 83' lang='lat' dir='ltr'><strong>litteram,</strong></span> <span class='ocrx_word' id='word_1_49' title='bbox 1049 847 1169 918; x_wconf 87' lang='lat' dir='ltr'><strong>quia</strong></span> <span class='ocrx_word' id='word_1_50' title='bbox 1199 845 1397 900; x_wconf 91' lang='lat' dir='ltr'><strong>dictum</strong></span> <span class='ocrx_word' id='word_1_51' title='bbox 1417 854 1528 910; x_wconf 87' lang='lat' dir='ltr'><strong>est,</strong></span> <span class='ocrx_word' id='word_1_52' title='bbox 1557 843 1756 898; x_wconf 80' lang='lat' dir='ltr'><strong>Littera</strong></span> <span class='ocrx_word' id='word_1_53' title='bbox 1779 859 1866 896; x_wconf 85' lang='lat' dir='ltr'><strong>oc-</strong></span> 
     </span>
    </p>
   </div>
   <div class='ocr_carea' id='block_1_8' title="bbox 280 937 1866 1006">
    <p class='ocr_par' dir='ltr' id='par_1_8' title="bbox 280 937 1866 1006">
     <span class='ocr_line' id='line_1_8' title="bbox 280 937 1866 1006; baseline -0.008 -8"><span class='ocrx_word' id='word_1_54' title='bbox 280 944 422 999; x_wconf 69' lang='lat' dir='ltr'><strong>cidit.</strong></span> <span class='ocrx_word' id='word_1_55' title='bbox 455 943 569 997; x_wconf 92' lang='lat' dir='ltr'><strong>lloc</strong></span> <span class='ocrx_word' id='word_1_56' title='bbox 596 949 679 996; x_wconf 87' lang='lat' dir='ltr'><strong>est</strong></span> <span class='ocrx_word' id='word_1_57' title='bbox 701 941 866 1006; x_wconf 87' lang='lat' dir='ltr'><strong>enim,</strong></span> <span class='ocrx_word' id='word_1_58' title='bbox 915 939 1090 995; x_wconf 81' lang='lat' dir='ltr'><strong>littera</strong></span> <span class='ocrx_word' id='word_1_59' title='bbox 1138 953 1260 993; x_wconf 88' lang='lat' dir='ltr'><strong>reos</strong></span> <span class='ocrx_word' id='word_1_60' title='bbox 1297 937 1438 991; x_wconf 90' lang='lat' dir='ltr'><strong>facit.</strong></span> <span class='ocrx_word' id='word_1_61' title='bbox 1475 937 1638 990; x_wconf 85' lang='lat' dir='ltr'><strong>Datur</strong></span> <span class='ocrx_word' id='word_1_62' title='bbox 1665 948 1866 1004; x_wconf 71' lang='lat' dir='ltr'><strong>prtece-</strong></span> 
     </span>
    </p>
   </div>
   <div class='ocr_carea' id='block_1_9' title="bbox 285 1025 1866 1107">
    <p class='ocr_par' dir='ltr' id='par_1_9' title="bbox 285 1025 1866 1107">
     <span class='ocr_line' id='line_1_9' title="bbox 285 1025 1866 1107; baseline -0.008 -18"><span class='ocrx_word' id='word_1_63' title='bbox 285 1045 451 1107; x_wconf 84' lang='lat' dir='ltr'><strong>ptum,</strong></span> <span class='ocrx_word' id='word_1_64' title='bbox 483 1048 588 1087; x_wconf 91' lang='lat' dir='ltr'><strong>non</strong></span> <span class='ocrx_word' id='word_1_65' title='bbox 625 1031 894 1101; x_wconf 78' lang='lat' dir='ltr'><strong>adjuvaris</strong></span> <span class='ocrx_word' id='word_1_66' title='bbox 922 1030 1086 1100; x_wconf 83' lang='lat' dir='ltr'><strong>gratia</strong></span> <span class='ocrx_word' id='word_1_67' title='bbox 1119 1046 1132 1082; x_wconf 92' lang='lat'><strong>:</strong></span> <span class='ocrx_word' id='word_1_68' title='bbox 1164 1027 1418 1082; x_wconf 85' lang='lat' dir='ltr'><strong>continuo</strong></span> <span class='ocrx_word' id='word_1_69' title='bbox 1445 1034 1498 1081; x_wconf 88' lang='lat' dir='ltr'><strong>te</strong></span> <span class='ocrx_word' id='word_1_70' title='bbox 1529 1025 1734 1079; x_wconf 85' lang='lat' dir='ltr'><strong>invenis</strong></span> <span class='ocrx_word' id='word_1_71' title='bbox 1760 1037 1866 1077; x_wconf 91' lang='lat' dir='ltr'><strong>non</strong></span> 
     </span>
    </p>
   </div>
   <div class='ocr_carea' id='block_1_10' title="bbox 287 1119 1867 1194">
    <p class='ocr_par' dir='ltr' id='par_1_10' title="bbox 287 1119 1867 1194">
     <span class='ocr_line' id='line_1_10' title="bbox 287 1119 1867 1194; baseline -0.009 -12"><span class='ocrx_word' id='word_1_72' title='bbox 287 1127 454 1182; x_wconf 81' lang='lat' dir='ltr'><strong>solum</strong></span> <span class='ocrx_word' id='word_1_73' title='bbox 489 1140 592 1178; x_wconf 88' lang='lat' dir='ltr'><strong>non</strong></span> <span class='ocrx_word' id='word_1_74' title='bbox 613 1131 948 1194; x_wconf 77' lang='lat' dir='ltr'><strong>operator-em</strong></span> <span class='ocrx_word' id='word_1_75' title='bbox 979 1121 1130 1191; x_wconf 66' lang='lat' dir='ltr'><strong>legis,</strong></span> <span class='ocrx_word' id='word_1_76' title='bbox 1177 1120 1270 1174; x_wconf 85' lang='lat' dir='ltr'><strong>sed</strong></span> <span class='ocrx_word' id='word_1_77' title='bbox 1299 1119 1459 1174; x_wconf 85' lang='lat' dir='ltr'><strong>etiam</strong></span> <span class='ocrx_word' id='word_1_78' title='bbox 1488 1132 1635 1171; x_wconf 90' lang='lat' dir='ltr'><strong>reum</strong></span> <span class='ocrx_word' id='word_1_79' title='bbox 1659 1129 1867 1187; x_wconf 69' lang='lat' dir='ltr'><strong>prteru-</strong></span> 
     </span>
    </p>
   </div>
   <div class='ocr_carea' id='block_1_11' title="bbox 284 1203 1864 1280">
    <p class='ocr_par' dir='ltr' id='par_1_11' title="bbox 284 1203 1864 1280">
     <span class='ocr_line' id='line_1_11' title="bbox 284 1203 1864 1280; baseline -0.009 -9"><span class='ocrx_word' id='word_1_80' title='bbox 284 1215 574 1271; x_wconf 80' lang='lat' dir='ltr'><strong>ricatiouis.</strong></span> <span class='ocrx_word' id='word_1_81' title='bbox 601 1213 698 1270; x_wconf 80' lang='lat' dir='ltr'><strong>Ubi</strong></span> <span class='ocrx_word' id='word_1_82' title='bbox 716 1214 848 1266; x_wconf 84' lang='lat' dir='ltr'><strong>enim</strong></span> <span class='ocrx_word' id='word_1_83' title='bbox 865 1229 964 1266; x_wconf 85' lang='lat' dir='ltr'><strong>non</strong></span> <span class='ocrx_word' id='word_1_84' title='bbox 983 1220 1058 1266; x_wconf 88' lang='lat' dir='ltr'><strong>est</strong></span> <span class='ocrx_word' id='word_1_85' title='bbox 1080 1209 1181 1277; x_wconf 72' lang='lat' dir='ltr'><strong>tear,</strong></span> <span class='ocrx_word' id='word_1_86' title='bbox 1205 1225 1295 1263; x_wconf 82' lang='lat' dir='ltr'><strong>nec</strong></span> <span class='ocrx_word' id='word_1_87' title='bbox 1317 1207 1666 1280; x_wconf 65' lang='lat' dir='ltr'><strong>praeerit-alio</strong></span> <span class='ocrx_word' id='word_1_88' title='bbox 1686 1203 1864 1280; x_wconf 82' lang='lat' dir='ltr'><strong>(Rom.</strong></span> 
     </span>
    </p>
   </div>
   <div class='ocr_carea' id='block_1_12' title="bbox 284 1296 1866 1377">
    <p class='ocr_par' dir='ltr' id='par_1_12' title="bbox 284 1296 1866 1377">
     <span class='ocr_line' id='line_1_12' title="bbox 284 1296 1866 1377; baseline -0.011 -13"><span class='ocrx_word' id='word_1_89' title='bbox 284 1324 354 1375; x_wconf 78' lang='lat' dir='ltr'><strong>tr,</strong></span> <span class='ocrx_word' id='word_1_90' title='bbox 407 1307 510 1377; x_wconf 77' lang='lat' dir='ltr'><strong>l5).</strong></span> <span class='ocrx_word' id='word_1_91' title='bbox 560 1305 676 1361; x_wconf 78' lang='lat' dir='ltr'><strong>Non</strong></span> <span class='ocrx_word' id='word_1_92' title='bbox 722 1319 851 1373; x_wconf 67' lang='lat' dir='ltr'><strong>ergo</strong></span> <span class='ocrx_word' id='word_1_93' title='bbox 907 1302 1232 1373; x_wconf 84' lang='lat' dir='ltr'><strong>reprehensa</strong></span> <span class='ocrx_word' id='word_1_94' title='bbox 1279 1310 1362 1354; x_wconf 90' lang='lat' dir='ltr'><strong>est</strong></span> <span class='ocrx_word' id='word_1_95' title='bbox 1393 1299 1642 1361; x_wconf 80' lang='lat' dir='ltr'><strong>lcs,culn</strong></span> <span class='ocrx_word' id='word_1_96' title='bbox 1667 1296 1866 1349; x_wconf 86' lang='lat' dir='ltr'><strong>dictum</strong></span> 
     </span>
    </p>
   </div>
   <div class='ocr_carea' id='block_1_13' title="bbox 281 1386 1867 1465">
    <p class='ocr_par' dir='ltr' id='par_1_13' title="bbox 281 1386 1867 1465">
     <span class='ocr_line' id='line_1_13' title="bbox 281 1386 1867 1465; baseline -0.01 -11"><span class='ocrx_word' id='word_1_97' title='bbox 281 1409 358 1455; x_wconf 85' lang='lat' dir='ltr'><strong>est</strong></span> <span class='ocrx_word' id='word_1_98' title='bbox 376 1442 392 1464; x_wconf 89' lang='lat'><strong>,</strong></span> <span class='ocrx_word' id='word_1_99' title='bbox 416 1399 606 1452; x_wconf 76' lang='lat' dir='ltr'><strong>Littera</strong></span> <span class='ocrx_word' id='word_1_100' title='bbox 624 1397 822 1457; x_wconf 85' lang='lat' dir='ltr'><strong>occidit,</strong></span> <span class='ocrx_word' id='word_1_101' title='bbox 855 1395 1078 1465; x_wconf 83' lang='lat' dir='ltr'><strong>Spiritus</strong></span> <span class='ocrx_word' id='word_1_102' title='bbox 1103 1403 1268 1446; x_wconf 83' lang='lat' dir='ltr'><strong>autem</strong></span> <span class='ocrx_word' id='word_1_103' title='bbox 1289 1391 1525 1460; x_wconf 75' lang='lat' dir='ltr'><strong>viviﬁcat,</strong></span> <span class='ocrx_word' id='word_1_104' title='bbox 1554 1388 1701 1459; x_wconf 86' lang='lat' dir='ltr'><strong>quasi</strong></span> <span class='ocrx_word' id='word_1_105' title='bbox 1727 1386 1867 1440; x_wconf 85' lang='lat' dir='ltr'><strong>illam</strong></span> 
     </span>
    </p>
   </div>
   <div class='ocr_carea' id='block_1_14' title="bbox 282 1476 1866 1553">
    <p class='ocr_par' dir='ltr' id='par_1_14' title="bbox 282 1476 1866 1553">
     <span class='ocr_line' id='line_1_14' title="bbox 282 1476 1866 1553; baseline -0.013 -7"><span class='ocrx_word' id='word_1_106' title='bbox 282 1491 697 1553; x_wconf 76' lang='lat' dir='ltr'><strong>cendeumaret,</strong></span> <span class='ocrx_word' id='word_1_107' title='bbox 728 1495 782 1541; x_wconf 90' lang='lat' dir='ltr'><strong>et</strong></span> <span class='ocrx_word' id='word_1_108' title='bbox 811 1486 969 1540; x_wconf 91' lang='lat' dir='ltr'><strong>istum</strong></span> <span class='ocrx_word' id='word_1_109' title='bbox 1011 1483 1249 1537; x_wconf 80' lang='lat' dir='ltr'><strong>laudaret</strong></span> <span class='ocrx_word' id='word_1_110' title='bbox 1277 1499 1290 1536; x_wconf 87' lang='lat'><strong>:</strong></span> <span class='ocrx_word' id='word_1_111' title='bbox 1319 1481 1410 1536; x_wconf 85' lang='lat' dir='ltr'><strong>sed</strong></span> <span class='ocrx_word' id='word_1_112' title='bbox 1447 1479 1633 1533; x_wconf 82' lang='lat' dir='ltr'><strong>Littera</strong></span> <span class='ocrx_word' id='word_1_113' title='bbox 1665 1476 1866 1542; x_wconf 72' lang='lat' dir='ltr'><strong>occidit,</strong></span> 
     </span>
    </p>
   </div>
   <div class='ocr_carea' id='block_1_15' title="bbox 277 1566 1874 1646">
    <p class='ocr_par' dir='ltr' id='par_1_15' title="bbox 277 1566 1874 1646">
     <span class='ocr_line' id='line_1_15' title="bbox 277 1566 1874 1646; baseline -0.011 -11"><span class='ocrx_word' id='word_1_114' title='bbox 277 1582 390 1635; x_wconf 83' lang='lat' dir='ltr'><strong>sola</strong></span> <span class='ocrx_word' id='word_1_115' title='bbox 420 1581 592 1633; x_wconf 79' lang='lat' dir='ltr'><strong>littera</strong></span> <span class='ocrx_word' id='word_1_116' title='bbox 613 1577 728 1631; x_wconf 86' lang='lat' dir='ltr'><strong>sine</strong></span> <span class='ocrx_word' id='word_1_117' title='bbox 751 1576 936 1646; x_wconf 88' lang='lat' dir='ltr'><strong>gratia.</strong></span> <span class='ocrx_word' id='word_1_118' title='bbox 967 1572 1282 1642; x_wconf 76' lang='lat' dir='ltr'><strong>Exemplum</strong></span> <span class='ocrx_word' id='word_1_119' title='bbox 1307 1571 1551 1640; x_wconf 80' lang='lat' dir='ltr'><strong>accipite.</strong></span> <span class='ocrx_word' id='word_1_120' title='bbox 1585 1566 1694 1623; x_wconf 83' lang='lat' dir='ltr'><strong>llac</strong></span> <span class='ocrx_word' id='word_1_121' title='bbox 1722 1567 1874 1624; x_wconf 88' lang='lat' dir='ltr'><strong>locu-</strong></span> 
     </span>
    </p>
   </div>
   <div class='ocr_carea' id='block_1_16' title="bbox 281 1657 1871 1735">
    <p class='ocr_par' dir='ltr' id='par_1_16' title="bbox 281 1657 1871 1735">
     <span class='ocr_line' id='line_1_16' title="bbox 281 1657 1871 1735; baseline -0.011 -8"><span class='ocrx_word' id='word_1_122' title='bbox 281 1676 427 1728; x_wconf 85' lang='lat' dir='ltr'><strong>tione</strong></span> <span class='ocrx_word' id='word_1_123' title='bbox 457 1672 658 1726; x_wconf 80' lang='lat' dir='ltr'><strong>dictum</strong></span> <span class='ocrx_word' id='word_1_124' title='bbox 702 1680 805 1734; x_wconf 69' lang='grc' dir='ltr'><strong>ρει,</strong></span> <span class='ocrx_word' id='word_1_125' title='bbox 838 1667 1063 1723; x_wconf 84' lang='lat' dir='ltr'><strong>Scientia</strong></span> <span class='ocrx_word' id='word_1_126' title='bbox 1103 1665 1269 1735; x_wconf 68' lang='lat' dir='ltr'><strong>inﬂat.</strong></span> <span class='ocrx_word' id='word_1_127' title='bbox 1314 1661 1448 1728; x_wconf 83' lang='lat' dir='ltr'><strong>Quid</strong></span> <span class='ocrx_word' id='word_1_128' title='bbox 1488 1668 1591 1725; x_wconf 88' lang='lat' dir='ltr'><strong>est,</strong></span> <span class='ocrx_word' id='word_1_129' title='bbox 1645 1657 1871 1713; x_wconf 84' lang='lat' dir='ltr'><strong>Scientia</strong></span> 
     </span>
    </p>
   </div>
   <div class='ocr_carea' id='block_1_17' title="bbox 277 1747 1872 1835">
    <p class='ocr_par' dir='ltr' id='par_1_17' title="bbox 277 1747 1872 1835">
     <span class='ocr_line' id='line_1_17' title="bbox 277 1747 1872 1835; baseline -0.01 -17"><span class='ocrx_word' id='word_1_130' title='bbox 277 1765 425 1835; x_wconf 76' lang='lat' dir='ltr'><strong>inﬂat</strong></span> <span class='ocrx_word' id='word_1_131' title='bbox 447 1765 472 1816; x_wconf 79' lang='lat'><strong><em>7</em></strong></span> <span class='ocrx_word' id='word_1_132' title='bbox 490 1761 719 1819; x_wconf 89' lang='lat' dir='ltr'><strong>Scientia</strong></span> <span class='ocrx_word' id='word_1_133' title='bbox 743 1760 991 1814; x_wconf 86' lang='lat' dir='ltr'><strong>damnata</strong></span> <span class='ocrx_word' id='word_1_134' title='bbox 1015 1757 1130 1813; x_wconf 87' lang='lat' dir='ltr'><strong>est?</strong></span> <span class='ocrx_word' id='word_1_135' title='bbox 1146 1755 1203 1812; x_wconf 90' lang='lat' dir='ltr'><strong>Si</strong></span> <span class='ocrx_word' id='word_1_136' title='bbox 1232 1755 1397 1817; x_wconf 83' lang='lat' dir='ltr'><strong>inﬂat,</strong></span> <span class='ocrx_word' id='word_1_137' title='bbox 1429 1752 1620 1808; x_wconf 89' lang='lat' dir='ltr'><strong>melius</strong></span> <span class='ocrx_word' id='word_1_138' title='bbox 1642 1747 1872 1818; x_wconf 78' lang='lat' dir='ltr'><strong>inmeriti</strong></span> 
     </span>
    </p>
   </div>
   <div class='ocr_carea' id='block_1_18' title="bbox 277 1841 1871 1920">
    <p class='ocr_par' dir='ltr' id='par_1_18' title="bbox 277 1841 1871 1920">
     <span class='ocr_line' id='line_1_18' title="bbox 277 1841 1871 1920; baseline -0.012 -10"><span class='ocrx_word' id='word_1_139' title='bbox 277 1854 695 1910; x_wconf 82' lang='lat' dir='ltr'><strong>remanebimus.</strong></span> <span class='ocrx_word' id='word_1_140' title='bbox 739 1850 848 1907; x_wconf 28' lang='lat' dir='ltr'><strong>Sed.</strong></span> <span class='ocrx_word' id='word_1_141' title='bbox 895 1849 1147 1920; x_wconf 86' lang='lat' dir='ltr'><strong>quoniam</strong></span> <span class='ocrx_word' id='word_1_142' title='bbox 1185 1845 1444 1915; x_wconf 81' lang='lat' dir='ltr'><strong>adjunsit,</strong></span> <span class='ocrx_word' id='word_1_143' title='bbox 1487 1841 1722 1898; x_wconf 76' lang='lat' dir='ltr'><strong>Charitas</strong></span> <span class='ocrx_word' id='word_1_144' title='bbox 1755 1854 1871 1893; x_wconf 79' lang='lat' dir='ltr'><strong>vero</strong></span> 
     </span>
    </p>
   </div>
   <div class='ocr_carea' id='block_1_19' title="bbox 259 1934 1872 2018">
    <p class='ocr_par' dir='ltr' id='par_1_19' title="bbox 259 1934 1872 2018">
     <span class='ocr_line' id='line_1_19' title="bbox 259 1934 1872 2018; baseline -0.01 -16"><span class='ocrx_word' id='word_1_145' title='bbox 259 1948 500 2018; x_wconf 60' lang='lat' dir='ltr'><strong>adiﬁcat</strong></span> <span class='ocrx_word' id='word_1_146' title='bbox 521 1946 560 2018; x_wconf 94' lang='lat' dir='ltr'><strong>(l</strong></span> <span class='ocrx_word' id='word_1_147' title='bbox 583 1945 700 2000; x_wconf 81' lang='lat' dir='ltr'><strong>Cor.</strong></span> <span class='ocrx_word' id='word_1_148' title='bbox 733 1959 844 2006; x_wconf 74' lang='lat' dir='ltr'><strong>rm.</strong></span> <span class='ocrx_word' id='word_1_149' title='bbox 875 1944 947 2014; x_wconf 85' lang='lat' dir='ltr'><strong>l);</strong></span> <span class='ocrx_word' id='word_1_150' title='bbox 968 1939 1237 2013; x_wconf 89' lang='lat' dir='ltr'><strong>quomodo</strong></span> <span class='ocrx_word' id='word_1_151' title='bbox 1261 1939 1347 1993; x_wconf 90' lang='lat' dir='ltr'><strong>ubi</strong></span> <span class='ocrx_word' id='word_1_152' title='bbox 1361 1937 1619 2007; x_wconf 80' lang='lat' dir='ltr'><strong>adjunxit,</strong></span> <span class='ocrx_word' id='word_1_153' title='bbox 1647 1934 1872 2004; x_wconf 81' lang='lat' dir='ltr'><strong>Spiritus</strong></span> 
     </span>
    </p>
   </div>
   <div class='ocr_carea' id='block_1_20' title="bbox 271 2027 1870 2105">
    <p class='ocr_par' dir='ltr' id='par_1_20' title="bbox 271 2027 1870 2105">
     <span class='ocr_line' id='line_1_20' title="bbox 271 2027 1870 2105; baseline -0.008 -14"><span class='ocrx_word' id='word_1_154' title='bbox 271 2048 448 2092; x_wconf 74' lang='lat' dir='ltr'><strong>autem</strong></span> <span class='ocrx_word' id='word_1_155' title='bbox 476 2037 710 2105; x_wconf 74' lang='lat' dir='ltr'><strong>viui/ictu,</strong></span> <span class='ocrx_word' id='word_1_156' title='bbox 734 2035 880 2090; x_wconf 81' lang='lat' dir='ltr'><strong>dedit</strong></span> <span class='ocrx_word' id='word_1_157' title='bbox 904 2033 1144 2104; x_wconf 72' lang='lat' dir='ltr'><strong>intelligi,</strong></span> <span class='ocrx_word' id='word_1_158' title='bbox 1180 2031 1375 2087; x_wconf 80' lang='lat' dir='ltr'><strong>Littera</strong></span> <span class='ocrx_word' id='word_1_159' title='bbox 1401 2030 1516 2082; x_wconf 86' lang='lat' dir='ltr'><strong>sine</strong></span> <span class='ocrx_word' id='word_1_160' title='bbox 1553 2027 1753 2096; x_wconf 78' lang='lat' dir='ltr'><strong>Spiritu</strong></span> <span class='ocrx_word' id='word_1_161' title='bbox 1774 2039 1870 2079; x_wconf 89' lang='lat' dir='ltr'><strong>oc-</strong></span> 
     </span>
    </p>
   </div>
   <div class='ocr_carea' id='block_1_21' title="bbox 274 2118 1868 2198">
    <p class='ocr_par' dir='ltr' id='par_1_21' title="bbox 274 2118 1868 2198">
     <span class='ocr_line' id='line_1_21' title="bbox 274 2118 1868 2198; baseline -0.009 -14"><span class='ocrx_word' id='word_1_162' title='bbox 274 2129 429 2192; x_wconf 80' lang='lat' dir='ltr'><strong>cidit,</strong></span> <span class='ocrx_word' id='word_1_163' title='bbox 455 2143 580 2183; x_wconf 89' lang='lat' dir='ltr'><strong>cum</strong></span> <span class='ocrx_word' id='word_1_164' title='bbox 608 2127 806 2198; x_wconf 79' lang='lat' dir='ltr'><strong>Spiritu</strong></span> <span class='ocrx_word' id='word_1_165' title='bbox 837 2125 1091 2189; x_wconf 72' lang='lat' dir='ltr'><strong>viviﬁcat,</strong></span> <span class='ocrx_word' id='word_1_166' title='bbox 1131 2133 1185 2178; x_wconf 88' lang='lat' dir='ltr'><strong>et</strong></span> <span class='ocrx_word' id='word_1_167' title='bbox 1211 2120 1421 2191; x_wconf 90' lang='lat' dir='ltr'><strong>impleri</strong></span> <span class='ocrx_word' id='word_1_168' title='bbox 1448 2121 1681 2174; x_wconf 87' lang='lat' dir='ltr'><strong>litteram</strong></span> <span class='ocrx_word' id='word_1_169' title='bbox 1705 2118 1826 2170; x_wconf 80' lang='lat' dir='ltr'><strong>facit</strong></span> <span class='ocrx_word' id='word_1_170' title='bbox 1853 2131 1868 2178; x_wconf 85' lang='lat'><strong>;</strong></span> 
     </span>
    </p>
   </div>
   <div class='ocr_carea' id='block_1_22' title="bbox 271 2208 1872 2279">
    <p class='ocr_par' dir='ltr' id='par_1_22' title="bbox 271 2208 1872 2279">
     <span class='ocr_line' id='line_1_22' title="bbox 271 2208 1872 2279; baseline -0.011 -1"><span class='ocrx_word' id='word_1_171' title='bbox 271 2223 354 2278; x_wconf 83' lang='lat' dir='ltr'><strong>sic</strong></span> <span class='ocrx_word' id='word_1_172' title='bbox 383 2221 607 2277; x_wconf 89' lang='lat' dir='ltr'><strong>scientia</strong></span> <span class='ocrx_word' id='word_1_173' title='bbox 628 2222 745 2275; x_wconf 86' lang='lat' dir='ltr'><strong>sine</strong></span> <span class='ocrx_word' id='word_1_174' title='bbox 764 2219 1024 2274; x_wconf 84' lang='lat' dir='ltr'><strong>ebaritate</strong></span> <span class='ocrx_word' id='word_1_175' title='bbox 1053 2215 1217 2279; x_wconf 75' lang='lat' dir='ltr'><strong>inﬂat,</strong></span> <span class='ocrx_word' id='word_1_176' title='bbox 1246 2214 1476 2268; x_wconf 84' lang='lat' dir='ltr'><strong>cbaritas</strong></span> <span class='ocrx_word' id='word_1_177' title='bbox 1501 2226 1620 2266; x_wconf 90' lang='lat' dir='ltr'><strong>cmn</strong></span> <span class='ocrx_word' id='word_1_178' title='bbox 1651 2208 1872 2263; x_wconf 88' lang='lat' dir='ltr'><strong>scientia</strong></span> 
     </span>
    </p>
   </div>
   <div class='ocr_carea' id='block_1_23' title="bbox 267 2300 1875 2382">
    <p class='ocr_par' dir='ltr' id='par_1_23' title="bbox 267 2300 1875 2382">
     <span class='ocr_line' id='line_1_23' title="bbox 267 2300 1875 2382; baseline -0.012 -11"><span class='ocrx_word' id='word_1_179' title='bbox 267 2316 534 2370; x_wconf 70' lang='lat' dir='ltr'><strong>mdilicat.</strong></span> <span class='ocrx_word' id='word_1_180' title='bbox 565 2314 704 2382; x_wconf 78' lang='lat' dir='ltr'><strong>Ergo</strong></span> <span class='ocrx_word' id='word_1_181' title='bbox 731 2311 930 2365; x_wconf 80' lang='lat' dir='ltr'><strong>missus</strong></span> <span class='ocrx_word' id='word_1_182' title='bbox 953 2318 1038 2364; x_wconf 85' lang='lat' dir='ltr'><strong>est</strong></span> <span class='ocrx_word' id='word_1_183' title='bbox 1058 2306 1288 2377; x_wconf 84' lang='lat' dir='ltr'><strong>Spiritus</strong></span> <span class='ocrx_word' id='word_1_184' title='bbox 1321 2313 1556 2368; x_wconf 84' lang='lat' dir='ltr'><strong>sanctus,</strong></span> <span class='ocrx_word' id='word_1_185' title='bbox 1580 2311 1636 2355; x_wconf 87' lang='lat' dir='ltr'><strong>ut</strong></span> <span class='ocrx_word' id='word_1_186' title='bbox 1658 2300 1740 2354; x_wconf 79' lang='lat' dir='ltr'><strong>lex</strong></span> <span class='ocrx_word' id='word_1_187' title='bbox 1775 2300 1875 2352; x_wconf 85' lang='lat' dir='ltr'><strong>im-</strong></span> 
     </span>
    </p>
   </div>
   <div class='ocr_carea' id='block_1_24' title="bbox 267 2388 1873 2474">
    <p class='ocr_par' dir='ltr' id='par_1_24' title="bbox 267 2388 1873 2474">
     <span class='ocr_line' id='line_1_24' title="bbox 267 2388 1873 2474; baseline -0.009 -16"><span class='ocrx_word' id='word_1_188' title='bbox 267 2405 542 2474; x_wconf 82' lang='lat' dir='ltr'><strong>pleretur,</strong></span> <span class='ocrx_word' id='word_1_189' title='bbox 574 2413 628 2458; x_wconf 87' lang='lat' dir='ltr'><strong>et</strong></span> <span class='ocrx_word' id='word_1_190' title='bbox 657 2401 808 2456; x_wconf 79' lang='lat' dir='ltr'><strong>ﬁeret</strong></span> <span class='ocrx_word' id='word_1_191' title='bbox 831 2399 974 2470; x_wconf 85' lang='lat' dir='ltr'><strong>quod</strong></span> <span class='ocrx_word' id='word_1_192' title='bbox 1012 2399 1127 2468; x_wconf 88' lang='lat' dir='ltr'><strong>ipse</strong></span> <span class='ocrx_word' id='word_1_193' title='bbox 1173 2397 1430 2451; x_wconf 75' lang='lat' dir='ltr'><strong>Dominus</strong></span> <span class='ocrx_word' id='word_1_194' title='bbox 1467 2394 1696 2456; x_wconf 64' lang='lat' dir='ltr'><strong>dixerat,</strong></span> <span class='ocrx_word' id='word_1_195' title='bbox 1753 2388 1873 2444; x_wconf 74' lang='lat' dir='ltr'><strong>Non</strong></span> 
     </span>
    </p>
   </div>
   <div class='ocr_carea' id='block_1_25' title="bbox 269 2482 1874 2566">
    <p class='ocr_par' dir='ltr' id='par_1_25' title="bbox 269 2482 1874 2566">
     <span class='ocr_line' id='line_1_25' title="bbox 269 2482 1874 2566; baseline -0.01 -14"><span class='ocrx_word' id='word_1_196' title='bbox 269 2497 391 2552; x_wconf 70' lang='lat' dir='ltr'><strong>aerii</strong></span> <span class='ocrx_word' id='word_1_197' title='bbox 444 2495 606 2566; x_wconf 81' lang='lat' dir='ltr'><strong>legem</strong></span> <span class='ocrx_word' id='word_1_198' title='bbox 639 2493 846 2555; x_wconf 81' lang='lat' dir='ltr'><strong>solvere.</strong></span> <span class='ocrx_word' id='word_1_199' title='bbox 876 2491 964 2546; x_wconf 85' lang='lat' dir='ltr'><strong>sed</strong></span> <span class='ocrx_word' id='word_1_200' title='bbox 982 2487 1262 2559; x_wconf 78' lang='lat' dir='ltr'><strong>adimplere</strong></span> <span class='ocrx_word' id='word_1_201' title='bbox 1281 2486 1492 2554; x_wconf 74' lang='lat' dir='ltr'><strong>(Matth.</strong></span> <span class='ocrx_word' id='word_1_202' title='bbox 1525 2500 1578 2549; x_wconf 67' lang='grc' dir='ltr'><strong>ν,</strong></span> <span class='ocrx_word' id='word_1_203' title='bbox 1599 2483 1709 2556; x_wconf 78' lang='grc' dir='ltr'><strong>Π).</strong></span> <span class='ocrx_word' id='word_1_204' title='bbox 1761 2482 1874 2536; x_wconf 83' lang='lat' dir='ltr'><strong>Hoc</strong></span> 
     </span>
    </p>
   </div>
   <div class='ocr_carea' id='block_1_26' title="bbox 275 2573 1876 2647">
    <p class='ocr_par' dir='ltr' id='par_1_26' title="bbox 275 2573 1876 2647">
     <span class='ocr_line' id='line_1_26' title="bbox 275 2573 1876 2647; baseline -0.01 -5"><span class='ocrx_word' id='word_1_205' title='bbox 275 2586 458 2642; x_wconf 86' lang='lat' dir='ltr'><strong>donat</strong></span> <span class='ocrx_word' id='word_1_206' title='bbox 482 2583 844 2647; x_wconf 88' lang='lat' dir='ltr'><strong>credentibus,</strong></span> <span class='ocrx_word' id='word_1_207' title='bbox 872 2582 974 2637; x_wconf 85' lang='lat' dir='ltr'><strong>hoc</strong></span> <span class='ocrx_word' id='word_1_208' title='bbox 998 2580 1162 2636; x_wconf 85' lang='lat' dir='ltr'><strong>donat</strong></span> <span class='ocrx_word' id='word_1_209' title='bbox 1193 2578 1457 2643; x_wconf 86' lang='lat' dir='ltr'><strong>lidelibus,</strong></span> <span class='ocrx_word' id='word_1_210' title='bbox 1490 2576 1590 2631; x_wconf 85' lang='lat' dir='ltr'><strong>hoc</strong></span> <span class='ocrx_word' id='word_1_211' title='bbox 1614 2573 1776 2629; x_wconf 90' lang='lat' dir='ltr'><strong>donat</strong></span> <span class='ocrx_word' id='word_1_212' title='bbox 1795 2573 1876 2628; x_wconf 89' lang='lat' dir='ltr'><strong>eis</strong></span> 
     </span>
    </p>
   </div>
   <div class='ocr_carea' id='block_1_27' title="bbox 267 2664 1876 2749">
    <p class='ocr_par' dir='ltr' id='par_1_27' title="bbox 267 2664 1876 2749">
     <span class='ocr_line' id='line_1_27' title="bbox 267 2664 1876 2749; baseline -0.009 -16"><span class='ocrx_word' id='word_1_213' title='bbox 267 2678 486 2749; x_wconf 83' lang='lat' dir='ltr'><strong>quibus</strong></span> <span class='ocrx_word' id='word_1_214' title='bbox 513 2676 606 2731; x_wconf 86' lang='lat' dir='ltr'><strong>dat</strong></span> <span class='ocrx_word' id='word_1_215' title='bbox 652 2674 906 2745; x_wconf 90' lang='lat' dir='ltr'><strong>Spiritum</strong></span> <span class='ocrx_word' id='word_1_216' title='bbox 946 2681 1210 2727; x_wconf 83' lang='lat' dir='ltr'><strong>sanctum.</strong></span> <span class='ocrx_word' id='word_1_217' title='bbox 1236 2668 1446 2735; x_wconf 84' lang='lat' dir='ltr'><strong>Quanto</strong></span> <span class='ocrx_word' id='word_1_218' title='bbox 1470 2666 1527 2720; x_wconf 81' lang='lat' dir='ltr'><strong>tit</strong></span> <span class='ocrx_word' id='word_1_219' title='bbox 1556 2680 1622 2720; x_wconf 90' lang='lat' dir='ltr'><strong>eo</strong></span> <span class='ocrx_word' id='word_1_220' title='bbox 1650 2664 1876 2735; x_wconf 81' lang='lat' dir='ltr'><strong>quisque</strong></span> 
     </span>
    </p>
   </div>
   <div class='ocr_carea' id='block_1_28' title="bbox 273 2755 1704 2840">
    <p class='ocr_par' dir='ltr' id='par_1_28' title="bbox 273 2755 1704 2840">
     <span class='ocr_line' id='line_1_28' title="bbox 273 2755 1704 2840; baseline -0.011 -15"><span class='ocrx_word' id='word_1_221' title='bbox 273 2769 567 2840; x_wconf 81' lang='lat' dir='ltr'><strong>capacior,</strong></span> <span class='ocrx_word' id='word_1_222' title='bbox 593 2775 738 2821; x_wconf 83' lang='lat' dir='ltr'><strong>tame</strong></span> <span class='ocrx_word' id='word_1_223' title='bbox 758 2763 824 2819; x_wconf 86' lang='lat' dir='ltr'><strong>ad</strong></span> <span class='ocrx_word' id='word_1_224' title='bbox 851 2762 1173 2834; x_wconf 77' lang='lat' dir='ltr'><strong>operandam</strong></span> <span class='ocrx_word' id='word_1_225' title='bbox 1203 2759 1373 2828; x_wconf 89' lang='lat' dir='ltr'><strong>legem</strong></span> <span class='ocrx_word' id='word_1_226' title='bbox 1395 2755 1452 2812; x_wconf 79' lang='lat' dir='ltr'><strong>lit</strong></span> <span class='ocrx_word' id='word_1_227' title='bbox 1475 2755 1704 2811; x_wconf 76' lang='lat' dir='ltr'><strong>facilior.</strong></span> 
     </span>
    </p>
   </div>
   <div class='ocr_carea' id='block_1_29' title="bbox 347 2846 1877 2925">
    <p class='ocr_par' dir='ltr' id='par_1_29' title="bbox 347 2846 1877 2925">
     <span class='ocr_line' id='line_1_29' title="bbox 347 2846 1877 2925; baseline -0.012 -8"><span class='ocrx_word' id='word_1_228' title='bbox 347 2864 408 2916; x_wconf 77' lang='grc' dir='ltr'><strong>ι.</strong></span> <span class='ocrx_word' id='word_1_229' title='bbox 468 2860 576 2915; x_wconf 72' lang='lat' dir='ltr'><strong>Lex</strong></span> <span class='ocrx_word' id='word_1_230' title='bbox 598 2859 845 2913; x_wconf 72' lang='lat' dir='ltr'><strong>charitate</strong></span> <span class='ocrx_word' id='word_1_231' title='bbox 868 2854 1128 2925; x_wconf 83' lang='lat' dir='ltr'><strong>impletur.</strong></span> <span class='ocrx_word' id='word_1_232' title='bbox 1161 2869 1261 2907; x_wconf 77' lang='lat' dir='ltr'><strong>non</strong></span> <span class='ocrx_word' id='word_1_233' title='bbox 1290 2852 1466 2905; x_wconf 77' lang='lat' dir='ltr'><strong>timore</strong></span> <span class='ocrx_word' id='word_1_234' title='bbox 1493 2863 1672 2918; x_wconf 68' lang='lat' dir='ltr'><strong>pariat.</strong></span> <span class='ocrx_word' id='word_1_235' title='bbox 1703 2846 1877 2902; x_wconf 79' lang='lat' dir='ltr'><strong>Timor</strong></span> 
     </span>
    </p>
   </div>
   <div class='ocr_carea' id='block_1_30' title="bbox 207 2941 1870 3038">
    <p class='ocr_par' dir='ltr' id='par_1_30' title="bbox 207 2941 1870 3038">
     <span class='ocr_line' id='line_1_30' title="bbox 207 2941 1870 3038; baseline -0.011 -28"><span class='ocrx_word' id='word_1_236' title='bbox 207 3019 224 3038; x_wconf 34' lang='grc' dir='ltr'>λ</span> <span class='ocrx_word' id='word_1_237' title='bbox 268 2956 416 3009; x_wconf 65' lang='lat' dir='ltr'><strong>«(ius</strong></span> <span class='ocrx_word' id='word_1_238' title='bbox 443 2962 636 3016; x_wconf 81' lang='lat' dir='ltr'><strong>castus,</strong></span> <span class='ocrx_word' id='word_1_239' title='bbox 664 2951 798 3005; x_wconf 75' lang='lat' dir='ltr'><strong>alius</strong></span> <span class='ocrx_word' id='word_1_240' title='bbox 847 2945 1060 3002; x_wconf 78' lang='lat' dir='ltr'><strong>servilis.</strong></span> <span class='ocrx_word' id='word_1_241' title='bbox 1090 2945 1324 3000; x_wconf 75' lang='lat' dir='ltr'><strong>Charitas</strong></span> <span class='ocrx_word' id='word_1_242' title='bbox 1351 2959 1414 2998; x_wconf 74' lang='lat' dir='ltr'><strong>ea:</strong></span> <span class='ocrx_word' id='word_1_243' title='bbox 1442 2941 1640 3012; x_wconf 77' lang='lat' dir='ltr'><strong>Spiritu</strong></span> <span class='ocrx_word' id='word_1_244' title='bbox 1677 2948 1870 2994; x_wconf 80' lang='lat' dir='ltr'><strong>sancto.</strong></span> 
     </span>
    </p>
   </div>
   <div class='ocr_carea' id='block_1_31' title="bbox 273 3032 1871 3108">
    <p class='ocr_par' dir='ltr' id='par_1_31' title="bbox 273 3032 1871 3108">
     <span class='ocr_line' id='line_1_31' title="bbox 273 3032 1871 3108; baseline -0.012 -5"><span class='ocrx_word' id='word_1_245' title='bbox 273 3049 417 3104; x_wconf 84' lang='lat' dir='ltr'><strong>Dico</strong></span> <span class='ocrx_word' id='word_1_246' title='bbox 440 3046 590 3101; x_wconf 86' lang='lat' dir='ltr'><strong>enim</strong></span> <span class='ocrx_word' id='word_1_247' title='bbox 615 3041 893 3100; x_wconf 87' lang='lat' dir='ltr'><strong>Dilectioni</strong></span> <span class='ocrx_word' id='word_1_248' title='bbox 914 3051 1129 3106; x_wconf 61' lang='lat' dir='ltr'><strong>vestrm,</strong></span> <span class='ocrx_word' id='word_1_249' title='bbox 1152 3037 1290 3108; x_wconf 89' lang='lat' dir='ltr'><strong>quod</strong></span> <span class='ocrx_word' id='word_1_250' title='bbox 1312 3043 1369 3090; x_wconf 83' lang='lat' dir='ltr'><strong>et</strong></span> <span class='ocrx_word' id='word_1_251' title='bbox 1393 3049 1490 3090; x_wconf 82' lang='lat' dir='ltr'><strong>vos</strong></span> <span class='ocrx_word' id='word_1_252' title='bbox 1510 3032 1871 3097; x_wconf 85' lang='lat' dir='ltr'><strong>conside-rare,</strong></span> 
     </span>
    </p>
   </div>
   <div class='ocr_carea' id='block_1_32' title="bbox 265 3122 1873 3201">
    <p class='ocr_par' dir='ltr' id='par_1_32' title="bbox 265 3122 1873 3201">
     <span class='ocr_line' id='line_1_32' title="bbox 265 3122 1873 3201; baseline -0.011 -10"><span class='ocrx_word' id='word_1_253' title='bbox 265 3147 328 3193; x_wconf 82' lang='lat' dir='ltr'><strong>et</strong></span> <span class='ocrx_word' id='word_1_254' title='bbox 383 3137 551 3192; x_wconf 84' lang='lat' dir='ltr'><strong>facile</strong></span> <span class='ocrx_word' id='word_1_255' title='bbox 600 3134 782 3189; x_wconf 77' lang='lat' dir='ltr'><strong>videre</strong></span> <span class='ocrx_word' id='word_1_256' title='bbox 828 3130 1068 3201; x_wconf 88' lang='lat' dir='ltr'><strong>poteritis</strong></span> <span class='ocrx_word' id='word_1_257' title='bbox 1108 3144 1122 3182; x_wconf 94' lang='lat'><strong>:</strong></span> <span class='ocrx_word' id='word_1_258' title='bbox 1170 3128 1401 3182; x_wconf 85' lang='lat' dir='ltr'><strong>cbaritas</strong></span> <span class='ocrx_word' id='word_1_259' title='bbox 1427 3123 1608 3194; x_wconf 85' lang='lat' dir='ltr'><strong>implet</strong></span> <span class='ocrx_word' id='word_1_260' title='bbox 1640 3122 1808 3192; x_wconf 77' lang='lat' dir='ltr'><strong>legem</strong></span> <span class='ocrx_word' id='word_1_261' title='bbox 1829 3122 1873 3173; x_wconf 79' lang='grc'><strong>¹.</strong></span> 
     </span>
    </p>
   </div>
   <div class='ocr_carea' id='block_1_33' title="bbox 267 3211 1877 3295">
    <p class='ocr_par' dir='ltr' id='par_1_33' title="bbox 267 3211 1877 3295">
     <span class='ocr_line' id='line_1_33' title="bbox 267 3211 1877 3295; baseline -0.012 -10"><span class='ocrx_word' id='word_1_262' title='bbox 267 3231 479 3285; x_wconf 82' lang='lat' dir='ltr'><strong>Timor</strong></span> <span class='ocrx_word' id='word_1_263' title='bbox 519 3238 794 3295; x_wconf 63' lang='lat' dir='ltr'><strong>pennarum</strong></span> <span class='ocrx_word' id='word_1_264' title='bbox 843 3221 962 3277; x_wconf 86' lang='lat' dir='ltr'><strong>facit</strong></span> <span class='ocrx_word' id='word_1_265' title='bbox 999 3217 1267 3273; x_wconf 82' lang='lat' dir='ltr'><strong>hominem</strong></span> <span class='ocrx_word' id='word_1_266' title='bbox 1313 3214 1544 3286; x_wconf 86' lang='lat' dir='ltr'><strong>operari,</strong></span> <span class='ocrx_word' id='word_1_267' title='bbox 1577 3211 1671 3267; x_wconf 86' lang='lat' dir='ltr'><strong>sed</strong></span> <span class='ocrx_word' id='word_1_268' title='bbox 1704 3211 1877 3266; x_wconf 86' lang='lat' dir='ltr'><strong>adhuc</strong></span> 
     </span>
    </p>
   </div>
   <div class='ocr_carea' id='block_1_34' title="bbox 267 3305 1878 3384">
    <p class='ocr_par' dir='ltr' id='par_1_34' title="bbox 267 3305 1878 3384">
     <span class='ocr_line' id='line_1_34' title="bbox 267 3305 1878 3384; baseline -0.012 -6"><span class='ocrx_word' id='word_1_269' title='bbox 267 3321 585 3379; x_wconf 72' lang='lat' dir='ltr'><strong>serviliter.</strong></span> <span class='ocrx_word' id='word_1_270' title='bbox 617 3316 672 3373; x_wconf 87' lang='lat' dir='ltr'><strong>Si</strong></span> <span class='ocrx_word' id='word_1_271' title='bbox 703 3316 844 3370; x_wconf 90' lang='lat' dir='ltr'><strong>enim</strong></span> <span class='ocrx_word' id='word_1_272' title='bbox 879 3323 1156 3384; x_wconf 73' lang='lat' dir='ltr'><strong>propterea</strong></span> <span class='ocrx_word' id='word_1_273' title='bbox 1186 3309 1313 3364; x_wconf 88' lang='lat' dir='ltr'><strong>facis</strong></span> <span class='ocrx_word' id='word_1_274' title='bbox 1345 3307 1563 3372; x_wconf 90' lang='lat' dir='ltr'><strong>bonum,</strong></span> <span class='ocrx_word' id='word_1_275' title='bbox 1585 3306 1705 3376; x_wconf 85' lang='lat' dir='ltr'><strong>quia</strong></span> <span class='ocrx_word' id='word_1_276' title='bbox 1723 3305 1878 3358; x_wconf 84' lang='lat' dir='ltr'><strong>times</strong></span> 
     </span>
    </p>
   </div>
   <div class='ocr_carea' id='block_1_35' title="bbox 269 3395 1878 3484">
    <p class='ocr_par' dir='ltr' id='par_1_35' title="bbox 269 3395 1878 3484">
     <span class='ocr_line' id='line_1_35' title="bbox 269 3395 1878 3484; baseline -0.011 -19"><span class='ocrx_word' id='word_1_277' title='bbox 269 3414 388 3484; x_wconf 76' lang='lat' dir='ltr'><strong>pati</strong></span> <span class='ocrx_word' id='word_1_278' title='bbox 425 3410 654 3465; x_wconf 81' lang='lat' dir='ltr'><strong>ntalnm.</strong></span> <span class='ocrx_word' id='word_1_279' title='bbox 672 3416 763 3461; x_wconf 90' lang='lat' dir='ltr'><strong>aut</strong></span> <span class='ocrx_word' id='word_1_280' title='bbox 779 3413 1053 3474; x_wconf 82' lang='lat' dir='ltr'><strong>propterea</strong></span> <span class='ocrx_word' id='word_1_281' title='bbox 1083 3416 1186 3456; x_wconf 90' lang='lat' dir='ltr'><strong>non</strong></span> <span class='ocrx_word' id='word_1_282' title='bbox 1206 3399 1332 3454; x_wconf 85' lang='lat' dir='ltr'><strong>facis</strong></span> <span class='ocrx_word' id='word_1_283' title='bbox 1349 3399 1566 3461; x_wconf 86' lang='lat' dir='ltr'><strong>malum,</strong></span> <span class='ocrx_word' id='word_1_284' title='bbox 1583 3396 1704 3467; x_wconf 86' lang='lat' dir='ltr'><strong>quia</strong></span> <span class='ocrx_word' id='word_1_285' title='bbox 1723 3395 1878 3449; x_wconf 80' lang='lat' dir='ltr'><strong>times</strong></span> 
     </span>
    </p>
   </div>
   <div class='ocr_carea' id='block_1_36' title="bbox 269 3487 1875 3577">
    <p class='ocr_par' dir='ltr' id='par_1_36' title="bbox 269 3487 1875 3577">
     <span class='ocr_line' id='line_1_36' title="bbox 269 3487 1875 3577; baseline -0.014 -17"><span class='ocrx_word' id='word_1_286' title='bbox 269 3507 388 3577; x_wconf 86' lang='lat' dir='ltr'><strong>pati</strong></span> <span class='ocrx_word' id='word_1_287' title='bbox 419 3503 626 3558; x_wconf 86' lang='lat' dir='ltr'><strong>malum</strong></span> <span class='ocrx_word' id='word_1_288' title='bbox 646 3516 662 3565; x_wconf 87' lang='lat'><strong>;</strong></span> <span class='ocrx_word' id='word_1_289' title='bbox 686 3499 729 3553; x_wconf 86' lang='lat' dir='ltr'><strong>si</strong></span> <span class='ocrx_word' id='word_1_290' title='bbox 757 3497 946 3566; x_wconf 85' lang='lat' dir='ltr'><strong>aliquis</strong></span> <span class='ocrx_word' id='word_1_291' title='bbox 975 3494 1066 3549; x_wconf 85' lang='lat' dir='ltr'><strong>tibi</strong></span> <span class='ocrx_word' id='word_1_292' title='bbox 1094 3493 1427 3564; x_wconf 86' lang='lat' dir='ltr'><strong>promitteret</strong></span> <span class='ocrx_word' id='word_1_293' title='bbox 1477 3487 1875 3558; x_wconf 81' lang='lat' dir='ltr'><strong>impunitatem,</strong></span> 
     </span>
    </p>
   </div>
   <div class='ocr_carea' id='block_1_37' title="bbox 265 3573 1872 3661">
    <p class='ocr_par' dir='ltr' id='par_1_37' title="bbox 265 3573 1872 3661">
     <span class='ocr_line' id='line_1_37' title="bbox 265 3573 1872 3661; baseline -0.015 -10"><span class='ocrx_word' id='word_1_294' title='bbox 265 3573 468 3651; x_wconf 73' lang='lat' dir='ltr'><strong>statim</strong></span> <span class='ocrx_word' id='word_1_295' title='bbox 501 3587 988 3661; x_wconf 84' lang='lat' dir='ltr'><strong>eomprcbenderes</strong></span> <span class='ocrx_word' id='word_1_296' title='bbox 1025 3584 1379 3653; x_wconf 84' lang='lat' dir='ltr'><strong>iniquitatem.</strong></span> <span class='ocrx_word' id='word_1_297' title='bbox 1432 3578 1708 3632; x_wconf 76' lang='lat' dir='ltr'><strong>[liceretur</strong></span> <span class='ocrx_word' id='word_1_298' title='bbox 1759 3573 1872 3639; x_wconf 87' lang='lat' dir='ltr'><strong>tibi,</strong></span> 
     </span>
    </p>
   </div>
   <div class='ocr_carea' id='block_1_38' title="bbox 265 3668 1880 3750">
    <p class='ocr_par' dir='ltr' id='par_1_38' title="bbox 265 3668 1880 3750">
     <span class='ocr_line' id='line_1_38' title="bbox 265 3668 1880 3750; baseline -0.014 -6"><span class='ocrx_word' id='word_1_299' title='bbox 265 3691 529 3744; x_wconf 75' lang='lat' dir='ltr'><strong>Securus</strong></span> <span class='ocrx_word' id='word_1_300' title='bbox 549 3694 688 3748; x_wconf 88' lang='lat' dir='ltr'><strong>esto,</strong></span> <span class='ocrx_word' id='word_1_301' title='bbox 712 3680 840 3737; x_wconf 87' lang='lat' dir='ltr'><strong>nihil</strong></span> <span class='ocrx_word' id='word_1_302' title='bbox 858 3677 1078 3750; x_wconf 85' lang='lat' dir='ltr'><strong>patieris</strong></span> <span class='ocrx_word' id='word_1_303' title='bbox 1103 3675 1249 3738; x_wconf 85' lang='lat' dir='ltr'><strong>mali,</strong></span> <span class='ocrx_word' id='word_1_304' title='bbox 1273 3673 1389 3737; x_wconf 77' lang='lat' dir='ltr'><strong>fac;</strong></span> <span class='ocrx_word' id='word_1_305' title='bbox 1419 3671 1638 3725; x_wconf 87' lang='lat' dir='ltr'><strong>faceres.</strong></span> <span class='ocrx_word' id='word_1_306' title='bbox 1661 3668 1880 3724; x_wconf 82' lang='lat' dir='ltr'><strong>Timore</strong></span> 
     </span>
    </p>
   </div>
   <div class='ocr_carea' id='block_1_39' title="bbox 263 3758 1876 3850">
    <p class='ocr_par' dir='ltr' id='par_1_39' title="bbox 263 3758 1876 3850">
     <span class='ocr_line' id='line_1_39' title="bbox 263 3758 1876 3850; baseline -0.014 -14"><span class='ocrx_word' id='word_1_307' title='bbox 263 3784 425 3838; x_wconf 82' lang='lat' dir='ltr'><strong>enim</strong></span> <span class='ocrx_word' id='word_1_308' title='bbox 463 3793 642 3850; x_wconf 67' lang='lat' dir='ltr'><strong>preme</strong></span> <span class='ocrx_word' id='word_1_309' title='bbox 672 3771 1040 3832; x_wconf 78' lang='lat' dir='ltr'><strong>revocabaris,</strong></span> <span class='ocrx_word' id='word_1_310' title='bbox 1097 3782 1202 3822; x_wconf 92' lang='lat' dir='ltr'><strong>non</strong></span> <span class='ocrx_word' id='word_1_311' title='bbox 1256 3763 1540 3818; x_wconf 82' lang='lat' dir='ltr'><strong>dilectione</strong></span> <span class='ocrx_word' id='word_1_312' title='bbox 1590 3759 1808 3829; x_wconf 78' lang='lat' dir='ltr'><strong>justititc</strong></span> <span class='ocrx_word' id='word_1_313' title='bbox 1833 3758 1876 3813; x_wconf 87' lang='grc'><strong>³.</strong></span> 
     </span>
    </p>
   </div>
   <div class='ocr_carea' id='block_1_40' title="bbox 267 3850 1880 3928">
    <p class='ocr_par' dir='ltr' id='par_1_40' title="bbox 267 3850 1880 3928">
     <span class='ocr_line' id='line_1_40' title="bbox 267 3850 1880 3928; baseline -0.015 0"><span class='ocrx_word' id='word_1_314' title='bbox 267 3871 542 3928; x_wconf 80' lang='lat' dir='ltr'><strong>Nondum</strong></span> <span class='ocrx_word' id='word_1_315' title='bbox 591 3866 734 3923; x_wconf 88' lang='lat' dir='ltr'><strong>enim</strong></span> <span class='ocrx_word' id='word_1_316' title='bbox 773 3863 840 3918; x_wconf 90' lang='lat' dir='ltr'><strong>de</strong></span> <span class='ocrx_word' id='word_1_317' title='bbox 868 3871 920 3917; x_wconf 92' lang='lat' dir='ltr'><strong>te</strong></span> <span class='ocrx_word' id='word_1_318' title='bbox 949 3858 1182 3916; x_wconf 79' lang='lat' dir='ltr'><strong>charitas</strong></span> <span class='ocrx_word' id='word_1_319' title='bbox 1205 3854 1542 3926; x_wconf 83' lang='lat' dir='ltr'><strong>operabatur.</strong></span> <span class='ocrx_word' id='word_1_320' title='bbox 1570 3850 1704 3906; x_wconf 79' lang='lat' dir='ltr'><strong>Vide</strong></span> <span class='ocrx_word' id='word_1_321' title='bbox 1752 3864 1880 3920; x_wconf 81' lang='lat' dir='ltr'><strong>ergo</strong></span> 
     </span>
    </p>
   </div>
   <div class='ocr_carea' id='block_1_41' title="bbox 265 3948 1879 4038">
    <p class='ocr_par' dir='ltr' id='par_1_41' title="bbox 265 3948 1879 4038">
     <span class='ocr_line' id='line_1_41' title="bbox 265 3948 1879 4038; baseline -0.015 -17"><span class='ocrx_word' id='word_1_322' title='bbox 265 3961 746 4038; x_wconf 81' lang='lat' dir='ltr'><strong>quemadmodum</strong></span> <span class='ocrx_word' id='word_1_323' title='bbox 774 3957 1006 4013; x_wconf 88' lang='lat' dir='ltr'><strong>cbaritas</strong></span> <span class='ocrx_word' id='word_1_324' title='bbox 1032 3961 1301 4024; x_wconf 87' lang='lat' dir='ltr'><strong>operetur.</strong></span> <span class='ocrx_word' id='word_1_325' title='bbox 1330 3948 1416 4002; x_wconf 87' lang='lat' dir='ltr'><strong>Sic</strong></span> <span class='ocrx_word' id='word_1_326' title='bbox 1455 3959 1694 4013; x_wconf 84' lang='lat' dir='ltr'><strong>amemus</strong></span> <span class='ocrx_word' id='word_1_327' title='bbox 1723 3957 1879 4012; x_wconf 85' lang='lat' dir='ltr'><strong>quem</strong></span> 
     </span>
    </p>
   </div>
   <div class='ocr_carea' id='block_1_42' title="bbox 267 4035 1884 4119">
    <p class='ocr_par' dir='ltr' id='par_1_42' title="bbox 267 4035 1884 4119">
     <span class='ocr_line' id='line_1_42' title="bbox 267 4035 1884 4119; baseline -0.016 -5"><span class='ocrx_word' id='word_1_328' title='bbox 267 4035 575 4119; x_wconf 76' lang='lat' dir='ltr'><strong>timemus,</strong></span> <span class='ocrx_word' id='word_1_329' title='bbox 599 4061 660 4108; x_wconf 86' lang='lat' dir='ltr'><strong>ut</strong></span> <span class='ocrx_word' id='word_1_330' title='bbox 680 4066 801 4107; x_wconf 86' lang='lat' dir='ltr'><strong>cum</strong></span> <span class='ocrx_word' id='word_1_331' title='bbox 830 4056 980 4104; x_wconf 83' lang='lat' dir='ltr'><strong>casto</strong></span> <span class='ocrx_word' id='word_1_332' title='bbox 997 4058 1179 4100; x_wconf 89' lang='lat' dir='ltr'><strong>amore</strong></span> <span class='ocrx_word' id='word_1_333' title='bbox 1196 4043 1492 4096; x_wconf 77' lang='lat' dir='ltr'><strong>timeamus.</strong></span> <span class='ocrx_word' id='word_1_334' title='bbox 1522 4035 1654 4091; x_wconf 83' lang='lat' dir='ltr'><strong>Nam</strong></span> <span class='ocrx_word' id='word_1_335' title='bbox 1669 4046 1722 4090; x_wconf 86' lang='lat' dir='ltr'><strong>et</strong></span> <span class='ocrx_word' id='word_1_336' title='bbox 1751 4048 1884 4088; x_wconf 79' lang='lat' dir='ltr'><strong>uxor</strong></span> 
     </span>
    </p>
   </div>
   <div class='ocr_carea' id='block_1_43' title="bbox 261 4121 1884 4206">
    <p class='ocr_par' dir='ltr' id='par_1_43' title="bbox 261 4121 1884 4206">
     <span class='ocr_line' id='line_1_43' title="bbox 261 4121 1884 4206; baseline -0.018 -1"><span class='ocrx_word' id='word_1_337' title='bbox 261 4159 425 4206; x_wconf 80' lang='lat' dir='ltr'><strong>casta</strong></span> <span class='ocrx_word' id='word_1_338' title='bbox 463 4146 627 4200; x_wconf 87' lang='lat' dir='ltr'><strong>timet</strong></span> <span class='ocrx_word' id='word_1_339' title='bbox 655 4142 844 4196; x_wconf 83' lang='lat' dir='ltr'><strong>virum.</strong></span> <span class='ocrx_word' id='word_1_340' title='bbox 876 4135 982 4192; x_wconf 86' lang='lat' dir='ltr'><strong>Sed</strong></span> <span class='ocrx_word' id='word_1_341' title='bbox 1030 4134 1273 4188; x_wconf 87' lang='lat' dir='ltr'><strong>discerne</strong></span> <span class='ocrx_word' id='word_1_342' title='bbox 1308 4131 1436 4183; x_wconf 88' lang='lat' dir='ltr'><strong>istos</strong></span> <span class='ocrx_word' id='word_1_343' title='bbox 1470 4127 1705 4180; x_wconf 84' lang='lat' dir='ltr'><strong>timores.</strong></span> <span class='ocrx_word' id='word_1_344' title='bbox 1737 4121 1884 4179; x_wconf 79' lang='lat' dir='ltr'><strong>Uxor</strong></span> 
     </span>
    </p>
   </div>
   <div class='ocr_carea' id='block_1_44' title="bbox 265 4213 1886 4298">
    <p class='ocr_par' dir='ltr' id='par_1_44' title="bbox 265 4213 1886 4298">
     <span class='ocr_line' id='line_1_44' title="bbox 265 4213 1886 4298; baseline -0.02 1"><span class='ocrx_word' id='word_1_345' title='bbox 265 4250 433 4298; x_wconf 74' lang='lat' dir='ltr'><strong>casta</strong></span> <span class='ocrx_word' id='word_1_346' title='bbox 463 4240 627 4293; x_wconf 88' lang='lat' dir='ltr'><strong>timet</strong></span> <span class='ocrx_word' id='word_1_347' title='bbox 655 4248 722 4288; x_wconf 86' lang='lat' dir='ltr'><strong>ne</strong></span> <span class='ocrx_word' id='word_1_348' title='bbox 750 4246 778 4285; x_wconf 83' lang='lat' dir='ltr'><strong>a</strong></span> <span class='ocrx_word' id='word_1_349' title='bbox 805 4230 921 4284; x_wconf 73' lang='lat' dir='ltr'><strong>viro</strong></span> <span class='ocrx_word' id='word_1_350' title='bbox 935 4229 1153 4282; x_wconf 88' lang='lat' dir='ltr'><strong>absente</strong></span> <span class='ocrx_word' id='word_1_351' title='bbox 1178 4222 1488 4276; x_wconf 85' lang='lat' dir='ltr'><strong>deseratur:</strong></span> <span class='ocrx_word' id='word_1_352' title='bbox 1521 4233 1654 4272; x_wconf 78' lang='lat' dir='ltr'><strong>uxor</strong></span> <span class='ocrx_word' id='word_1_353' title='bbox 1675 4213 1886 4269; x_wconf 87' lang='lat' dir='ltr'><strong>adulte-</strong></span> 
     </span>
    </p>
   </div>
   <div class='ocr_carea' id='block_1_45' title="bbox 261 4307 1881 4389">
    <p class='ocr_par' dir='ltr' id='par_1_45' title="bbox 261 4307 1881 4389">
     <span class='ocr_line' id='line_1_45' title="bbox 261 4307 1881 4389; baseline -0.018 -1"><span class='ocrx_word' id='word_1_354' title='bbox 261 4352 326 4389; x_wconf 85' lang='lat' dir='ltr'><strong>ra</strong></span> <span class='ocrx_word' id='word_1_355' title='bbox 375 4333 552 4386; x_wconf 86' lang='lat' dir='ltr'><strong>timet</strong></span> <span class='ocrx_word' id='word_1_356' title='bbox 592 4342 660 4380; x_wconf 88' lang='lat' dir='ltr'><strong>ne</strong></span> <span class='ocrx_word' id='word_1_357' title='bbox 691 4339 720 4378; x_wconf 90' lang='lat' dir='ltr'><strong>a</strong></span> <span class='ocrx_word' id='word_1_358' title='bbox 766 4321 886 4376; x_wconf 77' lang='lat' dir='ltr'><strong>viro</strong></span> <span class='ocrx_word' id='word_1_359' title='bbox 927 4313 1336 4387; x_wconf 75' lang='lat' dir='ltr'><strong>superveniente</strong></span> <span class='ocrx_word' id='word_1_360' title='bbox 1379 4307 1881 4378; x_wconf 84' lang='lat' dir='ltr'><strong>comprehendatur.</strong></span> 
     </span>
    </p>
   </div>
   <div class='ocr_carea' id='block_1_46' title="bbox 257 4398 1886 4486">
    <p class='ocr_par' dir='ltr' id='par_1_46' title="bbox 257 4398 1886 4486">
     <span class='ocr_line' id='line_1_46' title="bbox 257 4398 1886 4486; baseline -0.016 -8"><span class='ocrx_word' id='word_1_361' title='bbox 257 4423 546 4478; x_wconf 76' lang='lat' dir='ltr'><strong>Charitas</strong></span> <span class='ocrx_word' id='word_1_362' title='bbox 595 4431 724 4486; x_wconf 87' lang='lat' dir='ltr'><strong>ergo</strong></span> <span class='ocrx_word' id='word_1_363' title='bbox 768 4411 951 4482; x_wconf 90' lang='lat' dir='ltr'><strong>implet</strong></span> <span class='ocrx_word' id='word_1_364' title='bbox 996 4409 1164 4478; x_wconf 87' lang='lat' dir='ltr'><strong>legem</strong></span> <span class='ocrx_word' id='word_1_365' title='bbox 1199 4421 1212 4457; x_wconf 92' lang='lat'><strong>:</strong></span> <span class='ocrx_word' id='word_1_366' title='bbox 1244 4403 1364 4473; x_wconf 86' lang='lat' dir='ltr'><strong>quia</strong></span> <span class='ocrx_word' id='word_1_367' title='bbox 1407 4403 1624 4473; x_wconf 78' lang='lat' dir='ltr'><strong>perfecta</strong></span> <span class='ocrx_word' id='word_1_368' title='bbox 1665 4398 1886 4452; x_wconf 79' lang='lat' dir='ltr'><strong>cltaritas</strong></span> 
     </span>
    </p>
   </div>
   <div class='ocr_carea' id='block_1_47' title="bbox 259 4488 1888 4588">
    <p class='ocr_par' dir='ltr' id='par_1_47' title="bbox 259 4488 1888 4588">
     <span class='ocr_line' id='line_1_47' title="bbox 259 4488 1888 4588; baseline -0.017 -19"><span class='ocrx_word' id='word_1_369' title='bbox 259 4523 423 4588; x_wconf 72' lang='lat' dir='ltr'><strong>{oras</strong></span> <span class='ocrx_word' id='word_1_370' title='bbox 455 4509 620 4566; x_wconf 88' lang='lat' dir='ltr'><strong>mittit</strong></span> <span class='ocrx_word' id='word_1_371' title='bbox 649 4508 876 4561; x_wconf 87' lang='lat' dir='ltr'><strong>timorem</strong></span> <span class='ocrx_word' id='word_1_372' title='bbox 907 4501 952 4573; x_wconf 88' lang='grc' dir='ltr'><strong>(ι</strong></span> <span class='ocrx_word' id='word_1_373' title='bbox 977 4498 1133 4554; x_wconf 85' lang='lat' dir='ltr'><strong>Joan.</strong></span> <span class='ocrx_word' id='word_1_374' title='bbox 1155 4512 1228 4561; x_wconf 84' lang='lat' dir='ltr'><strong>tv,</strong></span> <span class='ocrx_word' id='word_1_375' title='bbox 1253 4495 1376 4563; x_wconf 76' lang='lat'><strong>18);</strong></span> <span class='ocrx_word' id='word_1_376' title='bbox 1407 4493 1652 4546; x_wconf 85' lang='lat' dir='ltr'><strong>timorem</strong></span> <span class='ocrx_word' id='word_1_377' title='bbox 1682 4488 1888 4543; x_wconf 77' lang='lat' dir='ltr'><strong>scilicet</strong></span> 
     </span>
    </p>
   </div>
   <div class='ocr_carea' id='block_1_48' title="bbox 255 4579 1888 4668">
    <p class='ocr_par' dir='ltr' id='par_1_48' title="bbox 255 4579 1888 4668">
     <span class='ocr_line' id='line_1_48' title="bbox 255 4579 1888 4668; baseline -0.019 -6"><span class='ocrx_word' id='word_1_378' title='bbox 255 4579 580 4662; x_wconf 58' lang='lat' dir='ltr'><strong>servilem,</strong></span> <span class='ocrx_word' id='word_1_379' title='bbox 609 4597 676 4653; x_wconf 89' lang='lat' dir='ltr'><strong>de</strong></span> <span class='ocrx_word' id='word_1_380' title='bbox 729 4603 945 4668; x_wconf 79' lang='lat' dir='ltr'><strong>peccato</strong></span> <span class='ocrx_word' id='word_1_381' title='bbox 971 4591 1291 4646; x_wconf 77' lang='lat' dir='ltr'><strong>venientem.</strong></span> <span class='ocrx_word' id='word_1_382' title='bbox 1326 4585 1458 4640; x_wconf 85' lang='lat' dir='ltr'><strong>Nam</strong></span> <span class='ocrx_word' id='word_1_383' title='bbox 1489 4584 1638 4636; x_wconf 85' lang='lat' dir='ltr'><strong>timor</strong></span> <span class='ocrx_word' id='word_1_384' title='bbox 1682 4579 1888 4634; x_wconf 81' lang='lat' dir='ltr'><strong>Domini</strong></span> 
     </span>
    </p>
   </div>
   <div class='ocr_carea' id='block_1_49' title="bbox 259 4667 1885 4762">
    <p class='ocr_par' dir='ltr' id='par_1_49' title="bbox 259 4667 1885 4762">
     <span class='ocr_line' id='line_1_49' title="bbox 259 4667 1885 4762; baseline -0.018 -10"><span class='ocrx_word' id='word_1_385' title='bbox 259 4708 458 4752; x_wconf 69' lang='lat' dir='ltr'><strong>castus</strong></span> <span class='ocrx_word' id='word_1_386' title='bbox 491 4667 759 4762; x_wconf 74' lang='lat' dir='ltr'><strong>permanet</strong></span> <span class='ocrx_word' id='word_1_387' title='bbox 787 4686 840 4739; x_wconf 85' lang='lat' dir='ltr'><strong>in</strong></span> <span class='ocrx_word' id='word_1_388' title='bbox 890 4682 1132 4738; x_wconf 63' lang='lat' dir='ltr'><strong>secutum</strong></span> <span class='ocrx_word' id='word_1_389' title='bbox 1177 4676 1348 4733; x_wconf 65' lang='grc' dir='ltr'><strong>διεσαιὶ</strong></span> <span class='ocrx_word' id='word_1_390' title='bbox 1377 4673 1544 4746; x_wconf 83' lang='lat' dir='ltr'><strong>(Psal.</strong></span> <span class='ocrx_word' id='word_1_391' title='bbox 1589 4684 1740 4733; x_wconf 79' lang='lat' dir='ltr'><strong>xvm,</strong></span> <span class='ocrx_word' id='word_1_392' title='bbox 1774 4667 1885 4740; x_wconf 69' lang='lat'><strong>10).</strong></span> 
     </span>
    </p>
   </div>
   <div class='ocr_carea' id='block_1_50' title="bbox 257 4761 1890 4855">
    <p class='ocr_par' dir='ltr' id='par_1_50' title="bbox 257 4761 1890 4855">
     <span class='ocr_line' id='line_1_50' title="bbox 257 4761 1890 4855; baseline -0.017 -12"><span class='ocrx_word' id='word_1_393' title='bbox 257 4791 322 4844; x_wconf 82' lang='lat' dir='ltr'><strong>Si</strong></span> <span class='ocrx_word' id='word_1_394' title='bbox 355 4761 510 4855; x_wconf 72' lang='lat' dir='ltr'><strong>ergo</strong></span> <span class='ocrx_word' id='word_1_395' title='bbox 543 4781 776 4837; x_wconf 83' lang='lat' dir='ltr'><strong>cbaritas</strong></span> <span class='ocrx_word' id='word_1_396' title='bbox 800 4776 981 4848; x_wconf 89' lang='lat' dir='ltr'><strong>implet</strong></span> <span class='ocrx_word' id='word_1_397' title='bbox 1007 4775 1197 4844; x_wconf 87' lang='lat' dir='ltr'><strong>legem,</strong></span> <span class='ocrx_word' id='word_1_398' title='bbox 1226 4767 1365 4822; x_wconf 88' lang='lat' dir='ltr'><strong>unde</strong></span> <span class='ocrx_word' id='word_1_399' title='bbox 1395 4773 1478 4820; x_wconf 86' lang='lat' dir='ltr'><strong>est</strong></span> <span class='ocrx_word' id='word_1_400' title='bbox 1498 4765 1594 4818; x_wconf 85' lang='lat' dir='ltr'><strong>ista</strong></span> <span class='ocrx_word' id='word_1_401' title='bbox 1623 4761 1890 4816; x_wconf 78' lang='lat' dir='ltr'><strong>cbaritas?</strong></span> 
     </span>
    </p>
   </div>
   <div class='ocr_carea' id='block_1_51' title="bbox 267 4855 1892 4939">
    <p class='ocr_par' dir='ltr' id='par_1_51' title="bbox 267 4855 1892 4939">
     <span class='ocr_line' id='line_1_51' title="bbox 267 4855 1892 4939; baseline -0.02 1"><span class='ocrx_word' id='word_1_402' title='bbox 267 4881 546 4939; x_wconf 77' lang='lat' dir='ltr'><strong>Recolite</strong></span> <span class='ocrx_word' id='word_1_403' title='bbox 615 4871 874 4929; x_wconf 71' lang='lat' dir='ltr'><strong>advertite</strong></span> <span class='ocrx_word' id='word_1_404' title='bbox 941 4878 996 4924; x_wconf 90' lang='lat' dir='ltr'><strong>et</strong></span> <span class='ocrx_word' id='word_1_405' title='bbox 1042 4866 1236 4928; x_wconf 70' lang='lat' dir='ltr'><strong>videte,</strong></span> <span class='ocrx_word' id='word_1_406' title='bbox 1267 4862 1388 4934; x_wconf 85' lang='lat' dir='ltr'><strong>quia</strong></span> <span class='ocrx_word' id='word_1_407' title='bbox 1415 4859 1611 4914; x_wconf 91' lang='lat' dir='ltr'><strong>donum</strong></span> <span class='ocrx_word' id='word_1_408' title='bbox 1661 4855 1892 4926; x_wconf 78' lang='lat' dir='ltr'><strong>Spiritus</strong></span> 
     </span>
    </p>
   </div>
   <div class='ocr_carea' id='block_1_52' title="bbox 263 4944 1891 5031">
    <p class='ocr_par' dir='ltr' id='par_1_52' title="bbox 263 4944 1891 5031">
     <span class='ocr_line' id='line_1_52' title="bbox 263 4944 1891 5031; baseline -0.02 1"><span class='ocrx_word' id='word_1_409' title='bbox 263 4975 463 5031; x_wconf 85' lang='lat' dir='ltr'><strong>sancti</strong></span> <span class='ocrx_word' id='word_1_410' title='bbox 497 4977 591 5025; x_wconf 86' lang='lat' dir='ltr'><strong>est</strong></span> <span class='ocrx_word' id='word_1_411' title='bbox 638 4963 889 5019; x_wconf 79' lang='lat' dir='ltr'><strong>citat-itas.</strong></span> <span class='ocrx_word' id='word_1_412' title='bbox 919 4958 1150 5012; x_wconf 75' lang='lat' dir='ltr'><strong>Charitas</strong></span> <span class='ocrx_word' id='word_1_413' title='bbox 1195 4955 1325 5008; x_wconf 87' lang='lat' dir='ltr'><strong>enim</strong></span> <span class='ocrx_word' id='word_1_414' title='bbox 1356 4950 1451 5006; x_wconf 83' lang='lat' dir='ltr'><strong>Dei</strong></span> <span class='ocrx_word' id='word_1_415' title='bbox 1492 4947 1681 5015; x_wconf 75' lang='lat' dir='ltr'><strong>diffusa</strong></span> <span class='ocrx_word' id='word_1_416' title='bbox 1715 4955 1786 5002; x_wconf 85' lang='lat' dir='ltr'><strong>est</strong></span> <span class='ocrx_word' id='word_1_417' title='bbox 1836 4944 1891 4999; x_wconf 82' lang='lat' dir='ltr'><strong>in</strong></span> 
     </span>
    </p>
   </div>
   <div class='ocr_carea' id='block_1_53' title="bbox 264 5041 1891 5124">
    <p class='ocr_par' dir='ltr' id='par_1_53' title="bbox 264 5041 1891 5124">
     <span class='ocr_line' id='line_1_53' title="bbox 264 5041 1891 5124; baseline -0.02 -2"><span class='ocrx_word' id='word_1_418' title='bbox 264 5067 542 5124; x_wconf 74' lang='lat' dir='ltr'><strong>cordibus</strong></span> <span class='ocrx_word' id='word_1_419' title='bbox 573 5058 753 5112; x_wconf 76' lang='lat' dir='ltr'><strong>nostris</strong></span> <span class='ocrx_word' id='word_1_420' title='bbox 775 5071 862 5124; x_wconf 86' lang='lat' dir='ltr'><strong>per</strong></span> <span class='ocrx_word' id='word_1_421' title='bbox 883 5051 1133 5122; x_wconf 80' lang='lat' dir='ltr'><strong>Spiritum</strong></span> <span class='ocrx_word' id='word_1_422' title='bbox 1159 5055 1388 5100; x_wconf 85' lang='lat' dir='ltr'><strong>sanctum</strong></span> <span class='ocrx_word' id='word_1_423' title='bbox 1410 5043 1496 5111; x_wconf 77' lang='lat' dir='ltr'><strong>qui</strong></span> <span class='ocrx_word' id='word_1_424' title='bbox 1525 5041 1673 5093; x_wconf 78' lang='lat' dir='ltr'><strong>datus</strong></span> <span class='ocrx_word' id='word_1_425' title='bbox 1698 5047 1770 5092; x_wconf 83' lang='lat' dir='ltr'><strong>est</strong></span> <span class='ocrx_word' id='word_1_426' title='bbox 1794 5052 1891 5091; x_wconf 82' lang='lat' dir='ltr'><strong>no-</strong></span> 
     </span>
    </p>
   </div>
   <div class='ocr_carea' id='block_1_54' title="bbox 263 5126 1890 5226">
    <p class='ocr_par' dir='ltr' id='par_1_54' title="bbox 263 5126 1890 5226">
     <span class='ocr_line' id='line_1_54' title="bbox 263 5126 1890 5226; baseline -0.019 -11"><span class='ocrx_word' id='word_1_427' title='bbox 263 5170 349 5221; x_wconf 62' lang='lat' dir='ltr'><strong>bis</strong></span> <span class='ocrx_word' id='word_1_428' title='bbox 391 5171 410 5226; x_wconf 84' lang='lat'><strong>(</strong></span> <span class='ocrx_word' id='word_1_429' title='bbox 426 5159 600 5214; x_wconf 81' lang='lat' dir='ltr'><strong>Rom.</strong></span> <span class='ocrx_word' id='word_1_430' title='bbox 632 5169 685 5218; x_wconf 64' lang='grc' dir='ltr'><strong>γ,</strong></span> <span class='ocrx_word' id='word_1_431' title='bbox 716 5152 794 5220; x_wconf 80' lang='grc'><strong>5).</strong></span> <span class='ocrx_word' id='word_1_432' title='bbox 815 5126 1004 5205; x_wconf 62' lang='lat' dir='ltr'><strong>blerito</strong></span> <span class='ocrx_word' id='word_1_433' title='bbox 1023 5145 1196 5213; x_wconf 85' lang='lat' dir='ltr'><strong>itaque</strong></span> <span class='ocrx_word' id='word_1_434' title='bbox 1224 5138 1455 5209; x_wconf 80' lang='lat' dir='ltr'><strong>impletis</strong></span> <span class='ocrx_word' id='word_1_435' title='bbox 1481 5135 1664 5189; x_wconf 85' lang='lat' dir='ltr'><strong>decem</strong></span> <span class='ocrx_word' id='word_1_436' title='bbox 1681 5131 1890 5226; x_wconf 53' lang='lat' dir='ltr'><strong>dicit-us,</strong></span> 
     </span>
    </p>
   </div>
   <div class='ocr_carea' id='block_1_55' title="bbox 265 5220 1894 5322">
    <p class='ocr_par' dir='ltr' id='par_1_55' title="bbox 265 5220 1894 5322">
     <span class='ocr_line' id='line_1_55' title="bbox 265 5220 1894 5322; baseline -0.021 -16"><span class='ocrx_word' id='word_1_437' title='bbox 265 5220 408 5322; x_wconf 58' lang='lat' dir='ltr'><strong>quo</strong></span> <span class='ocrx_word' id='word_1_438' title='bbox 426 5259 670 5302; x_wconf 73' lang='grc' dir='ltr'><strong>ιιιιιιιριυ</strong></span> <span class='ocrx_word' id='word_1_439' title='bbox 699 5240 828 5310; x_wconf 78' lang='lat' dir='ltr'><strong>legis</strong></span> <span class='ocrx_word' id='word_1_440' title='bbox 847 5237 1007 5292; x_wconf 88' lang='lat' dir='ltr'><strong>etiam</strong></span> <span class='ocrx_word' id='word_1_441' title='bbox 1037 5231 1291 5303; x_wconf 85' lang='lat' dir='ltr'><strong>perfectio</strong></span> <span class='ocrx_word' id='word_1_442' title='bbox 1319 5222 1744 5286; x_wconf 81' lang='lat' dir='ltr'><strong>commendatur,</strong></span> <span class='ocrx_word' id='word_1_443' title='bbox 1785 5220 1894 5273; x_wconf 84' lang='lat' dir='ltr'><strong>Do-</strong></span> 
     </span>
    </p>
   </div>
   <div class='ocr_carea' id='block_1_56' title="bbox 265 5309 1894 5401">
    <p class='ocr_par' dir='ltr' id='par_1_56' title="bbox 265 5309 1894 5401">
     <span class='ocr_line' id='line_1_56' title="bbox 265 5309 1894 5401; baseline -0.022 0"><span class='ocrx_word' id='word_1_444' title='bbox 265 5309 476 5401; x_wconf 64' lang='lat' dir='ltr'><strong>minus</strong></span> <span class='ocrx_word' id='word_1_445' title='bbox 509 5335 670 5392; x_wconf 81' lang='lat' dir='ltr'><strong>Jesus</strong></span> <span class='ocrx_word' id='word_1_446' title='bbox 716 5309 957 5387; x_wconf 76' lang='lat' dir='ltr'><strong>Cbristus</strong></span> <span class='ocrx_word' id='word_1_447' title='bbox 999 5323 1142 5379; x_wconf 84' lang='lat' dir='ltr'><strong>misit</strong></span> <span class='ocrx_word' id='word_1_448' title='bbox 1177 5319 1433 5392; x_wconf 86' lang='lat' dir='ltr'><strong>Spiritum</strong></span> <span class='ocrx_word' id='word_1_449' title='bbox 1468 5321 1711 5372; x_wconf 86' lang='lat' dir='ltr'><strong>sanctum</strong></span> <span class='ocrx_word' id='word_1_450' title='bbox 1733 5329 1749 5368; x_wconf 90' lang='lat'><strong>:</strong></span> <span class='ocrx_word' id='word_1_451' title='bbox 1771 5309 1894 5383; x_wconf 85' lang='lat' dir='ltr'><strong>quia</strong></span> 
     </span>
    </p>
   </div>
   <div class='ocr_carea' id='block_1_57' title="bbox 341 5451 1829 5530">
    <p class='ocr_par' dir='ltr' id='par_1_57' title="bbox 341 5451 1829 5530">
     <span class='ocr_line' id='line_1_57' title="bbox 341 5451 1829 5530; baseline 0.007 -10"><span class='ocrx_word' id='word_1_452' title='bbox 341 5473 359 5506; x_wconf 67' lang='grc' dir='ltr'><strong>ν</strong></span> <span class='ocrx_word' id='word_1_453' title='bbox 395 5460 899 5530; x_wconf 10' lang='lat' dir='ltr'><strong>xoster,,\&#39;s..rgmli!1</strong></span> <span class='ocrx_word' id='word_1_454' title='bbox 913 5465 962 5509; x_wconf 77' lang='grc' dir='ltr'><strong>ει</strong></span> <span class='ocrx_word' id='word_1_455' title='bbox 982 5471 1016 5530; x_wconf 65' lang='grc' dir='ltr'>Ε</span> <span class='ocrx_word' id='word_1_456' title='bbox 1039 5451 1542 5530; x_wconf 48' lang='grc' dir='ltr'><strong>νείέἕιεέίβέΐὲἲίμ.-.</strong></span> <span class='ocrx_word' id='word_1_457' title='bbox 1589 5501 1829 5530; x_wconf 78' lang='lat'><strong>-..-..-.....-</strong></span> 
     </span>
    </p>
   </div>
   <div class='ocr_carea' id='block_1_58' title="bbox 346 5505 1899 5585">
    <p class='ocr_par' dir='ltr' id='par_1_58' title="bbox 346 5505 1899 5585">
     <span class='ocr_line' id='line_1_58' title="bbox 346 5505 1899 5585; baseline -0.023 2"><span class='ocrx_word' id='word_1_458' title='bbox 346 5505 365 5575; x_wconf 58' lang='grc' dir='ltr'><em>ἒ</em></span> <span class='ocrx_word' id='word_1_459' title='bbox 395 5505 961 5585; x_wconf 55' lang='lat' dir='ltr'><strong>iiiZ&#39;a&#39;tbiii&#39;r‘auﬁiai</strong></span> <span class='ocrx_word' id='word_1_460' title='bbox 982 5505 1085 5579; x_wconf 50' lang='grc' dir='ltr'><strong>διε,</strong></span> <span class='ocrx_word' id='word_1_461' title='bbox 1102 5515 1244 5567; x_wconf 86' lang='lat' dir='ltr'><strong>timor</strong></span> <span class='ocrx_word' id='word_1_462' title='bbox 1265 5527 1359 5565; x_wconf 80' lang='lat' dir='ltr'><strong>non</strong></span> <span class='ocrx_word' id='word_1_463' title='bbox 1380 5506 1562 5574; x_wconf 78' lang='lat' dir='ltr'><strong>implet,</strong></span> <span class='ocrx_word' id='word_1_464' title='bbox 1583 5505 1794 5561; x_wconf 66' lang='lat' dir='ltr'><strong>abaritia</strong></span> <span class='ocrx_word' id='word_1_465' title='bbox 1810 5505 1899 5554; x_wconf 83' lang='lat' dir='ltr'><strong>int-</strong></span> 
     </span>
    </p>
   </div>
   <div class='ocr_carea' id='block_1_59' title="bbox 267 5607 1902 5721">
    <p class='ocr_par' dir='ltr' id='par_1_59' title="bbox 267 5607 1902 5721">
     <span class='ocr_line' id='line_1_59' title="bbox 267 5607 1902 5721; baseline 0.017 -31"><span class='ocrx_word' id='word_1_466' title='bbox 267 5616 300 5662; x_wconf 63' lang='lat' dir='ltr'><strong><em>r</em></strong></span> <span class='ocrx_word' id='word_1_467' title='bbox 324 5607 446 5707; x_wconf 51' lang='grc' dir='ltr'><strong>εξ),</strong></span> <span class='ocrx_word' id='word_1_468' title='bbox 476 5633 1390 5721; x_wconf 53' lang='lat' dir='ltr'><strong>oliquot3.155.,deiectatimwjuslm‘t&#39;</strong></span> <span class='ocrx_word' id='word_1_469' title='bbox 1412 5633 1598 5721; x_wconf 58' lang='grc' dir='ltr'><strong>,ξξῖἀοω</strong></span> <span class='ocrx_word' id='word_1_470' title='bbox 1639 5629 1783 5681; x_wconf 55' lang='grc' dir='ltr'><strong>’θείω</strong></span> <span class='ocrx_word' id='word_1_471' title='bbox 1819 5638 1902 5677; x_wconf 59' lang='grc' dir='ltr'><strong>η’</strong></span> 
     </span>
    </p>
   </div>
   <div class='ocr_carea' id='block_1_60' title="bbox 268 5705 1522 5781">
    <p class='ocr_par' dir='ltr' id='par_1_60' title="bbox 268 5705 1522 5781">
     <span class='ocr_line' id='line_1_60' title="bbox 268 5705 1522 5781; baseline -0.024 -7"><span class='ocrx_word' id='word_1_472' title='bbox 268 5733 332 5781; x_wconf 64' lang='lat' dir='ltr'><strong>l&#39;o;</strong></span> <span class='ocrx_word' id='word_1_473' title='bbox 343 5705 489 5777; x_wconf 79' lang='lat' dir='ltr'><strong>ritur</strong></span> <span class='ocrx_word' id='word_1_474' title='bbox 521 5705 761 5765; x_wconf 71' lang='lat' dir='ltr'><strong>in&#39;uostro</strong></span> <span class='ocrx_word' id='word_1_475' title='bbox 782 5709 945 5760; x_wconf 76' lang='lat' dir='ltr'><strong>codice</strong></span> <span class='ocrx_word' id='word_1_476' title='bbox 970 5709 1110 5769; x_wconf 69' lang='lat' dir='ltr'><strong>supra</strong></span> <span class='ocrx_word' id='word_1_477' title='bbox 1132 5705 1522 5751; x_wconf 57' lang='lat' dir='ltr'><strong>commemorato.</strong></span> 
     </span>
    </p>
   </div>
   <div class='ocr_carea' id='block_1_61' title="bbox 1693 257 2216 332">
    <p class='ocr_par' dir='ltr' id='par_1_61' title="bbox 1693 257 2216 332">
     <span class='ocr_line' id='line_1_61' title="bbox 1693 257 2216 332; baseline -0.004 -1"><span class='ocrx_word' id='word_1_478' title='bbox 1693 273 1927 332; x_wconf 71' lang='lat' dir='ltr'><strong>senae</strong></span> <span class='ocrx_word' id='word_1_479' title='bbox 1963 257 2216 329; x_wconf 70' lang='lat' dir='ltr'><strong>ecus.</strong></span> 
     </span>
    </p>
   </div>
   <div class='ocr_carea' id='block_1_62' title="bbox 3420 277 3559 332">
    <p class='ocr_par' dir='ltr' id='par_1_62' title="bbox 3420 277 3559 332">
     <span class='ocr_line' id='line_1_62' title="bbox 3420 277 3559 332; baseline 0.014 -2"><span class='ocrx_word' id='word_1_480' title='bbox 3420 277 3559 332; x_wconf 60' lang='lat' dir='ltr'><strong>liii</strong></span> 
     </span>
    </p>
   </div>
   <div class='ocr_carea' id='block_1_63' title="bbox 1967 383 3559 463">
    <p class='ocr_par' dir='ltr' id='par_1_63' title="bbox 1967 383 3559 463">
     <span class='ocr_line' id='line_1_63' title="bbox 1967 383 3559 463; baseline 0.005 -24"><span class='ocrx_word' id='word_1_481' title='bbox 1967 387 2140 457; x_wconf 87' lang='lat' dir='ltr'><strong>gratia</strong></span> <span class='ocrx_word' id='word_1_482' title='bbox 2195 383 2360 441; x_wconf 83' lang='lat' dir='ltr'><strong>donat</strong></span> <span class='ocrx_word' id='word_1_483' title='bbox 2405 387 2559 442; x_wconf 86' lang='lat' dir='ltr'><strong>nobis</strong></span> <span class='ocrx_word' id='word_1_484' title='bbox 2599 387 2824 460; x_wconf 65' lang='lat' dir='ltr'><strong>implere</strong></span> <span class='ocrx_word' id='word_1_485' title='bbox 2852 387 3054 461; x_wconf 84' lang='lat' dir='ltr'><strong>legem,</strong></span> <span class='ocrx_word' id='word_1_486' title='bbox 3082 403 3240 463; x_wconf 84' lang='lat' dir='ltr'><strong>quam</strong></span> <span class='ocrx_word' id='word_1_487' title='bbox 3277 405 3381 444; x_wconf 91' lang='lat' dir='ltr'><strong>non</strong></span> <span class='ocrx_word' id='word_1_488' title='bbox 3413 392 3559 448; x_wconf 74' lang='lat' dir='ltr'><strong>venit</strong></span> 
     </span>
    </p>
   </div>
   <div class='ocr_carea' id='block_1_64' title="bbox 1970 477 2662 550">
    <p class='ocr_par' dir='ltr' id='par_1_64' title="bbox 1970 477 2662 550">
     <span class='ocr_line' id='line_1_64' title="bbox 1970 477 2662 550; baseline 0.001 -14"><span class='ocrx_word' id='word_1_489' title='bbox 1970 479 2201 546; x_wconf 76' lang='lat' dir='ltr'><strong>solvere,</strong></span> <span class='ocrx_word' id='word_1_490' title='bbox 2229 478 2322 534; x_wconf 87' lang='lat' dir='ltr'><strong>sed</strong></span> <span class='ocrx_word' id='word_1_491' title='bbox 2349 477 2662 550; x_wconf 85' lang='lat' dir='ltr'><strong>adimplere.</strong></span> 
     </span>
    </p>
   </div>
   <div class='ocr_carea' id='block_1_65' title="bbox 2041 591 3555 669">
    <p class='ocr_par' dir='ltr' id='par_1_65' title="bbox 2041 591 3555 669">
     <span class='ocr_line' id='line_1_65' title="bbox 2041 591 3555 669; baseline 0.001 -19"><span class='ocrx_word' id='word_1_492' title='bbox 2041 593 2095 650; x_wconf 85' lang='lat'><strong>5.</strong></span> <span class='ocrx_word' id='word_1_493' title='bbox 2129 591 2356 664; x_wconf 85' lang='lat' dir='ltr'><strong>Spiritus</strong></span> <span class='ocrx_word' id='word_1_494' title='bbox 2370 605 2574 651; x_wconf 81' lang='lat' dir='ltr'><strong>sanctus</strong></span> <span class='ocrx_word' id='word_1_495' title='bbox 2591 596 2968 651; x_wconf 86' lang='lat' dir='ltr'><strong>commendatus</strong></span> <span class='ocrx_word' id='word_1_496' title='bbox 2996 597 3048 651; x_wconf 88' lang='lat' dir='ltr'><strong>in</strong></span> <span class='ocrx_word' id='word_1_497' title='bbox 3067 598 3348 669; x_wconf 75' lang='lat' dir='ltr'><strong>septenario</strong></span> <span class='ocrx_word' id='word_1_498' title='bbox 3377 615 3555 652; x_wconf 87' lang='lat' dir='ltr'><strong>name-</strong></span> 
     </span>
    </p>
   </div>
   <div class='ocr_carea' id='block_1_66' title="bbox 1969 681 3558 755">
    <p class='ocr_par' dir='ltr' id='par_1_66' title="bbox 1969 681 3558 755">
     <span class='ocr_line' id='line_1_66' title="bbox 1969 681 3558 755; baseline 0.002 -17"><span class='ocrx_word' id='word_1_499' title='bbox 1969 699 2046 738; x_wconf 86' lang='lat' dir='ltr'><strong>ro.</strong></span> <span class='ocrx_word' id='word_1_500' title='bbox 2081 681 2432 752; x_wconf 74' lang='lat' dir='ltr'><strong>Sanctiﬁcatio</strong></span> <span class='ocrx_word' id='word_1_501' title='bbox 2451 695 2496 737; x_wconf 89' lang='lat' dir='ltr'><strong>et</strong></span> <span class='ocrx_word' id='word_1_502' title='bbox 2518 685 2708 738; x_wconf 79' lang='lat' dir='ltr'><strong>vacatio</strong></span> <span class='ocrx_word' id='word_1_503' title='bbox 2731 685 2958 755; x_wconf 72' lang='lat' dir='ltr'><strong>septima</strong></span> <span class='ocrx_word' id='word_1_504' title='bbox 2985 686 3103 740; x_wconf 89' lang='lat' dir='ltr'><strong>diei.</strong></span> <span class='ocrx_word' id='word_1_505' title='bbox 3128 685 3356 755; x_wconf 87' lang='lat' dir='ltr'><strong>Spiritus</strong></span> <span class='ocrx_word' id='word_1_506' title='bbox 3379 697 3558 742; x_wconf 85' lang='lat' dir='ltr'><strong>autem</strong></span> 
     </span>
    </p>
   </div>
   <div class='ocr_carea' id='block_1_67' title="bbox 1970 773 3563 850">
    <p class='ocr_par' dir='ltr' id='par_1_67' title="bbox 1970 773 3563 850">
     <span class='ocr_line' id='line_1_67' title="bbox 1970 773 3563 850; baseline 0.003 -23"><span class='ocrx_word' id='word_1_507' title='bbox 1970 784 2188 828; x_wconf 85' lang='lat' dir='ltr'><strong>sanctus</strong></span> <span class='ocrx_word' id='word_1_508' title='bbox 2214 773 2266 828; x_wconf 90' lang='lat' dir='ltr'><strong>in</strong></span> <span class='ocrx_word' id='word_1_509' title='bbox 2301 773 2593 844; x_wconf 83' lang='lat' dir='ltr'><strong>Scripturis</strong></span> <span class='ocrx_word' id='word_1_510' title='bbox 2620 775 2819 833; x_wconf 84' lang='lat' dir='ltr'><strong>sanctis</strong></span> <span class='ocrx_word' id='word_1_511' title='bbox 2848 777 3150 850; x_wconf 85' lang='lat' dir='ltr'><strong>septenario</strong></span> <span class='ocrx_word' id='word_1_512' title='bbox 3180 792 3400 832; x_wconf 90' lang='lat' dir='ltr'><strong>numero</strong></span> <span class='ocrx_word' id='word_1_513' title='bbox 3427 778 3563 833; x_wconf 82' lang='lat' dir='ltr'><strong>solet</strong></span> 
     </span>
    </p>
   </div>
   <div class='ocr_carea' id='block_1_68' title="bbox 1969 865 3564 938">
    <p class='ocr_par' dir='ltr' id='par_1_68' title="bbox 1969 865 3564 938">
     <span class='ocr_line' id='line_1_68' title="bbox 1969 865 3564 938; baseline 0.003 -18"><span class='ocrx_word' id='word_1_514' title='bbox 1969 865 2370 933; x_wconf 82' lang='lat' dir='ltr'><strong>commendari,</strong></span> <span class='ocrx_word' id='word_1_515' title='bbox 2410 881 2518 923; x_wconf 88' lang='lat' dir='ltr'><strong>non</strong></span> <span class='ocrx_word' id='word_1_516' title='bbox 2572 865 2792 922; x_wconf 82' lang='lat' dir='ltr'><strong>denario</strong></span> <span class='ocrx_word' id='word_1_517' title='bbox 2831 884 2844 922; x_wconf 90' lang='lat'><strong>:</strong></span> <span class='ocrx_word' id='word_1_518' title='bbox 2889 867 2972 922; x_wconf 80' lang='lat' dir='ltr'><strong>lex</strong></span> <span class='ocrx_word' id='word_1_519' title='bbox 3022 867 3275 933; x_wconf 86' lang='lat' dir='ltr'><strong>denario,</strong></span> <span class='ocrx_word' id='word_1_520' title='bbox 3333 867 3564 938; x_wconf 82' lang='lat' dir='ltr'><strong>Spiritus</strong></span> 
     </span>
    </p>
   </div>
   <div class='ocr_carea' id='block_1_69' title="bbox 1971 958 3560 1033">
    <p class='ocr_par' dir='ltr' id='par_1_69' title="bbox 1971 958 3560 1033">
     <span class='ocr_line' id='line_1_69' title="bbox 1971 958 3560 1033; baseline 0.001 -21"><span class='ocrx_word' id='word_1_521' title='bbox 1971 970 2187 1016; x_wconf 82' lang='lat' dir='ltr'><strong>sanctus</strong></span> <span class='ocrx_word' id='word_1_522' title='bbox 2238 960 2561 1029; x_wconf 85' lang='lat' dir='ltr'><strong>septenario.</strong></span> <span class='ocrx_word' id='word_1_523' title='bbox 2613 958 2746 1033; x_wconf 85' lang='lat' dir='ltr'><strong>Quia</strong></span> <span class='ocrx_word' id='word_1_524' title='bbox 2785 959 2868 1015; x_wconf 81' lang='lat' dir='ltr'><strong>les</strong></span> <span class='ocrx_word' id='word_1_525' title='bbox 2926 959 3166 1024; x_wconf 86' lang='lat' dir='ltr'><strong>denario,</strong></span> <span class='ocrx_word' id='word_1_526' title='bbox 3218 968 3402 1015; x_wconf 90' lang='lat' dir='ltr'><strong>notum</strong></span> <span class='ocrx_word' id='word_1_527' title='bbox 3439 969 3560 1015; x_wconf 89' lang='lat' dir='ltr'><strong>est:</strong></span> 
     </span>
    </p>
   </div>
   <div class='ocr_carea' id='block_1_70' title="bbox 1967 1051 3560 1134">
    <p class='ocr_par' dir='ltr' id='par_1_70' title="bbox 1967 1051 3560 1134">
     <span class='ocr_line' id='line_1_70' title="bbox 1967 1051 3560 1134; baseline 0.002 -31"><span class='ocrx_word' id='word_1_528' title='bbox 1967 1053 2091 1134; x_wconf 83' lang='lat' dir='ltr'><strong>quia</strong></span> <span class='ocrx_word' id='word_1_529' title='bbox 2131 1051 2361 1121; x_wconf 86' lang='lat' dir='ltr'><strong>Spiritus</strong></span> <span class='ocrx_word' id='word_1_530' title='bbox 2409 1060 2626 1107; x_wconf 81' lang='lat' dir='ltr'><strong>sanctus</strong></span> <span class='ocrx_word' id='word_1_531' title='bbox 2667 1052 3001 1122; x_wconf 73' lang='lat' dir='ltr'><strong>septenario,</strong></span> <span class='ocrx_word' id='word_1_532' title='bbox 3057 1067 3560 1106; x_wconf 82' lang='lat' dir='ltr'><strong>commemoramus.</strong></span> 
     </span>
    </p>
   </div>
   <div class='ocr_carea' id='block_1_71' title="bbox 1969 1139 3564 1226">
    <p class='ocr_par' dir='ltr' id='par_1_71' title="bbox 1969 1139 3564 1226">
     <span class='ocr_line' id='line_1_71' title="bbox 1969 1139 3564 1226; baseline -0.003 -27"><span class='ocrx_word' id='word_1_533' title='bbox 1969 1140 2152 1226; x_wconf 70' lang='lat' dir='ltr'><strong>Primo</strong></span> <span class='ocrx_word' id='word_1_534' title='bbox 2177 1141 2230 1195; x_wconf 92' lang='lat' dir='ltr'><strong>iu</strong></span> <span class='ocrx_word' id='word_1_535' title='bbox 2259 1141 2374 1211; x_wconf 87' lang='lat' dir='ltr'><strong>ipso</strong></span> <span class='ocrx_word' id='word_1_536' title='bbox 2399 1141 2556 1206; x_wconf 87' lang='lat' dir='ltr'><strong>libro,</strong></span> <span class='ocrx_word' id='word_1_537' title='bbox 2589 1139 2640 1195; x_wconf 92' lang='lat' dir='ltr'><strong>in</strong></span> <span class='ocrx_word' id='word_1_538' title='bbox 2671 1142 2843 1212; x_wconf 83' lang='lat' dir='ltr'><strong>capite</strong></span> <span class='ocrx_word' id='word_1_539' title='bbox 2876 1141 2992 1195; x_wconf 88' lang='lat' dir='ltr'><strong>libri</strong></span> <span class='ocrx_word' id='word_1_540' title='bbox 3022 1141 3108 1211; x_wconf 86' lang='lat' dir='ltr'><strong>qui</strong></span> <span class='ocrx_word' id='word_1_541' title='bbox 3133 1141 3436 1196; x_wconf 70' lang='lat' dir='ltr'><strong>inst-ribitur</strong></span> <span class='ocrx_word' id='word_1_542' title='bbox 3459 1139 3564 1197; x_wconf 87' lang='lat' dir='ltr'><strong>Ge-</strong></span> 
     </span>
    </p>
   </div>
   <div class='ocr_carea' id='block_1_72' title="bbox 1974 1232 3560 1304">
    <p class='ocr_par' dir='ltr' id='par_1_72' title="bbox 1974 1232 3560 1304">
     <span class='ocr_line' id='line_1_72' title="bbox 1974 1232 3560 1304; baseline 0 -18"><span class='ocrx_word' id='word_1_543' title='bbox 1974 1233 2137 1298; x_wconf 88' lang='lat' dir='ltr'><strong>nesis,</strong></span> <span class='ocrx_word' id='word_1_544' title='bbox 2189 1242 2572 1289; x_wconf 85' lang='lat' dir='ltr'><strong>enumerantur</strong></span> <span class='ocrx_word' id='word_1_545' title='bbox 2621 1248 2781 1304; x_wconf 84' lang='lat' dir='ltr'><strong>opera</strong></span> <span class='ocrx_word' id='word_1_546' title='bbox 2832 1233 2943 1289; x_wconf 89' lang='lat' dir='ltr'><strong>Del.</strong></span> <span class='ocrx_word' id='word_1_547' title='bbox 2974 1233 3060 1288; x_wconf 83' lang='lat' dir='ltr'><strong>Fit</strong></span> <span class='ocrx_word' id='word_1_548' title='bbox 3091 1233 3202 1297; x_wconf 76' lang='lat' dir='ltr'><strong>lus,</strong></span> <span class='ocrx_word' id='word_1_549' title='bbox 3242 1232 3301 1287; x_wconf 85' lang='lat' dir='ltr'><strong>lit</strong></span> <span class='ocrx_word' id='word_1_550' title='bbox 3343 1233 3560 1299; x_wconf 57' lang='lat' dir='ltr'><strong>caelum,</strong></span> 
     </span>
    </p>
   </div>
   <div class='ocr_carea' id='block_1_73' title="bbox 1973 1323 3565 1399">
    <p class='ocr_par' dir='ltr' id='par_1_73' title="bbox 1973 1323 3565 1399">
     <span class='ocr_line' id='line_1_73' title="bbox 1973 1323 3565 1399; baseline 0.001 -21"><span class='ocrx_word' id='word_1_551' title='bbox 1973 1323 2112 1395; x_wconf 87' lang='lat' dir='ltr'><strong>quod</strong></span> <span class='ocrx_word' id='word_1_552' title='bbox 2145 1325 2468 1399; x_wconf 83' lang='lat' dir='ltr'><strong>appellatum</strong></span> <span class='ocrx_word' id='word_1_553' title='bbox 2513 1336 2596 1381; x_wconf 92' lang='lat' dir='ltr'><strong>est</strong></span> <span class='ocrx_word' id='word_1_554' title='bbox 2641 1327 3031 1380; x_wconf 76' lang='lat' dir='ltr'><strong>ﬁrmamentum</strong></span> <span class='ocrx_word' id='word_1_555' title='bbox 3082 1326 3220 1380; x_wconf 88' lang='lat' dir='ltr'><strong>inter</strong></span> <span class='ocrx_word' id='word_1_556' title='bbox 3270 1341 3460 1395; x_wconf 84' lang='lat' dir='ltr'><strong>aquam</strong></span> <span class='ocrx_word' id='word_1_557' title='bbox 3507 1333 3565 1380; x_wconf 88' lang='lat' dir='ltr'><strong>et</strong></span> 
     </span>
    </p>
   </div>
   <div class='ocr_carea' id='block_1_74' title="bbox 1972 1414 3564 1486">
    <p class='ocr_par' dir='ltr' id='par_1_74' title="bbox 1972 1414 3564 1486">
     <span class='ocr_line' id='line_1_74' title="bbox 1972 1414 3564 1486; baseline -0.001 -16"><span class='ocrx_word' id='word_1_558' title='bbox 1972 1431 2199 1486; x_wconf 84' lang='lat' dir='ltr'><strong>aquam;</strong></span> <span class='ocrx_word' id='word_1_559' title='bbox 2230 1415 2460 1470; x_wconf 67' lang='lat' dir='ltr'><strong>nudatur</strong></span> <span class='ocrx_word' id='word_1_560' title='bbox 2482 1415 2651 1480; x_wconf 85' lang='lat' dir='ltr'><strong>arida,</strong></span> <span class='ocrx_word' id='word_1_561' title='bbox 2685 1425 2964 1484; x_wconf 85' lang='lat' dir='ltr'><strong>separatur</strong></span> <span class='ocrx_word' id='word_1_562' title='bbox 2987 1431 3133 1470; x_wconf 88' lang='lat' dir='ltr'><strong>mare</strong></span> <span class='ocrx_word' id='word_1_563' title='bbox 3153 1431 3182 1469; x_wconf 89' lang='lat' dir='ltr'><strong>a</strong></span> <span class='ocrx_word' id='word_1_564' title='bbox 3213 1424 3374 1478; x_wconf 78' lang='lat' dir='ltr'><strong>terra,</strong></span> <span class='ocrx_word' id='word_1_565' title='bbox 3407 1414 3564 1468; x_wconf 83' lang='lat' dir='ltr'><strong>datur</strong></span> 
     </span>
    </p>
   </div>
   <div class='ocr_carea' id='block_1_75' title="bbox 1957 1501 3564 1575">
    <p class='ocr_par' dir='ltr' id='par_1_75' title="bbox 1957 1501 3564 1575">
     <span class='ocr_line' id='line_1_75' title="bbox 1957 1501 3564 1575; baseline -0.001 -15"><span class='ocrx_word' id='word_1_566' title='bbox 1957 1515 2133 1568; x_wconf 73' lang='lat' dir='ltr'><strong>terra:</strong></span> <span class='ocrx_word' id='word_1_567' title='bbox 2161 1507 2398 1561; x_wconf 90' lang='lat' dir='ltr'><strong>omnium</strong></span> <span class='ocrx_word' id='word_1_568' title='bbox 2424 1506 2668 1575; x_wconf 88' lang='lat' dir='ltr'><strong>stirpimn</strong></span> <span class='ocrx_word' id='word_1_569' title='bbox 2701 1505 2926 1562; x_wconf 87' lang='lat' dir='ltr'><strong>fecunda</strong></span> <span class='ocrx_word' id='word_1_570' title='bbox 2967 1501 3284 1574; x_wconf 74' lang='lat' dir='ltr'><strong>conceptio:</strong></span> <span class='ocrx_word' id='word_1_571' title='bbox 3314 1506 3446 1558; x_wconf 83' lang='lat' dir='ltr'><strong>fiunt</strong></span> <span class='ocrx_word' id='word_1_572' title='bbox 3473 1504 3564 1559; x_wconf 86' lang='lat' dir='ltr'><strong>lu-</strong></span> 
     </span>
    </p>
   </div>
   <div class='ocr_carea' id='block_1_76' title="bbox 1973 1593 3560 1666">
    <p class='ocr_par' dir='ltr' id='par_1_76' title="bbox 1973 1593 3560 1666">
     <span class='ocr_line' id='line_1_76' title="bbox 1973 1593 3560 1666; baseline -0.003 -14"><span class='ocrx_word' id='word_1_573' title='bbox 1973 1593 2196 1652; x_wconf 67' lang='lat' dir='ltr'><strong>minaria</strong></span> <span class='ocrx_word' id='word_1_574' title='bbox 2218 1597 2390 1666; x_wconf 86' lang='lat' dir='ltr'><strong>majus</strong></span> <span class='ocrx_word' id='word_1_575' title='bbox 2409 1606 2465 1651; x_wconf 87' lang='lat' dir='ltr'><strong>et</strong></span> <span class='ocrx_word' id='word_1_576' title='bbox 2491 1597 2688 1662; x_wconf 85' lang='lat' dir='ltr'><strong>minus,</strong></span> <span class='ocrx_word' id='word_1_577' title='bbox 2720 1598 2801 1653; x_wconf 88' lang='lat' dir='ltr'><strong>sol</strong></span> <span class='ocrx_word' id='word_1_578' title='bbox 2825 1607 2880 1652; x_wconf 92' lang='lat' dir='ltr'><strong>et</strong></span> <span class='ocrx_word' id='word_1_579' title='bbox 2897 1599 3038 1663; x_wconf 85' lang='lat' dir='ltr'><strong>luna,</strong></span> <span class='ocrx_word' id='word_1_580' title='bbox 3062 1607 3115 1650; x_wconf 88' lang='lat' dir='ltr'><strong>et</strong></span> <span class='ocrx_word' id='word_1_581' title='bbox 3133 1606 3326 1652; x_wconf 71' lang='grc' dir='ltr'><strong>εςιιιιιιιι</strong></span> <span class='ocrx_word' id='word_1_582' title='bbox 3349 1595 3522 1650; x_wconf 83' lang='lat' dir='ltr'><strong>sidera</strong></span> <span class='ocrx_word' id='word_1_583' title='bbox 3545 1611 3560 1660; x_wconf 90' lang='lat'><strong>;</strong></span> 
     </span>
    </p>
   </div>
   <div class='ocr_carea' id='block_1_77' title="bbox 1975 1685 3565 1760">
    <p class='ocr_par' dir='ltr' id='par_1_77' title="bbox 1975 1685 3565 1760">
     <span class='ocr_line' id='line_1_77' title="bbox 1975 1685 3565 1760; baseline 0 -18"><span class='ocrx_word' id='word_1_584' title='bbox 1975 1688 2270 1760; x_wconf 86' lang='lat' dir='ltr'><strong>producunt</strong></span> <span class='ocrx_word' id='word_1_585' title='bbox 2294 1704 2445 1759; x_wconf 72' lang='lat' dir='ltr'><strong>aqua:</strong></span> <span class='ocrx_word' id='word_1_586' title='bbox 2489 1688 2625 1744; x_wconf 87' lang='lat' dir='ltr'><strong>fetus</strong></span> <span class='ocrx_word' id='word_1_587' title='bbox 2654 1704 2799 1755; x_wconf 75' lang='lat' dir='ltr'><strong>suos,</strong></span> <span class='ocrx_word' id='word_1_588' title='bbox 2842 1698 2983 1743; x_wconf 90' lang='lat' dir='ltr'><strong>terra</strong></span> <span class='ocrx_word' id='word_1_589' title='bbox 3012 1704 3170 1749; x_wconf 83' lang='lat' dir='ltr'><strong>suos:</strong></span> <span class='ocrx_word' id='word_1_590' title='bbox 3221 1689 3280 1743; x_wconf 83' lang='lat' dir='ltr'><strong>fit</strong></span> <span class='ocrx_word' id='word_1_591' title='bbox 3318 1687 3476 1742; x_wconf 87' lang='lat' dir='ltr'><strong>homo</strong></span> <span class='ocrx_word' id='word_1_592' title='bbox 3496 1685 3565 1742; x_wconf 84' lang='lat' dir='ltr'><strong>ad</strong></span> 
     </span>
    </p>
   </div>
   <div class='ocr_carea' id='block_1_78' title="bbox 1976 1780 3566 1853">
    <p class='ocr_par' dir='ltr' id='par_1_78' title="bbox 1976 1780 3566 1853">
     <span class='ocr_line' id='line_1_78' title="bbox 1976 1780 3566 1853; baseline -0.001 -18"><span class='ocrx_word' id='word_1_593' title='bbox 1976 1780 2257 1851; x_wconf 79' lang='lat' dir='ltr'><strong>imaginem</strong></span> <span class='ocrx_word' id='word_1_594' title='bbox 2292 1781 2382 1835; x_wconf 88' lang='lat' dir='ltr'><strong>Dei</strong></span> <span class='ocrx_word' id='word_1_595' title='bbox 2409 1799 2423 1833; x_wconf 89' lang='lat'><strong>:</strong></span> <span class='ocrx_word' id='word_1_596' title='bbox 2455 1781 2688 1850; x_wconf 88' lang='lat' dir='ltr'><strong>complet</strong></span> <span class='ocrx_word' id='word_1_597' title='bbox 2719 1781 2854 1836; x_wconf 89' lang='lat' dir='ltr'><strong>Deus</strong></span> <span class='ocrx_word' id='word_1_598' title='bbox 2882 1797 3041 1853; x_wconf 85' lang='lat' dir='ltr'><strong>opera</strong></span> <span class='ocrx_word' id='word_1_599' title='bbox 3084 1795 3176 1834; x_wconf 91' lang='lat' dir='ltr'><strong>sua</strong></span> <span class='ocrx_word' id='word_1_600' title='bbox 3209 1781 3385 1834; x_wconf 89' lang='lat' dir='ltr'><strong>omnia</strong></span> <span class='ocrx_word' id='word_1_601' title='bbox 3412 1789 3566 1834; x_wconf 81' lang='lat' dir='ltr'><strong>sexto</strong></span> 
     </span>
    </p>
   </div>
   <div class='ocr_carea' id='block_1_79' title="bbox 1974 1870 3648 1940">
    <p class='ocr_par' dir='ltr' id='par_1_79' title="bbox 1974 1870 3648 1940">
     <span class='ocr_line' id='line_1_79' title="bbox 1974 1870 3648 1940; baseline -0.003 -15"><span class='ocrx_word' id='word_1_602' title='bbox 1974 1870 2099 1934; x_wconf 88' lang='lat' dir='ltr'><strong>die;</strong></span> <span class='ocrx_word' id='word_1_603' title='bbox 2131 1871 2181 1925; x_wconf 91' lang='lat' dir='ltr'><strong>in</strong></span> <span class='ocrx_word' id='word_1_604' title='bbox 2210 1870 2367 1926; x_wconf 88' lang='lat' dir='ltr'><strong>nullis</strong></span> <span class='ocrx_word' id='word_1_605' title='bbox 2395 1871 2645 1940; x_wconf 80' lang='lat' dir='ltr'><strong>operibus</strong></span> <span class='ocrx_word' id='word_1_606' title='bbox 2667 1871 2758 1925; x_wconf 86' lang='lat' dir='ltr'><strong>Dei</strong></span> <span class='ocrx_word' id='word_1_607' title='bbox 2789 1880 2861 1924; x_wconf 89' lang='lat' dir='ltr'><strong>tot</strong></span> <span class='ocrx_word' id='word_1_608' title='bbox 2893 1871 3215 1925; x_wconf 72' lang='lat' dir='ltr'><strong>enumeratis</strong></span> <span class='ocrx_word' id='word_1_609' title='bbox 3241 1879 3399 1939; x_wconf 78' lang='lat' dir='ltr'><strong>atque</strong></span> <span class='ocrx_word' id='word_1_610' title='bbox 3419 1885 3567 1923; x_wconf 85' lang='lat' dir='ltr'><strong>com-</strong></span> <span class='ocrx_word' id='word_1_611' title='bbox 3642 1879 3648 1884; x_wconf 85' lang='lat'>&#39;</span> 
     </span>
    </p>
   </div>
   <div class='ocr_carea' id='block_1_80' title="bbox 1975 1961 3567 2034">
    <p class='ocr_par' dir='ltr' id='par_1_80' title="bbox 1975 1961 3567 2034">
     <span class='ocr_line' id='line_1_80' title="bbox 1975 1961 3567 2034; baseline -0.001 -18"><span class='ocrx_word' id='word_1_612' title='bbox 1975 1962 2135 2034; x_wconf 89' lang='lat' dir='ltr'><strong>pletis</strong></span> <span class='ocrx_word' id='word_1_613' title='bbox 2165 1963 2342 2017; x_wconf 87' lang='lat' dir='ltr'><strong>sonuit</strong></span> <span class='ocrx_word' id='word_1_614' title='bbox 2392 1963 2761 2017; x_wconf 70' lang='lat' dir='ltr'><strong>sanctificatio.</strong></span> <span class='ocrx_word' id='word_1_615' title='bbox 2808 1962 2956 2017; x_wconf 79' lang='lat' dir='ltr'><strong>Dixit</strong></span> <span class='ocrx_word' id='word_1_616' title='bbox 3001 1963 3163 2028; x_wconf 90' lang='lat' dir='ltr'><strong>Deus,</strong></span> <span class='ocrx_word' id='word_1_617' title='bbox 3197 1961 3318 2015; x_wconf 87' lang='lat' dir='ltr'><strong>Fiat</strong></span> <span class='ocrx_word' id='word_1_618' title='bbox 3363 1961 3490 2024; x_wconf 74' lang='lat' dir='ltr'><strong>lux:</strong></span> <span class='ocrx_word' id='word_1_619' title='bbox 3519 1971 3567 2014; x_wconf 88' lang='lat' dir='ltr'><strong>et</strong></span> 
     </span>
    </p>
   </div>
   <div class='ocr_carea' id='block_1_81' title="bbox 1975 2053 3566 2125">
    <p class='ocr_par' dir='ltr' id='par_1_81' title="bbox 1975 2053 3566 2125">
     <span class='ocr_line' id='line_1_81' title="bbox 1975 2053 3566 2125; baseline 0.001 -18"><span class='ocrx_word' id='word_1_620' title='bbox 1975 2054 2112 2124; x_wconf 84' lang='lat' dir='ltr'><strong>facta</strong></span> <span class='ocrx_word' id='word_1_621' title='bbox 2139 2066 2212 2109; x_wconf 83' lang='lat' dir='ltr'><strong>est</strong></span> <span class='ocrx_word' id='word_1_622' title='bbox 2233 2054 2323 2108; x_wconf 62' lang='lat' dir='ltr'><strong>tua</strong></span> <span class='ocrx_word' id='word_1_623' title='bbox 2345 2070 2364 2109; x_wconf 90' lang='lat'><strong>:</strong></span> <span class='ocrx_word' id='word_1_624' title='bbox 2381 2067 2424 2108; x_wconf 87' lang='lat' dir='ltr'><strong>et</strong></span> <span class='ocrx_word' id='word_1_625' title='bbox 2444 2056 2564 2109; x_wconf 67' lang='lat' dir='ltr'><strong>vidit</strong></span> <span class='ocrx_word' id='word_1_626' title='bbox 2593 2053 2729 2109; x_wconf 71' lang='lat' dir='ltr'><strong>Dens</strong></span> <span class='ocrx_word' id='word_1_627' title='bbox 2746 2055 2904 2109; x_wconf 76' lang='lat' dir='ltr'><strong>lucem</strong></span> <span class='ocrx_word' id='word_1_628' title='bbox 2924 2055 3042 2125; x_wconf 79' lang='lat' dir='ltr'><strong>quia</strong></span> <span class='ocrx_word' id='word_1_629' title='bbox 3061 2055 3189 2108; x_wconf 82' lang='lat' dir='ltr'><strong>bona</strong></span> <span class='ocrx_word' id='word_1_630' title='bbox 3215 2063 3287 2107; x_wconf 77' lang='lat' dir='ltr'><strong>est</strong></span> <span class='ocrx_word' id='word_1_631' title='bbox 3313 2071 3334 2107; x_wconf 88' lang='lat'><strong>:</strong></span> <span class='ocrx_word' id='word_1_632' title='bbox 3357 2069 3459 2108; x_wconf 90' lang='lat' dir='ltr'><strong>non</strong></span> <span class='ocrx_word' id='word_1_633' title='bbox 3479 2053 3566 2108; x_wconf 86' lang='lat' dir='ltr'><strong>di-</strong></span> 
     </span>
    </p>
   </div>
   <div class='ocr_carea' id='block_1_82' title="bbox 1976 2145 3566 2215">
    <p class='ocr_par' dir='ltr' id='par_1_82' title="bbox 1976 2145 3566 2215">
     <span class='ocr_line' id='line_1_82' title="bbox 1976 2145 3566 2215; baseline -0.001 -14"><span class='ocrx_word' id='word_1_634' title='bbox 1976 2145 2073 2212; x_wconf 76' lang='lat' dir='ltr'><strong>xit,</strong></span> <span class='ocrx_word' id='word_1_635' title='bbox 2103 2146 2452 2201; x_wconf 76' lang='lat' dir='ltr'><strong>sanctificarit</strong></span> <span class='ocrx_word' id='word_1_636' title='bbox 2499 2147 2639 2202; x_wconf 88' lang='lat' dir='ltr'><strong>Deus</strong></span> <span class='ocrx_word' id='word_1_637' title='bbox 2676 2147 2848 2202; x_wconf 89' lang='lat' dir='ltr'><strong>lucem</strong></span> <span class='ocrx_word' id='word_1_638' title='bbox 2884 2164 2898 2201; x_wconf 87' lang='lat'><strong>:</strong></span> <span class='ocrx_word' id='word_1_639' title='bbox 2930 2145 3048 2200; x_wconf 80' lang='lat' dir='ltr'><strong>Fiat</strong></span> <span class='ocrx_word' id='word_1_640' title='bbox 3077 2147 3450 2215; x_wconf 80' lang='lat' dir='ltr'><strong>ﬁrmamentum</strong></span> <span class='ocrx_word' id='word_1_641' title='bbox 3478 2161 3498 2200; x_wconf 90' lang='lat'><strong><em>:</em></strong></span> <span class='ocrx_word' id='word_1_642' title='bbox 3519 2156 3566 2200; x_wconf 88' lang='lat' dir='ltr'><strong>et</strong></span> 
     </span>
    </p>
   </div>
   <div class='ocr_carea' id='block_1_83' title="bbox 1978 2233 3568 2307">
    <p class='ocr_par' dir='ltr' id='par_1_83' title="bbox 1978 2233 3568 2307">
     <span class='ocr_line' id='line_1_83' title="bbox 1978 2233 3568 2307; baseline 0.001 -19"><span class='ocrx_word' id='word_1_643' title='bbox 1978 2237 2169 2307; x_wconf 81' lang='lat' dir='ltr'><strong>factum</strong></span> <span class='ocrx_word' id='word_1_644' title='bbox 2198 2245 2270 2289; x_wconf 87' lang='lat' dir='ltr'><strong>est</strong></span> <span class='ocrx_word' id='word_1_645' title='bbox 2301 2251 2319 2289; x_wconf 92' lang='lat'><strong><em>:</em></strong></span> <span class='ocrx_word' id='word_1_646' title='bbox 2346 2235 2468 2288; x_wconf 81' lang='lat' dir='ltr'><strong>vidit</strong></span> <span class='ocrx_word' id='word_1_647' title='bbox 2490 2233 2625 2289; x_wconf 82' lang='lat' dir='ltr'><strong>Dens</strong></span> <span class='ocrx_word' id='word_1_648' title='bbox 2651 2237 2773 2304; x_wconf 79' lang='lat' dir='ltr'><strong>quia</strong></span> <span class='ocrx_word' id='word_1_649' title='bbox 2801 2235 2986 2289; x_wconf 75' lang='lat' dir='ltr'><strong>bonum</strong></span> <span class='ocrx_word' id='word_1_650' title='bbox 3008 2245 3078 2288; x_wconf 86' lang='lat' dir='ltr'><strong>est</strong></span> <span class='ocrx_word' id='word_1_651' title='bbox 3095 2250 3115 2289; x_wconf 91' lang='lat'><strong><em>:</em></strong></span> <span class='ocrx_word' id='word_1_652' title='bbox 3141 2250 3238 2290; x_wconf 91' lang='lat' dir='ltr'><strong>nec</strong></span> <span class='ocrx_word' id='word_1_653' title='bbox 3260 2235 3458 2290; x_wconf 88' lang='lat' dir='ltr'><strong>dictum</strong></span> <span class='ocrx_word' id='word_1_654' title='bbox 3485 2243 3568 2290; x_wconf 82' lang='lat' dir='ltr'><strong>est</strong></span> 
     </span>
    </p>
   </div>
   <div class='ocr_carea' id='block_1_84' title="bbox 1977 2325 3566 2398">
    <p class='ocr_par' dir='ltr' id='par_1_84' title="bbox 1977 2325 3566 2398">
     <span class='ocr_line' id='line_1_84' title="bbox 1977 2325 3566 2398; baseline -0.001 -18"><span class='ocrx_word' id='word_1_655' title='bbox 1977 2327 2099 2398; x_wconf 84' lang='lat' dir='ltr'><strong>quia</strong></span> <span class='ocrx_word' id='word_1_656' title='bbox 2129 2327 2512 2383; x_wconf 79' lang='lat' dir='ltr'><strong>sanctiﬁcatum</strong></span> <span class='ocrx_word' id='word_1_657' title='bbox 2539 2336 2621 2380; x_wconf 90' lang='lat' dir='ltr'><strong>est</strong></span> <span class='ocrx_word' id='word_1_658' title='bbox 2649 2327 3062 2381; x_wconf 81' lang='lat' dir='ltr'><strong>liriuameutum.</strong></span> <span class='ocrx_word' id='word_1_659' title='bbox 3098 2325 3167 2378; x_wconf 85' lang='lat' dir='ltr'><strong>Ita</strong></span> <span class='ocrx_word' id='word_1_660' title='bbox 3189 2334 3243 2381; x_wconf 92' lang='lat' dir='ltr'><strong>et</strong></span> <span class='ocrx_word' id='word_1_661' title='bbox 3258 2336 3473 2389; x_wconf 77' lang='lat' dir='ltr'><strong>czctera,</strong></span> <span class='ocrx_word' id='word_1_662' title='bbox 3498 2340 3566 2379; x_wconf 88' lang='lat' dir='ltr'><strong>ne</strong></span> 
     </span>
    </p>
   </div>
   <div class='ocr_carea' id='block_1_85' title="bbox 1979 2414 3565 2485">
    <p class='ocr_par' dir='ltr' id='par_1_85' title="bbox 1979 2414 3565 2485">
     <span class='ocr_line' id='line_1_85' title="bbox 1979 2414 3565 2485; baseline -0.003 -14"><span class='ocrx_word' id='word_1_663' title='bbox 1979 2417 2034 2471; x_wconf 87' lang='lat' dir='ltr'><strong>in</strong></span> <span class='ocrx_word' id='word_1_664' title='bbox 2069 2416 2229 2472; x_wconf 86' lang='lat' dir='ltr'><strong>rebus</strong></span> <span class='ocrx_word' id='word_1_665' title='bbox 2275 2415 2720 2472; x_wconf 83' lang='lat' dir='ltr'><strong>manifestissimis</strong></span> <span class='ocrx_word' id='word_1_666' title='bbox 2750 2416 3117 2480; x_wconf 88' lang='lat' dir='ltr'><strong>immorcmnr,</strong></span> <span class='ocrx_word' id='word_1_667' title='bbox 3168 2430 3336 2485; x_wconf 81' lang='lat' dir='ltr'><strong>usque</strong></span> <span class='ocrx_word' id='word_1_668' title='bbox 3364 2415 3429 2468; x_wconf 88' lang='lat' dir='ltr'><strong>ad</strong></span> <span class='ocrx_word' id='word_1_669' title='bbox 3479 2414 3565 2468; x_wconf 84' lang='lat' dir='ltr'><strong>illa</strong></span> 
     </span>
    </p>
   </div>
   <div class='ocr_carea' id='block_1_86' title="bbox 1981 2503 3566 2580">
    <p class='ocr_par' dir='ltr' id='par_1_86' title="bbox 1981 2503 3566 2580">
     <span class='ocr_line' id='line_1_86' title="bbox 1981 2503 3566 2580; baseline -0.002 -20"><span class='ocrx_word' id='word_1_670' title='bbox 1981 2524 2100 2580; x_wconf 77' lang='lat' dir='ltr'><strong>qua:</strong></span> <span class='ocrx_word' id='word_1_671' title='bbox 2121 2517 2268 2562; x_wconf 80' lang='lat' dir='ltr'><strong>sexta</strong></span> <span class='ocrx_word' id='word_1_672' title='bbox 2297 2507 2384 2563; x_wconf 87' lang='lat' dir='ltr'><strong>die</strong></span> <span class='ocrx_word' id='word_1_673' title='bbox 2413 2506 2545 2561; x_wconf 84' lang='lat' dir='ltr'><strong>facta</strong></span> <span class='ocrx_word' id='word_1_674' title='bbox 2574 2517 2717 2569; x_wconf 88' lang='lat' dir='ltr'><strong>sunt,</strong></span> <span class='ocrx_word' id='word_1_675' title='bbox 2748 2521 2869 2560; x_wconf 89' lang='lat' dir='ltr'><strong>cum</strong></span> <span class='ocrx_word' id='word_1_676' title='bbox 2899 2506 3112 2560; x_wconf 84' lang='lat' dir='ltr'><strong>bomiue</strong></span> <span class='ocrx_word' id='word_1_677' title='bbox 3138 2516 3318 2560; x_wconf 88' lang='lat' dir='ltr'><strong>creato</strong></span> <span class='ocrx_word' id='word_1_678' title='bbox 3345 2503 3408 2558; x_wconf 87' lang='lat' dir='ltr'><strong>ad</strong></span> <span class='ocrx_word' id='word_1_679' title='bbox 3435 2504 3566 2558; x_wconf 89' lang='lat' dir='ltr'><strong>ima-</strong></span> 
     </span>
    </p>
   </div>
   <div class='ocr_carea' id='block_1_87' title="bbox 1978 2592 3562 2670">
    <p class='ocr_par' dir='ltr' id='par_1_87' title="bbox 1978 2592 3562 2670">
     <span class='ocr_line' id='line_1_87' title="bbox 1978 2592 3562 2670; baseline -0.006 -17"><span class='ocrx_word' id='word_1_680' title='bbox 1978 2597 2156 2670; x_wconf 85' lang='lat' dir='ltr'><strong>ginem</strong></span> <span class='ocrx_word' id='word_1_681' title='bbox 2202 2597 2316 2658; x_wconf 84' lang='lat' dir='ltr'><strong>Dei.</strong></span> <span class='ocrx_word' id='word_1_682' title='bbox 2348 2605 2727 2651; x_wconf 88' lang='lat' dir='ltr'><strong>enumerantur</strong></span> <span class='ocrx_word' id='word_1_683' title='bbox 2766 2596 2976 2657; x_wconf 90' lang='lat' dir='ltr'><strong>omnia,</strong></span> <span class='ocrx_word' id='word_1_684' title='bbox 3017 2594 3147 2648; x_wconf 86' lang='lat' dir='ltr'><strong>nihil</strong></span> <span class='ocrx_word' id='word_1_685' title='bbox 3175 2592 3562 2647; x_wconf 72' lang='lat' dir='ltr'><strong>sanctificatum</strong></span> 
     </span>
    </p>
   </div>
   <div class='ocr_carea' id='block_1_88' title="bbox 1979 2682 3564 2755">
    <p class='ocr_par' dir='ltr' id='par_1_88' title="bbox 1979 2682 3564 2755">
     <span class='ocr_line' id='line_1_88' title="bbox 1979 2682 3564 2755; baseline -0.007 -9"><span class='ocrx_word' id='word_1_686' title='bbox 1979 2690 2194 2746; x_wconf 81' lang='lat' dir='ltr'><strong>dicitur.</strong></span> <span class='ocrx_word' id='word_1_687' title='bbox 2234 2688 2456 2741; x_wconf 77' lang='lat' dir='ltr'><strong>Ventum</strong></span> <span class='ocrx_word' id='word_1_688' title='bbox 2497 2695 2578 2741; x_wconf 91' lang='lat' dir='ltr'><strong>est</strong></span> <span class='ocrx_word' id='word_1_689' title='bbox 2622 2686 2686 2740; x_wconf 90' lang='lat' dir='ltr'><strong>ad</strong></span> <span class='ocrx_word' id='word_1_690' title='bbox 2714 2685 2997 2755; x_wconf 88' lang='lat' dir='ltr'><strong>scptimmu</strong></span> <span class='ocrx_word' id='word_1_691' title='bbox 3025 2683 3190 2747; x_wconf 91' lang='lat' dir='ltr'><strong>diem,</strong></span> <span class='ocrx_word' id='word_1_692' title='bbox 3234 2683 3329 2738; x_wconf 88' lang='lat' dir='ltr'><strong>ubi</strong></span> <span class='ocrx_word' id='word_1_693' title='bbox 3361 2682 3564 2737; x_wconf 74' lang='lat' dir='ltr'><strong>milium</strong></span> 
     </span>
    </p>
   </div>
   <div class='ocr_carea' id='block_1_89' title="bbox 1979 2775 3567 2852">
    <p class='ocr_par' dir='ltr' id='par_1_89' title="bbox 1979 2775 3567 2852">
     <span class='ocr_line' id='line_1_89' title="bbox 1979 2775 3567 2852; baseline -0.005 -16"><span class='ocrx_word' id='word_1_694' title='bbox 1979 2795 2115 2852; x_wconf 82' lang='lat' dir='ltr'><strong>apus</strong></span> <span class='ocrx_word' id='word_1_695' title='bbox 2146 2779 2338 2835; x_wconf 87' lang='lat' dir='ltr'><strong>factum</strong></span> <span class='ocrx_word' id='word_1_696' title='bbox 2369 2788 2470 2841; x_wconf 88' lang='lat' dir='ltr'><strong>est,</strong></span> <span class='ocrx_word' id='word_1_697' title='bbox 2493 2777 2586 2832; x_wconf 87' lang='lat' dir='ltr'><strong>sed</strong></span> <span class='ocrx_word' id='word_1_698' title='bbox 2609 2779 2811 2832; x_wconf 74' lang='lat' dir='ltr'><strong>vacatio</strong></span> <span class='ocrx_word' id='word_1_699' title='bbox 2844 2775 2935 2830; x_wconf 86' lang='lat' dir='ltr'><strong>Dei</strong></span> <span class='ocrx_word' id='word_1_700' title='bbox 2959 2776 3274 2842; x_wconf 84' lang='lat' dir='ltr'><strong>insinuatur,</strong></span> <span class='ocrx_word' id='word_1_701' title='bbox 3295 2783 3350 2828; x_wconf 85' lang='lat' dir='ltr'><strong>et</strong></span> <span class='ocrx_word' id='word_1_702' title='bbox 3371 2775 3567 2829; x_wconf 67' lang='lat' dir='ltr'><strong>salicti-</strong></span> 
     </span>
    </p>
   </div>
   <div class='ocr_carea' id='block_1_90' title="bbox 1980 2855 3570 2941">
    <p class='ocr_par' dir='ltr' id='par_1_90' title="bbox 1980 2855 3570 2941">
     <span class='ocr_line' id='line_1_90' title="bbox 1980 2855 3570 2941; baseline -0.008 -11"><span class='ocrx_word' id='word_1_703' title='bbox 1980 2875 2156 2930; x_wconf 83' lang='lat' dir='ltr'><strong>licavit</strong></span> <span class='ocrx_word' id='word_1_704' title='bbox 2177 2873 2320 2928; x_wconf 82' lang='lat' dir='ltr'><strong>Deus</strong></span> <span class='ocrx_word' id='word_1_705' title='bbox 2342 2872 2482 2927; x_wconf 88' lang='lat' dir='ltr'><strong>diem</strong></span> <span class='ocrx_word' id='word_1_706' title='bbox 2510 2871 2814 2941; x_wconf 88' lang='lat' dir='ltr'><strong>septimum.</strong></span> <span class='ocrx_word' id='word_1_707' title='bbox 2837 2867 2892 2924; x_wconf 82' lang='grc' dir='ltr'><strong>ιιι</strong></span> <span class='ocrx_word' id='word_1_708' title='bbox 2915 2855 3218 2937; x_wconf 80' lang='lat' dir='ltr'><strong>septenario</strong></span> <span class='ocrx_word' id='word_1_709' title='bbox 3244 2866 3451 2920; x_wconf 89' lang='lat' dir='ltr'><strong>dierum</strong></span> <span class='ocrx_word' id='word_1_710' title='bbox 3471 2880 3570 2918; x_wconf 78' lang='lat' dir='ltr'><strong>nu-</strong></span> 
     </span>
    </p>
   </div>
   <div class='ocr_carea' id='block_1_91' title="bbox 1980 2954 3564 3034">
    <p class='ocr_par' dir='ltr' id='par_1_91' title="bbox 1980 2954 3564 3034">
     <span class='ocr_line' id='line_1_91' title="bbox 1980 2954 3564 3034; baseline -0.007 -15"><span class='ocrx_word' id='word_1_711' title='bbox 1980 2978 2129 3020; x_wconf 84' lang='lat' dir='ltr'><strong>mero</strong></span> <span class='ocrx_word' id='word_1_712' title='bbox 2154 2964 2321 3034; x_wconf 87' lang='lat' dir='ltr'><strong>prima</strong></span> <span class='ocrx_word' id='word_1_713' title='bbox 2350 2960 2525 3016; x_wconf 87' lang='lat' dir='ltr'><strong>sonuit</strong></span> <span class='ocrx_word' id='word_1_714' title='bbox 2569 2960 2939 3023; x_wconf 82' lang='lat' dir='ltr'><strong>sanctificatio,</strong></span> <span class='ocrx_word' id='word_1_715' title='bbox 2983 2957 3375 3027; x_wconf 86' lang='lat' dir='ltr'><strong>Scripturarum</strong></span> <span class='ocrx_word' id='word_1_716' title='bbox 3430 2954 3564 3010; x_wconf 81' lang='lat' dir='ltr'><strong>locis</strong></span> 
     </span>
    </p>
   </div>
   <div class='ocr_carea' id='block_1_92' title="bbox 1981 3047 3563 3122">
    <p class='ocr_par' dir='ltr' id='par_1_92' title="bbox 1981 3047 3563 3122">
     <span class='ocr_line' id='line_1_92' title="bbox 1981 3047 3563 3122; baseline -0.006 -12"><span class='ocrx_word' id='word_1_717' title='bbox 1981 3055 2228 3110; x_wconf 86' lang='lat' dir='ltr'><strong>omnibus</strong></span> <span class='ocrx_word' id='word_1_718' title='bbox 2271 3053 2490 3122; x_wconf 70' lang='lat' dir='ltr'><strong>qumsita</strong></span> <span class='ocrx_word' id='word_1_719' title='bbox 2525 3061 2578 3106; x_wconf 89' lang='lat' dir='ltr'><strong>et</strong></span> <span class='ocrx_word' id='word_1_720' title='bbox 2623 3052 2710 3106; x_wconf 88' lang='lat' dir='ltr'><strong>hic</strong></span> <span class='ocrx_word' id='word_1_721' title='bbox 2739 3051 2981 3120; x_wconf 88' lang='lat' dir='ltr'><strong>primitus</strong></span> <span class='ocrx_word' id='word_1_722' title='bbox 3006 3050 3239 3104; x_wconf 82' lang='lat' dir='ltr'><strong>inventa.</strong></span> <span class='ocrx_word' id='word_1_723' title='bbox 3290 3048 3386 3104; x_wconf 88' lang='lat' dir='ltr'><strong>Ubi</strong></span> <span class='ocrx_word' id='word_1_724' title='bbox 3410 3047 3563 3117; x_wconf 84' lang='lat' dir='ltr'><strong>quies</strong></span> 
     </span>
    </p>
   </div>
   <div class='ocr_carea' id='block_1_93' title="bbox 1980 3138 3558 3212">
    <p class='ocr_par' dir='ltr' id='par_1_93' title="bbox 1980 3138 3558 3212">
     <span class='ocr_line' id='line_1_93' title="bbox 1980 3138 3558 3212; baseline -0.006 -12"><span class='ocrx_word' id='word_1_725' title='bbox 1980 3145 2074 3200; x_wconf 88' lang='lat' dir='ltr'><strong>Dei</strong></span> <span class='ocrx_word' id='word_1_726' title='bbox 2125 3151 2591 3208; x_wconf 85' lang='lat' dir='ltr'><strong>commemoratur,</strong></span> <span class='ocrx_word' id='word_1_727' title='bbox 2638 3142 2790 3212; x_wconf 82' lang='lat' dir='ltr'><strong>quies</strong></span> <span class='ocrx_word' id='word_1_728' title='bbox 2817 3143 2978 3196; x_wconf 81' lang='lat' dir='ltr'><strong>etiam</strong></span> <span class='ocrx_word' id='word_1_729' title='bbox 3023 3147 3206 3194; x_wconf 72' lang='lat' dir='ltr'><strong>nostra</strong></span> <span class='ocrx_word' id='word_1_730' title='bbox 3237 3138 3558 3192; x_wconf 81' lang='lat' dir='ltr'><strong>insinuatur.</strong></span> 
     </span>
    </p>
   </div>
   <div class='ocr_carea' id='block_1_94' title="bbox 1979 3230 3566 3302">
    <p class='ocr_par' dir='ltr' id='par_1_94' title="bbox 1979 3230 3566 3302">
     <span class='ocr_line' id='line_1_94' title="bbox 1979 3230 3566 3302; baseline -0.006 -10"><span class='ocrx_word' id='word_1_731' title='bbox 1979 3236 2095 3292; x_wconf 79' lang='lat' dir='ltr'><strong>Non</strong></span> <span class='ocrx_word' id='word_1_732' title='bbox 2117 3235 2258 3291; x_wconf 91' lang='lat' dir='ltr'><strong>enim</strong></span> <span class='ocrx_word' id='word_1_733' title='bbox 2278 3234 2538 3290; x_wconf 78' lang='lat' dir='ltr'><strong>laboravit</strong></span> <span class='ocrx_word' id='word_1_734' title='bbox 2561 3234 2719 3297; x_wconf 89' lang='lat' dir='ltr'><strong>Deus,</strong></span> <span class='ocrx_word' id='word_1_735' title='bbox 2743 3241 2804 3287; x_wconf 93' lang='lat' dir='ltr'><strong>ut</strong></span> <span class='ocrx_word' id='word_1_736' title='bbox 2818 3233 3012 3302; x_wconf 88' lang='lat' dir='ltr'><strong>quietis</strong></span> <span class='ocrx_word' id='word_1_737' title='bbox 3028 3231 3321 3302; x_wconf 85' lang='lat' dir='ltr'><strong>indigeret;</strong></span> <span class='ocrx_word' id='word_1_738' title='bbox 3346 3239 3399 3284; x_wconf 91' lang='lat' dir='ltr'><strong>et</strong></span> <span class='ocrx_word' id='word_1_739' title='bbox 3415 3230 3566 3299; x_wconf 87' lang='lat' dir='ltr'><strong>quasi</strong></span> 
     </span>
    </p>
   </div>
   <div class='ocr_carea' id='block_1_95' title="bbox 1982 3320 3570 3400">
    <p class='ocr_par' dir='ltr' id='par_1_95' title="bbox 1982 3320 3570 3400">
     <span class='ocr_line' id='line_1_95' title="bbox 1982 3320 3570 3400; baseline -0.006 -16"><span class='ocrx_word' id='word_1_740' title='bbox 1982 3337 2104 3400; x_wconf 81' lang='lat' dir='ltr'><strong>post</strong></span> <span class='ocrx_word' id='word_1_741' title='bbox 2143 3328 2377 3382; x_wconf 88' lang='lat' dir='ltr'><strong>laborem</strong></span> <span class='ocrx_word' id='word_1_742' title='bbox 2425 3326 2514 3380; x_wconf 91' lang='lat' dir='ltr'><strong>die</strong></span> <span class='ocrx_word' id='word_1_743' title='bbox 2565 3325 2753 3380; x_wconf 85' lang='lat' dir='ltr'><strong>feriato</strong></span> <span class='ocrx_word' id='word_1_744' title='bbox 2788 3325 3167 3394; x_wconf 87' lang='lat' dir='ltr'><strong>gratularetur,</strong></span> <span class='ocrx_word' id='word_1_745' title='bbox 3219 3320 3570 3377; x_wconf 77' lang='lat' dir='ltr'><strong>sanetitlcarit</strong></span> 
     </span>
    </p>
   </div>
   <div class='ocr_carea' id='block_1_96' title="bbox 1983 3411 3570 3486">
    <p class='ocr_par' dir='ltr' id='par_1_96' title="bbox 1983 3411 3570 3486">
     <span class='ocr_line' id='line_1_96' title="bbox 1983 3411 3570 3486; baseline -0.006 -11"><span class='ocrx_word' id='word_1_746' title='bbox 1983 3435 2108 3475; x_wconf 86' lang='lat' dir='ltr'><strong>eum</strong></span> <span class='ocrx_word' id='word_1_747' title='bbox 2139 3419 2304 3482; x_wconf 90' lang='lat' dir='ltr'><strong>diem,</strong></span> <span class='ocrx_word' id='word_1_748' title='bbox 2335 3431 2444 3486; x_wconf 87' lang='lat' dir='ltr'><strong>quo</strong></span> <span class='ocrx_word' id='word_1_749' title='bbox 2485 3429 2678 3470; x_wconf 81' lang='lat' dir='ltr'><strong>vacare</strong></span> <span class='ocrx_word' id='word_1_750' title='bbox 2708 3414 3023 3483; x_wconf 84' lang='lat' dir='ltr'><strong>permissum</strong></span> <span class='ocrx_word' id='word_1_751' title='bbox 3066 3421 3167 3467; x_wconf 80' lang='lat' dir='ltr'><strong>est.</strong></span> <span class='ocrx_word' id='word_1_752' title='bbox 3198 3411 3438 3466; x_wconf 87' lang='lat' dir='ltr'><strong>Carnalis</strong></span> <span class='ocrx_word' id='word_1_753' title='bbox 3485 3421 3570 3466; x_wconf 78' lang='lat' dir='ltr'><strong>est</strong></span> 
     </span>
    </p>
   </div>
   <div class='ocr_carea' id='block_1_97' title="bbox 1982 3502 3569 3578">
    <p class='ocr_par' dir='ltr' id='par_1_97' title="bbox 1982 3502 3569 3578">
     <span class='ocr_line' id='line_1_97' title="bbox 1982 3502 3569 3578; baseline -0.005 -13"><span class='ocrx_word' id='word_1_754' title='bbox 1982 3510 2082 3565; x_wconf 89' lang='lat' dir='ltr'><strong>ista</strong></span> <span class='ocrx_word' id='word_1_755' title='bbox 2109 3507 2377 3578; x_wconf 86' lang='lat' dir='ltr'><strong>cogitatio,</strong></span> <span class='ocrx_word' id='word_1_756' title='bbox 2399 3504 2666 3560; x_wconf 85' lang='lat' dir='ltr'><strong>lnsinuata</strong></span> <span class='ocrx_word' id='word_1_757' title='bbox 2692 3513 2773 3559; x_wconf 80' lang='lat' dir='ltr'><strong>est</strong></span> <span class='ocrx_word' id='word_1_758' title='bbox 2789 3503 2942 3558; x_wconf 91' lang='lat' dir='ltr'><strong>nobis</strong></span> <span class='ocrx_word' id='word_1_759' title='bbox 2959 3502 3111 3573; x_wconf 88' lang='lat' dir='ltr'><strong>quies</strong></span> <span class='ocrx_word' id='word_1_760' title='bbox 3132 3511 3251 3570; x_wconf 82' lang='lat' dir='ltr'><strong>post</strong></span> <span class='ocrx_word' id='word_1_761' title='bbox 3279 3502 3416 3556; x_wconf 87' lang='lat' dir='ltr'><strong>bona</strong></span> <span class='ocrx_word' id='word_1_762' title='bbox 3446 3516 3569 3558; x_wconf 81' lang='lat' dir='ltr'><strong>om-</strong></span> 
     </span>
    </p>
   </div>
   <div class='ocr_carea' id='block_1_98' title="bbox 1984 3591 3564 3669">
    <p class='ocr_par' dir='ltr' id='par_1_98' title="bbox 1984 3591 3564 3669">
     <span class='ocr_line' id='line_1_98' title="bbox 1984 3591 3564 3669; baseline -0.006 -15"><span class='ocrx_word' id='word_1_763' title='bbox 1984 3600 2071 3654; x_wconf 89' lang='lat' dir='ltr'><strong>nia</strong></span> <span class='ocrx_word' id='word_1_764' title='bbox 2097 3611 2258 3669; x_wconf 87' lang='lat' dir='ltr'><strong>opera</strong></span> <span class='ocrx_word' id='word_1_765' title='bbox 2277 3605 2473 3658; x_wconf 84' lang='lat' dir='ltr'><strong>uostra,</strong></span> <span class='ocrx_word' id='word_1_766' title='bbox 2502 3593 2639 3649; x_wconf 89' lang='lat' dir='ltr'><strong>sicut</strong></span> <span class='ocrx_word' id='word_1_767' title='bbox 2665 3593 2924 3648; x_wconf 86' lang='lat' dir='ltr'><strong>insinuata</strong></span> <span class='ocrx_word' id='word_1_768' title='bbox 2941 3601 3024 3647; x_wconf 87' lang='lat' dir='ltr'><strong>est</strong></span> <span class='ocrx_word' id='word_1_769' title='bbox 3041 3591 3134 3646; x_wconf 88' lang='lat' dir='ltr'><strong>Dei</strong></span> <span class='ocrx_word' id='word_1_770' title='bbox 3149 3591 3300 3661; x_wconf 83' lang='lat' dir='ltr'><strong>quies</strong></span> <span class='ocrx_word' id='word_1_771' title='bbox 3320 3599 3440 3661; x_wconf 87' lang='lat' dir='ltr'><strong>post</strong></span> <span class='ocrx_word' id='word_1_772' title='bbox 3453 3606 3564 3646; x_wconf 84' lang='lat' dir='ltr'><strong>om-</strong></span> 
     </span>
    </p>
   </div>
   <div class='ocr_carea' id='block_1_99' title="bbox 1983 3684 3570 3762">
    <p class='ocr_par' dir='ltr' id='par_1_99' title="bbox 1983 3684 3570 3762">
     <span class='ocr_line' id='line_1_99' title="bbox 1983 3684 3570 3762; baseline -0.007 -13"><span class='ocrx_word' id='word_1_773' title='bbox 1983 3695 2070 3750; x_wconf 85' lang='lat' dir='ltr'><strong>nia</strong></span> <span class='ocrx_word' id='word_1_774' title='bbox 2097 3692 2234 3747; x_wconf 89' lang='lat' dir='ltr'><strong>bona</strong></span> <span class='ocrx_word' id='word_1_775' title='bbox 2273 3705 2438 3762; x_wconf 85' lang='lat' dir='ltr'><strong>Opera</strong></span> <span class='ocrx_word' id='word_1_776' title='bbox 2479 3702 2592 3742; x_wconf 86' lang='lat' dir='ltr'><strong>sua.</strong></span> <span class='ocrx_word' id='word_1_777' title='bbox 2643 3685 2785 3740; x_wconf 78' lang='lat' dir='ltr'><strong>Fecit</strong></span> <span class='ocrx_word' id='word_1_778' title='bbox 2824 3686 2966 3740; x_wconf 89' lang='lat' dir='ltr'><strong>enim</strong></span> <span class='ocrx_word' id='word_1_779' title='bbox 2996 3684 3128 3738; x_wconf 83' lang='lat' dir='ltr'><strong>Deus</strong></span> <span class='ocrx_word' id='word_1_780' title='bbox 3167 3686 3356 3747; x_wconf 87' lang='lat' dir='ltr'><strong>omnia,</strong></span> <span class='ocrx_word' id='word_1_781' title='bbox 3385 3693 3433 3737; x_wconf 81' lang='lat' dir='ltr'><strong>et</strong></span> <span class='ocrx_word' id='word_1_782' title='bbox 3460 3699 3570 3738; x_wconf 82' lang='lat' dir='ltr'><strong>ecce</strong></span> 
     </span>
    </p>
   </div>
   <div class='ocr_carea' id='block_1_100' title="bbox 1984 3776 3568 3848">
    <p class='ocr_par' dir='ltr' id='par_1_100' title="bbox 1984 3776 3568 3848">
     <span class='ocr_line' id='line_1_100' title="bbox 1984 3776 3568 3848; baseline -0.006 -9"><span class='ocrx_word' id='word_1_783' title='bbox 1984 3785 2152 3841; x_wconf 85' lang='lat' dir='ltr'><strong>omnia</strong></span> <span class='ocrx_word' id='word_1_784' title='bbox 2175 3783 2308 3837; x_wconf 77' lang='lat' dir='ltr'><strong>bona</strong></span> <span class='ocrx_word' id='word_1_785' title='bbox 2355 3780 2516 3835; x_wconf 80' lang='lat' dir='ltr'><strong>valde.</strong></span> <span class='ocrx_word' id='word_1_786' title='bbox 2562 3778 2630 3833; x_wconf 83' lang='lat' dir='ltr'><strong>Et</strong></span> <span class='ocrx_word' id='word_1_787' title='bbox 2675 3779 2908 3848; x_wconf 78' lang='lat' dir='ltr'><strong>requievit</strong></span> <span class='ocrx_word' id='word_1_788' title='bbox 2937 3776 3071 3830; x_wconf 79' lang='lat' dir='ltr'><strong>Deus</strong></span> <span class='ocrx_word' id='word_1_789' title='bbox 3090 3777 3144 3830; x_wconf 81' lang='lat' dir='ltr'><strong>in</strong></span> <span class='ocrx_word' id='word_1_790' title='bbox 3168 3776 3252 3830; x_wconf 79' lang='lat' dir='ltr'><strong>die</strong></span> <span class='ocrx_word' id='word_1_791' title='bbox 3268 3777 3482 3846; x_wconf 83' lang='lat' dir='ltr'><strong>septima</strong></span> <span class='ocrx_word' id='word_1_792' title='bbox 3506 3776 3568 3829; x_wconf 77' lang='lat' dir='ltr'><strong>ab</strong></span> 
     </span>
    </p>
   </div>
   <div class='ocr_carea' id='block_1_101' title="bbox 1985 3866 3570 3946">
    <p class='ocr_par' dir='ltr' id='par_1_101' title="bbox 1985 3866 3570 3946">
     <span class='ocr_line' id='line_1_101' title="bbox 1985 3866 3570 3946; baseline -0.008 -14"><span class='ocrx_word' id='word_1_793' title='bbox 1985 3877 2215 3932; x_wconf 81' lang='lat' dir='ltr'><strong>omnibus</strong></span> <span class='ocrx_word' id='word_1_794' title='bbox 2240 3873 2472 3946; x_wconf 85' lang='lat' dir='ltr'><strong>aperibus</strong></span> <span class='ocrx_word' id='word_1_795' title='bbox 2493 3872 2598 3925; x_wconf 82' lang='lat' dir='ltr'><strong>suis</strong></span> <span class='ocrx_word' id='word_1_796' title='bbox 2617 3885 2730 3940; x_wconf 71' lang='lat' dir='ltr'><strong>qua:</strong></span> <span class='ocrx_word' id='word_1_797' title='bbox 2753 3869 2870 3940; x_wconf 78' lang='lat' dir='ltr'><strong>fecit</strong></span> <span class='ocrx_word' id='word_1_798' title='bbox 2901 3867 3051 3939; x_wconf 81' lang='lat' dir='ltr'><strong>(Gen.</strong></span> <span class='ocrx_word' id='word_1_799' title='bbox 3085 3882 3194 3932; x_wconf 86' lang='lat' dir='ltr'><strong>t-tt,</strong></span> <span class='ocrx_word' id='word_1_800' title='bbox 3231 3866 3310 3936; x_wconf 77' lang='lat'><strong>5).</strong></span> <span class='ocrx_word' id='word_1_801' title='bbox 3337 3866 3570 3934; x_wconf 75' lang='lat' dir='ltr'><strong>Requie-</strong></span> 
     </span>
    </p>
   </div>
   <div class='ocr_carea' id='block_1_102' title="bbox 1987 3955 3571 4030">
    <p class='ocr_par' dir='ltr' id='par_1_102' title="bbox 1987 3955 3571 4030">
     <span class='ocr_line' id='line_1_102' title="bbox 1987 3955 3571 4030; baseline -0.009 -7"><span class='ocrx_word' id='word_1_802' title='bbox 1987 3983 2138 4023; x_wconf 87' lang='lat' dir='ltr'><strong>scere</strong></span> <span class='ocrx_word' id='word_1_803' title='bbox 2167 3967 2247 4021; x_wconf 73' lang='lat' dir='ltr'><strong>ris</strong></span> <span class='ocrx_word' id='word_1_804' title='bbox 2268 3972 2323 4019; x_wconf 90' lang='lat' dir='ltr'><strong>et</strong></span> <span class='ocrx_word' id='word_1_805' title='bbox 2351 3962 2448 4018; x_wconf 78' lang='lat' dir='ltr'><strong>tu?</strong></span> <span class='ocrx_word' id='word_1_806' title='bbox 2473 3961 2579 4015; x_wconf 86' lang='lat' dir='ltr'><strong>Fac</strong></span> <span class='ocrx_word' id='word_1_807' title='bbox 2607 3961 2779 4030; x_wconf 90' lang='lat' dir='ltr'><strong>primo</strong></span> <span class='ocrx_word' id='word_1_808' title='bbox 2804 3973 2966 4028; x_wconf 81' lang='lat' dir='ltr'><strong>Opera</strong></span> <span class='ocrx_word' id='word_1_809' title='bbox 2993 3959 3128 4013; x_wconf 86' lang='lat' dir='ltr'><strong>bona</strong></span> <span class='ocrx_word' id='word_1_810' title='bbox 3159 3957 3332 4012; x_wconf 82' lang='lat' dir='ltr'><strong>valde.</strong></span> <span class='ocrx_word' id='word_1_811' title='bbox 3358 3956 3447 4010; x_wconf 88' lang='lat' dir='ltr'><strong>Sic</strong></span> <span class='ocrx_word' id='word_1_812' title='bbox 3470 3955 3571 4009; x_wconf 80' lang='lat' dir='ltr'><strong>da-</strong></span> 
     </span>
    </p>
   </div>
   <div class='ocr_carea' id='block_1_103' title="bbox 1986 4048 3570 4117">
    <p class='ocr_par' dir='ltr' id='par_1_103' title="bbox 1986 4048 3570 4117">
     <span class='ocr_line' id='line_1_103' title="bbox 1986 4048 3570 4117; baseline -0.01 0"><span class='ocrx_word' id='word_1_813' title='bbox 1986 4071 2037 4117; x_wconf 83' lang='lat' dir='ltr'><strong>ta</strong></span> <span class='ocrx_word' id='word_1_814' title='bbox 2061 4058 2354 4115; x_wconf 76' lang='lat' dir='ltr'><strong>estJuda-is</strong></span> <span class='ocrx_word' id='word_1_815' title='bbox 2375 4054 2676 4110; x_wconf 80' lang='lat' dir='ltr'><strong>observatio</strong></span> <span class='ocrx_word' id='word_1_816' title='bbox 2704 4051 2909 4106; x_wconf 85' lang='lat' dir='ltr'><strong>sabbati</strong></span> <span class='ocrx_word' id='word_1_817' title='bbox 2954 4051 3258 4116; x_wconf 88' lang='lat' dir='ltr'><strong>carnaliter,</strong></span> <span class='ocrx_word' id='word_1_818' title='bbox 3297 4048 3436 4104; x_wconf 89' lang='lat' dir='ltr'><strong>sicut</strong></span> <span class='ocrx_word' id='word_1_819' title='bbox 3461 4063 3570 4102; x_wconf 72' lang='lat' dir='ltr'><strong>cte-</strong></span> 
     </span>
    </p>
   </div>
   <div class='ocr_carea' id='block_1_104' title="bbox 1989 4141 3570 4222">
    <p class='ocr_par' dir='ltr' id='par_1_104' title="bbox 1989 4141 3570 4222">
     <span class='ocr_line' id='line_1_104' title="bbox 1989 4141 3570 4222; baseline -0.01 -13"><span class='ocrx_word' id='word_1_820' title='bbox 1989 4164 2118 4217; x_wconf 87' lang='lat' dir='ltr'><strong>tera,</strong></span> <span class='ocrx_word' id='word_1_821' title='bbox 2152 4145 2577 4222; x_wconf 77' lang='lat' dir='ltr'><strong>significantibus</strong></span> <span class='ocrx_word' id='word_1_822' title='bbox 2611 4143 2982 4200; x_wconf 87' lang='lat' dir='ltr'><strong>sacramentis.</strong></span> <span class='ocrx_word' id='word_1_823' title='bbox 3017 4141 3232 4196; x_wconf 75' lang='lat' dir='ltr'><strong>Vacatio</strong></span> <span class='ocrx_word' id='word_1_824' title='bbox 3255 4141 3396 4194; x_wconf 89' lang='lat' dir='ltr'><strong>enim</strong></span> <span class='ocrx_word' id='word_1_825' title='bbox 3420 4154 3570 4208; x_wconf 70' lang='lat' dir='ltr'><strong>qua:-</strong></span> 
     </span>
    </p>
   </div>
   <div class='ocr_carea' id='block_1_105' title="bbox 1987 4231 3569 4310">
    <p class='ocr_par' dir='ltr' id='par_1_105' title="bbox 1987 4231 3569 4310">
     <span class='ocr_line' id='line_1_105' title="bbox 1987 4231 3569 4310; baseline -0.011 -12"><span class='ocrx_word' id='word_1_826' title='bbox 1987 4243 2108 4299; x_wconf 84' lang='lat' dir='ltr'><strong>dam</strong></span> <span class='ocrx_word' id='word_1_827' title='bbox 2127 4242 2384 4310; x_wconf 87' lang='lat' dir='ltr'><strong>imperata</strong></span> <span class='ocrx_word' id='word_1_828' title='bbox 2413 4247 2529 4292; x_wconf 88' lang='lat' dir='ltr'><strong>est:</strong></span> <span class='ocrx_word' id='word_1_829' title='bbox 2558 4234 2762 4288; x_wconf 75' lang='lat' dir='ltr'><strong>vacatio</strong></span> <span class='ocrx_word' id='word_1_830' title='bbox 2788 4233 2876 4286; x_wconf 89' lang='lat' dir='ltr'><strong>illa</strong></span> <span class='ocrx_word' id='word_1_831' title='bbox 2901 4231 3040 4302; x_wconf 88' lang='lat' dir='ltr'><strong>quod</strong></span> <span class='ocrx_word' id='word_1_832' title='bbox 3067 4231 3346 4300; x_wconf 82' lang='lat' dir='ltr'><strong>signiﬁcat,</strong></span> <span class='ocrx_word' id='word_1_833' title='bbox 3374 4241 3428 4282; x_wconf 93' lang='lat' dir='ltr'><strong>tu</strong></span> <span class='ocrx_word' id='word_1_834' title='bbox 3451 4245 3569 4298; x_wconf 86' lang='lat' dir='ltr'><strong>age.</strong></span> 
     </span>
    </p>
   </div>
   <div class='ocr_carea' id='block_1_106' title="bbox 1989 4321 3572 4397">
    <p class='ocr_par' dir='ltr' id='par_1_106' title="bbox 1989 4321 3572 4397">
     <span class='ocr_line' id='line_1_106' title="bbox 1989 4321 3572 4397; baseline -0.009 -9"><span class='ocrx_word' id='word_1_835' title='bbox 1989 4332 2208 4388; x_wconf 71' lang='lat' dir='ltr'><strong>Vat&#39;atio</strong></span> <span class='ocrx_word' id='word_1_836' title='bbox 2257 4332 2400 4384; x_wconf 87' lang='lat' dir='ltr'><strong>enim</strong></span> <span class='ocrx_word' id='word_1_837' title='bbox 2457 4325 2782 4397; x_wconf 87' lang='lat' dir='ltr'><strong>spiritualis,</strong></span> <span class='ocrx_word' id='word_1_838' title='bbox 2821 4323 3175 4394; x_wconf 85' lang='lat' dir='ltr'><strong>tranquillitas</strong></span> <span class='ocrx_word' id='word_1_839' title='bbox 3227 4331 3311 4378; x_wconf 88' lang='lat' dir='ltr'><strong>est</strong></span> <span class='ocrx_word' id='word_1_840' title='bbox 3355 4321 3572 4376; x_wconf 87' lang='lat' dir='ltr'><strong>cordis:</strong></span> 
     </span>
    </p>
   </div>
   <div class='ocr_carea' id='block_1_107' title="bbox 1990 4413 3574 4495">
    <p class='ocr_par' dir='ltr' id='par_1_107' title="bbox 1990 4413 3574 4495">
     <span class='ocr_line' id='line_1_107' title="bbox 1990 4413 3574 4495; baseline -0.01 -13"><span class='ocrx_word' id='word_1_841' title='bbox 1990 4423 2342 4495; x_wconf 80' lang='lat' dir='ltr'><strong>tranquillitas</strong></span> <span class='ocrx_word' id='word_1_842' title='bbox 2369 4427 2546 4474; x_wconf 88' lang='lat' dir='ltr'><strong>autem</strong></span> <span class='ocrx_word' id='word_1_843' title='bbox 2567 4416 2742 4472; x_wconf 84' lang='lat' dir='ltr'><strong>cordis</strong></span> <span class='ocrx_word' id='word_1_844' title='bbox 2767 4415 3008 4486; x_wconf 71' lang='lat' dir='ltr'><strong>provenit</strong></span> <span class='ocrx_word' id='word_1_845' title='bbox 3027 4414 3094 4469; x_wconf 90' lang='lat' dir='ltr'><strong>de</strong></span> <span class='ocrx_word' id='word_1_846' title='bbox 3115 4413 3400 4468; x_wconf 84' lang='lat' dir='ltr'><strong>serenitate</strong></span> <span class='ocrx_word' id='word_1_847' title='bbox 3421 4413 3574 4466; x_wconf 81' lang='lat' dir='ltr'><strong>bona:</strong></span> 
     </span>
    </p>
   </div>
   <div class='ocr_carea' id='block_1_108' title="bbox 1989 4501 3574 4579">
    <p class='ocr_par' dir='ltr' id='par_1_108' title="bbox 1989 4501 3574 4579">
     <span class='ocr_line' id='line_1_108' title="bbox 1989 4501 3574 4579; baseline -0.011 -7"><span class='ocrx_word' id='word_1_848' title='bbox 1989 4511 2348 4572; x_wconf 63' lang='lat' dir='ltr'><strong>Conscientiae.</strong></span> <span class='ocrx_word' id='word_1_849' title='bbox 2377 4511 2516 4579; x_wconf 81' lang='lat' dir='ltr'><strong>Ergo</strong></span> <span class='ocrx_word' id='word_1_850' title='bbox 2570 4507 2659 4562; x_wconf 87' lang='lat' dir='ltr'><strong>ille</strong></span> <span class='ocrx_word' id='word_1_851' title='bbox 2711 4522 2836 4560; x_wconf 78' lang='lat' dir='ltr'><strong>vere</strong></span> <span class='ocrx_word' id='word_1_852' title='bbox 2872 4505 3121 4560; x_wconf 76' lang='lat' dir='ltr'><strong>observat</strong></span> <span class='ocrx_word' id='word_1_853' title='bbox 3157 4503 3457 4568; x_wconf 83' lang='lat' dir='ltr'><strong>sabbatum,</strong></span> <span class='ocrx_word' id='word_1_854' title='bbox 3484 4501 3574 4572; x_wconf 88' lang='lat' dir='ltr'><strong>qui</strong></span> 
     </span>
    </p>
   </div>
   <div class='ocr_carea' id='block_1_109' title="bbox 1992 4593 3578 4676">
    <p class='ocr_par' dir='ltr' id='par_1_109' title="bbox 1992 4593 3578 4676">
     <span class='ocr_line' id='line_1_109' title="bbox 1992 4593 3578 4676; baseline -0.01 -15"><span class='ocrx_word' id='word_1_855' title='bbox 1992 4622 2098 4662; x_wconf 90' lang='lat' dir='ltr'><strong>non</strong></span> <span class='ocrx_word' id='word_1_856' title='bbox 2127 4610 2329 4676; x_wconf 87' lang='lat' dir='ltr'><strong>peccat.</strong></span> <span class='ocrx_word' id='word_1_857' title='bbox 2352 4599 2428 4656; x_wconf 83' lang='lat' dir='ltr'><strong>Ita</strong></span> <span class='ocrx_word' id='word_1_858' title='bbox 2442 4600 2583 4655; x_wconf 90' lang='lat' dir='ltr'><strong>enim</strong></span> <span class='ocrx_word' id='word_1_859' title='bbox 2614 4597 2919 4668; x_wconf 65' lang='lat' dir='ltr'><strong>prateipitur</strong></span> <span class='ocrx_word' id='word_1_860' title='bbox 2940 4596 3063 4657; x_wconf 87' lang='lat' dir='ltr'><strong>illis,</strong></span> <span class='ocrx_word' id='word_1_861' title='bbox 3083 4595 3274 4664; x_wconf 87' lang='lat' dir='ltr'><strong>quibus</strong></span> <span class='ocrx_word' id='word_1_862' title='bbox 3289 4593 3578 4648; x_wconf 81' lang='lat' dir='ltr'><strong>observan-</strong></span> 
     </span>
    </p>
   </div>
   <div class='ocr_carea' id='block_1_110' title="bbox 1991 4685 3576 4762">
    <p class='ocr_par' dir='ltr' id='par_1_110' title="bbox 1991 4685 3576 4762">
     <span class='ocr_line' id='line_1_110' title="bbox 1991 4685 3576 4762; baseline -0.013 -8"><span class='ocrx_word' id='word_1_863' title='bbox 1991 4697 2119 4754; x_wconf 84' lang='lat' dir='ltr'><strong>dum</strong></span> <span class='ocrx_word' id='word_1_864' title='bbox 2151 4695 2429 4752; x_wconf 87' lang='lat' dir='ltr'><strong>sabbatum</strong></span> <span class='ocrx_word' id='word_1_865' title='bbox 2457 4690 2763 4762; x_wconf 60' lang='lat' dir='ltr'><strong>praecipitur</strong></span> <span class='ocrx_word' id='word_1_866' title='bbox 2787 4706 2799 4741; x_wconf 92' lang='lat'><strong>:</strong></span> <span class='ocrx_word' id='word_1_867' title='bbox 2827 4686 2989 4742; x_wconf 85' lang='lat' dir='ltr'><strong>Omne</strong></span> <span class='ocrx_word' id='word_1_868' title='bbox 3013 4703 3141 4754; x_wconf 87' lang='lat' dir='ltr'><strong>opus</strong></span> <span class='ocrx_word' id='word_1_869' title='bbox 3167 4685 3347 4740; x_wconf 76' lang='lat' dir='ltr'><strong>servile</strong></span> <span class='ocrx_word' id='word_1_870' title='bbox 3371 4699 3470 4736; x_wconf 80' lang='lat' dir='ltr'><strong>non</strong></span> <span class='ocrx_word' id='word_1_871' title='bbox 3492 4687 3576 4752; x_wconf 78' lang='lat' dir='ltr'><strong>fa-</strong></span> 
     </span>
    </p>
   </div>
   <div class='ocr_carea' id='block_1_111' title="bbox 1994 4775 3568 4859">
    <p class='ocr_par' dir='ltr' id='par_1_111' title="bbox 1994 4775 3568 4859">
     <span class='ocr_line' id='line_1_111' title="bbox 1994 4775 3568 4859; baseline -0.012 -15"><span class='ocrx_word' id='word_1_872' title='bbox 1994 4790 2133 4844; x_wconf 82' lang='lat' dir='ltr'><strong>cietis</strong></span> <span class='ocrx_word' id='word_1_873' title='bbox 2155 4786 2342 4859; x_wconf 71' lang='lat' dir='ltr'><strong>(Leuit.</strong></span> <span class='ocrx_word' id='word_1_874' title='bbox 2370 4797 2521 4846; x_wconf 68' lang='grc' dir='ltr'><strong>χχιιι,</strong></span> <span class='ocrx_word' id='word_1_875' title='bbox 2553 4783 2633 4850; x_wconf 83' lang='lat'><strong>7).</strong></span> <span class='ocrx_word' id='word_1_876' title='bbox 2668 4779 2844 4834; x_wconf 85' lang='lat' dir='ltr'><strong>Omnis</strong></span> <span class='ocrx_word' id='word_1_877' title='bbox 2891 4779 2975 4846; x_wconf 81' lang='lat' dir='ltr'><strong>qui</strong></span> <span class='ocrx_word' id='word_1_878' title='bbox 3001 4775 3123 4844; x_wconf 70' lang='lat' dir='ltr'><strong>facit</strong></span> <span class='ocrx_word' id='word_1_879' title='bbox 3144 4787 3422 4846; x_wconf 77' lang='lat' dir='ltr'><strong>peccatum.</strong></span> <span class='ocrx_word' id='word_1_880' title='bbox 3465 4789 3568 4826; x_wconf 85' lang='lat' dir='ltr'><strong>ser-</strong></span> 
     </span>
    </p>
   </div>
   <div class='ocr_carea' id='block_1_112' title="bbox 1993 4866 3577 4948">
    <p class='ocr_par' dir='ltr' id='par_1_112' title="bbox 1993 4866 3577 4948">
     <span class='ocr_line' id='line_1_112' title="bbox 1993 4866 3577 4948; baseline -0.014 -11"><span class='ocrx_word' id='word_1_881' title='bbox 1993 4898 2085 4937; x_wconf 76' lang='lat' dir='ltr'><strong>vus</strong></span> <span class='ocrx_word' id='word_1_882' title='bbox 2124 4889 2196 4934; x_wconf 85' lang='lat' dir='ltr'><strong>est</strong></span> <span class='ocrx_word' id='word_1_883' title='bbox 2226 4874 2416 4948; x_wconf 80' lang='lat' dir='ltr'><strong>peccati</strong></span> <span class='ocrx_word' id='word_1_884' title='bbox 2445 4871 2623 4944; x_wconf 79' lang='lat' dir='ltr'><strong>(Joan.</strong></span> <span class='ocrx_word' id='word_1_885' title='bbox 2659 4884 2773 4933; x_wconf 78' lang='lat' dir='ltr'><strong>vm,</strong></span> <span class='ocrx_word' id='word_1_886' title='bbox 2802 4867 2916 4938; x_wconf 71' lang='grc'><strong>54).</strong></span> <span class='ocrx_word' id='word_1_887' title='bbox 2945 4866 3290 4936; x_wconf 88' lang='lat' dir='ltr'><strong>Septenarius</strong></span> <span class='ocrx_word' id='word_1_888' title='bbox 3316 4871 3456 4934; x_wconf 83' lang='lat' dir='ltr'><strong>ergo</strong></span> <span class='ocrx_word' id='word_1_889' title='bbox 3482 4879 3577 4916; x_wconf 85' lang='lat' dir='ltr'><strong>nu-</strong></span> 
     </span>
    </p>
   </div>
   <div class='ocr_carea' id='block_1_113' title="bbox 1995 4951 3575 5029">
    <p class='ocr_par' dir='ltr' id='par_1_113' title="bbox 1995 4951 3575 5029">
     <span class='ocr_line' id='line_1_113' title="bbox 1995 4951 3575 5029; baseline -0.015 -1"><span class='ocrx_word' id='word_1_890' title='bbox 1995 4985 2174 5028; x_wconf 84' lang='lat' dir='ltr'><strong>merus</strong></span> <span class='ocrx_word' id='word_1_891' title='bbox 2201 4967 2407 5024; x_wconf 76' lang='lat' dir='ltr'><strong>dicatus</strong></span> <span class='ocrx_word' id='word_1_892' title='bbox 2432 4971 2516 5018; x_wconf 85' lang='lat' dir='ltr'><strong>est</strong></span> <span class='ocrx_word' id='word_1_893' title='bbox 2559 4959 2780 5029; x_wconf 89' lang='lat' dir='ltr'><strong>Spiritui</strong></span> <span class='ocrx_word' id='word_1_894' title='bbox 2806 4965 3014 5021; x_wconf 87' lang='lat' dir='ltr'><strong>sancto,</strong></span> <span class='ocrx_word' id='word_1_895' title='bbox 3037 4955 3175 5009; x_wconf 88' lang='lat' dir='ltr'><strong>sicut</strong></span> <span class='ocrx_word' id='word_1_896' title='bbox 3188 4954 3437 5009; x_wconf 87' lang='lat' dir='ltr'><strong>denarius</strong></span> <span class='ocrx_word' id='word_1_897' title='bbox 3451 4951 3575 5022; x_wconf 87' lang='lat' dir='ltr'><strong>legi.</strong></span> 
     </span>
    </p>
   </div>
   <div class='ocr_carea' id='block_1_114' title="bbox 1997 5043 3577 5125">
    <p class='ocr_par' dir='ltr' id='par_1_114' title="bbox 1997 5043 3577 5125">
     <span class='ocr_line' id='line_1_114' title="bbox 1997 5043 3577 5125; baseline -0.014 -5"><span class='ocrx_word' id='word_1_898' title='bbox 1997 5063 2122 5120; x_wconf 68' lang='lat' dir='ltr'><strong>llarc</strong></span> <span class='ocrx_word' id='word_1_899' title='bbox 2147 5069 2202 5116; x_wconf 91' lang='lat' dir='ltr'><strong>et</strong></span> <span class='ocrx_word' id='word_1_900' title='bbox 2223 5057 2385 5115; x_wconf 79' lang='lat' dir='ltr'><strong>Isaias</strong></span> <span class='ocrx_word' id='word_1_901' title='bbox 2412 5052 2669 5125; x_wconf 84' lang='lat' dir='ltr'><strong>propheta</strong></span> <span class='ocrx_word' id='word_1_902' title='bbox 2685 5049 2918 5106; x_wconf 84' lang='lat' dir='ltr'><strong>insinuat</strong></span> <span class='ocrx_word' id='word_1_903' title='bbox 2937 5048 3039 5102; x_wconf 89' lang='lat' dir='ltr'><strong>hoc</strong></span> <span class='ocrx_word' id='word_1_904' title='bbox 3065 5048 3117 5102; x_wconf 93' lang='lat' dir='ltr'><strong>in</strong></span> <span class='ocrx_word' id='word_1_905' title='bbox 3139 5048 3279 5113; x_wconf 87' lang='lat' dir='ltr'><strong>loco,</strong></span> <span class='ocrx_word' id='word_1_906' title='bbox 3307 5045 3397 5100; x_wconf 85' lang='lat' dir='ltr'><strong>ubi</strong></span> <span class='ocrx_word' id='word_1_907' title='bbox 3419 5043 3577 5099; x_wconf 89' lang='lat' dir='ltr'><strong>dicit:</strong></span> 
     </span>
    </p>
   </div>
   <div class='ocr_carea' id='block_1_115' title="bbox 1999 5134 3574 5221">
    <p class='ocr_par' dir='ltr' id='par_1_115' title="bbox 1999 5134 3574 5221">
     <span class='ocr_line' id='line_1_115' title="bbox 1999 5134 3574 5221; baseline -0.014 -14"><span class='ocrx_word' id='word_1_908' title='bbox 1999 5150 2236 5221; x_wconf 80' lang='lat' dir='ltr'><strong>Implebit</strong></span> <span class='ocrx_word' id='word_1_909' title='bbox 2254 5162 2366 5201; x_wconf 83' lang='lat' dir='ltr'><strong>eum</strong></span> <span class='ocrx_word' id='word_1_910' title='bbox 2391 5143 2614 5213; x_wconf 81' lang='lat' dir='ltr'><strong>Spiritus</strong></span> <span class='ocrx_word' id='word_1_911' title='bbox 2635 5140 2895 5212; x_wconf 73' lang='lat' dir='ltr'><strong>sapientia</strong></span> <span class='ocrx_word' id='word_1_912' title='bbox 2918 5149 2964 5193; x_wconf 85' lang='lat' dir='ltr'><strong>et</strong></span> <span class='ocrx_word' id='word_1_913' title='bbox 2979 5137 3257 5192; x_wconf 78' lang='lat' dir='ltr'><strong>intellectus</strong></span> <span class='ocrx_word' id='word_1_914' title='bbox 3291 5134 3574 5203; x_wconf 80' lang='lat' dir='ltr'><strong>(immera),</strong></span> 
     </span>
    </p>
   </div>
   <div class='ocr_carea' id='block_1_116' title="bbox 1999 5225 3582 5306">
    <p class='ocr_par' dir='ltr' id='par_1_116' title="bbox 1999 5225 3582 5306">
     <span class='ocr_line' id='line_1_116' title="bbox 1999 5225 3582 5306; baseline -0.013 -9"><span class='ocrx_word' id='word_1_915' title='bbox 1999 5239 2196 5297; x_wconf 81' lang='lat' dir='ltr'><strong>consilii</strong></span> <span class='ocrx_word' id='word_1_916' title='bbox 2224 5246 2269 5292; x_wconf 89' lang='lat' dir='ltr'><strong>et</strong></span> <span class='ocrx_word' id='word_1_917' title='bbox 2307 5232 2636 5306; x_wconf 76' lang='lat' dir='ltr'><strong>fortitudinis,</strong></span> <span class='ocrx_word' id='word_1_918' title='bbox 2665 5230 2885 5288; x_wconf 69' lang='lat' dir='ltr'><strong>scientia</strong></span> <span class='ocrx_word' id='word_1_919' title='bbox 2933 5238 2980 5283; x_wconf 87' lang='lat' dir='ltr'><strong>et</strong></span> <span class='ocrx_word' id='word_1_920' title='bbox 3004 5227 3226 5298; x_wconf 82' lang='lat' dir='ltr'><strong>pietatis,</strong></span> <span class='ocrx_word' id='word_1_921' title='bbox 3251 5225 3474 5294; x_wconf 82' lang='lat' dir='ltr'><strong>Spiritus</strong></span> <span class='ocrx_word' id='word_1_922' title='bbox 3515 5225 3582 5277; x_wconf 79' lang='lat' dir='ltr'><strong>ti-</strong></span> 
     </span>
    </p>
   </div>
   <div class='ocr_carea' id='block_1_117' title="bbox 2003 5315 3584 5396">
    <p class='ocr_par' dir='ltr' id='par_1_117' title="bbox 2003 5315 3584 5396">
     <span class='ocr_line' id='line_1_117' title="bbox 2003 5315 3584 5396; baseline -0.013 -9"><span class='ocrx_word' id='word_1_923' title='bbox 2003 5331 2157 5387; x_wconf 83' lang='lat' dir='ltr'><strong>utaris</strong></span> <span class='ocrx_word' id='word_1_924' title='bbox 2183 5327 2274 5381; x_wconf 87' lang='lat' dir='ltr'><strong>Dei</strong></span> <span class='ocrx_word' id='word_1_925' title='bbox 2300 5325 2450 5396; x_wconf 84' lang='lat' dir='ltr'><strong>(tsai.</strong></span> <span class='ocrx_word' id='word_1_926' title='bbox 2485 5339 2564 5390; x_wconf 81' lang='lat' dir='ltr'><strong>st,</strong></span> <span class='ocrx_word' id='word_1_927' title='bbox 2587 5322 2668 5391; x_wconf 71' lang='lat'><strong>2).</strong></span> <span class='ocrx_word' id='word_1_928' title='bbox 2686 5320 2861 5377; x_wconf 79' lang='lat' dir='ltr'><strong>Veluti</strong></span> <span class='ocrx_word' id='word_1_929' title='bbox 2899 5317 3234 5376; x_wconf 87' lang='lat' dir='ltr'><strong>descendens</strong></span> <span class='ocrx_word' id='word_1_930' title='bbox 3259 5315 3326 5371; x_wconf 85' lang='lat' dir='ltr'><strong>ad</strong></span> <span class='ocrx_word' id='word_1_931' title='bbox 3347 5329 3444 5370; x_wconf 86' lang='lat' dir='ltr'><strong>nos</strong></span> <span class='ocrx_word' id='word_1_932' title='bbox 3471 5329 3584 5385; x_wconf 75' lang='lat' dir='ltr'><strong>gra-</strong></span> 
     </span>
    </p>
   </div>
   <div class='ocr_carea' id='block_1_118' title="bbox 2008 5408 3578 5494">
    <p class='ocr_par' dir='ltr' id='par_1_118' title="bbox 2008 5408 3578 5494">
     <span class='ocr_line' id='line_1_118' title="bbox 2008 5408 3578 5494; baseline -0.011 -15"><span class='ocrx_word' id='word_1_933' title='bbox 2008 5424 2076 5480; x_wconf 87' lang='lat' dir='ltr'><strong>tia</strong></span> <span class='ocrx_word' id='word_1_934' title='bbox 2103 5417 2412 5494; x_wconf 82' lang='lat' dir='ltr'><strong>spiritualis,</strong></span> <span class='ocrx_word' id='word_1_935' title='bbox 2426 5431 2458 5472; x_wconf 88' lang='lat' dir='ltr'><strong>a</strong></span> <span class='ocrx_word' id='word_1_936' title='bbox 2473 5413 2731 5486; x_wconf 84' lang='lat' dir='ltr'><strong>sapientia</strong></span> <span class='ocrx_word' id='word_1_937' title='bbox 2749 5412 2951 5482; x_wconf 90' lang='lat' dir='ltr'><strong>incipit,</strong></span> <span class='ocrx_word' id='word_1_938' title='bbox 2970 5410 3219 5466; x_wconf 89' lang='lat' dir='ltr'><strong>terminat</strong></span> <span class='ocrx_word' id='word_1_939' title='bbox 3229 5408 3295 5462; x_wconf 86' lang='lat' dir='ltr'><strong>ad</strong></span> <span class='ocrx_word' id='word_1_940' title='bbox 3313 5408 3578 5462; x_wconf 88' lang='lat' dir='ltr'><strong>timorem.</strong></span> 
     </span>
    </p>
   </div>
   <div class='ocr_carea' id='block_1_119' title="bbox 2005 5498 3580 5572">
    <p class='ocr_par' dir='ltr' id='par_1_119' title="bbox 2005 5498 3580 5572">
     <span class='ocr_line' id='line_1_119' title="bbox 2005 5498 3580 5572; baseline -0.013 -1"><span class='ocrx_word' id='word_1_941' title='bbox 2005 5515 2114 5572; x_wconf 74' lang='lat' dir='ltr'><strong>Nos</strong></span> <span class='ocrx_word' id='word_1_942' title='bbox 2140 5521 2317 5566; x_wconf 87' lang='lat' dir='ltr'><strong>autem</strong></span> <span class='ocrx_word' id='word_1_943' title='bbox 2336 5505 2707 5570; x_wconf 86' lang='lat' dir='ltr'><strong>ascendentes,</strong></span> <span class='ocrx_word' id='word_1_944' title='bbox 2729 5504 2798 5558; x_wconf 85' lang='lat' dir='ltr'><strong>ab</strong></span> <span class='ocrx_word' id='word_1_945' title='bbox 2825 5503 2933 5558; x_wconf 87' lang='lat' dir='ltr'><strong>imo</strong></span> <span class='ocrx_word' id='word_1_946' title='bbox 2958 5501 3024 5556; x_wconf 86' lang='lat' dir='ltr'><strong>ad</strong></span> <span class='ocrx_word' id='word_1_947' title='bbox 3049 5515 3254 5555; x_wconf 86' lang='lat' dir='ltr'><strong>summa</strong></span> <span class='ocrx_word' id='word_1_948' title='bbox 3283 5498 3580 5563; x_wconf 82' lang='lat' dir='ltr'><strong>tendentes,</strong></span> 
     </span>
    </p>
   </div>
   <div class='ocr_carea' id='block_1_120' title="bbox 2009 5590 3584 5679">
    <p class='ocr_par' dir='ltr' id='par_1_120' title="bbox 2009 5590 3584 5679">
     <span class='ocr_line' id='line_1_120' title="bbox 2009 5590 3584 5679; baseline -0.013 -13"><span class='ocrx_word' id='word_1_949' title='bbox 2009 5607 2243 5679; x_wconf 77' lang='lat' dir='ltr'><strong>incipere</strong></span> <span class='ocrx_word' id='word_1_950' title='bbox 2267 5601 2523 5660; x_wconf 84' lang='lat' dir='ltr'><strong>debemus</strong></span> <span class='ocrx_word' id='word_1_951' title='bbox 2561 5613 2590 5654; x_wconf 84' lang='lat' dir='ltr'><strong>a</strong></span> <span class='ocrx_word' id='word_1_952' title='bbox 2621 5596 2834 5663; x_wconf 85' lang='lat' dir='ltr'><strong>timore,</strong></span> <span class='ocrx_word' id='word_1_953' title='bbox 2882 5604 2934 5652; x_wconf 85' lang='lat' dir='ltr'><strong>et</strong></span> <span class='ocrx_word' id='word_1_954' title='bbox 2960 5594 3242 5650; x_wconf 84' lang='lat' dir='ltr'><strong>terminare</strong></span> <span class='ocrx_word' id='word_1_955' title='bbox 3267 5590 3331 5646; x_wconf 84' lang='lat' dir='ltr'><strong>ad</strong></span> <span class='ocrx_word' id='word_1_956' title='bbox 3377 5593 3584 5661; x_wconf 66' lang='lat' dir='ltr'><strong>sapicno</strong></span> 
     </span>
    </p>
   </div>
  </div>
