3954 6196
416 360 549 419 ιιι-ι

411 483 491 528 est
513 472 665 543 panis
684 487 880 542 corpus
903 473 1052 544 ejus?
1076 484 1130 529 et
1153 473 1314 538 calix,
1342 473 1426 529 vel
1465 472 1604 543 quod
1633 471 1794 528 habet
1820 471 1957 528 calix
1979 514 1994 538 ,

408 564 676 636 quonmdo
698 573 780 620 est
805 566 1020 637 sanguis
1043 565 1196 636 ejus?
1215 565 1340 633 Ista,
1369 566 1579 633 fratres,
1604 565 1724 622 ideo
1750 564 1998 620 dicuntur

407 655 773 720 Sacramenta,
800 657 923 725 quia
953 657 1007 712 in
1037 657 1116 712 cis
1141 657 1286 712 aliud
1314 656 1542 720 videtur,
1571 656 1712 710 aliud
1745 654 1997 726 intelligi-

410 755 512 798 tur.
550 745 701 812 Quod
740 745 969 812 videtur,
1005 748 1237 818 speciem
1267 746 1423 802 habet
1459 745 1823 816 corporalem,
1854 745 1996 816 quod

409 837 738 907 intelligitur,
783 837 1012 893 fructum
1058 838 1214 894 habet
1254 838 1602 907 spiritualcm.
1631 835 1841 905 Corpus
1868 851 1997 908 ergo

405 926 604 980 Christi
635 927 678 981 si
709 927 790 982 vis
830 929 1161 999 intelligere,
1212 929 1527 998 Apostnlnm
1569 927 1690 982 audi
1731 928 1996 983 dicentem

407 1015 684 1079 lidelibtts,
725 1016 822 1072 Vos
858 1029 1027 1072 autem
1055 1019 1173 1073 estis
1209 1035 1396 1090 corpus
1437 1018 1654 1082 Christi,
1694 1028 1742 1072 et
1775 1019 1996 1074 membra

407 1106 449 1179 (l
479 1107 596 1162 Cor.
627 1125 700 1164 xu
720 1151 736 1176 ,
776 1109 844 1166 27
865 1109 908 1176 ).
935 1109 990 1166 Si
1021 1125 1150 1181 ergo
1182 1126 1278 1165 vos
1307 1110 1438 1166 estis
1465 1125 1662 1181 corpus
1702 1110 1899 1166 Christi
1937 1121 1994 1168 et

406 1201 668 1269 membra,
700 1213 1008 1273 mysterium
1039 1212 1272 1261 vestrum
1303 1203 1354 1257 in
1381 1218 1566 1258 mensa
1597 1202 1866 1258 Dominica
1895 1217 1995 1274 po-

402 1293 561 1347 situm
593 1301 672 1348 est
700 1310 714 1348 :
745 1295 1055 1364 mysterium
1087 1305 1325 1365 vestrum
1353 1295 1615 1364 accipitis.
1653 1294 1734 1350 Ad
1774 1295 1825 1350 id
1851 1295 1993 1365 quod

402 1383 552 1447 estis,
583 1383 749 1439 Amen
779 1383 1130 1452 resitondetis‘,
1157 1395 1212 1439 et
1236 1384 1609 1452 restiondeudo
1631 1385 1986 1440 subscribitis.

402 1475 571 1530 Audis
602 1476 779 1539 enim,
823 1475 1033 1548 Corpus
1061 1474 1289 1540 Christi;
1337 1486 1390 1531 et
1429 1475 1752 1544 respondes,
1797 1477 1990 1531 Amen.

400 1566 532 1622 Esto
552 1623 554 1625 ,
572 1568 869 1623 membrum
897 1569 1138 1639 corporis
1162 1568 1386 1634 Christi,
1417 1579 1471 1625 ut
1499 1585 1682 1625 rerum
1709 1570 1779 1624 sit
1800 1570 1988 1625 Amen.

400 1658 576 1726 Quare
605 1673 733 1728 ergo
775 1659 825 1712 in
873 1659 1050 1728 pane?
1080 1659 1217 1713 Nihil
1251 1659 1338 1715 hic
1379 1660 1446 1716 de
1477 1671 1660 1716 nostro
1685 1660 1989 1730 aderamus,

402 1751 571 1819 ipsum
604 1752 913 1822 Apostolum
964 1752 1253 1808 identidem
1301 1753 1615 1820 audiamus,
1645 1754 1735 1824 qui
1765 1768 1885 1808 cum
1923 1754 1992 1810 de

401 1842 504 1898 isto
530 1843 879 1899 Sacramenta
910 1845 1240 1914 loqueretur,
1287 1845 1392 1906 ait,
1429 1845 1576 1900 Unus
1613 1847 1792 1914 panis,
1831 1864 1991 1900 unum

398 1949 582 2000 corpus
607 1933 752 1987 multi
771 1950 943 1988 sumus
966 1934 1076 2006 (ιιι.
1107 1950 1163 1997 x,
1190 1936 1275 2004 l7)
1302 1953 1314 1987 :
1349 1936 1622 2005 intelligite
1645 1947 1694 1992 et
1723 1937 1987 2006 gaudete;

399 2027 595 2090 unitas,
623 2028 840 2094 veritas,
872 2026 1057 2095 pietas,
1089 2027 1340 2082 Charitas.
1378 2028 1521 2083 Unus
1550 2030 1695 2100 punis
1719 2045 1738 2085 .'
1760 2031 1881 2099 quis
1906 2041 1990 2087 est

400 2116 500 2173 istc
543 2134 678 2172 unus
723 2120 913 2188 panis?
947 2117 1118 2174 Unum
1157 2136 1340 2189 corpus
1385 2121 1548 2174 multi.
1595 2121 1828 2176 lleenlite
1866 2124 1989 2192 quia

302 2173 308 2282 ξ
371 2207 552 2276 ~-panis
579 2223 681 2260 non
723 2173 781 2261 lit
815 2209 882 2264 de
914 2226 1017 2261 uno
1063 2226 1261 2280 grano,
1308 2210 1402 2265 Sed
1431 2212 1495 2264 de
1525 2213 1726 2266 multis.
1768 2213 1990 2282 Quando

303 2273 305 2300 ἶ
396 2273 868 2364 exorcizabzunini,
913 2273 1451 2369 quasi'tnolehamini.
1481 2302 1706 2370 Quando
1735 2304 1984 2375 baptizati

395 2389 557 2451 estis,
599 2391 746 2456 quasi
790 2393 1064 2466 conspersi
1099 2393 1248 2448 estis.
1280 2393 1506 2461 Quando
1548 2393 1776 2465 Spiritus
1818 2400 1988 2455 sancti

397 2478 570 2548 ignem
593 2481 890 2550 accepistis,
913 2482 1065 2552 quasi
1085 2483 1220 2538 cocti
1241 2485 1392 2539 estis.
1413 2487 1594 2542 Estotc
1612 2486 1750 2558 quod
1775 2487 1986 2552 ridetis,

1485 2631 1755 2642 ———.—.——.—.

394 2621 1310 2674 $m4——*

803 2667 1237 2676 .——._.--—~.—.-—-.-..-.-.
1283 2669 1310 2675 .-

803 2667 920 2676 ..ρ-ο..
926 2667 1080 2676 -.ι-ω...-

915 2669 1304 2906 sia

1129 2668 1237 2676 ~-.-.
1283 2668 1767 2680 --»-—_—_—-._—.

1648 357 1707 414 s.
1747 355 2451 434 Αυοιιετιῖιιηειτιδεορι

2237 139 2422 162 Ἃ-

3573 374 3723 431 lida

2105 481 2158 527 et
2183 473 2404 544 accipite
2441 475 2584 545 quod
2609 476 2758 531 estis.
2789 477 2904 534 Hoc
2940 479 3235 550 Apostolus
3275 482 3346 537 de
3370 499 3512 553 pane
3552 486 3638 540 dia
3654 487 3719 540 it.

2105 562 2221 617 iam
2247 564 2316 618 de
2337 566 2501 621 calice
2525 567 2650 635 quid
2681 567 3126 641 intelligeremus,
3151 575 3314 628 etiam
3346 591 3450 628 non
3477 576 3717 643 dictum,

2106 657 2235 710 satis
2257 657 2504 713 ostendit.
2532 657 2681 715 Sicut
2700 662 2843 715 enim
2869 672 2927 716 ut
2946 665 3013 717 sit
3042 664 3253 733 species
3283 666 3506 723 γὶδὶιιίιιε
3533 671 3715 737 panis,

2086 746 2266 801 "multa
2303 761 2468 817 grana
2500 749 2554 803 in
2587 765 2749 804 unum
2792 765 3241 824 consperguntur,
3272 766 3525 827 tanquam
3572 760 3710 815 illud

2101 837 2224 904 ﬂat,
2255 839 2395 909 quod
2422 838 2490 894 de
2517 839 2762 896 ﬁdelibus
2797 843 2872 898 ait
2895 843 3166 914 Seriptura
3195 857 3412 909 sancta,
3447 847 3573 902 Erat
3600 852 3714 906 illis

2087 929 2271 982 animo
2299 946 2433 997 una,
2475 941 2525 985 et
2549 947 2636 986 cor
2661 949 2815 986 unum
2840 937 2894 988 in
2921 933 3081 990 Deum
3109 938 3254 1007 (Aet.
3279 955 3354 1002 tv,
3380 940 3472 1011 52)
3501 959 3514 994 :
3543 943 3622 996 sic
3649 955 3709 997 et

2098 1018 2168 1075 de
2187 1020 2329 1074 vino.
2354 1020 2591 1088 Fratres.
2618 1023 2838 1078 recolite
2862 1025 3003 1081 unde
3023 1030 3082 1082 tit
3101 1028 3302 1084 vinum.
3329 1029 3505 1086 Grana
3534 1035 3702 1091 ntulit

2101 1111 2332 1180 pendent
2371 1114 2437 1168 ad
2465 1114 2676 1171 hotrum
2697 1157 2712 1180 ,
2741 1118 2837 1174 sed
2879 1119 3051 1189 Ιὶιιιιοο⁸
3089 1137 3380 1192 granorum
3411 1124 3463 1180 in
3493 1127 3704 1184 unitate

2097 1203 2463 1260 confunditur.
2492 1207 2563 1262 lta
2592 1217 2649 1264 et
2675 1210 2934 1266 Dominus
2959 1210 3201 1268 Christus
3235 1230 3334 1270 nos
3357 1216 3700 1287 signiﬁcavit,

2099 1309 2196 1348 nos
2221 1295 2292 1350 ad?
2313 1311 2371 1351 se
2395 1299 2664 1366 pertinere
2687 1301 2875 1366 voluit,
2899 1305 3228 1375 mysterium
3239 1305 3385 1375 pacis
3404 1316 3455 1362 et
3479 1308 3700 1364 unitatis

2097 1395 2296 1440 nostra:
2323 1388 2376 1442 in
2406 1403 2500 1444 sua
2536 1405 2718 1446 mensa
2745 1395 3098 1450 numeravit.
3143 1396 3248 1465 Qui
3269 1399 3464 1468 accipit
3489 1410 3698 1471 myste-

2080 1481 2233 1536 rium
2265 1483 2513 1548 unitatis,
2545 1492 2602 1538 et
2640 1499 2748 1539 non
2777 1495 2921 1542 tenet
2948 1488 3215 1543 vinculum
3244 1491 3414 1558 pacis,
3441 1507 3549 1546 non
3577 1508 3698 1565 my-

2087 1572 2318 1626 sterium
2345 1574 2540 1643 accipit
2583 1589 2680 1645 pro
2720 1591 2809 1638 se.
2855 1577 2951 1632 sed
2995 1579 3355 1634 testimonium
3395 1593 3582 1636 contra
3611 1599 3698 1640 se.

2095 1661 2352 1717 Conversi
2380 1663 2454 1718 ad
2477 1665 2762 1722 Βοιιιὶιιιιιιι
2788 1667 2956 1724 Deum
2984 1669 3196 1724 Patrem
3223 1673 3656 1741 omnipotentem
3678 1715 3696 1741 ,

2094 1769 2228 1824 puro
2251 1746 2412 1811 corde
2441 1757 2512 1821 ei,
2540 1769 2797 1829 quantum
2824 1769 3000 1831 potest
3023 1762 3255 1832 parvitas
3281 1775 3486 1827 nostra,
3522 1768 3702 1822 maxi-

2094 1860 2209 1900 tnas
2229 1856 2387 1917 atque
2405 1864 2558 1908 veras
2577 1851 2776 1920 gratias
2797 1866 3019 1922 agamus
3036 1869 3052 1914 ;
3073 1863 3351 1923 precantes
3375 1865 3491 1910 toto
3507 1859 3698 1914 animo

2093 1937 2412 2007 singularem
2442 1943 2901 1998 tmnsuetudincm
2928 1944 3064 2014 ejus,
3095 1955 3150 2000 ut
3171 1963 3358 2014 preces
3393 1959 3608 2003 nostras
3641 1951 3695 2006 in

2094 2028 2425 2100 beneplacito
2450 2047 2549 2086 suo
2576 2036 2828 2091 exaudire
2867 2036 3146 2107 dignetur;
3177 2039 3452 2097 inimicum
3477 2059 3696 2114 ιιιωψιε

2089 2136 2122 2174 a
2145 2123 2341 2176 nostris
2357 2123 2564 2178 actibus
2587 2137 2640 2180 et
2665 2128 3075 2198 cogitationibus
3098 2147 3193 2185 sua
3217 2133 3416 2188 Virtute
3432 2136 3691 2202 capellat,

2092 2214 2246 2269 nobis
2290 2217 2606 2287 multiplicet
2651 2219 2850 2286 (idem,
2905 2233 3137 2278 mentem
3187 2223 3484 2294 gubernet,
3531 2230 3696 2297 spiri-

2093 2307 2264 2362 tualcs
2313 2309 2664 2378 cogitationes
2710 2313 3006 2380 concedat,
3072 2323 3130 2370 et
3181 2316 3248 2370 ad
3301 2318 3690 2377 beatitudinem

2091 2411 2244 2451 suam
2288 2398 2584 2469 perducat:
2632 2417 2726 2472 per
2765 2402 2947 2460 Jesum
2990 2405 3262 2463 Christum
3309 2408 3504 2465 Filium
3547 2411 3690 2482 ejus.

2092 2492 2288 2548 Anton.

3166 2648 3438 2660 ID“
3464 2650 3636 2661 .—'———.

3166 2654 3686 2701 ᾗ

1310 2671 3553 2952 unﬁnﬂw

1383 3003 2148 3091 HIPPONENSIS
2183 3009 2717 3098 EPISCOPI
2771 3043 2776 3060 ί

1313 3188 2737 3356 SERMONES

1410 3473 1670 3584 AD
1709 3473 2626 3589 POPULUM.

1893 3670 2250 3714 θωπί-εκ-

987 3812 1596 3922 CLASSIS
1668 3812 1894 3919 III.
1999 3814 2215 3921 DE
2290 3815 3016 3933 SANCTIS.

803 4021 1030 4080 SERMO
1068 4021 1366 4078 CCLXXI"
1393 4027 1411 4046 ⁹
1445 4020 1547 4089 (α).

376 4142 424 4187 tn
447 4133 592 4188 Natali
614 4145 872 4201 martyrtun
906 4135 1149 4201 Fructuosi
1173 4135 1386 4201 episcopi
1403 4168 1419 4194 ,
1459 4133 1653 4197 Augurii
1691 4139 1744 4184 et
1779 4132 1962 4198 Eulogii

955 4195 1262 4248 diaeouoruut
1286 4195 1373 4262 (ὁ).

442 4320 669 4378 CAPUT
705 4320 986 4378 PRIMUM.
1020 4350 1087 4361 —-
1119 4323 1168 4375 i.
1199 4319 1341 4374 Mors
1363 4321 1550 4374 animat
1575 4319 1828 4384 timenda,
1856 4337 1958 4376 non

369 4411 618 4478 corporis.
666 4409 803 4464 Deus
827 4412 1012 4465 anima:
1041 4412 1159 4464 vita.
1208 4411 1462 4465 Dominus
1497 4411 1656 4466 .Iesus
1698 4420 1959 4479 martyres

371 4514 499 4554 suos
544 4517 647 4554 non
689 4501 857 4553 solum
899 4502 1145 4554 instruxit
1177 4513 1474 4570 pra-cepto,
1507 4500 1600 4556 sed
1630 4509 1684 4556 ct
1730 4502 1986 4584 ﬁrmavit.

369 4592 635 4661 exemplo.
668 4591 734 4648 Ut
765 4593 908 4647 enim
954 4593 1093 4662 quod
1142 4602 1494 4660 Sequerentur
1531 4593 1794 4648 haberent
1839 4609 1960 4663 pas-

369 4680 512 4746 suri,
547 4682 692 4750 prior
738 4679 825 4756 ille
869 4696 1054 4751 passas
1098 4690 1180 4736 est
1222 4697 1316 4751 pro
1345 4682 1423 4736 eis
1451 4699 1464 4735 :
1493 4682 1596 4737 iter
1623 4685 1876 4746 ostendit,
1904 4694 1958 4741 et

369 4765 507 4829 \iam
551 4772 694 4829 fecit.
726 4773 866 4829 Mors
894 4783 984 4828 aut
1017 4776 1211 4828 animat
1248 4783 1364 4841 est,
1410 4785 1503 4829 aut
1543 4777 1801 4847 corporis.
1849 4777 1954 4833 Sed

367 4867 541 4922 anima
581 4883 686 4922 non
737 4876 910 4936 potest
958 4868 1124 4932 mori,
1157 4875 1211 4924 et
1251 4877 1421 4937 potest
1457 4869 1588 4924 muri
1631 4887 1643 4922 :
1684 4870 1816 4924 muri
1851 4887 1954 4926 non

369 4966 570 5028 potest,
592 4959 714 5028 quia
743 4973 930 5013 sensus
961 4958 1078 5026 ejus
1117 4973 1385 5029 nunquatn
1419 4960 1590 5029 perit;
1615 4960 1750 5014 mori
1775 4971 1952 5016 autent

370 5065 564 5126 potest,
595 5056 640 5112 si
683 5057 850 5113 Deum
897 5055 1090 5128 perdit.
1139 5055 1288 5111 Sicut
1320 5055 1462 5112 enim
1507 5064 1592 5111 est
1633 5056 1752 5128 ipsa
1776 5058 1952 5114 anima

431 5215 446 5231 ⁶
469 5214 734 5274 αιςιιςειιιε
753 5213 814 5264 ad
840 5213 872 5261 r.
895 5225 938 5262 r.
963 5226 1057 5263 rm.
1082 5226 1132 5261 ν.
1169 5220 1222 5264 et
1255 5213 1316 5263 ad
1346 5220 1456 5264 Lor.

448 5273 1255 5350 ﬁlim““09“‘95‘310'2m

447 5334 496 5399 ο)
529 5334 786 5386 ιἰιιττιοοιιθ
815 5338 864 5399 tn
887 5336 1129 5399 HiSpania,
1163 5343 1385 5399 tempore
1401 5336 1602 5394 Galieni,
1627 5334 1877 5399 multane
1901 5345 1953 5388 et

367 5397 507 5448 misso
536 5404 665 5448 Coos.
703 5398 827 5460 passi
859 5397 992 5455 sunt,
1025 5397 1109 5460 die
1133 5398 1366 5460 vigesima
1409 5399 1560 5460 prima
1577 5399 1800 5460 januarii,
1830 5398 1950 5449 feria

361 5468 555 5522 quarta.
573 5465 622 5508 tu
645 5457 767 5522 hanc
783 5462 987 5522 januart
1018 5457 1149 5522 diem
1179 5457 1463 5522 rigesimain
1489 5457 1688 5522 primam
1712 5460 1952 5522 praedictis

361 5519 640 5592 ornantibus
664 5519 838 5593 incidit
873 5527 1041 5596 quarta
1080 5519 1592 5596 [(ιῇιὲίξιιιιοηειιιξιξιὶ
1611 5519 1951 5596 ducentesimo

360 5582 1951 5706 tanaaaea‘s‘mmt:ingesta:usus.an
1981 5667 1993 5681 .

364 5657 610 5708 martyrum
623 5657 858 5702 responsa
873 5657 984 5705 quae
998 5657 1074 5692 me
1088 5657 1246 5694 retert
1268 5657 1575 5717 augusunps,
1586 5657 1752 5754 rlepen
1759 5657 1812 5694 es
1812 5657 1944 5756 lalium

363 5705 548 5805 igneum
585 5708 636 5750 et
674 5699 962 5751 Botlmdum.
1001 5709 1281 5754 Sermonem
1309 5705 1437 5754 hunc
1458 5713 1573 5756 enat
1659 5717 1774 5756 erus
1911 5713 1944 5805 tt

439 5769 537 5807 ...ι

3347 3921 3383 3956 \

2071 4022 2155 4077 sui
2186 4025 2428 4092 corporis
2467 4025 2606 4092 vita;
2647 4027 2726 4082 sic
2775 4028 2920 4085 Deus
2965 4039 3048 4086 est
3089 4031 3252 4101 ipsius
3295 4038 3493 4095 anima:
3536 4042 3670 4101 vita.

2067 4111 2346 4179 Quomodo
2369 4130 2497 4185 ergo
2523 4131 2720 4186 corpus
2747 4120 2971 4178 moritur
2992 4163 3006 4188 ,
3052 4125 3268 4193 quando
3322 4128 3454 4184 illud
3497 4132 3666 4190 diuti-

2066 4203 2194 4254 serit
2221 4203 2418 4267 anima,
2466 4204 2518 4259 id
2560 4216 2644 4263 est
2677 4208 2780 4262 vita
2830 4210 3028 4279 ipsius;
3061 4211 3139 4268 sic
3167 4216 3344 4270 anima
3393 4222 3624 4278 moritur
3647 4267 3665 4292 ,

2065 4295 2279 4363 quando
2308 4296 2451 4351 illam
2479 4297 2742 4355 dimiserit
2775 4300 2932 4357 Deus.
2974 4302 3044 4358 Ut
3083 4318 3261 4361 autem
3293 4311 3529 4367 animam
3556 4330 3665 4370 non

2065 4387 2296 4444 dimittat
2324 4390 2483 4459 Dens,
2515 4392 2586 4448 sit
2613 4409 2827 4464 semper
2855 4395 2905 4448 in
2936 4396 3059 4462 lide,
3086 4407 3145 4453 ut
3169 4415 3275 4456 non
3307 4403 3492 4459 timeat
3519 4423 3665 4463 tuor-

2067 4488 2173 4534 tem
2207 4495 2303 4547 pro
2329 4481 2470 4547 Deo;
2508 4491 2563 4537 et
2591 4499 2694 4538 non
2731 4486 2955 4541 moritur
2991 4487 3210 4546 dimissa
3235 4507 3264 4545 ιι
3294 4493 3426 4548 Deo.
3469 4495 3662 4553 Restat

2063 4584 2191 4640 ergo
2225 4581 2282 4625 ut
2335 4587 2480 4627 mors
2516 4589 2634 4643 quae
2679 4575 2927 4641 timetur,
2968 4582 3182 4649 corpori
3236 4584 3507 4642 timeatur.
3550 4588 3657 4644 Sed

2011 4670 2030 4693 ε
2063 4659 2223 4715 etiam
2264 4661 2386 4716 inde
2418 4663 2672 4719 Dominus
2697 4665 2943 4724 tlhristus
2964 4684 3183 4725 securos
3221 4683 3487 4746 martyres
3531 4695 3657 4736 suos

2060 4749 2205 4805 fecit.
2249 4751 2527 4819 Quomodo
2576 4755 2718 4810 enim
2769 4756 2959 4814 incerti
3005 4771 3187 4817 essent
3237 4765 3307 4818 de
3349 4753 3656 4838 integritan

2063 4841 2446 4906 membrorum,
2477 4844 2564 4912 qui
2605 4847 2943 4902 securitatem
2987 4864 3304 4921 acceperant
3333 4856 3402 4910 de
3433 4875 3656 4915 numero

2061 4932 2370 5002 capillorum
2387 4935 2411 4987 ?
2436 4932 2643 5004 Capilli,
2660 4936 2846 5006 inquit,
2860 4940 3012 4993 vestri
3035 4945 3283 4996 numerati
3302 4948 3650 5021 stimulatur.

2061 5039 2114 5083 χ,
2139 5025 2228 5086 50,
2257 5035 2304 5080 et
2320 5025 2444 5080 Luc.
2470 5043 2598 5089 χχιι,
2621 5027 2698 5098 7).
2731 5030 2851 5084 Alio
2877 5040 3055 5088 autem
3083 5034 3200 5088 loco
3229 5039 3471 5104 apertius
3490 5041 3650 5098 dicit:

2058 5112 2190 5168 Dico
2219 5115 2352 5168 enim
2383 5117 2516 5170 vobis
2533 5159 2547 5180 ,
2569 5118 2688 5184 quia
2712 5119 2930 5191 capillus
2953 5124 3136 5192 capitis
3167 5129 3316 5181 vestri
3343 5145 3445 5183 non
3471 5134 3656 5200 peribit

2059 5203 2210 5276 (Luc.
2240 5222 2354 5270 χιιι,
2380 5207 2491 5281 l8).
2523 5208 2656 5263 Dicit
2682 5207 2920 5281 Veritas,
2951 5216 3177 5284 trepidat
3203 5218 3528 5278 inﬁrmitas?

2129 5295 2356 5352 CAPUT
2381 5297 2445 5352 ll.
2470 5329 2541 5340 ——
2567 5299 2622 5354 2.
2644 5299 3000 5360 Soleumitatcs
3019 5318 3299 5381 martyrum
3325 5313 3397 5366 ad
3411 5317 3654 5370 exhorta-

2058 5387 2241 5442 tionem
2266 5388 2514 5457 ﬁdelium.
2536 5390 2597 5446 S.
2627 5391 2901 5449 Fructuosi
2926 5413 3242 5466 responsum.
3273 5402 3425 5460 Beati
3451 5409 3654 5474 sancti,

2057 5477 2109 5533 in
2137 5495 2365 5550 quorum
2402 5483 2675 5538 memoriis
2708 5485 3047 5543 celebramus
3070 5490 3210 5546 diem
3239 5497 3507 5563 passionis
3530 5497 3655 5554 illo-

2057 5589 2175 5629 rum
2207 5592 2222 5629 :
2253 5575 2327 5631 illi
2361 5588 2684 5646 acceperunt
2733 5595 2830 5650 pro
2874 5586 3152 5653 temporali
3190 5587 3362 5643 salute
3389 5599 3651 5648 ater-nant

2054 5681 2329 5735 coronam,
2361 5669 2476 5726 sine
2505 5669 2609 5727 line
2633 5671 3120 5743 immortalitatem;
3147 5678 3302 5736 nobis
3326 5681 3654 5740 dimiserunt

2055 5759 2107 5815 in
2132 5760 2246 5817 istis
2273 5762 2700 5820 solemnitatibus
2743 5767 3189 5827 exhortationem.
3232 5772 3462 5842 Quando
3484 5777 3614 5834 audi
3635 5807 3650 5815 -
