3954 6196
288 338 415 394 1239

287 465 407 504 mus
453 447 722 520 quomodo
770 446 910 518 passi
969 453 1095 500 sunt
1137 451 1430 514 martyres,
1481 438 1774 512 gaudemus
1817 448 1875 493 et

285 541 644 612 gloriﬁcamus
670 542 722 595 in
753 540 857 594 illis
887 538 1054 595 Deum
1079 556 1093 592 :
1128 550 1226 592 nec
1251 533 1498 589 dolemus
1521 531 1644 602 quia
1675 529 1872 584 mortui

287 645 428 691 sunt.
454 633 662 689 Etenim
693 634 737 687 si
765 631 957 688 mortui
987 645 1082 700 pro
1110 628 1323 684 Christo
1349 642 1456 681 non
1485 632 1684 686 essent.
1715 637 1873 676 num-

286 725 411 797 quid
453 740 620 795 usque
648 722 808 779 hodie
840 720 1116 777 viverent?
1152 719 1329 788 Quare
1363 731 1467 772 non
1503 717 1700 770 faceret
1740 727 1870 768 con-

289 817 448 872 fessio
471 856 487 881 ,
535 815 675 886 quod
717 813 918 868 factura
961 812 1134 867 fuerat
1169 808 1466 882 aegritudo?
1493 806 1728 862 Audistis
1753 819 1875 877 per-

285 909 619 980 sequentium
679 904 1162 974 interrogationes,
1215 899 1438 956 audistis
1504 895 1874 952 conﬁtentium

289 998 662 1068 responsiones
681 1037 694 1060 ,
737 1010 858 1050 cum
881 1002 1188 1048 sanctorum
1215 990 1392 1061 passio
1415 989 1701 1057 legeretur.
1733 985 1875 1039 Inter

286 1101 517 1153 caetera,
575 1087 731 1158 quale
771 1094 886 1140 crat
923 1082 1054 1139 illud
1100 1083 1237 1137 beati
1279 1078 1557 1134 Fructuosi
1601 1075 1875 1145 episcopi?

286 1181 419 1236 Cum
447 1181 493 1235 ei
521 1179 724 1234 diceret
751 1176 965 1248 quidam
987 1216 1001 1241 ,
1028 1185 1082 1230 et
1109 1181 1313 1244 peteret
1340 1181 1396 1226 ut
1436 1185 1557 1224 eum
1598 1167 1649 1222 itt
1696 1174 1875 1221 mente

287 1274 542 1337 haberet,
583 1280 640 1326 et
666 1277 845 1324 oraret
875 1285 970 1338 pro
998 1267 1113 1332 illo,
1145 1264 1420 1334 respondit
1449 1280 1464 1316 :
1495 1260 1581 1314 Ife
1606 1275 1752 1313 orare
1781 1273 1872 1311 ne-

287 1380 424 1418 cesse
456 1372 528 1417 est
568 1379 660 1434 pro
703 1359 928 1414 Ecclesia
965 1357 1218 1411 catholica
1241 1396 1256 1418 ,
1282 1353 1344 1407 ab
1390 1353 1580 1406 oriente
1619 1366 1776 1417 usque
1807 1347 1876 1400 ad

288 1457 594 1508 occidentem
639 1451 847 1518 diffusa.
889 1449 1020 1517 Quis
1045 1447 1188 1503 enim
1215 1455 1329 1499 orat
1358 1459 1454 1513 pro
1478 1442 1736 1512 singulis?
1771 1439 1874 1495 Sed

292 1547 560 1602 neminem
583 1545 908 1614 singulorum
933 1540 1186 1612 praeterit,
1217 1538 1304 1608 qui
1333 1545 1448 1590 orat
1476 1551 1572 1605 pro
1593 1532 1872 1588 universis.

292 1638 458 1692 Abeo
487 1636 686 1691 nullum
719 1635 1014 1689 membrum
1054 1629 1502 1701 prartermittitur,
1539 1624 1693 1694 cujus
1707 1623 1878 1677 oratio

293 1748 388 1803 pro
431 1740 542 1785 toto
579 1743 804 1798 corpore
839 1725 1095 1781 funditur.
1137 1723 1274 1792 Quid
1320 1736 1449 1791 ergo
1484 1719 1636 1774 vobis
1672 1717 1879 1772 videtur

291 1821 634 1879 admonuisse
660 1820 819 1873 istum
840 1859 857 1884 ,
883 1831 912 1870 a
939 1830 1045 1886 quo
1075 1813 1358 1884 rogabatur
1377 1821 1431 1866 ut
1451 1818 1632 1866 oraret
1661 1823 1757 1878 pro
1775 1806 1878 1860 eo?

290 1914 416 1986 quid
444 1911 676 1984 putatis?
698 1909 826 1964 Sine
859 1907 1021 1962 dubio
1040 1904 1354 1973 intelligitis.
1373 1896 1876 1955 Commemoramini

291 2025 322 2062 a
347 2006 517 2061 nobis.
551 2002 787 2073 Rogahat
827 2000 914 2054 ille
953 2008 1010 2052 ut
1050 2005 1230 2051 oraret
1273 2009 1368 2066 pro
1408 1994 1516 2047 illo.
1550 1991 1614 2045 Et
1641 2007 1752 2062 ego,
1792 1990 1875 2043 in-

291 2098 424 2169 quit,
456 2112 545 2150 oro
583 2109 674 2163 pre
716 2088 941 2144 Ecclesia
974 2085 1251 2149 catholica,
1289 2085 1351 2138 ab
1385 2086 1574 2138 oriente
1610 2095 1765 2151 usque
1809 2078 1877 2132 ad

291 2190 596 2244 occidentem
641 2183 849 2252 diffusa.
893 2181 976 2236 Tu
1020 2180 1064 2235 si
1105 2179 1186 2234 vis
1224 2188 1282 2232 ut
1315 2192 1410 2248 pro
1452 2187 1501 2231 te
1534 2190 1682 2231 orem
1707 2215 1723 2240 ,
1769 2171 1876 2228 noli

291 2281 546 2337 recedere
571 2281 639 2334 a'o
666 2277 778 2343 illa,
807 2291 902 2346 pro
928 2289 1030 2344 qua
1056 2287 1171 2326 oro.

361 2369 589 2426 CAPUT
640 2367 723 2422 Ill.
765 2395 820 2407 -
887 2365 942 2419 '5.
1003 2364 1315 2432 Responsum
1384 2357 1596 2428 Eulogii
1653 2356 1874 2411 diaconi.

294 2463 547 2534 Martyres
574 2457 878 2520 honorandi,
910 2456 1043 2509 Deus
1065 2453 1318 2508 colendus.
1347 2447 1566 2504 Mortuis
1594 2448 1880 2502 hominibus

291 2554 458 2608 cultus
483 2567 514 2604 a
542 2549 767 2621 Paganis
795 2549 1070 2617 impensus.
1099 2543 1266 2611 Quale
1292 2550 1374 2596 est
1399 2541 1558 2595 etiam
1600 2538 1726 2593 illud
1757 2552 1881 2591 san-

291 2645 366 2700 cti
411 2641 642 2704 diaconi,
677 2637 767 2710 qui
805 2651 927 2692 cum
963 2636 1216 2705 episcopo
1255 2648 1354 2686 suo
1393 2643 1583 2700 passus
1625 2637 1680 2683 et
1719 2643 1877 2683 cet-oa-

293 2745 450 2791 status
479 2731 600 2789 est?
620 2731 709 2785 Ait
735 2729 810 2783 illi
829 2727 986 2798 judex
1015 2745 1026 2780 :
1057 2724 1320 2794 Numquid
1357 2732 1402 2776 et
1441 2731 1496 2775 tu
1535 2719 1878 2774 Fructuosum

294 2827 458 2882 colis?
486 2823 554 2879 Et
578 2822 668 2876 ille
707 2839 722 2874 :
765 2818 875 2890 Ego
909 2833 1008 2871 non
1043 2815 1155 2869 colo
1196 2813 1552 2878 Fructuosum,
1583 2811 1671 2864 sed
1718 2810 1879 2864 Deum

295 2916 428 2978 colo.
456 2931 600 2986 quem
634 2913 754 2968 colit
788 2920 832 2965 et
868 2907 1199 2964 Fructuosus.
1234 2905 1351 2972 Quo
1380 2903 1539 2957 modo
1569 2916 1666 2955 nos
1694 2901 1878 2956 admo-

297 3010 412 3065 nuit
438 3049 451 3070 ,
504 3017 563 3060 ut
607 3013 872 3074 martyres
920 2999 1245 3052 honoremus
1267 3037 1281 3060 ,
1311 3003 1368 3050 et
1404 3008 1525 3049 cum
1555 2991 1880 3063 martyribus

301 3100 465 3154 Deum
522 3096 777 3150 colamus.
827 3090 1008 3160 Neque
1055 3088 1196 3142 enim
1239 3086 1375 3141 tales
1415 3099 1540 3140 esse
1591 3082 1876 3146 debemus,

293 3189 483 3259 quales
513 3185 752 3254 Paganos
779 3181 1040 3234 dolemus.
1081 3177 1146 3234 Et
1175 3174 1390 3246 quidem
1415 3174 1491 3228 illi
1517 3184 1756 3228 mortuos
1785 3173 1880 3226 bo-

297 3279 473 3332 mincs
496 3276 697 3329 colunt.
729 3272 808 3326 Illi
836 3270 1030 3340 quippe
1057 3281 1265 3333 omnes,
1289 3282 1512 3337 quorum
1543 3266 1755 3320 nomina
1779 3280 1873 3320 au-

293 3371 444 3431 ditis,
465 3367 657 3438 quibus
675 3363 864 3433 templa
881 3369 1180 3416 constructa
1199 3369 1342 3423 sunt,
1366 3359 1608 3413 homines
1628 3357 1877 3424 fuerunt;

296 3470 349 3517 et
397 3461 451 3514 in
500 3459 659 3513 rebus
707 3453 951 3510 humanis
996 3451 1296 3506 habuerunt
1336 3449 1578 3521 plerique
1615 3464 1802 3504 eorum
1827 3458 1880 3503 et

299 3567 436 3623 pene
462 3564 650 3604 omnes
691 3546 888 3616 regiam
929 3551 1264 3613 potestatem.
1297 3539 1508 3594 Auditis
1531 3538 1714 3593 Jovem
1740 3579 1755 3604 ,
1783 3553 1877 3591 au-

301 3644 425 3697 ditis
461 3638 762 3701 Herculem,
793 3633 988 3690 auditis
1013 3631 1336 3701 Neptunum,
1359 3629 1552 3682 auditis
1579 3627 1880 3692 Plutonem,

301 3733 640 3795 Mercurium,
671 3728 921 3783 Liberum
963 3733 1017 3779 et
1054 3731 1279 3776 czeteros
1321 3736 1335 3773 :
1376 3718 1620 3773 homines
1649 3717 1880 3773 fuerunt.

301 3824 416 3880 Non
460 3823 560 3878 ista
613 3819 786 3875 solum
833 3817 886 3871 in
933 3813 1124 3869 fabulis
1166 3820 1465 3883 poetarum,
1513 3808 1609 3866 sed
1637 3810 1883 3866 etiamin

302 3917 520 3973 historia
537 3912 774 3986 gentium
795 3908 1156 3965 declarantur.
1171 3904 1271 3974 Qui
1293 3905 1553 3974 legerunt,
1573 3914 1833 3959 noverunt
1865 3920 1879 3956 :

301 4009 391 4079 qui
423 4022 528 4062 non
560 4005 833 4075 legerunt,
864 3998 1086 4058 credant
1112 3998 1190 4052 eis
1215 3995 1306 4067 qui
1334 3996 1594 4066 legerunt.
1636 3995 1712 4050 llli
1756 4011 1885 4066 ergo

305 4099 549 4156 homines
595 4092 868 4150 beneﬁciis
907 4088 1220 4160 quibusdam
1267 4086 1646 4157 temporalibus
1669 4101 1757 4141 res
1783 4086 1884 4140 lm-

304 4205 490 4247 manas
533 4187 633 4242 sibi
671 4182 1088 4242 conciliaverunt
1120 4188 1175 4234 ct
1214 4178 1282 4233 ab
1322 4177 1620 4231 hominibus
1660 4176 1808 4230 vanis
1833 4185 1886 4231 et

305 4296 437 4336 vana
467 4276 790 4334 sectantibus
817 4273 888 4328 ita
913 4270 1018 4326 coli
1046 4276 1341 4339 ceperunt,
1367 4275 1424 4320 ut
1446 4265 1518 4321 dii
1543 4275 1882 4335 vocarentur,

303 4371 378 4428 dii
423 4369 775 4432 haberentur;
807 4373 1056 4433 tanquam
1083 4360 1186 4415 diis
1216 4358 1412 4428 templa
1447 4355 1858 4423 :ediﬁcarentur,

303 4473 554 4532 tanquam
596 4457 698 4512 diis
733 4455 1143 4524 supplicaretur,
1175 4458 1422 4520 tanquam
1465 4447 1570 4503 diis
1609 4463 1719 4502 ara:
1757 4462 1887 4503 con-

301 4556 657 4612 struerentur,
705 4555 954 4615 tanquam
1001 4541 1104 4597 diis
1145 4539 1448 4595 sacerdotes
1487 4537 1884 4606 ordinarentur,

304 4654 555 4714 tanquam
586 4639 687 4696 diis
717 4639 943 4693 victima
973 4634 1390 4690 immolarentur.
1695 4691 1702 4696 _

376 4731 602 4788 CAPUT
631 4729 719 4786 IV.
741 4758 808 4768 —
829 4728 882 4782 4.
906 4724 1172 4795 Templum
1208 4732 1254 4776 et
1291 4721 1600 4790 sacriﬁcium
1642 4723 1731 4777 uni
1772 4737 1888 4778 sero

303 4824 416 4880 Deo
442 4824 680 4878 debitum.
711 4817 990 4887 Templum
1019 4822 1198 4868 autem
1238 4811 1384 4867 solus
1423 4812 1565 4868 Deus
1607 4828 1762 4868 verus
1792 4812 1891 4868 ha-

305 4918 434 4971 bere
471 4914 630 4968 debet
650 4953 666 4976 ,
696 4909 1011 4967 sacriﬁcium
1057 4905 1156 4962 soli
1189 4905 1300 4960 Deo
1338 4920 1466 4958 vero
1494 4903 1671 4960 offerri
1707 4905 1885 4962 debet.

303 5007 409 5063 Ista
439 5021 567 5076 ergo
592 5019 710 5075 quae
739 5001 998 5056 debentur
1036 4998 1138 5053 rite
1166 5005 1221 5052 et
1248 4996 1454 5066 integre
1484 4997 1570 5050 uni
1601 5013 1727 5053 vero
1757 4998 1885 5064 Deo,

303 5097 625 5153 exhibebant
654 5093 832 5148 miseri
859 5089 1067 5160 decepti
1097 5088 1274 5144 multis
1313 5087 1455 5142 falsis
1480 5088 1602 5144 diis.
1634 5089 1766 5144 llinc
1793 5089 1890 5145 huc

305 5205 516 5247 tuanam
563 5186 830 5242 miseriam
890 5196 1172 5254 perversus
1217 5195 1369 5236 error
1429 5180 1636 5235 obsedit
1691 5199 1704 5235 :
1765 5183 1889 5237 hinc

297 5267 540 5334 omnium
574 5278 851 5349 prostratis
881 5273 1148 5330 mentibus
1185 5271 1430 5326 diabolus
1481 5273 1781 5327 incubabat.
1823 5276 1891 5329 At

305 5372 392 5424 ubi
440 5371 604 5440 gratia
655 5365 944 5423 Salvatoris
993 5372 1047 5418 et
1118 5361 1478 5416 misericordia
1532 5363 1620 5417 Dei
1675 5363 1887 5418 tandem

305 5462 540 5531 respexit
591 5461 868 5530 indignos;
920 5456 1194 5525 impletum
1248 5461 1330 5508 est
1381 5454 1518 5523 quod
1583 5455 1890 5525 prOphctice

305 5550 619 5623 prazdictum
650 5561 730 5604 est
753 5549 807 5602 itt
833 5547 1055 5603 Cantico
1075 5545 1402 5599 canticorum
1429 5564 1442 5600 :
1478 5544 1726 5618 Exsurge,
1753 5549 1892 5615 aqui-

305 5645 387 5706 lo;
403 5652 446 5695 et
466 5643 594 5705 veni,
618 5649 817 5704 auster;
842 5648 888 5690 et
912 5637 1074 5708 per/la
1095 5637 1294 5689 hortum
1315 5652 1498 5701 meum,
1516 5646 1561 5690 et
1585 5638 1742 5706 ﬂuent
1769 5655 1890 5694 aro-

309 5743 437 5787 mata
456 5730 698 5803 (Cantnv,
712 5733 729 5786 l
742 5732 817 5802 6).
837 5730 1108 5803 Tanquam
1128 5730 1323 5785 dictum
1347 5737 1448 5796 est,
1475 5727 1722 5802 Exsurge,
1739 5736 1887 5807 «qui.

328 5933 353 5959 Ι

1661 327 1893 385 δεκκο
1929 327 2252 384 CCLXXI".

3434 324 3575 382 19.50

1979 440 2050 493 lo.
2115 436 2400 509 Aquilonia
2460 437 2602 490 enint
2663 450 2784 506 pars
2835 435 3018 492 mundi
3067 436 3250 506 frigida
3301 445 3404 490 est.
3453 436 3575 494 Sub

1979 529 2198 584 diabolo
2225 539 2478 600 tanquam
2519 528 2620 582 sub
2645 527 2891 597 aquilone
2925 529 3118 582 anima:
3157 528 3451 596 (riguerunt
3473 570 3488 595 ,
3515 540 3572 586 et

1979 620 2254 676 charilatis
2294 620 2472 674 calore
2504 619 2712 688 perdito
2739 619 3068 686 gelaverunt.
3109 617 3213 673 Sed
3259 620 3388 689 quid
3413 622 3460 675 ei
3487 621 3572 676 di-

1979 710 2156 764 citur?
2181 707 2428 778 Exsurge.
2446 707 2634 780 nquito.
2664 707 2865 762 Sufficit
2889 708 3028 778 quod
3052 707 3358 774 incubuisti,
3379 710 3575 766 sufﬁcit

1978 800 2120 872 quod
2185 798 2500 870 possedisti,
2548 797 2744 852 sufﬁcit
2777 797 2916 868 quod
2962 813 3123 867 super
3164 807 3456 868 prostratos
3492 815 3576 854 rc-

1977 892 2206 948 cubuisti
2237 910 2252 944 :
2280 889 2528 961 Exsurge.
2562 888 2705 954 Veni,
2730 898 2918 954 auster,
2950 902 3138 943 ventus
3166 889 3231 944 de
3263 902 3411 959 parte
3441 889 3573 945 lucis

1966 989 2140 1050 atque
2172 979 2393 1034 fervoris
2419 995 2432 1032 :
2462 989 2505 1031 et
2533 979 2694 1048 per/fa
2725 978 2925 1031 hortum
2958 994 3119 1042 meum
3140 1016 3156 1044 ,
3182 988 3228 1031 et
3257 980 3416 1048 ﬂuent
3453 996 3573 1034 aro-

1982 1083 2140 1126 mata.
2172 1071 2273 1126 Ista
2303 1070 2461 1140 paulo
2489 1079 2610 1123 :mte
2635 1078 2871 1122 aromata
2903 1069 3234 1138 legebantur.

2047 1162 2274 1218 CAPUT
2309 1162 2368 1216 V.
2393 1193 2460 1202 ———
2482 1162 2536 1216 5.
2563 1161 2826 1224 Arontata,
2855 1160 3018 1216 sancti
3053 1171 3099 1215 et
3131 1173 3398 1233 martyres.
3440 1163 3572 1232 Qute

1979 1263 2105 1310 sunt
2151 1255 2248 1308 ista
2297 1253 2574 1308 aromata?
2605 1251 2679 1306 De
2728 1253 2920 1322 quibus
2970 1252 3098 1307 dicit
3144 1252 3256 1323 ipsa
3302 1254 3570 1313 Dominira

1979 1361 2176 1418 sponsa
2203 1363 2217 1399 :
2247 1344 2368 1400 Post
2415 1344 2621 1398 odorem
2667 1354 3034 1415 unguentorum
3076 1357 3276 1400 tuorum
3313 1364 3572 1402 curremus

1985 1439 2152 1511 (Cant.
2171 1456 2208 1500 I,
2240 1439 2318 1508 '5).
2347 1437 2513 1508 Cujus
2537 1437 2718 1493 odoris
2744 1453 2949 1494 memor
2973 1439 3248 1506 apostolus
3271 1437 3466 1494 Paulus
3487 1438 3571 1495 di-

1980 1533 2054 1586 cit
2082 1547 2096 1585 :
2126 1531 2312 1586 Christi
2342 1531 2502 1584 bonus
2528 1529 2658 1584 odor
2679 1545 2851 1583 sumus
2876 1529 2928 1582 in
2955 1529 3092 1582 omni
3131 1528 3272 1596 loco,
3307 1539 3356 1582 et
3398 1529 3452 1584 in
3492 1530 3573 1585 his

1979 1622 2064 1691 qui
2089 1622 2216 1676 salvi
2242 1622 2389 1690 ﬁunt,
2405 1630 2452 1674 et
2475 1620 2528 1673 in
2547 1619 2628 1674 his
2640 1619 2726 1688 qui
2747 1628 2975 1688 pereunt.
2995 1619 3238 1689 Magnum
3263 1634 3574 1678 sacramen-

1981 1722 2092 1768 tum
2119 1710 2341 1768 ταινίδεί
2365 1711 2524 1765 bonus
2550 1711 2678 1765 odor
2713 1727 2886 1764 sumus
2919 1711 2972 1766 itt
3005 1711 3142 1764 omni
3180 1711 3310 1776 loco,
3341 1712 3466 1766 etin
3493 1714 3572 1767 his

1979 1810 2065 1881 qui
2091 1811 2217 1865 salvi
2245 1810 2392 1878 fiunt,
2417 1819 2464 1863 et
2484 1809 2536 1863 in
2563 1810 2641 1863 Itis
2665 1811 2750 1880 qui
2778 1819 3001 1880 pereunt.
3039 1808 3346 1874 Quibusdam
3369 1807 3569 1877 quidem

1981 1905 2108 1957 odor
2141 1905 2256 1958 uiue
2290 1906 2344 1959 in
2384 1907 2574 1972 vitam,
2617 1906 2916 1977 quibusdam
2961 1906 3086 1960 odor
3113 1906 3289 1960 mortis
3323 1903 3393 1957 ad
3437 1920 3573 1956 mor-

1975 2005 2098 2048 tum.
2125 1994 2192 2049 Et
2220 1997 2289 2049 nd
2318 1997 2426 2052 lucc
2459 1998 2796 2069 intelligenda
2823 1999 2934 2066 quis
2961 1998 3172 2052 idoneus
3213 1997 3296 2066 (ll
3343 1997 3462 2050 Cor.
3499 2012 3532 2050 tt
3553 2037 3567 2054 .

1981 2085 2208 2157 M-lﬁ)?
2247 2087 2526 2152 Quomodo
2579 2089 2750 2142 bonus
2791 2089 2924 2142 odor
2965 2089 3101 2143 alios
3141 2097 3388 2156 vegetat,
3439 2087 3572 2140 alios

1980 2179 2172 2232 necat?
2219 2179 2398 2234 Bonus
2430 2179 2598 2243 odor,
2631 2196 2734 2233 non
2765 2182 2954 2234 malus.
2995 2180 3110 2235 Non
3139 2181 3281 2234 enim
3311 2180 3384 2232 ait
3415 2196 3428 2231 :
3468 2177 3571 2232 Bo-

1980 2285 2082 2323 nus
2105 2269 2240 2324 odor
2266 2271 2438 2324 bonos
2462 2280 2705 2340 vegetat,
2732 2279 2786 2324 et
2813 2271 2986 2325 malus
3014 2271 3150 2325 odor
3190 2271 3360 2324 malos
3388 2276 3564 2322 necat.

1981 2359 2095 2414 Non
2125 2361 2198 2415 ait
2225 2379 2241 2416 :
2275 2363 2406 2416 Aliis
2430 2363 2643 2432 quidem
2687 2377 2870 2416 sumus
2911 2361 3048 2417 odor
3074 2363 3247 2417 bonus
3273 2361 3339 2415 ad
3371 2361 3530 2414 vitam
3551 2401 3568 2425 ,

1980 2451 2099 2506 aliis
2121 2451 2257 2507 odor
2278 2453 2448 2506 malus
2468 2453 2533 2507 ad
2559 2461 2804 2507 mortem.
2839 2453 2954 2508 Non
2977 2454 3078 2507 hoc
3093 2453 3168 2506 ait
3191 2471 3204 2504 :
3236 2451 3329 2506 sed
3348 2492 3362 2514 .
3384 2448 3572 2506 Christi

1981 2539 2138 2594 bonus
2167 2541 2295 2594 odor
2317 2558 2492 2595 sumus
2517 2543 2568 2596 in
2595 2543 2732 2596 omni
2755 2543 2886 2595 loco.
2921 2541 3013 2596 Va:
3043 2542 3253 2596 miseris
3271 2580 3289 2604 ,
3317 2555 3452 2610 quos
3479 2540 3572 2593 bo-

1981 2647 2082 2688 nus
2110 2634 2246 2688 odor
2269 2635 2488 2689 occidit.
2517 2634 2572 2689 Si
2601 2648 2728 2704 ergo
2756 2635 2924 2690 bonus
2954 2633 3086 2688 odor
3115 2636 3244 2688 estis
3262 2672 3276 2694 ,
3309 2647 3343 2688 o
3369 2630 3565 2693 Paule,

1981 2741 2151 2796 quare
2199 2726 2299 2780 iste
2340 2727 2476 2781 odor
2522 2727 2653 2780 alios
2698 2726 2924 2788 occidit,
2963 2725 3098 2779 alios
3142 2723 3392 2793 vegetat?
3419 2719 3570 2790 Quod

1981 2815 2118 2872 alios
2163 2796 2402 2884 vegetat,
2433 2817 2628 2882 audio,
2673 2816 2912 2886 intelligo
2945 2815 3125 2885 :quod
3169 2815 3301 2870 alios
3343 2811 3567 2875 occidit,

1979 2904 2198 2960 difﬁcile
2235 2921 2538 2977 asseqtmr:
2572 2906 2802 2961 maxime
2843 2907 2965 2977 quia
3005 2905 3218 2966 dixisti.
3250 2903 3315 2958 Et
3356 2904 3426 2956 ad
3464 2902 3574 2956 haec

1982 2998 2093 3066 quis
2134 2996 2388 3052 idoneus?
2431 2996 2546 3053 Non
2595 3005 2680 3053 est
2728 2999 2917 3051 mirum
2944 2997 3066 3067 quia
3113 3011 3217 3050 non
3247 3009 3432 3049 sumus
3453 2993 3572 3048 ido-

1979 3088 2088 3144 nei.
2123 3087 2303 3145 Faciat
2343 3103 2441 3144 nos
2496 3090 2752 3155 idoneos,
2799 3091 2953 3158 cujus
3006 3088 3142 3142 odor
3204 3095 3321 3142 erat
3357 3085 3428 3140 de
3465 3099 3573 3156 quo

1982 3179 2267 3248 loquimur.
2296 3179 2415 3236 Cito
2442 3182 2585 3236 enim
2628 3181 2755 3236 mihi
2802 3181 3091 3251 respondet
3121 3179 3410 3249 Apostolus
3437 3196 3450 3232 :
3485 3177 3569 3231 lu-

1983 3270 2180 3340 tellige,‘
2193 3268 2382 3326 Christi
2409 3273 2566 3328 bonus
2592 3273 2718 3326 odor
2739 3289 2912 3326 sumus
2939 3273 2992 3327 in
3018 3273 3156 3325 omni
3177 3272 3310 3332 loco.
3343 3282 3388 3324 et
3409 3270 3462 3322 in
3488 3269 3569 3323 his

1977 3361 2064 3430 qui
2088 3362 2212 3414 salui
2240 3362 2388 3430 ﬁunt,
2414 3371 2462 3415 et
2490 3363 2543 3416 in
2569 3361 2648 3416 his
2671 3362 2757 3430 qui
2781 3372 3009 3432 pereunt.
3035 3361 3146 3417 Nos
3181 3372 3357 3417 tamen
3397 3360 3573 3417 bonus

1979 3452 2134 3518 odor,
2179 3452 2298 3506 aliis
2333 3452 2460 3506 odor
2495 3453 2612 3507 vita
2647 3453 2715 3506 ad
2744 3455 2918 3518 vitam,
2964 3453 3079 3508 aliis
3120 3453 3245 3506 odor
3291 3452 3466 3506 mortis
3503 3452 3573 3506 ad

1983 3552 2211 3595 mortem.
2232 3542 2380 3598 Odor
2401 3543 2503 3598 iste
2522 3552 2729 3614 vegetat
2749 3542 3048 3613 diligentes,
3074 3553 3230 3598 necat
3250 3543 3567 3598 invidentes.

1983 3635 2040 3689 Si
2069 3633 2212 3690 enim
2240 3651 2347 3690 non
2379 3644 2524 3691 esset
2550 3634 2812 3690 claritudo
2857 3645 3185 3702 sanctorum,
3237 3635 3432 3690 invidia
3465 3653 3570 3691 non

1983 3736 2225 3798 surgeret
2273 3727 2575 3799 impiorum.
2624 3726 2800 3796 Cepit
2835 3728 3262 3796 persecutionem
3303 3727 3408 3795 pati
3439 3725 3574 3782 odor

1983 3829 2291 3872 sanctorum
2335 3835 2348 3870 :
2395 3818 2488 3871 sed
2530 3817 2798 3889 quomodo
2840 3817 3090 3887 ampulla:
3134 3827 3520 3886 unguentorum
3553 3859 3568 3881 ,

1983 3919 2184 3979 quanto
2212 3909 2380 3980 magis
2411 3909 2810 3980 frangebantur,
2841 3916 2988 3964 tanto
3016 3908 3244 3978 amplius
3288 3906 3424 3962 odor
3465 3907 3571 3962 dif.

1987 4004 2322 4060 fundebatur.

2056 4094 2282 4151 CAPUT
2323 4094 2408 4150 Vl.
2426 4123 2496 4134 —
2514 4093 2570 4148 ϐ.
2607 4093 2767 4148 Beata
2793 4091 2980 4164 Agnes.
3011 4090 3092 4146 Dii
3121 4089 3448 4163 Paganorum
3468 4106 3570 4144 non

1985 4185 2318 4255 comparandi
2346 4183 2675 4255 martyribus.
2711 4182 2858 4237 Beati
2888 4196 3115 4253 quorum
3143 4182 3322 4252 passio
3355 4180 3571 4236 recitata

1987 4288 2089 4332 est.
2137 4277 2297 4332 Beata
2328 4278 2505 4347 Agnes
2551 4284 2758 4343 sancta,
2800 4275 2956 4342 cujus
2995 4274 3256 4346 passionis
3285 4272 3574 4328 hodiernus

1987 4381 2070 4427 est
2094 4371 2227 4426 dies.
2268 4369 2430 4441 Virgo
2466 4384 2588 4439 qua:
2615 4368 2756 4440 quod
2789 4368 3102 4434 vocabatur,
3129 4376 3264 4422 erat.
3291 4368 3468 4436 Agnes
3494 4365 3574 4419 la-

1990 4463 2101 4517 tlne
2132 4474 2325 4530 agnam
2368 4458 2662 4530 signiﬁcat;
2690 4473 2883 4528 graece,
2911 4466 3134 4512 castam.
3164 4456 3294 4512 Erat
3315 4455 3460 4527 quod
3478 4469 3574 4508 vo-

1987 4553 2244 4607 cabatur:
2270 4551 2462 4607 merito
2489 4550 2866 4606 coronabatur.
2888 4549 3024 4618 Quid
3047 4564 3196 4620 ergo,
3226 4547 3419 4602 fratres
3444 4546 3574 4614 mei,

1987 4643 2117 4715 quid
2140 4643 2290 4699 vobis
2316 4643 2490 4700 dicam
2517 4642 2584 4699 de
2617 4641 2920 4697 hominibus
2963 4641 3070 4697 illis
3095 4656 3230 4711 quos
3254 4639 3450 4710 Pagani
3479 4653 3576 4709 pro

1988 4734 2090 4791 diis
2113 4736 2414 4799 coluerunt,
2441 4733 2635 4805 quibus
2655 4731 2872 4803 templa,
2905 4730 3224 4795 sacerdotia,
3250 4729 3455 4794 altaria,
3487 4743 3577 4784 sa-

1989 4828 2187 4885 criﬁcia
2233 4825 2629 4883 eshibuerunt?
2672 4823 2808 4892 Quid
2851 4823 3004 4877 vobis
3043 4821 3255 4877 dicam?
3297 4836 3402 4874 non
3455 4821 3578 4874 illos

1989 4934 2110 4975 esse
2150 4916 2539 4986 comparandos
2590 4914 2913 4984 martyribus
2970 4911 3205 4966 nostris?
3251 4911 3424 4965 Etiam
3475 4911 3578 4965 hoc

1991 5009 2162 5076 ipsum
2195 5006 2385 5076 injuria
2411 5013 2512 5069 est,
2530 5006 2651 5073 quia
2679 5003 2763 5058 vel
2791 5003 2932 5057 dico.
2961 5001 3416 5072 Quibuscumquc,
3447 5018 3578 5071 qua-

1991 5075 2358 5166 libuscumqne
2383 5093 2612 5148 inﬁrmis
2634 5092 2897 5159 fidelibus,
2927 5092 3052 5146 licet
3075 5091 3252 5147 adhuc
3277 5075 3577 5146 carnalibus

1991 5200 2046 5244 et
2073 5190 2206 5243 lacte
2231 5186 2462 5251 alendis,
2492 5200 2598 5240 non
2628 5185 2771 5251 cibo,
2798 5183 2938 5238 absit
2963 5193 3025 5239 ut
3061 5183 3137 5238 illi
3163 5183 3406 5253 sacrilegi
3430 5197 3579 5238 com»-

1991 5289 2262 5352 parentur.
2293 5277 2490 5334 Contra
2517 5293 2674 5332 unam
2697 5276 2959 5330 aniculam
2991 5275 3204 5332 ﬁdelem
3233 5274 3578 5332 christianum

1992 5370 2116 5441 quid
2140 5370 2278 5425 valet
2299 5367 2686 5424 .luno?Contra
2708 5383 2871 5422 unum
2897 5367 3163 5422 infirmum
3183 5377 3239 5422 et
3263 5375 3578 5423 trementem

1993 5464 2240 5518 onmibus
2268 5463 2522 5518 membris
2550 5476 2732 5517 senem
2769 5459 3116 5516 christianum
3139 5459 3262 5530 quid
3287 5461 3425 5516 valet
3449 5458 3578 5516 iter.

1993 5554 2178 5611 eules?
2230 5554 2366 5609 Vicit
2410 5553 2662 5618 Cacum‘,
2706 5552 2832 5607 vicit
2880 5550 3134 5606 Hercules
3174 5550 3402 5619 leonem,
3455 5551 3573 5607 vicit

2061 5729 2075 5760 ¹
2104 5727 2248 5778 Blitio
2272 5733 2380 5777 ιον.
2408 5743 2504 5777 non
2529 5727 2698 5788 habet,
2729 5723 2848 5776 I'irt't
2871 5733 3062 5776 (usuin.
