3926 6188
288 311 426 369 1255

285 422 512 494 "igitur;
540 416 822 474 manifeste
859 415 1146 487 apparebat
1171 413 1224 467 iu
1244 413 1470 484 preside
1487 413 1722 478 homine,
1743 408 1867 482 quid

288 513 341 566 in
359 508 570 566 occulto
593 506 839 562 diabolus
865 513 1156 576 pateretur,
1183 511 1243 560 et
1266 504 1356 559 ille
1381 503 1658 559 invisibilis
1681 501 1870 557 adver-

287 601 460 656 sarius
485 613 580 669 per
605 596 684 651 sui
711 595 936 664 vasculi,
957 594 1099 666 quod
1131 595 1463 664 impleverat.
1499 592 1770 663 crepantis
1799 593 1872 646 ri-

289 692 457 745 mulas
485 687 824 759 prodebatur.
853 685 1023 742 Voces
1049 687 1189 741 enim
1217 684 1374 755 hujus
1405 684 1656 752 hominis,
1706 684 1869 750 oculi,

291 783 485 845 vultus,
519 789 572 836 et
598 780 930 835 turbulentus
968 780 1127 834 totius
1155 779 1397 850 corporis
1439 788 1634 846 motus,
1667 777 1873 833 indira-

291 875 418 930 bant
441 889 598 944 (piam
626 873 865 942 graviora
894 881 1152 926 tormenta
1192 872 1414 926 sentiret
1452 871 1692 937 interius,
1715 887 1874 941 quam

293 973 445 1020 erant
482 981 599 1034 qua:
629 962 845 1034 Martyri
873 961 1140 1032 indigebat
1181 963 1430 1018 exterius.
1473 962 1526 1018 Si
1571 961 1876 1017 considere-

295 1074 412 1114 mus
430 1058 876 1128 perturbationem
911 1058 1203 1126 torquentis
1230 1065 1285 1112 et
1311 1057 1743 1128 tranquillitatem
1771 1064 1880 1109 tor-

297 1159 472 1206 menta
506 1148 768 1218 patientis,
801 1147 979 1202 videre
1025 1147 1329 1201 facillimum
1370 1157 1453 1202 est
1487 1145 1606 1218 quis
1643 1154 1757 1201 erat
1781 1144 1880 1199 sub

243 1243 246 1246 ’
299 1239 488 1313 poenis,
513 1241 631 1311 quis
651 1253 806 1308 supra
831 1251 1034 1308 ptenas.
1053 1236 1180 1305 Qua!
1200 1236 1389 1307 gaudia
1406 1246 1562 1292 erunt
1578 1235 1629 1290 in
1647 1236 1839 1290 virtute
1862 1234 1877 1267 ¹

297 1331 630 1402 regnantium
651 1372 665 1396 ,
713 1329 922 1400 quando
955 1337 1096 1384 tanta
1128 1336 1250 1382 sunt
1280 1344 1376 1399 pro
1401 1328 1623 1384 veritate
1649 1328 1883 1382 morien-

300 1425 429 1478 tium
449 1423 471 1475 ?
491 1420 627 1489 Quid
652 1421 752 1475 erit
779 1435 897 1475 cum
920 1419 1159 1489 corporis
1181 1419 1579 1488 incorruptione
1599 1417 1718 1472 l'ons
1738 1417 1881 1485 vitae,

299 1513 512 1583 quando
532 1526 618 1567 ros
635 1510 749 1581 ejus
777 1511 916 1566 inter
933 1518 1195 1566 tormenta
1223 1519 1328 1564 tam
1354 1508 1524 1564 dulcis
1539 1508 1652 1564 est?
1676 1509 1739 1564 Et
1761 1506 1886 1580 quid

302 1606 459 1659 faciet
487 1603 662 1674 impiis
691 1614 888 1658 aeterna
913 1604 1146 1667 llamma,
1173 1616 1304 1673 quos
1329 1601 1398 1655 ita
1429 1609 1599 1654 vastat
1630 1597 1748 1655 irati
1769 1615 1887 1655 cor-

302 1696 385 1750 dis
412 1695 650 1750 insania?
670 1695 803 1762 Quid
825 1695 1029 1765 passuri
1055 1703 1197 1758 sunt,
1230 1709 1349 1746 cum
1370 1693 1766 1762 jndicabuntur,
1798 1695 1887 1762 qui

301 1787 409 1856 jam
428 1802 548 1842 cum
559 1787 798 1856 jndicaut
820 1786 1156 1842 cruciantur?
1171 1784 1373 1840 iudicia
1394 1784 1566 1839 futura
1586 1795 1886 1840 sanctorum

305 1877 431 1946 quid
463 1876 707 1930 habitura
735 1886 857 1931 sunt
884 1877 1177 1945 potestatis,
1200 1891 1320 1930 cum
1345 1877 1394 1929 in
1418 1875 1516 1931 hac
1538 1876 1638 1930 vita
1662 1874 1890 1931 tribunal

301 1967 495 2036 judicis
510 1979 706 2022 catasza
731 1970 944 2023 torserit
972 1968 1252 2040 Martyris?

379 2058 433 2112 3.
472 2055 668 2129 Corpus
696 2057 938 2128 Martyris
962 2060 1192 2112 exanime
1219 2058 1386 2112 divino
1413 2058 1650 2130 prtesidio
1677 2075 1776 2113 non
1805 2058 1893 2114 de-

309 2149 556 2202 stitutum.
601 2145 843 2219 Reliquiis
871 2161 1160 2204 sanctorum
1198 2149 1436 2203 divinitus
1463 2151 1624 2203 honor
1651 2148 1894 2204 concilia-

311 2252 410 2295 tus.
439 2241 682 2313 Magnum
712 2252 888 2297 autem
919 2243 1172 2297 Dominus
1202 2243 1561 2298 testimonium
1590 2243 1788 2313 prmbet
1811 2253 1892 2298 te-

311 2335 480 2389 stibus
499 2336 630 2399 suis,
657 2350 778 2390 cum
807 2335 895 2390 ille
916 2336 1003 2406 qui
1030 2335 1206 2391 rexit’
1229 2336 1387 2390 corda
1423 2333 1762 2400 certantium,
1796 2351 1896 2391 nec

311 2438 534 2493 corpora
557 2425 752 2479 deserit
775 2436 1125 2503 mortuorum,
1151 2425 1293 2481 velut
1315 2427 1380 2480 de
1405 2426 1560 2496 hujus
1579 2427 1740 2496 ipsius
1756 2427 1896 2482 beati

315 2515 575 2571 Vincentii
627 2533 851 2586 corpore
896 2518 1357 2588 praeclarissimum
1406 2519 1717 2574 miraculum
1747 2516 1898 2575 exhi-

313 2608 454 2674 buit;
484 2618 539 2662 nt
569 2608 620 2663 id
649 2609 789 2678 quod
822 2610 1064 2665 inimicus
1104 2612 1322 2665 omnino
1364 2627 1468 2667 non
1514 2626 1772 2682 apparere
1798 2627 1896 2668 cu-

314 2697 500 2766 pierat,
531 2707 814 2769 sategcrat,
865 2699 1080 2767 fecerat,
1129 2713 1233 2755 tam
1268 2703 1514 2772 praesenti
1543 2712 1673 2759 nutu
1719 2704 1897 2760 divino

313 2788 648 2860 proderetur,
683 2800 736 2845 et
765 2791 1062 2861 religiosius
1085 2791 1408 2848 humandum
1430 2794 1898 2866 venerantiumque

313 2882 791 2946 tletnonstrarctur,
819 2891 875 2936 ut
896 2883 1126 2938 victricis
1151 2883 1362 2952 pictatis
1391 2894 1445 2940 et
1470 2885 1689 2941 devicta:
1711 2887 1897 2957 impie-

316 2970 438 3025 tatis
463 2973 714 3040 pra-clara
746 2972 796 3026 in
837 2988 902 3028 eo
933 2975 1187 3028 ttietnoria
1231 2975 1562 3045 perduraret.
1613 2977 1748 3033 \‘cre
1786 2995 1901 3047 pre-

315 3061 444 3114 tiosa
468 3061 520 3115 in
543 3075 812 3132 conspec:u
857 3061 1062 3118 Domini
1100 3082 1233 3120 mors
1272 3078 1560 3121 sanrtorum
1587 3068 1698 3138 ejus
1724 3067 1895 3140 (Psal.

314 3169 440 3217 cxv,
468 3153 554 3225 15)
578 3171 591 3207 :
619 3155 830 3223 quando
860 3172 956 3211 nec
987 3165 1126 3211 terra
1153 3159 1327 3212 carnis
1354 3160 1457 3214 vita
1476 3161 1756 3216 deserente
1771 3177 1898 3216 con-

318 3243 598 3307 tcmnitur;
630 3252 684 3298 et
725 3241 976 3300 invisibili
1003 3247 1178 3300 anima
1203 3246 1271 3304 de
1306 3249 1466 3304 domo
1495 3251 1682 3306 visibili
1723 3252 1899 3308 disce-

315 3333 496 3398 dente,
523 3333 878 3390 habitaculum
901 3336 1041 3391 servi
1060 3353 1184 3392 cura
1208 3339 1411 3395 Domini
1433 3342 1750 3409 custoditur,
1773 3344 1897 3399 etin

313 3423 535 3494 gloriam
566 3424 773 3482 Domini
804 3443 834 3482 a
863 3429 1136 3484 conscrvis
1164 3428 1405 3486 lidelibus
1431 3432 1739 3490 honoratur.
1765 3434 1900 3504 Quid

315 3518 457 3571 enim
487 3517 594 3588 agit
620 3519 779 3586 Deus,
810 3520 940 3574 mira
968 3536 1129 3592 opera
1158 3523 1397 3580 faciendo
1426 3526 1566 3582 circa
1595 3537 1898 3584 sanctorum

315 3623 539 3678 corpora
565 3607 957 3677 defunctorum,
991 3612 1091 3665 nisi
1116 3615 1474 3669 testimonium
1505 3617 1766 3687 perhibet,
1798 3618 1899 3674 sibi

317 3713 422 3752 non
468 3701 642 3770 perire
683 3699 822 3771 quod
868 3701 1121 3768 moritur;
1151 3713 1205 3758 et
1232 3714 1290 3760 ut
1315 3707 1439 3761 hinc
1484 3707 1804 3778 intelligatur
1847 3709 1899 3764 in

315 3791 456 3863 quali
484 3791 684 3846 honore
703 3807 882 3847 secum
905 3791 1098 3848 habeat
1115 3795 1320 3851 animas
1339 3796 1660 3865 occisorum,
1688 3799 1900 3869 quando

315 3897 440 3937 caro
464 3882 723 3938 exanimis
754 3893 899 3938 tanto
923 3885 1114 3940 ellectu
1136 3885 1424 3943 divinitatis
1445 3898 1664 3945 ornatur
1680 3890 1734 3943 ³2
1753 3891 1902 3948 Sicut

316 3975 458 4030 enim
484 3973 551 4029 de
580 3975 835 4029 membris
860 3975 1113 4030 Ecclesiae
1150 3977 1376 4048 loquens
1407 3981 1713 4048 Apostolus,
1747 3983 1899 4038 simi-

318 4065 592 4121 litudiuem
617 4066 856 4121 adhibuit
884 4067 952 4120 de
991 4068 1246 4122 membris
1271 4071 1512 4140 corporis
1537 4074 1726 4140 IIUSEri,
1761 4089 1899 4145 quo-

317 4156 457 4210 niam
486 4172 598 4228 qua:
624 4157 886 4212 inhonesta
908 4170 1026 4212 sunt
1049 4170 1238 4226 nostra,
1271 4161 1350 4215 his
1371 4161 1787 4219 abundantiorem
1809 4166 1900 4220 Ito-

317 4261 487 4301 nomn
513 4248 939 4318 circumponimus
964 4247 1008 4318 (Ι
1038 4249 1156 4304 (.‘or.
1186 4266 1280 4318 xu,
1301 4251 1428 4323 23):
1461 4252 1531 4307 ita
1565 4253 1896 4324 providentia

316 4337 584 4394 Creatoris
607 4340 954 4396 cadaveribus
983 4351 1276 4414 martyrum
1318 4353 1424 4398 tam
1452 4345 1702 4415 praeclara
1730 4347 1897 4402 mira-

315 4429 559 4484 culorum
591 4431 891 4486 testimonia
913 4432 1234 4502 prazstando,
1257 4433 1696 4491 abundantiorem
1725 4435 1898 4492 hono-

317 4535 430 4575 rem
461 4520 824 4590 essanguibus
866 4521 1103 4592 reliquiis
1128 4523 1403 4580 hominum
1440 4527 1814 4599 circumponit,
1843 4538 1899 4586 et

316 4611 456 4683 quod
486 4612 590 4664 vita
611 4612 902 4682 emigrante
943 4621 1190 4684 tanquam
1217 4614 1458 4671 deforme
1483 4615 1596 4687 jam
1635 4630 1895 4688 remanet,

317 4707 388 4761 ibi
413 4704 710 4762 evidentius
739 4721 977 4777 prresens
1008 4706 1130 4760 vita:
1151 4705 1306 4762 dator
1332 4716 1574 4778 apparet.

294 4807 298 4810 '
741 4797 966 4854 SERMO
1001 4797 1300 4854 CCLXXVI
1329 4801 1349 4823 ⁹
1378 4797 1473 4870 (o).

685 4896 734 4941 tn
767 4889 889 4940 festo
919 4891 1140 4954 martyris
1173 4891 1424 4954 Vincentii,
1457 4907 1525 4944 tu.

391 4971 620 5031 CAPUT
645 4971 932 5029 PRIMUM.
961 5004 1029 5014 —
1064 4974 1113 5027 l.
1142 4971 1385 5044 Martyris
1413 4974 1659 5044 fortitudo
1686 4993 1718 5030 a
1752 4976 1898 5032 Chri-

313 5077 391 5120 sto
408 5075 497 5118 est.
515 5063 570 5118 In
596 5065 859 5133 passione,
877 5079 994 5133 qua:
1007 5065 1159 5120 nobis
1180 5064 1337 5120 hodie
1350 5066 1564 5120 recitata
1582 5076 1684 5133 est,
1707 5067 1898 5126 fratres

315 5157 440 5223 inci,
460 5154 735 5212 evidenter
754 5155 1052 5211 ostenditur
1070 5155 1229 5226 judex
1248 5155 1415 5216 ferox.
1439 5167 1606 5214 tortor
1619 5168 1893 5229 cruentus,

315 5247 512 5320 llartyr
546 5247 790 5303 invictus.
822 5245 878 5301 In
903 5247 1052 5318 cujus
1074 5262 1298 5320 corpore
1327 5249 1500 5320 pinnis
1521 5251 1681 5306 variis
1706 5267 1895 5308 exara-

378 5407 392 5437 ¹
423 5404 610 5469 Aliquot
631 5411 758 5469 uss,
786 5402 837 5455 in
860 5403 1071 5455 veritate.

381 5471 399 5530 ξ
429 5475 474 5530 In
498 5463 797 5530 quihusdam
814 5463 1138 5530 plasmauit,

377 5527 397 5558 ³
421 5529 491 5577 sic
515 5526 618 5577 itss.
645 5537 694 5578 At
723 5527 858 5590 editi,
881 5526 1053 5590 affectu
1077 5526 1338 5581 divinitatis
1359 5535 1630 5581 coronatur.

317 5657 341 5695 ⁴
378 5591 391 5604 ⁶
416 5589 761 5698 t'lasti'gatuiétd
792 5589 1011 5640 duos’cb.
1040 5599 1092 5640 et
1117 5599 1219 5642 tres
1239 5605 1314 5657 gr.
1339 5591 1397 5642 ad
1418 5604 1483 5642 m.
1509 5605 1638 5658 n.pr.
1651 5605 1741 5644 rm.
1763 5600 1814 5645 et
1835 5593 1897 5644 ad

347 5663 410 5698 Ill.
458 5664 512 5697 Ι.
554 5660 637 5697 ἐπ.
726 5664 770 5698 τ’.

347 5663 410 5698 Ill.
439 5660 512 5697 ΡΙ.
537 5660 637 5698 Par.
663 5660 770 5698 LO".

371 5713 445 5772 (ul
483 5712 638 5767 Alias,
669 5710 732 5762 de
765 5712 948 5762 saccus
983 5711 1056 5763 12.

1508 301 1563 357 S.
1607 292 1977 356 AUGUSTINI
2016 291 2316 350 EPISCOPI

3423 295 3556 353 1256

1977 413 2049 469 to,
2075 405 2184 477 iam
2213 412 2475 460 tormenta
2503 400 2823 470 defecerant,
2857 413 2910 461 et
2930 403 3105 461 adhuc
3137 397 3383 462 membra
3400 407 3563 464 dura-

1977 495 2124 550 bant.
2153 495 2253 550 Tot
2274 497 2516 551 eonvieta
2545 497 2819 552 miraculis
2840 498 3162 569 persistebat
3187 497 3454 571 impietas,
3484 511 3568 559 tot

1980 597 2174 642 vexata
2209 586 2488 656 suppliciis
2518 603 2623 642 non
2661 587 2887 645 cedebat
2911 589 3573 662 intlrmitasngnoscatur

1977 693 2105 748 ergo
2126 688 2344 749 operata
2365 678 2635 734 divinitas.
2655 679 2878 749 Quando
2905 681 3050 736 enim
3073 682 3435 754 corruptibilis
3451 684 3574 754 pul-

1979 771 2062 824 vis
2088 779 2272 824 eontra
2312 779 2418 824 tam
2451 770 2700 825 immania
2733 781 2994 828 tormenta
3020 773 3257 838 duraret,
3296 775 3400 830 nisi
3426 776 3480 830 in
3505 790 3575 832 co

1982 862 2237 917 Dominus
2252 861 2546 918 habitaret?
2566 862 2618 917 ln
2638 863 2719 917 bis
2737 865 2881 919 enim
2902 866 3151 921 onmibus
3177 865 3266 921 ille
3285 881 3579 938 agnoscen-

1981 954 2104 1020 dus,
2135 954 2222 1008 ille
2251 953 2648 1024 glot-ilicandos,
2695 955 2786 1010 ille
2818 955 3112 1012 laudandus
3150 966 3252 1024 est,
3298 960 3390 1029 qui
3434 966 3489 1014 ct
3517 959 3573 1014 in

1984 1047 2152 1115 prima
2184 1045 2460 1101 vocatione
2485 1044 2632 1100 dedit
2675 1046 2856 1111 fidem,
2884 1056 2938 1102 et
2967 1049 3019 1103 in
3045 1064 3295 1119 suprema
3323 1050 3575 1120 passione

1983 1136 2253 1190 virtutem.
2298 1135 2469 1190 Vultis
2509 1151 2670 1192 nosse
2703 1138 2824 1207 quia
2853 1147 3135 1210 utrumque
3160 1139 3414 1196 donatum
3456 1142 3581 1198 est?

1985 1226 2178 1282 Audite
2207 1225 2504 1295 apostolum
2531 1225 2790 1284 Paulum:
2823 1227 2992 1294 Vobis,
3016 1230 3206 1302 inquit,
3235 1231 3481 1287 domum
3504 1243 3582 1289 est

1987 1335 2080 1390 pro
2109 1317 2329 1385 Christo,
2363 1335 2464 1373 non
2488 1317 2653 1374 solum
2677 1329 2732 1374 ut
2755 1321 2970 1376 credatis
2989 1324 3041 1377 in
3062 1339 3196 1392 eum,
3225 1340 3398 1379 verum
3423 1327 3578 1380 etiam

1987 1421 2042 1463 ut
2069 1409 2332 1480 patiamini
2360 1425 2452 1479 pro
2488 1426 2548 1465 eo
2578 1409 2841 1482 (Philipp.
2884 1429 2922 1480 t,
3123 1415 3423 1485 Acceperat
3466 1415 3584 1472 hac

1989 1511 2213 1570 utraque
2243 1499 2400 1554 levita
2432 1499 2758 1567 Vincentius,
2801 1514 3083 1573 acceperat
3123 1514 3179 1560 et
3220 1505 3474 1564 habebat.
3523 1507 3580 1565 Si

1989 1589 2131 1645 eiiim
2163 1603 2266 1644 non
2293 1590 2606 1659 accepisset,
2635 1590 2763 1662 quid
2803 1591 3061 1649 haberet?
3088 1594 3330 1652 Habebat
3367 1597 3426 1653 in
3470 1613 3586 1655 ser-

1991 1698 2151 1736 mone
2177 1681 2451 1749 ﬁduciam,
2476 1686 2704 1742 habebat
2731 1687 2783 1742 in
2814 1689 3064 1758 passione
3090 1691 3449 1748 tolerantiam.
3476 1692 3586 1750 Ne-

1993 1789 2082 1830 mo
2111 1791 2237 1845 ergo
2257 1775 2324 1831 de
2350 1791 2447 1831 suo
2471 1777 2633 1834 eorde
2659 1790 2968 1850 prmsumat,
2991 1782 3204 1853 quando
3234 1787 3435 1854 profert
3463 1802 3584 1842 ser-

1993 1880 2236 1931 monem;
2263 1882 2420 1922 nemo
2439 1868 2507 1924 de
2528 1869 2639 1924 suis
2660 1870 2860 1925 viribus
2880 1873 3135 1942 confidat,
3159 1877 3372 1945 quando
3393 1878 3590 1934 sum-rt

1996 1958 2338 2012 tentationem
2361 1976 2374 2013 :
2403 1960 2523 2030 quia
2549 1971 2602 2016 et
2627 1971 2683 2015 ut
2710 1963 2844 2018 bona
2868 1963 3159 2035 prudenter
3179 1967 3494 2036 loquamur,
3519 1970 3587 2026 ab

1997 2047 2088 2102 illo
2107 2057 2190 2102 est
2221 2059 2397 2104 nostra
2427 2051 2716 2120 sapientia;
2746 2063 2804 2108 et
2831 2064 2889 2109 ut
2932 2055 3072 2111 mala
3101 2057 3309 2114 fortiter
3337 2060 3584 2130 perfera-

1995 2152 2136 2204 mus,
2170 2139 2238 2193 ab
2267 2140 2360 2194 illo
2387 2150 2469 2196 est
2498 2151 2678 2198 nostra
2710 2145 2983 2213 patientia.
3025 2146 3266 2206 Recolite
3295 2150 3583 2210 Dominum

1997 2228 2263 2284 Christum
2294 2247 2422 2287 suos
2447 2233 2500 2288 in
2529 2235 2816 2307 Evangelia
2837 2237 3131 2309 discipulos
3158 2242 3546 2301 admonentem
3573 2264 3586 2298 :

1997 2321 2216 2376 recolitc
2259 2334 2551 2393 martyrum
2581 2323 2778 2396 Regem
2805 2327 3056 2400 mhortes
3081 2343 3208 2387 suas
3233 2333 3401 2388 armis
3423 2335 3589 2406 spiri-

1999 2409 2229 2466 taalibus
2268 2411 2638 2477 instruentem,
2681 2414 2818 2470 bella
2863 2427 3280 2488 monstrantem,
3316 2421 3588 2492 adjutoria

1997 2501 2408 2571 ministrantem,
2435 2505 2652 2576 praemia
2679 2507 3052 2577 pollicentem:
3083 2511 3175 2582 qui
3209 2527 3334 2568 cum
3360 2514 3589 2571 dixisset

1996 2591 2274 2664 discipulis
2295 2595 2425 2656 suis.
2445 2593 2512 2650 In
2537 2597 2633 2651 hoc
2653 2599 2842 2654 mundo
2857 2617 3144 2671 pressurain
3168 2602 3448 2670 habebitis;
3465 2620 3590 2663 mos

1999 2685 2140 2740 unde
2166 2687 2336 2742 territi
2362 2689 2791 2757 consolarentur,
2823 2691 3064 2763 adiunxit
3089 2695 3296 2763 dicens,
3324 2697 3436 2753 Sed
3463 2716 3591 2754 coa-

1999 2779 2161 2848 μελε,
2188 2797 2280 2852 ego
2305 2782 2401 2836 vici
2421 2783 2666 2839 artandum
2689 2783 2874 2856 (Joan.
2906 2803 3013 2853 xvi,
3037 2789 3151 2858 33).
3180 2788 3318 2857 Quid
3339 2807 3474 2862 ergo
3497 2795 3593 2849 mi.

2000 2886 2203 2936 ramur,
2230 2871 2552 2943 charissimi,
2585 2876 2629 2929 si
2659 2875 2712 2930 in
2747 2877 2842 2932 illo
2873 2877 3179 2935 Vincentius
3222 2880 3369 2947 vicit,
3413 2897 3445 2936 a
3489 2898 3594 2954 quo

2003 2965 2171 3020 victus
2199 2973 2284 3020 est
2308 2965 2572 3022 mundus?
2598 2965 2665 3021 In
2694 2967 2810 3032 hoc,
2844 2969 3034 3038 inquit,
3069 2971 3258 3027 meando
3297 2989 3588 3042 pressurus

1999 3056 2280 3112 habebitis:
2309 3067 2366 3112 ut
2398 3057 2442 3114 si
2474 3060 2687 3130 pretttit,
2729 3075 2836 3116 non
2874 3062 3174 3133 Opprimat;
3216 3065 3264 3119 si
3293 3075 3591 3138 oppugnat,

1999 3165 2107 3206 non
2130 3160 2415 3220 expugnet.

2071 3240 2296 3298 CAPUT
2336 3242 2398 3296 ll.
2426 3273 2498 3283 —
2521 3242 2577 3298 2.
2609 3243 2814 3316 Duplec
2836 3246 3012 3302 mandi
3035 3248 3169 3305 acies
3195 3259 3378 3305 contra
3403 3253 3592 3310 milites

2001 3329 2207 3395 Christi,
2234 3331 2492 3388 blanditiae
2517 3344 2566 3388 et
2588 3344 2822 3391 terrores.
2857 3336 3129 3408 Duplicem
3159 3341 3392 3396 mundus
3419 3343 3589 3400 aciem

2001 3422 2246 3493 producit
2283 3433 2468 3478 contra
2513 3425 2710 3481 milites
2750 3425 2970 3485 Christi.
3019 3429 3331 3498 Advortite,
3375 3431 3588 3491 fratres.

2003 3515 2300 3583 Duplieem,
2340 3515 2471 3584 dixi,
2502 3517 2668 3572 aciem
2695 3517 2940 3588 producit
2977 3521 3208 3577 mundus
3232 3532 3420 3579 contra
3453 3527 3593 3582 mili-

2003 3613 2087 3662 tes
2113 3605 2332 3663 Cbristi.
2375 3608 2651 3664 Blanditur
2679 3610 2822 3666 enim
2846 3652 2862 3674 ,
2900 3621 2960 3667 ut
2984 3612 3252 3684 decipiat;
3284 3625 3452 3672 terret
3475 3658 3496 3685 ,
3535 3626 3591 3674 ut

2003 3697 2228 3768 frangat.
2262 3699 2376 3754 Non
2422 3715 2520 3755 nos
2561 3708 2740 3757 teneat
2768 3703 3011 3774 voluptas
3050 3708 3299 3776 propria,
3341 3725 3450 3764 non
3495 3725 3588 3766 nos

2005 3798 2204 3846 terreat
2238 3789 2526 3847 crudelitas
2562 3792 2769 3860 aliena;
2809 3802 2865 3850 et
2889 3795 3063 3851 victus
3101 3807 3185 3854 est
3220 3799 3474 3856 mundus.
3510 3801 3585 3857 Ad

2003 3892 2257 3954 utrosque
2297 3883 2473 3940 aditus
2515 3886 2749 3941 occurrit
2789 3887 3056 3952 Christus,
3102 3899 3158 3945 et
3201 3905 3308 3947 non
3355 3892 3586 3950 vincitur

2002 3971 2342 4028 christianos.
2371 3973 2426 4030 Si
2465 3975 2832 4032 consideretur
2855 3977 2911 4034 in
2949 3979 3046 4034 ista
3076 3982 3325 4051 passione
3355 3981 3585 4041 humana

2003 4064 2254 4135 patientia
2273 4105 2288 4126 .
2318 4064 2503 4134 incipit
2542 4081 2664 4122 esse
2695 4067 3056 4137 incredibilis;
3084 4073 3130 4127 si
3158 4086 3486 4144 agnoscatur
3513 4077 3588 4133 di-

2004 4157 2122 4213 vina
2151 4158 2404 4228 potentia,
2433 4157 2629 4214 desinit
2654 4174 2774 4214 esse
2800 4160 3077 4217 mirabilis.
3107 4162 3276 4219 Tanta
3301 4169 3590 4236 grassaba-

2004 4257 2091 4303 tur
2117 4248 2404 4304 crodelitas
2429 4249 2482 4303 in
2509 4248 2756 4320 Martyris
2779 4265 3027 4320 corpore,
3065 4262 3122 4308 ct
3145 4263 3290 4309 tanta
3321 4258 3585 4330 tranquil-

2004 4339 2126 4394 litas
2152 4338 2519 4409 proferebatur
2538 4340 2590 4394 in
2619 4356 2770 4409 voce,
2794 4351 3048 4414 tantaque
3078 4360 3354 4415 pinnarum
3382 4351 3585 4422 asperi-

2005 4437 2085 4484 tas
2108 4429 2355 4485 serviebat
2384 4429 2436 4484 in
2475 4429 2731 4486 membris
2753 4471 2771 4498 ,
2811 4440 2866 4488 et
2906 4441 3048 4488 tanta
3074 4436 3334 4491 securitas
3357 4439 3585 4496 sonabat

2005 4519 2058 4574 in
2101 4521 2312 4586 verbis;
2353 4531 2413 4576 ut
2449 4521 2588 4576 miro
2626 4522 2787 4578 modo
2829 4533 3138 4596 putaremus
3183 4526 3467 4585 Vincentio
3497 4545 3585 4602 pa-

2005 4609 2190 4676 tiente,
2225 4611 2389 4667 alium
2429 4627 2537 4667 non
2561 4612 2868 4684 loquentem
2900 4616 3158 4686 torqueri.
3189 4617 3253 4672 Et
3279 4634 3439 4687 vere,
3482 4622 3583 4676 τηε

2004 4708 2132 4765 tres,
2179 4702 2250 4756 ita
2301 4712 2418 4759 erat
2447 4719 2464 4758 :
2493 4718 2711 4774 prorsus
2756 4704 2829 4760 ita
2871 4707 3020 4771 erat;
3061 4706 3200 4762 alius
3243 4707 3582 4780 loquebatur.

2002 4788 2256 4847 Promisit
2278 4795 2420 4848 enim
2447 4803 2502 4850 et
2536 4793 2636 4850 hoc
2663 4794 2887 4851 testibus
2910 4796 3021 4852 suis
3045 4794 3288 4854 Christus
3325 4799 3381 4855 in
3408 4800 3584 4860 Evan-

2000 4884 2163 4954 gelia,
2195 4900 2333 4956 quos
2359 4886 2424 4939 ad
2454 4885 2755 4952 huiusmodi
2783 4889 3075 4944 certamina
3105 4891 3460 4961 preparabat.
3499 4892 3586 4951 Sic

2001 4977 2148 5031 enlm
2189 4977 2305 5031 ait:
2340 4975 2516 5032 Nolite
2552 4977 2892 5050 prsenteditari
2931 4980 3183 5050 quomodo
3220 4991 3312 5036 aut
3345 4983 3474 5055 quid
3510 4984 3584 5039 lo-

2001 5068 2249 5139 quamini.
2281 5067 2336 5123 Ν
2337 5085 2402 5123 on
2421 5069 2560 5148 enini
2576 5085 2664 5125 vos
2686 5069 2803 5124 estis
2824 5071 2911 5139 qui
2936 5070 3220 5139 loquimini,
3249 5073 3340 5128 sed
3361 5074 3582 5143 Spiritus

2006 5157 2180 5214 Patris
2199 5159 2348 5214 uestri
2373 5159 2460 5226 qui
2485 5160 2706 5229 loquitur
2728 5161 2782 5215 in
2807 5161 2944 5215 vobis
2967 5160 3182 5232 (Matth.
3213 5177 3248 5217 ι
3269 5163 3372 5226 ,19
3397 5174 3446 5218 et
3464 5163 3575 5236 ρο).

2001 5248 2142 5307 Caro
2170 5266 2298 5322 ergo
2337 5251 2654 5321 patiebatur,
2682 5261 2738 5308 ct
2764 5252 2995 5323 Spiritus
3023 5253 3358 5324 loquebatur.
3399 5257 3468 5312 Et
3499 5256 3581 5313 lo-

2001 5349 2200 5410 quente
2227 5339 2463 5410 Spiritu,
2504 5356 2612 5396 non
2639 5342 2816 5398 solum
2840 5343 3262 5401 convincebatur
3296 5345 3540 5418 impietas
3558 5386 3578 5412 ,

2004 5430 2098 5486 sed
2125 5431 2286 5487 etiam
2311 5431 2712 5488 eonfortabatur
2738 5433 3038 5490 inﬁrmitas.

2073 5520 2302 5578 CAPUT
2340 5521 2427 5579 Ill.
2474 5547 2550 5564 -ι
2590 5525 2645 5580 5.
2703 5523 2995 5581 Vincentius
3033 5529 3294 5583 tormentis
3341 5529 3449 5584 suis
3486 5543 3580 5584 non

2005 5625 2198 5669 tantum
2220 5626 2462 5681 vastatus,
2493 5627 2741 5685 quantum
2778 5615 3054 5672 Decianus.
3099 5617 3395 5676 Clarioretn
3433 5616 3577 5673 nobis

2006 5706 2289 5782 Nartyrem
2339 5716 2417 5763 tot
2469 5718 2733 5766 tormenta
2787 5708 3069 5765 faciebant.
3119 5708 3397 5775 Multiplici
3440 5708 3572 5765 coita
