  <div class='ocr_page' id='page_1' title='image "/cluster/home/n/w/nwhite01/storage/ocr_20150623/38/hvd.32044096580600/634.png"; bbox 0 0 3954 6196; ppageno 0'>
   <div class='ocr_carea' id='block_1_1' title="bbox 339 273 477 331">
    <p class='ocr_par' dir='ltr' id='par_1_1' title="bbox 339 273 477 331">
     <span class='ocr_line' id='line_1_1' title="bbox 339 273 477 331; baseline 0 0"><span class='ocrx_word' id='word_1_1' title='bbox 339 273 477 331; x_wconf 70' lang='grc'><strong>125⁸1</strong></span> 
     </span>
    </p>
   </div>
   <div class='ocr_carea' id='block_1_2' title="bbox 335 384 1916 458">
    <p class='ocr_par' dir='ltr' id='par_1_2' title="bbox 335 384 1916 458">
     <span class='ocr_line' id='line_1_2' title="bbox 335 384 1916 458; baseline 0.003 -21"><span class='ocrx_word' id='word_1_2' title='bbox 335 385 612 441; x_wconf 77' lang='lat' dir='ltr'><strong>vulnerum</strong></span> <span class='ocrx_word' id='word_1_3' title='bbox 635 387 887 442; x_wconf 89' lang='lat' dir='ltr'><strong>varietate</strong></span> <span class='ocrx_word' id='word_1_4' title='bbox 908 384 1204 452; x_wconf 75' lang='lat' dir='ltr'><strong>confossus,</strong></span> <span class='ocrx_word' id='word_1_5' title='bbox 1236 399 1338 440; x_wconf 89' lang='lat' dir='ltr'><strong>non</strong></span> <span class='ocrx_word' id='word_1_6' title='bbox 1361 385 1637 442; x_wconf 91' lang='lat' dir='ltr'><strong>deserebat</strong></span> <span class='ocrx_word' id='word_1_7' title='bbox 1661 401 1916 458; x_wconf 85' lang='lat' dir='ltr'><strong>pugnam,</strong></span> 
     </span>
    </p>
   </div>
   <div class='ocr_carea' id='block_1_3' title="bbox 333 477 1914 548">
    <p class='ocr_par' dir='ltr' id='par_1_3' title="bbox 333 477 1914 548">
     <span class='ocr_line' id='line_1_3' title="bbox 333 477 1914 548; baseline -0.001 -15"><span class='ocrx_word' id='word_1_8' title='bbox 333 477 428 533; x_wconf 78' lang='lat' dir='ltr'><strong>sed</strong></span> <span class='ocrx_word' id='word_1_9' title='bbox 444 479 621 534; x_wconf 82' lang='lat' dir='ltr'><strong>acrius</strong></span> <span class='ocrx_word' id='word_1_10' title='bbox 645 479 887 534; x_wconf 83' lang='lat' dir='ltr'><strong>iterabat.</strong></span> <span class='ocrx_word' id='word_1_11' title='bbox 907 479 1128 533; x_wconf 86' lang='lat' dir='ltr'><strong>Putares</strong></span> <span class='ocrx_word' id='word_1_12' title='bbox 1148 477 1287 548; x_wconf 87' lang='lat' dir='ltr'><strong>quod</strong></span> <span class='ocrx_word' id='word_1_13' title='bbox 1305 493 1423 533; x_wconf 91' lang='lat' dir='ltr'><strong>eum</strong></span> <span class='ocrx_word' id='word_1_14' title='bbox 1446 477 1661 533; x_wconf 90' lang='lat' dir='ltr'><strong>duraret</strong></span> <span class='ocrx_word' id='word_1_15' title='bbox 1682 479 1914 544; x_wconf 88' lang='lat' dir='ltr'><strong>ﬂamma,</strong></span> 
     </span>
    </p>
   </div>
   <div class='ocr_carea' id='block_1_4' title="bbox 335 568 1916 640">
    <p class='ocr_par' dir='ltr' id='par_1_4' title="bbox 335 568 1916 640">
     <span class='ocr_line' id='line_1_4' title="bbox 335 568 1916 640; baseline 0 -16"><span class='ocrx_word' id='word_1_16' title='bbox 335 586 440 624; x_wconf 92' lang='lat' dir='ltr'><strong>non</strong></span> <span class='ocrx_word' id='word_1_17' title='bbox 479 580 694 635; x_wconf 88' lang='lat' dir='ltr'><strong>ureret;</strong></span> <span class='ocrx_word' id='word_1_18' title='bbox 739 581 792 626; x_wconf 92' lang='lat' dir='ltr'><strong>et</strong></span> <span class='ocrx_word' id='word_1_19' title='bbox 843 580 1089 640; x_wconf 89' lang='lat' dir='ltr'><strong>tanquam</strong></span> <span class='ocrx_word' id='word_1_20' title='bbox 1133 568 1275 639; x_wconf 73' lang='lat' dir='ltr'><strong>ﬁguli</strong></span> <span class='ocrx_word' id='word_1_21' title='bbox 1321 568 1506 625; x_wconf 83' lang='lat' dir='ltr'><strong>fornax</strong></span> <span class='ocrx_word' id='word_1_22' title='bbox 1546 570 1712 624; x_wconf 88' lang='lat' dir='ltr'><strong>lutum</strong></span> <span class='ocrx_word' id='word_1_23' title='bbox 1755 569 1916 624; x_wconf 91' lang='lat' dir='ltr'><strong>molle</strong></span> 
     </span>
    </p>
   </div>
   <div class='ocr_carea' id='block_1_5' title="bbox 331 659 1916 731">
    <p class='ocr_par' dir='ltr' id='par_1_5' title="bbox 331 659 1916 731">
     <span class='ocr_line' id='line_1_5' title="bbox 331 659 1916 731; baseline -0.001 -16"><span class='ocrx_word' id='word_1_24' title='bbox 331 661 630 730; x_wconf 82' lang='lat' dir='ltr'><strong>suscipiens</strong></span> <span class='ocrx_word' id='word_1_25' title='bbox 657 703 670 724; x_wconf 92' lang='lat'><strong>,</strong></span> <span class='ocrx_word' id='word_1_26' title='bbox 711 661 896 715; x_wconf 88' lang='lat' dir='ltr'><strong>duram</strong></span> <span class='ocrx_word' id='word_1_27' title='bbox 929 660 1178 716; x_wconf 89' lang='lat' dir='ltr'><strong>redderet</strong></span> <span class='ocrx_word' id='word_1_28' title='bbox 1221 669 1434 716; x_wconf 91' lang='lat' dir='ltr'><strong>testam.</strong></span> <span class='ocrx_word' id='word_1_29' title='bbox 1463 661 1678 716; x_wconf 81' lang='lat' dir='ltr'><strong>Poterat</strong></span> <span class='ocrx_word' id='word_1_30' title='bbox 1717 659 1916 731; x_wconf 78' lang='lat' dir='ltr'><strong>Martyr</strong></span> 
     </span>
    </p>
   </div>
   <div class='ocr_carea' id='block_1_6' title="bbox 334 752 1916 824">
    <p class='ocr_par' dir='ltr' id='par_1_6' title="bbox 334 752 1916 824">
     <span class='ocr_line' id='line_1_6' title="bbox 334 752 1916 824; baseline 0.001 -18"><span class='ocrx_word' id='word_1_31' title='bbox 334 763 519 808; x_wconf 89' lang='lat' dir='ltr'><strong>noster</strong></span> <span class='ocrx_word' id='word_1_32' title='bbox 544 752 722 809; x_wconf 79' lang='lat' dir='ltr'><strong>dicere</strong></span> <span class='ocrx_word' id='word_1_33' title='bbox 751 753 982 808; x_wconf 88' lang='lat' dir='ltr'><strong>Daciano</strong></span> <span class='ocrx_word' id='word_1_34' title='bbox 1012 769 1026 806; x_wconf 91' lang='lat'>:</span> <span class='ocrx_word' id='word_1_35' title='bbox 1059 752 1180 809; x_wconf 83' lang='lat' dir='ltr'><strong>Jam</strong></span> <span class='ocrx_word' id='word_1_36' title='bbox 1209 769 1312 808; x_wconf 91' lang='lat' dir='ltr'><strong>non</strong></span> <span class='ocrx_word' id='word_1_37' title='bbox 1343 755 1446 808; x_wconf 89' lang='lat' dir='ltr'><strong>urit</strong></span> <span class='ocrx_word' id='word_1_38' title='bbox 1474 754 1610 824; x_wconf 84' lang='lat' dir='ltr'><strong>ignis</strong></span> <span class='ocrx_word' id='word_1_39' title='bbox 1639 764 1760 810; x_wconf 90' lang='lat' dir='ltr'><strong>tuus</strong></span> <span class='ocrx_word' id='word_1_40' title='bbox 1789 770 1916 809; x_wconf 88' lang='lat' dir='ltr'><strong>car-</strong></span> 
     </span>
    </p>
   </div>
   <div class='ocr_carea' id='block_1_7' title="bbox 334 839 1913 917">
    <p class='ocr_par' dir='ltr' id='par_1_7' title="bbox 334 839 1913 917">
     <span class='ocr_line' id='line_1_7' title="bbox 334 839 1913 917; baseline 0.002 -20"><span class='ocrx_word' id='word_1_41' title='bbox 334 858 453 897; x_wconf 89' lang='lat' dir='ltr'><strong>nem</strong></span> <span class='ocrx_word' id='word_1_42' title='bbox 484 858 678 906; x_wconf 82' lang='lat' dir='ltr'><strong>meam,</strong></span> <span class='ocrx_word' id='word_1_43' title='bbox 711 845 832 913; x_wconf 83' lang='lat' dir='ltr'><strong>quia</strong></span> <span class='ocrx_word' id='word_1_44' title='bbox 859 845 1060 898; x_wconf 72' lang='lat' dir='ltr'><strong>exaruit</strong></span> <span class='ocrx_word' id='word_1_45' title='bbox 1088 845 1218 898; x_wconf 83' lang='lat' dir='ltr'><strong>velut</strong></span> <span class='ocrx_word' id='word_1_46' title='bbox 1248 854 1372 899; x_wconf 82' lang='lat' dir='ltr'><strong>testa</strong></span> <span class='ocrx_word' id='word_1_47' title='bbox 1402 846 1558 899; x_wconf 81' lang='lat' dir='ltr'><strong>virtus</strong></span> <span class='ocrx_word' id='word_1_48' title='bbox 1598 862 1706 898; x_wconf 89' lang='lat' dir='ltr'><strong>mea</strong></span> <span class='ocrx_word' id='word_1_49' title='bbox 1737 839 1913 917; x_wconf 82' lang='lat' dir='ltr'><strong>(Psal.</strong></span> 
     </span>
    </p>
   </div>
   <div class='ocr_carea' id='block_1_8' title="bbox 334 935 1916 1006">
    <p class='ocr_par' dir='ltr' id='par_1_8' title="bbox 334 935 1916 1006">
     <span class='ocr_line' id='line_1_8' title="bbox 334 935 1916 1006; baseline 0.001 -16"><span class='ocrx_word' id='word_1_50' title='bbox 334 951 421 990; x_wconf 81' lang='lat' dir='ltr'><strong>xst</strong></span> <span class='ocrx_word' id='word_1_51' title='bbox 447 977 460 995; x_wconf 88' lang='lat'><strong>.</strong></span> <span class='ocrx_word' id='word_1_52' title='bbox 495 935 609 1006; x_wconf 75' lang='lat'><strong>16).</strong></span> <span class='ocrx_word' id='word_1_53' title='bbox 655 937 720 990; x_wconf 87' lang='lat' dir='ltr'><strong>Et</strong></span> <span class='ocrx_word' id='word_1_54' title='bbox 752 937 1001 1006; x_wconf 90' lang='lat' dir='ltr'><strong>quoniam</strong></span> <span class='ocrx_word' id='word_1_55' title='bbox 1031 938 1292 991; x_wconf 91' lang='lat' dir='ltr'><strong>veraciter</strong></span> <span class='ocrx_word' id='word_1_56' title='bbox 1329 937 1584 1006; x_wconf 88' lang='lat' dir='ltr'><strong>scriptum</strong></span> <span class='ocrx_word' id='word_1_57' title='bbox 1610 946 1724 1002; x_wconf 87' lang='lat' dir='ltr'><strong>est,</strong></span> <span class='ocrx_word' id='word_1_58' title='bbox 1780 935 1916 991; x_wconf 82' lang='lat' dir='ltr'><strong>Vasa</strong></span> 
     </span>
    </p>
   </div>
   <div class='ocr_carea' id='block_1_9' title="bbox 333 1026 1914 1098">
    <p class='ocr_par' dir='ltr' id='par_1_9' title="bbox 333 1026 1914 1098">
     <span class='ocr_line' id='line_1_9' title="bbox 333 1026 1914 1098; baseline 0 -18"><span class='ocrx_word' id='word_1_59' title='bbox 333 1026 478 1094; x_wconf 81' lang='lat' dir='ltr'><strong>ﬁguli</strong></span> <span class='ocrx_word' id='word_1_60' title='bbox 505 1027 680 1096; x_wconf 84' lang='lat' dir='ltr'><strong>probat</strong></span> <span class='ocrx_word' id='word_1_61' title='bbox 710 1031 912 1098; x_wconf 73' lang='lat' dir='ltr'><strong>fornax,</strong></span> <span class='ocrx_word' id='word_1_62' title='bbox 942 1037 987 1081; x_wconf 89' lang='lat' dir='ltr'><strong>et</strong></span> <span class='ocrx_word' id='word_1_63' title='bbox 1013 1029 1238 1081; x_wconf 79' lang='lat' dir='ltr'><strong>homines</strong></span> <span class='ocrx_word' id='word_1_64' title='bbox 1257 1028 1426 1097; x_wconf 85' lang='lat' dir='ltr'><strong>justas</strong></span> <span class='ocrx_word' id='word_1_65' title='bbox 1455 1028 1661 1081; x_wconf 88' lang='lat' dir='ltr'><strong>tentatio</strong></span> <span class='ocrx_word' id='word_1_66' title='bbox 1697 1027 1914 1080; x_wconf 86' lang='lat' dir='ltr'><strong>tribula-</strong></span> 
     </span>
    </p>
   </div>
   <div class='ocr_carea' id='block_1_10' title="bbox 332 1117 1916 1190">
    <p class='ocr_par' dir='ltr' id='par_1_10' title="bbox 332 1117 1916 1190">
     <span class='ocr_line' id='line_1_10' title="bbox 332 1117 1916 1190; baseline 0.003 -20"><span class='ocrx_word' id='word_1_67' title='bbox 332 1118 482 1172; x_wconf 86' lang='lat' dir='ltr'><strong>tionis</strong></span> <span class='ocrx_word' id='word_1_68' title='bbox 509 1117 693 1190; x_wconf 81' lang='lat' dir='ltr'><strong>(Ereti.</strong></span> <span class='ocrx_word' id='word_1_69' title='bbox 727 1133 901 1181; x_wconf 86' lang='lat' dir='ltr'><strong>xxvn,</strong></span> <span class='ocrx_word' id='word_1_70' title='bbox 933 1117 1026 1190; x_wconf 83' lang='lat'><strong>6):</strong></span> <span class='ocrx_word' id='word_1_71' title='bbox 1068 1119 1321 1187; x_wconf 88' lang='lat' dir='ltr'><strong>probatus</strong></span> <span class='ocrx_word' id='word_1_72' title='bbox 1360 1127 1442 1173; x_wconf 88' lang='lat' dir='ltr'><strong>est</strong></span> <span class='ocrx_word' id='word_1_73' title='bbox 1475 1127 1632 1188; x_wconf 77' lang='lat' dir='ltr'><strong>atque</strong></span> <span class='ocrx_word' id='word_1_74' title='bbox 1661 1118 1916 1174; x_wconf 76' lang='lat' dir='ltr'><strong>decoctus</strong></span> 
     </span>
    </p>
   </div>
   <div class='ocr_carea' id='block_1_11' title="bbox 332 1209 1911 1280">
    <p class='ocr_par' dir='ltr' id='par_1_11' title="bbox 332 1209 1911 1280">
     <span class='ocr_line' id='line_1_11' title="bbox 332 1209 1911 1280; baseline 0.002 -17"><span class='ocrx_word' id='word_1_75' title='bbox 332 1209 424 1263; x_wconf 90' lang='lat' dir='ltr'><strong>illo</strong></span> <span class='ocrx_word' id='word_1_76' title='bbox 450 1209 569 1280; x_wconf 77' lang='lat' dir='ltr'><strong>igne</strong></span> <span class='ocrx_word' id='word_1_77' title='bbox 596 1209 906 1265; x_wconf 76' lang='lat' dir='ltr'><strong>Vincentius</strong></span> <span class='ocrx_word' id='word_1_78' title='bbox 936 1225 952 1266; x_wconf 84' lang='lat'>:</span> <span class='ocrx_word' id='word_1_79' title='bbox 984 1211 1115 1264; x_wconf 84' lang='lat' dir='ltr'><strong>arsit</strong></span> <span class='ocrx_word' id='word_1_80' title='bbox 1144 1226 1272 1265; x_wconf 90' lang='lat' dir='ltr'><strong>vero</strong></span> <span class='ocrx_word' id='word_1_81' title='bbox 1314 1221 1364 1266; x_wconf 90' lang='lat' dir='ltr'><strong>et</strong></span> <span class='ocrx_word' id='word_1_82' title='bbox 1391 1212 1599 1280; x_wconf 86' lang='lat' dir='ltr'><strong>crepuit</strong></span> <span class='ocrx_word' id='word_1_83' title='bbox 1627 1211 1911 1266; x_wconf 75' lang='lat' dir='ltr'><strong>Decianus.</strong></span> 
     </span>
    </p>
   </div>
   <div class='ocr_carea' id='block_1_12' title="bbox 329 1298 1914 1370">
    <p class='ocr_par' dir='ltr' id='par_1_12' title="bbox 329 1298 1914 1370">
     <span class='ocr_line' id='line_1_12' title="bbox 329 1298 1914 1370; baseline 0.002 -16"><span class='ocrx_word' id='word_1_84' title='bbox 329 1298 386 1354; x_wconf 87' lang='lat' dir='ltr'><strong>Si</strong></span> <span class='ocrx_word' id='word_1_85' title='bbox 408 1300 547 1354; x_wconf 89' lang='lat' dir='ltr'><strong>enim</strong></span> <span class='ocrx_word' id='word_1_86' title='bbox 569 1314 675 1354; x_wconf 88' lang='lat' dir='ltr'><strong>non</strong></span> <span class='ocrx_word' id='word_1_87' title='bbox 696 1300 935 1365; x_wconf 78' lang='lat' dir='ltr'><strong>ardebat,</strong></span> <span class='ocrx_word' id='word_1_88' title='bbox 959 1301 1099 1356; x_wconf 90' lang='lat' dir='ltr'><strong>unde</strong></span> <span class='ocrx_word' id='word_1_89' title='bbox 1115 1301 1420 1356; x_wconf 89' lang='lat' dir='ltr'><strong>clamabat?</strong></span> <span class='ocrx_word' id='word_1_90' title='bbox 1440 1301 1574 1370; x_wconf 83' lang='lat' dir='ltr'><strong>Quid</strong></span> <span class='ocrx_word' id='word_1_91' title='bbox 1597 1302 1738 1357; x_wconf 91' lang='lat' dir='ltr'><strong>enim</strong></span> <span class='ocrx_word' id='word_1_92' title='bbox 1760 1310 1914 1357; x_wconf 88' lang='lat' dir='ltr'><strong>erant</strong></span> 
     </span>
    </p>
   </div>
   <div class='ocr_carea' id='block_1_13' title="bbox 328 1389 1911 1462">
    <p class='ocr_par' dir='ltr' id='par_1_13' title="bbox 328 1389 1911 1462">
     <span class='ocr_line' id='line_1_13' title="bbox 328 1389 1911 1462; baseline 0.003 -20"><span class='ocrx_word' id='word_1_93' title='bbox 328 1389 489 1444; x_wconf 89' lang='lat' dir='ltr'><strong>verba</strong></span> <span class='ocrx_word' id='word_1_94' title='bbox 521 1389 817 1455; x_wconf 85' lang='lat' dir='ltr'><strong>irascentis,</strong></span> <span class='ocrx_word' id='word_1_95' title='bbox 849 1389 951 1444; x_wconf 90' lang='lat' dir='ltr'><strong>nisi</strong></span> <span class='ocrx_word' id='word_1_96' title='bbox 995 1390 1169 1444; x_wconf 89' lang='lat' dir='ltr'><strong>fumus</strong></span> <span class='ocrx_word' id='word_1_97' title='bbox 1208 1389 1489 1446; x_wconf 84' lang='lat' dir='ltr'><strong>ardentis?</strong></span> <span class='ocrx_word' id='word_1_98' title='bbox 1530 1391 1668 1459; x_wconf 78' lang='lat' dir='ltr'><strong>Ergo</strong></span> <span class='ocrx_word' id='word_1_99' title='bbox 1695 1390 1911 1462; x_wconf 78' lang='lat' dir='ltr'><strong>Martyri</strong></span> 
     </span>
    </p>
   </div>
   <div class='ocr_carea' id='block_1_14' title="bbox 328 1479 1914 1552">
    <p class='ocr_par' dir='ltr' id='par_1_14' title="bbox 328 1479 1914 1552">
     <span class='ocr_line' id='line_1_14' title="bbox 328 1479 1914 1552; baseline 0.001 -17"><span class='ocrx_word' id='word_1_100' title='bbox 328 1490 514 1536; x_wconf 90' lang='lat' dir='ltr'><strong>nostro</strong></span> <span class='ocrx_word' id='word_1_101' title='bbox 540 1479 875 1552; x_wconf 74' lang='lat' dir='ltr'><strong>refrigerium</strong></span> <span class='ocrx_word' id='word_1_102' title='bbox 911 1481 965 1536; x_wconf 93' lang='lat' dir='ltr'><strong>in</strong></span> <span class='ocrx_word' id='word_1_103' title='bbox 994 1481 1157 1538; x_wconf 88' lang='lat' dir='ltr'><strong>corde</strong></span> <span class='ocrx_word' id='word_1_104' title='bbox 1183 1482 1419 1546; x_wconf 86' lang='lat' dir='ltr'><strong>habenti,</strong></span> <span class='ocrx_word' id='word_1_105' title='bbox 1448 1481 1690 1537; x_wconf 88' lang='lat' dir='ltr'><strong>ﬂammas</strong></span> <span class='ocrx_word' id='word_1_106' title='bbox 1713 1482 1914 1536; x_wconf 82' lang='lat' dir='ltr'><strong>extrin-</strong></span> 
     </span>
    </p>
   </div>
   <div class='ocr_carea' id='block_1_15' title="bbox 328 1571 1911 1643">
    <p class='ocr_par' dir='ltr' id='par_1_15' title="bbox 328 1571 1911 1643">
     <span class='ocr_line' id='line_1_15' title="bbox 328 1571 1911 1643; baseline -0.001 -15"><span class='ocrx_word' id='word_1_107' title='bbox 328 1587 482 1628; x_wconf 87' lang='lat' dir='ltr'><strong>secus</strong></span> <span class='ocrx_word' id='word_1_108' title='bbox 505 1571 823 1628; x_wconf 79' lang='lat' dir='ltr'><strong>admovebat</strong></span> <span class='ocrx_word' id='word_1_109' title='bbox 849 1588 865 1628; x_wconf 89' lang='lat'><strong>:</strong></span> <span class='ocrx_word' id='word_1_110' title='bbox 894 1572 988 1628; x_wconf 89' lang='lat' dir='ltr'><strong>sed</strong></span> <span class='ocrx_word' id='word_1_111' title='bbox 1027 1573 1142 1643; x_wconf 89' lang='lat' dir='ltr'><strong>ipse</strong></span> <span class='ocrx_word' id='word_1_112' title='bbox 1165 1571 1368 1628; x_wconf 81' lang='lat' dir='ltr'><strong>facibus</strong></span> <span class='ocrx_word' id='word_1_113' title='bbox 1393 1571 1584 1628; x_wconf 83' lang='lat' dir='ltr'><strong>furoris</strong></span> <span class='ocrx_word' id='word_1_114' title='bbox 1612 1587 1871 1627; x_wconf 88' lang='lat' dir='ltr'><strong>accensus</strong></span> <span class='ocrx_word' id='word_1_115' title='bbox 1893 1612 1911 1638; x_wconf 93' lang='lat'><strong>,</strong></span> 
     </span>
    </p>
   </div>
   <div class='ocr_carea' id='block_1_16' title="bbox 331 1661 1908 1732">
    <p class='ocr_par' dir='ltr' id='par_1_16' title="bbox 331 1661 1908 1732">
     <span class='ocr_line' id='line_1_16' title="bbox 331 1661 1908 1732; baseline -0.001 -17"><span class='ocrx_word' id='word_1_116' title='bbox 331 1671 578 1732; x_wconf 84' lang='lat' dir='ltr'><strong>tanquam</strong></span> <span class='ocrx_word' id='word_1_117' title='bbox 599 1662 844 1718; x_wconf 86' lang='lat' dir='ltr'><strong>clibanus</strong></span> <span class='ocrx_word' id='word_1_118' title='bbox 870 1664 1010 1718; x_wconf 90' lang='lat' dir='ltr'><strong>intus</strong></span> <span class='ocrx_word' id='word_1_119' title='bbox 1032 1662 1272 1729; x_wconf 83' lang='lat' dir='ltr'><strong>ardebat,</strong></span> <span class='ocrx_word' id='word_1_120' title='bbox 1297 1671 1352 1718; x_wconf 91' lang='lat' dir='ltr'><strong>et</strong></span> <span class='ocrx_word' id='word_1_121' title='bbox 1377 1661 1728 1717; x_wconf 90' lang='lat' dir='ltr'><strong>habitatorem</strong></span> <span class='ocrx_word' id='word_1_122' title='bbox 1754 1676 1908 1716; x_wconf 91' lang='lat' dir='ltr'><strong>suum</strong></span> 
     </span>
    </p>
   </div>
   <div class='ocr_carea' id='block_1_17' title="bbox 328 1750 1910 1809">
    <p class='ocr_par' dir='ltr' id='par_1_17' title="bbox 328 1750 1910 1809">
     <span class='ocr_line' id='line_1_17' title="bbox 328 1750 1910 1809; baseline -0.003 -1"><span class='ocrx_word' id='word_1_123' title='bbox 328 1751 596 1808; x_wconf 89' lang='lat' dir='ltr'><strong>diabolum</strong></span> <span class='ocrx_word' id='word_1_124' title='bbox 641 1753 1035 1808; x_wconf 90' lang='lat' dir='ltr'><strong>concremabat.</strong></span> <span class='ocrx_word' id='word_1_125' title='bbox 1079 1753 1182 1809; x_wconf 87' lang='lat' dir='ltr'><strong>Per</strong></span> <span class='ocrx_word' id='word_1_126' title='bbox 1226 1753 1452 1808; x_wconf 89' lang='lat' dir='ltr'><strong>furiosas</strong></span> <span class='ocrx_word' id='word_1_127' title='bbox 1498 1753 1642 1808; x_wconf 91' lang='lat' dir='ltr'><strong>enim</strong></span> <span class='ocrx_word' id='word_1_128' title='bbox 1693 1750 1910 1806; x_wconf 87' lang='lat' dir='ltr'><strong>Daciani</strong></span> 
     </span>
    </p>
   </div>
   <div class='ocr_carea' id='block_1_18' title="bbox 329 1841 1911 1915">
    <p class='ocr_par' dir='ltr' id='par_1_18' title="bbox 329 1841 1911 1915">
     <span class='ocr_line' id='line_1_18' title="bbox 329 1841 1911 1915; baseline -0.003 -17"><span class='ocrx_word' id='word_1_129' title='bbox 329 1859 520 1908; x_wconf 83' lang='lat' dir='ltr'><strong>voces,</strong></span> <span class='ocrx_word' id='word_1_130' title='bbox 550 1860 646 1915; x_wconf 88' lang='lat' dir='ltr'><strong>per</strong></span> <span class='ocrx_word' id='word_1_131' title='bbox 673 1853 853 1900; x_wconf 89' lang='lat' dir='ltr'><strong>truces</strong></span> <span class='ocrx_word' id='word_1_132' title='bbox 880 1845 1065 1899; x_wconf 92' lang='lat' dir='ltr'><strong>oculos</strong></span> <span class='ocrx_word' id='word_1_133' title='bbox 1089 1853 1144 1899; x_wconf 91' lang='lat' dir='ltr'><strong>et</strong></span> <span class='ocrx_word' id='word_1_134' title='bbox 1171 1845 1407 1899; x_wconf 86' lang='lat' dir='ltr'><strong>minaces</strong></span> <span class='ocrx_word' id='word_1_135' title='bbox 1432 1843 1613 1897; x_wconf 89' lang='lat' dir='ltr'><strong>vultus</strong></span> <span class='ocrx_word' id='word_1_136' title='bbox 1655 1849 1710 1896; x_wconf 89' lang='lat' dir='ltr'><strong>et</strong></span> <span class='ocrx_word' id='word_1_137' title='bbox 1749 1841 1911 1896; x_wconf 86' lang='lat' dir='ltr'><strong>totius</strong></span> 
     </span>
    </p>
   </div>
   <div class='ocr_carea' id='block_1_19' title="bbox 329 1935 1912 2006">
    <p class='ocr_par' dir='ltr' id='par_1_19' title="bbox 329 1935 1912 2006">
     <span class='ocr_line' id='line_1_19' title="bbox 329 1935 1912 2006; baseline -0.003 -15"><span class='ocrx_word' id='word_1_138' title='bbox 329 1936 570 2006; x_wconf 89' lang='lat' dir='ltr'><strong>corporis</strong></span> <span class='ocrx_word' id='word_1_139' title='bbox 597 1945 772 1991; x_wconf 85' lang='lat' dir='ltr'><strong>motus</strong></span> <span class='ocrx_word' id='word_1_140' title='bbox 804 1936 892 1991; x_wconf 90' lang='lat' dir='ltr'><strong>ille</strong></span> <span class='ocrx_word' id='word_1_141' title='bbox 919 1936 1186 1991; x_wconf 83' lang='lat' dir='ltr'><strong>habitator</strong></span> <span class='ocrx_word' id='word_1_142' title='bbox 1226 1935 1341 2003; x_wconf 86' lang='lat' dir='ltr'><strong>ejus</strong></span> <span class='ocrx_word' id='word_1_143' title='bbox 1386 1935 1608 1989; x_wconf 88' lang='lat' dir='ltr'><strong>interior</strong></span> <span class='ocrx_word' id='word_1_144' title='bbox 1647 1941 1912 1989; x_wconf 84' lang='lat' dir='ltr'><strong>monstra-</strong></span> 
     </span>
    </p>
   </div>
   <div class='ocr_carea' id='block_1_20' title="bbox 331 2023 1907 2098">
    <p class='ocr_par' dir='ltr' id='par_1_20' title="bbox 331 2023 1907 2098">
     <span class='ocr_line' id='line_1_20' title="bbox 331 2023 1907 2098; baseline -0.004 -14"><span class='ocrx_word' id='word_1_145' title='bbox 331 2030 511 2094; x_wconf 84' lang='lat' dir='ltr'><strong>batur;</strong></span> <span class='ocrx_word' id='word_1_146' title='bbox 555 2036 612 2084; x_wconf 90' lang='lat' dir='ltr'><strong>et</strong></span> <span class='ocrx_word' id='word_1_147' title='bbox 652 2043 748 2098; x_wconf 84' lang='lat' dir='ltr'><strong>per</strong></span> <span class='ocrx_word' id='word_1_148' title='bbox 776 2029 890 2083; x_wconf 59' lang='lat' dir='ltr'><strong>hinc</strong></span> <span class='ocrx_word' id='word_1_149' title='bbox 931 2028 1076 2098; x_wconf 87' lang='lat' dir='ltr'><strong>signa</strong></span> <span class='ocrx_word' id='word_1_150' title='bbox 1107 2027 1354 2092; x_wconf 72' lang='lat' dir='ltr'><strong>visibilis,</strong></span> <span class='ocrx_word' id='word_1_151' title='bbox 1399 2037 1646 2095; x_wconf 87' lang='lat' dir='ltr'><strong>tanquam</strong></span> <span class='ocrx_word' id='word_1_152' title='bbox 1685 2039 1782 2095; x_wconf 89' lang='lat' dir='ltr'><strong>per</strong></span> <span class='ocrx_word' id='word_1_153' title='bbox 1823 2023 1907 2078; x_wconf 90' lang='lat' dir='ltr'><strong>sui</strong></span> 
     </span>
    </p>
   </div>
   <div class='ocr_carea' id='block_1_21' title="bbox 331 2115 1911 2192">
    <p class='ocr_par' dir='ltr' id='par_1_21' title="bbox 331 2115 1911 2192">
     <span class='ocr_line' id='line_1_21' title="bbox 331 2115 1911 2192; baseline -0.003 -20"><span class='ocrx_word' id='word_1_154' title='bbox 331 2121 531 2178; x_wconf 90' lang='lat' dir='ltr'><strong>vasculi</strong></span> <span class='ocrx_word' id='word_1_155' title='bbox 557 2160 573 2186; x_wconf 91' lang='lat'><strong>,</strong></span> <span class='ocrx_word' id='word_1_156' title='bbox 615 2120 756 2192; x_wconf 90' lang='lat' dir='ltr'><strong>quod</strong></span> <span class='ocrx_word' id='word_1_157' title='bbox 784 2119 1128 2189; x_wconf 89' lang='lat' dir='ltr'><strong>impleverat,</strong></span> <span class='ocrx_word' id='word_1_158' title='bbox 1157 2118 1425 2189; x_wconf 87' lang='lat' dir='ltr'><strong>crepantis</strong></span> <span class='ocrx_word' id='word_1_159' title='bbox 1449 2117 1668 2173; x_wconf 85' lang='lat' dir='ltr'><strong>rimulas</strong></span> <span class='ocrx_word' id='word_1_160' title='bbox 1694 2115 1911 2171; x_wconf 85' lang='lat' dir='ltr'><strong>videba-</strong></span> 
     </span>
    </p>
   </div>
   <div class='ocr_carea' id='block_1_22' title="bbox 329 2208 1908 2282">
    <p class='ocr_par' dir='ltr' id='par_1_22' title="bbox 329 2208 1908 2282">
     <span class='ocr_line' id='line_1_22' title="bbox 329 2208 1908 2282; baseline -0.004 -15"><span class='ocrx_word' id='word_1_161' title='bbox 329 2222 434 2268; x_wconf 89' lang='lat' dir='ltr'><strong>tur.</strong></span> <span class='ocrx_word' id='word_1_162' title='bbox 503 2212 617 2268; x_wconf 86' lang='lat' dir='ltr'><strong>Non</strong></span> <span class='ocrx_word' id='word_1_163' title='bbox 666 2221 866 2266; x_wconf 84' lang='lat' dir='ltr'><strong>tantum</strong></span> <span class='ocrx_word' id='word_1_164' title='bbox 911 2211 1192 2282; x_wconf 87' lang='lat' dir='ltr'><strong>Martyrem</strong></span> <span class='ocrx_word' id='word_1_165' title='bbox 1246 2208 1554 2266; x_wconf 88' lang='lat' dir='ltr'><strong>cruciabant</strong></span> <span class='ocrx_word' id='word_1_166' title='bbox 1607 2215 1908 2273; x_wconf 88' lang='lat' dir='ltr'><strong>tormenta,</strong></span> 
     </span>
    </p>
   </div>
   <div class='ocr_carea' id='block_1_23' title="bbox 327 2301 1285 2374">
    <p class='ocr_par' dir='ltr' id='par_1_23' title="bbox 327 2301 1285 2374">
     <span class='ocr_line' id='line_1_23' title="bbox 327 2301 1285 2374; baseline -0.003 -15"><span class='ocrx_word' id='word_1_167' title='bbox 327 2315 584 2374; x_wconf 85' lang='lat' dir='ltr'><strong>quantum</strong></span> <span class='ocrx_word' id='word_1_168' title='bbox 613 2305 759 2358; x_wconf 86' lang='lat' dir='ltr'><strong>illum</strong></span> <span class='ocrx_word' id='word_1_169' title='bbox 788 2302 1030 2358; x_wconf 81' lang='lat' dir='ltr'><strong>vastabat</strong></span> <span class='ocrx_word' id='word_1_170' title='bbox 1057 2301 1285 2356; x_wconf 86' lang='lat' dir='ltr'><strong>insania.</strong></span> 
     </span>
    </p>
   </div>
   <div class='ocr_carea' id='block_1_24' title="bbox 398 2390 1908 2464">
    <p class='ocr_par' dir='ltr' id='par_1_24' title="bbox 398 2390 1908 2464">
     <span class='ocr_line' id='line_1_24' title="bbox 398 2390 1908 2464; baseline -0.007 -11"><span class='ocrx_word' id='word_1_171' title='bbox 398 2393 624 2454; x_wconf 80' lang='lat' dir='ltr'><strong>CAPUT</strong></span> <span class='ocrx_word' id='word_1_172' title='bbox 665 2395 753 2449; x_wconf 85' lang='lat' dir='ltr'><strong>IV.</strong></span> <span class='ocrx_word' id='word_1_173' title='bbox 788 2424 860 2434; x_wconf 97' lang='lat'><strong>—</strong></span> <span class='ocrx_word' id='word_1_174' title='bbox 888 2395 942 2449; x_wconf 74' lang='grc' dir='ltr'>ι.</span> <span class='ocrx_word' id='word_1_175' title='bbox 985 2393 1228 2447; x_wconf 84' lang='lat' dir='ltr'><strong>Vincentii</strong></span> <span class='ocrx_word' id='word_1_176' title='bbox 1261 2392 1425 2464; x_wconf 83' lang='lat' dir='ltr'><strong>gloria</strong></span> <span class='ocrx_word' id='word_1_177' title='bbox 1457 2401 1566 2462; x_wconf 84' lang='lat' dir='ltr'><strong>post</strong></span> <span class='ocrx_word' id='word_1_178' title='bbox 1593 2390 1908 2461; x_wconf 80' lang='lat' dir='ltr'><strong>passionem,</strong></span> 
     </span>
    </p>
   </div>
   <div class='ocr_carea' id='block_1_25' title="bbox 327 2482 1911 2554">
    <p class='ocr_par' dir='ltr' id='par_1_25' title="bbox 327 2482 1911 2554">
     <span class='ocr_line' id='line_1_25' title="bbox 327 2482 1911 2554; baseline -0.003 -12"><span class='ocrx_word' id='word_1_179' title='bbox 327 2489 482 2543; x_wconf 73' lang='lat' dir='ltr'><strong>etiam</strong></span> <span class='ocrx_word' id='word_1_180' title='bbox 524 2489 576 2542; x_wconf 90' lang='lat' dir='ltr'><strong>in</strong></span> <span class='ocrx_word' id='word_1_181' title='bbox 621 2487 715 2541; x_wconf 78' lang='lat' dir='ltr'><strong>hoc</strong></span> <span class='ocrx_word' id='word_1_182' title='bbox 756 2485 963 2540; x_wconf 85' lang='lat' dir='ltr'><strong>mundo.</strong></span> <span class='ocrx_word' id='word_1_183' title='bbox 1012 2484 1117 2540; x_wconf 88' lang='lat' dir='ltr'><strong>Sed</strong></span> <span class='ocrx_word' id='word_1_184' title='bbox 1155 2485 1290 2554; x_wconf 88' lang='lat' dir='ltr'><strong>jam,</strong></span> <span class='ocrx_word' id='word_1_185' title='bbox 1342 2483 1554 2548; x_wconf 82' lang='lat' dir='ltr'><strong>fratres,</strong></span> <span class='ocrx_word' id='word_1_186' title='bbox 1599 2483 1685 2536; x_wconf 87' lang='lat' dir='ltr'><strong>illa</strong></span> <span class='ocrx_word' id='word_1_187' title='bbox 1732 2482 1911 2537; x_wconf 82' lang='lat' dir='ltr'><strong>omnia</strong></span> 
     </span>
    </p>
   </div>
   <div class='ocr_carea' id='block_1_26' title="bbox 331 2575 1910 2648">
    <p class='ocr_par' dir='ltr' id='par_1_26' title="bbox 331 2575 1910 2648">
     <span class='ocr_line' id='line_1_26' title="bbox 331 2575 1910 2648; baseline -0.003 -14"><span class='ocrx_word' id='word_1_188' title='bbox 331 2580 675 2647; x_wconf 86' lang='lat' dir='ltr'><strong>transierunt,</strong></span> <span class='ocrx_word' id='word_1_189' title='bbox 708 2589 763 2632; x_wconf 84' lang='lat' dir='ltr'><strong>ct</strong></span> <span class='ocrx_word' id='word_1_190' title='bbox 789 2579 865 2632; x_wconf 84' lang='lat' dir='ltr'><strong>ira</strong></span> <span class='ocrx_word' id='word_1_191' title='bbox 899 2577 1134 2642; x_wconf 87' lang='lat' dir='ltr'><strong>Daciani,</strong></span> <span class='ocrx_word' id='word_1_192' title='bbox 1165 2586 1219 2632; x_wconf 89' lang='lat' dir='ltr'><strong>ct</strong></span> <span class='ocrx_word' id='word_1_193' title='bbox 1248 2591 1404 2648; x_wconf 73' lang='lat' dir='ltr'><strong>poma</strong></span> <span class='ocrx_word' id='word_1_194' title='bbox 1441 2575 1725 2631; x_wconf 83' lang='lat' dir='ltr'><strong>Vincentii.</strong></span> <span class='ocrx_word' id='word_1_195' title='bbox 1759 2575 1910 2630; x_wconf 85' lang='lat' dir='ltr'><strong>Nunc</strong></span> 
     </span>
    </p>
   </div>
   <div class='ocr_carea' id='block_1_27' title="bbox 330 2665 1909 2739">
    <p class='ocr_par' dir='ltr' id='par_1_27' title="bbox 330 2665 1909 2739">
     <span class='ocr_line' id='line_1_27' title="bbox 330 2665 1909 2739; baseline -0.004 -14"><span class='ocrx_word' id='word_1_196' title='bbox 330 2680 510 2726; x_wconf 82' lang='lat' dir='ltr'><strong>autem</strong></span> <span class='ocrx_word' id='word_1_197' title='bbox 537 2683 690 2739; x_wconf 61' lang='lat' dir='ltr'><strong>perna</strong></span> <span class='ocrx_word' id='word_1_198' title='bbox 720 2668 949 2723; x_wconf 88' lang='lat' dir='ltr'><strong>Daciano</strong></span> <span class='ocrx_word' id='word_1_199' title='bbox 975 2709 989 2732; x_wconf 89' lang='lat'><strong>,</strong></span> <span class='ocrx_word' id='word_1_200' title='bbox 1021 2682 1216 2722; x_wconf 87' lang='lat' dir='ltr'><strong>corona</strong></span> <span class='ocrx_word' id='word_1_201' title='bbox 1245 2681 1372 2721; x_wconf 86' lang='lat' dir='ltr'><strong>vero</strong></span> <span class='ocrx_word' id='word_1_202' title='bbox 1398 2674 1577 2720; x_wconf 91' lang='lat' dir='ltr'><strong>manet</strong></span> <span class='ocrx_word' id='word_1_203' title='bbox 1604 2665 1909 2721; x_wconf 81' lang='lat' dir='ltr'><strong>Vincentio.</strong></span> 
     </span>
    </p>
   </div>
   <div class='ocr_carea' id='block_1_28' title="bbox 333 2756 1912 2829">
    <p class='ocr_par' dir='ltr' id='par_1_28' title="bbox 333 2756 1912 2829">
     <span class='ocr_line' id='line_1_28' title="bbox 333 2756 1912 2829; baseline -0.003 -14"><span class='ocrx_word' id='word_1_204' title='bbox 333 2761 570 2828; x_wconf 79' lang='lat' dir='ltr'><strong>Denique</strong></span> <span class='ocrx_word' id='word_1_205' title='bbox 600 2760 681 2813; x_wconf 86' lang='lat' dir='ltr'><strong>his</strong></span> <span class='ocrx_word' id='word_1_206' title='bbox 711 2758 1002 2829; x_wconf 62' lang='lat' dir='ltr'><strong>praemissis</strong></span> <span class='ocrx_word' id='word_1_207' title='bbox 1041 2756 1235 2812; x_wconf 76' lang='lat' dir='ltr'><strong>futura:</strong></span> <span class='ocrx_word' id='word_1_208' title='bbox 1275 2757 1524 2812; x_wconf 85' lang='lat' dir='ltr'><strong>videlicet</strong></span> <span class='ocrx_word' id='word_1_209' title='bbox 1548 2756 1912 2812; x_wconf 86' lang='lat' dir='ltr'><strong>retributionis</strong></span> 
     </span>
    </p>
   </div>
   <div class='ocr_carea' id='block_1_29' title="bbox 335 2845 1913 2920">
    <p class='ocr_par' dir='ltr' id='par_1_29' title="bbox 335 2845 1913 2920">
     <span class='ocr_line' id='line_1_29' title="bbox 335 2845 1913 2920; baseline -0.003 -14"><span class='ocrx_word' id='word_1_210' title='bbox 335 2853 561 2918; x_wconf 86' lang='lat' dir='ltr'><strong>finibus,</strong></span> <span class='ocrx_word' id='word_1_211' title='bbox 589 2852 748 2907; x_wconf 89' lang='lat' dir='ltr'><strong>etiam</strong></span> <span class='ocrx_word' id='word_1_212' title='bbox 781 2851 832 2905; x_wconf 92' lang='lat' dir='ltr'><strong>in</strong></span> <span class='ocrx_word' id='word_1_213' title='bbox 862 2851 963 2904; x_wconf 87' lang='lat' dir='ltr'><strong>hoc</strong></span> <span class='ocrx_word' id='word_1_214' title='bbox 994 2848 1192 2902; x_wconf 90' lang='lat' dir='ltr'><strong>mundo</strong></span> <span class='ocrx_word' id='word_1_215' title='bbox 1232 2859 1523 2920; x_wconf 87' lang='lat' dir='ltr'><strong>martyrum</strong></span> <span class='ocrx_word' id='word_1_216' title='bbox 1565 2847 1791 2918; x_wconf 79' lang='lat' dir='ltr'><strong>gloriam</strong></span> <span class='ocrx_word' id='word_1_217' title='bbox 1818 2845 1913 2902; x_wconf 85' lang='lat' dir='ltr'><strong>de-</strong></span> 
     </span>
    </p>
   </div>
   <div class='ocr_carea' id='block_1_30' title="bbox 333 2936 1911 3010">
    <p class='ocr_par' dir='ltr' id='par_1_30' title="bbox 333 2936 1911 3010">
     <span class='ocr_line' id='line_1_30' title="bbox 333 2936 1911 3010; baseline -0.004 -12"><span class='ocrx_word' id='word_1_218' title='bbox 333 2952 708 2999; x_wconf 87' lang='lat' dir='ltr'><strong>monstremus.</strong></span> <span class='ocrx_word' id='word_1_219' title='bbox 732 2941 862 3010; x_wconf 76' lang='lat' dir='ltr'><strong>Qna:</strong></span> <span class='ocrx_word' id='word_1_220' title='bbox 892 2939 1049 2996; x_wconf 80' lang='lat' dir='ltr'><strong>hodie</strong></span> <span class='ocrx_word' id='word_1_221' title='bbox 1077 2939 1244 3010; x_wconf 86' lang='lat' dir='ltr'><strong>regio,</strong></span> <span class='ocrx_word' id='word_1_222' title='bbox 1276 2953 1462 3010; x_wconf 84' lang='lat' dir='ltr'><strong>quaeve</strong></span> <span class='ocrx_word' id='word_1_223' title='bbox 1484 2937 1756 3008; x_wconf 85' lang='lat' dir='ltr'><strong>provincia</strong></span> <span class='ocrx_word' id='word_1_224' title='bbox 1781 2936 1911 3004; x_wconf 86' lang='lat' dir='ltr'><strong>ulla,</strong></span> 
     </span>
    </p>
   </div>
   <div class='ocr_carea' id='block_1_31' title="bbox 331 3020 1913 3106">
    <p class='ocr_par' dir='ltr' id='par_1_31' title="bbox 331 3020 1913 3106">
     <span class='ocr_line' id='line_1_31' title="bbox 331 3020 1913 3106; baseline -0.003 -17"><span class='ocrx_word' id='word_1_225' title='bbox 331 3049 438 3106; x_wconf 89' lang='lat' dir='ltr'><strong>quo</strong></span> <span class='ocrx_word' id='word_1_226' title='bbox 463 3050 632 3106; x_wconf 86' lang='lat' dir='ltr'><strong>usque</strong></span> <span class='ocrx_word' id='word_1_227' title='bbox 656 3034 742 3088; x_wconf 88' lang='lat' dir='ltr'><strong>vel</strong></span> <span class='ocrx_word' id='word_1_228' title='bbox 774 3033 1072 3087; x_wconf 75' lang='lat' dir='ltr'><strong>Romanum</strong></span> <span class='ocrx_word' id='word_1_229' title='bbox 1101 3031 1382 3102; x_wconf 89' lang='lat' dir='ltr'><strong>imperium</strong></span> <span class='ocrx_word' id='word_1_230' title='bbox 1405 3072 1420 3098; x_wconf 90' lang='lat'><strong>,</strong></span> <span class='ocrx_word' id='word_1_231' title='bbox 1453 3030 1534 3086; x_wconf 87' lang='lat' dir='ltr'><strong>vel</strong></span> <span class='ocrx_word' id='word_1_232' title='bbox 1563 3020 1913 3085; x_wconf 73' lang='lat' dir='ltr'><strong>christianum</strong></span> 
     </span>
    </p>
   </div>
   <div class='ocr_carea' id='block_1_32' title="bbox 333 3120 1914 3192">
    <p class='ocr_par' dir='ltr' id='par_1_32' title="bbox 333 3120 1914 3192">
     <span class='ocr_line' id='line_1_32' title="bbox 333 3120 1914 3192; baseline -0.003 -12"><span class='ocrx_word' id='word_1_233' title='bbox 333 3141 524 3180; x_wconf 88' lang='lat' dir='ltr'><strong>nomen</strong></span> <span class='ocrx_word' id='word_1_234' title='bbox 579 3123 924 3189; x_wconf 80' lang='lat' dir='ltr'><strong>extenditur,</strong></span> <span class='ocrx_word' id='word_1_235' title='bbox 967 3123 1198 3176; x_wconf 87' lang='lat' dir='ltr'><strong>natalem</strong></span> <span class='ocrx_word' id='word_1_236' title='bbox 1248 3138 1355 3176; x_wconf 90' lang='lat' dir='ltr'><strong>non</strong></span> <span class='ocrx_word' id='word_1_237' title='bbox 1401 3121 1596 3192; x_wconf 80' lang='lat' dir='ltr'><strong>gaudet</strong></span> <span class='ocrx_word' id='word_1_238' title='bbox 1640 3120 1914 3176; x_wconf 85' lang='lat' dir='ltr'><strong>celebrare</strong></span> 
     </span>
    </p>
   </div>
   <div class='ocr_carea' id='block_1_33' title="bbox 333 3211 1915 3280">
    <p class='ocr_par' dir='ltr' id='par_1_33' title="bbox 333 3211 1915 3280">
     <span class='ocr_line' id='line_1_33' title="bbox 333 3211 1915 3280; baseline -0.003 -10"><span class='ocrx_word' id='word_1_239' title='bbox 333 3214 641 3270; x_wconf 83' lang='lat' dir='ltr'><strong>Vincentii?</strong></span> <span class='ocrx_word' id='word_1_240' title='bbox 668 3213 800 3280; x_wconf 82' lang='lat' dir='ltr'><strong>Quis</strong></span> <span class='ocrx_word' id='word_1_241' title='bbox 827 3222 1003 3268; x_wconf 90' lang='lat' dir='ltr'><strong>autem</strong></span> <span class='ocrx_word' id='word_1_242' title='bbox 1032 3211 1193 3268; x_wconf 86' lang='lat' dir='ltr'><strong>hodie</strong></span> <span class='ocrx_word' id='word_1_243' title='bbox 1222 3212 1438 3266; x_wconf 86' lang='lat' dir='ltr'><strong>Daciani</strong></span> <span class='ocrx_word' id='word_1_244' title='bbox 1471 3213 1554 3266; x_wconf 86' lang='lat' dir='ltr'><strong>vel</strong></span> <span class='ocrx_word' id='word_1_245' title='bbox 1588 3225 1781 3267; x_wconf 91' lang='lat' dir='ltr'><strong>nomen</strong></span> <span class='ocrx_word' id='word_1_246' title='bbox 1821 3228 1915 3266; x_wconf 78' lang='lat' dir='ltr'><strong>au-</strong></span> 
     </span>
    </p>
   </div>
   <div class='ocr_carea' id='block_1_34' title="bbox 330 3287 1914 3374">
    <p class='ocr_par' dir='ltr' id='par_1_34' title="bbox 330 3287 1914 3374">
     <span class='ocr_line' id='line_1_34' title="bbox 330 3287 1914 3374; baseline -0.001 -13"><span class='ocrx_word' id='word_1_247' title='bbox 330 3306 521 3371; x_wconf 89' lang='lat' dir='ltr'><strong>disset,</strong></span> <span class='ocrx_word' id='word_1_248' title='bbox 557 3287 658 3359; x_wconf 84' lang='lat' dir='ltr'><strong>nisi</strong></span> <span class='ocrx_word' id='word_1_249' title='bbox 692 3303 953 3358; x_wconf 88' lang='lat' dir='ltr'><strong>Vincentii</strong></span> <span class='ocrx_word' id='word_1_250' title='bbox 985 3303 1286 3373; x_wconf 87' lang='lat' dir='ltr'><strong>passionem</strong></span> <span class='ocrx_word' id='word_1_251' title='bbox 1317 3303 1570 3374; x_wconf 80' lang='lat' dir='ltr'><strong>legisset?</strong></span> <span class='ocrx_word' id='word_1_252' title='bbox 1605 3302 1758 3370; x_wconf 87' lang='lat' dir='ltr'><strong>Quod</strong></span> <span class='ocrx_word' id='word_1_253' title='bbox 1789 3317 1914 3359; x_wconf 89' lang='lat' dir='ltr'><strong>vero</strong></span> 
     </span>
    </p>
   </div>
   <div class='ocr_carea' id='block_1_35' title="bbox 333 3393 1916 3467">
    <p class='ocr_par' dir='ltr' id='par_1_35' title="bbox 333 3393 1916 3467">
     <span class='ocr_line' id='line_1_35' title="bbox 333 3393 1916 3467; baseline -0.001 -15"><span class='ocrx_word' id='word_1_254' title='bbox 333 3408 480 3453; x_wconf 86' lang='lat' dir='ltr'><strong>tanta</strong></span> <span class='ocrx_word' id='word_1_255' title='bbox 522 3413 648 3452; x_wconf 88' lang='lat' dir='ltr'><strong>cura</strong></span> <span class='ocrx_word' id='word_1_256' title='bbox 689 3395 921 3452; x_wconf 85' lang='lat' dir='ltr'><strong>servavit</strong></span> <span class='ocrx_word' id='word_1_257' title='bbox 963 3395 1218 3450; x_wconf 90' lang='lat' dir='ltr'><strong>Dominus</strong></span> <span class='ocrx_word' id='word_1_258' title='bbox 1258 3393 1503 3467; x_wconf 75' lang='lat' dir='ltr'><strong>Martyris</strong></span> <span class='ocrx_word' id='word_1_259' title='bbox 1530 3409 1761 3465; x_wconf 83' lang='lat' dir='ltr'><strong>corpus,</strong></span> <span class='ocrx_word' id='word_1_260' title='bbox 1791 3395 1916 3466; x_wconf 91' lang='lat' dir='ltr'><strong>quid</strong></span> 
     </span>
    </p>
   </div>
   <div class='ocr_carea' id='block_1_36' title="bbox 331 3486 1914 3558">
    <p class='ocr_par' dir='ltr' id='par_1_36' title="bbox 331 3486 1914 3558">
     <span class='ocr_line' id='line_1_36' title="bbox 331 3486 1914 3558; baseline 0 -17"><span class='ocrx_word' id='word_1_261' title='bbox 331 3487 477 3544; x_wconf 85' lang='lat' dir='ltr'><strong>aliud</strong></span> <span class='ocrx_word' id='word_1_262' title='bbox 521 3487 941 3552; x_wconf 86' lang='lat' dir='ltr'><strong>demonstravit,</strong></span> <span class='ocrx_word' id='word_1_263' title='bbox 989 3487 1088 3542; x_wconf 89' lang='lat' dir='ltr'><strong>nisi</strong></span> <span class='ocrx_word' id='word_1_264' title='bbox 1135 3502 1192 3542; x_wconf 89' lang='lat' dir='ltr'><strong>se</strong></span> <span class='ocrx_word' id='word_1_265' title='bbox 1238 3486 1564 3558; x_wconf 76' lang='lat' dir='ltr'><strong>gubernasse</strong></span> <span class='ocrx_word' id='word_1_266' title='bbox 1607 3489 1914 3554; x_wconf 86' lang='lat' dir='ltr'><strong>viventem,</strong></span> 
     </span>
    </p>
   </div>
   <div class='ocr_carea' id='block_1_37' title="bbox 332 3577 1916 3652">
    <p class='ocr_par' dir='ltr' id='par_1_37' title="bbox 332 3577 1916 3652">
     <span class='ocr_line' id='line_1_37' title="bbox 332 3577 1916 3652; baseline -0.001 -19"><span class='ocrx_word' id='word_1_267' title='bbox 332 3596 491 3652; x_wconf 88' lang='lat' dir='ltr'><strong>quem</strong></span> <span class='ocrx_word' id='word_1_268' title='bbox 523 3595 628 3634; x_wconf 93' lang='lat' dir='ltr'><strong>non</strong></span> <span class='ocrx_word' id='word_1_269' title='bbox 671 3579 886 3649; x_wconf 87' lang='lat' dir='ltr'><strong>reliquit</strong></span> <span class='ocrx_word' id='word_1_270' title='bbox 912 3577 1252 3634; x_wconf 81' lang='lat' dir='ltr'><strong>exanimem?</strong></span> <span class='ocrx_word' id='word_1_271' title='bbox 1285 3579 1424 3632; x_wconf 83' lang='lat' dir='ltr'><strong>Vicit</strong></span> <span class='ocrx_word' id='word_1_272' title='bbox 1466 3594 1595 3649; x_wconf 85' lang='lat' dir='ltr'><strong>ergo</strong></span> <span class='ocrx_word' id='word_1_273' title='bbox 1626 3578 1916 3632; x_wconf 83' lang='lat' dir='ltr'><strong>Dacianum</strong></span> 
     </span>
    </p>
   </div>
   <div class='ocr_carea' id='block_1_38' title="bbox 335 3669 1918 3733">
    <p class='ocr_par' dir='ltr' id='par_1_38' title="bbox 335 3669 1918 3733">
     <span class='ocr_line' id='line_1_38' title="bbox 335 3669 1918 3733; baseline 0.001 -10"><span class='ocrx_word' id='word_1_274' title='bbox 335 3673 522 3726; x_wconf 84' lang='lat' dir='ltr'><strong>vivens</strong></span> <span class='ocrx_word' id='word_1_275' title='bbox 549 3670 876 3733; x_wconf 86' lang='lat' dir='ltr'><strong>Vincentius,</strong></span> <span class='ocrx_word' id='word_1_276' title='bbox 907 3670 1031 3725; x_wconf 84' lang='lat' dir='ltr'><strong>vicit</strong></span> <span class='ocrx_word' id='word_1_277' title='bbox 1051 3679 1104 3724; x_wconf 90' lang='lat' dir='ltr'><strong>et</strong></span> <span class='ocrx_word' id='word_1_278' title='bbox 1134 3678 1396 3724; x_wconf 86' lang='lat' dir='ltr'><strong>mortuus.</strong></span> <span class='ocrx_word' id='word_1_279' title='bbox 1428 3669 1626 3724; x_wconf 89' lang='lat' dir='ltr'><strong>Vivens</strong></span> <span class='ocrx_word' id='word_1_280' title='bbox 1656 3678 1918 3725; x_wconf 85' lang='lat' dir='ltr'><strong>tormenta</strong></span> 
     </span>
    </p>
   </div>
   <div class='ocr_carea' id='block_1_39' title="bbox 334 3760 1921 3831">
    <p class='ocr_par' dir='ltr' id='par_1_39' title="bbox 334 3760 1921 3831">
     <span class='ocr_line' id='line_1_39' title="bbox 334 3760 1921 3831; baseline 0.001 -13"><span class='ocrx_word' id='word_1_281' title='bbox 334 3764 593 3828; x_wconf 87' lang='lat' dir='ltr'><strong>calcavit,</strong></span> <span class='ocrx_word' id='word_1_282' title='bbox 623 3771 867 3817; x_wconf 87' lang='lat' dir='ltr'><strong>mortuus</strong></span> <span class='ocrx_word' id='word_1_283' title='bbox 892 3762 1057 3817; x_wconf 90' lang='lat' dir='ltr'><strong>maria</strong></span> <span class='ocrx_word' id='word_1_284' title='bbox 1096 3762 1466 3816; x_wconf 79' lang='lat' dir='ltr'><strong>transnatavit.</strong></span> <span class='ocrx_word' id='word_1_285' title='bbox 1496 3760 1601 3817; x_wconf 89' lang='lat' dir='ltr'><strong>Sed</strong></span> <span class='ocrx_word' id='word_1_286' title='bbox 1643 3762 1756 3831; x_wconf 89' lang='lat' dir='ltr'><strong>ipse</strong></span> <span class='ocrx_word' id='word_1_287' title='bbox 1784 3762 1921 3818; x_wconf 85' lang='lat' dir='ltr'><strong>inter</strong></span> 
     </span>
    </p>
   </div>
   <div class='ocr_carea' id='block_1_40' title="bbox 337 3851 1924 3924">
    <p class='ocr_par' dir='ltr' id='par_1_40' title="bbox 337 3851 1924 3924">
     <span class='ocr_line' id='line_1_40' title="bbox 337 3851 1924 3924; baseline -0.001 -16"><span class='ocrx_word' id='word_1_288' title='bbox 337 3854 505 3908; x_wconf 84' lang='lat' dir='ltr'><strong>undas</strong></span> <span class='ocrx_word' id='word_1_289' title='bbox 529 3852 846 3924; x_wconf 86' lang='lat' dir='ltr'><strong>gubernavit</strong></span> <span class='ocrx_word' id='word_1_290' title='bbox 874 3854 1102 3907; x_wconf 89' lang='lat' dir='ltr'><strong>cadaver</strong></span> <span class='ocrx_word' id='word_1_291' title='bbox 1132 3851 1449 3907; x_wconf 84' lang='lat' dir='ltr'><strong>exstinctum</strong></span> <span class='ocrx_word' id='word_1_292' title='bbox 1476 3895 1490 3918; x_wconf 92' lang='lat'><strong>,</strong></span> <span class='ocrx_word' id='word_1_293' title='bbox 1519 3853 1607 3923; x_wconf 90' lang='lat' dir='ltr'><strong>qui</strong></span> <span class='ocrx_word' id='word_1_294' title='bbox 1643 3853 1783 3909; x_wconf 91' lang='lat' dir='ltr'><strong>inter</strong></span> <span class='ocrx_word' id='word_1_295' title='bbox 1825 3870 1924 3907; x_wconf 84' lang='lat' dir='ltr'><strong>un-</strong></span> 
     </span>
    </p>
   </div>
   <div class='ocr_carea' id='block_1_41' title="bbox 339 3943 1921 4018">
    <p class='ocr_par' dir='ltr' id='par_1_41' title="bbox 339 3943 1921 4018">
     <span class='ocr_line' id='line_1_41' title="bbox 339 3943 1921 4018; baseline 0.001 -20"><span class='ocrx_word' id='word_1_296' title='bbox 339 3946 488 4018; x_wconf 77' lang='lat' dir='ltr'><strong>gulas</strong></span> <span class='ocrx_word' id='word_1_297' title='bbox 530 3946 766 4002; x_wconf 89' lang='lat' dir='ltr'><strong>animum</strong></span> <span class='ocrx_word' id='word_1_298' title='bbox 811 3944 1030 3999; x_wconf 91' lang='lat' dir='ltr'><strong>donavit</strong></span> <span class='ocrx_word' id='word_1_299' title='bbox 1069 3943 1345 4000; x_wconf 83' lang='lat' dir='ltr'><strong>invictum.</strong></span> <span class='ocrx_word' id='word_1_300' title='bbox 1374 3943 1489 4002; x_wconf 87' lang='lat' dir='ltr'><strong>Non</strong></span> <span class='ocrx_word' id='word_1_301' title='bbox 1521 3945 1669 4002; x_wconf 79' lang='lat' dir='ltr'><strong>ﬂexit</strong></span> <span class='ocrx_word' id='word_1_302' title='bbox 1708 3946 1921 4003; x_wconf 88' lang='lat' dir='ltr'><strong>ﬂamma</strong></span> 
     </span>
    </p>
   </div>
   <div class='ocr_carea' id='block_1_42' title="bbox 337 4033 1920 4108">
    <p class='ocr_par' dir='ltr' id='par_1_42' title="bbox 337 4033 1920 4108">
     <span class='ocr_line' id='line_1_42' title="bbox 337 4033 1920 4108; baseline 0.002 -18"><span class='ocrx_word' id='word_1_303' title='bbox 337 4033 553 4090; x_wconf 79' lang='lat' dir='ltr'><strong>tortoris</strong></span> <span class='ocrx_word' id='word_1_304' title='bbox 578 4050 670 4091; x_wconf 87' lang='lat' dir='ltr'><strong>cor</strong></span> <span class='ocrx_word' id='word_1_305' title='bbox 695 4035 832 4105; x_wconf 81' lang='lat' dir='ltr'><strong>ejus,</strong></span> <span class='ocrx_word' id='word_1_306' title='bbox 866 4051 970 4090; x_wconf 93' lang='lat' dir='ltr'><strong>non</strong></span> <span class='ocrx_word' id='word_1_307' title='bbox 999 4035 1189 4091; x_wconf 90' lang='lat' dir='ltr'><strong>mersit</strong></span> <span class='ocrx_word' id='word_1_308' title='bbox 1212 4052 1346 4106; x_wconf 90' lang='lat' dir='ltr'><strong>aqua</strong></span> <span class='ocrx_word' id='word_1_309' title='bbox 1371 4036 1533 4092; x_wconf 82' lang='lat' dir='ltr'><strong>maris</strong></span> <span class='ocrx_word' id='word_1_310' title='bbox 1556 4052 1750 4108; x_wconf 91' lang='lat' dir='ltr'><strong>corpus</strong></span> <span class='ocrx_word' id='word_1_311' title='bbox 1779 4037 1920 4108; x_wconf 89' lang='lat' dir='ltr'><strong>ejus.</strong></span> 
     </span>
    </p>
   </div>
   <div class='ocr_carea' id='block_1_43' title="bbox 335 4126 1921 4198">
    <p class='ocr_par' dir='ltr' id='par_1_43' title="bbox 335 4126 1921 4198">
     <span class='ocr_line' id='line_1_43' title="bbox 335 4126 1921 4198; baseline 0.001 -16"><span class='ocrx_word' id='word_1_312' title='bbox 335 4128 441 4182; x_wconf 86' lang='lat' dir='ltr'><strong>Sed</strong></span> <span class='ocrx_word' id='word_1_313' title='bbox 473 4129 523 4182; x_wconf 89' lang='lat' dir='ltr'><strong>in</strong></span> <span class='ocrx_word' id='word_1_314' title='bbox 557 4127 640 4182; x_wconf 89' lang='lat' dir='ltr'><strong>his</strong></span> <span class='ocrx_word' id='word_1_315' title='bbox 669 4135 726 4183; x_wconf 91' lang='lat' dir='ltr'><strong>et</strong></span> <span class='ocrx_word' id='word_1_316' title='bbox 754 4126 1055 4198; x_wconf 75' lang='lat' dir='ltr'><strong>huiusmodi</strong></span> <span class='ocrx_word' id='word_1_317' title='bbox 1081 4129 1330 4183; x_wconf 90' lang='lat' dir='ltr'><strong>omnibus</strong></span> <span class='ocrx_word' id='word_1_318' title='bbox 1357 4129 1489 4184; x_wconf 89' lang='lat' dir='ltr'><strong>nihil</strong></span> <span class='ocrx_word' id='word_1_319' title='bbox 1520 4129 1789 4198; x_wconf 87' lang='lat' dir='ltr'><strong>estaliud,</strong></span> <span class='ocrx_word' id='word_1_320' title='bbox 1819 4128 1921 4184; x_wconf 94' lang='lat' dir='ltr'><strong>nisi</strong></span> 
     </span>
    </p>
   </div>
   <div class='ocr_carea' id='block_1_44' title="bbox 345 4223 1922 4294">
    <p class='ocr_par' dir='ltr' id='par_1_44' title="bbox 345 4223 1922 4294">
     <span class='ocr_line' id='line_1_44' title="bbox 345 4223 1922 4294; baseline 0.001 -17"><span class='ocrx_word' id='word_1_321' title='bbox 345 4225 558 4293; x_wconf 79' lang='lat' dir='ltr'><strong>pretiosa</strong></span> <span class='ocrx_word' id='word_1_322' title='bbox 615 4225 666 4278; x_wconf 89' lang='lat' dir='ltr'><strong>in</strong></span> <span class='ocrx_word' id='word_1_323' title='bbox 715 4233 980 4294; x_wconf 85' lang='lat' dir='ltr'><strong>conspectu</strong></span> <span class='ocrx_word' id='word_1_324' title='bbox 1028 4223 1233 4278; x_wconf 84' lang='lat' dir='ltr'><strong>Domini</strong></span> <span class='ocrx_word' id='word_1_325' title='bbox 1287 4241 1422 4279; x_wconf 87' lang='lat' dir='ltr'><strong>mors</strong></span> <span class='ocrx_word' id='word_1_326' title='bbox 1475 4235 1765 4279; x_wconf 86' lang='lat' dir='ltr'><strong>sanctorum</strong></span> <span class='ocrx_word' id='word_1_327' title='bbox 1813 4231 1922 4294; x_wconf 84' lang='lat' dir='ltr'><strong>ejus</strong></span> 
     </span>
    </p>
   </div>
   <div class='ocr_carea' id='block_1_45' title="bbox 337 4313 805 4383">
    <p class='ocr_par' dir='ltr' id='par_1_45' title="bbox 337 4313 805 4383">
     <span class='ocr_line' id='line_1_45' title="bbox 337 4313 805 4383; baseline 0.009 -17"><span class='ocrx_word' id='word_1_328' title='bbox 337 4313 511 4383; x_wconf 58' lang='lat' dir='ltr'><strong>rl’sal.</strong></span> <span class='ocrx_word' id='word_1_329' title='bbox 535 4329 658 4382; x_wconf 70' lang='grc' dir='ltr'><strong>ειν,</strong></span> <span class='ocrx_word' id='word_1_330' title='bbox 693 4314 805 4382; x_wconf 82' lang='lat' dir='ltr'><strong>l5).</strong></span> 
     </span>
    </p>
   </div>
   <div class='ocr_carea' id='block_1_46' title="bbox 747 4425 1516 4498">
    <p class='ocr_par' dir='ltr' id='par_1_46' title="bbox 747 4425 1516 4498">
     <span class='ocr_line' id='line_1_46' title="bbox 747 4425 1516 4498; baseline -0.003 -16"><span class='ocrx_word' id='word_1_331' title='bbox 747 4425 976 4482; x_wconf 82' lang='lat' dir='ltr'><strong>SERth</strong></span> <span class='ocrx_word' id='word_1_332' title='bbox 1012 4425 1334 4483; x_wconf 79' lang='lat' dir='ltr'><strong>CCLxxvn</strong></span> <span class='ocrx_word' id='word_1_333' title='bbox 1368 4433 1384 4451; x_wconf 85' lang='grc'><strong>·</strong></span> <span class='ocrx_word' id='word_1_334' title='bbox 1415 4427 1516 4498; x_wconf 79' lang='grc' dir='ltr'><strong>(α).</strong></span> 
     </span>
    </p>
   </div>
   <div class='ocr_carea' id='block_1_47' title="bbox 711 4515 1561 4582">
    <p class='ocr_par' dir='ltr' id='par_1_47' title="bbox 711 4515 1561 4582">
     <span class='ocr_line' id='line_1_47' title="bbox 711 4515 1561 4582; baseline 0.004 -17"><span class='ocrx_word' id='word_1_335' title='bbox 711 4522 759 4565; x_wconf 90' lang='lat' dir='ltr'><strong>tn</strong></span> <span class='ocrx_word' id='word_1_336' title='bbox 793 4515 917 4567; x_wconf 90' lang='lat' dir='ltr'><strong>festo</strong></span> <span class='ocrx_word' id='word_1_337' title='bbox 948 4518 1167 4582; x_wconf 75' lang='lat' dir='ltr'><strong>martyris</strong></span> <span class='ocrx_word' id='word_1_338' title='bbox 1197 4518 1429 4569; x_wconf 73' lang='lat' dir='ltr'><strong>\‘incentii</strong></span> <span class='ocrx_word' id='word_1_339' title='bbox 1449 4553 1465 4580; x_wconf 95' lang='lat'><strong>,</strong></span> <span class='ocrx_word' id='word_1_340' title='bbox 1500 4532 1561 4568; x_wconf 84' lang='lat' dir='ltr'><strong>tv.</strong></span> 
     </span>
    </p>
   </div>
   <div class='ocr_carea' id='block_1_48' title="bbox 344 4618 1921 4692">
    <p class='ocr_par' dir='ltr' id='par_1_48' title="bbox 344 4618 1921 4692">
     <span class='ocr_line' id='line_1_48' title="bbox 344 4618 1921 4692; baseline 0.002 -17"><span class='ocrx_word' id='word_1_341' title='bbox 344 4621 404 4676; x_wconf 82' lang='lat' dir='ltr'><strong>ln</strong></span> <span class='ocrx_word' id='word_1_342' title='bbox 442 4636 540 4690; x_wconf 85' lang='lat' dir='ltr'><strong>quo</strong></span> <span class='ocrx_word' id='word_1_343' title='bbox 586 4619 876 4690; x_wconf 78' lang='lat' dir='ltr'><strong>disputatur</strong></span> <span class='ocrx_word' id='word_1_344' title='bbox 903 4618 966 4672; x_wconf 88' lang='lat' dir='ltr'><strong>de</strong></span> <span class='ocrx_word' id='word_1_345' title='bbox 1001 4635 1212 4690; x_wconf 82' lang='lat' dir='ltr'><strong>corpore</strong></span> <span class='ocrx_word' id='word_1_346' title='bbox 1249 4621 1504 4690; x_wconf 79' lang='lat' dir='ltr'><strong>spirituali</strong></span> <span class='ocrx_word' id='word_1_347' title='bbox 1545 4632 1656 4692; x_wconf 85' lang='lat' dir='ltr'><strong>post</strong></span> <span class='ocrx_word' id='word_1_348' title='bbox 1695 4640 1921 4678; x_wconf 82' lang='lat' dir='ltr'><strong>resurre-</strong></span> 
     </span>
    </p>
   </div>
   <div class='ocr_carea' id='block_1_49' title="bbox 411 4710 1926 4782">
    <p class='ocr_par' dir='ltr' id='par_1_49' title="bbox 411 4710 1926 4782">
     <span class='ocr_line' id='line_1_49' title="bbox 411 4710 1926 4782; baseline 0.003 -17"><span class='ocrx_word' id='word_1_349' title='bbox 411 4712 647 4778; x_wconf 76' lang='lat' dir='ltr'><strong>ctionem,</strong></span> <span class='ocrx_word' id='word_1_350' title='bbox 671 4722 717 4765; x_wconf 85' lang='lat' dir='ltr'><strong>et</strong></span> <span class='ocrx_word' id='word_1_351' title='bbox 736 4721 903 4766; x_wconf 81' lang='lat' dir='ltr'><strong>utrum</strong></span> <span class='ocrx_word' id='word_1_352' title='bbox 922 4710 1170 4782; x_wconf 79' lang='lat' dir='ltr'><strong>ejusmodi</strong></span> <span class='ocrx_word' id='word_1_353' title='bbox 1188 4713 1415 4780; x_wconf 87' lang='lat' dir='ltr'><strong>corporis</strong></span> <span class='ocrx_word' id='word_1_354' title='bbox 1431 4714 1591 4767; x_wconf 79' lang='lat' dir='ltr'><strong>oculis</strong></span> <span class='ocrx_word' id='word_1_355' title='bbox 1613 4714 1768 4768; x_wconf 85' lang='lat' dir='ltr'><strong>rideri</strong></span> <span class='ocrx_word' id='word_1_356' title='bbox 1787 4714 1926 4770; x_wconf 79' lang='lat' dir='ltr'><strong>Deus</strong></span> 
     </span>
    </p>
   </div>
   <div class='ocr_carea' id='block_1_50' title="bbox 411 4814 1553 4923">
    <p class='ocr_par' dir='ltr' id='par_1_50' title="bbox 411 4814 1553 4923">
     <span class='ocr_line' id='line_1_50' title="bbox 411 4814 1553 4923; baseline 0 -2"><span class='ocrx_word' id='word_1_357' title='bbox 411 4814 587 4874; x_wconf 51' lang='lat'><strong>90&quot;“.</strong></span> <span class='ocrx_word' id='word_1_358' title='bbox 717 4873 914 4923; x_wconf 79' lang='lat' dir='ltr'><strong>Habitus</strong></span> <span class='ocrx_word' id='word_1_359' title='bbox 943 4873 992 4922; x_wconf 88' lang='lat' dir='ltr'><strong>in</strong></span> <span class='ocrx_word' id='word_1_360' title='bbox 1023 4870 1219 4922; x_wconf 82' lang='lat' dir='ltr'><strong>basilica</strong></span> <span class='ocrx_word' id='word_1_361' title='bbox 1253 4874 1480 4923; x_wconf 76' lang='lat' dir='ltr'><strong>uestituta</strong></span> <span class='ocrx_word' id='word_1_362' title='bbox 1517 4875 1553 4921; x_wconf 87' lang='grc'><strong>¹.</strong></span> 
     </span>
    </p>
   </div>
   <div class='ocr_carea' id='block_1_51' title="bbox 411 4974 1925 5038">
    <p class='ocr_par' dir='ltr' id='par_1_51' title="bbox 411 4974 1925 5038">
     <span class='ocr_line' id='line_1_51' title="bbox 411 4974 1925 5038; baseline 0.002 -9"><span class='ocrx_word' id='word_1_363' title='bbox 411 4975 636 5038; x_wconf 67' lang='lat' dir='ltr'><strong>CAPUT</strong></span> <span class='ocrx_word' id='word_1_364' title='bbox 675 4975 956 5032; x_wconf 71' lang='lat' dir='ltr'><strong>PRIMUM.</strong></span> <span class='ocrx_word' id='word_1_365' title='bbox 1006 5005 1077 5016; x_wconf 91' lang='lat'><strong><em>—</em></strong></span> <span class='ocrx_word' id='word_1_366' title='bbox 1125 4975 1176 5030; x_wconf 79' lang='lat' dir='ltr'><strong>l.</strong></span> <span class='ocrx_word' id='word_1_367' title='bbox 1237 4974 1484 5030; x_wconf 80' lang='lat' dir='ltr'><strong>l&#39;incentii</strong></span> <span class='ocrx_word' id='word_1_368' title='bbox 1525 4976 1738 5032; x_wconf 84' lang='lat' dir='ltr'><strong>cadauer</strong></span> <span class='ocrx_word' id='word_1_369' title='bbox 1798 4979 1925 5032; x_wconf 80' lang='lat' dir='ltr'><strong>inri-</strong></span> 
     </span>
    </p>
   </div>
   <div class='ocr_carea' id='block_1_52' title="bbox 342 5063 1921 5139">
    <p class='ocr_par' dir='ltr' id='par_1_52' title="bbox 342 5063 1921 5139">
     <span class='ocr_line' id='line_1_52' title="bbox 342 5063 1921 5139; baseline 0.001 -18"><span class='ocrx_word' id='word_1_370' title='bbox 342 5081 492 5128; x_wconf 73' lang='lat' dir='ltr'><strong>ctum.</strong></span> <span class='ocrx_word' id='word_1_371' title='bbox 530 5063 773 5139; x_wconf 73' lang='lat' dir='ltr'><strong>llcliqnice</strong></span> <span class='ocrx_word' id='word_1_372' title='bbox 797 5077 1082 5122; x_wconf 86' lang='lat' dir='ltr'><strong>sanctorum</strong></span> <span class='ocrx_word' id='word_1_373' title='bbox 1123 5066 1190 5120; x_wconf 84' lang='lat' dir='ltr'><strong>ad</strong></span> <span class='ocrx_word' id='word_1_374' title='bbox 1233 5067 1464 5136; x_wconf 78' lang='lat' dir='ltr'><strong>ﬁdelium</strong></span> <span class='ocrx_word' id='word_1_375' title='bbox 1512 5069 1921 5123; x_wconf 73' lang='lat' dir='ltr'><strong>consolationem.</strong></span> 
     </span>
    </p>
   </div>
   <div class='ocr_carea' id='block_1_53' title="bbox 345 5158 1926 5230">
    <p class='ocr_par' dir='ltr' id='par_1_53' title="bbox 345 5158 1926 5230">
     <span class='ocr_line' id='line_1_53' title="bbox 345 5158 1926 5230; baseline 0.001 -15"><span class='ocrx_word' id='word_1_376' title='bbox 345 5161 572 5230; x_wconf 82' lang='lat' dir='ltr'><strong>Corpora</strong></span> <span class='ocrx_word' id='word_1_377' title='bbox 601 5171 890 5214; x_wconf 86' lang='lat' dir='ltr'><strong>sanctorum</strong></span> <span class='ocrx_word' id='word_1_378' title='bbox 915 5159 1034 5212; x_wconf 81' lang='lat' dir='ltr'><strong>datu</strong></span> <span class='ocrx_word' id='word_1_379' title='bbox 1061 5158 1301 5214; x_wconf 84' lang='lat' dir='ltr'><strong>Ecclesiis</strong></span> <span class='ocrx_word' id='word_1_380' title='bbox 1339 5160 1409 5212; x_wconf 87' lang='lat' dir='ltr'><strong>ad</strong></span> <span class='ocrx_word' id='word_1_381' title='bbox 1451 5161 1714 5214; x_wconf 81' lang='lat' dir='ltr'><strong>memorias</strong></span> <span class='ocrx_word' id='word_1_382' title='bbox 1737 5162 1926 5216; x_wconf 86' lang='lat' dir='ltr'><strong>oratio-</strong></span> 
     </span>
    </p>
   </div>
   <div class='ocr_carea' id='block_1_54' title="bbox 343 5249 1926 5328">
    <p class='ocr_par' dir='ltr' id='par_1_54' title="bbox 343 5249 1926 5328">
     <span class='ocr_line' id='line_1_54' title="bbox 343 5249 1926 5328; baseline 0.001 -22"><span class='ocrx_word' id='word_1_383' title='bbox 343 5268 461 5306; x_wconf 85' lang='lat' dir='ltr'><strong>num</strong></span> <span class='ocrx_word' id='word_1_384' title='bbox 488 5291 502 5314; x_wconf 87' lang='lat'><strong>,</strong></span> <span class='ocrx_word' id='word_1_385' title='bbox 551 5269 648 5304; x_wconf 88' lang='lat' dir='ltr'><strong>non</strong></span> <span class='ocrx_word' id='word_1_386' title='bbox 678 5251 746 5303; x_wconf 90' lang='lat' dir='ltr'><strong>ad</strong></span> <span class='ocrx_word' id='word_1_387' title='bbox 774 5250 965 5322; x_wconf 80' lang='lat' dir='ltr'><strong>glorias</strong></span> <span class='ocrx_word' id='word_1_388' title='bbox 1005 5261 1302 5320; x_wconf 84' lang='lat' dir='ltr'><strong>martyrum.</strong></span> <span class='ocrx_word' id='word_1_389' title='bbox 1343 5249 1523 5328; x_wconf 81' lang='lat' dir='ltr'><strong>oculis</strong></span> <span class='ocrx_word' id='word_1_390' title='bbox 1566 5250 1685 5306; x_wconf 86' lang='lat' dir='ltr'><strong>fidei</strong></span> <span class='ocrx_word' id='word_1_391' title='bbox 1715 5262 1926 5307; x_wconf 77' lang='lat' dir='ltr'><strong>certan—</strong></span> 
     </span>
    </p>
   </div>
   <div class='ocr_carea' id='block_1_55' title="bbox 344 5340 1926 5412">
    <p class='ocr_par' dir='ltr' id='par_1_55' title="bbox 344 5340 1926 5412">
     <span class='ocr_line' id='line_1_55' title="bbox 344 5340 1926 5412; baseline 0 -15"><span class='ocrx_word' id='word_1_392' title='bbox 344 5353 449 5397; x_wconf 87' lang='lat' dir='ltr'><strong>tem</strong></span> <span class='ocrx_word' id='word_1_393' title='bbox 473 5341 898 5412; x_wconf 81' lang='lat' dir='ltr'><strong>exspectavimus</strong></span> <span class='ocrx_word' id='word_1_394' title='bbox 925 5341 1230 5411; x_wconf 80' lang='lat' dir='ltr'><strong>Martyrem,</strong></span> <span class='ocrx_word' id='word_1_395' title='bbox 1254 5349 1308 5396; x_wconf 90' lang='lat' dir='ltr'><strong>et</strong></span> <span class='ocrx_word' id='word_1_396' title='bbox 1329 5340 1624 5396; x_wconf 86' lang='lat' dir='ltr'><strong>amavimus</strong></span> <span class='ocrx_word' id='word_1_397' title='bbox 1645 5350 1812 5398; x_wconf 89' lang='lat' dir='ltr'><strong>totum</strong></span> <span class='ocrx_word' id='word_1_398' title='bbox 1845 5343 1926 5398; x_wconf 79' lang='lat' dir='ltr'><strong>in-</strong></span> 
     </span>
    </p>
   </div>
   <div class='ocr_carea' id='block_1_56' title="bbox 407 5489 1926 5565">
    <p class='ocr_par' dir='ltr' id='par_1_56' title="bbox 407 5489 1926 5565">
     <span class='ocr_line' id='line_1_56' title="bbox 407 5489 1926 5565; baseline 0.003 -22"><span class='ocrx_word' id='word_1_399' title='bbox 407 5496 502 5565; x_wconf 48' lang='lat' dir='ltr'><strong>ita</strong></span> <span class='ocrx_word' id='word_1_400' title='bbox 540 5489 850 5565; x_wconf 44' lang='lat' dir='ltr'><strong>veteri-libro</strong></span> <span class='ocrx_word' id='word_1_401' title='bbox 886 5491 1163 5565; x_wconf 70' lang='lat' dir='ltr'><strong>polbertino</strong></span> <span class='ocrx_word' id='word_1_402' title='bbox 1189 5491 1484 5565; x_wconf 57' lang='lat' dir='ltr'><strong>insta-ibiut}:</strong></span> <span class='ocrx_word' id='word_1_403' title='bbox 1513 5493 1807 5565; x_wconf 37' lang='lat' dir='ltr'><strong>bichermo,</strong></span> <span class='ocrx_word' id='word_1_404' title='bbox 1857 5505 1926 5547; x_wconf 81' lang='lat' dir='ltr'><strong>De</strong></span> 
     </span>
    </p>
   </div>
   <div class='ocr_carea' id='block_1_57' title="bbox 347 5551 1738 5617">
    <p class='ocr_par' dir='ltr' id='par_1_57' title="bbox 347 5551 1738 5617">
     <span class='ocr_line' id='line_1_57' title="bbox 347 5551 1738 5617; baseline 0.001 -11"><span class='ocrx_word' id='word_1_405' title='bbox 347 5555 541 5607; x_wconf 74' lang='lat' dir='ltr'><strong>basilica</strong></span> <span class='ocrx_word' id='word_1_406' title='bbox 560 5554 612 5606; x_wconf 85' lang='lat' dir='ltr'><strong>in</strong></span> <span class='ocrx_word' id='word_1_407' title='bbox 628 5551 764 5605; x_wconf 79' lang='lat' dir='ltr'><strong>uallis</strong></span> <span class='ocrx_word' id='word_1_408' title='bbox 780 5551 975 5617; x_wconf 79' lang='lat' dir='ltr'><strong>gloriosi</strong></span> <span class='ocrx_word' id='word_1_409' title='bbox 996 5553 1224 5617; x_wconf 74' lang='lat' dir='ltr'><strong>martyris</strong></span> <span class='ocrx_word' id='word_1_410' title='bbox 1253 5551 1484 5606; x_wconf 71' lang='lat' dir='ltr'><strong>tinamtii</strong></span> <span class='ocrx_word' id='word_1_411' title='bbox 1503 5555 1738 5610; x_wconf 82' lang='lat' dir='ltr'><strong>restituta.</strong></span> 
     </span>
    </p>
   </div>
   <div class='ocr_carea' id='block_1_58' title="bbox 409 5607 1468 5680">
    <p class='ocr_par' dir='ltr' id='par_1_58' title="bbox 409 5607 1468 5680">
     <span class='ocr_line' id='line_1_58' title="bbox 409 5607 1468 5680; baseline 0.001 -14"><span class='ocrx_word' id='word_1_412' title='bbox 409 5621 422 5637; x_wconf 86' lang='lat'>&#39;</span> <span class='ocrx_word' id='word_1_413' title='bbox 448 5618 714 5680; x_wconf 67' lang='lat' dir='ltr'><strong>fastigatus</strong></span> <span class='ocrx_word' id='word_1_414' title='bbox 733 5607 869 5680; x_wconf 65' lang='lat' dir='ltr'><strong>ad&#39;cl.</strong></span> <span class='ocrx_word' id='word_1_415' title='bbox 893 5629 944 5680; x_wconf 79' lang='lat' dir='ltr'><strong>n.</strong></span> <span class='ocrx_word' id='word_1_416' title='bbox 966 5629 1014 5680; x_wconf 71' lang='lat' dir='ltr'><strong>r.</strong></span> <span class='ocrx_word' id='word_1_417' title='bbox 1033 5607 1187 5680; x_wconf 63' lang='grc' dir='ltr'><strong>Διἰιιῗῑ.</strong></span> <span class='ocrx_word' id='word_1_418' title='bbox 1215 5617 1338 5665; x_wconf 82' lang='lat' dir='ltr'><strong>etad</strong></span> <span class='ocrx_word' id='word_1_419' title='bbox 1361 5623 1468 5667; x_wconf 71' lang='lat' dir='ltr'><strong>Lor.</strong></span> 
     </span>
    </p>
   </div>
   <div class='ocr_carea' id='block_1_59' title="bbox 402 5677 1103 5741">
    <p class='ocr_par' dir='ltr' id='par_1_59' title="bbox 402 5677 1103 5741">
     <span class='ocr_line' id='line_1_59' title="bbox 402 5677 1103 5741; baseline -0.004 -13"><span class='ocrx_word' id='word_1_420' title='bbox 402 5683 477 5741; x_wconf 75' lang='grc' dir='ltr'><strong>(α)</strong></span> <span class='ocrx_word' id='word_1_421' title='bbox 513 5677 650 5738; x_wconf 71' lang='lat' dir='ltr'><strong>Alias,</strong></span> <span class='ocrx_word' id='word_1_422' title='bbox 675 5677 741 5728; x_wconf 89' lang='lat' dir='ltr'><strong>de</strong></span> <span class='ocrx_word' id='word_1_423' title='bbox 765 5677 975 5727; x_wconf 81' lang='lat' dir='ltr'><strong>Diversis</strong></span> <span class='ocrx_word' id='word_1_424' title='bbox 1002 5677 1103 5727; x_wconf 70' lang='lat' dir='ltr'><strong>l0&#39;2.</strong></span> 
     </span>
    </p>
   </div>
   <div class='ocr_carea' id='block_1_60' title="bbox 546 5765 1207 5827">
    <p class='ocr_par' dir='ltr' id='par_1_60' title="bbox 546 5765 1207 5827">
     <span class='ocr_line' id='line_1_60' title="bbox 546 5765 1207 5827; baseline -0.003 0"><span class='ocrx_word' id='word_1_425' title='bbox 546 5768 815 5827; x_wconf 73' lang='lat' dir='ltr'><strong>l’ATROL.</strong></span> <span class='ocrx_word' id='word_1_426' title='bbox 851 5766 903 5824; x_wconf 74' lang='grc' dir='ltr'><strong>Χ</strong></span> <span class='ocrx_word' id='word_1_427' title='bbox 923 5767 967 5824; x_wconf 85' lang='lat'><strong>.\&#39;</strong></span> <span class='ocrx_word' id='word_1_428' title='bbox 985 5765 1207 5825; x_wconf 69' lang='lat' dir='ltr'><strong>.\&#39;l&#39;ill.</strong></span> 
     </span>
    </p>
   </div>
   <div class='ocr_carea' id='block_1_61' title="bbox 1641 272 2252 331">
    <p class='ocr_par' dir='ltr' id='par_1_61' title="bbox 1641 272 2252 331">
     <span class='ocr_line' id='line_1_61' title="bbox 1641 272 2252 331; baseline -0.003 0"><span class='ocrx_word' id='word_1_429' title='bbox 1641 273 1870 331; x_wconf 60' lang='grc' dir='ltr'><strong>δειξΜο</strong></span> <span class='ocrx_word' id='word_1_430' title='bbox 1909 272 2252 330; x_wconf 73' lang='lat' dir='ltr'><strong>CCLXXVII.</strong></span> 
     </span>
    </p>
   </div>
   <div class='ocr_carea' id='block_1_62' title="bbox 3464 277 3601 334">
    <p class='ocr_par' dir='ltr' id='par_1_62' title="bbox 3464 277 3601 334">
     <span class='ocr_line' id='line_1_62' title="bbox 3464 277 3601 334; baseline -0.007 -2"><span class='ocrx_word' id='word_1_431' title='bbox 3464 277 3601 334; x_wconf 66' lang='lat' dir='ltr'><strong>l‘ZSS</strong></span> 
     </span>
    </p>
   </div>
   <div class='ocr_carea' id='block_1_63' title="bbox 2029 385 3602 456">
    <p class='ocr_par' dir='ltr' id='par_1_63' title="bbox 2029 385 3602 456">
     <span class='ocr_line' id='line_1_63' title="bbox 2029 385 3602 456; baseline 0.005 -18"><span class='ocrx_word' id='word_1_432' title='bbox 2029 385 2306 441; x_wconf 82' lang='lat' dir='ltr'><strong>visibiliter</strong></span> <span class='ocrx_word' id='word_1_433' title='bbox 2351 386 2646 456; x_wconf 80' lang='lat' dir='ltr'><strong>pulchrum.</strong></span> <span class='ocrx_word' id='word_1_434' title='bbox 2701 387 2882 453; x_wconf 82' lang='lat' dir='ltr'><strong>Qualis</strong></span> <span class='ocrx_word' id='word_1_435' title='bbox 2927 389 3068 444; x_wconf 88' lang='lat' dir='ltr'><strong>enim</strong></span> <span class='ocrx_word' id='word_1_436' title='bbox 3118 389 3323 445; x_wconf 87' lang='lat' dir='ltr'><strong>decoris</strong></span> <span class='ocrx_word' id='word_1_437' title='bbox 3368 389 3602 446; x_wconf 82' lang='lat' dir='ltr'><strong>habebat</strong></span> 
     </span>
    </p>
   </div>
   <div class='ocr_carea' id='block_1_64' title="bbox 2023 475 3598 546">
    <p class='ocr_par' dir='ltr' id='par_1_64' title="bbox 2023 475 3598 546">
     <span class='ocr_line' id='line_1_64' title="bbox 2023 475 3598 546; baseline 0.004 -18"><span class='ocrx_word' id='word_1_438' title='bbox 2023 475 2265 544; x_wconf 88' lang='lat' dir='ltr'><strong>spiritum</strong></span> <span class='ocrx_word' id='word_1_439' title='bbox 2292 516 2305 540; x_wconf 91' lang='lat'><strong>,</strong></span> <span class='ocrx_word' id='word_1_440' title='bbox 2344 477 2494 546; x_wconf 86' lang='lat' dir='ltr'><strong>cujus</strong></span> <span class='ocrx_word' id='word_1_441' title='bbox 2521 477 2614 532; x_wconf 88' lang='lat' dir='ltr'><strong>fuit</strong></span> <span class='ocrx_word' id='word_1_442' title='bbox 2639 488 2693 533; x_wconf 92' lang='lat' dir='ltr'><strong>et</strong></span> <span class='ocrx_word' id='word_1_443' title='bbox 2734 477 2961 534; x_wconf 87' lang='lat' dir='ltr'><strong>cadaver</strong></span> <span class='ocrx_word' id='word_1_444' title='bbox 2987 479 3286 535; x_wconf 74' lang='lat' dir='ltr'><strong>invictum?</strong></span> <span class='ocrx_word' id='word_1_445' title='bbox 3318 481 3598 539; x_wconf 83' lang='lat' dir='ltr'><strong>Dominum</strong></span> 
     </span>
    </p>
   </div>
   <div class='ocr_carea' id='block_1_65' title="bbox 2020 567 3598 640">
    <p class='ocr_par' dir='ltr' id='par_1_65' title="bbox 2020 567 3598 640">
     <span class='ocr_line' id='line_1_65' title="bbox 2020 567 3598 640; baseline 0.004 -20"><span class='ocrx_word' id='word_1_446' title='bbox 2020 567 2296 622; x_wconf 88' lang='lat' dir='ltr'><strong>confessus</strong></span> <span class='ocrx_word' id='word_1_447' title='bbox 2325 576 2406 622; x_wconf 85' lang='lat' dir='ltr'><strong>est</strong></span> <span class='ocrx_word' id='word_1_448' title='bbox 2434 567 2583 624; x_wconf 88' lang='lat' dir='ltr'><strong>vivus</strong></span> <span class='ocrx_word' id='word_1_449' title='bbox 2614 587 2626 623; x_wconf 91' lang='lat'><strong>:</strong></span> <span class='ocrx_word' id='word_1_450' title='bbox 2661 570 2932 625; x_wconf 90' lang='lat' dir='ltr'><strong>inimicum</strong></span> <span class='ocrx_word' id='word_1_451' title='bbox 2965 571 3231 640; x_wconf 88' lang='lat' dir='ltr'><strong>superavit</strong></span> <span class='ocrx_word' id='word_1_452' title='bbox 3259 581 3314 627; x_wconf 88' lang='lat' dir='ltr'><strong>et</strong></span> <span class='ocrx_word' id='word_1_453' title='bbox 3336 583 3598 628; x_wconf 85' lang='lat' dir='ltr'><strong>mortuus.</strong></span> 
     </span>
    </p>
   </div>
   <div class='ocr_carea' id='block_1_66' title="bbox 2020 657 3600 731">
    <p class='ocr_par' dir='ltr' id='par_1_66' title="bbox 2020 657 3600 731">
     <span class='ocr_line' id='line_1_66' title="bbox 2020 657 3600 731; baseline 0.007 -25"><span class='ocrx_word' id='word_1_454' title='bbox 2020 657 2155 725; x_wconf 84' lang='lat' dir='ltr'><strong>Quid</strong></span> <span class='ocrx_word' id='word_1_455' title='bbox 2184 668 2427 726; x_wconf 90' lang='lat' dir='ltr'><strong>putamus</strong></span> <span class='ocrx_word' id='word_1_456' title='bbox 2450 701 2465 724; x_wconf 93' lang='lat'><strong>,</strong></span> <span class='ocrx_word' id='word_1_457' title='bbox 2497 658 2686 715; x_wconf 89' lang='lat' dir='ltr'><strong>fratres</strong></span> <span class='ocrx_word' id='word_1_458' title='bbox 2710 701 2726 726; x_wconf 93' lang='lat'><strong>,</strong></span> <span class='ocrx_word' id='word_1_459' title='bbox 2767 660 2908 731; x_wconf 83' lang='lat' dir='ltr'><strong>quod</strong></span> <span class='ocrx_word' id='word_1_460' title='bbox 2943 661 3104 716; x_wconf 90' lang='lat' dir='ltr'><strong>istum</strong></span> <span class='ocrx_word' id='word_1_461' title='bbox 3135 662 3390 717; x_wconf 89' lang='lat' dir='ltr'><strong>honorem</strong></span> <span class='ocrx_word' id='word_1_462' title='bbox 3421 665 3600 731; x_wconf 90' lang='lat' dir='ltr'><strong>provi-</strong></span> 
     </span>
    </p>
   </div>
   <div class='ocr_carea' id='block_1_67' title="bbox 2020 748 3597 822">
    <p class='ocr_par' dir='ltr' id='par_1_67' title="bbox 2020 748 3597 822">
     <span class='ocr_line' id='line_1_67' title="bbox 2020 748 3597 822; baseline 0.003 -20"><span class='ocrx_word' id='word_1_463' title='bbox 2020 748 2198 803; x_wconf 88' lang='lat' dir='ltr'><strong>dentia</strong></span> <span class='ocrx_word' id='word_1_464' title='bbox 2225 759 2280 805; x_wconf 90' lang='lat' dir='ltr'><strong>et</strong></span> <span class='ocrx_word' id='word_1_465' title='bbox 2307 750 2584 804; x_wconf 87' lang='lat' dir='ltr'><strong>consilium</strong></span> <span class='ocrx_word' id='word_1_466' title='bbox 2610 752 2986 822; x_wconf 86' lang='lat' dir='ltr'><strong>omnipotentis</strong></span> <span class='ocrx_word' id='word_1_467' title='bbox 3007 750 3272 808; x_wconf 81' lang='lat' dir='ltr'><strong>Creatoris</strong></span> <span class='ocrx_word' id='word_1_468' title='bbox 3297 769 3417 808; x_wconf 91' lang='lat' dir='ltr'><strong>cum</strong></span> <span class='ocrx_word' id='word_1_469' title='bbox 3440 755 3597 809; x_wconf 90' lang='lat' dir='ltr'><strong>etiam</strong></span> 
     </span>
    </p>
   </div>
   <div class='ocr_carea' id='block_1_68' title="bbox 2019 836 3600 914">
    <p class='ocr_par' dir='ltr' id='par_1_68' title="bbox 2019 836 3600 914">
     <span class='ocr_line' id='line_1_68' title="bbox 2019 836 3600 914; baseline 0.004 -22"><span class='ocrx_word' id='word_1_470' title='bbox 2019 836 2268 894; x_wconf 87' lang='lat' dir='ltr'><strong>defuncto</strong></span> <span class='ocrx_word' id='word_1_471' title='bbox 2297 841 2506 911; x_wconf 86' lang='lat' dir='ltr'><strong>corpori</strong></span> <span class='ocrx_word' id='word_1_472' title='bbox 2537 841 2766 907; x_wconf 88' lang='lat' dir='ltr'><strong>detulit,</strong></span> <span class='ocrx_word' id='word_1_473' title='bbox 2814 841 3026 914; x_wconf 78' lang='lat' dir='ltr'><strong>Martyri</strong></span> <span class='ocrx_word' id='word_1_474' title='bbox 3070 843 3268 914; x_wconf 87' lang='lat' dir='ltr'><strong>aliquid</strong></span> <span class='ocrx_word' id='word_1_475' title='bbox 3319 847 3600 914; x_wconf 65' lang='lat' dir='ltr'><strong>praestitit?</strong></span> 
     </span>
    </p>
   </div>
   <div class='ocr_carea' id='block_1_69' title="bbox 2019 928 3599 1002">
    <p class='ocr_par' dir='ltr' id='par_1_69' title="bbox 2019 928 3599 1002">
     <span class='ocr_line' id='line_1_69' title="bbox 2019 928 3599 1002; baseline 0.004 -20"><span class='ocrx_word' id='word_1_476' title='bbox 2019 928 2156 996; x_wconf 86' lang='lat' dir='ltr'><strong>Quid</strong></span> <span class='ocrx_word' id='word_1_477' title='bbox 2192 930 2379 984; x_wconf 83' lang='lat' dir='ltr'><strong>enim?</strong></span> <span class='ocrx_word' id='word_1_478' title='bbox 2422 931 2466 985; x_wconf 90' lang='lat' dir='ltr'><strong>si</strong></span> <span class='ocrx_word' id='word_1_479' title='bbox 2512 947 2616 985; x_wconf 90' lang='lat' dir='ltr'><strong>non</strong></span> <span class='ocrx_word' id='word_1_480' title='bbox 2657 931 2973 1002; x_wconf 89' lang='lat' dir='ltr'><strong>sepeliretur</strong></span> <span class='ocrx_word' id='word_1_481' title='bbox 2997 974 3011 998; x_wconf 88' lang='lat'><strong>,</strong></span> <span class='ocrx_word' id='word_1_482' title='bbox 3046 933 3320 1002; x_wconf 80' lang='lat' dir='ltr'><strong>ignorabat</strong></span> <span class='ocrx_word' id='word_1_483' title='bbox 3347 933 3435 989; x_wconf 87' lang='lat' dir='ltr'><strong>ille</strong></span> <span class='ocrx_word' id='word_1_484' title='bbox 3460 935 3599 989; x_wconf 87' lang='lat' dir='ltr'><strong>unde</strong></span> 
     </span>
    </p>
   </div>
   <div class='ocr_carea' id='block_1_70' title="bbox 2019 1017 3597 1088">
    <p class='ocr_par' dir='ltr' id='par_1_70' title="bbox 2019 1017 3597 1088">
     <span class='ocr_line' id='line_1_70' title="bbox 2019 1017 3597 1088; baseline 0.005 -16"><span class='ocrx_word' id='word_1_485' title='bbox 2019 1017 2409 1074; x_wconf 86' lang='lat' dir='ltr'><strong>suscitaretur&#39;?</strong></span> <span class='ocrx_word' id='word_1_486' title='bbox 2436 1019 2514 1075; x_wconf 89' lang='grc' dir='ltr'><strong>ΙΙΙί</strong></span> <span class='ocrx_word' id='word_1_487' title='bbox 2545 1028 2600 1075; x_wconf 90' lang='lat' dir='ltr'><strong>et</strong></span> <span class='ocrx_word' id='word_1_488' title='bbox 2629 1020 2679 1074; x_wconf 89' lang='lat' dir='ltr'><strong>in</strong></span> <span class='ocrx_word' id='word_1_489' title='bbox 2713 1023 2931 1076; x_wconf 86' lang='lat' dir='ltr'><strong>victoria</strong></span> <span class='ocrx_word' id='word_1_490' title='bbox 2963 1037 3158 1077; x_wconf 88' lang='lat' dir='ltr'><strong>corona</strong></span> <span class='ocrx_word' id='word_1_491' title='bbox 3182 1065 3196 1088; x_wconf 90' lang='lat'><strong>,</strong></span> <span class='ocrx_word' id='word_1_492' title='bbox 3238 1033 3292 1077; x_wconf 93' lang='lat' dir='ltr'><strong>ct</strong></span> <span class='ocrx_word' id='word_1_493' title='bbox 3336 1023 3386 1076; x_wconf 89' lang='lat' dir='ltr'><strong>in</strong></span> <span class='ocrx_word' id='word_1_494' title='bbox 3415 1039 3597 1080; x_wconf 89' lang='lat' dir='ltr'><strong>resur-</strong></span> 
     </span>
    </p>
   </div>
   <div class='ocr_carea' id='block_1_71' title="bbox 2017 1109 3598 1184">
    <p class='ocr_par' dir='ltr' id='par_1_71' title="bbox 2017 1109 3598 1184">
     <span class='ocr_line' id='line_1_71' title="bbox 2017 1109 3598 1184; baseline 0.002 -22"><span class='ocrx_word' id='word_1_495' title='bbox 2017 1109 2254 1162; x_wconf 86' lang='lat' dir='ltr'><strong>rectione</strong></span> <span class='ocrx_word' id='word_1_496' title='bbox 2275 1119 2478 1162; x_wconf 87' lang='lat' dir='ltr'><strong>servata</strong></span> <span class='ocrx_word' id='word_1_497' title='bbox 2507 1111 2713 1165; x_wconf 88' lang='lat' dir='ltr'><strong>estvita</strong></span> <span class='ocrx_word' id='word_1_498' title='bbox 2737 1119 2954 1165; x_wconf 82' lang='lat' dir='ltr'><strong>:eterna.</strong></span> <span class='ocrx_word' id='word_1_499' title='bbox 2985 1111 3089 1166; x_wconf 86' lang='lat' dir='ltr'><strong>Sed</strong></span> <span class='ocrx_word' id='word_1_500' title='bbox 3113 1111 3180 1166; x_wconf 89' lang='lat' dir='ltr'><strong>de</strong></span> <span class='ocrx_word' id='word_1_501' title='bbox 3208 1127 3432 1182; x_wconf 90' lang='lat' dir='ltr'><strong>corpore</strong></span> <span class='ocrx_word' id='word_1_502' title='bbox 3461 1115 3598 1184; x_wconf 77' lang='lat' dir='ltr'><strong>ejus,</strong></span> 
     </span>
    </p>
   </div>
   <div class='ocr_carea' id='block_1_72' title="bbox 2017 1198 3596 1276">
    <p class='ocr_par' dir='ltr' id='par_1_72' title="bbox 2017 1198 3596 1276">
     <span class='ocr_line' id='line_1_72' title="bbox 2017 1198 3596 1276; baseline 0.005 -22"><span class='ocrx_word' id='word_1_503' title='bbox 2017 1198 2274 1254; x_wconf 82' lang='lat' dir='ltr'><strong>Ecclesia:</strong></span> <span class='ocrx_word' id='word_1_504' title='bbox 2295 1203 2529 1270; x_wconf 67' lang='lat' dir='ltr'><strong>praestita</strong></span> <span class='ocrx_word' id='word_1_505' title='bbox 2554 1211 2633 1257; x_wconf 91' lang='lat' dir='ltr'><strong>est</strong></span> <span class='ocrx_word' id='word_1_506' title='bbox 2653 1203 3036 1258; x_wconf 90' lang='lat' dir='ltr'><strong>consolationis</strong></span> <span class='ocrx_word' id='word_1_507' title='bbox 3061 1205 3340 1260; x_wconf 88' lang='lat' dir='ltr'><strong>memoria.</strong></span> <span class='ocrx_word' id='word_1_508' title='bbox 3369 1206 3457 1262; x_wconf 92' lang='lat' dir='ltr'><strong>Sic</strong></span> <span class='ocrx_word' id='word_1_509' title='bbox 3480 1208 3596 1276; x_wconf 82' lang='lat' dir='ltr'><strong>ple-</strong></span> 
     </span>
    </p>
   </div>
   <div class='ocr_carea' id='block_1_73' title="bbox 2016 1290 3604 1370">
    <p class='ocr_par' dir='ltr' id='par_1_73' title="bbox 2016 1290 3604 1370">
     <span class='ocr_line' id='line_1_73' title="bbox 2016 1290 3604 1370; baseline 0.008 -27"><span class='ocrx_word' id='word_1_510' title='bbox 2016 1304 2243 1360; x_wconf 88' lang='lat' dir='ltr'><strong>rumque</strong></span> <span class='ocrx_word' id='word_1_511' title='bbox 2270 1290 2412 1346; x_wconf 90' lang='lat' dir='ltr'><strong>Deus</strong></span> <span class='ocrx_word' id='word_1_512' title='bbox 2451 1294 2519 1348; x_wconf 90' lang='lat' dir='ltr'><strong>de</strong></span> <span class='ocrx_word' id='word_1_513' title='bbox 2547 1293 2720 1347; x_wconf 88' lang='lat' dir='ltr'><strong>servis</strong></span> <span class='ocrx_word' id='word_1_514' title='bbox 2746 1293 2856 1348; x_wconf 85' lang='lat' dir='ltr'><strong>suis</strong></span> <span class='ocrx_word' id='word_1_515' title='bbox 2896 1303 3112 1364; x_wconf 68' lang='lat' dir='ltr'><strong>praestat</strong></span> <span class='ocrx_word' id='word_1_516' title='bbox 3135 1297 3306 1352; x_wconf 84' lang='lat' dir='ltr'><strong>servis</strong></span> <span class='ocrx_word' id='word_1_517' title='bbox 3333 1297 3445 1354; x_wconf 89' lang='lat' dir='ltr'><strong>suis</strong></span> <span class='ocrx_word' id='word_1_518' title='bbox 3470 1315 3604 1370; x_wconf 82' lang='lat' dir='ltr'><strong>qua—</strong></span> 
     </span>
    </p>
   </div>
   <div class='ocr_carea' id='block_1_74' title="bbox 2016 1379 3598 1459">
    <p class='ocr_par' dir='ltr' id='par_1_74' title="bbox 2016 1379 3598 1459">
     <span class='ocr_line' id='line_1_74' title="bbox 2016 1379 3598 1459; baseline 0.008 -25"><span class='ocrx_word' id='word_1_519' title='bbox 2016 1379 2138 1434; x_wconf 91' lang='lat' dir='ltr'><strong>dam</strong></span> <span class='ocrx_word' id='word_1_520' title='bbox 2170 1380 2478 1452; x_wconf 88' lang='lat' dir='ltr'><strong>dignatione</strong></span> <span class='ocrx_word' id='word_1_521' title='bbox 2503 1426 2518 1448; x_wconf 92' lang='lat'><strong>,</strong></span> <span class='ocrx_word' id='word_1_522' title='bbox 2564 1383 2772 1440; x_wconf 89' lang='lat' dir='ltr'><strong>donans</strong></span> <span class='ocrx_word' id='word_1_523' title='bbox 2798 1385 2939 1456; x_wconf 90' lang='lat' dir='ltr'><strong>quod</strong></span> <span class='ocrx_word' id='word_1_524' title='bbox 2979 1387 3149 1458; x_wconf 80' lang='lat' dir='ltr'><strong>magis</strong></span> <span class='ocrx_word' id='word_1_525' title='bbox 3181 1389 3199 1422; x_wconf 78' lang='grc' dir='ltr'>ί</span> <span class='ocrx_word' id='word_1_526' title='bbox 3229 1391 3400 1459; x_wconf 90' lang='lat' dir='ltr'><strong>prosit</strong></span> <span class='ocrx_word' id='word_1_527' title='bbox 3425 1391 3473 1446; x_wconf 84' lang='lat' dir='ltr'><strong>ei</strong></span> <span class='ocrx_word' id='word_1_528' title='bbox 3512 1392 3598 1446; x_wconf 90' lang='lat' dir='ltr'><strong>cui</strong></span> 
     </span>
    </p>
   </div>
   <div class='ocr_carea' id='block_1_75' title="bbox 2017 1471 3595 1548">
    <p class='ocr_par' dir='ltr' id='par_1_75' title="bbox 2017 1471 3595 1548">
     <span class='ocr_line' id='line_1_75' title="bbox 2017 1471 3595 1548; baseline 0.006 -21"><span class='ocrx_word' id='word_1_529' title='bbox 2017 1471 2209 1538; x_wconf 89' lang='lat' dir='ltr'><strong>datur,</strong></span> <span class='ocrx_word' id='word_1_530' title='bbox 2254 1489 2410 1544; x_wconf 87' lang='lat' dir='ltr'><strong>quam</strong></span> <span class='ocrx_word' id='word_1_531' title='bbox 2453 1475 2502 1530; x_wconf 92' lang='lat' dir='ltr'><strong>ei</strong></span> <span class='ocrx_word' id='word_1_532' title='bbox 2551 1475 2617 1531; x_wconf 91' lang='lat' dir='ltr'><strong>de</strong></span> <span class='ocrx_word' id='word_1_533' title='bbox 2657 1491 2764 1548; x_wconf 84' lang='lat' dir='ltr'><strong>quo</strong></span> <span class='ocrx_word' id='word_1_534' title='bbox 2800 1477 2977 1533; x_wconf 89' lang='lat' dir='ltr'><strong>datur.</strong></span> <span class='ocrx_word' id='word_1_535' title='bbox 3008 1476 3098 1536; x_wconf 90' lang='lat' dir='ltr'><strong>Sic</strong></span> <span class='ocrx_word' id='word_1_536' title='bbox 3138 1479 3308 1536; x_wconf 88' lang='lat' dir='ltr'><strong>Eliam</strong></span> <span class='ocrx_word' id='word_1_537' title='bbox 3354 1493 3595 1537; x_wconf 90' lang='lat' dir='ltr'><strong>sanctum</strong></span> 
     </span>
    </p>
   </div>
   <div class='ocr_carea' id='block_1_76' title="bbox 2018 1562 3595 1635">
    <p class='ocr_par' dir='ltr' id='par_1_76' title="bbox 2018 1562 3595 1635">
     <span class='ocr_line' id='line_1_76' title="bbox 2018 1562 3595 1635; baseline 0.007 -18"><span class='ocrx_word' id='word_1_538' title='bbox 2018 1562 2158 1618; x_wconf 88' lang='lat' dir='ltr'><strong>Deus</strong></span> <span class='ocrx_word' id='word_1_539' title='bbox 2202 1580 2300 1635; x_wconf 88' lang='lat' dir='ltr'><strong>per</strong></span> <span class='ocrx_word' id='word_1_540' title='bbox 2343 1580 2493 1619; x_wconf 88' lang='lat' dir='ltr'><strong>avem</strong></span> <span class='ocrx_word' id='word_1_541' title='bbox 2541 1567 2833 1634; x_wconf 83' lang='lat' dir='ltr'><strong>pascebat:</strong></span> <span class='ocrx_word' id='word_1_542' title='bbox 2863 1583 2969 1624; x_wconf 90' lang='lat' dir='ltr'><strong>non</strong></span> <span class='ocrx_word' id='word_1_543' title='bbox 3012 1579 3189 1626; x_wconf 89' lang='lat' dir='ltr'><strong>autem</strong></span> <span class='ocrx_word' id='word_1_544' title='bbox 3233 1571 3595 1629; x_wconf 88' lang='lat' dir='ltr'><strong>misericordia</strong></span> 
     </span>
    </p>
   </div>
   <div class='ocr_carea' id='block_1_77' title="bbox 2019 1652 3597 1734">
    <p class='ocr_par' dir='ltr' id='par_1_77' title="bbox 2019 1652 3597 1734">
     <span class='ocr_line' id='line_1_77' title="bbox 2019 1652 3597 1734; baseline 0.009 -28"><span class='ocrx_word' id='word_1_545' title='bbox 2019 1652 2112 1708; x_wconf 91' lang='lat' dir='ltr'><strong>Dei</strong></span> <span class='ocrx_word' id='word_1_546' title='bbox 2137 1663 2188 1709; x_wconf 91' lang='lat' dir='ltr'><strong>et</strong></span> <span class='ocrx_word' id='word_1_547' title='bbox 2213 1654 2592 1724; x_wconf 81' lang='lat' dir='ltr'><strong>omnipotentia</strong></span> <span class='ocrx_word' id='word_1_548' title='bbox 2623 1656 2925 1728; x_wconf 89' lang='lat' dir='ltr'><strong>defecerat,</strong></span> <span class='ocrx_word' id='word_1_549' title='bbox 2958 1669 3016 1715; x_wconf 93' lang='lat' dir='ltr'><strong>ut</strong></span> <span class='ocrx_word' id='word_1_550' title='bbox 3043 1675 3254 1731; x_wconf 86' lang='lat' dir='ltr'><strong>semper</strong></span> <span class='ocrx_word' id='word_1_551' title='bbox 3291 1663 3370 1718; x_wconf 89' lang='lat' dir='ltr'><strong>sic</strong></span> <span class='ocrx_word' id='word_1_552' title='bbox 3407 1679 3597 1734; x_wconf 86' lang='lat' dir='ltr'><strong>pasce-</strong></span> 
     </span>
    </p>
   </div>
   <div class='ocr_carea' id='block_1_78' title="bbox 2015 1744 3596 1828">
    <p class='ocr_par' dir='ltr' id='par_1_78' title="bbox 2015 1744 3596 1828">
     <span class='ocr_line' id='line_1_78' title="bbox 2015 1744 3596 1828; baseline 0.009 -30"><span class='ocrx_word' id='word_1_553' title='bbox 2015 1753 2116 1799; x_wconf 90' lang='lat' dir='ltr'><strong>ret.</strong></span> <span class='ocrx_word' id='word_1_554' title='bbox 2163 1744 2384 1800; x_wconf 81' lang='lat' dir='ltr'><strong>Mittitur</strong></span> <span class='ocrx_word' id='word_1_555' title='bbox 2425 1756 2599 1803; x_wconf 90' lang='lat' dir='ltr'><strong>tamen</strong></span> <span class='ocrx_word' id='word_1_556' title='bbox 2644 1751 2939 1819; x_wconf 82' lang='lat' dir='ltr'><strong>pascendos</strong></span> <span class='ocrx_word' id='word_1_557' title='bbox 2986 1752 3054 1807; x_wconf 90' lang='lat' dir='ltr'><strong>ad</strong></span> <span class='ocrx_word' id='word_1_558' title='bbox 3097 1754 3308 1809; x_wconf 85' lang='lat' dir='ltr'><strong>viduam</strong></span> <span class='ocrx_word' id='word_1_559' title='bbox 3351 1755 3443 1826; x_wconf 90' lang='lat' dir='ltr'><strong>(ill</strong></span> <span class='ocrx_word' id='word_1_560' title='bbox 3469 1755 3596 1828; x_wconf 85' lang='lat' dir='ltr'><strong>Reg.</strong></span> 
     </span>
    </p>
   </div>
   <div class='ocr_carea' id='block_1_79' title="bbox 2018 1835 3595 1912">
    <p class='ocr_par' dir='ltr' id='par_1_79' title="bbox 2018 1835 3595 1912">
     <span class='ocr_line' id='line_1_79' title="bbox 2018 1835 3595 1912; baseline 0.011 -24"><span class='ocrx_word' id='word_1_561' title='bbox 2018 1850 2151 1898; x_wconf 84' lang='lat' dir='ltr'><strong>xvn,</strong></span> <span class='ocrx_word' id='word_1_562' title='bbox 2175 1835 2229 1904; x_wconf 89' lang='lat'><strong>9)</strong></span> <span class='ocrx_word' id='word_1_563' title='bbox 2265 1854 2277 1889; x_wconf 93' lang='lat'><strong>:</strong></span> <span class='ocrx_word' id='word_1_564' title='bbox 2307 1853 2412 1891; x_wconf 89' lang='lat' dir='ltr'><strong>non</strong></span> <span class='ocrx_word' id='word_1_565' title='bbox 2441 1839 2563 1907; x_wconf 88' lang='lat' dir='ltr'><strong>quia</strong></span> <span class='ocrx_word' id='word_1_566' title='bbox 2593 1855 2696 1894; x_wconf 92' lang='lat' dir='ltr'><strong>non</strong></span> <span class='ocrx_word' id='word_1_567' title='bbox 2727 1851 2843 1896; x_wconf 89' lang='lat' dir='ltr'><strong>erat</strong></span> <span class='ocrx_word' id='word_1_568' title='bbox 2871 1844 3138 1912; x_wconf 88' lang='lat' dir='ltr'><strong>quomodo</strong></span> <span class='ocrx_word' id='word_1_569' title='bbox 3156 1846 3245 1902; x_wconf 88' lang='lat' dir='ltr'><strong>Dei</strong></span> <span class='ocrx_word' id='word_1_570' title='bbox 3269 1861 3454 1903; x_wconf 83' lang='lat' dir='ltr'><strong>servus</strong></span> <span class='ocrx_word' id='word_1_571' title='bbox 3482 1849 3595 1906; x_wconf 85' lang='lat' dir='ltr'><strong>ale-</strong></span> 
     </span>
    </p>
   </div>
   <div class='ocr_carea' id='block_1_80' title="bbox 2016 1925 3595 1994">
    <p class='ocr_par' dir='ltr' id='par_1_80' title="bbox 2016 1925 3595 1994">
     <span class='ocr_line' id='line_1_80' title="bbox 2016 1925 3595 1994; baseline 0.008 -16"><span class='ocrx_word' id='word_1_572' title='bbox 2016 1933 2182 1988; x_wconf 87' lang='lat' dir='ltr'><strong>retur,</strong></span> <span class='ocrx_word' id='word_1_573' title='bbox 2213 1925 2306 1979; x_wconf 87' lang='lat' dir='ltr'><strong>scd</strong></span> <span class='ocrx_word' id='word_1_574' title='bbox 2339 1935 2394 1980; x_wconf 91' lang='lat' dir='ltr'><strong>ut</strong></span> <span class='ocrx_word' id='word_1_575' title='bbox 2423 1928 2594 1983; x_wconf 88' lang='lat' dir='ltr'><strong>ﬂdeiis</strong></span> <span class='ocrx_word' id='word_1_576' title='bbox 2622 1930 2778 1984; x_wconf 87' lang='lat' dir='ltr'><strong>vidua</strong></span> <span class='ocrx_word' id='word_1_577' title='bbox 2808 1931 3232 1989; x_wconf 88' lang='lat' dir='ltr'><strong>benedictionem</strong></span> <span class='ocrx_word' id='word_1_578' title='bbox 3275 1950 3595 1994; x_wconf 87' lang='lat' dir='ltr'><strong>mereretur.</strong></span> 
     </span>
    </p>
   </div>
   <div class='ocr_carea' id='block_1_81' title="bbox 2013 2015 3590 2095">
    <p class='ocr_par' dir='ltr' id='par_1_81' title="bbox 2013 2015 3590 2095">
     <span class='ocr_line' id='line_1_81' title="bbox 2013 2015 3590 2095; baseline 0.01 -25"><span class='ocrx_word' id='word_1_579' title='bbox 2013 2015 2268 2071; x_wconf 70' lang='lat' dir='ltr'><strong>Prtestitit</strong></span> <span class='ocrx_word' id='word_1_580' title='bbox 2308 2032 2436 2089; x_wconf 84' lang='lat' dir='ltr'><strong>ergo</strong></span> <span class='ocrx_word' id='word_1_581' title='bbox 2479 2030 2782 2077; x_wconf 85' lang='lat' dir='ltr'><strong>sanctorum</strong></span> <span class='ocrx_word' id='word_1_582' title='bbox 2830 2039 3054 2095; x_wconf 90' lang='lat' dir='ltr'><strong>corpora</strong></span> <span class='ocrx_word' id='word_1_583' title='bbox 3100 2027 3355 2083; x_wconf 84' lang='lat' dir='ltr'><strong>Ecclesiis</strong></span> <span class='ocrx_word' id='word_1_584' title='bbox 3380 2029 3494 2085; x_wconf 86' lang='lat' dir='ltr'><strong>suis</strong></span> <span class='ocrx_word' id='word_1_585' title='bbox 3525 2029 3590 2084; x_wconf 88' lang='lat' dir='ltr'><strong>ad</strong></span> 
     </span>
    </p>
   </div>
   <div class='ocr_carea' id='block_1_82' title="bbox 2015 2107 3593 2190">
    <p class='ocr_par' dir='ltr' id='par_1_82' title="bbox 2015 2107 3593 2190">
     <span class='ocr_line' id='line_1_82' title="bbox 2015 2107 3593 2190; baseline 0.008 -30"><span class='ocrx_word' id='word_1_586' title='bbox 2015 2107 2300 2163; x_wconf 85' lang='lat' dir='ltr'><strong>memorias</strong></span> <span class='ocrx_word' id='word_1_587' title='bbox 2325 2110 2623 2165; x_wconf 90' lang='lat' dir='ltr'><strong>orationum</strong></span> <span class='ocrx_word' id='word_1_588' title='bbox 2650 2153 2664 2176; x_wconf 91' lang='lat'><strong>,</strong></span> <span class='ocrx_word' id='word_1_589' title='bbox 2698 2128 2805 2168; x_wconf 90' lang='lat' dir='ltr'><strong>non</strong></span> <span class='ocrx_word' id='word_1_590' title='bbox 2833 2114 2899 2168; x_wconf 90' lang='lat' dir='ltr'><strong>ad</strong></span> <span class='ocrx_word' id='word_1_591' title='bbox 2926 2115 3122 2184; x_wconf 79' lang='lat' dir='ltr'><strong>glorias</strong></span> <span class='ocrx_word' id='word_1_592' title='bbox 3153 2129 3467 2190; x_wconf 87' lang='lat' dir='ltr'><strong>martyrum.</strong></span> <span class='ocrx_word' id='word_1_593' title='bbox 3515 2120 3593 2175; x_wconf 86' lang='lat' dir='ltr'><strong>Illi</strong></span> 
     </span>
    </p>
   </div>
   <div class='ocr_carea' id='block_1_83' title="bbox 2013 2197 3596 2276">
    <p class='ocr_par' dir='ltr' id='par_1_83' title="bbox 2013 2197 3596 2276">
     <span class='ocr_line' id='line_1_83' title="bbox 2013 2197 3596 2276; baseline 0.009 -24"><span class='ocrx_word' id='word_1_594' title='bbox 2013 2197 2158 2252; x_wconf 86' lang='lat' dir='ltr'><strong>enim</strong></span> <span class='ocrx_word' id='word_1_595' title='bbox 2185 2199 2381 2252; x_wconf 86' lang='lat' dir='ltr'><strong>habent</strong></span> <span class='ocrx_word' id='word_1_596' title='bbox 2409 2200 2664 2270; x_wconf 85' lang='lat' dir='ltr'><strong>integram</strong></span> <span class='ocrx_word' id='word_1_597' title='bbox 2690 2202 2913 2272; x_wconf 80' lang='lat' dir='ltr'><strong>gloriam</strong></span> <span class='ocrx_word' id='word_1_598' title='bbox 2940 2220 3090 2260; x_wconf 88' lang='lat' dir='ltr'><strong>suam</strong></span> <span class='ocrx_word' id='word_1_599' title='bbox 3117 2207 3254 2276; x_wconf 88' lang='lat' dir='ltr'><strong>apud</strong></span> <span class='ocrx_word' id='word_1_600' title='bbox 3286 2207 3596 2266; x_wconf 87' lang='lat' dir='ltr'><strong>Creatorem</strong></span> 
     </span>
    </p>
   </div>
   <div class='ocr_carea' id='block_1_84' title="bbox 2015 2288 3594 2367">
    <p class='ocr_par' dir='ltr' id='par_1_84' title="bbox 2015 2288 3594 2367">
     <span class='ocr_line' id='line_1_84' title="bbox 2015 2288 3594 2367; baseline 0.007 -24"><span class='ocrx_word' id='word_1_601' title='bbox 2015 2303 2188 2343; x_wconf 90' lang='lat' dir='ltr'><strong>suum.</strong></span> <span class='ocrx_word' id='word_1_602' title='bbox 2221 2288 2329 2343; x_wconf 89' lang='lat' dir='ltr'><strong>Nec</strong></span> <span class='ocrx_word' id='word_1_603' title='bbox 2359 2290 2456 2360; x_wconf 91' lang='lat' dir='ltr'><strong>ipsi</strong></span> <span class='ocrx_word' id='word_1_604' title='bbox 2480 2293 2688 2360; x_wconf 89' lang='lat' dir='ltr'><strong>corpori</strong></span> <span class='ocrx_word' id='word_1_605' title='bbox 2716 2293 2913 2363; x_wconf 86' lang='lat' dir='ltr'><strong>aliquid</strong></span> <span class='ocrx_word' id='word_1_606' title='bbox 2947 2295 3166 2361; x_wconf 88' lang='lat' dir='ltr'><strong>timent,</strong></span> <span class='ocrx_word' id='word_1_607' title='bbox 3198 2298 3446 2367; x_wconf 90' lang='lat' dir='ltr'><strong>quoniam</strong></span> <span class='ocrx_word' id='word_1_608' title='bbox 3487 2315 3594 2354; x_wconf 89' lang='lat' dir='ltr'><strong>non</strong></span> 
     </span>
    </p>
   </div>
   <div class='ocr_carea' id='block_1_85' title="bbox 2015 2380 3664 2459">
    <p class='ocr_par' dir='ltr' id='par_1_85' title="bbox 2015 2380 3664 2459">
     <span class='ocr_line' id='line_1_85' title="bbox 2015 2380 3664 2459; baseline 0.007 -23"><span class='ocrx_word' id='word_1_609' title='bbox 2015 2389 2099 2436; x_wconf 90' lang='lat' dir='ltr'><strong>est</strong></span> <span class='ocrx_word' id='word_1_610' title='bbox 2123 2380 2261 2451; x_wconf 88' lang='lat' dir='ltr'><strong>quod</strong></span> <span class='ocrx_word' id='word_1_611' title='bbox 2290 2382 2528 2437; x_wconf 91' lang='lat' dir='ltr'><strong>timeant.</strong></span> <span class='ocrx_word' id='word_1_612' title='bbox 2555 2384 2717 2456; x_wconf 76' lang='lat' dir='ltr'><strong>Magis</strong></span> <span class='ocrx_word' id='word_1_613' title='bbox 2743 2385 2786 2440; x_wconf 89' lang='lat' dir='ltr'><strong>si</strong></span> <span class='ocrx_word' id='word_1_614' title='bbox 2817 2395 3035 2454; x_wconf 88' lang='lat' dir='ltr'><strong>parcant</strong></span> <span class='ocrx_word' id='word_1_615' title='bbox 3058 2389 3292 2459; x_wconf 81' lang='lat' dir='ltr'><strong>corpori,</strong></span> <span class='ocrx_word' id='word_1_616' title='bbox 3325 2403 3517 2449; x_wconf 89' lang='lat' dir='ltr'><strong>nocent</strong></span> <span class='ocrx_word' id='word_1_617' title='bbox 3541 2407 3596 2448; x_wconf 84' lang='lat' dir='ltr'><strong>et</strong></span> <span class='ocrx_word' id='word_1_618' title='bbox 3661 2422 3664 2426; x_wconf 84' lang='lat'><strong><em>~</em></strong></span> 
     </span>
    </p>
   </div>
   <div class='ocr_carea' id='block_1_86' title="bbox 2015 2473 3591 2555">
    <p class='ocr_par' dir='ltr' id='par_1_86' title="bbox 2015 2473 3591 2555">
     <span class='ocr_line' id='line_1_86' title="bbox 2015 2473 3591 2555; baseline 0.008 -29"><span class='ocrx_word' id='word_1_619' title='bbox 2015 2473 2250 2542; x_wconf 90' lang='lat' dir='ltr'><strong>corpori.</strong></span> <span class='ocrx_word' id='word_1_620' title='bbox 2282 2473 2339 2528; x_wconf 91' lang='lat' dir='ltr'><strong>Si</strong></span> <span class='ocrx_word' id='word_1_621' title='bbox 2382 2483 2556 2530; x_wconf 88' lang='lat' dir='ltr'><strong>autem</strong></span> <span class='ocrx_word' id='word_1_622' title='bbox 2605 2491 2702 2546; x_wconf 90' lang='lat' dir='ltr'><strong>per</strong></span> <span class='ocrx_word' id='word_1_623' title='bbox 2742 2476 2896 2533; x_wconf 75' lang='lat' dir='ltr'><strong>fidem</strong></span> <span class='ocrx_word' id='word_1_624' title='bbox 2939 2495 3045 2534; x_wconf 91' lang='lat' dir='ltr'><strong>non</strong></span> <span class='ocrx_word' id='word_1_625' title='bbox 3087 2493 3303 2551; x_wconf 87' lang='lat' dir='ltr'><strong>parcant</strong></span> <span class='ocrx_word' id='word_1_626' title='bbox 3343 2485 3591 2555; x_wconf 87' lang='lat' dir='ltr'><strong>corpori,</strong></span> 
     </span>
    </p>
   </div>
   <div class='ocr_carea' id='block_1_87' title="bbox 2017 2566 2602 2636">
    <p class='ocr_par' dir='ltr' id='par_1_87' title="bbox 2017 2566 2602 2636">
     <span class='ocr_line' id='line_1_87' title="bbox 2017 2566 2602 2636; baseline 0.007 -20"><span class='ocrx_word' id='word_1_627' title='bbox 2017 2570 2270 2632; x_wconf 66' lang='lat' dir='ltr'><strong>prazstant</strong></span> <span class='ocrx_word' id='word_1_628' title='bbox 2297 2570 2352 2618; x_wconf 90' lang='lat' dir='ltr'><strong>et</strong></span> <span class='ocrx_word' id='word_1_629' title='bbox 2374 2566 2602 2636; x_wconf 84' lang='lat' dir='ltr'><strong>corpori.</strong></span> 
     </span>
    </p>
   </div>
   <div class='ocr_carea' id='block_1_88' title="bbox 2086 2672 3594 2758">
    <p class='ocr_par' dir='ltr' id='par_1_88' title="bbox 2086 2672 3594 2758">
     <span class='ocr_line' id='line_1_88' title="bbox 2086 2672 3594 2758; baseline 0.009 -29"><span class='ocrx_word' id='word_1_630' title='bbox 2086 2672 2314 2731; x_wconf 82' lang='lat' dir='ltr'><strong>CAPUT</strong></span> <span class='ocrx_word' id='word_1_631' title='bbox 2353 2675 2416 2729; x_wconf 88' lang='lat' dir='ltr'><strong>ll.</strong></span> <span class='ocrx_word' id='word_1_632' title='bbox 2447 2707 2517 2717; x_wconf 88' lang='lat'><strong><em>—</em></strong></span> <span class='ocrx_word' id='word_1_633' title='bbox 2539 2677 2594 2731; x_wconf 75' lang='grc'><strong>2.</strong></span> <span class='ocrx_word' id='word_1_634' title='bbox 2629 2678 2826 2751; x_wconf 75' lang='lat' dir='ltr'><strong>Martyr</strong></span> <span class='ocrx_word' id='word_1_635' title='bbox 2847 2683 3043 2752; x_wconf 85' lang='lat' dir='ltr'><strong>corpori</strong></span> <span class='ocrx_word' id='word_1_636' title='bbox 3068 2701 3166 2738; x_wconf 85' lang='lat' dir='ltr'><strong>non</strong></span> <span class='ocrx_word' id='word_1_637' title='bbox 3190 2689 3463 2753; x_wconf 73' lang='lat' dir='ltr'><strong>parcendo,</strong></span> <span class='ocrx_word' id='word_1_638' title='bbox 3495 2705 3594 2758; x_wconf 68' lang='grc' dir='ltr'><strong>ψει</strong></span> 
     </span>
    </p>
   </div>
   <div class='ocr_carea' id='block_1_89' title="bbox 2015 2768 3595 2844">
    <p class='ocr_par' dir='ltr' id='par_1_89' title="bbox 2015 2768 3595 2844">
     <span class='ocr_line' id='line_1_89' title="bbox 2015 2768 3595 2844; baseline 0.011 -26"><span class='ocrx_word' id='word_1_639' title='bbox 2015 2768 2252 2822; x_wconf 80' lang='lat' dir='ltr'><strong>consulit.</strong></span> <span class='ocrx_word' id='word_1_640' title='bbox 2282 2768 2567 2838; x_wconf 70' lang='lat' dir='ltr'><strong>Iudicium,</strong></span> <span class='ocrx_word' id='word_1_641' title='bbox 2595 2789 2688 2843; x_wconf 89' lang='lat' dir='ltr'><strong>pro</strong></span> <span class='ocrx_word' id='word_1_642' title='bbox 2717 2790 2863 2844; x_wconf 74' lang='lat' dir='ltr'><strong>pcena</strong></span> <span class='ocrx_word' id='word_1_643' title='bbox 2887 2786 3096 2831; x_wconf 68' lang='lat' dir='ltr'><strong>(eterna.</strong></span> <span class='ocrx_word' id='word_1_644' title='bbox 3131 2779 3269 2835; x_wconf 87' lang='lat' dir='ltr'><strong>Ecce</strong></span> <span class='ocrx_word' id='word_1_645' title='bbox 3298 2782 3399 2836; x_wconf 88' lang='lat' dir='ltr'><strong>hoc</strong></span> <span class='ocrx_word' id='word_1_646' title='bbox 3425 2792 3595 2838; x_wconf 78' lang='lat' dir='ltr'><strong>atten-</strong></span> 
     </span>
    </p>
   </div>
   <div class='ocr_carea' id='block_1_90' title="bbox 2017 2857 3596 2940">
    <p class='ocr_par' dir='ltr' id='par_1_90' title="bbox 2017 2857 3596 2940">
     <span class='ocr_line' id='line_1_90' title="bbox 2017 2857 3596 2940; baseline 0.009 -26"><span class='ocrx_word' id='word_1_647' title='bbox 2017 2857 2127 2915; x_wconf 87' lang='lat' dir='ltr'><strong>dite</strong></span> <span class='ocrx_word' id='word_1_648' title='bbox 2150 2902 2166 2927; x_wconf 95' lang='lat'><strong>,</strong></span> <span class='ocrx_word' id='word_1_649' title='bbox 2193 2869 2248 2916; x_wconf 89' lang='lat' dir='ltr'><strong>el</strong></span> <span class='ocrx_word' id='word_1_650' title='bbox 2285 2861 2440 2918; x_wconf 77' lang='lat' dir='ltr'><strong>ﬁdem</strong></span> <span class='ocrx_word' id='word_1_651' title='bbox 2470 2873 2697 2920; x_wconf 79' lang='lat' dir='ltr'><strong>vestram</strong></span> <span class='ocrx_word' id='word_1_652' title='bbox 2727 2867 3069 2940; x_wconf 85' lang='lat' dir='ltr'><strong>interrogate.</strong></span> <span class='ocrx_word' id='word_1_653' title='bbox 3102 2870 3328 2928; x_wconf 84' lang='lat' dir='ltr'><strong>Sanctus</strong></span> <span class='ocrx_word' id='word_1_654' title='bbox 3363 2873 3596 2930; x_wconf 79' lang='lat' dir='ltr'><strong>Vincen-</strong></span> 
     </span>
    </p>
   </div>
   <div class='ocr_carea' id='block_1_91' title="bbox 2019 2950 3598 3031">
    <p class='ocr_par' dir='ltr' id='par_1_91' title="bbox 2019 2950 3598 3031">
     <span class='ocr_line' id='line_1_91' title="bbox 2019 2950 3598 3031; baseline 0.009 -27"><span class='ocrx_word' id='word_1_655' title='bbox 2019 2950 2124 3005; x_wconf 92' lang='lat' dir='ltr'><strong>tius</strong></span> <span class='ocrx_word' id='word_1_656' title='bbox 2147 2951 2192 3005; x_wconf 91' lang='lat' dir='ltr'><strong>si</strong></span> <span class='ocrx_word' id='word_1_657' title='bbox 2221 2951 2504 3009; x_wconf 88' lang='lat' dir='ltr'><strong>formidine</strong></span> <span class='ocrx_word' id='word_1_658' title='bbox 2536 2963 2921 3013; x_wconf 89' lang='lat' dir='ltr'><strong>tormentorum</strong></span> <span class='ocrx_word' id='word_1_659' title='bbox 2946 2970 3169 3030; x_wconf 76' lang='lat' dir='ltr'><strong>negaret</strong></span> <span class='ocrx_word' id='word_1_660' title='bbox 3195 2961 3488 3031; x_wconf 78' lang='lat' dir='ltr'><strong>ChriStum,</strong></span> <span class='ocrx_word' id='word_1_661' title='bbox 3521 2967 3598 3019; x_wconf 90' lang='lat' dir='ltr'><strong>vi-</strong></span> 
     </span>
    </p>
   </div>
   <div class='ocr_carea' id='block_1_92' title="bbox 2016 3039 3598 3120">
    <p class='ocr_par' dir='ltr' id='par_1_92' title="bbox 2016 3039 3598 3120">
     <span class='ocr_line' id='line_1_92' title="bbox 2016 3039 3598 3120; baseline 0.007 -22"><span class='ocrx_word' id='word_1_662' title='bbox 2016 3039 2232 3098; x_wconf 82' lang='lat' dir='ltr'><strong>deretur</strong></span> <span class='ocrx_word' id='word_1_663' title='bbox 2272 3043 2483 3114; x_wconf 87' lang='lat' dir='ltr'><strong>corpori</strong></span> <span class='ocrx_word' id='word_1_664' title='bbox 2536 3047 2838 3116; x_wconf 79' lang='lat' dir='ltr'><strong>pepercisse</strong></span> <span class='ocrx_word' id='word_1_665' title='bbox 2866 3065 2881 3104; x_wconf 86' lang='lat'>:</span> <span class='ocrx_word' id='word_1_666' title='bbox 2912 3053 3140 3120; x_wconf 89' lang='lat' dir='ltr'><strong>quadam</strong></span> <span class='ocrx_word' id='word_1_667' title='bbox 3188 3062 3366 3108; x_wconf 90' lang='lat' dir='ltr'><strong>autem</strong></span> <span class='ocrx_word' id='word_1_668' title='bbox 3414 3056 3598 3111; x_wconf 87' lang='lat' dir='ltr'><strong>condi-</strong></span> 
     </span>
    </p>
   </div>
   <div class='ocr_carea' id='block_1_93' title="bbox 2019 3133 3596 3217">
    <p class='ocr_par' dir='ltr' id='par_1_93' title="bbox 2019 3133 3596 3217">
     <span class='ocr_line' id='line_1_93' title="bbox 2019 3133 3596 3217; baseline 0.011 -29"><span class='ocrx_word' id='word_1_669' title='bbox 2019 3133 2164 3190; x_wconf 90' lang='lat' dir='ltr'><strong>tione</strong></span> <span class='ocrx_word' id='word_1_670' title='bbox 2190 3136 2421 3205; x_wconf 90' lang='lat' dir='ltr'><strong>mortali,</strong></span> <span class='ocrx_word' id='word_1_671' title='bbox 2447 3152 2672 3208; x_wconf 89' lang='lat' dir='ltr'><strong>corpore</strong></span> <span class='ocrx_word' id='word_1_672' title='bbox 2699 3140 3017 3198; x_wconf 88' lang='lat' dir='ltr'><strong>solveretur.</strong></span> <span class='ocrx_word' id='word_1_673' title='bbox 3051 3143 3188 3213; x_wconf 91' lang='lat' dir='ltr'><strong>Quid</strong></span> <span class='ocrx_word' id='word_1_674' title='bbox 3213 3157 3398 3217; x_wconf 82' lang='lat' dir='ltr'><strong>ageret</strong></span> <span class='ocrx_word' id='word_1_675' title='bbox 3427 3148 3478 3204; x_wconf 90' lang='lat' dir='ltr'><strong>in</strong></span> <span class='ocrx_word' id='word_1_676' title='bbox 3509 3165 3596 3204; x_wconf 88' lang='lat' dir='ltr'><strong>re-</strong></span> 
     </span>
    </p>
   </div>
   <div class='ocr_carea' id='block_1_94' title="bbox 2018 3219 3601 3308">
    <p class='ocr_par' dir='ltr' id='par_1_94' title="bbox 2018 3219 3601 3308">
     <span class='ocr_line' id='line_1_94' title="bbox 2018 3219 3601 3308; baseline 0.009 -30"><span class='ocrx_word' id='word_1_677' title='bbox 2018 3226 2350 3282; x_wconf 85' lang='lat' dir='ltr'><strong>surrectione</strong></span> <span class='ocrx_word' id='word_1_678' title='bbox 2371 3267 2385 3291; x_wconf 94' lang='lat'><strong>,</strong></span> <span class='ocrx_word' id='word_1_679' title='bbox 2414 3243 2534 3284; x_wconf 92' lang='lat' dir='ltr'><strong>cum</strong></span> <span class='ocrx_word' id='word_1_680' title='bbox 2562 3230 2614 3284; x_wconf 93' lang='lat' dir='ltr'><strong>in</strong></span> <span class='ocrx_word' id='word_1_681' title='bbox 2641 3240 2900 3287; x_wconf 71' lang='lat' dir='ltr'><strong>aeternum</strong></span> <span class='ocrx_word' id='word_1_682' title='bbox 2930 3234 3101 3303; x_wconf 87' lang='lat' dir='ltr'><strong>ignem</strong></span> <span class='ocrx_word' id='word_1_683' title='bbox 3132 3219 3601 3308; x_wconf 71' lang='lat' dir='ltr'><strong>prmcipitarotur?</strong></span> 
     </span>
    </p>
   </div>
   <div class='ocr_carea' id='block_1_95' title="bbox 2017 3313 3602 3400">
    <p class='ocr_par' dir='ltr' id='par_1_95' title="bbox 2017 3313 3602 3400">
     <span class='ocr_line' id='line_1_95' title="bbox 2017 3313 3602 3400; baseline 0.008 -30"><span class='ocrx_word' id='word_1_684' title='bbox 2017 3313 2230 3387; x_wconf 77' lang='lat' dir='ltr'><strong>Negatis</strong></span> <span class='ocrx_word' id='word_1_685' title='bbox 2257 3316 2527 3373; x_wconf 83' lang='lat' dir='ltr'><strong>Christum</strong></span> <span class='ocrx_word' id='word_1_686' title='bbox 2552 3361 2568 3384; x_wconf 90' lang='lat'><strong>,</strong></span> <span class='ocrx_word' id='word_1_687' title='bbox 2619 3333 2844 3391; x_wconf 77' lang='lat' dir='ltr'><strong>negatur</strong></span> <span class='ocrx_word' id='word_1_688' title='bbox 2869 3339 2898 3376; x_wconf 86' lang='lat' dir='ltr'><strong>a</strong></span> <span class='ocrx_word' id='word_1_689' title='bbox 2929 3323 3160 3380; x_wconf 85' lang='lat' dir='ltr'><strong>Christo.</strong></span> <span class='ocrx_word' id='word_1_690' title='bbox 3209 3327 3308 3395; x_wconf 80' lang='lat' dir='ltr'><strong>Qui</strong></span> <span class='ocrx_word' id='word_1_691' title='bbox 3347 3333 3602 3400; x_wconf 74' lang='lat' dir='ltr'><strong>negauerit</strong></span> 
     </span>
    </p>
   </div>
   <div class='ocr_carea' id='block_1_96' title="bbox 2021 3409 3605 3486">
    <p class='ocr_par' dir='ltr' id='par_1_96' title="bbox 2021 3409 3605 3486">
     <span class='ocr_line' id='line_1_96' title="bbox 2021 3409 3605 3486; baseline 0.008 -24"><span class='ocrx_word' id='word_1_692' title='bbox 2021 3424 2120 3470; x_wconf 85' lang='lat' dir='ltr'><strong>me.</strong></span> <span class='ocrx_word' id='word_1_693' title='bbox 2154 3409 2344 3479; x_wconf 89' lang='lat' dir='ltr'><strong>inquit,</strong></span> <span class='ocrx_word' id='word_1_694' title='bbox 2375 3427 2546 3465; x_wconf 90' lang='lat' dir='ltr'><strong>coram</strong></span> <span class='ocrx_word' id='word_1_695' title='bbox 2571 3412 2876 3477; x_wconf 84' lang='lat' dir='ltr'><strong>hominibus,</strong></span> <span class='ocrx_word' id='word_1_696' title='bbox 2903 3416 3091 3486; x_wconf 82' lang='lat' dir='ltr'><strong>negabo</strong></span> <span class='ocrx_word' id='word_1_697' title='bbox 3117 3433 3231 3470; x_wconf 88' lang='lat' dir='ltr'><strong>eum</strong></span> <span class='ocrx_word' id='word_1_698' title='bbox 3252 3435 3421 3472; x_wconf 83' lang='lat' dir='ltr'><strong>coram</strong></span> <span class='ocrx_word' id='word_1_699' title='bbox 3451 3419 3605 3474; x_wconf 84' lang='lat' dir='ltr'><strong>Putre</strong></span> 
     </span>
    </p>
   </div>
   <div class='ocr_carea' id='block_1_97' title="bbox 2023 3501 3603 3588">
    <p class='ocr_par' dir='ltr' id='par_1_97' title="bbox 2023 3501 3603 3588">
     <span class='ocr_line' id='line_1_97' title="bbox 2023 3501 3603 3588; baseline 0.007 -36"><span class='ocrx_word' id='word_1_700' title='bbox 2023 3515 2132 3553; x_wconf 89' lang='lat' dir='ltr'><strong>meo</strong></span> <span class='ocrx_word' id='word_1_701' title='bbox 2161 3501 2245 3570; x_wconf 85' lang='lat' dir='ltr'><strong>qui</strong></span> <span class='ocrx_word' id='word_1_702' title='bbox 2271 3511 2340 3554; x_wconf 87' lang='lat' dir='ltr'><strong>est</strong></span> <span class='ocrx_word' id='word_1_703' title='bbox 2368 3501 2420 3554; x_wconf 89' lang='lat' dir='ltr'><strong>in</strong></span> <span class='ocrx_word' id='word_1_704' title='bbox 2447 3502 2584 3555; x_wconf 71' lang='lat' dir='ltr'><strong>caelis</strong></span> <span class='ocrx_word' id='word_1_705' title='bbox 2618 3501 2765 3574; x_wconf 84' lang='lat' dir='ltr'><strong>(Luc.</strong></span> <span class='ocrx_word' id='word_1_706' title='bbox 2789 3519 2883 3571; x_wconf 89' lang='lat' dir='ltr'><strong>xu,</strong></span> <span class='ocrx_word' id='word_1_707' title='bbox 2912 3504 2991 3574; x_wconf 91' lang='lat'><strong>9).</strong></span> <span class='ocrx_word' id='word_1_708' title='bbox 3021 3505 3160 3562; x_wconf 84' lang='lat' dir='ltr'><strong>Ecce</strong></span> <span class='ocrx_word' id='word_1_709' title='bbox 3190 3519 3429 3579; x_wconf 84' lang='lat' dir='ltr'><strong>negaret,</strong></span> <span class='ocrx_word' id='word_1_710' title='bbox 3457 3511 3603 3588; x_wconf 80' lang='lat' dir='ltr'><strong>quie-</strong></span> 
     </span>
    </p>
   </div>
   <div class='ocr_carea' id='block_1_98' title="bbox 2022 3590 3604 3659">
    <p class='ocr_par' dir='ltr' id='par_1_98' title="bbox 2022 3590 3604 3659">
     <span class='ocr_line' id='line_1_98' title="bbox 2022 3590 3604 3659; baseline 0.007 -14"><span class='ocrx_word' id='word_1_711' title='bbox 2022 3600 2238 3646; x_wconf 88' lang='lat' dir='ltr'><strong>sccrent</strong></span> <span class='ocrx_word' id='word_1_712' title='bbox 2276 3590 2348 3644; x_wconf 92' lang='lat' dir='ltr'><strong>illi</strong></span> <span class='ocrx_word' id='word_1_713' title='bbox 2398 3599 2657 3659; x_wconf 89' lang='lat' dir='ltr'><strong>tortores,</strong></span> <span class='ocrx_word' id='word_1_714' title='bbox 2689 3603 2744 3648; x_wconf 92' lang='lat' dir='ltr'><strong>et</strong></span> <span class='ocrx_word' id='word_1_715' title='bbox 2772 3594 3050 3651; x_wconf 89' lang='lat' dir='ltr'><strong>vulnerato</strong></span> <span class='ocrx_word' id='word_1_716' title='bbox 3087 3597 3266 3653; x_wconf 91' lang='lat' dir='ltr'><strong>animo</strong></span> <span class='ocrx_word' id='word_1_717' title='bbox 3295 3614 3484 3655; x_wconf 84' lang='lat' dir='ltr'><strong>sanum</strong></span> <span class='ocrx_word' id='word_1_718' title='bbox 3514 3605 3604 3658; x_wconf 65' lang='lat' dir='ltr'><strong>esi</strong></span> 
     </span>
    </p>
   </div>
   <div class='ocr_carea' id='block_1_99' title="bbox 2022 3682 3605 3764">
    <p class='ocr_par' dir='ltr' id='par_1_99' title="bbox 2022 3682 3605 3764">
     <span class='ocr_line' id='line_1_99' title="bbox 2022 3682 3605 3764; baseline 0.006 -27"><span class='ocrx_word' id='word_1_719' title='bbox 2022 3691 2106 3737; x_wconf 90' lang='lat' dir='ltr'><strong>set</strong></span> <span class='ocrx_word' id='word_1_720' title='bbox 2135 3697 2366 3753; x_wconf 87' lang='lat' dir='ltr'><strong>corpus;</strong></span> <span class='ocrx_word' id='word_1_721' title='bbox 2396 3682 2504 3737; x_wconf 93' lang='lat' dir='ltr'><strong>imo</strong></span> <span class='ocrx_word' id='word_1_722' title='bbox 2543 3685 2720 3740; x_wconf 90' lang='lat' dir='ltr'><strong>occiso</strong></span> <span class='ocrx_word' id='word_1_723' title='bbox 2743 3686 2958 3753; x_wconf 88' lang='lat' dir='ltr'><strong>animo,</strong></span> <span class='ocrx_word' id='word_1_724' title='bbox 2991 3687 3194 3744; x_wconf 86' lang='lat' dir='ltr'><strong>viveret</strong></span> <span class='ocrx_word' id='word_1_725' title='bbox 3219 3705 3450 3762; x_wconf 88' lang='lat' dir='ltr'><strong>corpus:</strong></span> <span class='ocrx_word' id='word_1_726' title='bbox 3479 3692 3605 3764; x_wconf 87' lang='lat' dir='ltr'><strong>quid</strong></span> 
     </span>
    </p>
   </div>
   <div class='ocr_carea' id='block_1_100' title="bbox 2026 3772 3606 3851">
    <p class='ocr_par' dir='ltr' id='par_1_100' title="bbox 2026 3772 3606 3851">
     <span class='ocr_line' id='line_1_100' title="bbox 2026 3772 3606 3851; baseline 0.004 -26"><span class='ocrx_word' id='word_1_727' title='bbox 2026 3772 2302 3843; x_wconf 86' lang='lat' dir='ltr'><strong>prodesset</strong></span> <span class='ocrx_word' id='word_1_728' title='bbox 2343 3774 2396 3828; x_wconf 90' lang='lat' dir='ltr'><strong>in</strong></span> <span class='ocrx_word' id='word_1_729' title='bbox 2443 3784 2700 3830; x_wconf 61' lang='lat' dir='ltr'><strong>internum</strong></span> <span class='ocrx_word' id='word_1_730' title='bbox 2732 3787 2942 3831; x_wconf 89' lang='lat' dir='ltr'><strong>mortuo</strong></span> <span class='ocrx_word' id='word_1_731' title='bbox 2979 3779 3154 3834; x_wconf 88' lang='lat' dir='ltr'><strong>brevis</strong></span> <span class='ocrx_word' id='word_1_732' title='bbox 3191 3783 3432 3851; x_wconf 89' lang='lat' dir='ltr'><strong>corporis</strong></span> <span class='ocrx_word' id='word_1_733' title='bbox 3461 3782 3606 3836; x_wconf 84' lang='lat' dir='ltr'><strong>vita?</strong></span> 
     </span>
    </p>
   </div>
   <div class='ocr_carea' id='block_1_101' title="bbox 2027 3862 3606 3943">
    <p class='ocr_par' dir='ltr' id='par_1_101' title="bbox 2027 3862 3606 3943">
     <span class='ocr_line' id='line_1_101' title="bbox 2027 3862 3606 3943; baseline 0.006 -27"><span class='ocrx_word' id='word_1_734' title='bbox 2027 3862 2245 3920; x_wconf 87' lang='lat' dir='ltr'><strong>Veniret</strong></span> <span class='ocrx_word' id='word_1_735' title='bbox 2269 3863 2416 3932; x_wconf 90' lang='lat' dir='ltr'><strong>dies,</strong></span> <span class='ocrx_word' id='word_1_736' title='bbox 2454 3880 2613 3937; x_wconf 76' lang='lat' dir='ltr'><strong>quam</strong></span> <span class='ocrx_word' id='word_1_737' title='bbox 2644 3877 3028 3923; x_wconf 88' lang='lat' dir='ltr'><strong>commemorat</strong></span> <span class='ocrx_word' id='word_1_738' title='bbox 3067 3869 3322 3926; x_wconf 90' lang='lat' dir='ltr'><strong>Dominus</strong></span> <span class='ocrx_word' id='word_1_739' title='bbox 3347 3913 3364 3940; x_wconf 90' lang='lat'><strong>,</strong></span> <span class='ocrx_word' id='word_1_740' title='bbox 3402 3872 3606 3943; x_wconf 81' lang='lat' dir='ltr'><strong>quando</strong></span> 
     </span>
    </p>
   </div>
   <div class='ocr_carea' id='block_1_102' title="bbox 2025 3955 3609 4034">
    <p class='ocr_par' dir='ltr' id='par_1_102' title="bbox 2025 3955 3609 4034">
     <span class='ocr_line' id='line_1_102' title="bbox 2025 3955 3609 4034; baseline 0.006 -25"><span class='ocrx_word' id='word_1_741' title='bbox 2025 3971 2196 4010; x_wconf 85' lang='lat' dir='ltr'><strong>omnes</strong></span> <span class='ocrx_word' id='word_1_742' title='bbox 2219 3956 2306 4026; x_wconf 88' lang='lat' dir='ltr'><strong>qui</strong></span> <span class='ocrx_word' id='word_1_743' title='bbox 2333 3955 2387 4010; x_wconf 87' lang='lat' dir='ltr'><strong>in</strong></span> <span class='ocrx_word' id='word_1_744' title='bbox 2415 3959 2748 4012; x_wconf 80' lang='lat' dir='ltr'><strong>monumentis</strong></span> <span class='ocrx_word' id='word_1_745' title='bbox 2772 3969 2904 4022; x_wconf 85' lang='lat' dir='ltr'><strong>sunt,</strong></span> <span class='ocrx_word' id='word_1_746' title='bbox 2938 3961 3145 4014; x_wconf 84' lang='lat' dir='ltr'><strong>audient</strong></span> <span class='ocrx_word' id='word_1_747' title='bbox 3172 3979 3336 4016; x_wconf 85' lang='lat' dir='ltr'><strong>vocem</strong></span> <span class='ocrx_word' id='word_1_748' title='bbox 3372 3965 3480 4034; x_wconf 85' lang='lat' dir='ltr'><strong>ejus</strong></span> <span class='ocrx_word' id='word_1_749' title='bbox 3505 4005 3518 4030; x_wconf 91' lang='lat'><strong>,</strong></span> <span class='ocrx_word' id='word_1_750' title='bbox 3560 3975 3609 4018; x_wconf 90' lang='lat' dir='ltr'><strong>et</strong></span> 
     </span>
    </p>
   </div>
   <div class='ocr_carea' id='block_1_103' title="bbox 2028 4048 3608 4128">
    <p class='ocr_par' dir='ltr' id='par_1_103' title="bbox 2028 4048 3608 4128">
     <span class='ocr_line' id='line_1_103' title="bbox 2028 4048 3608 4128; baseline 0.008 -27"><span class='ocrx_word' id='word_1_751' title='bbox 2028 4049 2296 4118; x_wconf 70' lang='lat' dir='ltr'><strong>procedant</strong></span> <span class='ocrx_word' id='word_1_752' title='bbox 2325 4065 2345 4103; x_wconf 90' lang='lat'><strong><em>:</em></strong></span> <span class='ocrx_word' id='word_1_753' title='bbox 2373 4048 2467 4105; x_wconf 87' lang='lat' dir='ltr'><strong>sed</strong></span> <span class='ocrx_word' id='word_1_754' title='bbox 2493 4065 2613 4106; x_wconf 90' lang='lat' dir='ltr'><strong>cum</strong></span> <span class='ocrx_word' id='word_1_755' title='bbox 2645 4065 2832 4121; x_wconf 80' lang='lat' dir='ltr'><strong>magna</strong></span> <span class='ocrx_word' id='word_1_756' title='bbox 2857 4051 3176 4109; x_wconf 75' lang='lat' dir='ltr'><strong>diﬂ‘erentia.</strong></span> <span class='ocrx_word' id='word_1_757' title='bbox 3199 4054 3399 4114; x_wconf 87' lang='lat' dir='ltr'><strong>Omnes</strong></span> <span class='ocrx_word' id='word_1_758' title='bbox 3432 4072 3608 4128; x_wconf 83' lang='lat' dir='ltr'><strong>proce-</strong></span> 
     </span>
    </p>
   </div>
   <div class='ocr_carea' id='block_1_104' title="bbox 2027 4138 3607 4219">
    <p class='ocr_par' dir='ltr' id='par_1_104' title="bbox 2027 4138 3607 4219">
     <span class='ocr_line' id='line_1_104' title="bbox 2027 4138 3607 4219; baseline 0.007 -26"><span class='ocrx_word' id='word_1_759' title='bbox 2027 4138 2173 4203; x_wconf 87' lang='lat' dir='ltr'><strong>dcnt.</strong></span> <span class='ocrx_word' id='word_1_760' title='bbox 2225 4140 2319 4196; x_wconf 88' lang='lat' dir='ltr'><strong>sed</strong></span> <span class='ocrx_word' id='word_1_761' title='bbox 2365 4156 2470 4196; x_wconf 91' lang='lat' dir='ltr'><strong>non</strong></span> <span class='ocrx_word' id='word_1_762' title='bbox 2517 4156 2707 4198; x_wconf 89' lang='lat' dir='ltr'><strong>omnes</strong></span> <span class='ocrx_word' id='word_1_763' title='bbox 2748 4141 2814 4198; x_wconf 89' lang='lat' dir='ltr'><strong>ad</strong></span> <span class='ocrx_word' id='word_1_764' title='bbox 2851 4144 3096 4201; x_wconf 88' lang='lat' dir='ltr'><strong>eamdem</strong></span> <span class='ocrx_word' id='word_1_765' title='bbox 3137 4162 3250 4201; x_wconf 91' lang='lat' dir='ltr'><strong>rem</strong></span> <span class='ocrx_word' id='word_1_766' title='bbox 3297 4149 3607 4219; x_wconf 81' lang='lat' dir='ltr'><strong>procedent.</strong></span> 
     </span>
    </p>
   </div>
   <div class='ocr_carea' id='block_1_105' title="bbox 2027 4229 3611 4307">
    <p class='ocr_par' dir='ltr' id='par_1_105' title="bbox 2027 4229 3611 4307">
     <span class='ocr_line' id='line_1_105' title="bbox 2027 4229 3611 4307; baseline 0.006 -23"><span class='ocrx_word' id='word_1_767' title='bbox 2027 4229 2226 4285; x_wconf 86' lang='lat' dir='ltr'><strong>Omnes</strong></span> <span class='ocrx_word' id='word_1_768' title='bbox 2265 4232 2574 4297; x_wconf 88' lang='lat' dir='ltr'><strong>surrecturi,</strong></span> <span class='ocrx_word' id='word_1_769' title='bbox 2617 4231 2711 4288; x_wconf 88' lang='lat' dir='ltr'><strong>sed</strong></span> <span class='ocrx_word' id='word_1_770' title='bbox 2756 4249 2860 4289; x_wconf 93' lang='lat' dir='ltr'><strong>non</strong></span> <span class='ocrx_word' id='word_1_771' title='bbox 2901 4250 3089 4291; x_wconf 88' lang='lat' dir='ltr'><strong>omnes</strong></span> <span class='ocrx_word' id='word_1_772' title='bbox 3131 4237 3464 4294; x_wconf 87' lang='lat' dir='ltr'><strong>immutandi.</strong></span> <span class='ocrx_word' id='word_1_773' title='bbox 3509 4241 3611 4307; x_wconf 82' lang='lat' dir='ltr'><strong>Qui</strong></span> 
     </span>
    </p>
   </div>
   <div class='ocr_carea' id='block_1_106' title="bbox 2029 4321 3611 4396">
    <p class='ocr_par' dir='ltr' id='par_1_106' title="bbox 2029 4321 3611 4396">
     <span class='ocr_line' id='line_1_106' title="bbox 2029 4321 3611 4396; baseline 0.008 -21"><span class='ocrx_word' id='word_1_774' title='bbox 2029 4321 2170 4375; x_wconf 88' lang='lat' dir='ltr'><strong>enim</strong></span> <span class='ocrx_word' id='word_1_775' title='bbox 2211 4322 2331 4376; x_wconf 84' lang='lat' dir='ltr'><strong>bene</strong></span> <span class='ocrx_word' id='word_1_776' title='bbox 2357 4324 2617 4394; x_wconf 82' lang='lat' dir='ltr'><strong>fecerunt,</strong></span> <span class='ocrx_word' id='word_1_777' title='bbox 2664 4323 2866 4396; x_wconf 90' lang='lat' dir='ltr'><strong>inquit,</strong></span> <span class='ocrx_word' id='word_1_778' title='bbox 2910 4328 2964 4381; x_wconf 89' lang='lat' dir='ltr'><strong>in</strong></span> <span class='ocrx_word' id='word_1_779' title='bbox 3007 4330 3419 4385; x_wconf 77' lang='lat' dir='ltr'><strong>resurrectionem</strong></span> <span class='ocrx_word' id='word_1_780' title='bbox 3462 4333 3611 4395; x_wconf 74' lang='lat' dir='ltr'><strong>rita&#39;;</strong></span> 
     </span>
    </p>
   </div>
   <div class='ocr_carea' id='block_1_107' title="bbox 2028 4411 3608 4493">
    <p class='ocr_par' dir='ltr' id='par_1_107' title="bbox 2028 4411 3608 4493">
     <span class='ocr_line' id='line_1_107' title="bbox 2028 4411 3608 4493; baseline 0.012 -31"><span class='ocrx_word' id='word_1_781' title='bbox 2028 4411 2113 4479; x_wconf 84' lang='lat' dir='ltr'><strong>qui</strong></span> <span class='ocrx_word' id='word_1_782' title='bbox 2135 4422 2301 4466; x_wconf 89' lang='lat' dir='ltr'><strong>autem</strong></span> <span class='ocrx_word' id='word_1_783' title='bbox 2328 4414 2476 4476; x_wconf 85' lang='lat' dir='ltr'><strong>male,</strong></span> <span class='ocrx_word' id='word_1_784' title='bbox 2503 4414 2557 4468; x_wconf 87' lang='lat' dir='ltr'><strong>in</strong></span> <span class='ocrx_word' id='word_1_785' title='bbox 2585 4417 2996 4472; x_wconf 82' lang='lat' dir='ltr'><strong>resurrectionem</strong></span> <span class='ocrx_word' id='word_1_786' title='bbox 3015 4419 3201 4491; x_wconf 86' lang='lat' dir='ltr'><strong>judicii</strong></span> <span class='ocrx_word' id='word_1_787' title='bbox 3234 4419 3412 4493; x_wconf 82' lang='lat' dir='ltr'><strong>(Joan.</strong></span> <span class='ocrx_word' id='word_1_788' title='bbox 3439 4438 3497 4490; x_wconf 79' lang='grc' dir='ltr'><strong>ν,</strong></span> <span class='ocrx_word' id='word_1_789' title='bbox 3512 4419 3608 4488; x_wconf 62' lang='grc'><strong>28.</strong></span> 
     </span>
    </p>
   </div>
   <div class='ocr_carea' id='block_1_108' title="bbox 2029 4500 3616 4584">
    <p class='ocr_par' dir='ltr' id='par_1_108' title="bbox 2029 4500 3616 4584">
     <span class='ocr_line' id='line_1_108' title="bbox 2029 4500 3616 4584; baseline 0.005 -28"><span class='ocrx_word' id='word_1_790' title='bbox 2029 4500 2144 4572; x_wconf 73' lang='grc'><strong>29).</strong></span> <span class='ocrx_word' id='word_1_791' title='bbox 2171 4500 2303 4556; x_wconf 92' lang='lat' dir='ltr'><strong>Cum</strong></span> <span class='ocrx_word' id='word_1_792' title='bbox 2326 4501 2469 4570; x_wconf 89' lang='lat' dir='ltr'><strong>dicit,</strong></span> <span class='ocrx_word' id='word_1_793' title='bbox 2506 4503 2692 4560; x_wconf 82' lang='lat' dir='ltr'><strong>Omnes</strong></span> <span class='ocrx_word' id='word_1_794' title='bbox 2717 4507 2803 4576; x_wconf 86' lang='lat' dir='ltr'><strong>qui</strong></span> <span class='ocrx_word' id='word_1_795' title='bbox 2825 4507 2877 4561; x_wconf 86' lang='lat' dir='ltr'><strong>in</strong></span> <span class='ocrx_word' id='word_1_796' title='bbox 2906 4511 3240 4564; x_wconf 80' lang='lat' dir='ltr'><strong>nwnumentis</strong></span> <span class='ocrx_word' id='word_1_797' title='bbox 3263 4521 3401 4577; x_wconf 85' lang='lat' dir='ltr'><strong>sunt,</strong></span> <span class='ocrx_word' id='word_1_798' title='bbox 3425 4510 3616 4584; x_wconf 85' lang='lat' dir='ltr'><strong>procul</strong></span> 
     </span>
    </p>
   </div>
   <div class='ocr_carea' id='block_1_109' title="bbox 2029 4591 3611 4666">
    <p class='ocr_par' dir='ltr' id='par_1_109' title="bbox 2029 4591 3611 4666">
     <span class='ocr_line' id='line_1_109' title="bbox 2029 4591 3611 4666; baseline 0.008 -21"><span class='ocrx_word' id='word_1_799' title='bbox 2029 4591 2192 4647; x_wconf 85' lang='lat' dir='ltr'><strong>dubio</strong></span> <span class='ocrx_word' id='word_1_800' title='bbox 2213 4593 2516 4650; x_wconf 89' lang='lat' dir='ltr'><strong>manifestat</strong></span> <span class='ocrx_word' id='word_1_801' title='bbox 2534 4609 2817 4666; x_wconf 88' lang='lat' dir='ltr'><strong>corporum</strong></span> <span class='ocrx_word' id='word_1_802' title='bbox 2846 4600 3312 4656; x_wconf 87' lang='lat' dir='ltr'><strong>resurrectionem.</strong></span> <span class='ocrx_word' id='word_1_803' title='bbox 3346 4601 3372 4657; x_wconf 87' lang='grc'><strong>.1</strong></span> <span class='ocrx_word' id='word_1_804' title='bbox 3381 4604 3611 4660; x_wconf 86' lang='lat' dir='ltr'><strong>udicium</strong></span> 
     </span>
    </p>
   </div>
   <div class='ocr_carea' id='block_1_110' title="bbox 2029 4686 3652 4763">
    <p class='ocr_par' dir='ltr' id='par_1_110' title="bbox 2029 4686 3652 4763">
     <span class='ocr_line' id='line_1_110' title="bbox 2029 4686 3652 4763; baseline 0.006 -24"><span class='ocrx_word' id='word_1_805' title='bbox 2029 4693 2206 4740; x_wconf 87' lang='lat' dir='ltr'><strong>autem</strong></span> <span class='ocrx_word' id='word_1_806' title='bbox 2233 4700 2354 4740; x_wconf 90' lang='lat' dir='ltr'><strong>cum</strong></span> <span class='ocrx_word' id='word_1_807' title='bbox 2380 4686 2532 4741; x_wconf 88' lang='lat' dir='ltr'><strong>audis</strong></span> <span class='ocrx_word' id='word_1_808' title='bbox 2554 4727 2570 4754; x_wconf 93' lang='lat'><strong>,</strong></span> <span class='ocrx_word' id='word_1_809' title='bbox 2601 4703 2668 4742; x_wconf 89' lang='lat' dir='ltr'><strong>ne</strong></span> <span class='ocrx_word' id='word_1_810' title='bbox 2695 4688 2786 4744; x_wconf 91' lang='lat' dir='ltr'><strong>tibi</strong></span> <span class='ocrx_word' id='word_1_811' title='bbox 2829 4698 3078 4761; x_wconf 87' lang='lat' dir='ltr'><strong>tanquam</strong></span> <span class='ocrx_word' id='word_1_812' title='bbox 3107 4691 3176 4746; x_wconf 85' lang='lat' dir='ltr'><strong>de</strong></span> <span class='ocrx_word' id='word_1_813' title='bbox 3217 4696 3495 4763; x_wconf 88' lang='lat' dir='ltr'><strong>temporali</strong></span> <span class='ocrx_word' id='word_1_814' title='bbox 3523 4695 3612 4763; x_wconf 87' lang='lat' dir='ltr'><strong>ju-</strong></span> <span class='ocrx_word' id='word_1_815' title='bbox 3647 4714 3652 4717; x_wconf 91' lang='grc'><strong>·</strong></span> 
     </span>
    </p>
   </div>
   <div class='ocr_carea' id='block_1_111' title="bbox 2030 4776 3608 4852">
    <p class='ocr_par' dir='ltr' id='par_1_111' title="bbox 2030 4776 3608 4852">
     <span class='ocr_line' id='line_1_111' title="bbox 2030 4776 3608 4852; baseline 0.004 -22"><span class='ocrx_word' id='word_1_816' title='bbox 2030 4776 2170 4832; x_wconf 89' lang='lat' dir='ltr'><strong>dicio</strong></span> <span class='ocrx_word' id='word_1_817' title='bbox 2195 4777 2516 4842; x_wconf 87' lang='lat' dir='ltr'><strong>blandiaris;</strong></span> <span class='ocrx_word' id='word_1_818' title='bbox 2562 4780 2774 4848; x_wconf 90' lang='lat' dir='ltr'><strong>ponitur</strong></span> <span class='ocrx_word' id='word_1_819' title='bbox 2795 4780 3050 4848; x_wconf 88' lang='lat' dir='ltr'><strong>judicium</strong></span> <span class='ocrx_word' id='word_1_820' title='bbox 3085 4797 3180 4851; x_wconf 82' lang='lat' dir='ltr'><strong>pro</strong></span> <span class='ocrx_word' id='word_1_821' title='bbox 3207 4798 3361 4852; x_wconf 75' lang='lat' dir='ltr'><strong>pmna</strong></span> <span class='ocrx_word' id='word_1_822' title='bbox 3388 4793 3608 4839; x_wconf 73' lang='lat' dir='ltr'><strong>aeterna.</strong></span> 
     </span>
    </p>
   </div>
   <div class='ocr_carea' id='block_1_112' title="bbox 2032 4868 3612 4946">
    <p class='ocr_par' dir='ltr' id='par_1_112' title="bbox 2032 4868 3612 4946">
     <span class='ocr_line' id='line_1_112' title="bbox 2032 4868 3612 4946; baseline 0.003 -23"><span class='ocrx_word' id='word_1_823' title='bbox 2032 4868 2333 4924; x_wconf 88' lang='lat' dir='ltr'><strong>Secundum</strong></span> <span class='ocrx_word' id='word_1_824' title='bbox 2365 4868 2466 4923; x_wconf 91' lang='lat' dir='ltr'><strong>hoc</strong></span> <span class='ocrx_word' id='word_1_825' title='bbox 2485 4869 2681 4923; x_wconf 85' lang='lat' dir='ltr'><strong>dictum</strong></span> <span class='ocrx_word' id='word_1_826' title='bbox 2707 4879 2810 4935; x_wconf 91' lang='lat' dir='ltr'><strong>est,</strong></span> <span class='ocrx_word' id='word_1_827' title='bbox 2843 4871 2943 4935; x_wconf 84' lang='lat' dir='ltr'><strong>Qui</strong></span> <span class='ocrx_word' id='word_1_828' title='bbox 2964 4883 3132 4925; x_wconf 83' lang='lat' dir='ltr'><strong>autent</strong></span> <span class='ocrx_word' id='word_1_829' title='bbox 3171 4889 3269 4925; x_wconf 88' lang='lat' dir='ltr'><strong>non</strong></span> <span class='ocrx_word' id='word_1_830' title='bbox 3300 4873 3478 4940; x_wconf 87' lang='lat' dir='ltr'><strong>credit,</strong></span> <span class='ocrx_word' id='word_1_831' title='bbox 3495 4877 3612 4946; x_wconf 81' lang='lat' dir='ltr'><strong>jam</strong></span> 
     </span>
    </p>
   </div>
   <div class='ocr_carea' id='block_1_113' title="bbox 2022 4957 3610 5036">
    <p class='ocr_par' dir='ltr' id='par_1_113' title="bbox 2022 4957 3610 5036">
     <span class='ocr_line' id='line_1_113' title="bbox 2022 4957 3610 5036; baseline 0.004 -25"><span class='ocrx_word' id='word_1_832' title='bbox 2022 4959 2283 5028; x_wconf 85' lang='lat' dir='ltr'><strong>judicatus</strong></span> <span class='ocrx_word' id='word_1_833' title='bbox 2307 4969 2379 5012; x_wconf 85' lang='lat' dir='ltr'><strong>est</strong></span> <span class='ocrx_word' id='word_1_834' title='bbox 2410 4957 2520 5027; x_wconf 72' lang='lat' dir='ltr'><strong>(Id.</strong></span> <span class='ocrx_word' id='word_1_835' title='bbox 2543 4975 2598 5014; x_wconf 88' lang='grc' dir='ltr'><strong>ιιι</strong></span> <span class='ocrx_word' id='word_1_836' title='bbox 2621 4999 2635 5022; x_wconf 86' lang='grc'><em>,</em></span> <span class='ocrx_word' id='word_1_837' title='bbox 2667 4959 2777 5030; x_wconf 82' lang='grc'><strong>18).</strong></span> <span class='ocrx_word' id='word_1_838' title='bbox 2810 4960 2934 5015; x_wconf 74' lang='lat' dir='ltr'><strong>llaec</strong></span> <span class='ocrx_word' id='word_1_839' title='bbox 2970 4977 3098 5031; x_wconf 79' lang='lat' dir='ltr'><strong>ergo</strong></span> <span class='ocrx_word' id='word_1_840' title='bbox 3132 4961 3426 5018; x_wconf 82' lang='lat' dir='ltr'><strong>diﬂ&#39;erentia</strong></span> <span class='ocrx_word' id='word_1_841' title='bbox 3455 4979 3610 5036; x_wconf 88' lang='lat' dir='ltr'><strong>sepa-</strong></span> 
     </span>
    </p>
   </div>
   <div class='ocr_carea' id='block_1_114' title="bbox 2032 5049 3610 5122">
    <p class='ocr_par' dir='ltr' id='par_1_114' title="bbox 2032 5049 3610 5122">
     <span class='ocr_line' id='line_1_114' title="bbox 2032 5049 3610 5122; baseline 0.004 -20"><span class='ocrx_word' id='word_1_842' title='bbox 2032 5058 2208 5103; x_wconf 89' lang='lat' dir='ltr'><strong>ratnra</strong></span> <span class='ocrx_word' id='word_1_843' title='bbox 2248 5059 2328 5103; x_wconf 89' lang='lat' dir='ltr'><strong>est</strong></span> <span class='ocrx_word' id='word_1_844' title='bbox 2357 5050 2530 5117; x_wconf 87' lang='lat' dir='ltr'><strong>justos</strong></span> <span class='ocrx_word' id='word_1_845' title='bbox 2571 5049 2637 5103; x_wconf 87' lang='lat' dir='ltr'><strong>ab</strong></span> <span class='ocrx_word' id='word_1_846' title='bbox 2667 5049 2905 5118; x_wconf 66' lang='lat' dir='ltr'><strong>iniustis,</strong></span> <span class='ocrx_word' id='word_1_847' title='bbox 2936 5050 3118 5106; x_wconf 89' lang='lat' dir='ltr'><strong>lidelcs</strong></span> <span class='ocrx_word' id='word_1_848' title='bbox 3157 5053 3225 5106; x_wconf 91' lang='lat' dir='ltr'><strong>ab</strong></span> <span class='ocrx_word' id='word_1_849' title='bbox 3265 5051 3567 5122; x_wconf 67' lang='lat' dir='ltr'><strong>inﬁdelibus</strong></span> <span class='ocrx_word' id='word_1_850' title='bbox 3592 5097 3610 5119; x_wconf 84' lang='lat'><strong><em>.</em></strong></span> 
     </span>
    </p>
   </div>
   <div class='ocr_carea' id='block_1_115' title="bbox 2031 5132 3612 5216">
    <p class='ocr_par' dir='ltr' id='par_1_115' title="bbox 2031 5132 3612 5216">
     <span class='ocr_line' id='line_1_115' title="bbox 2031 5132 3612 5216; baseline 0.004 -19"><span class='ocrx_word' id='word_1_851' title='bbox 2031 5132 2368 5198; x_wconf 85' lang='lat' dir='ltr'><strong>confessorcs</strong></span> <span class='ocrx_word' id='word_1_852' title='bbox 2390 5157 2421 5196; x_wconf 92' lang='lat' dir='ltr'><strong>a</strong></span> <span class='ocrx_word' id='word_1_853' title='bbox 2450 5141 2808 5211; x_wconf 69' lang='lat' dir='ltr'><strong>negatoribus,</strong></span> <span class='ocrx_word' id='word_1_854' title='bbox 2832 5153 3100 5200; x_wconf 89' lang='lat' dir='ltr'><strong>amatores</strong></span> <span class='ocrx_word' id='word_1_855' title='bbox 3125 5144 3245 5200; x_wconf 73' lang='lat' dir='ltr'><strong>vitae</strong></span> <span class='ocrx_word' id='word_1_856' title='bbox 3273 5147 3519 5216; x_wconf 66' lang='lat' dir='ltr'><strong>periturae</strong></span> <span class='ocrx_word' id='word_1_857' title='bbox 3544 5149 3612 5203; x_wconf 83' lang='lat' dir='ltr'><strong>ab</strong></span> 
     </span>
    </p>
   </div>
   <div class='ocr_carea' id='block_1_116' title="bbox 2032 5233 3613 5307">
    <p class='ocr_par' dir='ltr' id='par_1_116' title="bbox 2032 5233 3613 5307">
     <span class='ocr_line' id='line_1_116' title="bbox 2032 5233 3613 5307; baseline 0.004 -19"><span class='ocrx_word' id='word_1_858' title='bbox 2032 5233 2359 5288; x_wconf 87' lang='lat' dir='ltr'><strong>amatoribus</strong></span> <span class='ocrx_word' id='word_1_859' title='bbox 2384 5235 2504 5288; x_wconf 72' lang='lat' dir='ltr'><strong>vita:</strong></span> <span class='ocrx_word' id='word_1_860' title='bbox 2546 5244 2793 5300; x_wconf 66' lang='lat' dir='ltr'><strong>ceterum;</strong></span> <span class='ocrx_word' id='word_1_861' title='bbox 2828 5247 3136 5305; x_wconf 87' lang='lat' dir='ltr'><strong>separatura</strong></span> <span class='ocrx_word' id='word_1_862' title='bbox 3176 5249 3261 5294; x_wconf 90' lang='lat' dir='ltr'><strong>est</strong></span> <span class='ocrx_word' id='word_1_863' title='bbox 3299 5239 3382 5294; x_wconf 88' lang='lat' dir='ltr'><strong>illa</strong></span> <span class='ocrx_word' id='word_1_864' title='bbox 3413 5239 3613 5307; x_wconf 82' lang='lat' dir='ltr'><strong>discre-</strong></span> 
     </span>
    </p>
   </div>
   <div class='ocr_carea' id='block_1_117' title="bbox 2035 5325 3615 5416">
    <p class='ocr_par' dir='ltr' id='par_1_117' title="bbox 2035 5325 3615 5416">
     <span class='ocr_line' id='line_1_117' title="bbox 2035 5325 3615 5416; baseline 0.004 -35"><span class='ocrx_word' id='word_1_865' title='bbox 2035 5327 2128 5382; x_wconf 89' lang='lat' dir='ltr'><strong>tio.</strong></span> <span class='ocrx_word' id='word_1_866' title='bbox 2158 5325 2225 5380; x_wconf 78' lang='lat' dir='ltr'><strong>Et</strong></span> <span class='ocrx_word' id='word_1_867' title='bbox 2254 5327 2394 5380; x_wconf 87' lang='lat' dir='ltr'><strong>ibunt</strong></span> <span class='ocrx_word' id='word_1_868' title='bbox 2403 5327 2535 5399; x_wconf 85' lang='lat' dir='ltr'><strong>justi</strong></span> <span class='ocrx_word' id='word_1_869' title='bbox 2555 5328 2606 5381; x_wconf 85' lang='lat' dir='ltr'><strong>in</strong></span> <span class='ocrx_word' id='word_1_870' title='bbox 2627 5329 2776 5382; x_wconf 83' lang='lat' dir='ltr'><strong>vitam</strong></span> <span class='ocrx_word' id='word_1_871' title='bbox 2796 5339 3056 5392; x_wconf 76' lang='lat' dir='ltr'><strong>wternam,</strong></span> <span class='ocrx_word' id='word_1_872' title='bbox 3079 5331 3222 5401; x_wconf 87' lang='lat' dir='ltr'><strong>impii</strong></span> <span class='ocrx_word' id='word_1_873' title='bbox 3242 5349 3354 5386; x_wconf 82' lang='lat' dir='ltr'><strong>vero</strong></span> <span class='ocrx_word' id='word_1_874' title='bbox 3375 5333 3426 5386; x_wconf 89' lang='lat' dir='ltr'><strong>in</strong></span> <span class='ocrx_word' id='word_1_875' title='bbox 3446 5335 3615 5416; x_wconf 62' lang='lat' dir='ltr'><strong>ignei,</strong></span> 
     </span>
    </p>
   </div>
   <div class='ocr_carea' id='block_1_118' title="bbox 2033 5416 3612 5495">
    <p class='ocr_par' dir='ltr' id='par_1_118' title="bbox 2033 5416 3612 5495">
     <span class='ocr_line' id='line_1_118' title="bbox 2033 5416 3612 5495; baseline 0.004 -22"><span class='ocrx_word' id='word_1_876' title='bbox 2033 5427 2270 5473; x_wconf 67' lang='lat' dir='ltr'><strong>clericum</strong></span> <span class='ocrx_word' id='word_1_877' title='bbox 2305 5416 2516 5488; x_wconf 78' lang='lat' dir='ltr'><strong>(Matth.</strong></span> <span class='ocrx_word' id='word_1_878' title='bbox 2553 5434 2665 5473; x_wconf 84' lang='lat' dir='ltr'><strong>xxv</strong></span> <span class='ocrx_word' id='word_1_879' title='bbox 2685 5461 2701 5485; x_wconf 89' lang='lat'><strong>,</strong></span> <span class='ocrx_word' id='word_1_880' title='bbox 2733 5419 2844 5490; x_wconf 74' lang='grc'><strong>46).</strong></span> <span class='ocrx_word' id='word_1_881' title='bbox 2880 5419 2955 5475; x_wconf 91' lang='lat' dir='ltr'><strong>lbi</strong></span> <span class='ocrx_word' id='word_1_882' title='bbox 2986 5436 3106 5475; x_wconf 92' lang='lat' dir='ltr'><strong>cum</strong></span> <span class='ocrx_word' id='word_1_883' title='bbox 3133 5438 3358 5493; x_wconf 89' lang='lat' dir='ltr'><strong>corpore</strong></span> <span class='ocrx_word' id='word_1_884' title='bbox 3398 5433 3612 5495; x_wconf 78' lang='lat' dir='ltr'><strong>torque-</strong></span> 
     </span>
    </p>
   </div>
   <div class='ocr_carea' id='block_1_119' title="bbox 2098 5562 3610 5662">
    <p class='ocr_par' dir='ltr' id='par_1_119' title="bbox 2098 5562 3610 5662">
     <span class='ocr_line' id='line_1_119' title="bbox 2098 5562 3610 5662; baseline 0.004 -18"><span class='ocrx_word' id='word_1_885' title='bbox 2098 5599 2115 5629; x_wconf 81' lang='grc' dir='ltr'><strong>ι</strong></span> <span class='ocrx_word' id='word_1_886' title='bbox 2143 5594 2364 5659; x_wconf 81' lang='lat' dir='ltr'><strong>Plerique</strong></span> <span class='ocrx_word' id='word_1_887' title='bbox 2382 5603 2508 5659; x_wconf 76' lang='lat' dir='ltr'><strong>Mss,</strong></span> <span class='ocrx_word' id='word_1_888' title='bbox 2533 5595 2792 5662; x_wconf 80' lang='lat' dir='ltr'><strong>quamdam</strong></span> <span class='ocrx_word' id='word_1_889' title='bbox 2815 5595 3134 5661; x_wconf 77' lang='lat' dir='ltr'><strong>dignationem</strong></span> <span class='ocrx_word' id='word_1_890' title='bbox 3157 5597 3356 5659; x_wconf 80' lang='lat' dir='ltr'><strong>dottam,</strong></span> <span class='ocrx_word' id='word_1_891' title='bbox 3383 5613 3490 5662; x_wconf 62' lang='lat' dir='ltr'><strong>qua</strong></span> <span class='ocrx_word' id='word_1_892' title='bbox 3512 5562 3610 5652; x_wconf 81' lang='lat' dir='ltr'><strong>mo-</strong></span> 
     </span>
    </p>
   </div>
   <div class='ocr_carea' id='block_1_120' title="bbox 2035 5655 2242 5718">
    <p class='ocr_par' dir='ltr' id='par_1_120' title="bbox 2035 5655 2242 5718">
     <span class='ocr_line' id='line_1_120' title="bbox 2035 5655 2242 5718; baseline 0 -12"><span class='ocrx_word' id='word_1_893' title='bbox 2035 5655 2127 5718; x_wconf 64' lang='lat' dir='ltr'><strong>gis,</strong></span> <span class='ocrx_word' id='word_1_894' title='bbox 2147 5665 2242 5707; x_wconf 80' lang='lat' dir='ltr'><strong>etc.</strong></span> 
     </span>
    </p>
   </div>
   <div class='ocr_carea' id='block_1_121' title="bbox 2903 5763 3318 5844">
    <p class='ocr_par' dir='ltr' id='par_1_121' title="bbox 2903 5763 3318 5844">
     <span class='ocr_line' id='line_1_121' title="bbox 2903 5763 3318 5844; baseline 0.002 -20"><span class='ocrx_word' id='word_1_895' title='bbox 2903 5763 3318 5844; x_wconf 76' lang='lat' dir='ltr'><strong>(Quarantc.j</strong></span> 
     </span>
    </p>
   </div>
  </div>
