3926 6188
360 216 498 272 ίέἓὶθ

358 329 574 390 buntur,
605 326 693 397 qul
721 325 929 396 corpori
957 333 1330 394 pepercerunt.
1361 323 1620 380 Timeudo
1649 325 1790 381 enim
1823 334 1932 376 tor-

361 425 535 473 menta
566 415 806 486 corporis
831 457 844 479 ,
881 415 1097 486 corpori
1139 424 1530 487 pepercerunt;
1570 425 1624 472 et
1666 415 1934 486 parcendo

356 508 592 579 corpori,
623 507 891 562 Christum
923 516 1278 578 negaverunt;
1305 516 1357 561 et
1383 506 1620 578 negando
1640 504 1934 581 Christum,

361 601 546 670 pinnas
571 609 799 654 :eternas
827 599 987 654 etiam
1013 600 1224 670 corpori
1263 599 1586 655 distulerunt
1606 602 1645 653 ⁸.
1671 598 1726 656 Si
1769 599 1937 654 distu-

363 695 564 756 lerunt,
593 690 843 760 tutmquid
870 691 1244 747 abstulerunt?

430 763 656 838 CAPUT
697 781 782 835 Ill.
813 811 881 822 ~—
907 782 961 837 '5.
991 780 1187 853 Corpus
1226 798 1327 835 non
1367 790 1767 851 contempserunt
1801 796 1939 832 mar-

363 885 516 945 tyres,
546 874 635 928 sed
660 875 703 928 ei
728 874 850 928 bene
871 874 1248 929 consuluerunt.
1273 874 1414 943 Ergo
1438 872 1723 944 prudenter
1742 881 1940 943 marty-

364 981 448 1019 res
477 965 670 1021 Christi
703 980 806 1019 non
833 980 924 1019 sua
953 980 1173 1035 corpora
1198 974 1654 1036 contempserunt.
1683 963 1940 1020 Pervcrsa

363 1066 445 1110 est
492 1055 630 1122 ista,
678 1065 732 1110 et
766 1056 1029 1110 mundana
1076 1056 1430 1125 philosophia,
1480 1070 1663 1110 eorum
1699 1053 1788 1124 qui
1831 1069 1939 1108 non

359 1149 585 1202 "credunt
624 1163 906 1218 corporum
961 1149 1430 1204 resurrectionem.
1491 1147 1748 1203 Videntur
1795 1147 1940 1202 enim

360 1237 462 1292 sibi
504 1239 652 1308 quasi
699 1239 872 1308 magni
911 1239 1151 1308 corporis
1188 1246 1620 1308 contemptores,
1665 1237 1788 1305 quia
1827 1237 1940 1306 ipsa

364 1344 586 1399 corpora
613 1330 765 1400 quasi
797 1346 892 1399 pro
928 1331 1231 1386 carceribus
1256 1345 1315 1386 se
1345 1331 1542 1386 habere
1571 1330 1897 1384 arbitrantur
1921 1370 1938 1396 ,

365 1435 469 1490 quo
498 1419 742 1475 detrusas
784 1431 972 1493 putant
1009 1421 1214 1476 animas
1235 1463 1252 1490 ,
1284 1421 1425 1496 quod
1454 1421 1578 1475 alibi
1605 1431 1728 1474 ante
1754 1435 1940 1490 pecca-

367 1520 571 1565 verunt.
621 1511 760 1565 Deus
801 1521 976 1567 autem
1007 1522 1187 1567 noster
1226 1521 1280 1566 et
1315 1527 1507 1580 corpus
1548 1511 1670 1565 fecit
1695 1519 1751 1566 et
1779 1510 1939 1582 spiri-

368 1613 509 1669 tum;
543 1613 596 1658 et
626 1604 899 1674 utriusque
925 1614 1134 1659 creator
1160 1613 1243 1658 est
1266 1645 1280 1668 ,
1322 1613 1376 1658 ct
1418 1603 1691 1673 utriusque
1732 1617 1944 1656 recrea-

369 1703 482 1758 tor;
513 1693 787 1763 utriuSque
814 1696 1086 1749 institutor
1111 1737 1124 1759 ,
1155 1695 1430 1764 utriusque
1454 1694 1614 1750 etiam
1646 1693 1944 1748 restitutor.

368 1783 479 1838 Non
504 1799 631 1854 ergo
660 1801 874 1840 carnem
904 1795 1151 1856 tanquam
1178 1786 1468 1848 inimicam,
1497 1786 1580 1840 vel
1602 1795 1945 1854 contempse-

368 1884 510 1940 runt,
539 1875 620 1928 vel
643 1877 905 1944 persecuti
935 1886 1055 1931 sunt
1076 1887 1356 1947 martyres.
1387 1875 1553 1930 Nemo
1572 1877 1704 1930 enim
1725 1893 1952 1946 unquam

370 1980 570 2018 carnem
593 1982 738 2018 suam
767 1966 882 2020 odio
913 1966 1082 2020 habuit
1107 1966 1319 2037 (Ep/tes.
1349 1982 1400 2033 v,
1422 1967 1534 2037 29).
1559 1968 1720 2038 Magis
1740 1969 1788 2023 ei
1817 1983 1947 2023 con-

369 2053 666 2122 suluerunt,
690 2057 902 2127 quando
922 2074 1039 2114 eam
1062 2060 1326 2129 negligere
1351 2059 1666 2114 videbantur
1692 2078 1706 2114 :
1736 2061 1950 2130 quando

372 2145 423 2198 iu
451 2161 512 2201 ea
557 2145 782 2202 ﬁdeliter
811 2150 1188 2218 persistentes,
1219 2151 1529 2219 temporalia
1571 2160 1830 2207 tormenta
1872 2162 1950 2207 to-

371 2239 640 2307 lerabant,
685 2241 937 2298 aeternam
980 2245 1140 2300 etiam
1183 2245 1281 2314 ipsi
1309 2245 1704 2315 carnigluriam
1729 2258 1950 2315 compa-

369 2328 578 2383 rabant.

437 2419 665 2498 QAPUT
704 2421 791 2478 IV.
839 2453 909 2463 -—
936 2425 988 2478 4.
1019 2422 1257 2496 Corporis
1284 2426 1446 2498 gloria
1483 2436 1595 2499 post
1631 2426 1952 2481 resurrectio-

324 2527 327 2529 '
369 2527 498 2567 nem.
537 2513 744 2568 Sanitas
768 2517 1011 2586 corporis,
1035 2517 1304 2572 concordia
1330 2511 1501 2572 eorum
1535 2519 1714 2589 quibus
1737 2527 1950 2573 constat.

369 2606 499 2671 Qua:
525 2607 592 2660 sit
615 2616 791 2663 autem
817 2608 990 2664 futura
1029 2611 1079 2664 in
1125 2612 1512 2667 resurrectione
1555 2613 1720 2683 gloria
1775 2612 1950 2668 carnis

371 2695 546 2765 hujus,
578 2699 695 2768 quis
723 2700 950 2770 explicet
975 2701 1188 2755 verbis?
1215 2701 1383 2757 Nemo
1408 2704 1581 2758 adhuc
1607 2714 1843 2759 nostrum
1867 2702 1956 2757 ba-

372 2786 544 2842 bendo
583 2798 834 2860 expertus
876 2801 976 2846 est.
1024 2791 1173 2848 Nunc
1197 2808 1410 2848 carnem
1454 2809 1732 2848 onerosam
1777 2805 1956 2863 porta-

371 2894 515 2947 mus;
555 2882 678 2951 quia
724 2883 984 2952 indigam,
1019 2885 1136 2954 quia
1169 2884 1460 2952 inﬁrmam,
1488 2886 1609 2957 quia
1636 2887 1947 2953 mortalem,

368 2969 489 3037 quia
531 2972 944 3043 corruptibilem.
1000 2973 1196 3046 Corpus
1236 2976 1377 3030 enim
1416 2976 1551 3046 quod
1592 2969 1950 3048 corrumpitur,

368 3072 605 3133 aggravet
625 3066 846 3120 animam
871 3065 1022 3140 (Sap.
1052 3085 1103 3122 ιχ
1126 3111 1138 3131 ,
1173 3069 1284 3140 15).
1313 3068 1418 3123 Sed
1450 3069 1553 3123 noli
1585 3069 1754 3122 hocin
1788 3083 1957 3122 resur-

368 3155 604 3210 rcctione
628 3167 884 3214 metuere.
914 3158 1122 3231 Oportet
1150 3171 1206 3213 ut
1225 3161 1544 3231 corruptibile
1567 3161 1659 3215 hoc
1683 3160 1858 3214 indunt
1880 3162 1931 3216 in

369 3247 769 3315 corruptionem,
818 3260 865 3304 et
909 3251 1117 3305 mortale
1172 3250 1265 3305 hoc
1309 3249 1487 3305 induat
1531 3253 1952 3307 immortalitatem

370 3337 413 3408 (Ι
448 3337 564 3392 Cor.
594 3355 690 3404 xv,
721 3341 832 3412 55).
883 3342 1035 3410 Quod
1079 3359 1220 3397 nunc
1261 3353 1341 3396 est
1383 3358 1551 3409 onus,
1592 3344 1692 3397 erit
1736 3343 1949 3397 hooor:

367 3431 506 3500 quod
540 3447 678 3488 nunc
702 3433 908 3488 sarcina
930 3477 944 3501 ,
975 3447 1097 3489 tunc
1127 3435 1386 3490 levamen.
1418 3435 1529 3489 Non
1562 3435 1700 3489 enim
1741 3435 1954 3491 habebit

371 3527 609 3598 pondus,
638 3538 694 3582 ut
722 3543 915 3598 corpus
965 3529 1158 3586 habere
1204 3539 1256 3585 te
1304 3531 1519 3584 sentias.
1556 3529 1778 3593 \‘idete,
1826 3526 1952 3584 cha-

370 3618 564 3672 rissimi
600 3638 613 3672 :
645 3619 858 3690 quando
887 3635 1075 3675 sanum
1118 3630 1199 3676 est
1242 3635 1438 3690 corpus
1470 3630 1740 3686 nostrum,
1793 3620 1950 3674 etiam

372 3710 471 3763 hoc
511 3709 694 3784 fragile
719 3721 877 3782 atque
907 3713 1158 3779 mortale,
1203 3713 1414 3783 quando
1462 3726 1674 3766 suarum
1724 3713 1948 3782 partium

371 3808 788 3870 temperamento
841 3801 1172 3856 moderatum
1219 3811 1336 3868 est,
1378 3801 1588 3872 quando
1631 3803 1681 3856 in
1725 3818 1790 3856 eo
1819 3802 1950 3857 nihil

371 3891 484 3959 ejus
511 3890 764 3948 adversus
793 3891 935 3946 aliud
964 3893 1198 3955 rixatur;
1229 3908 1333 3946 non
1360 3892 1506 3946 calor
1534 3902 1751 3962 superat
1775 3903 1830 3947 et
1858 3911 1950 3948 nr-

369 3975 456 4051 get
485 3983 714 4053 algorem
736 4025 751 4050 ,
800 3999 906 4038 non
932 3984 1080 4053 copia
1111 3984 1320 4054 frigoris
1365 3983 1543 4040 fervor
1571 3985 1945 4056 exstinguitur,

369 4081 422 4125 et
449 4072 574 4127 dum
604 4074 829 4129 luctatur
854 4073 1069 4145 aﬂligit;
1112 4091 1216 4128 non
1262 4065 1536 4129 humorem
1580 4075 1791 4131 siccitas
1837 4093 1952 4130 sor-

371 4165 491 4229 bet,
525 4180 630 4220 non
678 4167 894 4222 inundat
931 4166 1119 4222 humor
1147 4177 1198 4222 ct
1241 4168 1466 4238 premit;
1501 4167 1594 4225 sed
1625 4170 1801 4224 omnia
1831 4171 1950 4240 qui-

372 4254 469 4308 bus
495 4265 701 4312 constat
728 4259 975 4313 concordi
1005 4259 1142 4313 inter
1168 4274 1226 4314 se
1263 4259 1508 4329 junctura
1557 4260 1744 4317 librata
1791 4272 1949 4330 sunt,

371 4361 488 4413 qua?
513 4347 710 4402 sanitas
738 4347 947 4403 dicitur.
980 4349 1075 4404 Est
1103 4358 1277 4404 autem
1297 4391 1312 4415 ,
1365 4361 1420 4404 ut
1472 4353 1701 4408 breviter
1743 4352 1948 4419 dicam,

370 4436 568 4489 sanitas
597 4438 868 4506 corporis,
924 4453 1107 4492 eorum
1159 4441 1442 4495 concordia
1487 4443 1678 4511 quibus
1719 4453 1946 4498 constat.

373 4523 497 4578 llmc
523 4541 647 4591 ergo
677 4527 904 4593 sanitas,
933 4527 985 4580 id
1029 4538 1109 4582 est
1154 4530 1512 4585 membrorum
1564 4534 1951 4606 humerumque

371 4609 652 4670 concordia
701 4616 752 4670 in
799 4631 857 4670 re
895 4617 1261 4686 corruptibili,
1308 4619 1356 4672 in
1397 4635 1454 4673 re
1491 4637 1656 4690 egena
1706 4633 1758 4678 et
1803 4622 1953 4678 inﬁr-

372 4724 454 4762 ma
482 4748 495 4770 ,
545 4709 594 4762 in
635 4723 693 4764 re
721 4723 839 4779 quze
878 4708 1050 4764 adhuc
1075 4709 1279 4766 esurire
1305 4721 1357 4766 ct
1383 4713 1532 4769 sitire
1561 4723 1764 4784 potest,
1802 4726 1947 4772 stan-

369 4801 439 4854 do
497 4799 718 4865 lassari,
781 4801 1018 4856 sedendo
1075 4802 1253 4869 reﬁci,
1312 4817 1493 4858 rursus
1553 4805 1788 4875 sedendo
1849 4807 1952 4863 las-

370 4892 510 4957 sari,
576 4892 860 4948 esuriendo
921 4892 1182 4962 deﬁcere,
1249 4895 1517 4952 vescendo
1576 4897 1769 4964 reﬁci;
1844 4914 1950 4954 non

369 4998 679 5040 succurrere
729 4985 1112 5041 defectionibus
1183 4987 1462 5056 praeteritis
1525 4989 1622 5043 nisi
1678 4990 1800 5050 aliis
1858 4991 1949 5046 iu-

368 5077 573 5133 choatis
601 5098 614 5133 :
643 5077 896 5149 quidquid
923 5079 1062 5132 enim
1088 5078 1231 5133 aliud
1259 5079 1324 5133 ad
1364 5080 1706 5140 refectionem
1741 5085 1950 5153 ceperis

370 5168 572 5234 lassus,
615 5169 819 5224 initium
863 5178 944 5225 est
985 5169 1204 5226 alterius
1235 5170 1590 5239 lassitudinis;
1620 5173 1740 5244 quia
1773 5175 1823 5227 in
1857 5189 1913 5230 re
1933 5217 1948 5242 ,

367 5276 525 5328 quam
550 5263 818 5332 sumpsisti
846 5272 901 5317 ut
928 5278 1264 5318 succurreres
1286 5306 1300 5329 ,
1322 5265 1364 5318 si
1393 5281 1699 5333 perseveres
1717 5309 1731 5333 ,
1757 5277 1807 5322 et
1829 5267 1951 5322 inde

370 5351 671 5420 fatigaberis
718 5371 732 5408 :
781 5353 832 5407 in
881 5352 982 5407 hoc
1007 5370 1131 5424 ergo
1161 5354 1368 5408 infirmo
1393 5365 1446 5408 et
1472 5357 1795 5427 corruptibili
1826 5372 1947 5412 cor-

370 5453 532 5508 pore,
584 5443 712 5513 quid
748 5454 838 5500 ‘est
885 5444 994 5514 ipsa
1048 5446 1245 5501 sanitas
1286 5447 1721 5518 qualiscumque?
1768 5450 1948 5520 Neque

369 5535 509 5588 enim
543 5535 686 5604 huic,
716 5554 833 5606 qua:
865 5539 914 5591 in
943 5554 1101 5593 carne
1128 5539 1334 5594 mortali
1365 5549 1418 5594 ct
1459 5541 1785 5611 corruptibili
1817 5543 1948 5596 ilici-

433 5645 451 5676 ι
476 5642 664 5707 aliquot
686 5653 812 5708 Mss,
831 5647 986 5709 plenis
1003 5651 1194 5707 turmis
1217 5651 1359 5703 etiam
1385 5666 1584 5721 corpora
1611 5651 1910 5708 distuli-runt.

1570 213 1625 267 8.
1669 211 1937 269 AUGUST
1947 210 2030 264 lt\'l
2072 211 2374 269 EPISCOPI

3488 219 3609 282 1260

2045 332 2129 377 tur
2156 325 2353 379 sanitas
2378 367 2392 392 ,
2434 323 2540 379 ullo
2581 324 2743 381 modo
2782 326 3110 398 Angelorum
3154 328 3363 384 sanitati
3405 342 3614 399 compa-

2045 413 2206 468 randa
2234 423 2342 479 est,
2372 429 2598 484 quorum
2647 414 2801 472 nobis
2826 417 3100 487 inqualitas
3144 420 3196 472 in
3240 422 3618 478 resurrectione

2045 492 2370 574 promittitur
2400 503 2549 577 (Luc.
2579 521 2645 560 xx
2669 547 2684 573 ,
2708 505 2820 578 5G).

2114 590 2340 650 CAPUT
2394 593 2454 650 ν.
2479 625 2552 638 -
2584 587 2707 652 Hace
2736 608 2912 653 tamen
2951 600 3186 664 sanitas,
3221 610 3277 654 ut
3318 599 3460 664 disi,
3500 617 3623 671 qua.

2046 685 2341 757 liscumque
2369 687 2495 758 quid
2527 687 2687 744 habet
2710 688 3080 746 delectationis
3099 731 3115 758 ,
3145 706 3304 761 quam
3333 693 3626 761 exoptabile

2046 775 2241 830 bonum
2288 787 2370 832 est
2413 778 2697 834 omnibus?
2739 779 3000 848 Quantam
3047 797 3162 836 rem
3208 781 3366 837 habet
3413 798 3626 852 pauper,

2045 859 2167 921 cum
2211 866 2349 922 hanc
2395 868 2564 922 solam
2616 870 2808 934 habet;
2847 881 3094 940 quantam
3125 888 3231 926 non
3261 872 3422 928 habet
3447 873 3626 939 dives,

2047 973 2166 1012 cum
2195 959 2330 1013 hanc
2354 959 2521 1014 solam
2546 977 2648 1014 non
2679 960 2877 1016 habet?
2898 962 3031 1030 Quid
3059 977 3120 1018 se
3139 962 3305 1032 iactat
3327 965 3630 1032 copiosum?
3654 1020 3657 1021 ν

2049 1049 2235 1106 Febris
2279 1052 2474 1107 lectum
2517 1069 2625 1107 non
2670 1052 2920 1108 formidat
2963 1065 3272 1124 argenteum
3301 1073 3316 1108 :
3347 1072 3454 1110 non
3486 1056 3628 1124 timet

2050 1157 2294 1213 pompam
2317 1143 2492 1199 divitis
2511 1186 2526 1213 ,
2559 1160 2665 1200 non
2698 1149 2847 1203 timet
2869 1147 3039 1216 iacula
3062 1148 3352 1204 bellatoris.

2063 1223 2068 1228 ’
2119 1235 2173 1290 5.
2205 1235 2412 1290 Sanitas
2433 1246 2504 1290 est
2539 1238 2666 1291 nihil
2690 1241 2872 1292 sentire
2891 1280 2906 1304 ,
2935 1239 3120 1294 scilicet
3150 1240 3411 1312 molestum
3440 1250 3488 1293 et
3509 1258 3629 1294 onc-

2048 1343 2238 1380 rosum.
2263 1327 2404 1393 Quid
2443 1343 2571 1397 ergo
2599 1329 2797 1384 sanitas
2823 1329 2939 1385 hac
2963 1329 3110 1399 ipsa,
3139 1347 3297 1401 quam
3331 1341 3475 1386 recte
3499 1348 3635 1388 mar-

2051 1427 2193 1488 tyres
2217 1427 2688 1486 contempserunt,
2717 1421 2840 1490 quia
2869 1421 2923 1476 in
2952 1421 3064 1491 ipsa
3091 1437 3254 1479 carne
3273 1423 3432 1478 aliam
3449 1439 3633 1493 spera-

2050 1507 2276 1563 verunt?
2303 1508 2501 1564 Tamen
2533 1511 2652 1580 quia
2677 1511 2820 1566 illam
2849 1513 3081 1567 nondum
3104 1514 3304 1585 experti
3329 1529 3538 1580 sumus,
3569 1531 3633 1572 ex

2053 1598 2150 1652 ista
2197 1614 2356 1668 quam
2403 1601 2683 1664 novimus.
2730 1601 2874 1656 illam
2921 1612 3208 1672 utcumque
3264 1605 3636 1673 etutjiciamus.

2052 1689 2188 1758 Quid
2233 1701 2314 1746 est
2363 1693 2592 1748 sanitas?
2639 1692 2696 1748 Si
2741 1693 2888 1750 dicas
2931 1695 3100 1760 mihi,
3128 1695 3265 1762 Quid
3309 1705 3394 1752 est
3420 1695 3640 1753 videre?

2053 1792 2305 1854 quantum
2334 1784 2400 1839 ad
2427 1800 2621 1856 corpus
2648 1787 2866 1851 attinet,
2896 1787 3232 1857 reSpondebo
3261 1788 3354 1842 tibi
3379 1786 3639 1849 fortasse,

2056 1875 2252 1932 formas
2280 1875 2592 1946 coloresque
2618 1879 2837 1932 sentire.
2883 1878 2940 1932 Si
2979 1877 3130 1932 dicas
3175 1877 3333 1944 mihi,
3379 1877 3524 1947 Quid
3565 1889 3642 1932 est

2054 1966 2274 2021 audire?
2317 1967 2682 2037 respondebo,
2724 1983 2886 2024 sonos
2926 1970 3146 2024 sentire.
3191 1967 3248 2023 Si
3295 1967 3476 2030 dicas.
3506 1968 3640 2037 Quid

2057 2069 2138 2122 est
2166 2057 2426 2113 olfacere?
2466 2058 2833 2128 respondebo,
2873 2060 3069 2114 odores
3110 2060 3328 2114 sentire.
3382 2059 3527 2128 Quid
3567 2069 3643 2114 e~t

2059 2150 2313 2218 tangere?
2339 2149 2476 2204 Dura
2508 2151 2590 2205 vel
2622 2151 2800 2206 mollia
2822 2191 2838 2215 ,
2864 2149 3035 2206 calida
3067 2152 3151 2206 vel
3187 2150 3377 2221 frigida
3397 2194 3413 2216 ,
3451 2166 3644 2224 aspera

2059 2251 2110 2296 et
2142 2241 2276 2296 lenia
2303 2283 2318 2306 ,
2345 2243 2524 2312 gravia
2551 2242 2633 2297 vel
2675 2242 2808 2297 levia
2847 2243 3065 2297 sentire.
3105 2241 3240 2310 Quid
3284 2251 3367 2296 est
3408 2243 3644 2297 sanitas!

2059 2331 2200 2386 Nihil
2229 2335 2428 2387 sentire
2455 2335 2496 2388 ¹.
2539 2332 2645 2390 Sed
2685 2343 2739 2388 et
2783 2333 2896 2388 haec
2925 2335 3036 2403 ipsa
3063 2334 3113 2387 in
3142 2334 3297 2388 nobis
3325 2334 3491 2388 modo
3519 2336 3644 2388 alio-

2061 2431 2178 2478 rum
2227 2426 2624 2494 comparatione
2663 2426 2944 2482 vilescunt.
2991 2429 3161 2483 Acute
3206 2426 3360 2481 vides
3392 2446 3407 2480 :
3436 2429 3645 2482 acutius

2064 2525 2113 2570 te
2160 2513 2381 2571 forsitan
2424 2518 2623 2588 aquila.
2655 2520 2820 2574 Acute
2847 2518 3000 2573 audis
3035 2538 3050 2574 :
3081 2529 3207 2574 sunt
3249 2520 3495 2575 bestiolae
3532 2537 3646 2590 (ιιιιθ

2063 2605 2285 2661 audiunt
2322 2609 2546 2663 acutius.
2574 2610 2742 2663 Acute
2777 2607 2962 2664 olfacis
2990 2625 3002 2662 :
3033 2624 3222 2664 canem
3250 2623 3502 2680 sagacem
3549 2625 3649 2665 non

2063 2697 2250 2752 vincis.
2281 2699 2449 2754 Acuta
2479 2714 2698 2770 sapores
2739 2700 3000 2771 gustando
3029 2700 3290 2771 dijudicas
3318 2721 3332 2756 :
3366 2712 3498 2756 sunt
3531 2705 3648 2756 ani-

2063 2789 2220 2843 malia
2249 2805 2368 2859 quae
2389 2790 2691 2860 inexpertas
2713 2789 2908 2845 herbas
2935 2790 3281 2854 discernunt,
3309 2799 3364 2845 et
3386 2791 3538 2861 quod
3573 2804 3652 2846 est

2065 2879 2280 2938 noxium
2327 2893 2432 2934 non
2476 2880 2760 2952 attingunt.
2787 2880 2919 2935 Nam
2952 2890 3006 2936 tu
3032 2881 3322 2952 quamlibet
3361 2892 3524 2938 acute
3568 2882 3651 2937 di-

2063 2985 2281 3027 scernas
2305 2972 2480 3026 cibum
2499 3012 2516 3038 ,
2545 2971 2854 3043 imprudens
2879 2973 3036 3028 irruis
3060 2975 3115 3027 in
3147 2961 3431 3029 venenum.
3483 2977 3653 3030 Acuta

2064 3065 2232 3120 sentis
2260 3065 2526 3134 tangendo
2559 3081 2574 3119 :
2603 3080 2761 3133 quam
2789 3065 2971 3120 multa:
2991 3079 3118 3119 aves
3149 3074 3391 3120 aestatem
3419 3063 3654 3120 futuram

2066 3157 2444 3228 praesentiunt,
2492 3163 2547 3210 et
2590 3155 2708 3210 loca
2758 3155 3061 3221 demutant;
3108 3155 3338 3212 luetnem
3371 3156 3655 3210 imminere

2065 3245 2439 3314 praisentiunt,
2471 3243 2537 3299 ad
2570 3245 2682 3300 loca
2731 3244 2986 3300 calidiora
3022 3244 3363 3314 demigrant?
3406 3245 3558 3315 quod
3600 3257 3651 3300 tu

2061 3351 2182 3392 cum
2223 3336 2426 3391 venerit
2471 3337 2670 3403 sentis,
2705 3347 2991 3408 antequam
3034 3338 3214 3392 veniat
3259 3339 3360 3392 illa:
3411 3352 3645 3416 praises.-

2066 3427 2201 3483 tiunt
2226 3429 2267 3480 ³.
2299 3427 2367 3482 Ει
2396 3429 2497 3483 hoc
2525 3429 2696 3498 ipsum
2722 3430 2862 3499 quod
2892 3431 2942 3484 in
2979 3431 3210 3486 sanitate
3237 3432 3447 3486 laudavi
3474 3475 3492 3498 ,
3525 3433 3652 3487 nihil

2063 3520 2224 3576 sentit
2245 3520 2398 3589 lapis,
2429 3521 2559 3574 nihil
2585 3520 2766 3587 arbor,
2792 3521 2923 3576 nihil
2942 3523 3188 3578 cadaver.

2133 3611 2356 3668 CAPUT
2411 3611 2497 3667 Vl.
2550 3643 2620 3652 —
2666 3612 2720 3668 6.
2775 3613 3037 3668 Decianus
3092 3615 3298 3669 sarciens
3355 3615 3408 3668 in
3463 3633 3651 3686 corpus

2065 3711 2338 3756 mortuum.
2391 3701 2566 3756 Vivere
2611 3703 2665 3756 in
2717 3719 2964 3772 corpore,
3007 3713 3054 3757 et
3094 3705 3219 3758 nihil
3252 3721 3313 3758 ea:
3349 3706 3465 3774 ejus
3507 3722 3654 3760 etme

2061 3792 2243 3844 sentire
2265 3833 2280 3857 ,
2306 3801 2376 3845 est
2413 3807 2594 3845 sanum
2623 3808 2748 3847 esse.
2783 3791 2925 3847 Onus
2958 3796 3183 3864 corporis
3207 3795 3259 3848 in
3281 3795 3379 3848 hac
3401 3796 3655 3850 vitascm-

2064 3891 2370 3951 permanet.
2410 3881 2543 3938 Nam
2585 3898 2782 3953 prmses
2823 3884 2914 3940 ille
2962 3885 3220 3940 Dacianus
3247 3885 3299 3940 in
3319 3886 3491 3941 corde
3519 3886 3654 3942 nihil

2063 3971 2358 4039 sentiebat,
2412 3973 2626 4042 quando
2677 3974 2731 4030 in
2783 3975 2915 4030 nihil
2973 3977 3208 4031 sentiens
3257 3977 3500 4032 cadaver
3553 3993 3652 4032 sa:-

2063 4065 2276 4120 viebat?
2325 4067 2460 4133 Quid
2501 4067 2642 4122 enim
2679 4066 2789 4137 jam
2831 4068 3054 4124 faciebat
3081 4069 3206 4124 nihil
3235 4070 3532 4134 sentienti,
3565 4071 3652 4139 qui

2063 4157 2231 4226 potuit
2256 4165 2310 4212 et
2335 4172 2362 4210 a
2393 4157 2654 4213 sentiente
2683 4158 2965 4228 superari?
2995 4158 3140 4213 Fecit
3170 4167 3344 4214 tamen
3388 4160 3665 4230 quidquid

2063 4248 2262 4316 potuit,
2289 4246 2412 4303 fecit
2438 4249 2620 4302 iratus.
2650 4246 2757 4302 Sed
2784 4249 2873 4319 qui
2897 4249 3006 4317 jam
3031 4248 3160 4303 nihil
3189 4249 3240 4303 in
3273 4249 3454 4320 palam
3487 4251 3654 4320 patie-

2063 4339 2216 4393 batur
2240 4338 2282 4404 ³,
2312 4338 2363 4393 in
2387 4339 3006 4416 occultoqcoronabatur.
3053 4339 3289 4395 Tenebat
3330 4341 3482 4396 enim
3527 4356 3654 4395 sen-

2063 4433 2281 4486 tentiam
2311 4430 2518 4485 Domini
2545 4431 2626 4486 sui
2653 4447 2665 4484 :
2695 4432 2783 4501 qui
2827 4447 2948 4485 cum
2979 4431 3134 4486 vellet
3163 4446 3262 4486 nos
3303 4446 3538 4488 securos
3581 4432 3655 4486 fa-

2062 4537 2186 4578 cere
2207 4522 2275 4577 de
2304 4522 2386 4576 his
2415 4523 2503 4592 qui
2544 4537 2737 4592 corpus
2783 4523 3060 4591 occidunt,
3089 4521 3293 4589 Nolite,
3338 4525 3552 4595 inquit,
3585 4525 3652 4578 ti.

2062 4630 2196 4668 mere
2219 4630 2302 4668 eos
2325 4615 2412 4685 qui
2432 4630 2613 4685 corpus
2632 4615 2867 4669 occidunt
2884 4656 2900 4680 ,
2928 4625 2974 4670 et
2998 4626 3168 4687 postea
3190 4632 3291 4669 non
3313 4615 3507 4672 habent
3536 4617 3658 4690 quid

2063 4705 2251 4776 faciant
2301 4704 2514 4774 (Matth.
2556 4721 2624 4772 χ,
2653 4705 2756 4768 28ς
2803 4705 2930 4760 Luc.
2960 4721 3064 4774 su,
3105 4707 3183 4779 ι).
3231 4706 3528 4774 Quomodo
3558 4723 3654 4780 po-

2063 4805 2175 4850 stea
2207 4811 2309 4872 non
2340 4796 2537 4851 habent
2560 4796 2685 4867 quid
2723 4795 2956 4866 faciant,
2979 4797 3189 4869 quando
3219 4798 3441 4854 insanus
3474 4799 3571 4855 ille
3593 4801 3656 4852 de

2063 4887 2326 4944 Vincentii
2352 4903 2576 4959 corpore
2608 4898 2747 4943 tanta
2780 4889 2940 4944 fecit?
2969 4890 3073 4946 Sed
3105 4879 3384 4947 Vincentio
3413 4892 3549 4962 quid
3580 4891 3658 4946 fe-

2063 4979 2168 5047 cit,
2191 4979 2280 5050 qui
2307 4981 2465 5034 etiam
2497 4979 2744 5034 sentienti
2777 4981 2906 5035 nihil
2937 4981 3096 5035 fecit?
3123 4984 3258 5051 lirgo
3293 4998 3399 5037 non
3441 4983 3526 5037 sic
3555 4998 3658 5036 non

2065 5073 2290 5133 sentire,
2323 5081 2382 5126 ut
2422 5086 2524 5126 non
2556 5073 2715 5127 sentit
2752 5073 2915 5142 lapis,
2964 5083 3021 5128 ut
3061 5088 3163 5128 non
3193 5075 3354 5129 sentit
3381 5073 3573 5143 arbor,
3607 5083 3662 5127 ut

2064 5169 2171 5219 non
2199 5164 2360 5220 sentit
2388 5165 2648 5231 cadaver;
2696 5165 2788 5220 sed
2833 5165 3011 5221 vivere
3053 5166 3102 5220 in
3145 5182 3406 5236 corpore,
3435 5177 3496 5222 et
3527 5168 3660 5220 nihil

2065 5271 2128 5310 ex
2155 5256 2274 5325 ejus
2299 5270 2460 5310 onere
2490 5257 2688 5310 sentire
2713 5299 2728 5322 ,
2759 5257 2858 5311 hoc
2886 5267 2966 5311 est
2986 5272 3172 5312 sanum
3203 5273 3343 5312 esse.
3375 5257 3438 5311 Et
3473 5268 3661 5312 tamen

2064 5348 2446 5418 quantumlibet
2466 5350 2534 5402 sit
2563 5348 2721 5403 homo
2743 5350 2793 5403 iu
2821 5348 2918 5404 hac
2946 5351 3048 5404 vita
3076 5366 3266 5415 sanus,
3298 5352 3460 5405 sentit
3492 5351 3660 5404 etiam

2130 5480 2144 5510 ί
2171 5474 2472 5527 Oolbertinus
2493 5485 2593 5536 Ms,
2615 5477 2740 5529 Nihil
2759 5479 3013 5530 adversum
3036 5479 3224 5531 sentire.

2129 5541 2148 5570 ²
2172 5549 2219 5647 Ἲ
2238 5539 2302 5587 ud
2317 5547 2445 5600 tov.,
2465 5539 2550 5590 illa
2573 5541 2831 5604 priuauit.
2896 5547 2952 5590 at.

2132 5601 2149 5632 ³
2174 5608 2202 5647 t‘
2225 5615 2338 5647 ures
2366 5610 2487 5647 uss"
2513 5605 2602 5647 sed
2627 5604 2709 5647 ani
2746 5604 2842 5647 tum
2869 5603 2950 5647 m'h

2069 5662 2097 5711 ὸ
2132 5603 2149 5632 ³
2174 5603 2338 5650 t‘lures
2366 5610 2487 5663 \tss.,
2513 5603 2602 5653 sed
2627 5604 2709 5669 qui
2734 5604 2842 5665 jam
2869 5603 2988 5654 nihil
3005 5619 3036 5653 α
3058 5603 3218 5669 inuam
3254 5603 3477 5655 stetit-nte
3501 5603 3658 5667 ptui:-

2095 5669 2224 5711 tto‘ttt.

2095 5669 2224 5713 utut.
