  <div class='ocr_page' id='page_1' title='image "/cluster/home/n/w/nwhite01/storage/ocr_20150623/38/hvd.32044096580600/636.png"; bbox 0 0 3926 6188; ppageno 0'>
   <div class='ocr_carea' id='block_1_1' title="bbox 345 344 472 399">
    <p class='ocr_par' dir='ltr' id='par_1_1' title="bbox 345 344 472 399">
     <span class='ocr_line' id='line_1_1' title="bbox 345 344 472 399; baseline 0 0"><span class='ocrx_word' id='word_1_1' title='bbox 345 344 472 399; x_wconf 68' lang='grc' dir='ltr'><strong>ηθι</strong></span> 
     </span>
    </p>
   </div>
   <div class='ocr_carea' id='block_1_2' title="bbox 344 434 1922 526">
    <p class='ocr_par' dir='ltr' id='par_1_2' title="bbox 344 434 1922 526">
     <span class='ocr_line' id='line_1_2' title="bbox 344 434 1922 526; baseline -0.018 -12"><span class='ocrx_word' id='word_1_2' title='bbox 344 461 458 514; x_wconf 79' lang='lat' dir='ltr'><strong>sani</strong></span> <span class='ocrx_word' id='word_1_3' title='bbox 487 454 727 526; x_wconf 86' lang='lat' dir='ltr'><strong>corporis</strong></span> <span class='ocrx_word' id='word_1_4' title='bbox 756 452 978 524; x_wconf 86' lang='lat' dir='ltr'><strong>pondus.</strong></span> <span class='ocrx_word' id='word_1_5' title='bbox 1006 434 1265 518; x_wconf 78' lang='lat' dir='ltr'><strong>Aggravat</strong></span> <span class='ocrx_word' id='word_1_6' title='bbox 1292 442 1521 496; x_wconf 86' lang='lat' dir='ltr'><strong>animam</strong></span> <span class='ocrx_word' id='word_1_7' title='bbox 1554 438 1711 493; x_wconf 86' lang='lat' dir='ltr'><strong>etiam</strong></span> <span class='ocrx_word' id='word_1_8' title='bbox 1736 449 1922 489; x_wconf 84' lang='lat' dir='ltr'><strong>sanum</strong></span> 
     </span>
    </p>
   </div>
   <div class='ocr_carea' id='block_1_3' title="bbox 341 528 1932 619">
    <p class='ocr_par' dir='ltr' id='par_1_3' title="bbox 341 528 1932 619">
     <span class='ocr_line' id='line_1_3' title="bbox 341 528 1932 619; baseline -0.016 -14"><span class='ocrx_word' id='word_1_9' title='bbox 341 563 533 619; x_wconf 81' lang='lat' dir='ltr'><strong>corpus</strong></span> <span class='ocrx_word' id='word_1_10' title='bbox 557 544 699 619; x_wconf 89' lang='lat' dir='ltr'><strong>quod</strong></span> <span class='ocrx_word' id='word_1_11' title='bbox 723 543 1099 614; x_wconf 76' lang='lat' dir='ltr'><strong>corrumpitur,</strong></span> <span class='ocrx_word' id='word_1_12' title='bbox 1147 537 1199 593; x_wconf 86' lang='lat' dir='ltr'><strong>id</strong></span> <span class='ocrx_word' id='word_1_13' title='bbox 1250 544 1372 601; x_wconf 76' lang='lat' dir='ltr'><strong>est,</strong></span> <span class='ocrx_word' id='word_1_14' title='bbox 1419 530 1781 600; x_wconf 86' lang='lat' dir='ltr'><strong>corruptibile.</strong></span> <span class='ocrx_word' id='word_1_15' title='bbox 1826 528 1932 596; x_wconf 75' lang='lat' dir='ltr'><strong>Ag-</strong></span> 
     </span>
    </p>
   </div>
   <div class='ocr_carea' id='block_1_4' title="bbox 343 621 1929 713">
    <p class='ocr_par' dir='ltr' id='par_1_4' title="bbox 343 621 1929 713">
     <span class='ocr_line' id='line_1_4' title="bbox 343 621 1929 713; baseline -0.015 -15"><span class='ocrx_word' id='word_1_16' title='bbox 343 650 523 713; x_wconf 71' lang='lat' dir='ltr'><strong>gravat</strong></span> <span class='ocrx_word' id='word_1_17' title='bbox 541 640 769 694; x_wconf 89' lang='lat' dir='ltr'><strong>animam</strong></span> <span class='ocrx_word' id='word_1_18' title='bbox 791 679 805 705; x_wconf 90' lang='lat'><strong>,</strong></span> <span class='ocrx_word' id='word_1_19' title='bbox 834 636 884 692; x_wconf 87' lang='lat' dir='ltr'><strong>id</strong></span> <span class='ocrx_word' id='word_1_20' title='bbox 906 644 987 691; x_wconf 87' lang='lat' dir='ltr'><strong>est</strong></span> <span class='ocrx_word' id='word_1_21' title='bbox 1006 676 1021 700; x_wconf 91' lang='lat'><strong>,</strong></span> <span class='ocrx_word' id='word_1_22' title='bbox 1050 648 1155 689; x_wconf 90' lang='lat' dir='ltr'><strong>non</strong></span> <span class='ocrx_word' id='word_1_23' title='bbox 1181 630 1515 699; x_wconf 75' lang='lat' dir='ltr'><strong>obtemperat</strong></span> <span class='ocrx_word' id='word_1_24' title='bbox 1535 625 1724 680; x_wconf 70' lang='lat' dir='ltr'><strong>animae</strong></span> <span class='ocrx_word' id='word_1_25' title='bbox 1751 621 1815 676; x_wconf 89' lang='lat' dir='ltr'><strong>ad</strong></span> <span class='ocrx_word' id='word_1_26' title='bbox 1842 637 1929 674; x_wconf 86' lang='lat' dir='ltr'><strong>nu-</strong></span> 
     </span>
    </p>
   </div>
   <div class='ocr_carea' id='block_1_5' title="bbox 344 717 1933 795">
    <p class='ocr_par' dir='ltr' id='par_1_5' title="bbox 344 717 1933 795">
     <span class='ocr_line' id='line_1_5' title="bbox 344 717 1933 795; baseline -0.015 -6"><span class='ocrx_word' id='word_1_27' title='bbox 344 746 453 789; x_wconf 89' lang='lat' dir='ltr'><strong>tum</strong></span> <span class='ocrx_word' id='word_1_28' title='bbox 484 732 657 788; x_wconf 86' lang='lat' dir='ltr'><strong>omnis</strong></span> <span class='ocrx_word' id='word_1_29' title='bbox 686 728 990 784; x_wconf 88' lang='lat' dir='ltr'><strong>voluntatis.</strong></span> <span class='ocrx_word' id='word_1_30' title='bbox 1028 725 1372 795; x_wconf 86' lang='lat' dir='ltr'><strong>Obtetnperat</strong></span> <span class='ocrx_word' id='word_1_31' title='bbox 1401 722 1457 775; x_wconf 92' lang='lat' dir='ltr'><strong>in</strong></span> <span class='ocrx_word' id='word_1_32' title='bbox 1500 717 1678 774; x_wconf 90' lang='lat' dir='ltr'><strong>multis</strong></span> <span class='ocrx_word' id='word_1_33' title='bbox 1710 732 1723 768; x_wconf 93' lang='lat'><strong>:</strong></span> <span class='ocrx_word' id='word_1_34' title='bbox 1756 722 1933 769; x_wconf 89' lang='lat' dir='ltr'><strong>movet</strong></span> 
     </span>
    </p>
   </div>
   <div class='ocr_carea' id='block_1_6' title="bbox 344 804 1930 891">
    <p class='ocr_par' dir='ltr' id='par_1_6' title="bbox 344 804 1930 891">
     <span class='ocr_line' id='line_1_6' title="bbox 344 804 1930 891; baseline -0.016 -11"><span class='ocrx_word' id='word_1_35' title='bbox 344 839 533 881; x_wconf 80' lang='lat' dir='ltr'><strong>manus</strong></span> <span class='ocrx_word' id='word_1_36' title='bbox 557 821 623 876; x_wconf 89' lang='lat' dir='ltr'><strong>ad</strong></span> <span class='ocrx_word' id='word_1_37' title='bbox 652 819 977 891; x_wconf 88' lang='lat' dir='ltr'><strong>eperaudum</strong></span> <span class='ocrx_word' id='word_1_38' title='bbox 998 860 1014 885; x_wconf 92' lang='lat'><strong>,</strong></span> <span class='ocrx_word' id='word_1_39' title='bbox 1060 814 1222 886; x_wconf 88' lang='lat' dir='ltr'><strong>pedes</strong></span> <span class='ocrx_word' id='word_1_40' title='bbox 1262 813 1329 868; x_wconf 90' lang='lat' dir='ltr'><strong>ad</strong></span> <span class='ocrx_word' id='word_1_41' title='bbox 1375 806 1793 870; x_wconf 88' lang='lat' dir='ltr'><strong>ambulandum,</strong></span> <span class='ocrx_word' id='word_1_42' title='bbox 1828 804 1930 857; x_wconf 88' lang='lat' dir='ltr'><strong>litt-</strong></span> 
     </span>
    </p>
   </div>
   <div class='ocr_carea' id='block_1_7' title="bbox 342 896 1929 986">
    <p class='ocr_par' dir='ltr' id='par_1_7' title="bbox 342 896 1929 986">
     <span class='ocr_line' id='line_1_7' title="bbox 342 896 1929 986; baseline -0.011 -20"><span class='ocrx_word' id='word_1_43' title='bbox 342 931 499 986; x_wconf 74' lang='lat' dir='ltr'><strong>gnam</strong></span> <span class='ocrx_word' id='word_1_44' title='bbox 530 913 594 968; x_wconf 90' lang='lat' dir='ltr'><strong>ad</strong></span> <span class='ocrx_word' id='word_1_45' title='bbox 626 910 945 983; x_wconf 90' lang='lat' dir='ltr'><strong>loquendum</strong></span> <span class='ocrx_word' id='word_1_46' title='bbox 965 950 980 973; x_wconf 93' lang='lat'><strong>,</strong></span> <span class='ocrx_word' id='word_1_47' title='bbox 1009 907 1191 964; x_wconf 90' lang='lat' dir='ltr'><strong>oculos</strong></span> <span class='ocrx_word' id='word_1_48' title='bbox 1217 905 1281 960; x_wconf 89' lang='lat' dir='ltr'><strong>ad</strong></span> <span class='ocrx_word' id='word_1_49' title='bbox 1327 900 1613 958; x_wconf 89' lang='lat' dir='ltr'><strong>videndum</strong></span> <span class='ocrx_word' id='word_1_50' title='bbox 1632 940 1648 964; x_wconf 92' lang='lat'><strong>,</strong></span> <span class='ocrx_word' id='word_1_51' title='bbox 1695 896 1762 953; x_wconf 90' lang='lat' dir='ltr'><strong>ad</strong></span> <span class='ocrx_word' id='word_1_52' title='bbox 1805 910 1929 950; x_wconf 88' lang='lat' dir='ltr'><strong>sen-</strong></span> 
     </span>
    </p>
   </div>
   <div class='ocr_carea' id='block_1_8' title="bbox 252 988 1933 1061">
    <p class='ocr_par' dir='ltr' id='par_1_8' title="bbox 252 988 1933 1061">
     <span class='ocr_line' id='line_1_8' title="bbox 252 988 1933 1061; baseline -0.014 1"><span class='ocrx_word' id='word_1_53' title='bbox 252 1012 257 1017; x_wconf 84' lang='grc'><em>’</em></span> <span class='ocrx_word' id='word_1_54' title='bbox 347 1005 556 1061; x_wconf 86' lang='lat' dir='ltr'><strong>tiendas</strong></span> <span class='ocrx_word' id='word_1_55' title='bbox 583 1018 743 1059; x_wconf 89' lang='lat' dir='ltr'><strong>voces</strong></span> <span class='ocrx_word' id='word_1_56' title='bbox 769 999 994 1056; x_wconf 88' lang='lat' dir='ltr'><strong>intendit</strong></span> <span class='ocrx_word' id='word_1_57' title='bbox 1022 998 1257 1053; x_wconf 91' lang='lat' dir='ltr'><strong>auditum</strong></span> <span class='ocrx_word' id='word_1_58' title='bbox 1290 1012 1305 1050; x_wconf 92' lang='lat'><strong>:</strong></span> <span class='ocrx_word' id='word_1_59' title='bbox 1350 993 1401 1050; x_wconf 91' lang='lat' dir='ltr'><strong>in</strong></span> <span class='ocrx_word' id='word_1_60' title='bbox 1432 991 1516 1047; x_wconf 89' lang='lat' dir='ltr'><strong>bis</strong></span> <span class='ocrx_word' id='word_1_61' title='bbox 1539 988 1787 1045; x_wconf 88' lang='lat' dir='ltr'><strong>omnibus</strong></span> <span class='ocrx_word' id='word_1_62' title='bbox 1812 999 1933 1040; x_wconf 81' lang='lat' dir='ltr'><strong>cor-</strong></span> 
     </span>
    </p>
   </div>
   <div class='ocr_carea' id='block_1_9' title="bbox 349 1079 1933 1164">
    <p class='ocr_par' dir='ltr' id='par_1_9' title="bbox 349 1079 1933 1164">
     <span class='ocr_line' id='line_1_9' title="bbox 349 1079 1933 1164; baseline -0.01 -19"><span class='ocrx_word' id='word_1_63' title='bbox 349 1110 446 1163; x_wconf 80' lang='lat' dir='ltr'><strong>pus</strong></span> <span class='ocrx_word' id='word_1_64' title='bbox 471 1093 798 1164; x_wconf 87' lang='lat' dir='ltr'><strong>obsequitur.</strong></span> <span class='ocrx_word' id='word_1_65' title='bbox 831 1089 1064 1147; x_wconf 73' lang='lat' dir='ltr'><strong>Mutandi</strong></span> <span class='ocrx_word' id='word_1_66' title='bbox 1105 1088 1206 1142; x_wconf 90' lang='lat' dir='ltr'><strong>loci</strong></span> <span class='ocrx_word' id='word_1_67' title='bbox 1252 1082 1516 1154; x_wconf 81' lang='lat' dir='ltr'><strong>cupiditas</strong></span> <span class='ocrx_word' id='word_1_68' title='bbox 1559 1079 1721 1135; x_wconf 84' lang='lat' dir='ltr'><strong>sentit</strong></span> <span class='ocrx_word' id='word_1_69' title='bbox 1759 1091 1894 1130; x_wconf 90' lang='lat' dir='ltr'><strong>onus</strong></span> <span class='ocrx_word' id='word_1_70' title='bbox 1917 1117 1933 1139; x_wconf 96' lang='lat'><strong>,</strong></span> 
     </span>
    </p>
   </div>
   <div class='ocr_carea' id='block_1_10' title="bbox 347 1168 1935 1254">
    <p class='ocr_par' dir='ltr' id='par_1_10' title="bbox 347 1168 1935 1254">
     <span class='ocr_line' id='line_1_10' title="bbox 347 1168 1935 1254; baseline -0.011 -14"><span class='ocrx_word' id='word_1_71' title='bbox 347 1185 509 1240; x_wconf 83' lang='lat' dir='ltr'><strong>sentit</strong></span> <span class='ocrx_word' id='word_1_72' title='bbox 536 1184 743 1254; x_wconf 90' lang='lat' dir='ltr'><strong>pondus</strong></span> <span class='ocrx_word' id='word_1_73' title='bbox 769 1202 783 1238; x_wconf 91' lang='lat'>:</span> <span class='ocrx_word' id='word_1_74' title='bbox 814 1197 918 1238; x_wconf 92' lang='lat' dir='ltr'><strong>non</strong></span> <span class='ocrx_word' id='word_1_75' title='bbox 948 1190 1091 1236; x_wconf 90' lang='lat' dir='ltr'><strong>tanta</strong></span> <span class='ocrx_word' id='word_1_76' title='bbox 1118 1178 1367 1233; x_wconf 79' lang='lat' dir='ltr'><strong>facilitate</strong></span> <span class='ocrx_word' id='word_1_77' title='bbox 1394 1183 1637 1230; x_wconf 82' lang='lat' dir='ltr'><strong>movetur</strong></span> <span class='ocrx_word' id='word_1_78' title='bbox 1655 1184 1849 1241; x_wconf 88' lang='lat' dir='ltr'><strong>corpus</strong></span> <span class='ocrx_word' id='word_1_79' title='bbox 1868 1168 1935 1224; x_wconf 90' lang='lat' dir='ltr'><strong>ad</strong></span> 
     </span>
    </p>
   </div>
   <div class='ocr_carea' id='block_1_11' title="bbox 349 1260 1936 1348">
    <p class='ocr_par' dir='ltr' id='par_1_11' title="bbox 349 1260 1936 1348">
     <span class='ocr_line' id='line_1_11' title="bbox 349 1260 1936 1348; baseline -0.011 -15"><span class='ocrx_word' id='word_1_80' title='bbox 349 1276 761 1348; x_wconf 70' lang='lat' dir='ltr'><strong>perveniendum</strong></span> <span class='ocrx_word' id='word_1_81' title='bbox 781 1317 797 1342; x_wconf 92' lang='lat'><strong>,</strong></span> <span class='ocrx_word' id='word_1_82' title='bbox 825 1290 930 1347; x_wconf 90' lang='lat' dir='ltr'><strong>quo</strong></span> <span class='ocrx_word' id='word_1_83' title='bbox 955 1271 1243 1330; x_wconf 79' lang='lat' dir='ltr'><strong>desiderat.</strong></span> <span class='ocrx_word' id='word_1_84' title='bbox 1275 1267 1546 1324; x_wconf 88' lang='lat' dir='ltr'><strong>Desiderat</strong></span> <span class='ocrx_word' id='word_1_85' title='bbox 1585 1263 1776 1334; x_wconf 86' lang='lat' dir='ltr'><strong>aliquis</strong></span> <span class='ocrx_word' id='word_1_86' title='bbox 1801 1260 1936 1315; x_wconf 92' lang='lat' dir='ltr'><strong>ami-</strong></span> 
     </span>
    </p>
   </div>
   <div class='ocr_carea' id='block_1_12' title="bbox 349 1358 1941 1436">
    <p class='ocr_par' dir='ltr' id='par_1_12' title="bbox 349 1358 1941 1436">
     <span class='ocr_line' id='line_1_12' title="bbox 349 1358 1941 1436; baseline -0.011 -13"><span class='ocrx_word' id='word_1_87' title='bbox 349 1385 470 1423; x_wconf 86' lang='lat' dir='ltr'><strong>cum</strong></span> <span class='ocrx_word' id='word_1_88' title='bbox 503 1368 683 1424; x_wconf 87' lang='lat' dir='ltr'><strong>videre</strong></span> <span class='ocrx_word' id='word_1_89' title='bbox 727 1368 779 1423; x_wconf 89' lang='lat' dir='ltr'><strong>in</strong></span> <span class='ocrx_word' id='word_1_90' title='bbox 828 1379 1053 1436; x_wconf 90' lang='lat' dir='ltr'><strong>corpore</strong></span> <span class='ocrx_word' id='word_1_91' title='bbox 1090 1362 1408 1419; x_wconf 88' lang='lat' dir='ltr'><strong>constitutus</strong></span> <span class='ocrx_word' id='word_1_92' title='bbox 1431 1400 1445 1425; x_wconf 91' lang='lat'><strong>,</strong></span> <span class='ocrx_word' id='word_1_93' title='bbox 1478 1358 1529 1412; x_wconf 90' lang='lat' dir='ltr'><strong>in</strong></span> <span class='ocrx_word' id='word_1_94' title='bbox 1560 1369 1783 1427; x_wconf 88' lang='lat' dir='ltr'><strong>corpore</strong></span> <span class='ocrx_word' id='word_1_95' title='bbox 1812 1366 1941 1407; x_wconf 83' lang='lat' dir='ltr'><strong>con-</strong></span> 
     </span>
    </p>
   </div>
   <div class='ocr_carea' id='block_1_13' title="bbox 347 1446 1941 1525">
    <p class='ocr_par' dir='ltr' id='par_1_13' title="bbox 347 1446 1941 1525">
     <span class='ocr_line' id='line_1_13' title="bbox 347 1446 1941 1525; baseline -0.012 -12"><span class='ocrx_word' id='word_1_96' title='bbox 347 1460 625 1525; x_wconf 88' lang='lat' dir='ltr'><strong>stitutum;</strong></span> <span class='ocrx_word' id='word_1_97' title='bbox 657 1458 803 1513; x_wconf 92' lang='lat' dir='ltr'><strong>illum</strong></span> <span class='ocrx_word' id='word_1_98' title='bbox 850 1456 998 1510; x_wconf 91' lang='lat' dir='ltr'><strong>novit</strong></span> <span class='ocrx_word' id='word_1_99' title='bbox 1037 1468 1155 1509; x_wconf 89' lang='lat' dir='ltr'><strong>esse</strong></span> <span class='ocrx_word' id='word_1_100' title='bbox 1175 1453 1228 1508; x_wconf 90' lang='lat' dir='ltr'><strong>in</strong></span> <span class='ocrx_word' id='word_1_101' title='bbox 1247 1453 1563 1524; x_wconf 76' lang='lat' dir='ltr'><strong>longinquo,</strong></span> <span class='ocrx_word' id='word_1_102' title='bbox 1584 1446 1761 1499; x_wconf 77' lang='lat' dir='ltr'><strong>multa:</strong></span> <span class='ocrx_word' id='word_1_103' title='bbox 1793 1458 1941 1496; x_wconf 86' lang='lat' dir='ltr'><strong>man-</strong></span> 
     </span>
    </p>
   </div>
   <div class='ocr_carea' id='block_1_14' title="bbox 347 1537 1941 1618">
    <p class='ocr_par' dir='ltr' id='par_1_14' title="bbox 347 1537 1941 1618">
     <span class='ocr_line' id='line_1_14' title="bbox 347 1537 1941 1618; baseline -0.01 -14"><span class='ocrx_word' id='word_1_104' title='bbox 347 1550 529 1604; x_wconf 85' lang='lat' dir='ltr'><strong>siones</strong></span> <span class='ocrx_word' id='word_1_105' title='bbox 568 1548 881 1618; x_wconf 85' lang='lat' dir='ltr'><strong>interjacent</strong></span> <span class='ocrx_word' id='word_1_106' title='bbox 924 1564 940 1601; x_wconf 90' lang='lat'><strong>:</strong></span> <span class='ocrx_word' id='word_1_107' title='bbox 988 1545 1167 1600; x_wconf 89' lang='lat' dir='ltr'><strong>animo</strong></span> <span class='ocrx_word' id='word_1_108' title='bbox 1212 1542 1320 1613; x_wconf 81' lang='lat' dir='ltr'><strong>jam</strong></span> <span class='ocrx_word' id='word_1_109' title='bbox 1362 1537 1668 1611; x_wconf 67' lang='lat' dir='ltr'><strong>praecessit,</strong></span> <span class='ocrx_word' id='word_1_110' title='bbox 1718 1548 1941 1604; x_wconf 84' lang='lat' dir='ltr'><strong>corpore</strong></span> 
     </span>
    </p>
   </div>
   <div class='ocr_carea' id='block_1_15' title="bbox 348 1623 1939 1712">
    <p class='ocr_par' dir='ltr' id='par_1_15' title="bbox 348 1623 1939 1712">
     <span class='ocr_line' id='line_1_15' title="bbox 348 1623 1939 1712; baseline -0.011 -16"><span class='ocrx_word' id='word_1_111' title='bbox 348 1642 558 1712; x_wconf 86' lang='lat' dir='ltr'><strong>quando</strong></span> <span class='ocrx_word' id='word_1_112' title='bbox 584 1639 858 1711; x_wconf 90' lang='lat' dir='ltr'><strong>pervenit,</strong></span> <span class='ocrx_word' id='word_1_113' title='bbox 884 1648 1008 1693; x_wconf 91' lang='lat' dir='ltr'><strong>tunc</strong></span> <span class='ocrx_word' id='word_1_114' title='bbox 1032 1636 1194 1693; x_wconf 89' lang='lat' dir='ltr'><strong>sentit</strong></span> <span class='ocrx_word' id='word_1_115' title='bbox 1218 1634 1376 1705; x_wconf 89' lang='lat' dir='ltr'><strong>quale</strong></span> <span class='ocrx_word' id='word_1_116' title='bbox 1413 1645 1548 1687; x_wconf 90' lang='lat' dir='ltr'><strong>onus</strong></span> <span class='ocrx_word' id='word_1_117' title='bbox 1580 1636 1778 1702; x_wconf 86' lang='lat' dir='ltr'><strong>portet.</strong></span> <span class='ocrx_word' id='word_1_118' title='bbox 1825 1623 1939 1680; x_wconf 79' lang='lat' dir='ltr'><strong>Non</strong></span> 
     </span>
    </p>
   </div>
   <div class='ocr_carea' id='block_1_16' title="bbox 354 1717 1941 1805">
    <p class='ocr_par' dir='ltr' id='par_1_16' title="bbox 354 1717 1941 1805">
     <span class='ocr_line' id='line_1_16' title="bbox 354 1717 1941 1805; baseline -0.009 -19"><span class='ocrx_word' id='word_1_119' title='bbox 354 1733 520 1805; x_wconf 88' lang='lat' dir='ltr'><strong>potuit</strong></span> <span class='ocrx_word' id='word_1_120' title='bbox 550 1732 615 1788; x_wconf 89' lang='lat' dir='ltr'><strong>ad</strong></span> <span class='ocrx_word' id='word_1_121' title='bbox 640 1732 968 1789; x_wconf 88' lang='lat' dir='ltr'><strong>celeritatem</strong></span> <span class='ocrx_word' id='word_1_122' title='bbox 1011 1736 1392 1801; x_wconf 57' lang='lat' dir='ltr'><strong>praesumptam</strong></span> <span class='ocrx_word' id='word_1_123' title='bbox 1441 1722 1663 1778; x_wconf 89' lang='lat' dir='ltr'><strong>obedire</strong></span> <span class='ocrx_word' id='word_1_124' title='bbox 1686 1717 1941 1774; x_wconf 75' lang='lat' dir='ltr'><strong>voluntati</strong></span> 
     </span>
    </p>
   </div>
   <div class='ocr_carea' id='block_1_17' title="bbox 354 1807 1939 1893">
    <p class='ocr_par' dir='ltr' id='par_1_17' title="bbox 354 1807 1939 1893">
     <span class='ocr_line' id='line_1_17' title="bbox 354 1807 1939 1893; baseline -0.012 -15"><span class='ocrx_word' id='word_1_125' title='bbox 354 1822 560 1893; x_wconf 91' lang='lat' dir='ltr'><strong>pondus</strong></span> <span class='ocrx_word' id='word_1_126' title='bbox 577 1822 782 1879; x_wconf 87' lang='lat' dir='ltr'><strong>carnis:</strong></span> <span class='ocrx_word' id='word_1_127' title='bbox 805 1838 906 1875; x_wconf 85' lang='lat' dir='ltr'><strong>non</strong></span> <span class='ocrx_word' id='word_1_128' title='bbox 923 1821 1088 1890; x_wconf 90' lang='lat' dir='ltr'><strong>potuit</strong></span> <span class='ocrx_word' id='word_1_129' title='bbox 1113 1833 1175 1874; x_wconf 89' lang='lat' dir='ltr'><strong>ea</strong></span> <span class='ocrx_word' id='word_1_130' title='bbox 1193 1815 1463 1873; x_wconf 91' lang='lat' dir='ltr'><strong>celeritate</strong></span> <span class='ocrx_word' id='word_1_131' title='bbox 1484 1829 1538 1868; x_wconf 90' lang='lat' dir='ltr'><strong>ra</strong></span> <span class='ocrx_word' id='word_1_132' title='bbox 1548 1813 1617 1883; x_wconf 90' lang='lat' dir='ltr'><strong>pi,</strong></span> <span class='ocrx_word' id='word_1_133' title='bbox 1633 1826 1736 1882; x_wconf 85' lang='lat' dir='ltr'><strong>qua</strong></span> <span class='ocrx_word' id='word_1_134' title='bbox 1756 1807 1939 1876; x_wconf 87' lang='lat' dir='ltr'><strong>voluit,</strong></span> 
     </span>
    </p>
   </div>
   <div class='ocr_carea' id='block_1_18' title="bbox 350 1908 1830 1983">
    <p class='ocr_par' dir='ltr' id='par_1_18' title="bbox 350 1908 1830 1983">
     <span class='ocr_line' id='line_1_18' title="bbox 350 1908 1830 1983; baseline -0.01 -16"><span class='ocrx_word' id='word_1_135' title='bbox 350 1929 451 1983; x_wconf 89' lang='lat' dir='ltr'><strong>qua</strong></span> <span class='ocrx_word' id='word_1_136' title='bbox 479 1928 595 1967; x_wconf 91' lang='lat' dir='ltr'><strong>eam</strong></span> <span class='ocrx_word' id='word_1_137' title='bbox 623 1922 793 1983; x_wconf 82' lang='lat' dir='ltr'><strong>portat</strong></span> <span class='ocrx_word' id='word_1_138' title='bbox 819 1912 1047 1966; x_wconf 89' lang='lat' dir='ltr'><strong>animus.</strong></span> <span class='ocrx_word' id='word_1_139' title='bbox 1076 1908 1307 1964; x_wconf 87' lang='lat' dir='ltr'><strong>Tardum</strong></span> <span class='ocrx_word' id='word_1_140' title='bbox 1337 1917 1391 1962; x_wconf 88' lang='lat' dir='ltr'><strong>et</strong></span> <span class='ocrx_word' id='word_1_141' title='bbox 1419 1918 1703 1959; x_wconf 90' lang='lat' dir='ltr'><strong>onerosum</strong></span> <span class='ocrx_word' id='word_1_142' title='bbox 1729 1910 1830 1956; x_wconf 86' lang='lat' dir='ltr'><strong>est.</strong></span> 
     </span>
    </p>
   </div>
   <div class='ocr_carea' id='block_1_19' title="bbox 420 1990 1941 2067">
    <p class='ocr_par' dir='ltr' id='par_1_19' title="bbox 420 1990 1941 2067">
     <span class='ocr_line' id='line_1_19' title="bbox 420 1990 1941 2067; baseline -0.009 -10"><span class='ocrx_word' id='word_1_143' title='bbox 420 2002 647 2059; x_wconf 80' lang='lat' dir='ltr'><strong>CAPUT</strong></span> <span class='ocrx_word' id='word_1_144' title='bbox 704 2001 813 2056; x_wconf 85' lang='lat' dir='ltr'><strong>VII.</strong></span> <span class='ocrx_word' id='word_1_145' title='bbox 841 2031 910 2041; x_wconf 92' lang='lat'><strong><em>—</em></strong></span> <span class='ocrx_word' id='word_1_146' title='bbox 938 2001 991 2056; x_wconf 88' lang='lat'><strong>7.</strong></span> <span class='ocrx_word' id='word_1_147' title='bbox 1028 1996 1371 2067; x_wconf 74' lang='lat' dir='ltr'><strong>Quwrendum</strong></span> <span class='ocrx_word' id='word_1_148' title='bbox 1400 1993 1593 2064; x_wconf 76' lang='lat' dir='ltr'><strong>aliquid</strong></span> <span class='ocrx_word' id='word_1_149' title='bbox 1628 1992 1681 2045; x_wconf 81' lang='lat' dir='ltr'><strong>in</strong></span> <span class='ocrx_word' id='word_1_150' title='bbox 1717 1990 1808 2043; x_wconf 81' lang='lat' dir='ltr'><strong>hoc</strong></span> <span class='ocrx_word' id='word_1_151' title='bbox 1828 2006 1941 2044; x_wconf 86' lang='lat' dir='ltr'><strong>cor-</strong></span> 
     </span>
    </p>
   </div>
   <div class='ocr_carea' id='block_1_20' title="bbox 354 2080 1943 2163">
    <p class='ocr_par' dir='ltr' id='par_1_20' title="bbox 354 2080 1943 2163">
     <span class='ocr_line' id='line_1_20' title="bbox 354 2080 1943 2163; baseline -0.01 -15"><span class='ocrx_word' id='word_1_152' title='bbox 354 2110 473 2161; x_wconf 81' lang='lat' dir='ltr'><strong>pore</strong></span> <span class='ocrx_word' id='word_1_153' title='bbox 492 2093 625 2147; x_wconf 79' lang='lat' dir='ltr'><strong>unde</strong></span> <span class='ocrx_word' id='word_1_154' title='bbox 651 2092 959 2163; x_wconf 78' lang='lat' dir='ltr'><strong>intelligatur</strong></span> <span class='ocrx_word' id='word_1_155' title='bbox 986 2090 1223 2144; x_wconf 76' lang='lat' dir='ltr'><strong>velocitas</strong></span> <span class='ocrx_word' id='word_1_156' title='bbox 1247 2085 1476 2156; x_wconf 84' lang='lat' dir='ltr'><strong>corporis</strong></span> <span class='ocrx_word' id='word_1_157' title='bbox 1506 2081 1665 2155; x_wconf 75' lang='lat' dir='ltr'><strong>[ututi</strong></span> <span class='ocrx_word' id='word_1_158' title='bbox 1695 2080 1943 2151; x_wconf 82' lang='lat' dir='ltr'><strong>spiritua-</strong></span> 
     </span>
    </p>
   </div>
   <div class='ocr_carea' id='block_1_21' title="bbox 353 2167 1945 2248">
    <p class='ocr_par' dir='ltr' id='par_1_21' title="bbox 353 2167 1945 2248">
     <span class='ocr_line' id='line_1_21' title="bbox 353 2167 1945 2248; baseline -0.01 -11"><span class='ocrx_word' id='word_1_159' title='bbox 353 2184 433 2238; x_wconf 85' lang='lat' dir='ltr'><strong>lis.</strong></span> <span class='ocrx_word' id='word_1_160' title='bbox 468 2184 821 2247; x_wconf 88' lang='lat' dir='ltr'><strong>Putamusue,</strong></span> <span class='ocrx_word' id='word_1_161' title='bbox 876 2182 1036 2237; x_wconf 86' lang='lat' dir='ltr'><strong>habet</strong></span> <span class='ocrx_word' id='word_1_162' title='bbox 1087 2176 1289 2248; x_wconf 87' lang='lat' dir='ltr'><strong>aliquid</strong></span> <span class='ocrx_word' id='word_1_163' title='bbox 1329 2177 1501 2244; x_wconf 89' lang='lat' dir='ltr'><strong>ipsum</strong></span> <span class='ocrx_word' id='word_1_164' title='bbox 1550 2188 1773 2242; x_wconf 87' lang='lat' dir='ltr'><strong>corpus.</strong></span> <span class='ocrx_word' id='word_1_165' title='bbox 1803 2167 1945 2222; x_wconf 89' lang='lat' dir='ltr'><strong>unde</strong></span> 
     </span>
    </p>
   </div>
   <div class='ocr_carea' id='block_1_22' title="bbox 352 2256 1946 2346">
    <p class='ocr_par' dir='ltr' id='par_1_22' title="bbox 352 2256 1946 2346">
     <span class='ocr_line' id='line_1_22' title="bbox 352 2256 1946 2346; baseline -0.013 -15"><span class='ocrx_word' id='word_1_166' title='bbox 352 2275 607 2346; x_wconf 81' lang='lat' dir='ltr'><strong>probetur</strong></span> <span class='ocrx_word' id='word_1_167' title='bbox 650 2268 904 2328; x_wconf 84' lang='lat' dir='ltr'><strong>velocitas</strong></span> <span class='ocrx_word' id='word_1_168' title='bbox 940 2269 1221 2340; x_wconf 90' lang='lat' dir='ltr'><strong>corporis?</strong></span> <span class='ocrx_word' id='word_1_169' title='bbox 1270 2266 1441 2321; x_wconf 84' lang='lat' dir='ltr'><strong>Pedes</strong></span> <span class='ocrx_word' id='word_1_170' title='bbox 1484 2259 1761 2317; x_wconf 88' lang='lat' dir='ltr'><strong>dicemus?</strong></span> <span class='ocrx_word' id='word_1_171' title='bbox 1810 2256 1946 2325; x_wconf 86' lang='lat' dir='ltr'><strong>Quid</strong></span> 
     </span>
    </p>
   </div>
   <div class='ocr_carea' id='block_1_23' title="bbox 353 2349 1948 2432">
    <p class='ocr_par' dir='ltr' id='par_1_23' title="bbox 353 2349 1948 2432">
     <span class='ocr_line' id='line_1_23' title="bbox 353 2349 1948 2432; baseline -0.01 -15"><span class='ocrx_word' id='word_1_172' title='bbox 353 2363 595 2418; x_wconf 84' lang='lat' dir='ltr'><strong>tardius?</strong></span> <span class='ocrx_word' id='word_1_173' title='bbox 626 2362 725 2432; x_wconf 90' lang='lat' dir='ltr'><strong>Ipsi</strong></span> <span class='ocrx_word' id='word_1_174' title='bbox 756 2371 880 2417; x_wconf 88' lang='lat' dir='ltr'><strong>sunt</strong></span> <span class='ocrx_word' id='word_1_175' title='bbox 920 2361 1010 2431; x_wconf 85' lang='lat' dir='ltr'><strong>qui</strong></span> <span class='ocrx_word' id='word_1_176' title='bbox 1056 2358 1411 2431; x_wconf 84' lang='lat' dir='ltr'><strong>perveniunt,</strong></span> <span class='ocrx_word' id='word_1_177' title='bbox 1455 2360 1509 2408; x_wconf 87' lang='lat' dir='ltr'><strong>et</strong></span> <span class='ocrx_word' id='word_1_178' title='bbox 1547 2352 1813 2407; x_wconf 90' lang='lat' dir='ltr'><strong>desideria</strong></span> <span class='ocrx_word' id='word_1_179' title='bbox 1860 2349 1948 2402; x_wconf 79' lang='lat' dir='ltr'><strong>vix</strong></span> 
     </span>
    </p>
   </div>
   <div class='ocr_carea' id='block_1_24' title="bbox 356 2437 1948 2523">
    <p class='ocr_par' dir='ltr' id='par_1_24' title="bbox 356 2437 1948 2523">
     <span class='ocr_line' id='line_1_24' title="bbox 356 2437 1948 2523; baseline -0.009 -15"><span class='ocrx_word' id='word_1_180' title='bbox 356 2460 668 2523; x_wconf 85' lang='lat' dir='ltr'><strong>sequuntur,</strong></span> <span class='ocrx_word' id='word_1_181' title='bbox 700 2461 754 2507; x_wconf 91' lang='lat' dir='ltr'><strong>et</strong></span> <span class='ocrx_word' id='word_1_182' title='bbox 792 2451 1098 2505; x_wconf 88' lang='lat' dir='ltr'><strong>molitnenta</strong></span> <span class='ocrx_word' id='word_1_183' title='bbox 1147 2446 1419 2503; x_wconf 86' lang='lat' dir='ltr'><strong>moliendo</strong></span> <span class='ocrx_word' id='word_1_184' title='bbox 1462 2442 1796 2514; x_wconf 87' lang='lat' dir='ltr'><strong>perveniunt.</strong></span> <span class='ocrx_word' id='word_1_185' title='bbox 1842 2437 1948 2495; x_wconf 88' lang='lat' dir='ltr'><strong>Sed</strong></span> 
     </span>
    </p>
   </div>
   <div class='ocr_carea' id='block_1_25' title="bbox 356 2531 1947 2616">
    <p class='ocr_par' dir='ltr' id='par_1_25' title="bbox 356 2531 1947 2616">
     <span class='ocr_line' id='line_1_25' title="bbox 356 2531 1947 2616; baseline -0.01 -17"><span class='ocrx_word' id='word_1_186' title='bbox 356 2543 440 2600; x_wconf 85' lang='lat' dir='ltr'><strong>fac</strong></span> <span class='ocrx_word' id='word_1_187' title='bbox 465 2534 782 2616; x_wconf 84' lang='lat' dir='ltr'><strong>quemquam</strong></span> <span class='ocrx_word' id='word_1_188' title='bbox 810 2543 880 2598; x_wconf 88' lang='lat' dir='ltr'><strong>ita</strong></span> <span class='ocrx_word' id='word_1_189' title='bbox 908 2542 1142 2597; x_wconf 85' lang='lat' dir='ltr'><strong>velocem</strong></span> <span class='ocrx_word' id='word_1_190' title='bbox 1167 2580 1183 2606; x_wconf 91' lang='lat'><strong>,</strong></span> <span class='ocrx_word' id='word_1_191' title='bbox 1228 2548 1284 2615; x_wconf 72' lang='lat' dir='ltr'><strong>ut</strong></span> <span class='ocrx_word' id='word_1_192' title='bbox 1325 2547 1451 2591; x_wconf 92' lang='lat' dir='ltr'><strong>sunt</strong></span> <span class='ocrx_word' id='word_1_193' title='bbox 1476 2533 1717 2607; x_wconf 72' lang='lat' dir='ltr'><strong>qumdam</strong></span> <span class='ocrx_word' id='word_1_194' title='bbox 1741 2531 1947 2585; x_wconf 88' lang='lat' dir='ltr'><strong>anima-</strong></span> 
     </span>
    </p>
   </div>
   <div class='ocr_carea' id='block_1_26' title="bbox 358 2619 1951 2704">
    <p class='ocr_par' dir='ltr' id='par_1_26' title="bbox 358 2619 1951 2704">
     <span class='ocr_line' id='line_1_26' title="bbox 358 2619 1951 2704; baseline -0.008 -15"><span class='ocrx_word' id='word_1_195' title='bbox 358 2633 449 2701; x_wconf 87' lang='lat' dir='ltr'><strong>lia,</strong></span> <span class='ocrx_word' id='word_1_196' title='bbox 479 2634 671 2704; x_wconf 88' lang='lat' dir='ltr'><strong>quibus</strong></span> <span class='ocrx_word' id='word_1_197' title='bbox 699 2649 798 2689; x_wconf 90' lang='lat' dir='ltr'><strong>nec</strong></span> <span class='ocrx_word' id='word_1_198' title='bbox 841 2630 1200 2703; x_wconf 85' lang='lat' dir='ltr'><strong>comparanda</strong></span> <span class='ocrx_word' id='word_1_199' title='bbox 1225 2637 1308 2684; x_wconf 89' lang='lat' dir='ltr'><strong>est</strong></span> <span class='ocrx_word' id='word_1_200' title='bbox 1335 2627 1594 2684; x_wconf 81' lang='lat' dir='ltr'><strong>velocitas</strong></span> <span class='ocrx_word' id='word_1_201' title='bbox 1621 2632 1836 2687; x_wconf 88' lang='lat' dir='ltr'><strong>nostra;</strong></span> <span class='ocrx_word' id='word_1_202' title='bbox 1869 2619 1951 2676; x_wconf 87' lang='lat' dir='ltr'><strong>fac</strong></span> 
     </span>
    </p>
   </div>
   <div class='ocr_carea' id='block_1_27' title="bbox 357 2713 1949 2797">
    <p class='ocr_par' dir='ltr' id='par_1_27' title="bbox 357 2713 1949 2797">
     <span class='ocr_line' id='line_1_27' title="bbox 357 2713 1949 2797; baseline -0.008 -17"><span class='ocrx_word' id='word_1_203' title='bbox 357 2741 677 2797; x_wconf 87' lang='lat' dir='ltr'><strong>quemquam</strong></span> <span class='ocrx_word' id='word_1_204' title='bbox 704 2726 773 2779; x_wconf 90' lang='lat' dir='ltr'><strong>ita</strong></span> <span class='ocrx_word' id='word_1_205' title='bbox 802 2725 1073 2788; x_wconf 90' lang='lat' dir='ltr'><strong>velocem,</strong></span> <span class='ocrx_word' id='word_1_206' title='bbox 1106 2732 1163 2777; x_wconf 88' lang='lat' dir='ltr'><strong>ut</strong></span> <span class='ocrx_word' id='word_1_207' title='bbox 1204 2729 1331 2776; x_wconf 85' lang='lat' dir='ltr'><strong>sunt</strong></span> <span class='ocrx_word' id='word_1_208' title='bbox 1371 2734 1541 2774; x_wconf 91' lang='lat' dir='ltr'><strong>aves:</strong></span> <span class='ocrx_word' id='word_1_209' title='bbox 1590 2734 1695 2771; x_wconf 91' lang='lat' dir='ltr'><strong>non</strong></span> <span class='ocrx_word' id='word_1_210' title='bbox 1738 2730 1803 2769; x_wconf 91' lang='lat' dir='ltr'><strong>eo</strong></span> <span class='ocrx_word' id='word_1_211' title='bbox 1844 2713 1949 2768; x_wconf 87' lang='lat' dir='ltr'><strong>ictu</strong></span> 
     </span>
    </p>
   </div>
   <div class='ocr_carea' id='block_1_28' title="bbox 356 2804 1951 2888">
    <p class='ocr_par' dir='ltr' id='par_1_28' title="bbox 356 2804 1951 2888">
     <span class='ocr_line' id='line_1_28' title="bbox 356 2804 1951 2888; baseline -0.01 -16"><span class='ocrx_word' id='word_1_212' title='bbox 356 2816 616 2887; x_wconf 81' lang='lat' dir='ltr'><strong>pervenit,</strong></span> <span class='ocrx_word' id='word_1_213' title='bbox 645 2832 750 2888; x_wconf 92' lang='lat' dir='ltr'><strong>quo</strong></span> <span class='ocrx_word' id='word_1_214' title='bbox 776 2814 1021 2870; x_wconf 90' lang='lat' dir='ltr'><strong>voluerit.</strong></span> <span class='ocrx_word' id='word_1_215' title='bbox 1056 2813 1153 2868; x_wconf 91' lang='lat' dir='ltr'><strong>Diu</strong></span> <span class='ocrx_word' id='word_1_216' title='bbox 1182 2812 1364 2867; x_wconf 89' lang='lat' dir='ltr'><strong>volant</strong></span> <span class='ocrx_word' id='word_1_217' title='bbox 1402 2823 1530 2864; x_wconf 86' lang='lat' dir='ltr'><strong>aves</strong></span> <span class='ocrx_word' id='word_1_218' title='bbox 1556 2804 1831 2878; x_wconf 81' lang='lat' dir='ltr'><strong>migrando</strong></span> <span class='ocrx_word' id='word_1_219' title='bbox 1850 2845 1864 2868; x_wconf 94' lang='lat'><strong>,</strong></span> <span class='ocrx_word' id='word_1_220' title='bbox 1892 2810 1951 2858; x_wconf 90' lang='lat' dir='ltr'><strong>ct</strong></span> 
     </span>
    </p>
   </div>
   <div class='ocr_carea' id='block_1_29' title="bbox 360 2894 1951 2979">
    <p class='ocr_par' dir='ltr' id='par_1_29' title="bbox 360 2894 1951 2979">
     <span class='ocr_line' id='line_1_29' title="bbox 360 2894 1951 2979; baseline -0.007 -16"><span class='ocrx_word' id='word_1_221' title='bbox 360 2909 645 2979; x_wconf 78' lang='lat' dir='ltr'><strong>aliquando</strong></span> <span class='ocrx_word' id='word_1_222' title='bbox 672 2908 827 2963; x_wconf 86' lang='lat' dir='ltr'><strong>fessae</strong></span> <span class='ocrx_word' id='word_1_223' title='bbox 851 2906 1094 2962; x_wconf 88' lang='lat' dir='ltr'><strong>insidunt</strong></span> <span class='ocrx_word' id='word_1_224' title='bbox 1132 2894 1418 2960; x_wconf 82' lang='lat' dir='ltr'><strong>arboribus</strong></span> <span class='ocrx_word' id='word_1_225' title='bbox 1443 2900 1679 2957; x_wconf 90' lang='lat' dir='ltr'><strong>navium.</strong></span> <span class='ocrx_word' id='word_1_226' title='bbox 1725 2897 1863 2969; x_wconf 78' lang='lat' dir='ltr'><strong>Ergo</strong></span> <span class='ocrx_word' id='word_1_227' title='bbox 1905 2895 1951 2952; x_wconf 88' lang='lat' dir='ltr'><strong>si</strong></span> 
     </span>
    </p>
   </div>
   <div class='ocr_carea' id='block_1_30' title="bbox 360 2987 1946 3066">
    <p class='ocr_par' dir='ltr' id='par_1_30' title="bbox 360 2987 1946 3066">
     <span class='ocr_line' id='line_1_30' title="bbox 360 2987 1946 3066; baseline -0.009 -12"><span class='ocrx_word' id='word_1_228' title='bbox 360 2999 519 3054; x_wconf 88' lang='lat' dir='ltr'><strong>etiam</strong></span> <span class='ocrx_word' id='word_1_229' title='bbox 548 3002 683 3055; x_wconf 90' lang='lat' dir='ltr'><strong>sicut</strong></span> <span class='ocrx_word' id='word_1_230' title='bbox 709 3013 834 3053; x_wconf 88' lang='lat' dir='ltr'><strong>aves</strong></span> <span class='ocrx_word' id='word_1_231' title='bbox 863 2997 1045 3052; x_wconf 88' lang='lat' dir='ltr'><strong>volare</strong></span> <span class='ocrx_word' id='word_1_232' title='bbox 1074 3010 1380 3066; x_wconf 83' lang='lat' dir='ltr'><strong>possemus,</strong></span> <span class='ocrx_word' id='word_1_233' title='bbox 1406 3006 1515 3063; x_wconf 61' lang='lat' dir='ltr'><strong>pra:</strong></span> <span class='ocrx_word' id='word_1_234' title='bbox 1534 2987 1801 3046; x_wconf 86' lang='lat' dir='ltr'><strong>desiderio</strong></span> <span class='ocrx_word' id='word_1_235' title='bbox 1824 3001 1946 3059; x_wconf 80' lang='lat' dir='ltr'><strong>per-</strong></span> 
     </span>
    </p>
   </div>
   <div class='ocr_carea' id='block_1_31' title="bbox 361 3078 1953 3152">
    <p class='ocr_par' dir='ltr' id='par_1_31' title="bbox 361 3078 1953 3152">
     <span class='ocr_line' id='line_1_31' title="bbox 361 3078 1953 3152; baseline -0.008 -6"><span class='ocrx_word' id='word_1_236' title='bbox 361 3090 605 3146; x_wconf 83' lang='lat' dir='ltr'><strong>veniendi</strong></span> <span class='ocrx_word' id='word_1_237' title='bbox 641 3090 774 3145; x_wconf 84' lang='lat' dir='ltr'><strong>tardi</strong></span> <span class='ocrx_word' id='word_1_238' title='bbox 804 3105 1062 3144; x_wconf 89' lang='lat' dir='ltr'><strong>essemus.</strong></span> <span class='ocrx_word' id='word_1_239' title='bbox 1093 3085 1225 3143; x_wconf 88' lang='lat' dir='ltr'><strong>Cum</strong></span> <span class='ocrx_word' id='word_1_240' title='bbox 1250 3102 1379 3141; x_wconf 88' lang='lat' dir='ltr'><strong>vero</strong></span> <span class='ocrx_word' id='word_1_241' title='bbox 1401 3084 1561 3140; x_wconf 89' lang='lat' dir='ltr'><strong>fuerit</strong></span> <span class='ocrx_word' id='word_1_242' title='bbox 1579 3096 1772 3152; x_wconf 89' lang='lat' dir='ltr'><strong>corpus</strong></span> <span class='ocrx_word' id='word_1_243' title='bbox 1796 3078 1953 3149; x_wconf 84' lang='lat' dir='ltr'><strong>spiri-</strong></span> 
     </span>
    </p>
   </div>
   <div class='ocr_carea' id='block_1_32' title="bbox 365 3168 1950 3249">
    <p class='ocr_par' dir='ltr' id='par_1_32' title="bbox 365 3168 1950 3249">
     <span class='ocr_line' id='line_1_32' title="bbox 365 3168 1950 3249; baseline -0.009 -14"><span class='ocrx_word' id='word_1_244' title='bbox 365 3181 539 3245; x_wconf 84' lang='lat' dir='ltr'><strong>tuale,</strong></span> <span class='ocrx_word' id='word_1_245' title='bbox 569 3180 637 3234; x_wconf 89' lang='lat' dir='ltr'><strong>de</strong></span> <span class='ocrx_word' id='word_1_246' title='bbox 665 3195 771 3249; x_wconf 90' lang='lat' dir='ltr'><strong>quo</strong></span> <span class='ocrx_word' id='word_1_247' title='bbox 796 3178 993 3233; x_wconf 87' lang='lat' dir='ltr'><strong>dictum</strong></span> <span class='ocrx_word' id='word_1_248' title='bbox 1025 3187 1136 3241; x_wconf 84' lang='lat' dir='ltr'><strong>est,</strong></span> <span class='ocrx_word' id='word_1_249' title='bbox 1165 3176 1459 3231; x_wconf 84' lang='lat' dir='ltr'><strong>Seminatur</strong></span> <span class='ocrx_word' id='word_1_250' title='bbox 1491 3188 1673 3244; x_wconf 82' lang='lat' dir='ltr'><strong>corpus</strong></span> <span class='ocrx_word' id='word_1_251' title='bbox 1698 3168 1950 3234; x_wconf 87' lang='lat' dir='ltr'><strong>animale,</strong></span> 
     </span>
    </p>
   </div>
   <div class='ocr_carea' id='block_1_33' title="bbox 364 3261 1957 3344">
    <p class='ocr_par' dir='ltr' id='par_1_33' title="bbox 364 3261 1957 3344">
     <span class='ocr_line' id='line_1_33' title="bbox 364 3261 1957 3344; baseline -0.008 -17"><span class='ocrx_word' id='word_1_252' title='bbox 364 3281 533 3344; x_wconf 80' lang='lat' dir='ltr'><strong>surget</strong></span> <span class='ocrx_word' id='word_1_253' title='bbox 559 3289 742 3341; x_wconf 83' lang='lat' dir='ltr'><strong>corpus</strong></span> <span class='ocrx_word' id='word_1_254' title='bbox 769 3271 1030 3342; x_wconf 83' lang='lat' dir='ltr'><strong>spirituale</strong></span> <span class='ocrx_word' id='word_1_255' title='bbox 1056 3269 1101 3339; x_wconf 89' lang='lat' dir='ltr'><strong>(I</strong></span> <span class='ocrx_word' id='word_1_256' title='bbox 1123 3268 1239 3325; x_wconf 87' lang='lat' dir='ltr'><strong>Cor.</strong></span> <span class='ocrx_word' id='word_1_257' title='bbox 1258 3284 1347 3335; x_wconf 89' lang='lat' dir='ltr'><strong>xv,</strong></span> <span class='ocrx_word' id='word_1_258' title='bbox 1365 3268 1494 3338; x_wconf 63' lang='lat'><strong>44);</strong></span> <span class='ocrx_word' id='word_1_259' title='bbox 1524 3274 1717 3337; x_wconf 84' lang='lat' dir='ltr'><strong>quanta</strong></span> <span class='ocrx_word' id='word_1_260' title='bbox 1736 3263 1805 3318; x_wconf 91' lang='lat' dir='ltr'><strong>ibi</strong></span> <span class='ocrx_word' id='word_1_261' title='bbox 1829 3261 1957 3341; x_wconf 73' lang='lat' dir='ltr'><strong>fuci-</strong></span> 
     </span>
    </p>
   </div>
   <div class='ocr_carea' id='block_1_34' title="bbox 364 3355 1956 3435">
    <p class='ocr_par' dir='ltr' id='par_1_34' title="bbox 364 3355 1956 3435">
     <span class='ocr_line' id='line_1_34' title="bbox 364 3355 1956 3435; baseline -0.008 -15"><span class='ocrx_word' id='word_1_262' title='bbox 364 3366 514 3431; x_wconf 86' lang='lat' dir='ltr'><strong>litas,</strong></span> <span class='ocrx_word' id='word_1_263' title='bbox 574 3374 769 3435; x_wconf 88' lang='lat' dir='ltr'><strong>quanta</strong></span> <span class='ocrx_word' id='word_1_264' title='bbox 810 3363 1058 3419; x_wconf 89' lang='lat' dir='ltr'><strong>celeritas</strong></span> <span class='ocrx_word' id='word_1_265' title='bbox 1081 3404 1095 3427; x_wconf 93' lang='lat'><strong>,</strong></span> <span class='ocrx_word' id='word_1_266' title='bbox 1124 3371 1318 3432; x_wconf 90' lang='lat' dir='ltr'><strong>quanta</strong></span> <span class='ocrx_word' id='word_1_267' title='bbox 1349 3358 1649 3416; x_wconf 81' lang='lat' dir='ltr'><strong>obedientia</strong></span> <span class='ocrx_word' id='word_1_268' title='bbox 1692 3355 1956 3412; x_wconf 87' lang='lat' dir='ltr'><strong>volentis?</strong></span> 
     </span>
    </p>
   </div>
   <div class='ocr_carea' id='block_1_35' title="bbox 366 3449 1953 3525">
    <p class='ocr_par' dir='ltr' id='par_1_35' title="bbox 366 3449 1953 3525">
     <span class='ocr_line' id='line_1_35' title="bbox 366 3449 1953 3525; baseline -0.007 -11"><span class='ocrx_word' id='word_1_269' title='bbox 366 3454 422 3514; x_wconf 91' lang='lat' dir='ltr'><strong>In</strong></span> <span class='ocrx_word' id='word_1_270' title='bbox 454 3457 602 3511; x_wconf 89' lang='lat' dir='ltr'><strong>nullo</strong></span> <span class='ocrx_word' id='word_1_271' title='bbox 621 3456 846 3525; x_wconf 89' lang='lat' dir='ltr'><strong>pondus,</strong></span> <span class='ocrx_word' id='word_1_272' title='bbox 873 3456 923 3509; x_wconf 91' lang='lat' dir='ltr'><strong>in</strong></span> <span class='ocrx_word' id='word_1_273' title='bbox 949 3456 1095 3509; x_wconf 89' lang='lat' dir='ltr'><strong>nullo</strong></span> <span class='ocrx_word' id='word_1_274' title='bbox 1116 3464 1358 3524; x_wconf 84' lang='lat' dir='ltr'><strong>egestas,</strong></span> <span class='ocrx_word' id='word_1_275' title='bbox 1383 3453 1437 3509; x_wconf 90' lang='lat' dir='ltr'><strong>in</strong></span> <span class='ocrx_word' id='word_1_276' title='bbox 1479 3451 1628 3506; x_wconf 90' lang='lat' dir='ltr'><strong>nullo</strong></span> <span class='ocrx_word' id='word_1_277' title='bbox 1673 3449 1953 3515; x_wconf 85' lang='lat' dir='ltr'><strong>lassitudo,</strong></span> 
     </span>
    </p>
   </div>
   <div class='ocr_carea' id='block_1_36' title="bbox 368 3542 1831 3617">
    <p class='ocr_par' dir='ltr' id='par_1_36' title="bbox 368 3542 1831 3617">
     <span class='ocr_line' id='line_1_36' title="bbox 368 3542 1831 3617; baseline -0.006 -16"><span class='ocrx_word' id='word_1_278' title='bbox 368 3546 422 3601; x_wconf 89' lang='lat' dir='ltr'><strong>in</strong></span> <span class='ocrx_word' id='word_1_279' title='bbox 477 3547 621 3601; x_wconf 83' lang='lat' dir='ltr'><strong>nullo</strong></span> <span class='ocrx_word' id='word_1_280' title='bbox 659 3563 723 3601; x_wconf 81' lang='lat' dir='ltr'><strong>ex</strong></span> <span class='ocrx_word' id='word_1_281' title='bbox 791 3548 892 3601; x_wconf 87' lang='lat' dir='ltr'><strong>alia</strong></span> <span class='ocrx_word' id='word_1_282' title='bbox 934 3555 1083 3617; x_wconf 91' lang='lat' dir='ltr'><strong>parte</strong></span> <span class='ocrx_word' id='word_1_283' title='bbox 1122 3545 1404 3601; x_wconf 86' lang='lat' dir='ltr'><strong>renitentia</strong></span> <span class='ocrx_word' id='word_1_284' title='bbox 1435 3552 1489 3600; x_wconf 91' lang='lat' dir='ltr'><strong>et</strong></span> <span class='ocrx_word' id='word_1_285' title='bbox 1532 3542 1831 3598; x_wconf 87' lang='lat' dir='ltr'><strong>reluctatio.</strong></span> 
     </span>
    </p>
   </div>
   <div class='ocr_carea' id='block_1_37' title="bbox 436 3632 1959 3705">
    <p class='ocr_par' dir='ltr' id='par_1_37' title="bbox 436 3632 1959 3705">
     <span class='ocr_line' id='line_1_37' title="bbox 436 3632 1959 3705; baseline -0.005 -13"><span class='ocrx_word' id='word_1_286' title='bbox 436 3635 666 3694; x_wconf 77' lang='lat' dir='ltr'><strong>CAPUT</strong></span> <span class='ocrx_word' id='word_1_287' title='bbox 686 3636 815 3690; x_wconf 81' lang='lat' dir='ltr'><strong>VIII.</strong></span> <span class='ocrx_word' id='word_1_288' title='bbox 832 3668 911 3695; x_wconf 87' lang='lat'><strong>_-</strong></span> <span class='ocrx_word' id='word_1_289' title='bbox 929 3637 982 3692; x_wconf 90' lang='lat'><strong>8.</strong></span> <span class='ocrx_word' id='word_1_290' title='bbox 1013 3636 1090 3690; x_wconf 83' lang='lat' dir='ltr'><strong>De</strong></span> <span class='ocrx_word' id='word_1_291' title='bbox 1108 3652 1316 3705; x_wconf 87' lang='lat' dir='ltr'><strong>corpore</strong></span> <span class='ocrx_word' id='word_1_292' title='bbox 1339 3632 1587 3705; x_wconf 85' lang='lat' dir='ltr'><strong>spirituali</strong></span> <span class='ocrx_word' id='word_1_293' title='bbox 1617 3648 1679 3684; x_wconf 77' lang='lat' dir='ltr'><strong>ea:</strong></span> <span class='ocrx_word' id='word_1_294' title='bbox 1698 3632 1959 3685; x_wconf 76' lang='lat' dir='ltr'><strong>occasione</strong></span> 
     </span>
    </p>
   </div>
   <div class='ocr_carea' id='block_1_38' title="bbox 368 3724 1961 3800">
    <p class='ocr_par' dir='ltr' id='par_1_38' title="bbox 368 3724 1961 3800">
     <span class='ocr_line' id='line_1_38' title="bbox 368 3724 1961 3800; baseline -0.002 -18"><span class='ocrx_word' id='word_1_295' title='bbox 368 3728 655 3784; x_wconf 78' lang='lat' dir='ltr'><strong>dicendum.</strong></span> <span class='ocrx_word' id='word_1_296' title='bbox 683 3729 850 3798; x_wconf 84' lang='lat' dir='ltr'><strong>Quale</strong></span> <span class='ocrx_word' id='word_1_297' title='bbox 879 3728 1005 3784; x_wconf 92' lang='lat' dir='ltr'><strong>illud</strong></span> <span class='ocrx_word' id='word_1_298' title='bbox 1034 3741 1228 3800; x_wconf 84' lang='lat' dir='ltr'><strong>corpus</strong></span> <span class='ocrx_word' id='word_1_299' title='bbox 1247 3736 1361 3781; x_wconf 88' lang='lat' dir='ltr'><strong>erat</strong></span> <span class='ocrx_word' id='word_1_300' title='bbox 1379 3767 1392 3788; x_wconf 88' lang='lat'><strong>,</strong></span> <span class='ocrx_word' id='word_1_301' title='bbox 1423 3724 1563 3795; x_wconf 91' lang='lat' dir='ltr'><strong>quod</strong></span> <span class='ocrx_word' id='word_1_302' title='bbox 1588 3724 1844 3779; x_wconf 89' lang='lat' dir='ltr'><strong>Dominus</strong></span> <span class='ocrx_word' id='word_1_303' title='bbox 1866 3739 1961 3793; x_wconf 89' lang='lat' dir='ltr'><strong>per</strong></span> 
     </span>
    </p>
   </div>
   <div class='ocr_carea' id='block_1_39' title="bbox 369 3814 1961 3891">
    <p class='ocr_par' dir='ltr' id='par_1_39' title="bbox 369 3814 1961 3891">
     <span class='ocr_line' id='line_1_39' title="bbox 369 3814 1961 3891; baseline -0.004 -16"><span class='ocrx_word' id='word_1_304' title='bbox 369 3822 597 3876; x_wconf 85' lang='lat' dir='ltr'><strong>claustra</strong></span> <span class='ocrx_word' id='word_1_305' title='bbox 622 3821 867 3891; x_wconf 82' lang='lat' dir='ltr'><strong>trajecit?</strong></span> <span class='ocrx_word' id='word_1_306' title='bbox 890 3818 1153 3874; x_wconf 84' lang='lat' dir='ltr'><strong>Intendite</strong></span> <span class='ocrx_word' id='word_1_307' title='bbox 1176 3858 1190 3881; x_wconf 90' lang='lat'><strong>,</strong></span> <span class='ocrx_word' id='word_1_308' title='bbox 1221 3818 1444 3872; x_wconf 90' lang='lat' dir='ltr'><strong>obsecro</strong></span> <span class='ocrx_word' id='word_1_309' title='bbox 1464 3858 1478 3882; x_wconf 96' lang='lat'><strong>,</strong></span> <span class='ocrx_word' id='word_1_310' title='bbox 1508 3815 1552 3871; x_wconf 90' lang='lat' dir='ltr'><strong>si</strong></span> <span class='ocrx_word' id='word_1_311' title='bbox 1580 3814 1780 3888; x_wconf 90' lang='lat' dir='ltr'><strong>possim</strong></span> <span class='ocrx_word' id='word_1_312' title='bbox 1805 3814 1961 3884; x_wconf 67' lang='lat' dir='ltr'><strong>adjuo</strong></span> 
     </span>
    </p>
   </div>
   <div class='ocr_carea' id='block_1_40' title="bbox 371 3906 1960 3983">
    <p class='ocr_par' dir='ltr' id='par_1_40' title="bbox 371 3906 1960 3983">
     <span class='ocr_line' id='line_1_40' title="bbox 371 3906 1960 3983; baseline -0.001 -17"><span class='ocrx_word' id='word_1_313' title='bbox 371 3921 529 3968; x_wconf 82' lang='lat' dir='ltr'><strong>vante</strong></span> <span class='ocrx_word' id='word_1_314' title='bbox 572 3912 799 3967; x_wconf 90' lang='lat' dir='ltr'><strong>Domino</strong></span> <span class='ocrx_word' id='word_1_315' title='bbox 841 3910 1314 3983; x_wconf 86' lang='lat' dir='ltr'><strong>qualibuscumque</strong></span> <span class='ocrx_word' id='word_1_316' title='bbox 1353 3907 1532 3963; x_wconf 87' lang='lat' dir='ltr'><strong>verbis</strong></span> <span class='ocrx_word' id='word_1_317' title='bbox 1575 3906 1960 3977; x_wconf 77' lang='lat' dir='ltr'><strong>exspectationi</strong></span> 
     </span>
    </p>
   </div>
   <div class='ocr_carea' id='block_1_41' title="bbox 373 3999 1963 4069">
    <p class='ocr_par' dir='ltr' id='par_1_41' title="bbox 373 3999 1963 4069">
     <span class='ocr_line' id='line_1_41' title="bbox 373 3999 1963 4069; baseline 0.001 -14"><span class='ocrx_word' id='word_1_318' title='bbox 373 4011 563 4057; x_wconf 76' lang='lat' dir='ltr'><strong>vestra:</strong></span> <span class='ocrx_word' id='word_1_319' title='bbox 600 4012 691 4057; x_wconf 90' lang='lat' dir='ltr'><strong>aut</strong></span> <span class='ocrx_word' id='word_1_320' title='bbox 718 4001 1027 4058; x_wconf 89' lang='lat' dir='ltr'><strong>satisfacere</strong></span> <span class='ocrx_word' id='word_1_321' title='bbox 1046 4044 1061 4069; x_wconf 88' lang='lat'><strong>,</strong></span> <span class='ocrx_word' id='word_1_322' title='bbox 1088 4010 1181 4055; x_wconf 94' lang='lat' dir='ltr'><strong>aut</strong></span> <span class='ocrx_word' id='word_1_323' title='bbox 1206 4016 1310 4056; x_wconf 90' lang='lat' dir='ltr'><strong>non</strong></span> <span class='ocrx_word' id='word_1_324' title='bbox 1339 4000 1562 4055; x_wconf 92' lang='lat' dir='ltr'><strong>multum</strong></span> <span class='ocrx_word' id='word_1_325' title='bbox 1589 4000 1798 4056; x_wconf 90' lang='lat' dir='ltr'><strong>deesse.</strong></span> <span class='ocrx_word' id='word_1_326' title='bbox 1830 3999 1963 4057; x_wconf 83' lang='lat' dir='ltr'><strong>Nata</strong></span> 
     </span>
    </p>
   </div>
   <div class='ocr_carea' id='block_1_42' title="bbox 375 4090 1961 4163">
    <p class='ocr_par' dir='ltr' id='par_1_42' title="bbox 375 4090 1961 4163">
     <span class='ocr_line' id='line_1_42' title="bbox 375 4090 1961 4163; baseline -0.001 -16"><span class='ocrx_word' id='word_1_327' title='bbox 375 4093 527 4148; x_wconf 88' lang='lat' dir='ltr'><strong>nobis</strong></span> <span class='ocrx_word' id='word_1_328' title='bbox 555 4093 765 4149; x_wconf 90' lang='lat' dir='ltr'><strong>occasio</strong></span> <span class='ocrx_word' id='word_1_329' title='bbox 797 4102 881 4149; x_wconf 89' lang='lat' dir='ltr'><strong>est</strong></span> <span class='ocrx_word' id='word_1_330' title='bbox 905 4093 973 4148; x_wconf 90' lang='lat' dir='ltr'><strong>de</strong></span> <span class='ocrx_word' id='word_1_331' title='bbox 1001 4107 1226 4163; x_wconf 89' lang='lat' dir='ltr'><strong>corpore</strong></span> <span class='ocrx_word' id='word_1_332' title='bbox 1250 4090 1511 4163; x_wconf 88' lang='lat' dir='ltr'><strong>spirituali</strong></span> <span class='ocrx_word' id='word_1_333' title='bbox 1540 4090 1739 4163; x_wconf 89' lang='lat' dir='ltr'><strong>aliquid</strong></span> <span class='ocrx_word' id='word_1_334' title='bbox 1776 4090 1961 4163; x_wconf 86' lang='lat' dir='ltr'><strong>dispu-</strong></span> 
     </span>
    </p>
   </div>
   <div class='ocr_carea' id='block_1_43' title="bbox 376 4183 1964 4258">
    <p class='ocr_par' dir='ltr' id='par_1_43' title="bbox 376 4183 1964 4258">
     <span class='ocr_line' id='line_1_43' title="bbox 376 4183 1964 4258; baseline -0.001 -18"><span class='ocrx_word' id='word_1_335' title='bbox 376 4186 517 4241; x_wconf 85' lang='lat' dir='ltr'><strong>tandi</strong></span> <span class='ocrx_word' id='word_1_336' title='bbox 544 4202 609 4242; x_wconf 89' lang='lat' dir='ltr'><strong>ex</strong></span> <span class='ocrx_word' id='word_1_337' title='bbox 639 4186 884 4257; x_wconf 86' lang='lat' dir='ltr'><strong>passione</strong></span> <span class='ocrx_word' id='word_1_338' title='bbox 908 4186 1187 4258; x_wconf 76' lang='lat' dir='ltr'><strong>Martyris,</strong></span> <span class='ocrx_word' id='word_1_339' title='bbox 1223 4200 1253 4240; x_wconf 88' lang='lat' dir='ltr'><strong>a</strong></span> <span class='ocrx_word' id='word_1_340' title='bbox 1291 4200 1399 4256; x_wconf 91' lang='lat' dir='ltr'><strong>quo</strong></span> <span class='ocrx_word' id='word_1_341' title='bbox 1422 4184 1500 4241; x_wconf 89' lang='lat' dir='ltr'><strong>sic</strong></span> <span class='ocrx_word' id='word_1_342' title='bbox 1526 4183 1755 4239; x_wconf 87' lang='lat' dir='ltr'><strong>vidimus</strong></span> <span class='ocrx_word' id='word_1_343' title='bbox 1782 4193 1837 4240; x_wconf 92' lang='lat' dir='ltr'><strong>et</strong></span> <span class='ocrx_word' id='word_1_344' title='bbox 1865 4184 1964 4239; x_wconf 84' lang='lat' dir='ltr'><strong>mi-</strong></span> 
     </span>
    </p>
   </div>
   <div class='ocr_carea' id='block_1_44' title="bbox 376 4275 1963 4351">
    <p class='ocr_par' dir='ltr' id='par_1_44' title="bbox 376 4275 1963 4351">
     <span class='ocr_line' id='line_1_44' title="bbox 376 4275 1963 4351; baseline -0.002 -16"><span class='ocrx_word' id='word_1_345' title='bbox 376 4281 474 4335; x_wconf 84' lang='lat' dir='ltr'><strong>rati</strong></span> <span class='ocrx_word' id='word_1_346' title='bbox 504 4296 689 4336; x_wconf 92' lang='lat' dir='ltr'><strong>sumus</strong></span> <span class='ocrx_word' id='word_1_347' title='bbox 709 4295 902 4351; x_wconf 92' lang='lat' dir='ltr'><strong>corpus</strong></span> <span class='ocrx_word' id='word_1_348' title='bbox 928 4279 1069 4335; x_wconf 91' lang='lat' dir='ltr'><strong>inter</strong></span> <span class='ocrx_word' id='word_1_349' title='bbox 1098 4288 1361 4335; x_wconf 90' lang='lat' dir='ltr'><strong>tormenta</strong></span> <span class='ocrx_word' id='word_1_350' title='bbox 1390 4277 1683 4333; x_wconf 87' lang='lat' dir='ltr'><strong>contemni.</strong></span> <span class='ocrx_word' id='word_1_351' title='bbox 1727 4275 1963 4332; x_wconf 82' lang='lat' dir='ltr'><strong>Diximus</strong></span> 
     </span>
    </p>
   </div>
   <div class='ocr_carea' id='block_1_45' title="bbox 373 4370 1965 4444">
    <p class='ocr_par' dir='ltr' id='par_1_45' title="bbox 373 4370 1965 4444">
     <span class='ocr_line' id='line_1_45' title="bbox 373 4370 1965 4444; baseline -0.002 -16"><span class='ocrx_word' id='word_1_352' title='bbox 373 4373 516 4429; x_wconf 89' lang='lat' dir='ltr'><strong>enim</strong></span> <span class='ocrx_word' id='word_1_353' title='bbox 546 4374 667 4444; x_wconf 89' lang='lat' dir='ltr'><strong>quia</strong></span> <span class='ocrx_word' id='word_1_354' title='bbox 708 4388 811 4427; x_wconf 90' lang='lat' dir='ltr'><strong>non</strong></span> <span class='ocrx_word' id='word_1_355' title='bbox 843 4370 1107 4443; x_wconf 85' lang='lat' dir='ltr'><strong>parcendo</strong></span> <span class='ocrx_word' id='word_1_356' title='bbox 1144 4372 1352 4441; x_wconf 88' lang='lat' dir='ltr'><strong>corpori</strong></span> <span class='ocrx_word' id='word_1_357' title='bbox 1379 4411 1395 4437; x_wconf 94' lang='lat'><strong>,</strong></span> <span class='ocrx_word' id='word_1_358' title='bbox 1439 4370 1613 4426; x_wconf 90' lang='lat' dir='ltr'><strong>eidem</strong></span> <span class='ocrx_word' id='word_1_359' title='bbox 1646 4370 1806 4425; x_wconf 89' lang='lat' dir='ltr'><strong>etiam</strong></span> <span class='ocrx_word' id='word_1_360' title='bbox 1844 4386 1965 4427; x_wconf 84' lang='lat' dir='ltr'><strong>cor-</strong></span> 
     </span>
    </p>
   </div>
   <div class='ocr_carea' id='block_1_46' title="bbox 376 4460 1961 4535">
    <p class='ocr_par' dir='ltr' id='par_1_46' title="bbox 376 4460 1961 4535">
     <span class='ocr_line' id='line_1_46' title="bbox 376 4460 1961 4535; baseline -0.003 -15"><span class='ocrx_word' id='word_1_361' title='bbox 376 4461 491 4535; x_wconf 85' lang='lat' dir='ltr'><strong>pori</strong></span> <span class='ocrx_word' id='word_1_362' title='bbox 517 4463 827 4520; x_wconf 91' lang='lat' dir='ltr'><strong>consulebat</strong></span> <span class='ocrx_word' id='word_1_363' title='bbox 852 4478 864 4517; x_wconf 89' lang='lat'>:</span> <span class='ocrx_word' id='word_1_364' title='bbox 894 4478 960 4518; x_wconf 88' lang='lat' dir='ltr'><strong>ne</strong></span> <span class='ocrx_word' id='word_1_365' title='bbox 983 4460 1119 4518; x_wconf 89' lang='lat' dir='ltr'><strong>forte</strong></span> <span class='ocrx_word' id='word_1_366' title='bbox 1142 4461 1391 4533; x_wconf 77' lang='lat' dir='ltr'><strong>fugiendo</strong></span> <span class='ocrx_word' id='word_1_367' title='bbox 1412 4462 1733 4532; x_wconf 70' lang='lat' dir='ltr'><strong>temporales</strong></span> <span class='ocrx_word' id='word_1_368' title='bbox 1757 4475 1961 4532; x_wconf 75' lang='lat' dir='ltr'><strong>pcenas,</strong></span> 
     </span>
    </p>
   </div>
   <div class='ocr_carea' id='block_1_47' title="bbox 373 4552 1965 4624">
    <p class='ocr_par' dir='ltr' id='par_1_47' title="bbox 373 4552 1965 4624">
     <span class='ocr_line' id='line_1_47' title="bbox 373 4552 1965 4624; baseline -0.002 -16"><span class='ocrx_word' id='word_1_369' title='bbox 373 4562 429 4608; x_wconf 87' lang='lat' dir='ltr'><strong>et</strong></span> <span class='ocrx_word' id='word_1_370' title='bbox 452 4553 725 4609; x_wconf 81' lang='lat' dir='ltr'><strong>Christum</strong></span> <span class='ocrx_word' id='word_1_371' title='bbox 753 4553 1015 4624; x_wconf 78' lang='lat' dir='ltr'><strong>negando,</strong></span> <span class='ocrx_word' id='word_1_372' title='bbox 1038 4553 1176 4609; x_wconf 91' lang='lat' dir='ltr'><strong>idem</strong></span> <span class='ocrx_word' id='word_1_373' title='bbox 1208 4554 1380 4623; x_wconf 77' lang='lat' dir='ltr'><strong>ipsum</strong></span> <span class='ocrx_word' id='word_1_374' title='bbox 1405 4567 1600 4623; x_wconf 91' lang='lat' dir='ltr'><strong>corpus</strong></span> <span class='ocrx_word' id='word_1_375' title='bbox 1625 4552 1798 4624; x_wconf 78' lang='lat' dir='ltr'><strong>pcenis</strong></span> <span class='ocrx_word' id='word_1_376' title='bbox 1823 4566 1965 4607; x_wconf 79' lang='lat' dir='ltr'><strong>sem-</strong></span> 
     </span>
    </p>
   </div>
   <div class='ocr_carea' id='block_1_48' title="bbox 378 4643 1966 4717">
    <p class='ocr_par' dir='ltr' id='par_1_48' title="bbox 378 4643 1966 4717">
     <span class='ocr_line' id='line_1_48' title="bbox 378 4643 1966 4717; baseline -0.001 -16"><span class='ocrx_word' id='word_1_377' title='bbox 378 4646 598 4715; x_wconf 83' lang='lat' dir='ltr'><strong>piternis</strong></span> <span class='ocrx_word' id='word_1_378' title='bbox 641 4655 697 4703; x_wconf 91' lang='lat' dir='ltr'><strong>et</strong></span> <span class='ocrx_word' id='word_1_379' title='bbox 745 4646 1094 4703; x_wconf 85' lang='lat' dir='ltr'><strong>atrocissimis</strong></span> <span class='ocrx_word' id='word_1_380' title='bbox 1141 4646 1414 4717; x_wconf 77' lang='lat' dir='ltr'><strong>suppliciis</strong></span> <span class='ocrx_word' id='word_1_381' title='bbox 1459 4645 1772 4702; x_wconf 83' lang='lat' dir='ltr'><strong>destinaret.</strong></span> <span class='ocrx_word' id='word_1_382' title='bbox 1830 4643 1966 4699; x_wconf 86' lang='lat' dir='ltr'><strong>llinc</strong></span> 
     </span>
    </p>
   </div>
   <div class='ocr_carea' id='block_1_49' title="bbox 375 4735 1964 4811">
    <p class='ocr_par' dir='ltr' id='par_1_49' title="bbox 375 4735 1964 4811">
     <span class='ocr_line' id='line_1_49' title="bbox 375 4735 1964 4811; baseline -0.002 -18"><span class='ocrx_word' id='word_1_383' title='bbox 375 4755 503 4809; x_wconf 81' lang='lat' dir='ltr'><strong>ergo</strong></span> <span class='ocrx_word' id='word_1_384' title='bbox 524 4738 724 4796; x_wconf 71' lang='lat' dir='ltr'><strong>hortari</strong></span> <span class='ocrx_word' id='word_1_385' title='bbox 752 4755 846 4795; x_wconf 81' lang='lat' dir='ltr'><strong>vos</strong></span> <span class='ocrx_word' id='word_1_386' title='bbox 871 4740 1089 4811; x_wconf 91' lang='lat' dir='ltr'><strong>cupiens</strong></span> <span class='ocrx_word' id='word_1_387' title='bbox 1110 4782 1124 4803; x_wconf 94' lang='lat'><strong>,</strong></span> <span class='ocrx_word' id='word_1_388' title='bbox 1156 4748 1211 4794; x_wconf 91' lang='lat' dir='ltr'><strong>et</strong></span> <span class='ocrx_word' id='word_1_389' title='bbox 1239 4754 1323 4795; x_wconf 89' lang='lat' dir='ltr'><strong>me</strong></span> <span class='ocrx_word' id='word_1_390' title='bbox 1365 4741 1533 4808; x_wconf 90' lang='lat' dir='ltr'><strong>ipsum</strong></span> <span class='ocrx_word' id='word_1_391' title='bbox 1576 4737 1643 4792; x_wconf 91' lang='lat' dir='ltr'><strong>ad</strong></span> <span class='ocrx_word' id='word_1_392' title='bbox 1684 4735 1964 4808; x_wconf 80' lang='lat' dir='ltr'><strong>praesentia</strong></span> 
     </span>
    </p>
   </div>
   <div class='ocr_carea' id='block_1_50' title="bbox 382 4826 1964 4900">
    <p class='ocr_par' dir='ltr' id='par_1_50' title="bbox 382 4826 1964 4900">
     <span class='ocr_line' id='line_1_50' title="bbox 382 4826 1964 4900; baseline -0.003 -15"><span class='ocrx_word' id='word_1_393' title='bbox 382 4831 761 4885; x_wconf 80' lang='lat' dir='ltr'><strong>:ontemncnda</strong></span> <span class='ocrx_word' id='word_1_394' title='bbox 784 4874 797 4897; x_wconf 92' lang='lat'><strong>,</strong></span> <span class='ocrx_word' id='word_1_395' title='bbox 833 4829 1010 4886; x_wconf 88' lang='lat' dir='ltr'><strong>futura</strong></span> <span class='ocrx_word' id='word_1_396' title='bbox 1041 4829 1300 4900; x_wconf 80' lang='lat' dir='ltr'><strong>Speranda</strong></span> <span class='ocrx_word' id='word_1_397' title='bbox 1333 4848 1347 4885; x_wconf 89' lang='lat'><strong>:</strong></span> <span class='ocrx_word' id='word_1_398' title='bbox 1382 4826 1581 4884; x_wconf 76' lang='lat' dir='ltr'><strong>Etenim</strong></span> <span class='ocrx_word' id='word_1_399' title='bbox 1611 4830 1662 4883; x_wconf 88' lang='lat' dir='ltr'><strong>in</strong></span> <span class='ocrx_word' id='word_1_400' title='bbox 1699 4828 1792 4881; x_wconf 81' lang='lat' dir='ltr'><strong>hoc</strong></span> <span class='ocrx_word' id='word_1_401' title='bbox 1818 4826 1964 4881; x_wconf 80' lang='lat' dir='ltr'><strong>habi-</strong></span> 
     </span>
    </p>
   </div>
   <div class='ocr_carea' id='block_1_51' title="bbox 377 4918 1962 4991">
    <p class='ocr_par' dir='ltr' id='par_1_51' title="bbox 377 4918 1962 4991">
     <span class='ocr_line' id='line_1_51' title="bbox 377 4918 1962 4991; baseline 0 -18"><span class='ocrx_word' id='word_1_402' title='bbox 377 4920 544 4974; x_wconf 75' lang='lat' dir='ltr'><strong>tacula</strong></span> <span class='ocrx_word' id='word_1_403' title='bbox 576 4922 944 4991; x_wconf 81' lang='lat' dir='ltr'><strong>ingemiscimas</strong></span> <span class='ocrx_word' id='word_1_404' title='bbox 982 4920 1208 4991; x_wconf 85' lang='lat' dir='ltr'><strong>gravati,</strong></span> <span class='ocrx_word' id='word_1_405' title='bbox 1236 4927 1290 4976; x_wconf 91' lang='lat' dir='ltr'><strong>et</strong></span> <span class='ocrx_word' id='word_1_406' title='bbox 1315 4929 1490 4975; x_wconf 88' lang='lat' dir='ltr'><strong>tamen</strong></span> <span class='ocrx_word' id='word_1_407' title='bbox 1520 4919 1652 4974; x_wconf 90' lang='lat' dir='ltr'><strong>mori</strong></span> <span class='ocrx_word' id='word_1_408' title='bbox 1680 4918 1928 4973; x_wconf 88' lang='lat' dir='ltr'><strong>nolumus</strong></span> <span class='ocrx_word' id='word_1_409' title='bbox 1947 4960 1962 4986; x_wconf 95' lang='lat'><strong>,</strong></span> 
     </span>
    </p>
   </div>
   <div class='ocr_carea' id='block_1_52' title="bbox 375 5008 1962 5082">
    <p class='ocr_par' dir='ltr' id='par_1_52' title="bbox 375 5008 1962 5082">
     <span class='ocr_line' id='line_1_52' title="bbox 375 5008 1962 5082; baseline -0.001 -17"><span class='ocrx_word' id='word_1_410' title='bbox 375 5020 430 5065; x_wconf 88' lang='lat' dir='ltr'><strong>et</strong></span> <span class='ocrx_word' id='word_1_411' title='bbox 456 5013 575 5067; x_wconf 85' lang='lat' dir='ltr'><strong>exui</strong></span> <span class='ocrx_word' id='word_1_412' title='bbox 626 5013 857 5082; x_wconf 86' lang='lat' dir='ltr'><strong>pondere</strong></span> <span class='ocrx_word' id='word_1_413' title='bbox 884 5012 1259 5078; x_wconf 85' lang='lat' dir='ltr'><strong>formidamus;</strong></span> <span class='ocrx_word' id='word_1_414' title='bbox 1300 5010 1534 5065; x_wconf 79' lang='lat' dir='ltr'><strong>nolumus</strong></span> <span class='ocrx_word' id='word_1_415' title='bbox 1558 5010 1692 5065; x_wconf 76' lang='lat' dir='ltr'><strong>enim</strong></span> <span class='ocrx_word' id='word_1_416' title='bbox 1718 5008 1929 5081; x_wconf 80' lang='lat' dir='ltr'><strong>spoliari</strong></span> <span class='ocrx_word' id='word_1_417' title='bbox 1947 5050 1962 5076; x_wconf 93' lang='lat'><strong>,</strong></span> 
     </span>
    </p>
   </div>
   <div class='ocr_carea' id='block_1_53' title="bbox 322 5098 1962 5173">
    <p class='ocr_par' dir='ltr' id='par_1_53' title="bbox 322 5098 1962 5173">
     <span class='ocr_line' id='line_1_53' title="bbox 322 5098 1962 5173; baseline -0.003 -15"><span class='ocrx_word' id='word_1_418' title='bbox 322 5170 327 5173; x_wconf 97' lang='lat'>_</span> <span class='ocrx_word' id='word_1_419' title='bbox 374 5103 465 5158; x_wconf 70' lang='lat' dir='ltr'><strong>sed</strong></span> <span class='ocrx_word' id='word_1_420' title='bbox 498 5105 820 5173; x_wconf 62' lang='grc' dir='ltr'><strong>συνεπεδιὶτὶ</strong></span> <span class='ocrx_word' id='word_1_421' title='bbox 837 5146 852 5172; x_wconf 91' lang='grc'><em>,</em></span> <span class='ocrx_word' id='word_1_422' title='bbox 880 5114 933 5157; x_wconf 85' lang='lat' dir='ltr'><strong>ut</strong></span> <span class='ocrx_word' id='word_1_423' title='bbox 959 5104 1284 5159; x_wconf 76' lang='lat' dir='ltr'><strong>absorbeatur</strong></span> <span class='ocrx_word' id='word_1_424' title='bbox 1313 5101 1523 5157; x_wconf 80' lang='lat' dir='ltr'><strong>mortale</strong></span> <span class='ocrx_word' id='word_1_425' title='bbox 1550 5119 1583 5155; x_wconf 90' lang='lat' dir='ltr'><strong>a</strong></span> <span class='ocrx_word' id='word_1_426' title='bbox 1620 5101 1719 5154; x_wconf 80' lang='lat' dir='ltr'><strong>vita</strong></span> <span class='ocrx_word' id='word_1_427' title='bbox 1745 5100 1811 5171; x_wconf 92' lang='lat' dir='ltr'><strong>(ll</strong></span> <span class='ocrx_word' id='word_1_428' title='bbox 1842 5098 1962 5156; x_wconf 87' lang='lat' dir='ltr'><strong>Cor.</strong></span> 
     </span>
    </p>
   </div>
   <div class='ocr_carea' id='block_1_54' title="bbox 378 5194 1969 5267">
    <p class='ocr_par' dir='ltr' id='par_1_54' title="bbox 378 5194 1969 5267">
     <span class='ocr_line' id='line_1_54' title="bbox 378 5194 1969 5267; baseline -0.002 -16"><span class='ocrx_word' id='word_1_429' title='bbox 378 5209 430 5262; x_wconf 77' lang='grc' dir='ltr'><strong>ν,</strong></span> <span class='ocrx_word' id='word_1_430' title='bbox 463 5195 515 5267; x_wconf 75' lang='grc' dir='ltr'>ι)</span> <span class='ocrx_word' id='word_1_431' title='bbox 549 5213 562 5248; x_wconf 90' lang='lat'><strong>:</strong></span> <span class='ocrx_word' id='word_1_432' title='bbox 594 5196 694 5252; x_wconf 90' lang='lat' dir='ltr'><strong>hac</strong></span> <span class='ocrx_word' id='word_1_433' title='bbox 718 5211 846 5265; x_wconf 75' lang='lat' dir='ltr'><strong>ergo</strong></span> <span class='ocrx_word' id='word_1_434' title='bbox 871 5195 1153 5251; x_wconf 88' lang='lat' dir='ltr'><strong>occasione</strong></span> <span class='ocrx_word' id='word_1_435' title='bbox 1197 5194 1266 5250; x_wconf 91' lang='lat' dir='ltr'><strong>de</strong></span> <span class='ocrx_word' id='word_1_436' title='bbox 1309 5194 1570 5265; x_wconf 90' lang='lat' dir='ltr'><strong>spirituali</strong></span> <span class='ocrx_word' id='word_1_437' title='bbox 1595 5208 1821 5263; x_wconf 89' lang='lat' dir='ltr'><strong>corpore</strong></span> <span class='ocrx_word' id='word_1_438' title='bbox 1847 5208 1969 5249; x_wconf 88' lang='lat' dir='ltr'><strong>sus-</strong></span> 
     </span>
    </p>
   </div>
   <div class='ocr_carea' id='block_1_55' title="bbox 378 5283 1966 5357">
    <p class='ocr_par' dir='ltr' id='par_1_55' title="bbox 378 5283 1966 5357">
     <span class='ocr_line' id='line_1_55' title="bbox 378 5283 1966 5357; baseline -0.001 -16"><span class='ocrx_word' id='word_1_439' title='bbox 378 5286 491 5355; x_wconf 85' lang='lat' dir='ltr'><strong>cepi</strong></span> <span class='ocrx_word' id='word_1_440' title='bbox 538 5286 737 5357; x_wconf 89' lang='lat' dir='ltr'><strong>aliquid</strong></span> <span class='ocrx_word' id='word_1_441' title='bbox 794 5285 938 5357; x_wconf 89' lang='lat' dir='ltr'><strong>loqui</strong></span> <span class='ocrx_word' id='word_1_442' title='bbox 968 5285 1155 5351; x_wconf 84' lang='lat' dir='ltr'><strong>vobis,</strong></span> <span class='ocrx_word' id='word_1_443' title='bbox 1205 5294 1260 5339; x_wconf 91' lang='lat' dir='ltr'><strong>et</strong></span> <span class='ocrx_word' id='word_1_444' title='bbox 1306 5284 1546 5354; x_wconf 90' lang='lat' dir='ltr'><strong>primitus</strong></span> <span class='ocrx_word' id='word_1_445' title='bbox 1584 5283 1966 5340; x_wconf 83' lang='lat' dir='ltr'><strong>commendan-</strong></span> 
     </span>
    </p>
   </div>
   <div class='ocr_carea' id='block_1_56' title="bbox 380 5376 1966 5449">
    <p class='ocr_par' dir='ltr' id='par_1_56' title="bbox 380 5376 1966 5449">
     <span class='ocr_line' id='line_1_56' title="bbox 380 5376 1966 5449; baseline -0.003 -13"><span class='ocrx_word' id='word_1_446' title='bbox 380 5381 498 5436; x_wconf 82' lang='lat' dir='ltr'><strong>dam</strong></span> <span class='ocrx_word' id='word_1_447' title='bbox 526 5378 703 5448; x_wconf 89' lang='lat' dir='ltr'><strong>putavi</strong></span> <span class='ocrx_word' id='word_1_448' title='bbox 743 5379 881 5434; x_wconf 88' lang='lat' dir='ltr'><strong>hanc</strong></span> <span class='ocrx_word' id='word_1_449' title='bbox 910 5380 1076 5449; x_wconf 90' lang='lat' dir='ltr'><strong>ipsam</strong></span> <span class='ocrx_word' id='word_1_450' title='bbox 1113 5378 1267 5448; x_wconf 83' lang='lat' dir='ltr'><strong>hujus</strong></span> <span class='ocrx_word' id='word_1_451' title='bbox 1294 5376 1495 5448; x_wconf 79' lang='lat' dir='ltr'><strong>fragilis</strong></span> <span class='ocrx_word' id='word_1_452' title='bbox 1523 5388 1577 5433; x_wconf 90' lang='lat' dir='ltr'><strong>et</strong></span> <span class='ocrx_word' id='word_1_453' title='bbox 1603 5378 1966 5448; x_wconf 87' lang='lat' dir='ltr'><strong>corruptibilis</strong></span> 
     </span>
    </p>
   </div>
   <div class='ocr_carea' id='block_1_57' title="bbox 375 5469 1965 5541">
    <p class='ocr_par' dir='ltr' id='par_1_57' title="bbox 375 5469 1965 5541">
     <span class='ocr_line' id='line_1_57' title="bbox 375 5469 1965 5541; baseline 0.001 -18"><span class='ocrx_word' id='word_1_454' title='bbox 375 5470 617 5540; x_wconf 88' lang='lat' dir='ltr'><strong>corporis</strong></span> <span class='ocrx_word' id='word_1_455' title='bbox 644 5470 923 5527; x_wconf 89' lang='lat' dir='ltr'><strong>sanitatem</strong></span> <span class='ocrx_word' id='word_1_456' title='bbox 944 5513 959 5536; x_wconf 94' lang='lat'><strong>,</strong></span> <span class='ocrx_word' id='word_1_457' title='bbox 988 5480 1046 5524; x_wconf 88' lang='lat' dir='ltr'><strong>ut</strong></span> <span class='ocrx_word' id='word_1_458' title='bbox 1074 5486 1137 5525; x_wconf 80' lang='lat' dir='ltr'><strong>ex</strong></span> <span class='ocrx_word' id='word_1_459' title='bbox 1168 5471 1278 5541; x_wconf 84' lang='lat' dir='ltr'><strong>ipsa</strong></span> <span class='ocrx_word' id='word_1_460' title='bbox 1314 5485 1564 5540; x_wconf 76' lang='lat' dir='ltr'><strong>magnum</strong></span> <span class='ocrx_word' id='word_1_461' title='bbox 1590 5469 1789 5541; x_wconf 89' lang='lat' dir='ltr'><strong>aliquid</strong></span> <span class='ocrx_word' id='word_1_462' title='bbox 1820 5470 1965 5525; x_wconf 85' lang='lat' dir='ltr'><strong>inve-</strong></span> 
     </span>
    </p>
   </div>
   <div class='ocr_carea' id='block_1_58' title="bbox 378 5559 1965 5631">
    <p class='ocr_par' dir='ltr' id='par_1_58' title="bbox 378 5559 1965 5631">
     <span class='ocr_line' id='line_1_58' title="bbox 378 5559 1965 5631; baseline 0.002 -17"><span class='ocrx_word' id='word_1_463' title='bbox 378 5561 604 5615; x_wconf 85' lang='lat' dir='ltr'><strong>niamus.</strong></span> <span class='ocrx_word' id='word_1_464' title='bbox 634 5561 936 5617; x_wconf 88' lang='lat' dir='ltr'><strong>Invenimus</strong></span> <span class='ocrx_word' id='word_1_465' title='bbox 966 5562 1017 5619; x_wconf 92' lang='lat' dir='ltr'><strong>in</strong></span> <span class='ocrx_word' id='word_1_466' title='bbox 1049 5562 1160 5631; x_wconf 89' lang='lat' dir='ltr'><strong>ipsa</strong></span> <span class='ocrx_word' id='word_1_467' title='bbox 1192 5559 1420 5615; x_wconf 81' lang='lat' dir='ltr'><strong>sanitate</strong></span> <span class='ocrx_word' id='word_1_468' title='bbox 1461 5560 1590 5615; x_wconf 85' lang='lat' dir='ltr'><strong>nihil</strong></span> <span class='ocrx_word' id='word_1_469' title='bbox 1620 5562 1840 5616; x_wconf 90' lang='lat' dir='ltr'><strong>sentire.</strong></span> <span class='ocrx_word' id='word_1_470' title='bbox 1871 5562 1965 5617; x_wconf 85' lang='grc' dir='ltr'>Ει-</span> 
     </span>
    </p>
   </div>
   <div class='ocr_carea' id='block_1_59' title="bbox 376 5650 1966 5721">
    <p class='ocr_par' dir='ltr' id='par_1_59' title="bbox 376 5650 1966 5721">
     <span class='ocr_line' id='line_1_59' title="bbox 376 5650 1966 5721; baseline 0.002 -18"><span class='ocrx_word' id='word_1_471' title='bbox 376 5653 519 5706; x_wconf 71' lang='lat' dir='ltr'><strong>enim</strong></span> <span class='ocrx_word' id='word_1_472' title='bbox 542 5653 704 5707; x_wconf 87' lang='lat' dir='ltr'><strong>multa</strong></span> <span class='ocrx_word' id='word_1_473' title='bbox 733 5652 987 5709; x_wconf 84' lang='lat' dir='ltr'><strong>habemus</strong></span> <span class='ocrx_word' id='word_1_474' title='bbox 1014 5653 1156 5707; x_wconf 89' lang='lat' dir='ltr'><strong>intus</strong></span> <span class='ocrx_word' id='word_1_475' title='bbox 1178 5652 1227 5706; x_wconf 91' lang='lat' dir='ltr'><strong>in</strong></span> <span class='ocrx_word' id='word_1_476' title='bbox 1258 5650 1552 5707; x_wconf 87' lang='lat' dir='ltr'><strong>visceribus</strong></span> <span class='ocrx_word' id='word_1_477' title='bbox 1588 5652 1821 5711; x_wconf 80' lang='lat' dir='ltr'><strong>nostris:</strong></span> <span class='ocrx_word' id='word_1_478' title='bbox 1846 5650 1966 5721; x_wconf 86' lang='lat' dir='ltr'><strong>quis</strong></span> 
     </span>
    </p>
   </div>
   <div class='ocr_carea' id='block_1_60' title="bbox 376 5740 1969 5815">
    <p class='ocr_par' dir='ltr' id='par_1_60' title="bbox 376 5740 1969 5815">
     <span class='ocr_line' id='line_1_60' title="bbox 376 5740 1969 5815; baseline -0.001 -15"><span class='ocrx_word' id='word_1_479' title='bbox 376 5759 439 5800; x_wconf 81' lang='lat' dir='ltr'><strong>ea</strong></span> <span class='ocrx_word' id='word_1_480' title='bbox 461 5753 700 5799; x_wconf 82' lang='lat' dir='ltr'><strong>nostrum</strong></span> <span class='ocrx_word' id='word_1_481' title='bbox 729 5743 913 5808; x_wconf 79' lang='lat' dir='ltr'><strong>sciret,</strong></span> <span class='ocrx_word' id='word_1_482' title='bbox 953 5744 1053 5799; x_wconf 91' lang='lat' dir='ltr'><strong>nisi</strong></span> <span class='ocrx_word' id='word_1_483' title='bbox 1079 5745 1129 5799; x_wconf 90' lang='lat' dir='ltr'><strong>in</strong></span> <span class='ocrx_word' id='word_1_484' title='bbox 1153 5742 1463 5815; x_wconf 81' lang='lat' dir='ltr'><strong>corporibus</strong></span> <span class='ocrx_word' id='word_1_485' title='bbox 1486 5742 1700 5799; x_wconf 82' lang='lat' dir='ltr'><strong>laniatis</strong></span> <span class='ocrx_word' id='word_1_486' title='bbox 1722 5740 1969 5799; x_wconf 81' lang='lat' dir='ltr'><strong>videret?</strong></span> 
     </span>
    </p>
   </div>
   <div class='ocr_carea' id='block_1_61' title="bbox 1694 317 2304 379">
    <p class='ocr_par' dir='ltr' id='par_1_61' title="bbox 1694 317 2304 379">
     <span class='ocr_line' id='line_1_61' title="bbox 1694 317 2304 379; baseline -0.013 0"><span class='ocrx_word' id='word_1_487' title='bbox 1694 320 1921 379; x_wconf 73' lang='lat' dir='ltr'><strong>SEMIO</strong></span> <span class='ocrx_word' id='word_1_488' title='bbox 1960 317 2304 374; x_wconf 70' lang='lat' dir='ltr'><strong>CCLXXVII.</strong></span> 
     </span>
    </p>
   </div>
   <div class='ocr_carea' id='block_1_62' title="bbox 3495 318 3629 372">
    <p class='ocr_par' dir='ltr' id='par_1_62' title="bbox 3495 318 3629 372">
     <span class='ocr_line' id='line_1_62' title="bbox 3495 318 3629 372; baseline -0.022 0"><span class='ocrx_word' id='word_1_489' title='bbox 3495 321 3511 372; x_wconf 88' lang='lat' dir='ltr'><strong>I</strong></span> <span class='ocrx_word' id='word_1_490' title='bbox 3528 318 3629 370; x_wconf 56' lang='lat' dir='ltr'><strong>itii</strong></span> 
     </span>
    </p>
   </div>
   <div class='ocr_carea' id='block_1_63' title="bbox 2040 450 3626 523">
    <p class='ocr_par' dir='ltr' id='par_1_63' title="bbox 2040 450 3626 523">
     <span class='ocr_line' id='line_1_63' title="bbox 2040 450 3626 523; baseline 0 -16"><span class='ocrx_word' id='word_1_491' title='bbox 2040 451 2253 507; x_wconf 71' lang='lat' dir='ltr'><strong>Viscera</strong></span> <span class='ocrx_word' id='word_1_492' title='bbox 2281 459 2460 506; x_wconf 82' lang='lat' dir='ltr'><strong>nostra</strong></span> <span class='ocrx_word' id='word_1_493' title='bbox 2487 494 2501 517; x_wconf 88' lang='lat'><strong>,</strong></span> <span class='ocrx_word' id='word_1_494' title='bbox 2534 450 2787 508; x_wconf 78' lang='lat' dir='ltr'><strong>interiora</strong></span> <span class='ocrx_word' id='word_1_495' title='bbox 2817 456 3000 507; x_wconf 79' lang='lat' dir='ltr'><strong>nostra</strong></span> <span class='ocrx_word' id='word_1_496' title='bbox 3019 493 3036 519; x_wconf 92' lang='lat'><strong>,</strong></span> <span class='ocrx_word' id='word_1_497' title='bbox 3067 467 3186 523; x_wconf 71' lang='lat' dir='ltr'><strong>qtae</strong></span> <span class='ocrx_word' id='word_1_498' title='bbox 3213 453 3459 509; x_wconf 83' lang='lat' dir='ltr'><strong>dicuntur</strong></span> <span class='ocrx_word' id='word_1_499' title='bbox 3496 455 3626 509; x_wconf 84' lang='lat' dir='ltr'><strong>inte-</strong></span> 
     </span>
    </p>
   </div>
   <div class='ocr_carea' id='block_1_64' title="bbox 2037 540 3633 615">
    <p class='ocr_par' dir='ltr' id='par_1_64' title="bbox 2037 540 3633 615">
     <span class='ocr_line' id='line_1_64' title="bbox 2037 540 3633 615; baseline -0.001 -19"><span class='ocrx_word' id='word_1_500' title='bbox 2037 542 2208 608; x_wconf 75' lang='lat' dir='ltr'><strong>atina,</strong></span> <span class='ocrx_word' id='word_1_501' title='bbox 2254 540 2394 597; x_wconf 88' lang='lat' dir='ltr'><strong>unde</strong></span> <span class='ocrx_word' id='word_1_502' title='bbox 2438 541 2727 597; x_wconf 72' lang='lat' dir='ltr'><strong>novimus?</strong></span> <span class='ocrx_word' id='word_1_503' title='bbox 2763 542 2829 597; x_wconf 85' lang='lat' dir='ltr'><strong>Et</strong></span> <span class='ocrx_word' id='word_1_504' title='bbox 2874 551 2999 597; x_wconf 88' lang='lat' dir='ltr'><strong>tunc</strong></span> <span class='ocrx_word' id='word_1_505' title='bbox 3031 552 3115 596; x_wconf 86' lang='lat' dir='ltr'><strong>est</strong></span> <span class='ocrx_word' id='word_1_506' title='bbox 3155 541 3386 609; x_wconf 79' lang='lat' dir='ltr'><strong>bonum,</strong></span> <span class='ocrx_word' id='word_1_507' title='bbox 3414 547 3633 615; x_wconf 72' lang='lat' dir='ltr'><strong>quando</strong></span> 
     </span>
    </p>
   </div>
   <div class='ocr_carea' id='block_1_65' title="bbox 2038 633 3627 703">
    <p class='ocr_par' dir='ltr' id='par_1_65' title="bbox 2038 633 3627 703">
     <span class='ocr_line' id='line_1_65' title="bbox 2038 633 3627 703; baseline 0.001 -14"><span class='ocrx_word' id='word_1_508' title='bbox 2038 635 2123 690; x_wconf 87' lang='lat' dir='ltr'><strong>illa</strong></span> <span class='ocrx_word' id='word_1_509' title='bbox 2152 650 2259 691; x_wconf 89' lang='lat' dir='ltr'><strong>non</strong></span> <span class='ocrx_word' id='word_1_510' title='bbox 2279 634 2558 690; x_wconf 91' lang='lat' dir='ltr'><strong>sentimus.</strong></span> <span class='ocrx_word' id='word_1_511' title='bbox 2578 634 2802 703; x_wconf 84' lang='lat' dir='ltr'><strong>Quando</strong></span> <span class='ocrx_word' id='word_1_512' title='bbox 2822 633 2965 690; x_wconf 85' lang='lat' dir='ltr'><strong>enim</strong></span> <span class='ocrx_word' id='word_1_513' title='bbox 2983 634 3069 690; x_wconf 89' lang='lat' dir='ltr'><strong>illa</strong></span> <span class='ocrx_word' id='word_1_514' title='bbox 3084 649 3190 690; x_wconf 90' lang='lat' dir='ltr'><strong>non</strong></span> <span class='ocrx_word' id='word_1_515' title='bbox 3205 636 3485 702; x_wconf 83' lang='lat' dir='ltr'><strong>sentimus,</strong></span> <span class='ocrx_word' id='word_1_516' title='bbox 3507 645 3627 692; x_wconf 69' lang='lat' dir='ltr'><strong>tunc</strong></span> 
     </span>
    </p>
   </div>
   <div class='ocr_carea' id='block_1_66' title="bbox 2037 725 3628 798">
    <p class='ocr_par' dir='ltr' id='par_1_66' title="bbox 2037 725 3628 798">
     <span class='ocr_line' id='line_1_66' title="bbox 2037 725 3628 798; baseline 0 -17"><span class='ocrx_word' id='word_1_517' title='bbox 2037 726 2152 781; x_wconf 91' lang='lat' dir='ltr'><strong>sani</strong></span> <span class='ocrx_word' id='word_1_518' title='bbox 2171 741 2377 782; x_wconf 91' lang='lat' dir='ltr'><strong>sumus.</strong></span> <span class='ocrx_word' id='word_1_519' title='bbox 2403 725 2545 781; x_wconf 90' lang='lat' dir='ltr'><strong>Dicis</strong></span> <span class='ocrx_word' id='word_1_520' title='bbox 2560 726 2736 790; x_wconf 89' lang='lat' dir='ltr'><strong>alicui,</strong></span> <span class='ocrx_word' id='word_1_521' title='bbox 2757 726 2990 782; x_wconf 85' lang='lat' dir='ltr'><strong>Observa</strong></span> <span class='ocrx_word' id='word_1_522' title='bbox 3007 727 3363 783; x_wconf 89' lang='lat' dir='ltr'><strong>stomachum.</strong></span> <span class='ocrx_word' id='word_1_523' title='bbox 3386 728 3628 798; x_wconf 78' lang='lat' dir='ltr'><strong>Respon-</strong></span> 
     </span>
    </p>
   </div>
   <div class='ocr_carea' id='block_1_67' title="bbox 2038 816 3629 889">
    <p class='ocr_par' dir='ltr' id='par_1_67' title="bbox 2038 816 3629 889">
     <span class='ocr_line' id='line_1_67' title="bbox 2038 816 3629 889; baseline 0.003 -18"><span class='ocrx_word' id='word_1_524' title='bbox 2038 816 2129 872; x_wconf 89' lang='lat' dir='ltr'><strong>det</strong></span> <span class='ocrx_word' id='word_1_525' title='bbox 2161 817 2275 884; x_wconf 91' lang='lat' dir='ltr'><strong>tibi,</strong></span> <span class='ocrx_word' id='word_1_526' title='bbox 2292 816 2429 886; x_wconf 85' lang='lat' dir='ltr'><strong>Quid</strong></span> <span class='ocrx_word' id='word_1_527' title='bbox 2453 827 2537 872; x_wconf 86' lang='lat' dir='ltr'><strong>est</strong></span> <span class='ocrx_word' id='word_1_528' title='bbox 2563 817 2911 873; x_wconf 86' lang='lat' dir='ltr'><strong>stomachus?</strong></span> <span class='ocrx_word' id='word_1_529' title='bbox 2937 817 3085 873; x_wconf 85' lang='lat' dir='ltr'><strong>Felix</strong></span> <span class='ocrx_word' id='word_1_530' title='bbox 3112 819 3437 889; x_wconf 78' lang='lat' dir='ltr'><strong>ignorantia:</strong></span> <span class='ocrx_word' id='word_1_531' title='bbox 3459 822 3629 876; x_wconf 90' lang='lat' dir='ltr'><strong>nescit</strong></span> 
     </span>
    </p>
   </div>
   <div class='ocr_carea' id='block_1_68' title="bbox 2040 906 3672 985">
    <p class='ocr_par' dir='ltr' id='par_1_68' title="bbox 2040 906 3672 985">
     <span class='ocr_line' id='line_1_68' title="bbox 2040 906 3672 985; baseline 0.004 -24"><span class='ocrx_word' id='word_1_532' title='bbox 2040 907 2129 963; x_wconf 92' lang='lat' dir='ltr'><strong>ubi</strong></span> <span class='ocrx_word' id='word_1_533' title='bbox 2154 906 2341 964; x_wconf 87' lang='lat' dir='ltr'><strong>habeat</strong></span> <span class='ocrx_word' id='word_1_534' title='bbox 2359 948 2375 974; x_wconf 93' lang='lat'><strong>,</strong></span> <span class='ocrx_word' id='word_1_535' title='bbox 2398 906 2540 980; x_wconf 87' lang='lat' dir='ltr'><strong>quod</strong></span> <span class='ocrx_word' id='word_1_536' title='bbox 2568 923 2782 978; x_wconf 85' lang='lat' dir='ltr'><strong>semper</strong></span> <span class='ocrx_word' id='word_1_537' title='bbox 2807 924 2998 964; x_wconf 89' lang='lat' dir='ltr'><strong>sanum</strong></span> <span class='ocrx_word' id='word_1_538' title='bbox 3025 908 3203 985; x_wconf 51' lang='lat' dir='ltr'><strong>habet.</strong></span> <span class='ocrx_word' id='word_1_539' title='bbox 3229 910 3283 966; x_wconf 87' lang='lat' dir='ltr'><strong>Si</strong></span> <span class='ocrx_word' id='word_1_540' title='bbox 3304 925 3495 966; x_wconf 88' lang='lat' dir='ltr'><strong>sanum</strong></span> <span class='ocrx_word' id='word_1_541' title='bbox 3525 928 3629 967; x_wconf 86' lang='lat' dir='ltr'><strong>non</strong></span> <span class='ocrx_word' id='word_1_542' title='bbox 3669 978 3672 981; x_wconf 23' lang='grc' dir='ltr'>λ</span> 
     </span>
    </p>
   </div>
   <div class='ocr_carea' id='block_1_69' title="bbox 2040 994 3675 1068">
    <p class='ocr_par' dir='ltr' id='par_1_69' title="bbox 2040 994 3675 1068">
     <span class='ocr_line' id='line_1_69' title="bbox 2040 994 3675 1068; baseline 0.003 -15"><span class='ocrx_word' id='word_1_543' title='bbox 2040 997 2295 1064; x_wconf 87' lang='lat' dir='ltr'><strong>haberet,</strong></span> <span class='ocrx_word' id='word_1_544' title='bbox 2339 999 2597 1056; x_wconf 90' lang='lat' dir='ltr'><strong>sentiret:</strong></span> <span class='ocrx_word' id='word_1_545' title='bbox 2628 998 2675 1054; x_wconf 89' lang='lat' dir='ltr'><strong>si</strong></span> <span class='ocrx_word' id='word_1_546' title='bbox 2702 1000 2946 1068; x_wconf 88' lang='lat' dir='ltr'><strong>sentiret,</strong></span> <span class='ocrx_word' id='word_1_547' title='bbox 2972 1015 3076 1057; x_wconf 93' lang='lat' dir='ltr'><strong>non</strong></span> <span class='ocrx_word' id='word_1_548' title='bbox 3122 1000 3263 1056; x_wconf 83' lang='lat' dir='ltr'><strong>bono</strong></span> <span class='ocrx_word' id='word_1_549' title='bbox 3294 1016 3393 1057; x_wconf 88' lang='lat' dir='ltr'><strong>suo</strong></span> <span class='ocrx_word' id='word_1_550' title='bbox 3421 1003 3602 1058; x_wconf 83' lang='lat' dir='ltr'><strong>sciret.</strong></span> <span class='ocrx_word' id='word_1_551' title='bbox 3670 994 3675 999; x_wconf 80' lang='grc'><strong>’</strong></span> 
     </span>
    </p>
   </div>
   <div class='ocr_carea' id='block_1_70' title="bbox 2110 1087 3633 1161">
    <p class='ocr_par' dir='ltr' id='par_1_70' title="bbox 2110 1087 3633 1161">
     <span class='ocr_line' id='line_1_70' title="bbox 2110 1087 3633 1161; baseline 0.004 -17"><span class='ocrx_word' id='word_1_552' title='bbox 2110 1087 2336 1146; x_wconf 80' lang='lat' dir='ltr'><strong>CAPUT</strong></span> <span class='ocrx_word' id='word_1_553' title='bbox 2375 1088 2463 1144; x_wconf 70' lang='lat' dir='ltr'><strong>IX.</strong></span> <span class='ocrx_word' id='word_1_554' title='bbox 2479 1090 2616 1147; x_wconf 86' lang='lat'><strong>——9.</strong></span> <span class='ocrx_word' id='word_1_555' title='bbox 2636 1089 2874 1147; x_wconf 71' lang='lat' dir='ltr'><strong>Celerius</strong></span> <span class='ocrx_word' id='word_1_556' title='bbox 2900 1108 3172 1161; x_wconf 80' lang='lat' dir='ltr'><strong>corporum</strong></span> <span class='ocrx_word' id='word_1_557' title='bbox 3195 1093 3488 1147; x_wconf 67' lang='lat' dir='ltr'><strong>calt-stium.</strong></span> <span class='ocrx_word' id='word_1_558' title='bbox 3526 1094 3633 1149; x_wconf 78' lang='lat' dir='ltr'><strong>An-</strong></span> 
     </span>
    </p>
   </div>
   <div class='ocr_carea' id='block_1_71' title="bbox 2040 1170 3639 1255">
    <p class='ocr_par' dir='ltr' id='par_1_71' title="bbox 2040 1170 3639 1255">
     <span class='ocr_line' id='line_1_71' title="bbox 2040 1170 3639 1255; baseline 0.005 -22"><span class='ocrx_word' id='word_1_559' title='bbox 2040 1174 2267 1249; x_wconf 74' lang='lat' dir='ltr'><strong>gelorum</strong></span> <span class='ocrx_word' id='word_1_560' title='bbox 2299 1195 2531 1251; x_wconf 79' lang='lat' dir='ltr'><strong>corpora.</strong></span> <span class='ocrx_word' id='word_1_561' title='bbox 2575 1180 2681 1237; x_wconf 87' lang='lat' dir='ltr'><strong>Sed</strong></span> <span class='ocrx_word' id='word_1_562' title='bbox 2721 1170 2965 1253; x_wconf 84' lang='lat' dir='ltr'><strong>quamvis</strong></span> <span class='ocrx_word' id='word_1_563' title='bbox 2989 1183 3199 1241; x_wconf 87' lang='lat' dir='ltr'><strong>laudata</strong></span> <span class='ocrx_word' id='word_1_564' title='bbox 3226 1185 3470 1255; x_wconf 86' lang='lat' dir='ltr'><strong>corporis</strong></span> <span class='ocrx_word' id='word_1_565' title='bbox 3493 1190 3639 1241; x_wconf 47' lang='lat' dir='ltr'><strong>sani-</strong></span> 
     </span>
    </p>
   </div>
   <div class='ocr_carea' id='block_1_72' title="bbox 2043 1273 3640 1343">
    <p class='ocr_par' dir='ltr' id='par_1_72' title="bbox 2043 1273 3640 1343">
     <span class='ocr_line' id='line_1_72' title="bbox 2043 1273 3640 1343; baseline 0.004 -16"><span class='ocrx_word' id='word_1_566' title='bbox 2043 1280 2152 1328; x_wconf 89' lang='lat' dir='ltr'><strong>tate</strong></span> <span class='ocrx_word' id='word_1_567' title='bbox 2188 1273 2430 1329; x_wconf 87' lang='lat' dir='ltr'><strong>venimus</strong></span> <span class='ocrx_word' id='word_1_568' title='bbox 2474 1273 2541 1330; x_wconf 90' lang='lat' dir='ltr'><strong>ad</strong></span> <span class='ocrx_word' id='word_1_569' title='bbox 2593 1275 2926 1331; x_wconf 87' lang='lat' dir='ltr'><strong>celeritatem</strong></span> <span class='ocrx_word' id='word_1_570' title='bbox 2971 1286 3182 1343; x_wconf 89' lang='lat' dir='ltr'><strong>motus,</strong></span> <span class='ocrx_word' id='word_1_571' title='bbox 3234 1287 3289 1335; x_wconf 91' lang='lat' dir='ltr'><strong>et</strong></span> <span class='ocrx_word' id='word_1_572' title='bbox 3339 1278 3640 1335; x_wconf 85' lang='lat' dir='ltr'><strong>invenimus</strong></span> 
     </span>
    </p>
   </div>
   <div class='ocr_carea' id='block_1_73' title="bbox 2044 1363 3636 1435">
    <p class='ocr_par' dir='ltr' id='par_1_73' title="bbox 2044 1363 3636 1435">
     <span class='ocr_line' id='line_1_73' title="bbox 2044 1363 3636 1435; baseline 0.006 -18"><span class='ocrx_word' id='word_1_573' title='bbox 2044 1378 2143 1418; x_wconf 90' lang='lat' dir='ltr'><strong>nos</strong></span> <span class='ocrx_word' id='word_1_574' title='bbox 2170 1363 2445 1433; x_wconf 88' lang='lat' dir='ltr'><strong>plumbeos</strong></span> <span class='ocrx_word' id='word_1_575' title='bbox 2473 1365 2702 1435; x_wconf 85' lang='lat' dir='ltr'><strong>quodam</strong></span> <span class='ocrx_word' id='word_1_576' title='bbox 2735 1365 3140 1434; x_wconf 85' lang='lat' dir='ltr'><strong>modo.Quanta</strong></span> <span class='ocrx_word' id='word_1_577' title='bbox 3160 1369 3504 1428; x_wconf 88' lang='lat' dir='ltr'><strong>estccleritas</strong></span> <span class='ocrx_word' id='word_1_578' title='bbox 3523 1386 3636 1427; x_wconf 70' lang='lat' dir='ltr'><strong>cu:-</strong></span> 
     </span>
    </p>
   </div>
   <div class='ocr_carea' id='block_1_74' title="bbox 2046 1454 3641 1530">
    <p class='ocr_par' dir='ltr' id='par_1_74' title="bbox 2046 1454 3641 1530">
     <span class='ocr_line' id='line_1_74' title="bbox 2046 1454 3641 1530; baseline 0.004 -22"><span class='ocrx_word' id='word_1_579' title='bbox 2046 1454 2258 1509; x_wconf 92' lang='lat' dir='ltr'><strong>lestium</strong></span> <span class='ocrx_word' id='word_1_580' title='bbox 2309 1456 2630 1526; x_wconf 77' lang='lat' dir='ltr'><strong>corporum?</strong></span> <span class='ocrx_word' id='word_1_581' title='bbox 2676 1456 2770 1513; x_wconf 82' lang='lat' dir='ltr'><strong>Vis</strong></span> <span class='ocrx_word' id='word_1_582' title='bbox 2820 1473 2978 1514; x_wconf 89' lang='lat' dir='ltr'><strong>nosse</strong></span> <span class='ocrx_word' id='word_1_583' title='bbox 3024 1469 3221 1530; x_wconf 86' lang='lat' dir='ltr'><strong>quanta</strong></span> <span class='ocrx_word' id='word_1_584' title='bbox 3270 1462 3380 1515; x_wconf 85' lang='lat' dir='ltr'><strong>sit?</strong></span> <span class='ocrx_word' id='word_1_585' title='bbox 3416 1462 3641 1517; x_wconf 75' lang='lat' dir='ltr'><strong>Intueris</strong></span> 
     </span>
    </p>
   </div>
   <div class='ocr_carea' id='block_1_75' title="bbox 2045 1544 3637 1619">
    <p class='ocr_par' dir='ltr' id='par_1_75' title="bbox 2045 1544 3637 1619">
     <span class='ocr_line' id='line_1_75' title="bbox 2045 1544 3637 1619; baseline 0.004 -19"><span class='ocrx_word' id='word_1_586' title='bbox 2045 1544 2217 1601; x_wconf 88' lang='lat' dir='ltr'><strong>solem</strong></span> <span class='ocrx_word' id='word_1_587' title='bbox 2238 1586 2252 1610; x_wconf 94' lang='lat'><strong>,</strong></span> <span class='ocrx_word' id='word_1_588' title='bbox 2285 1555 2338 1601; x_wconf 90' lang='lat' dir='ltr'><strong>et</strong></span> <span class='ocrx_word' id='word_1_589' title='bbox 2364 1546 2456 1601; x_wconf 87' lang='lat' dir='ltr'><strong>tibi</strong></span> <span class='ocrx_word' id='word_1_590' title='bbox 2482 1545 2691 1603; x_wconf 90' lang='lat' dir='ltr'><strong>videtur</strong></span> <span class='ocrx_word' id='word_1_591' title='bbox 2714 1549 2865 1619; x_wconf 89' lang='lat' dir='ltr'><strong>quasi</strong></span> <span class='ocrx_word' id='word_1_592' title='bbox 2904 1564 3007 1604; x_wconf 91' lang='lat' dir='ltr'><strong>nou</strong></span> <span class='ocrx_word' id='word_1_593' title='bbox 3038 1561 3334 1616; x_wconf 88' lang='lat' dir='ltr'><strong>moveatur,</strong></span> <span class='ocrx_word' id='word_1_594' title='bbox 3368 1562 3421 1606; x_wconf 83' lang='lat' dir='ltr'><strong>et</strong></span> <span class='ocrx_word' id='word_1_595' title='bbox 3461 1561 3637 1611; x_wconf 79' lang='lat' dir='ltr'><strong>tanton</strong></span> 
     </span>
    </p>
   </div>
   <div class='ocr_carea' id='block_1_76' title="bbox 2046 1636 3642 1708">
    <p class='ocr_par' dir='ltr' id='par_1_76' title="bbox 2046 1636 3642 1708">
     <span class='ocr_line' id='line_1_76' title="bbox 2046 1636 3642 1708; baseline 0.007 -18"><span class='ocrx_word' id='word_1_596' title='bbox 2046 1644 2310 1691; x_wconf 89' lang='lat' dir='ltr'><strong>movetur.</strong></span> <span class='ocrx_word' id='word_1_597' title='bbox 2336 1636 2496 1693; x_wconf 87' lang='lat' dir='ltr'><strong>Forte</strong></span> <span class='ocrx_word' id='word_1_598' title='bbox 2519 1637 2687 1694; x_wconf 90' lang='lat' dir='ltr'><strong>dicis:</strong></span> <span class='ocrx_word' id='word_1_599' title='bbox 2710 1638 2971 1708; x_wconf 83' lang='lat' dir='ltr'><strong>Movetur,</strong></span> <span class='ocrx_word' id='word_1_600' title='bbox 2997 1641 3091 1697; x_wconf 89' lang='lat' dir='ltr'><strong>sed</strong></span> <span class='ocrx_word' id='word_1_601' title='bbox 3122 1642 3340 1697; x_wconf 84' lang='lat' dir='ltr'><strong>tardius.</strong></span> <span class='ocrx_word' id='word_1_602' title='bbox 3370 1643 3458 1698; x_wconf 88' lang='lat' dir='ltr'><strong>Vis</strong></span> <span class='ocrx_word' id='word_1_603' title='bbox 3482 1659 3642 1701; x_wconf 88' lang='lat' dir='ltr'><strong>nosse</strong></span> 
     </span>
    </p>
   </div>
   <div class='ocr_carea' id='block_1_77' title="bbox 2047 1727 3639 1804">
    <p class='ocr_par' dir='ltr' id='par_1_77' title="bbox 2047 1727 3639 1804">
     <span class='ocr_line' id='line_1_77' title="bbox 2047 1727 3639 1804; baseline 0.004 -23"><span class='ocrx_word' id='word_1_604' title='bbox 2047 1735 2243 1799; x_wconf 89' lang='lat' dir='ltr'><strong>quanta</strong></span> <span class='ocrx_word' id='word_1_605' title='bbox 2285 1727 2562 1784; x_wconf 82' lang='lat' dir='ltr'><strong>celeritate</strong></span> <span class='ocrx_word' id='word_1_606' title='bbox 2605 1731 2918 1785; x_wconf 87' lang='lat' dir='ltr'><strong>moveatur?</strong></span> <span class='ocrx_word' id='word_1_607' title='bbox 2962 1731 3055 1786; x_wconf 77' lang='lat' dir='ltr'><strong>Vis</strong></span> <span class='ocrx_word' id='word_1_608' title='bbox 3105 1732 3310 1787; x_wconf 86' lang='lat' dir='ltr'><strong>ratione</strong></span> <span class='ocrx_word' id='word_1_609' title='bbox 3353 1734 3639 1804; x_wconf 75' lang='lat' dir='ltr'><strong>colligere,</strong></span> 
     </span>
    </p>
   </div>
   <div class='ocr_carea' id='block_1_78' title="bbox 2048 1817 3645 1889">
    <p class='ocr_par' dir='ltr' id='par_1_78' title="bbox 2048 1817 3645 1889">
     <span class='ocr_line' id='line_1_78' title="bbox 2048 1817 3645 1889; baseline 0.005 -18"><span class='ocrx_word' id='word_1_610' title='bbox 2048 1817 2191 1887; x_wconf 90' lang='lat' dir='ltr'><strong>quod</strong></span> <span class='ocrx_word' id='word_1_611' title='bbox 2231 1833 2334 1872; x_wconf 92' lang='lat' dir='ltr'><strong>non</strong></span> <span class='ocrx_word' id='word_1_612' title='bbox 2364 1818 2532 1874; x_wconf 88' lang='lat' dir='ltr'><strong>sentis</strong></span> <span class='ocrx_word' id='word_1_613' title='bbox 2560 1820 2821 1889; x_wconf 87' lang='lat' dir='ltr'><strong>aspectu?</strong></span> <span class='ocrx_word' id='word_1_614' title='bbox 2864 1821 2919 1875; x_wconf 91' lang='lat' dir='ltr'><strong>Si</strong></span> <span class='ocrx_word' id='word_1_615' title='bbox 2950 1829 3091 1877; x_wconf 89' lang='lat' dir='ltr'><strong>recta</strong></span> <span class='ocrx_word' id='word_1_616' title='bbox 3121 1823 3201 1875; x_wconf 86' lang='lat' dir='ltr'><strong>via</strong></span> <span class='ocrx_word' id='word_1_617' title='bbox 3228 1823 3297 1877; x_wconf 86' lang='lat' dir='ltr'><strong>ab</strong></span> <span class='ocrx_word' id='word_1_618' title='bbox 3322 1823 3528 1879; x_wconf 79' lang='lat' dir='ltr'><strong>oriente</strong></span> <span class='ocrx_word' id='word_1_619' title='bbox 3554 1838 3645 1879; x_wconf 50' lang='lat' dir='ltr'><strong>ut»</strong></span> 
     </span>
    </p>
   </div>
   <div class='ocr_carea' id='block_1_79' title="bbox 2048 1908 3642 1982">
    <p class='ocr_par' dir='ltr' id='par_1_79' title="bbox 2048 1908 3642 1982">
     <span class='ocr_line' id='line_1_79' title="bbox 2048 1908 3642 1982; baseline 0.006 -23"><span class='ocrx_word' id='word_1_620' title='bbox 2048 1922 2152 1977; x_wconf 88' lang='lat' dir='ltr'><strong>que</strong></span> <span class='ocrx_word' id='word_1_621' title='bbox 2183 1908 2231 1961; x_wconf 93' lang='lat' dir='ltr'><strong>in</strong></span> <span class='ocrx_word' id='word_1_622' title='bbox 2262 1908 2591 1963; x_wconf 84' lang='lat' dir='ltr'><strong>occidentem</strong></span> <span class='ocrx_word' id='word_1_623' title='bbox 2622 1909 2675 1964; x_wconf 90' lang='lat' dir='ltr'><strong>iu</strong></span> <span class='ocrx_word' id='word_1_624' title='bbox 2704 1910 2803 1964; x_wconf 87' lang='lat' dir='ltr'><strong>hac</strong></span> <span class='ocrx_word' id='word_1_625' title='bbox 2832 1921 2970 1965; x_wconf 73' lang='lat' dir='ltr'><strong>terra</strong></span> <span class='ocrx_word' id='word_1_626' title='bbox 3020 1912 3228 1967; x_wconf 85' lang='lat' dir='ltr'><strong>veredis</strong></span> <span class='ocrx_word' id='word_1_627' title='bbox 3271 1914 3495 1982; x_wconf 88' lang='lat' dir='ltr'><strong>quisque</strong></span> <span class='ocrx_word' id='word_1_628' title='bbox 3519 1929 3642 1970; x_wconf 81' lang='lat' dir='ltr'><strong>cur-</strong></span> 
     </span>
    </p>
   </div>
   <div class='ocr_carea' id='block_1_80' title="bbox 2050 1999 3643 2073">
    <p class='ocr_par' dir='ltr' id='par_1_80' title="bbox 2050 1999 3643 2073">
     <span class='ocr_line' id='line_1_80' title="bbox 2050 1999 3643 2073; baseline 0.005 -24"><span class='ocrx_word' id='word_1_629' title='bbox 2050 2005 2191 2052; x_wconf 91' lang='lat' dir='ltr'><strong>reret</strong></span> <span class='ocrx_word' id='word_1_630' title='bbox 2214 2038 2229 2063; x_wconf 96' lang='lat'><strong>,</strong></span> <span class='ocrx_word' id='word_1_631' title='bbox 2277 2012 2371 2067; x_wconf 90' lang='lat' dir='ltr'><strong>per</strong></span> <span class='ocrx_word' id='word_1_632' title='bbox 2416 2007 2545 2068; x_wconf 91' lang='lat' dir='ltr'><strong>quot</strong></span> <span class='ocrx_word' id='word_1_633' title='bbox 2583 1999 2696 2053; x_wconf 89' lang='lat' dir='ltr'><strong>dies</strong></span> <span class='ocrx_word' id='word_1_634' title='bbox 2735 2000 3071 2066; x_wconf 87' lang='lat' dir='ltr'><strong>perveniret?</strong></span> <span class='ocrx_word' id='word_1_635' title='bbox 3098 2001 3343 2068; x_wconf 86' lang='lat' dir='ltr'><strong>Qualibet</strong></span> <span class='ocrx_word' id='word_1_636' title='bbox 3384 2017 3643 2073; x_wconf 85' lang='lat' dir='ltr'><strong>equorum</strong></span> 
     </span>
    </p>
   </div>
   <div class='ocr_carea' id='block_1_81' title="bbox 2050 2087 3644 2164">
    <p class='ocr_par' dir='ltr' id='par_1_81' title="bbox 2050 2087 3644 2164">
     <span class='ocr_line' id='line_1_81' title="bbox 2050 2087 3644 2164; baseline 0.006 -24"><span class='ocrx_word' id='word_1_637' title='bbox 2050 2087 2328 2143; x_wconf 83' lang='lat' dir='ltr'><strong>velocitate</strong></span> <span class='ocrx_word' id='word_1_638' title='bbox 2370 2090 2617 2155; x_wconf 82' lang='lat' dir='ltr'><strong>ferretur,</strong></span> <span class='ocrx_word' id='word_1_639' title='bbox 2647 2100 2777 2160; x_wconf 91' lang='lat' dir='ltr'><strong>quot</strong></span> <span class='ocrx_word' id='word_1_640' title='bbox 2806 2092 3111 2148; x_wconf 87' lang='lat' dir='ltr'><strong>mansiones</strong></span> <span class='ocrx_word' id='word_1_641' title='bbox 3140 2093 3356 2163; x_wconf 82' lang='lat' dir='ltr'><strong>ageret?</strong></span> <span class='ocrx_word' id='word_1_642' title='bbox 3402 2093 3644 2164; x_wconf 87' lang='lat' dir='ltr'><strong>Spatium</strong></span> 
     </span>
    </p>
   </div>
   <div class='ocr_carea' id='block_1_82' title="bbox 2051 2178 3639 2251">
    <p class='ocr_par' dir='ltr' id='par_1_82' title="bbox 2051 2178 3639 2251">
     <span class='ocr_line' id='line_1_82' title="bbox 2051 2178 3639 2251; baseline 0.003 -18"><span class='ocrx_word' id='word_1_643' title='bbox 2051 2178 2257 2233; x_wconf 88' lang='lat' dir='ltr'><strong>itineris</strong></span> <span class='ocrx_word' id='word_1_644' title='bbox 2282 2179 2350 2232; x_wconf 92' lang='lat' dir='ltr'><strong>ab</strong></span> <span class='ocrx_word' id='word_1_645' title='bbox 2376 2179 2525 2234; x_wconf 87' lang='lat' dir='ltr'><strong>initio</strong></span> <span class='ocrx_word' id='word_1_646' title='bbox 2552 2180 2771 2235; x_wconf 85' lang='lat' dir='ltr'><strong>orientis</strong></span> <span class='ocrx_word' id='word_1_647' title='bbox 2799 2196 2967 2251; x_wconf 89' lang='lat' dir='ltr'><strong>usque</strong></span> <span class='ocrx_word' id='word_1_648' title='bbox 3012 2182 3079 2235; x_wconf 89' lang='lat' dir='ltr'><strong>ad</strong></span> <span class='ocrx_word' id='word_1_649' title='bbox 3136 2184 3295 2238; x_wconf 85' lang='lat' dir='ltr'><strong>tinent</strong></span> <span class='ocrx_word' id='word_1_650' title='bbox 3343 2183 3639 2239; x_wconf 85' lang='lat' dir='ltr'><strong>occidentis</strong></span> 
     </span>
    </p>
   </div>
   <div class='ocr_carea' id='block_1_83' title="bbox 2052 2263 3643 2340">
    <p class='ocr_par' dir='ltr' id='par_1_83' title="bbox 2052 2263 3643 2340">
     <span class='ocr_line' id='line_1_83' title="bbox 2052 2263 3643 2340; baseline 0.002 -18"><span class='ocrx_word' id='word_1_651' title='bbox 2052 2268 2167 2335; x_wconf 91' lang='lat' dir='ltr'><strong>sol,</strong></span> <span class='ocrx_word' id='word_1_652' title='bbox 2197 2269 2284 2338; x_wconf 87' lang='lat' dir='ltr'><strong>qui</strong></span> <span class='ocrx_word' id='word_1_653' title='bbox 2318 2268 2410 2323; x_wconf 89' lang='lat' dir='ltr'><strong>tibi</strong></span> <span class='ocrx_word' id='word_1_654' title='bbox 2431 2268 2645 2324; x_wconf 88' lang='lat' dir='ltr'><strong>videtur</strong></span> <span class='ocrx_word' id='word_1_655' title='bbox 2669 2278 2810 2325; x_wconf 89' lang='lat' dir='ltr'><strong>stare</strong></span> <span class='ocrx_word' id='word_1_656' title='bbox 2832 2311 2846 2334; x_wconf 92' lang='lat'><strong>,</strong></span> <span class='ocrx_word' id='word_1_657' title='bbox 2897 2285 3001 2325; x_wconf 93' lang='lat' dir='ltr'><strong>uno</strong></span> <span class='ocrx_word' id='word_1_658' title='bbox 3048 2270 3136 2326; x_wconf 87' lang='lat' dir='ltr'><strong>die</strong></span> <span class='ocrx_word' id='word_1_659' title='bbox 3180 2272 3432 2340; x_wconf 80' lang='lat' dir='ltr'><strong>coniicit,</strong></span> <span class='ocrx_word' id='word_1_660' title='bbox 3459 2263 3514 2328; x_wconf 82' lang='lat' dir='ltr'><strong>et</strong></span> <span class='ocrx_word' id='word_1_661' title='bbox 3542 2289 3643 2328; x_wconf 89' lang='lat' dir='ltr'><strong>una</strong></span> 
     </span>
    </p>
   </div>
   <div class='ocr_carea' id='block_1_84' title="bbox 2052 2358 3645 2432">
    <p class='ocr_par' dir='ltr' id='par_1_84' title="bbox 2052 2358 3645 2432">
     <span class='ocr_line' id='line_1_84' title="bbox 2052 2358 3645 2432; baseline 0.003 -20"><span class='ocrx_word' id='word_1_662' title='bbox 2052 2369 2209 2413; x_wconf 89' lang='lat' dir='ltr'><strong>nocte</strong></span> <span class='ocrx_word' id='word_1_663' title='bbox 2254 2358 2319 2412; x_wconf 91' lang='lat' dir='ltr'><strong>ad</strong></span> <span class='ocrx_word' id='word_1_664' title='bbox 2351 2367 2525 2414; x_wconf 90' lang='lat' dir='ltr'><strong>ortum</strong></span> <span class='ocrx_word' id='word_1_665' title='bbox 2569 2360 2726 2415; x_wconf 83' lang='lat' dir='ltr'><strong>redit.</strong></span> <span class='ocrx_word' id='word_1_666' title='bbox 2778 2358 2914 2415; x_wconf 86' lang='lat' dir='ltr'><strong>Nolo</strong></span> <span class='ocrx_word' id='word_1_667' title='bbox 2938 2360 3118 2417; x_wconf 88' lang='lat' dir='ltr'><strong>dicere</strong></span> <span class='ocrx_word' id='word_1_668' title='bbox 3142 2403 3156 2426; x_wconf 93' lang='lat'><strong>,</strong></span> <span class='ocrx_word' id='word_1_669' title='bbox 3198 2362 3321 2432; x_wconf 90' lang='lat' dir='ltr'><strong>quia</strong></span> <span class='ocrx_word' id='word_1_670' title='bbox 3358 2364 3645 2419; x_wconf 89' lang='lat' dir='ltr'><strong>obscurum</strong></span> 
     </span>
    </p>
   </div>
   <div class='ocr_carea' id='block_1_85' title="bbox 2053 2448 3647 2519">
    <p class='ocr_par' dir='ltr' id='par_1_85' title="bbox 2053 2448 3647 2519">
     <span class='ocr_line' id='line_1_85' title="bbox 2053 2448 3647 2519; baseline 0.001 -15"><span class='ocrx_word' id='word_1_671' title='bbox 2053 2458 2164 2515; x_wconf 86' lang='lat' dir='ltr'><strong>est,</strong></span> <span class='ocrx_word' id='word_1_672' title='bbox 2196 2459 2252 2504; x_wconf 89' lang='lat' dir='ltr'><strong>et</strong></span> <span class='ocrx_word' id='word_1_673' title='bbox 2277 2448 2341 2503; x_wconf 88' lang='lat' dir='ltr'><strong>ad</strong></span> <span class='ocrx_word' id='word_1_674' title='bbox 2372 2449 2791 2519; x_wconf 84' lang='lat' dir='ltr'><strong>persuadendum</strong></span> <span class='ocrx_word' id='word_1_675' title='bbox 2821 2449 3037 2506; x_wconf 81' lang='lat' dir='ltr'><strong>dit’licile</strong></span> <span class='ocrx_word' id='word_1_676' title='bbox 3060 2492 3075 2516; x_wconf 91' lang='lat'><strong>,</strong></span> <span class='ocrx_word' id='word_1_677' title='bbox 3104 2451 3186 2505; x_wconf 87' lang='lat' dir='ltr'><strong>vel</strong></span> <span class='ocrx_word' id='word_1_678' title='bbox 3215 2450 3455 2507; x_wconf 83' lang='lat' dir='ltr'><strong>fortassis</strong></span> <span class='ocrx_word' id='word_1_679' title='bbox 3474 2454 3647 2509; x_wconf 51' lang='lat' dir='ltr'><strong>iocor.</strong></span> 
     </span>
    </p>
   </div>
   <div class='ocr_carea' id='block_1_86' title="bbox 2054 2540 3647 2613">
    <p class='ocr_par' dir='ltr' id='par_1_86' title="bbox 2054 2540 3647 2613">
     <span class='ocr_line' id='line_1_86' title="bbox 2054 2540 3647 2613; baseline 0.004 -20"><span class='ocrx_word' id='word_1_680' title='bbox 2054 2548 2203 2602; x_wconf 90' lang='lat' dir='ltr'><strong>tum,</strong></span> <span class='ocrx_word' id='word_1_681' title='bbox 2237 2555 2393 2610; x_wconf 90' lang='lat' dir='ltr'><strong>quam</strong></span> <span class='ocrx_word' id='word_1_682' title='bbox 2421 2540 2535 2595; x_wconf 90' lang='lat' dir='ltr'><strong>sint</strong></span> <span class='ocrx_word' id='word_1_683' title='bbox 2561 2541 2730 2611; x_wconf 77' lang='lat' dir='ltr'><strong>Spatia</strong></span> <span class='ocrx_word' id='word_1_684' title='bbox 2757 2541 2995 2597; x_wconf 65' lang='lat' dir='ltr'><strong>coelestia</strong></span> <span class='ocrx_word' id='word_1_685' title='bbox 3046 2542 3214 2597; x_wconf 85' lang='lat' dir='ltr'><strong>multo</strong></span> <span class='ocrx_word' id='word_1_686' title='bbox 3278 2558 3436 2613; x_wconf 88' lang='lat' dir='ltr'><strong>quam</strong></span> <span class='ocrx_word' id='word_1_687' title='bbox 3476 2551 3647 2600; x_wconf 85' lang='lat' dir='ltr'><strong>terre-</strong></span> 
     </span>
    </p>
   </div>
   <div class='ocr_carea' id='block_1_87' title="bbox 2055 2632 3646 2705">
    <p class='ocr_par' dir='ltr' id='par_1_87' title="bbox 2055 2632 3646 2705">
     <span class='ocr_line' id='line_1_87' title="bbox 2055 2632 3646 2705; baseline 0.003 -18"><span class='ocrx_word' id='word_1_688' title='bbox 2055 2633 2182 2688; x_wconf 90' lang='lat' dir='ltr'><strong>stria</strong></span> <span class='ocrx_word' id='word_1_689' title='bbox 2216 2632 2420 2687; x_wconf 87' lang='lat' dir='ltr'><strong>latiora.</strong></span> <span class='ocrx_word' id='word_1_690' title='bbox 2480 2632 2612 2688; x_wconf 91' lang='lat' dir='ltr'><strong>Cum</strong></span> <span class='ocrx_word' id='word_1_691' title='bbox 2642 2648 2769 2705; x_wconf 77' lang='lat' dir='ltr'><strong>ergo</strong></span> <span class='ocrx_word' id='word_1_692' title='bbox 2796 2634 3070 2689; x_wconf 88' lang='lat' dir='ltr'><strong>videamus</strong></span> <span class='ocrx_word' id='word_1_693' title='bbox 3095 2643 3293 2689; x_wconf 88' lang='lat' dir='ltr'><strong>tantam</strong></span> <span class='ocrx_word' id='word_1_694' title='bbox 3322 2635 3646 2692; x_wconf 81' lang='lat' dir='ltr'><strong>celeritatem</strong></span> 
     </span>
    </p>
   </div>
   <div class='ocr_carea' id='block_1_88' title="bbox 2054 2724 3648 2795">
    <p class='ocr_par' dir='ltr' id='par_1_88' title="bbox 2054 2724 3648 2795">
     <span class='ocr_line' id='line_1_88' title="bbox 2054 2724 3648 2795; baseline 0.003 -18"><span class='ocrx_word' id='word_1_695' title='bbox 2054 2724 2350 2779; x_wconf 65' lang='lat' dir='ltr'><strong>antestium</strong></span> <span class='ocrx_word' id='word_1_696' title='bbox 2394 2738 2721 2795; x_wconf 91' lang='lat' dir='ltr'><strong>corporum,</strong></span> <span class='ocrx_word' id='word_1_697' title='bbox 2762 2740 2881 2795; x_wconf 71' lang='lat' dir='ltr'><strong>quae</strong></span> <span class='ocrx_word' id='word_1_698' title='bbox 2925 2725 3079 2781; x_wconf 91' lang='lat' dir='ltr'><strong>nobis</strong></span> <span class='ocrx_word' id='word_1_699' title='bbox 3127 2726 3379 2787; x_wconf 86' lang='lat' dir='ltr'><strong>videntur</strong></span> <span class='ocrx_word' id='word_1_700' title='bbox 3406 2742 3528 2783; x_wconf 89' lang='lat' dir='ltr'><strong>cum</strong></span> <span class='ocrx_word' id='word_1_701' title='bbox 3564 2739 3648 2782; x_wconf 80' lang='lat' dir='ltr'><strong>at-</strong></span> 
     </span>
    </p>
   </div>
   <div class='ocr_carea' id='block_1_89' title="bbox 2056 2812 3650 2891">
    <p class='ocr_par' dir='ltr' id='par_1_89' title="bbox 2056 2812 3650 2891">
     <span class='ocr_line' id='line_1_89' title="bbox 2056 2812 3650 2891; baseline 0.004 -22"><span class='ocrx_word' id='word_1_702' title='bbox 2056 2812 2346 2869; x_wconf 91' lang='lat' dir='ltr'><strong>tenduntur</strong></span> <span class='ocrx_word' id='word_1_703' title='bbox 2372 2829 2477 2869; x_wconf 91' lang='lat' dir='ltr'><strong>non</strong></span> <span class='ocrx_word' id='word_1_704' title='bbox 2523 2816 2762 2881; x_wconf 86' lang='lat' dir='ltr'><strong>moveri;</strong></span> <span class='ocrx_word' id='word_1_705' title='bbox 2792 2816 2877 2871; x_wconf 86' lang='lat' dir='ltr'><strong>cui</strong></span> <span class='ocrx_word' id='word_1_706' title='bbox 2903 2816 3160 2872; x_wconf 85' lang='lat' dir='ltr'><strong>celeritati</strong></span> <span class='ocrx_word' id='word_1_707' title='bbox 3187 2833 3500 2891; x_wconf 89' lang='lat' dir='ltr'><strong>comparare</strong></span> <span class='ocrx_word' id='word_1_708' title='bbox 3524 2836 3650 2890; x_wconf 83' lang='lat' dir='ltr'><strong>pos-</strong></span> 
     </span>
    </p>
   </div>
   <div class='ocr_carea' id='block_1_90' title="bbox 2056 2892 3651 2981">
    <p class='ocr_par' dir='ltr' id='par_1_90' title="bbox 2056 2892 3651 2981">
     <span class='ocr_line' id='line_1_90' title="bbox 2056 2892 3651 2981; baseline 0.006 -24"><span class='ocrx_word' id='word_1_709' title='bbox 2056 2916 2241 2958; x_wconf 88' lang='lat' dir='ltr'><strong>sumus</strong></span> <span class='ocrx_word' id='word_1_710' title='bbox 2268 2918 2462 2974; x_wconf 90' lang='lat' dir='ltr'><strong>corpus</strong></span> <span class='ocrx_word' id='word_1_711' title='bbox 2484 2905 2818 2977; x_wconf 78' lang='lat' dir='ltr'><strong>angelicum?</strong></span> <span class='ocrx_word' id='word_1_712' title='bbox 2838 2906 3137 2963; x_wconf 79' lang='lat' dir='ltr'><strong>Adfuerunt</strong></span> <span class='ocrx_word' id='word_1_713' title='bbox 3153 2892 3335 2976; x_wconf 85' lang='lat' dir='ltr'><strong>etiam,</strong></span> <span class='ocrx_word' id='word_1_714' title='bbox 3362 2917 3420 2966; x_wconf 85' lang='lat' dir='ltr'><strong>et</strong></span> <span class='ocrx_word' id='word_1_715' title='bbox 3439 2912 3651 2981; x_wconf 84' lang='lat' dir='ltr'><strong>quando</strong></span> 
     </span>
    </p>
   </div>
   <div class='ocr_carea' id='block_1_91' title="bbox 2055 2992 3651 3070">
    <p class='ocr_par' dir='ltr' id='par_1_91' title="bbox 2055 2992 3651 3070">
     <span class='ocr_line' id='line_1_91' title="bbox 2055 2992 3651 3070; baseline 0.007 -25"><span class='ocrx_word' id='word_1_716' title='bbox 2055 2992 2337 3047; x_wconf 86' lang='lat' dir='ltr'><strong>voluerunt</strong></span> <span class='ocrx_word' id='word_1_717' title='bbox 2387 3009 2446 3049; x_wconf 90' lang='lat' dir='ltr'><strong>se</strong></span> <span class='ocrx_word' id='word_1_718' title='bbox 2495 2995 2905 3066; x_wconf 90' lang='lat' dir='ltr'><strong>conspiciendos</strong></span> <span class='ocrx_word' id='word_1_719' title='bbox 2958 2996 3356 3070; x_wconf 80' lang='lat' dir='ltr'><strong>tangendosque</strong></span> <span class='ocrx_word' id='word_1_720' title='bbox 3406 3001 3651 3069; x_wconf 75' lang='lat' dir='ltr'><strong>prtebue-</strong></span> 
     </span>
    </p>
   </div>
   <div class='ocr_carea' id='block_1_92' title="bbox 2057 3083 3649 3164">
    <p class='ocr_par' dir='ltr' id='par_1_92' title="bbox 2057 3083 3649 3164">
     <span class='ocr_line' id='line_1_92' title="bbox 2057 3083 3649 3164; baseline 0.008 -27"><span class='ocrx_word' id='word_1_721' title='bbox 2057 3093 2202 3139; x_wconf 91' lang='lat' dir='ltr'><strong>runt.</strong></span> <span class='ocrx_word' id='word_1_722' title='bbox 2232 3083 2385 3139; x_wconf 84' lang='lat' dir='ltr'><strong>Lavit</strong></span> <span class='ocrx_word' id='word_1_723' title='bbox 2408 3087 2625 3155; x_wconf 80' lang='lat' dir='ltr'><strong>Angelis</strong></span> <span class='ocrx_word' id='word_1_724' title='bbox 2666 3086 2829 3157; x_wconf 87' lang='lat' dir='ltr'><strong>pedes</strong></span> <span class='ocrx_word' id='word_1_725' title='bbox 2868 3087 3153 3145; x_wconf 24' lang='lat' dir='ltr'><strong>Abraham.</strong></span> <span class='ocrx_word' id='word_1_726' title='bbox 3191 3088 3340 3158; x_wconf 78' lang='lat' dir='ltr'><strong>(Gen.</strong></span> <span class='ocrx_word' id='word_1_727' title='bbox 3371 3107 3536 3159; x_wconf 87' lang='lat' dir='ltr'><strong>xvm,</strong></span> <span class='ocrx_word' id='word_1_728' title='bbox 3568 3092 3649 3164; x_wconf 74' lang='grc' dir='ltr'><strong>ι).</strong></span> 
     </span>
    </p>
   </div>
   <div class='ocr_carea' id='block_1_93' title="bbox 2058 3175 3653 3250">
    <p class='ocr_par' dir='ltr' id='par_1_93' title="bbox 2058 3175 3653 3250">
     <span class='ocr_line' id='line_1_93' title="bbox 2058 3175 3653 3250; baseline 0.007 -19"><span class='ocrx_word' id='word_1_729' title='bbox 2058 3175 2171 3233; x_wconf 84' lang='grc' dir='ltr'><strong>Νοη</strong></span> <span class='ocrx_word' id='word_1_730' title='bbox 2219 3178 2389 3234; x_wconf 88' lang='lat' dir='ltr'><strong>solum</strong></span> <span class='ocrx_word' id='word_1_731' title='bbox 2420 3178 2552 3235; x_wconf 89' lang='lat' dir='ltr'><strong>lavit</strong></span> <span class='ocrx_word' id='word_1_732' title='bbox 2580 3179 2668 3236; x_wconf 87' lang='lat' dir='ltr'><strong>illa</strong></span> <span class='ocrx_word' id='word_1_733' title='bbox 2696 3194 2955 3250; x_wconf 88' lang='lat' dir='ltr'><strong>corpora,</strong></span> <span class='ocrx_word' id='word_1_734' title='bbox 2997 3196 3185 3237; x_wconf 85' lang='lat' dir='ltr'><strong>verum</strong></span> <span class='ocrx_word' id='word_1_735' title='bbox 3233 3183 3394 3239; x_wconf 89' lang='lat' dir='ltr'><strong>etiam</strong></span> <span class='ocrx_word' id='word_1_736' title='bbox 3441 3196 3653 3242; x_wconf 82' lang='lat' dir='ltr'><strong>contre-</strong></span> 
     </span>
    </p>
   </div>
   <div class='ocr_carea' id='block_1_94' title="bbox 2058 3270 3655 3344">
    <p class='ocr_par' dir='ltr' id='par_1_94' title="bbox 2058 3270 3655 3344">
     <span class='ocr_line' id='line_1_94' title="bbox 2058 3270 3655 3344; baseline 0.005 -19"><span class='ocrx_word' id='word_1_737' title='bbox 2058 3270 2237 3325; x_wconf 90' lang='lat' dir='ltr'><strong>ctavit.</strong></span> <span class='ocrx_word' id='word_1_738' title='bbox 2286 3271 2692 3340; x_wconf 86' lang='lat' dir='ltr'><strong>Apparuerunt,</strong></span> <span class='ocrx_word' id='word_1_739' title='bbox 2745 3281 2804 3327; x_wconf 89' lang='lat' dir='ltr'><strong>ut</strong></span> <span class='ocrx_word' id='word_1_740' title='bbox 2853 3272 3163 3339; x_wconf 88' lang='lat' dir='ltr'><strong>voluerunt,</strong></span> <span class='ocrx_word' id='word_1_741' title='bbox 3214 3275 3428 3344; x_wconf 87' lang='lat' dir='ltr'><strong>quando</strong></span> <span class='ocrx_word' id='word_1_742' title='bbox 3472 3277 3655 3333; x_wconf 84' lang='lat' dir='ltr'><strong>voluc-</strong></span> 
     </span>
    </p>
   </div>
   <div class='ocr_carea' id='block_1_95' title="bbox 2059 3363 3656 3433">
    <p class='ocr_par' dir='ltr' id='par_1_95' title="bbox 2059 3363 3656 3433">
     <span class='ocr_line' id='line_1_95' title="bbox 2059 3363 3656 3433; baseline 0.006 -16"><span class='ocrx_word' id='word_1_743' title='bbox 2059 3371 2218 3429; x_wconf 92' lang='lat' dir='ltr'><strong>runt,</strong></span> <span class='ocrx_word' id='word_1_744' title='bbox 2246 3363 2439 3433; x_wconf 88' lang='lat' dir='ltr'><strong>quibus</strong></span> <span class='ocrx_word' id='word_1_745' title='bbox 2486 3364 2793 3419; x_wconf 87' lang='lat' dir='ltr'><strong>voluerunt.</strong></span> <span class='ocrx_word' id='word_1_746' title='bbox 2820 3364 2958 3420; x_wconf 83' lang='lat' dir='ltr'><strong>Nihil</strong></span> <span class='ocrx_word' id='word_1_747' title='bbox 2994 3364 3351 3433; x_wconf 79' lang='lat' dir='ltr'><strong>difﬁcultatis,</strong></span> <span class='ocrx_word' id='word_1_748' title='bbox 3380 3370 3514 3425; x_wconf 89' lang='lat' dir='ltr'><strong>nihil</strong></span> <span class='ocrx_word' id='word_1_749' title='bbox 3538 3386 3656 3426; x_wconf 83' lang='lat' dir='ltr'><strong>ont-</strong></span> 
     </span>
    </p>
   </div>
   <div class='ocr_carea' id='block_1_96' title="bbox 2061 3454 3657 3525">
    <p class='ocr_par' dir='ltr' id='par_1_96' title="bbox 2061 3454 3657 3525">
     <span class='ocr_line' id='line_1_96' title="bbox 2061 3454 3657 3525; baseline 0.006 -18"><span class='ocrx_word' id='word_1_750' title='bbox 2061 3454 2189 3507; x_wconf 90' lang='lat' dir='ltr'><strong>nino</strong></span> <span class='ocrx_word' id='word_1_751' title='bbox 2219 3454 2481 3508; x_wconf 90' lang='lat' dir='ltr'><strong>tarditatis</strong></span> <span class='ocrx_word' id='word_1_752' title='bbox 2510 3454 2766 3509; x_wconf 88' lang='lat' dir='ltr'><strong>sentiunt.</strong></span> <span class='ocrx_word' id='word_1_753' title='bbox 2803 3455 2907 3509; x_wconf 82' lang='lat' dir='ltr'><strong>Sed</strong></span> <span class='ocrx_word' id='word_1_754' title='bbox 2935 3469 3041 3511; x_wconf 92' lang='lat' dir='ltr'><strong>non</strong></span> <span class='ocrx_word' id='word_1_755' title='bbox 3068 3470 3164 3511; x_wconf 91' lang='lat' dir='ltr'><strong>eos</strong></span> <span class='ocrx_word' id='word_1_756' title='bbox 3179 3457 3422 3513; x_wconf 88' lang='lat' dir='ltr'><strong>videmus</strong></span> <span class='ocrx_word' id='word_1_757' title='bbox 3441 3474 3657 3525; x_wconf 66' lang='lat' dir='ltr'><strong>curreno</strong></span> 
     </span>
    </p>
   </div>
   <div class='ocr_carea' id='block_1_97' title="bbox 2064 3545 3656 3623">
    <p class='ocr_par' dir='ltr' id='par_1_97' title="bbox 2064 3545 3656 3623">
     <span class='ocr_line' id='line_1_97' title="bbox 2064 3545 3656 3623; baseline 0.008 -25"><span class='ocrx_word' id='word_1_758' title='bbox 2064 3554 2162 3608; x_wconf 89' lang='lat' dir='ltr'><strong>tes,</strong></span> <span class='ocrx_word' id='word_1_759' title='bbox 2185 3559 2290 3599; x_wconf 92' lang='lat' dir='ltr'><strong>non</strong></span> <span class='ocrx_word' id='word_1_760' title='bbox 2317 3560 2411 3601; x_wconf 90' lang='lat' dir='ltr'><strong>eos</strong></span> <span class='ocrx_word' id='word_1_761' title='bbox 2452 3546 2693 3602; x_wconf 89' lang='lat' dir='ltr'><strong>videmus</strong></span> <span class='ocrx_word' id='word_1_762' title='bbox 2722 3545 2792 3602; x_wconf 92' lang='lat' dir='ltr'><strong>de</strong></span> <span class='ocrx_word' id='word_1_763' title='bbox 2822 3548 2943 3603; x_wconf 91' lang='lat' dir='ltr'><strong>loco</strong></span> <span class='ocrx_word' id='word_1_764' title='bbox 2967 3547 3020 3603; x_wconf 92' lang='lat' dir='ltr'><strong>in</strong></span> <span class='ocrx_word' id='word_1_765' title='bbox 3047 3548 3221 3605; x_wconf 89' lang='lat' dir='ltr'><strong>locum</strong></span> <span class='ocrx_word' id='word_1_766' title='bbox 3248 3551 3569 3623; x_wconf 75' lang='lat' dir='ltr'><strong>migrantes,</strong></span> <span class='ocrx_word' id='word_1_767' title='bbox 3597 3567 3656 3610; x_wconf 91' lang='lat' dir='ltr'><strong>ut</strong></span> 
     </span>
    </p>
   </div>
   <div class='ocr_carea' id='block_1_98' title="bbox 2063 3636 3658 3717">
    <p class='ocr_par' dir='ltr' id='par_1_98' title="bbox 2063 3636 3658 3717">
     <span class='ocr_line' id='line_1_98' title="bbox 2063 3636 3658 3717; baseline 0.009 -28"><span class='ocrx_word' id='word_1_768' title='bbox 2063 3650 2341 3691; x_wconf 87' lang='lat' dir='ltr'><strong>nossemus</strong></span> <span class='ocrx_word' id='word_1_769' title='bbox 2382 3638 2451 3691; x_wconf 87' lang='lat' dir='ltr'><strong>ab</strong></span> <span class='ocrx_word' id='word_1_770' title='bbox 2494 3636 2665 3691; x_wconf 90' lang='lat' dir='ltr'><strong>oculis</strong></span> <span class='ocrx_word' id='word_1_771' title='bbox 2712 3636 2987 3694; x_wconf 85' lang='lat' dir='ltr'><strong>hominum</strong></span> <span class='ocrx_word' id='word_1_772' title='bbox 3033 3638 3411 3699; x_wconf 86' lang='lat' dir='ltr'><strong>discedentes:</strong></span> <span class='ocrx_word' id='word_1_773' title='bbox 3441 3645 3658 3717; x_wconf 81' lang='lat' dir='ltr'><strong>quando</strong></span> 
     </span>
    </p>
   </div>
   <div class='ocr_carea' id='block_1_99' title="bbox 2063 3726 3658 3802">
    <p class='ocr_par' dir='ltr' id='par_1_99' title="bbox 2063 3726 3658 3802">
     <span class='ocr_line' id='line_1_99' title="bbox 2063 3726 3658 3802; baseline 0.01 -23"><span class='ocrx_word' id='word_1_774' title='bbox 2063 3726 2371 3791; x_wconf 86' lang='lat' dir='ltr'><strong>voluerunt,</strong></span> <span class='ocrx_word' id='word_1_775' title='bbox 2404 3735 2785 3797; x_wconf 86' lang='lat' dir='ltr'><strong>pervenerunt.</strong></span> <span class='ocrx_word' id='word_1_776' title='bbox 2815 3726 2929 3783; x_wconf 87' lang='lat' dir='ltr'><strong>Non</strong></span> <span class='ocrx_word' id='word_1_777' title='bbox 2969 3741 3053 3786; x_wconf 83' lang='lat' dir='ltr'><strong>est</strong></span> <span class='ocrx_word' id='word_1_778' title='bbox 3077 3746 3205 3802; x_wconf 78' lang='lat' dir='ltr'><strong>ergo</strong></span> <span class='ocrx_word' id='word_1_779' title='bbox 3236 3732 3374 3790; x_wconf 89' lang='lat' dir='ltr'><strong>unde</strong></span> <span class='ocrx_word' id='word_1_780' title='bbox 3401 3737 3562 3791; x_wconf 86' lang='lat' dir='ltr'><strong>etiam</strong></span> <span class='ocrx_word' id='word_1_781' title='bbox 3586 3737 3658 3795; x_wconf 82' lang='lat' dir='ltr'><strong>de</strong></span> 
     </span>
    </p>
   </div>
   <div class='ocr_carea' id='block_1_100' title="bbox 2065 3817 3658 3898">
    <p class='ocr_par' dir='ltr' id='par_1_100' title="bbox 2065 3817 3658 3898">
     <span class='ocr_line' id='line_1_100' title="bbox 2065 3817 3658 3898; baseline 0.008 -26"><span class='ocrx_word' id='word_1_782' title='bbox 2065 3817 2182 3873; x_wconf 89' lang='lat' dir='ltr'><strong>istis</strong></span> <span class='ocrx_word' id='word_1_783' title='bbox 2240 3817 2695 3874; x_wconf 88' lang='lat' dir='ltr'><strong>evidentissimum</strong></span> <span class='ocrx_word' id='word_1_784' title='bbox 2756 3819 3049 3876; x_wconf 86' lang='lat' dir='ltr'><strong>celeritatis</strong></span> <span class='ocrx_word' id='word_1_785' title='bbox 3115 3823 3272 3893; x_wconf 79' lang='lat' dir='ltr'><strong>hujus</strong></span> <span class='ocrx_word' id='word_1_786' title='bbox 3324 3827 3658 3898; x_wconf 72' lang='lat' dir='ltr'><strong>pratbeamus</strong></span> 
     </span>
    </p>
   </div>
   <div class='ocr_carea' id='block_1_101' title="bbox 2065 3908 3659 3989">
    <p class='ocr_par' dir='ltr' id='par_1_101' title="bbox 2065 3908 3659 3989">
     <span class='ocr_line' id='line_1_101' title="bbox 2065 3908 3659 3989; baseline 0.007 -24"><span class='ocrx_word' id='word_1_787' title='bbox 2065 3908 2385 3979; x_wconf 79' lang='lat' dir='ltr'><strong>exemplum.</strong></span> <span class='ocrx_word' id='word_1_788' title='bbox 2414 3908 2733 3966; x_wconf 86' lang='lat' dir='ltr'><strong>Omittamus</strong></span> <span class='ocrx_word' id='word_1_789' title='bbox 2761 3912 3027 3983; x_wconf 75' lang='lat' dir='ltr'><strong>incognita</strong></span> <span class='ocrx_word' id='word_1_790' title='bbox 3046 3955 3065 3980; x_wconf 92' lang='lat'><strong>,</strong></span> <span class='ocrx_word' id='word_1_791' title='bbox 3090 3923 3146 3969; x_wconf 87' lang='lat' dir='ltr'><strong>et</strong></span> <span class='ocrx_word' id='word_1_792' title='bbox 3171 3914 3238 3971; x_wconf 89' lang='lat' dir='ltr'><strong>de</strong></span> <span class='ocrx_word' id='word_1_793' title='bbox 3258 3915 3557 3989; x_wconf 85' lang='lat' dir='ltr'><strong>inexpertis</strong></span> <span class='ocrx_word' id='word_1_794' title='bbox 3575 3921 3659 3977; x_wconf 83' lang='lat' dir='ltr'><strong>ni-</strong></span> 
     </span>
    </p>
   </div>
   <div class='ocr_carea' id='block_1_102' title="bbox 2066 3999 3621 4071">
    <p class='ocr_par' dir='ltr' id='par_1_102' title="bbox 2066 3999 3621 4071">
     <span class='ocr_line' id='line_1_102' title="bbox 2066 3999 3621 4071; baseline 0.007 -17"><span class='ocrx_word' id='word_1_795' title='bbox 2066 3999 2138 4055; x_wconf 92' lang='lat' dir='ltr'><strong>hil</strong></span> <span class='ocrx_word' id='word_1_796' title='bbox 2166 4009 2369 4056; x_wconf 87' lang='lat' dir='ltr'><strong>temere</strong></span> <span class='ocrx_word' id='word_1_797' title='bbox 2395 4017 2718 4071; x_wconf 71' lang='lat' dir='ltr'><strong>prazsumere</strong></span> <span class='ocrx_word' id='word_1_798' title='bbox 2739 4003 3051 4063; x_wconf 89' lang='lat' dir='ltr'><strong>audeamus.</strong></span> <span class='ocrx_word' id='word_1_799' title='bbox 3618 4020 3621 4024; x_wconf 80' lang='lat'><em>‘</em></span> 
     </span>
    </p>
   </div>
   <div class='ocr_carea' id='block_1_103' title="bbox 2137 4088 3660 4173">
    <p class='ocr_par' dir='ltr' id='par_1_103' title="bbox 2137 4088 3660 4173">
     <span class='ocr_line' id='line_1_103' title="bbox 2137 4088 3660 4173; baseline 0.01 -28"><span class='ocrx_word' id='word_1_800' title='bbox 2137 4088 2363 4147; x_wconf 66' lang='lat' dir='ltr'><strong>caper</strong></span> <span class='ocrx_word' id='word_1_801' title='bbox 2401 4090 2563 4151; x_wconf 81' lang='lat' dir='ltr'><strong>x.——</strong></span> <span class='ocrx_word' id='word_1_802' title='bbox 2604 4091 2690 4147; x_wconf 86' lang='lat' dir='ltr'><strong>lt).</strong></span> <span class='ocrx_word' id='word_1_803' title='bbox 2724 4092 2881 4148; x_wconf 78' lang='lat' dir='ltr'><strong>Rodii</strong></span> <span class='ocrx_word' id='word_1_804' title='bbox 2905 4095 3039 4149; x_wconf 80' lang='lat' dir='ltr'><strong>oculi</strong></span> <span class='ocrx_word' id='word_1_805' title='bbox 3056 4095 3304 4153; x_wconf 72' lang='lat' dir='ltr'><strong>celeritas.</strong></span> <span class='ocrx_word' id='word_1_806' title='bbox 3330 4097 3387 4155; x_wconf 87' lang='lat' dir='ltr'><strong>In</strong></span> <span class='ocrx_word' id='word_1_807' title='bbox 3414 4098 3517 4158; x_wconf 86' lang='lat' dir='ltr'><strong>hoc</strong></span> <span class='ocrx_word' id='word_1_808' title='bbox 3540 4101 3660 4173; x_wconf 80' lang='lat' dir='ltr'><strong>ipso</strong></span> 
     </span>
    </p>
   </div>
   <div class='ocr_carea' id='block_1_104' title="bbox 2066 4182 3661 4261">
    <p class='ocr_par' dir='ltr' id='par_1_104' title="bbox 2066 4182 3661 4261">
     <span class='ocr_line' id='line_1_104' title="bbox 2066 4182 3661 4261; baseline 0.009 -26"><span class='ocrx_word' id='word_1_809' title='bbox 2066 4195 2287 4252; x_wconf 85' lang='lat' dir='ltr'><strong>corpore</strong></span> <span class='ocrx_word' id='word_1_810' title='bbox 2301 4222 2317 4249; x_wconf 88' lang='lat'><strong>,</strong></span> <span class='ocrx_word' id='word_1_811' title='bbox 2341 4182 2481 4253; x_wconf 91' lang='lat' dir='ltr'><strong>quod</strong></span> <span class='ocrx_word' id='word_1_812' title='bbox 2503 4193 2793 4254; x_wconf 76' lang='lat' dir='ltr'><strong>gestamus,</strong></span> <span class='ocrx_word' id='word_1_813' title='bbox 2824 4185 3037 4242; x_wconf 87' lang='lat' dir='ltr'><strong>invenio</strong></span> <span class='ocrx_word' id='word_1_814' title='bbox 3058 4188 3276 4259; x_wconf 85' lang='lat' dir='ltr'><strong>aliquid,</strong></span> <span class='ocrx_word' id='word_1_815' title='bbox 3298 4191 3451 4261; x_wconf 85' lang='lat' dir='ltr'><strong>cujus</strong></span> <span class='ocrx_word' id='word_1_816' title='bbox 3476 4192 3661 4255; x_wconf 67' lang='lat' dir='ltr'><strong>inetia-</strong></span> 
     </span>
    </p>
   </div>
   <div class='ocr_carea' id='block_1_105' title="bbox 2067 4272 3661 4346">
    <p class='ocr_par' dir='ltr' id='par_1_105' title="bbox 2067 4272 3661 4346">
     <span class='ocr_line' id='line_1_105' title="bbox 2067 4272 3661 4346; baseline 0.011 -18"><span class='ocrx_word' id='word_1_817' title='bbox 2067 4272 2228 4328; x_wconf 88' lang='lat' dir='ltr'><strong>bilem</strong></span> <span class='ocrx_word' id='word_1_818' title='bbox 2260 4275 2423 4331; x_wconf 89' lang='lat' dir='ltr'><strong>mirer</strong></span> <span class='ocrx_word' id='word_1_819' title='bbox 2447 4275 2799 4332; x_wconf 88' lang='lat' dir='ltr'><strong>celeritatem.</strong></span> <span class='ocrx_word' id='word_1_820' title='bbox 2827 4277 2963 4346; x_wconf 89' lang='lat' dir='ltr'><strong>Quid</strong></span> <span class='ocrx_word' id='word_1_821' title='bbox 3010 4291 3094 4336; x_wconf 88' lang='lat' dir='ltr'><strong>est</strong></span> <span class='ocrx_word' id='word_1_822' title='bbox 3121 4279 3265 4337; x_wconf 81' lang='lat' dir='ltr'><strong>hoc?</strong></span> <span class='ocrx_word' id='word_1_823' title='bbox 3295 4282 3495 4343; x_wconf 78' lang='lat' dir='ltr'><strong>Radius</strong></span> <span class='ocrx_word' id='word_1_824' title='bbox 3522 4290 3661 4346; x_wconf 81' lang='lat' dir='ltr'><strong>oculi</strong></span> 
     </span>
    </p>
   </div>
   <div class='ocr_carea' id='block_1_106' title="bbox 2069 4367 3660 4447">
    <p class='ocr_par' dir='ltr' id='par_1_106' title="bbox 2069 4367 3660 4447">
     <span class='ocr_line' id='line_1_106' title="bbox 2069 4367 3660 4447; baseline 0.012 -28"><span class='ocrx_word' id='word_1_825' title='bbox 2069 4367 2267 4432; x_wconf 89' lang='lat' dir='ltr'><strong>nostri,</strong></span> <span class='ocrx_word' id='word_1_826' title='bbox 2315 4383 2421 4439; x_wconf 90' lang='lat' dir='ltr'><strong>quo</strong></span> <span class='ocrx_word' id='word_1_827' title='bbox 2447 4369 2711 4440; x_wconf 75' lang='lat' dir='ltr'><strong>tangimus</strong></span> <span class='ocrx_word' id='word_1_828' title='bbox 2736 4370 2991 4442; x_wconf 86' lang='lat' dir='ltr'><strong>quidquid</strong></span> <span class='ocrx_word' id='word_1_829' title='bbox 3019 4374 3310 4432; x_wconf 85' lang='lat' dir='ltr'><strong>cernimus.</strong></span> <span class='ocrx_word' id='word_1_830' title='bbox 3338 4378 3494 4447; x_wconf 84' lang='lat' dir='ltr'><strong>Quod</strong></span> <span class='ocrx_word' id='word_1_831' title='bbox 3514 4382 3660 4437; x_wconf 85' lang='lat' dir='ltr'><strong>enim</strong></span> 
     </span>
    </p>
   </div>
   <div class='ocr_carea' id='block_1_107' title="bbox 2067 4456 3660 4532">
    <p class='ocr_par' dir='ltr' id='par_1_107' title="bbox 2067 4456 3660 4532">
     <span class='ocr_line' id='line_1_107' title="bbox 2067 4456 3660 4532; baseline 0.013 -23"><span class='ocrx_word' id='word_1_832' title='bbox 2067 4456 2255 4526; x_wconf 88' lang='lat' dir='ltr'><strong>vides,</strong></span> <span class='ocrx_word' id='word_1_833' title='bbox 2299 4458 2437 4515; x_wconf 91' lang='lat' dir='ltr'><strong>oculi</strong></span> <span class='ocrx_word' id='word_1_834' title='bbox 2466 4460 2540 4514; x_wconf 90' lang='lat' dir='ltr'><strong>tui</strong></span> <span class='ocrx_word' id='word_1_835' title='bbox 2568 4460 2719 4516; x_wconf 91' lang='lat' dir='ltr'><strong>radio</strong></span> <span class='ocrx_word' id='word_1_836' title='bbox 2744 4462 3032 4532; x_wconf 76' lang='lat' dir='ltr'><strong>contingis.</strong></span> <span class='ocrx_word' id='word_1_837' title='bbox 3069 4465 3126 4522; x_wconf 87' lang='lat' dir='ltr'><strong>Si</strong></span> <span class='ocrx_word' id='word_1_838' title='bbox 3161 4465 3294 4522; x_wconf 89' lang='lat' dir='ltr'><strong>velis</strong></span> <span class='ocrx_word' id='word_1_839' title='bbox 3331 4468 3513 4526; x_wconf 81' lang='lat' dir='ltr'><strong>videre</strong></span> <span class='ocrx_word' id='word_1_840' title='bbox 3538 4469 3660 4527; x_wconf 84' lang='lat' dir='ltr'><strong>Ion-</strong></span> 
     </span>
    </p>
   </div>
   <div class='ocr_carea' id='block_1_108' title="bbox 2067 4547 3663 4626">
    <p class='ocr_par' dir='ltr' id='par_1_108' title="bbox 2067 4547 3663 4626">
     <span class='ocr_line' id='line_1_108' title="bbox 2067 4547 3663 4626; baseline 0.011 -26"><span class='ocrx_word' id='word_1_841' title='bbox 2067 4547 2185 4618; x_wconf 76' lang='lat' dir='ltr'><strong>gius</strong></span> <span class='ocrx_word' id='word_1_842' title='bbox 2207 4588 2222 4614; x_wconf 95' lang='lat'><strong>,</strong></span> <span class='ocrx_word' id='word_1_843' title='bbox 2254 4558 2309 4603; x_wconf 90' lang='lat' dir='ltr'><strong>et</strong></span> <span class='ocrx_word' id='word_1_844' title='bbox 2332 4548 2702 4621; x_wconf 90' lang='lat' dir='ltr'><strong>interponatur</strong></span> <span class='ocrx_word' id='word_1_845' title='bbox 2729 4552 2943 4624; x_wconf 89' lang='lat' dir='ltr'><strong>aliquod</strong></span> <span class='ocrx_word' id='word_1_846' title='bbox 2972 4568 3169 4626; x_wconf 90' lang='lat' dir='ltr'><strong>corpus</strong></span> <span class='ocrx_word' id='word_1_847' title='bbox 3187 4596 3205 4624; x_wconf 91' lang='lat'><strong>,</strong></span> <span class='ocrx_word' id='word_1_848' title='bbox 3231 4556 3385 4614; x_wconf 90' lang='lat' dir='ltr'><strong>irruit</strong></span> <span class='ocrx_word' id='word_1_849' title='bbox 3408 4559 3590 4617; x_wconf 85' lang='lat' dir='ltr'><strong>radius</strong></span> <span class='ocrx_word' id='word_1_850' title='bbox 3608 4561 3663 4618; x_wconf 86' lang='lat' dir='ltr'><strong>iu</strong></span> 
     </span>
    </p>
   </div>
   <div class='ocr_carea' id='block_1_109' title="bbox 2067 4642 3662 4719">
    <p class='ocr_par' dir='ltr' id='par_1_109' title="bbox 2067 4642 3662 4719">
     <span class='ocr_line' id='line_1_109' title="bbox 2067 4642 3662 4719; baseline 0.011 -26"><span class='ocrx_word' id='word_1_851' title='bbox 2067 4654 2261 4711; x_wconf 88' lang='lat' dir='ltr'><strong>corpus</strong></span> <span class='ocrx_word' id='word_1_852' title='bbox 2301 4642 2570 4712; x_wconf 84' lang='lat' dir='ltr'><strong>objectum</strong></span> <span class='ocrx_word' id='word_1_853' title='bbox 2592 4686 2608 4710; x_wconf 94' lang='lat'><strong>,</strong></span> <span class='ocrx_word' id='word_1_854' title='bbox 2652 4652 2709 4700; x_wconf 90' lang='lat' dir='ltr'><strong>et</strong></span> <span class='ocrx_word' id='word_1_855' title='bbox 2747 4646 2975 4703; x_wconf 89' lang='lat' dir='ltr'><strong>transire</strong></span> <span class='ocrx_word' id='word_1_856' title='bbox 3008 4664 3115 4704; x_wconf 89' lang='lat' dir='ltr'><strong>non</strong></span> <span class='ocrx_word' id='word_1_857' title='bbox 3162 4650 3486 4719; x_wconf 90' lang='lat' dir='ltr'><strong>permittitur</strong></span> <span class='ocrx_word' id='word_1_858' title='bbox 3517 4652 3584 4709; x_wconf 88' lang='lat' dir='ltr'><strong>ad</strong></span> <span class='ocrx_word' id='word_1_859' title='bbox 3610 4654 3662 4709; x_wconf 87' lang='lat' dir='ltr'><strong>id</strong></span> 
     </span>
    </p>
   </div>
   <div class='ocr_carea' id='block_1_110' title="bbox 2069 4731 3665 4809">
    <p class='ocr_par' dir='ltr' id='par_1_110' title="bbox 2069 4731 3665 4809">
     <span class='ocr_line' id='line_1_110' title="bbox 2069 4731 3665 4809; baseline 0.007 -23"><span class='ocrx_word' id='word_1_860' title='bbox 2069 4731 2207 4802; x_wconf 88' lang='lat' dir='ltr'><strong>quod</strong></span> <span class='ocrx_word' id='word_1_861' title='bbox 2232 4732 2413 4790; x_wconf 83' lang='lat' dir='ltr'><strong>videre</strong></span> <span class='ocrx_word' id='word_1_862' title='bbox 2441 4735 2750 4802; x_wconf 88' lang='lat' dir='ltr'><strong>desideras;</strong></span> <span class='ocrx_word' id='word_1_863' title='bbox 2793 4746 2847 4793; x_wconf 91' lang='lat' dir='ltr'><strong>et</strong></span> <span class='ocrx_word' id='word_1_864' title='bbox 2875 4738 3007 4794; x_wconf 90' lang='lat' dir='ltr'><strong>dicis</strong></span> <span class='ocrx_word' id='word_1_865' title='bbox 3035 4740 3376 4809; x_wconf 88' lang='lat' dir='ltr'><strong>impedicnti,</strong></span> <span class='ocrx_word' id='word_1_866' title='bbox 3408 4738 3501 4799; x_wconf 85' lang='lat' dir='ltr'><strong>Exi</strong></span> <span class='ocrx_word' id='word_1_867' title='bbox 3521 4784 3536 4809; x_wconf 92' lang='lat'><strong>,</strong></span> <span class='ocrx_word' id='word_1_868' title='bbox 3568 4744 3665 4799; x_wconf 63' lang='lat' dir='ltr'><strong>ob.</strong></span> 
     </span>
    </p>
   </div>
   <div class='ocr_carea' id='block_1_111' title="bbox 2068 4822 3659 4897">
    <p class='ocr_par' dir='ltr' id='par_1_111' title="bbox 2068 4822 3659 4897">
     <span class='ocr_line' id='line_1_111' title="bbox 2068 4822 3659 4897; baseline 0.004 -18"><span class='ocrx_word' id='word_1_869' title='bbox 2068 4832 2179 4879; x_wconf 86' lang='lat' dir='ltr'><strong>stas</strong></span> <span class='ocrx_word' id='word_1_870' title='bbox 2205 4825 2354 4880; x_wconf 90' lang='lat' dir='ltr'><strong>mihi.</strong></span> <span class='ocrx_word' id='word_1_871' title='bbox 2378 4826 2689 4882; x_wconf 88' lang='lat' dir='ltr'><strong>Columnam</strong></span> <span class='ocrx_word' id='word_1_872' title='bbox 2716 4827 2795 4882; x_wconf 89' lang='lat' dir='ltr'><strong>vis</strong></span> <span class='ocrx_word' id='word_1_873' title='bbox 2822 4828 3005 4885; x_wconf 84' lang='lat' dir='ltr'><strong>videre</strong></span> <span class='ocrx_word' id='word_1_874' title='bbox 3022 4870 3039 4897; x_wconf 96' lang='lat'><strong>,</strong></span> <span class='ocrx_word' id='word_1_875' title='bbox 3068 4829 3230 4885; x_wconf 87' lang='lat' dir='ltr'><strong>homo</strong></span> <span class='ocrx_word' id='word_1_876' title='bbox 3251 4831 3303 4886; x_wconf 92' lang='lat' dir='ltr'><strong>in</strong></span> <span class='ocrx_word' id='word_1_877' title='bbox 3334 4832 3512 4888; x_wconf 88' lang='lat' dir='ltr'><strong>medio</strong></span> <span class='ocrx_word' id='word_1_878' title='bbox 3534 4822 3659 4896; x_wconf 78' lang='lat' dir='ltr'><strong>stat,</strong></span> 
     </span>
    </p>
   </div>
   <div class='ocr_carea' id='block_1_112' title="bbox 2069 4917 3664 4990">
    <p class='ocr_par' dir='ltr' id='par_1_112' title="bbox 2069 4917 3664 4990">
     <span class='ocr_line' id='line_1_112' title="bbox 2069 4917 3664 4990; baseline 0.004 -15"><span class='ocrx_word' id='word_1_879' title='bbox 2069 4917 2291 4990; x_wconf 88' lang='lat' dir='ltr'><strong>impedit</strong></span> <span class='ocrx_word' id='word_1_880' title='bbox 2318 4918 2486 4974; x_wconf 88' lang='lat' dir='ltr'><strong>aciem</strong></span> <span class='ocrx_word' id='word_1_881' title='bbox 2534 4928 2699 4974; x_wconf 88' lang='lat' dir='ltr'><strong>tuam.</strong></span> <span class='ocrx_word' id='word_1_882' title='bbox 2742 4919 2944 4974; x_wconf 81' lang='lat' dir='ltr'><strong>Radius</strong></span> <span class='ocrx_word' id='word_1_883' title='bbox 2980 4930 3100 4976; x_wconf 88' lang='lat' dir='ltr'><strong>tuus</strong></span> <span class='ocrx_word' id='word_1_884' title='bbox 3142 4922 3370 4979; x_wconf 86' lang='lat' dir='ltr'><strong>emissus</strong></span> <span class='ocrx_word' id='word_1_885' title='bbox 3418 4934 3533 4990; x_wconf 88' lang='lat' dir='ltr'><strong>est,</strong></span> <span class='ocrx_word' id='word_1_886' title='bbox 3567 4927 3664 4982; x_wconf 86' lang='lat' dir='ltr'><strong>sed</strong></span> 
     </span>
    </p>
   </div>
   <div class='ocr_carea' id='block_1_113' title="bbox 2068 5007 3665 5085">
    <p class='ocr_par' dir='ltr' id='par_1_113' title="bbox 2068 5007 3665 5085">
     <span class='ocr_line' id='line_1_113' title="bbox 2068 5007 3665 5085; baseline 0.006 -23"><span class='ocrx_word' id='word_1_887' title='bbox 2068 5009 2311 5079; x_wconf 86' lang='lat' dir='ltr'><strong>pervenit</strong></span> <span class='ocrx_word' id='word_1_888' title='bbox 2356 5023 2526 5079; x_wconf 90' lang='lat' dir='ltr'><strong>usque</strong></span> <span class='ocrx_word' id='word_1_889' title='bbox 2577 5008 2645 5063; x_wconf 86' lang='lat' dir='ltr'><strong>ad</strong></span> <span class='ocrx_word' id='word_1_890' title='bbox 2689 5007 3001 5076; x_wconf 89' lang='lat' dir='ltr'><strong>hominem,</strong></span> <span class='ocrx_word' id='word_1_891' title='bbox 3057 5027 3226 5083; x_wconf 90' lang='lat' dir='ltr'><strong>usque</strong></span> <span class='ocrx_word' id='word_1_892' title='bbox 3264 5014 3331 5069; x_wconf 87' lang='lat' dir='ltr'><strong>ad</strong></span> <span class='ocrx_word' id='word_1_893' title='bbox 3360 5015 3665 5085; x_wconf 84' lang='lat' dir='ltr'><strong>columnam</strong></span> 
     </span>
    </p>
   </div>
   <div class='ocr_carea' id='block_1_114' title="bbox 2069 5098 3663 5177">
    <p class='ocr_par' dir='ltr' id='par_1_114' title="bbox 2069 5098 3663 5177">
     <span class='ocr_line' id='line_1_114' title="bbox 2069 5098 3663 5177; baseline 0.007 -24"><span class='ocrx_word' id='word_1_894' title='bbox 2069 5099 2355 5169; x_wconf 89' lang='lat' dir='ltr'><strong>pervenire</strong></span> <span class='ocrx_word' id='word_1_895' title='bbox 2376 5114 2481 5153; x_wconf 92' lang='lat' dir='ltr'><strong>non</strong></span> <span class='ocrx_word' id='word_1_896' title='bbox 2513 5098 2705 5153; x_wconf 89' lang='lat' dir='ltr'><strong>sinitur</strong></span> <span class='ocrx_word' id='word_1_897' title='bbox 2730 5116 2743 5152; x_wconf 91' lang='lat'><strong>:</strong></span> <span class='ocrx_word' id='word_1_898' title='bbox 2778 5098 3001 5155; x_wconf 89' lang='lat' dir='ltr'><strong>incurrit</strong></span> <span class='ocrx_word' id='word_1_899' title='bbox 3031 5101 3083 5156; x_wconf 89' lang='lat' dir='ltr'><strong>in</strong></span> <span class='ocrx_word' id='word_1_900' title='bbox 3115 5101 3258 5167; x_wconf 87' lang='lat' dir='ltr'><strong>aliud</strong></span> <span class='ocrx_word' id='word_1_901' title='bbox 3287 5105 3486 5177; x_wconf 89' lang='lat' dir='ltr'><strong>aliquid</strong></span> <span class='ocrx_word' id='word_1_902' title='bbox 3508 5146 3526 5173; x_wconf 91' lang='lat'><strong>,</strong></span> <span class='ocrx_word' id='word_1_903' title='bbox 3557 5123 3663 5164; x_wconf 80' lang='lat' dir='ltr'><strong>non</strong></span> 
     </span>
    </p>
   </div>
   <div class='ocr_carea' id='block_1_115' title="bbox 2070 5188 3664 5265">
    <p class='ocr_par' dir='ltr' id='par_1_115' title="bbox 2070 5188 3664 5265">
     <span class='ocr_line' id='line_1_115' title="bbox 2070 5188 3664 5265; baseline 0.005 -21"><span class='ocrx_word' id='word_1_904' title='bbox 2070 5190 2410 5262; x_wconf 86' lang='lat' dir='ltr'><strong>permittitur.</strong></span> <span class='ocrx_word' id='word_1_905' title='bbox 2440 5188 2580 5245; x_wconf 86' lang='lat' dir='ltr'><strong>Ecce</strong></span> <span class='ocrx_word' id='word_1_906' title='bbox 2600 5191 2690 5261; x_wconf 89' lang='lat' dir='ltr'><strong>qui</strong></span> <span class='ocrx_word' id='word_1_907' title='bbox 2721 5190 2813 5246; x_wconf 91' lang='lat' dir='ltr'><strong>tibi</strong></span> <span class='ocrx_word' id='word_1_908' title='bbox 2840 5191 3118 5260; x_wconf 84' lang='lat' dir='ltr'><strong>obstabat,</strong></span> <span class='ocrx_word' id='word_1_909' title='bbox 3149 5193 3395 5252; x_wconf 84' lang='lat' dir='ltr'><strong>discessit</strong></span> <span class='ocrx_word' id='word_1_910' title='bbox 3414 5213 3446 5253; x_wconf 90' lang='lat' dir='ltr'><strong>e</strong></span> <span class='ocrx_word' id='word_1_911' title='bbox 3465 5198 3664 5265; x_wconf 88' lang='lat' dir='ltr'><strong>medio,</strong></span> 
     </span>
    </p>
   </div>
   <div class='ocr_carea' id='block_1_116' title="bbox 2070 5280 3664 5359">
    <p class='ocr_par' dir='ltr' id='par_1_116' title="bbox 2070 5280 3664 5359">
     <span class='ocr_line' id='line_1_116' title="bbox 2070 5280 3664 5359; baseline 0.008 -26"><span class='ocrx_word' id='word_1_912' title='bbox 2070 5281 2311 5352; x_wconf 88' lang='lat' dir='ltr'><strong>pervenit</strong></span> <span class='ocrx_word' id='word_1_913' title='bbox 2339 5280 2482 5335; x_wconf 89' lang='lat' dir='ltr'><strong>acies</strong></span> <span class='ocrx_word' id='word_1_914' title='bbox 2509 5296 2615 5352; x_wconf 88' lang='lat' dir='ltr'><strong>quo</strong></span> <span class='ocrx_word' id='word_1_915' title='bbox 2640 5280 2873 5338; x_wconf 86' lang='lat' dir='ltr'><strong>volebat.</strong></span> <span class='ocrx_word' id='word_1_916' title='bbox 2904 5283 3058 5339; x_wconf 79' lang='lat' dir='ltr'><strong>Modo</strong></span> <span class='ocrx_word' id='word_1_917' title='bbox 3082 5284 3309 5352; x_wconf 90' lang='lat' dir='ltr'><strong>discute,</strong></span> <span class='ocrx_word' id='word_1_918' title='bbox 3335 5299 3389 5344; x_wconf 89' lang='lat' dir='ltr'><strong>et</strong></span> <span class='ocrx_word' id='word_1_919' title='bbox 3415 5289 3461 5343; x_wconf 88' lang='lat' dir='ltr'><strong>si</strong></span> <span class='ocrx_word' id='word_1_920' title='bbox 3492 5298 3664 5359; x_wconf 77' lang='lat' dir='ltr'><strong>potes,</strong></span> 
     </span>
    </p>
   </div>
   <div class='ocr_carea' id='block_1_117' title="bbox 2070 5371 3664 5446">
    <p class='ocr_par' dir='ltr' id='par_1_117' title="bbox 2070 5371 3664 5446">
     <span class='ocr_line' id='line_1_117' title="bbox 2070 5371 3664 5446; baseline 0.006 -19"><span class='ocrx_word' id='word_1_921' title='bbox 2070 5371 2249 5427; x_wconf 89' lang='lat' dir='ltr'><strong>iuveni</strong></span> <span class='ocrx_word' id='word_1_922' title='bbox 2290 5382 2449 5442; x_wconf 89' lang='lat' dir='ltr'><strong>atque</strong></span> <span class='ocrx_word' id='word_1_923' title='bbox 2478 5372 2743 5443; x_wconf 88' lang='lat' dir='ltr'><strong>responde</strong></span> <span class='ocrx_word' id='word_1_924' title='bbox 2763 5412 2779 5440; x_wconf 90' lang='lat'><strong>,</strong></span> <span class='ocrx_word' id='word_1_925' title='bbox 2813 5383 2988 5428; x_wconf 89' lang='lat' dir='ltr'><strong>utrum</strong></span> <span class='ocrx_word' id='word_1_926' title='bbox 3014 5376 3157 5432; x_wconf 85' lang='lat' dir='ltr'><strong>acies</strong></span> <span class='ocrx_word' id='word_1_927' title='bbox 3186 5378 3286 5433; x_wconf 87' lang='lat' dir='ltr'><strong>ista</strong></span> <span class='ocrx_word' id='word_1_928' title='bbox 3309 5418 3326 5446; x_wconf 88' lang='lat'><strong>,</strong></span> <span class='ocrx_word' id='word_1_929' title='bbox 3356 5379 3538 5436; x_wconf 83' lang='lat' dir='ltr'><strong>radius</strong></span> <span class='ocrx_word' id='word_1_930' title='bbox 3563 5381 3664 5438; x_wconf 85' lang='lat' dir='ltr'><strong>iste</strong></span> 
     </span>
    </p>
   </div>
   <div class='ocr_carea' id='block_1_118' title="bbox 2070 5461 3665 5534">
    <p class='ocr_par' dir='ltr' id='par_1_118' title="bbox 2070 5461 3665 5534">
     <span class='ocr_line' id='line_1_118' title="bbox 2070 5461 3665 5534; baseline 0.006 -16"><span class='ocrx_word' id='word_1_931' title='bbox 2070 5461 2209 5518; x_wconf 92' lang='lat' dir='ltr'><strong>oculi</strong></span> <span class='ocrx_word' id='word_1_932' title='bbox 2244 5462 2314 5516; x_wconf 89' lang='lat' dir='ltr'><strong>tui</strong></span> <span class='ocrx_word' id='word_1_933' title='bbox 2336 5462 2492 5517; x_wconf 91' lang='lat' dir='ltr'><strong>citius</strong></span> <span class='ocrx_word' id='word_1_934' title='bbox 2522 5465 2762 5534; x_wconf 83' lang='lat' dir='ltr'><strong>pervenit</strong></span> <span class='ocrx_word' id='word_1_935' title='bbox 2781 5463 2847 5518; x_wconf 84' lang='lat' dir='ltr'><strong>ad</strong></span> <span class='ocrx_word' id='word_1_936' title='bbox 2877 5464 3198 5534; x_wconf 86' lang='lat' dir='ltr'><strong>proximum,</strong></span> <span class='ocrx_word' id='word_1_937' title='bbox 3230 5470 3434 5526; x_wconf 87' lang='lat' dir='ltr'><strong>tardius</strong></span> <span class='ocrx_word' id='word_1_938' title='bbox 3452 5469 3519 5526; x_wconf 88' lang='lat' dir='ltr'><strong>ad</strong></span> <span class='ocrx_word' id='word_1_939' title='bbox 3548 5471 3665 5527; x_wconf 82' lang='lat' dir='ltr'><strong>lon-</strong></span> 
     </span>
    </p>
   </div>
   <div class='ocr_carea' id='block_1_119' title="bbox 2068 5552 3661 5631">
    <p class='ocr_par' dir='ltr' id='par_1_119' title="bbox 2068 5552 3661 5631">
     <span class='ocr_line' id='line_1_119' title="bbox 2068 5552 3661 5631; baseline 0.008 -24"><span class='ocrx_word' id='word_1_940' title='bbox 2068 5555 2347 5625; x_wconf 74' lang='lat' dir='ltr'><strong>ginquum.</strong></span> <span class='ocrx_word' id='word_1_941' title='bbox 2380 5552 2565 5609; x_wconf 78' lang='lat' dir='ltr'><strong>Vidisti</strong></span> <span class='ocrx_word' id='word_1_942' title='bbox 2608 5554 2879 5611; x_wconf 89' lang='lat' dir='ltr'><strong>hominem</strong></span> <span class='ocrx_word' id='word_1_943' title='bbox 2910 5559 2965 5612; x_wconf 88' lang='lat' dir='ltr'><strong>in</strong></span> <span class='ocrx_word' id='word_1_944' title='bbox 3012 5560 3255 5629; x_wconf 80' lang='lat' dir='ltr'><strong>proximo</strong></span> <span class='ocrx_word' id='word_1_945' title='bbox 3276 5563 3621 5619; x_wconf 87' lang='lat' dir='ltr'><strong>constitutum</strong></span> <span class='ocrx_word' id='word_1_946' title='bbox 3645 5605 3661 5631; x_wconf 93' lang='lat'><strong>,</strong></span> 
     </span>
    </p>
   </div>
   <div class='ocr_carea' id='block_1_120' title="bbox 2073 5648 3661 5717">
    <p class='ocr_par' dir='ltr' id='par_1_120' title="bbox 2073 5648 3661 5717">
     <span class='ocr_line' id='line_1_120' title="bbox 2073 5648 3661 5717; baseline 0.007 -15"><span class='ocrx_word' id='word_1_947' title='bbox 2073 5656 2217 5703; x_wconf 87' lang='lat' dir='ltr'><strong>tanta</strong></span> <span class='ocrx_word' id='word_1_948' title='bbox 2259 5664 2406 5705; x_wconf 90' lang='lat' dir='ltr'><strong>mora</strong></span> <span class='ocrx_word' id='word_1_949' title='bbox 2437 5649 2583 5704; x_wconf 91' lang='lat' dir='ltr'><strong>illum</strong></span> <span class='ocrx_word' id='word_1_950' title='bbox 2615 5648 2823 5715; x_wconf 84' lang='lat' dir='ltr'><strong>vidisti,</strong></span> <span class='ocrx_word' id='word_1_951' title='bbox 2856 5659 2998 5707; x_wconf 88' lang='lat' dir='ltr'><strong>tanta</strong></span> <span class='ocrx_word' id='word_1_952' title='bbox 3042 5668 3188 5709; x_wconf 89' lang='lat' dir='ltr'><strong>mora</strong></span> <span class='ocrx_word' id='word_1_953' title='bbox 3219 5654 3284 5710; x_wconf 85' lang='lat' dir='ltr'><strong>ad</strong></span> <span class='ocrx_word' id='word_1_954' title='bbox 3307 5671 3430 5713; x_wconf 90' lang='lat' dir='ltr'><strong>eum</strong></span> <span class='ocrx_word' id='word_1_955' title='bbox 3455 5659 3661 5717; x_wconf 82' lang='lat' dir='ltr'><strong>radium</strong></span> 
     </span>
    </p>
   </div>
   <div class='ocr_carea' id='block_1_121' title="bbox 2074 5739 3661 5807">
    <p class='ocr_par' dir='ltr' id='par_1_121' title="bbox 2074 5739 3661 5807">
     <span class='ocr_line' id='line_1_121' title="bbox 2074 5739 3661 5807; baseline 0.005 -10"><span class='ocrx_word' id='word_1_956' title='bbox 2074 5740 2210 5797; x_wconf 88' lang='lat' dir='ltr'><strong>oculi</strong></span> <span class='ocrx_word' id='word_1_957' title='bbox 2245 5742 2315 5796; x_wconf 91' lang='lat' dir='ltr'><strong>tui</strong></span> <span class='ocrx_word' id='word_1_958' title='bbox 2361 5739 2628 5798; x_wconf 86' lang='lat' dir='ltr'><strong>tetendisti</strong></span> <span class='ocrx_word' id='word_1_959' title='bbox 2650 5783 2665 5807; x_wconf 93' lang='lat'><strong>,</strong></span> <span class='ocrx_word' id='word_1_960' title='bbox 2697 5747 2840 5797; x_wconf 88' lang='lat' dir='ltr'><strong>tanta</strong></span> <span class='ocrx_word' id='word_1_961' title='bbox 2882 5757 3029 5800; x_wconf 89' lang='lat' dir='ltr'><strong>mora</strong></span> <span class='ocrx_word' id='word_1_962' title='bbox 3059 5743 3126 5800; x_wconf 90' lang='lat' dir='ltr'><strong>ad</strong></span> <span class='ocrx_word' id='word_1_963' title='bbox 3155 5761 3276 5802; x_wconf 86' lang='lat' dir='ltr'><strong>eum</strong></span> <span class='ocrx_word' id='word_1_964' title='bbox 3307 5748 3444 5803; x_wconf 89' lang='lat' dir='ltr'><strong>oculi</strong></span> <span class='ocrx_word' id='word_1_965' title='bbox 3474 5749 3549 5805; x_wconf 87' lang='lat' dir='ltr'><strong>tui</strong></span> <span class='ocrx_word' id='word_1_966' title='bbox 3577 5766 3661 5805; x_wconf 79' lang='lat' dir='ltr'><strong>ra—</strong></span> 
     </span>
    </p>
   </div>
  </div>
