3926 6188
296 411 384 465 dio
412 404 699 479 pervenisti
720 446 735 471 ,
762 408 955 473 quanta
981 413 1133 453 mora
1162 393 1411 467 pervenis
1433 402 1486 448 ct
1513 389 1579 446 ad
1605 389 1750 446 illam
1790 401 1885 442 co-

296 499 533 553 lumnam
546 508 703 567 quam
717 490 937 546 volebas
950 487 1156 554 videre,
1170 492 1219 541 et
1234 484 1355 556 quia
1373 482 1534 538 horno
1545 479 1890 551 interpositus

265 630 267 635 ι
298 595 434 657 erat,
451 600 559 643 non
578 594 788 655 poteras
813 598 825 635 :
852 595 956 635 non
973 578 1041 633 ad
1058 577 1231 649 ipsum
1242 575 1425 641 citius,
1450 580 1505 630 et
1529 570 1593 627 ad
1612 570 1755 626 illam
1778 576 1889 623 tar-

264 662 451 743 “dins;
476 680 533 733 et
558 689 686 731 ecce
714 672 900 744 ipsein
917 669 1162 741 proximo
1184 675 1301 721 erat
1319 706 1334 731 ,
1376 672 1431 721 et
1454 664 1543 718 illa
1583 662 1810 732 longius.
1833 658 1888 716 Si

299 768 571 825 ambulare
584 766 767 827 velles,
784 764 941 818 citius
957 761 1021 817 ad
1035 759 1322 821 hominem,
1338 771 1496 827 quam
1511 752 1576 808 ad
1586 752 1891 809 columnam

307 874 391 930 per
403 857 614 914 venires
632 875 648 909 :
669 856 791 925 quia
808 854 991 909 videre
1011 850 1243 914 voluisti,
1262 857 1368 903 tam
1389 849 1494 902 cito
1512 844 1579 900 ad
1598 844 1890 907 hominem,

299 960 459 1020 quam
476 948 545 1002 ad
568 948 871 1002 columnam
901 942 1211 1014 pervenisti.
1236 938 1375 994 Nihil
1399 937 1605 993 esthoc
1631 934 1701 990 de
1745 933 1892 988 eolu-

302 1055 423 1095 tnna
448 1038 597 1095 etde
634 1036 868 1091 homine.
920 1033 1048 1090 Jaee
1080 1031 1253 1087 adhuc
1286 1029 1508 1094 oculos,
1548 1027 1698 1081 vides
1739 1026 1895 1095 longe

302 1130 559 1202 parietem
593 1144 607 1182 :
639 1128 792 1182 mitte
818 1126 1058 1195 longius,
1107 1122 1353 1193 pervenis
1377 1119 1445 1174 ad
1495 1119 1686 1175 solem.
1714 1117 1894 1187 Quan-

306 1233 417 1279 tam
442 1229 529 1278 est
551 1222 692 1277 inter
716 1229 773 1275 te
789 1228 845 1275 et
881 1215 1088 1273 solem?
1112 1215 1242 1283 Quis
1280 1214 1368 1269 illa
1402 1212 1675 1268 intervalla
1708 1211 1895 1265 metia-

305 1312 429 1370 tur!
447 1313 579 1383 Quis
602 1312 715 1367 ullo
749 1310 995 1366 acumine
1018 1307 1357 1379 cogitationis
1384 1305 1610 1359 aestimet
1636 1310 1894 1373 quantum

240 1399 257 1413 ’
304 1423 335 1462 a
377 1416 432 1463 te
464 1406 621 1477 longe
642 1404 712 1460 sit
732 1404 851 1459 sol?
881 1403 949 1457 Et
975 1411 1150 1457 tamen
1177 1412 1300 1455 mox
1336 1406 1394 1452 ut
1426 1396 1637 1452 oculum
1672 1408 1897 1465 aperue-

304 1502 414 1571 ris,
441 1517 568 1559 ecce
599 1514 653 1557 tu
682 1500 769 1555 hic
789 1513 878 1566 es,
906 1497 1088 1553 radius
1122 1505 1247 1551 tuus
1272 1494 1341 1549 ibi
1368 1503 1471 1548 est.
1496 1490 1619 1546 Mox
1638 1500 1693 1544 ιιι
1717 1488 1897 1544 videre

304 1594 552 1659 voluisti,
597 1591 825 1648 videndo
856 1589 1163 1661 pervenisti.
1202 1580 1898 1661 Non'quassistimachinas

307 1688 500 1758 (inlinis
527 1684 774 1741 nitereris
795 1724 809 1748 ,
856 1696 960 1737 non
983 1680 1155 1737 scalas
1180 1678 1375 1749 quibus
1401 1673 1725 1731 ascendercs
1744 1713 1759 1737 ,
1792 1685 1897 1725 non

308 1778 462 1833 funes
497 1776 692 1846 quibus
730 1773 1016 1839 levaveris,
1063 1786 1168 1825 non
1209 1782 1410 1840 pennas
1452 1765 1647 1837 quibus
1664 1762 1895 1820 voiares.

307 1868 529 1926 Oculum
554 1866 829 1936 aperuisse
853 1906 868 1932 ,
911 1865 1011 1918 hoc
1034 1872 1117 1918 est
1147 1860 1475 1932 pervenisse.

377 1958 605 2017 CAPUT
643 1958 736 2014 XI.
763 1988 833 1999 —
860 1958 949 2013 ll.
998 1955 1255 2011 Ceieritati
1282 1954 1416 2008 radii
1463 1969 1525 2007 ea:
1562 1950 1710 2006 oculo
1735 1947 1903 2003 emissi

306 2051 608 2107 resurrectio
625 2059 943 2120 comparata.
966 2046 1104 2115 Quid
1126 2059 1253 2116 ergo
1279 2044 1377 2099 ista
1399 2041 1680 2099 celeritas?
1704 2050 1903 2112 quanta

315 2142 437 2198 est?
465 2142 589 2212 quid
611 2141 710 2197 sibi
734 2139 883 2194 mlt?
903 2137 1152 2207 Corporis
1176 2136 1343 2190 nostri
1374 2144 1457 2190 cst
1474 2176 1489 2200 ,
1524 2134 1592 2189 de
1619 2147 1781 2187 carne
1803 2146 1902 2187 nec

310 2244 418 2289 atra
448 2233 726 2297 emittitur.
761 2229 961 2285 Radius
983 2244 1079 2283 nos
1102 2228 1390 2290 habemus,
1423 2235 1600 2281 etnon
1623 2225 1901 2279 miramur.

309 2323 552 2381 Videndo
594 2324 823 2389 utimur,
891 2320 1281 2377 considerando
1322 2317 1741 2389 expavescimus.
1788 2314 1906 2369 Neu

309 2414 518 2472 invenis
544 2410 741 2484 aliquid
782 2410 923 2483 quod
946 2409 1071 2466 huic
1100 2423 1378 2480 compares
1402 2406 1659 2463 celeritati
1687 2447 1702 2472 ,
1731 2421 1904 2475 quan-

309 2517 423 2561 tum
465 2505 654 2559 attinet
679 2503 744 2558 ad
770 2502 1012 2573 corporis
1049 2501 1399 2556 celeritatem.
1440 2497 1628 2553 Merito
1656 2496 1781 2552 huic
1808 2510 1901 2551 ce-

317 2595 515 2652 leritati
566 2592 1086 2666 aposwlus'Paulus
1138 2588 1447 2647 facilitatem
1497 2589 1906 2646 resurrectionis

311 2687 674 2758 comparavit,
730 2685 955 2741 dicens:
1000 2680 1064 2738 In
1096 2685 1196 2738 ictu
1226 2682 1362 2737 oculi
1401 2682 1444 2753 (i
1491 2681 1607 2736 Cor.
1656 2697 1744 2747 xv,
1786 2680 1903 2751 52).

312 2780 453 2836 lctus
476 2772 631 2834 oculi‘
658 2785 769 2842 est,
816 2790 923 2831 non
951 2778 1003 2831 in
1053 2773 1323 2846 palpebris
1349 2774 1661 2830 claudendis
1685 2783 1739 2830 et
1775 2789 1905 2843 ape-

311 2868 511 2925 riendis
542 2887 556 2924 :
585 2882 706 2922 nam
732 2865 835 2921 hoc
860 2865 1065 2921 tardius
1084 2864 1291 2936 agitur,
1320 2879 1479 2935 quam
1501 2865 1725 2919 videtur.
1769 2864 1904 2920 Tar-

311 2963 433 3017 dius
470 2956 774 3032 ml'pebram
804 2960 987 3025 levas,
1044 2972 1204 3030 quam
1249 2957 1436 3030 dirigis
1466 2957 1696 3012 radium.
1736 2955 1907 3013 Citius

312 3054 491 3110 radius
517 3062 638 3108 tuus
664 3052 905 3123 pervenit
931 3051 996 3108 ad
1026 3051 1243 3113 etB-lum,
1273 3064 1431 3121 quam
1459 3051 1709 3121 palpebra
1734 3049 1903 3104 levata

311 3144 383 3201 ad
407 3145 767 3213 supercilium.
795 3140 1001 3198 Videtis
1027 3141 1151 3208 quid
1201 3139 1269 3195 sit
1314 3142 1449 3194 ictus
1491 3140 1626 3196 oculi
1659 3159 1673 3194 :
1716 3132 1903 3194 videtis

312 3250 468 3303 quam
498 3230 802 3289 facilitatem
849 3231 1137 3301 Apostolus
1191 3231 1569 3286 resurrectioni
1620 3245 1902 3301 corporum

310 3326 546 3384 dederit.
580 3326 749 3395 Quam
770 3323 917 3381 tarde
947 3323 1044 3378 ista
1085 3330 1259 3379 creata
1281 3332 1441 3393 atque
1471 3320 1694 3377 formata
1745 3322 1904 3377 sunt?

309 3418 631 3475 neculamus
658 3431 834 3472 moras
861 3426 1187 3484 conceptus,
1239 3425 1293 3470 et
1338 3414 1390 3469 in
1437 3414 1564 3484 ipsis
1593 3414 1766 3471 u'eris
1792 3431 1906 3471 ma-

313 3522 451 3565 trum
477 3509 890 3565 coalescentium
916 3508 1121 3562 semina
1154 3504 1491 3576 parvulorum
1518 3520 1533 3569 ;
1565 3518 1660 3575 per
1691 3515 1898 3574 tempo-

313 3616 428 3657 rum
444 3613 725 3657 numerum
755 3600 994 3655 membra
1029 3597 1279 3663 formata,
1312 3595 1499 3653 diebus
1522 3597 1682 3654 certis
1702 3640 1716 3661 ,
1749 3614 1901 3653 mcu-

312 3692 460 3749 sibus
502 3692 713 3758 multis,
760 3706 865 3763 quo
902 3705 1074 3763 usque
1116 3690 1244 3747 illud
1289 3690 1430 3762 quod
1480 3690 1623 3746 intus
1666 3699 1902 3745 creatum

312 3792 471 3855 atque
534 3782 821 3839 formatum
882 3792 965 3839 est
1016 3780 1316 3853 proferatur
1358 3782 1408 3836 iu
1458 3781 1649 3836 lucem.
1705 3779 1905 3836 Deinde

312 3884 506 3946 quanta
536 3890 683 3929 mora
721 3874 947 3942 crescit,
992 3884 1186 3944 quanta
1236 3886 1381 3927 mora
1430 3870 1672 3928 succedit
1714 3872 1901 3927 adole-

314 3965 514 4023 scentia
567 3964 849 4037 pueritim,
897 3963 1147 4034 juventus
1197 3961 1603 4027 adolescentiae,
1653 3970 1902 4018 senectus

308 4057 572 4126 iuventuti
593 4096 610 4123 ,
660 4069 804 4111 mors
830 4054 1097 4111 omnibus.
1122 4051 1339 4110 Accedit
1375 4052 1534 4108 etiam
1570 4052 1671 4109 alia
1700 4050 1848 4110 mora
1884 4071 1896 4107 :

315 4148 525 4203 videtur
550 4146 813 4219 integrant
840 4160 1031 4203 recens
1052 4145 1278 4202 cadaver
1296 4187 1310 4211 ,
1338 4145 1390 4200 in
1424 4145 1757 4217 putrediuem
1785 4146 1897 4201 sol-

313 4238 486 4305 vitor;
517 4246 572 4294 et
595 4238 660 4295 ad
683 4240 848 4309 ipsam
877 4236 1257 4293 resolutionem
1284 4224 1586 4293 neceSsaria
1614 4246 1741 4293 sunt
1770 4246 1902 4293 tem-

315 4341 467 4399 pora,
483 4327 725 4383 donecin
745 4327 918 4383 tabem
946 4326 1166 4391 defluat,
1187 4326 1419 4383 siccetur
1448 4326 1498 4382 in
1520 4326 1703 4383 cinere
1726 4335 1811 4383 :et
1834 4326 1902 4381 ab

314 4420 905 4491 ipsisprimordiisuteri
921 4432 1087 4491 usque
1098 4418 1163 4472 ad
1178 4418 1411 4473 cinerem
1420 4428 1719 4475 extremum
1734 4417 1906 4489 sepul-

312 4511 607 4578 criquanta
626 4509 908 4578 interiacet
925 4516 1071 4562 mera
1084 4507 1111 4561 τ
1130 4518 1258 4577 quot
1284 4506 1435 4561 dies?
1459 4522 1579 4577 qua:
1600 4517 1898 4579 temporum

315 4601 526 4673 spatia?
547 4600 701 4656 Venit
716 4599 785 4654 ad
805 4597 1205 4667 resurgendum,
1230 4598 1282 4651 in
1311 4598 1415 4652 ictu
1443 4600 1582 4653 oculi
1602 4609 1898 4670 reparatur.

315 4720 331 4749 '
384 4708 611 4771 CAPUT
642 4709 763 4769 XII.
792 4692 980 4764 -Ὶξνη
1026 4708 1107 4765 Ea'
1134 4708 1507 4764 resurrectionis
1556 4712 1744 4781 futura:
1769 4711 1896 4783 faci-

315 4807 459 4861 litate
485 4804 814 4876 intelligenda
864 4799 1087 4872 facilitas
1138 4800 1362 4870 corporis
1414 4798 1717 4871 spiritualis.
1773 4798 1899 4856 Ila’e

315 4897 593 4953 mirabilior
621 4896 873 4951 celeritate
900 4893 1034 4947 radii
1073 4892 1227 4947 oculi.
1271 4891 1540 4947 Atteudite
1569 4908 1697 4963 ergo
1717 4934 1733 4959 ,
1789 4890 1903 4948 fra-

312 5000 453 5057 tres,
498 4998 554 5044 et
602 4996 908 5058 comparate
950 5001 1067 5056 qua:
1119 4982 1475 5053 comparanda
1526 4993 1684 5047 sunt,
1740 4984 1900 5041 rebus

309 5081 506 5152 quibus
544 5076 899 5151 comparanda
930 5088 1073 5134 sunt.
1102 5074 1342 5131 Celerius
1368 5085 1609 5131 movetur
1646 5077 1743 5130 ista
1771 5092 1897 5134 caro

310 5172 368 5232 in
427 5172 783 5239 ambulando,
837 5185 995 5241 quam
1052 5168 1273 5223 formata
1323 5177 1439 5238 est,
1493 5185 1654 5241 quam
1702 5170 1900 5227 nutrita

312 5274 416 5328 est,
462 5278 619 5333 quam
649 5266 848 5321 crevit.
876 5276 1035 5331 quam
1073 5258 1138 5313 ad
1184 5258 1418 5314 habitum
1450 5258 1742 5329 juvenilem
1772 5276 1895 5331 per-

314 5355 496 5421 venit,
544 5354 910 5425 integramque
958 5361 1168 5404 aetatem
1211 5359 1265 5405 ct
1306 5336 1560 5403 staturam
1620 5352 1895 5420 percepit:

319 5445 541 5499 celerius
568 5455 809 5499 movetur
829 5443 879 5495 in
909 5440 1250 5507 ambulando,
1270 5454 1425 5510 quam
1462 5439 1562 5494 hoc
1590 5440 1639 5494 in
1669 5438 1756 5495 illa
1782 5442 1894 5496 fiat.

318 5531 484 5590 Porro
509 5543 683 5590 autem
738 5532 1059 5587 resurrectio
1102 5531 1191 5585 lict
1230 5529 1280 5584 in
1329 5530 1436 5585 ictu
1476 5529 1655 5586 oculi:
1701 5544 1897 5604 quanta

315 5627 416 5681 erit
464 5626 709 5681 celeritas
758 5622 1035 5687 num-udi,
1085 5624 1128 5678 si
1161 5634 1300 5679 tanta
1349 5624 1513 5701 potuit
1555 5640 1675 5680 esse
1722 5644 1902 5683 rosur-

315 5717 514 5787 gendi?
546 5720 758 5772 initiata
789 5727 905 5771 sunt
929 5731 1150 5785 (‘Urpttta
1182 5733 1206 5769 a
1243 5722 1412 5775 Slt‘t‘ltj.
1443 5722 1578 5775 tibus
1606 5741 1617 5777 :
1644 5732 1751 5776 toto
1780 5721 1896 5776 licet

1535 277 1593 333 S.
1636 270 2000 332 AUGUSTINI
2044 272 2347 331 EPISCOPI

3437 284 3457 337 i
3469 285 3562 339 Ξιὶό

1995 387 2194 444 mundo
2220 390 2540 461 dissipentur
2582 394 2820 448 membra
2851 403 3182 449 mortuorum
3208 435 3222 459 ,
3269 410 3367 466 per
3413 406 3567 452 totam

1996 488 2188 534 terram
2218 479 2427 535 cineres
2449 480 2853 553 dispergantur:
2884 481 2955 539 de
2982 491 3095 539 toto
3122 493 3226 538 tam
3245 484 3434 554 grandi
3459 487 3569 543 sinu

1996 577 2163 625 totum
2209 571 2349 641 quod
2376 585 2618 641 sparsum
2649 583 2731 628 est
2757 573 2808 628 in
2839 574 2945 630 ictu
2987 574 3127 629 oculi
3156 585 3451 646 reparatur.
3480 577 3576 634 lli-

1995 676 2175 716 ramur
2201 662 2468 717 radiorum
2490 671 2793 719 nostrorum
2811 705 2828 732 ,
2859 666 2949 737 qui
2971 660 3263 723 funduntur
3290 683 3355 724 ex
3381 669 3575 738 oculis,

1996 752 2213 807 nimiam
2238 754 2518 824 quamdam
2538 795 2553 821 ,
2582 762 2638 811 et
2666 756 2763 810 nisi
2785 759 3187 826 experiremur,
3218 759 3577 817 incredibilem

1993 844 2323 902 celeritatem
2354 862 2367 897 :
2400 845 2690 903 mirabilior
2714 857 2796 903 est
2822 850 2875 903 in
2899 864 3153 919 corpore,
3180 852 3321 922 quod
3350 848 3579 908 futurum

1996 946 2099 1004 est,
2130 932 2387 1008 Spirituali
2408 937 2653 995 facilitas.
2681 940 2741 996 in
2770 941 2875 996 ictu
2904 942 3117 1013 quidem
3142 945 3280 999 oculi
3312 956 3580 1017 resurget:

1995 1029 2091 1088 sed
2113 1031 2366 1087 Dominus
2390 1042 2571 1089 noster
2588 1076 2603 1099 ,
2628 1033 2768 1105 quod
2791 1035 2968 1091 radius
2986 1037 3126 1092 oculi
3157 1039 3324 1093 nostri
3356 1055 3462 1093 non
3496 1055 3587 1109 po-

1998 1131 2135 1188 test,
2179 1138 2375 1192 corpus
2400 1124 2558 1179 etiam
2602 1140 2697 1196 per
2720 1126 2947 1182 claustra
2991 1128 3213 1198 trajecit.
3246 1130 3372 1184 Post
3404 1146 3583 1186 resur-

1996 1213 2286 1271 rectionem
2315 1215 2368 1270 in
2399 1216 2518 1271 loco
2550 1231 2654 1271 uno
2680 1217 2985 1273 constitutis
3012 1219 3289 1289 discipulis
3319 1221 3465 1287 suis,
3497 1238 3588 1277 suo

1997 1308 2109 1364 bito
2153 1311 2396 1378 apparuit
2420 1310 2573 1365 ostiis
2613 1308 2812 1365 clausis
2839 1309 3015 1382 (Joan.
3060 1328 3167 1377 xx,
3204 1312 3317 1385 19).
3346 1314 3458 1381 Qua
3491 1330 3587 1370 nos

1998 1394 2184 1454 videre
2209 1414 2313 1453 non
2340 1412 2623 1471 possiimns
2642 1443 2656 1466 ,
2684 1401 2771 1456 ille
2799 1402 2967 1470 potuit
2990 1412 3044 1456 et
3067 1402 3286 1459 intrare.
3313 1401 3485 1460 Nemo
3505 1404 3587 1459 dio

1997 1500 2122 1558 cat,
2169 1490 2281 1546 lioc
2305 1491 2519 1563 quidem
2551 1493 2751 1562 potuit,
2778 1492 2873 1549 sed
2924 1494 3129 1549 Domini
3170 1510 3399 1566 corpus;
3433 1515 3591 1552 num-

1999 1583 2125 1655 quid
2147 1584 2399 1639 continuo
2422 1585 2581 1639 etiam
2607 1600 2782 1640 meum
2814 1587 3049 1655 poterit?
3071 1585 3137 1642 Et
3164 1586 3287 1643 hinc
3314 1591 3499 1659 accipe
3524 1592 3592 1646 ah

2000 1672 2201 1746 Spiritu
2221 1716 2236 1740 ,
2285 1675 2372 1747 qui
2401 1674 2468 1731 dc
2497 1676 2756 1746 Apostolo
2789 1677 3144 1746 loquebatur,
3188 1677 3401 1749 plenam
3433 1696 3591 1736 Secu-

2004 1767 2233 1822 ritatem.
2259 1767 2333 1823 De
2355 1767 2469 1837 ipso
2484 1768 2679 1839 quippe
2706 1767 2929 1823 Domino
2950 1769 3146 1824 dictum
3163 1780 3276 1824 est:
3300 1770 3401 1835 Qui
3422 1782 3593 1825 trans-

2003 1859 2239 1932 ﬁgurabit
2286 1876 2470 1930 corpus
2511 1859 2808 1914 humilitatis
2859 1869 3045 1915 nostra:
3085 1863 3341 1933 conforme
3392 1863 3598 1931 corpori

2003 1952 2180 2024 glorite
2205 1967 2314 2006 sua:
2344 1949 2598 2024 (Philipp.
2632 1966 2706 2012 ιιι.
2738 1950 2852 2023 Si).

2075 2040 2301 2098 CAPUT
2341 2040 2472 2098 Xill.
2505 2043 2688 2098 ~13.
2729 2043 2806 2097 An
2838 2042 2972 2098 Deus
3013 2044 3258 2099 videbitur
3279 2063 3372 2117 per
3410 2062 3598 2117 corpus

2005 2122 2285 2217 spirituale.
2331 2131 2472 2188 Deus
2505 2150 2605 2187 non
2647 2142 2806 2203 potest
2853 2133 3008 2189 videri
3056 2135 3110 2189 in
3146 2136 3259 2190 loco
3288 2134 3357 2189 ad
3389 2138 3596 2191 modum

2006 2226 2253 2297 corporis.
2288 2224 2361 2279 De
2391 2222 2491 2280 isto
2520 2239 2647 2296 ergo
2674 2225 2764 2280 tali
2791 2241 3014 2296 corpore
3032 2267 3047 2292 ,
3078 2226 3146 2281 de
3172 2225 3330 2297 hujus
3353 2232 3598 2298 corporis

2012 2325 2153 2371 tanta
2182 2315 2458 2384 facilitate,
2486 2324 2630 2372 tanta
2658 2318 2961 2383 celeritate,
2998 2326 3141 2372 tanta
3168 2318 3399 2373 sanitate
3418 2360 3434 2386 ,
3464 2319 3598 2373 nihil

2010 2418 2211 2463 temere
2248 2422 2311 2462 ac
2342 2415 2725 2477 prmsumenter
2750 2408 2973 2463 delinire
3000 2407 3194 2463 audeat
3225 2409 3454 2465 humana
3492 2408 3597 2464 fm-

2010 2498 2199 2569 gilitas.
2230 2497 2424 2567 Quales
2452 2498 2649 2553 erimus
2669 2540 2685 2565 ,
2715 2499 2944 2554 sciemus
2969 2513 3090 2554 cum
3121 2499 3398 2556 fuerimus.
3428 2504 3598 2554 Ante-

2009 2605 2166 2661 quam
2193 2590 2376 2654 simns,
2408 2589 2673 2644 temerarii
2692 2603 2803 2644 non
2826 2590 3013 2657 simus,
3035 2605 3101 2645 ne
3123 2588 3253 2645 illud
3277 2606 3380 2644 non
3403 2590 3595 2646 simus.

2009 2680 2208 2752 Quarrit
2237 2680 2522 2752 aliquando
2565 2681 2792 2735 humana
2840 2680 3152 2747 curiositas,
3186 2693 3239 2736 et
3283 2682 3413 2737 dicit
3451 2683 3598 2737 sibi:

2010 2772 2243 2828 Putasne
2273 2789 2367 2843 per
2393 2771 2519 2827 illud
2551 2772 2823 2843 Spiritnalc
2851 2786 3043 2841 cerpus
3068 2771 3364 2828 videbimus
3393 2773 3599 2847 Deum?

2009 2863 2127 2920 Cito
2153 2864 2363 2935 quidem
2398 2862 2706 2937 responderi
2750 2874 2923 2936 potest
2953 2884 2966 2920 :
2995 2863 3052 2920 in
3103 2864 3222 2921 loco
3251 2882 3354 2921 non
3388 2864 3599 2920 videtur

2009 2952 2151 3010 Deus
2171 2997 2184 3017 .
2216 2970 2312 3026 per
2344 2966 2520 3025 partes
2547 2971 2651 3011 non
2684 2956 2889 3011 videtur
2938 2956 3106 3020 Deus,
3138 2957 3324 3028 spatiis
3366 2956 3599 3012 dilTusus

2008 3046 2412 3119 intervallisque
2440 3055 2719 3118 separatus
2746 3062 2851 3103 non
2892 3048 3099 3103 videtur
3122 3049 3297 3119 ,Deus.
3342 3048 3599 3115 Quamvis

2009 3137 2227 3207 impleat
2249 3137 2440 3192 cmlum
2468 3150 2517 3193 et
2565 3149 2793 3204 terram,
2829 3153 2934 3194 non
2988 3136 3108 3193 ideo
3139 3149 3317 3194 tamen
3344 3138 3598 3193 dimidius

2008 3241 2090 3285 est
2115 3231 2166 3285 in
2187 3232 2324 3286 caelo
2346 3273 2361 3296 ,
2384 3228 2637 3287 dimidius
2668 3232 2718 3287 in
2743 3244 2904 3293 terra.
2932 3232 3062 3286 Nam
3095 3248 3188 3287 aer
3208 3232 3307 3285 istc
3335 3232 3380 3287 si
3414 3233 3600 3303 implet

2007 3322 2201 3377 caelum
2224 3331 2278 3376 et
2304 3331 2497 3377 terram
2520 3340 2534 3389 ;
2565 3339 2688 3395 pars
2713 3324 2828 3395 ejus
2856 3340 2975 3394 qua:
3004 3324 3055 3379 in
3083 3325 3219 3380 caelo
3238 3333 3349 3387 est,
3384 3340 3491 3377 non
3522 3336 3601 3379 est

1955 3470 1961 3475 .
2008 3418 2061 3472 in
2092 3429 2252 3472 terra.
2298 3414 2362 3472 Et
2404 3416 2660 3491 quidquid
2703 3433 2836 3489 aqua
2880 3417 3103 3490 implet,
3150 3416 3336 3487 implet
3378 3416 3597 3488 quidem

2007 3508 2233 3577 spatium
2265 3523 2371 3580 quo
2399 3510 2640 3578 capitur;
2668 3510 2760 3564 sed
2790 3508 3008 3565 dimidia
3033 3519 3112 3563 est
3144 3510 3195 3563 in
3224 3509 3445 3563 dimidio
3477 3525 3599 3578 spa-

2009 3600 2083 3654 tio
2101 3641 2115 3663 ,
2147 3597 2361 3654 dimidia
2393 3599 2445 3654 in
2467 3600 2569 3654 alio
2592 3597 2812 3655 dimidio
2832 3642 2847 3668 ,
2878 3610 2983 3656 tota
3015 3600 3065 3655 in
3091 3610 3221 3656 toto.
3249 3594 3365 3657 Non
3386 3612 3475 3656 est
3498 3602 3600 3655 tale

2006 3693 2204 3765 aliquid
2231 3692 2387 3750 Deus.
2417 3694 2526 3748 lloc
2548 3695 2766 3749 omnino
2791 3696 2896 3749 noli
2924 3694 3184 3758 dubitare,
3212 3696 3464 3766 quoniam
3494 3713 3596 3748 nun

2007 3794 2091 3839 est
2117 3799 2312 3854 corpus
2357 3784 2511 3840 Deus.
2543 3784 2647 3841 Per
2673 3787 2839 3856 spatia
2871 3784 3124 3853 diffundi,
3157 3788 3286 3841 locIs
3315 3789 3470 3857 capi,
3504 3789 3595 3842 ha-

2006 3876 2134 3935 bere
2164 3887 2341 3948 partes
2364 3877 2609 3934 dimidias
2630 3920 2645 3944 ,
2676 3880 2897 3945 tertias,
2926 3889 3141 3950 quartas
3165 3922 3181 3945 ,
3206 3889 3374 3943 totas,
3402 3894 3599 3949 corpo-

2008 3985 2125 4023 rum
2157 3970 2425 4040 proprium
2453 3978 2556 4024 est.
2583 3969 2721 4024 Nihil
2754 3971 2857 4026 tale
2888 3966 3057 4033 Deus;
3087 3970 3207 4041 quia
3237 3968 3429 4040 ubique
3456 3980 3601 4024 ti-tns

2008 4058 2150 4117 Deus
2181 4076 2195 4115 :
2229 4077 2332 4117 non
2363 4060 2489 4115 alibi
2516 4056 2799 4127 dimidius,
2828 4070 2882 4116 et
2918 4061 3045 4117 alibi
3090 4062 3193 4116 alio
3220 4061 3441 4125 dimidio
3474 4078 3602 4117 con-

2006 4141 2256 4218 stitutus;
2301 4151 2392 4208 sed
2425 4152 2618 4223 ubique
2648 4162 2808 4210 tetus.
2844 4151 3030 4223 implet
3056 4153 3252 4208 coelum
3273 4166 3326 4208 et
3355 4161 3557 4211 terram
3584 4172 3596 4205 :

2007 4232 2102 4301 sed
2132 4254 2272 4301 totus
2298 4255 2379 4301 est
2405 4246 2456 4301 in
2478 4245 2615 4302 caelo
2634 4287 2648 4313 ,
2676 4255 2818 4302 totus
2841 4246 2891 4301 in
2918 4255 3078 4302 terra.
3110 4244 3178 4299 In
3206 4245 3459 4316 principio
3495 4257 3599 4300 erat

2017 4332 2252 4391 Verbum.
2279 4336 2347 4393 Ut
2370 4337 2529 4393 etiam
2555 4335 2623 4393 de
2646 4336 2760 4408 ipso
2781 4336 2914 4393 Filio
2935 4336 3036 4393 hoc
3063 4336 3202 4393 idem
3224 4337 3409 4391 audias
3426 4379 3440 4401 ,
3477 4339 3597 4408 quia

2006 4437 2061 4483 et
2108 4426 2276 4484 Filius
2320 4445 2440 4483 cum
2494 4426 2651 4485 Patre
2683 4445 2821 4485 unus
2862 4439 2945 4486 est
2978 4429 3165 4485 Deus:
3210 4445 3316 4483 non
3375 4428 3599 4499 :equudis

2006 4520 2181 4586 mole,
2224 4520 2319 4577 sed
2349 4521 2641 4578 divinitate.
2689 4520 2756 4576 In
2802 4522 3050 4594 principio
3098 4531 3203 4577 erat
3260 4519 3512 4585 Verbum,
3553 4531 3598 4572 et

2017 4598 2229 4668 Verbum
2251 4624 2359 4668 erat
2394 4614 2532 4685 apud
2573 4612 2773 4682 Deum,
2818 4623 2864 4669 et
2916 4612 3047 4668 Deus
3069 4623 3174 4668 erat
3212 4611 3429 4667 Verbum
3459 4628 3481 4666 :
3509 4612 3599 4664 hoc.

2004 4717 2112 4759 erat
2139 4706 2188 4759 in
2220 4706 2466 4778 principio
2494 4706 2633 4777 apud
2665 4703 2844 4759 Deum.
2900 4702 3085 4760 Omnia
3113 4721 3201 4773 per
3244 4705 3414 4773 ipsum
3462 4706 3597 4774 facta

2004 4805 2142 4863 sunt,
2170 4806 2214 4850 et
2239 4797 2347 4850 sine
2387 4796 2496 4868 ipso
2534 4799 2726 4868 factum
2769 4806 2841 4850 est
2866 4796 3013 4849 nihil.
3046 4794 3110 4851 Et
3136 4796 3295 4866 paulo
3325 4804 3437 4864 post
3459 4832 3484 4867 ,
3537 4793 3597 4846 Et

2007 4890 2096 4943 tua:
2124 4889 2253 4942 lucet
2278 4886 2562 4941 intenebris
2590 4884 2766 4957 (Joan.
2800 4903 2837 4951 ι,
2873 4888 3012 4957 1-5).
3044 4886 3147 4941 Istc
3176 4884 3485 4956 unigenitus
3518 4894 3598 4938 tu-

2008 4990 2093 5035 tus
2121 4995 2341 5034 manens
2371 4979 2508 5051 apud
2539 4978 2772 5041 Patrem,
2802 4988 2945 5033 totus
2974 4976 3115 5033 lucet
3137 4980 3187 5031 in
3221 4978 3493 5043 tenebris,
3523 4987 3601 5029 to-

2007 5083 2091 5128 tus
2118 5074 2168 5128 in
2218 5075 2355 5129 cmlo
2379 5115 2394 5139 ,
2441 5084 2581 5128 totus
2612 5073 2662 5127 in
2693 5074 2862 5139 terra,
2893 5081 3035 5126 totus
3061 5071 3113 5125 in
3162 5071 3407 5141 Virgine,
3456 5080 3599 5123 totus

2007 5156 2059 5221 in
2102 5165 2327 5230 infante;
2368 5180 2473 5220 non
2500 5165 2725 5220 alternis
2747 5163 3074 5235 temporibus
3103 5156 3351 5232 tanquam
3379 5162 3447 5217 de
3480 5160 3596 5214 loco

2005 5254 2071 5312 ad
2104 5256 2274 5311 locum
2307 5255 2599 5327 migrando.
2628 5254 2759 5310 Nam
2790 5265 2843 5308 et
2872 5265 2924 5308 tu
2948 5263 3088 5308 totus
3114 5269 3174 5308 es
3201 5253 3252 5306 in
3278 5250 3440 5308 domo
3468 5260 3556 5305 tua
3576 5292 3589 5311 ,

2007 5361 2059 5405 et
2087 5360 2227 5405 totus
2257 5352 2307 5405 in
2336 5350 2558 5405 ecclesia
2590 5367 2603 5405 :
2632 5348 2725 5405 sed
2754 5346 2966 5418 quando
2994 5346 3047 5400 iu
3091 5346 3349 5408 ecclesia,
3381 5360 3486 5398 non
3541 5342 3590 5393 in

2008 5440 2167 5497 domo
2198 5452 2319 5505 tua;
2349 5440 2560 5512 quando
2583 5439 2633 5494 in
2665 5439 2823 5494 domo
2849 5450 2957 5503 tua,
2990 5453 3093 5493 neu
3124 5438 3173 5492 in
3199 5436 3441 5493 Ecclesia.
3478 5433 3594 5486 Non

2007 5552 2133 5606 ergo
2165 5535 2252 5591 ille
2290 5536 2366 5590 sic
2407 5544 2549 5590 totus
2583 5534 2632 5589 in
2679 5533 2851 5601 caelo,
2902 5542 3043 5589 totus
3075 5534 3124 5584 iu
3176 5540 3347 5596 terra,
3377 5539 3517 5585 totus
3543 5528 3594 5579 in

2013 5630 2252 5699 Virgine,
2300 5638 2439 5683 totus
2470 5627 2519 5682 in
2566 5625 2763 5682 infante
2816 5633 2895 5693 (ut
2925 5623 3063 5679 aliud
3108 5623 3235 5680 nihil
3266 5634 3589 5677 commemoo

2010 5721 2167 5792 rem),
2193 5719 2344 5791 quasi
2370 5716 2643 5788 migrandi)
2667 5717 2730 5774 de
2759 5715 2893 5774 cado
2922 5717 2974 5771 in
3017 5726 3212 5771 terram
3233 5755 3248 5783 ,
3279 5714 3342 5770 de
3367 5724 3503 5767 terra
3534 5708 3589 5763 in
