3954 6196
298 361 434 418 1267

295 475 386 530 nio
417 491 434 536 ;
481 474 590 530 cito
633 472 891 531 conlita»
919 488 936 527 ε
975 468 1168 526 Videbit
1193 469 1355 526 omnis
1375 485 1496 525 caro
1513 470 1737 526 salutare
1756 469 1874 526 Dei.

301 565 618 630 Dicuntboe
655 579 795 628 esse.
827 561 1036 620 Videbit
1063 563 1238 620 omnis
1279 577 1406 619 caro
1433 560 1705 619 Christum
1759 565 1876 620 Dei.

295 658 400 715 Sed
423 659 567 714 visus
596 667 677 712 est
697 656 940 713 Christus
967 665 1024 711 et
1051 655 1105 712 in
1130 670 1313 720 carne,
1342 669 1448 711 non
1473 655 1688 727 quidem
1716 670 1879 712 carne

270 749 529 818 mortali,
584 749 632 806 si
681 749 856 810 adhuc
903 749 991 805 illa
1039 749 1331 820 splritualis
1376 749 1598 806 mutatio
1644 764 1772 806 caro
1797 749 1881 816 di-

292 843 461 899 cenda
501 851 624 910 est;
655 841 780 913 quia
809 851 864 900 et
893 843 1004 913 ipse
1028 850 1151 915 post
1175 843 1621 899 resurrectionem
1649 842 1726 898 sic
1747 841 1882 898 dixit

260 911 264 918 ’
294 932 594 990 videntibus
620 911 689 988 etv
717 911 1074 1004 tangentibus,
1107 951 1126 987 ι
1183 933 1421 1004 Palpate,
1455 942 1508 988 et
1536 932 1730 998 videte,
1759 932 1879 1003 quia

291 1026 510 1096 spiritus
547 1040 767 1082 carnem
803 1035 857 1082 et
894 1041 1014 1081 ossa
1055 1040 1161 1081 non
1199 1024 1360 1081 habet
1382 1066 1397 1089 ,
1436 1024 1575 1080 sicut
1603 1040 1689 1082 me
1726 1023 1880 1082 vide-

291 1120 360 1174 tis
407 1116 606 1174 babere
651 1116 832 1188 (Luc.
876 1133 1022 1182 xxiv,
1071 1115 1199 1188 59).
1235 1136 1255 1168 ι
1315 1115 1590 1172 Videbitur
1630 1124 1688 1172 et
1738 1116 1817 1171 sic
1863 1133 1877 1171 :

292 1225 397 1266 non
441 1209 616 1278 solum
645 1209 790 1272 vises
810 1218 915 1274 est,
963 1208 1058 1266 sed
1095 1217 1150 1264 et
1175 1207 1457 1264 videbitur.
1497 1209 1564 1263 Et
1590 1207 1727 1264 forte
1756 1217 1881 1263 tunc

291 1300 579 1374 perfectius
621 1301 926 1372 implebitur
975 1300 1118 1372 quod
1147 1300 1345 1356 dictum
1389 1308 1492 1367 est,
1540 1300 1704 1354 oninis
1737 1316 1877 1355 caro.

288 1391 446 1455 Modo
487 1393 632 1448 enim
677 1392 810 1448 vidit
853 1407 976 1448 eum
1023 1406 1183 1458 caro,
1229 1391 1326 1448 sed
1353 1407 1458 1460 non
1488 1393 1664 1448 omnis
1705 1405 1877 1448 caro:

287 1496 415 1538 tunc
444 1497 572 1540 vero
609 1483 662 1538 in
689 1483 890 1558 judicio
937 1483 1237 1539 venientem
1276 1498 1399 1538 cum
1429 1483 1648 1556 Angelis
1672 1483 1785 1539 suis
1811 1481 1879 1538 ad

282 1576 602 1642 judicandos
637 1575 790 1631 vivos
817 1583 872 1631 et
918 1584 1181 1642 mortuos,
1212 1589 1336 1630 cum
1379 1575 1646 1630 audierint
1689 1589 1879 1630 vocem

288 1664 405 1734 ejus
453 1681 642 1722 omnes
696 1665 786 1738 qui
833 1675 958 1722 sunt
989 1666 1043 1722 in
1092 1666 1474 1733 monumentis,
1505 1674 1558 1720 et
1606 1680 1880 1736 processe-

289 1758 394 1810 rint
429 1756 518 1813 alii
561 1756 631 1812 ad
679 1757 1128 1814 resurrectionem
1166 1756 1328 1822 vitai,
1375 1756 1468 1811 alii
1515 1756 1583 1812 ad
1634 1772 1879 1812 resurre-

288 1847 520 1926 ctionem
573 1847 762 1917 judicii
820 1845 997 1918 (Joau.
1040 1863 1092 1911 v,
1136 1845 1227 1912 28,
1270 1845 1388 1916 29),
1439 1847 1606 1917 ipsam
1654 1846 1879 1902 formam

289 1935 560 2002 videbunt,
614 1952 773 2007 quam
827 1953 922 2007 pro
965 1936 1120 1992 nobis
1169 1937 1443 2007 suscipere
1483 1938 1732 2008 dignatus
1772 1948 1875 2006 est,

288 2043 393 2082 non
433 2028 604 2084 solum
624 2027 776 2099 justi,
825 2027 918 2083 sed
960 2029 1120 2084 etiam
1152 2028 1336 2098 iniqui,
1377 2028 1467 2083 alii
1491 2030 1556 2082 ad
1579 2029 1875 2096 dexteram,

287 2118 374 2172 alii
416 2117 483 2172 ad
513 2119 826 2183 sinistram;
877 2118 996 2188 quia
1044 2126 1100 2174 et
1124 2118 1213 2188 qui
1269 2117 1599 2186 occiderunt,
1640 2119 1878 2177 videbunt

284 2211 339 2261 in
383 2225 528 2278 quem
583 2219 902 2282 pupugeruut
945 2208 1142 2279 (loan.
1181 2225 1305 2274 xxx,
1347 2209 1473 2282 57).
1515 2209 1875 2282 Videbit'ergo

285 2301 446 2356 omnis
485 2317 602 2355 curo
622 2301 844 2356 salutare
878 2299 994 2355 Dei.
1024 2301 1230 2370 Corpus
1259 2315 1353 2372 per
1379 2317 1573 2372 corpus
1605 2320 1617 2355 :
1666 2303 1788 2373 quia
1823 2305 1876 2360 in

286 2406 414 2447 vero
456 2406 684 2462 corpore
721 2392 899 2447 veniet
934 2392 1270 2462 judicaturus
1292 2395 1330 2445 ‘.
1357 2393 1462 2450 Sed
1502 2395 1570 2450 ad
1601 2395 1874 2452 dexteram

287 2483 494 2551 positis,
527 2493 581 2558 et
608 2484 659 2537 in
689 2498 912 2553 regnum
939 2483 1200 2539 caelorum
1229 2485 1427 2552 missis,
1449 2486 1528 2540 sic
1553 2501 1612 2542 se
1647 2486 1870 2543 demon-

283 2559 555 2630 straturus
588 2586 691 2643 est,
716 2577 984 2647 quomodo
997 2577 1108 2647 jam
1147 2577 1198 2632 in
1227 2593 1452 2648 corpore
1477 2578 1755 2634 videbatur
1782 2599 1796 2635 :
1820 2591 1874 2637 et

286 2678 464 2722 tamen
509 2666 738 2732 dicebat,
772 2667 871 2735 Qui
897 2669 1063 2740 diligit
1102 2685 1182 2724 me
1208 2667 1445 2740 diligetur
1469 2688 1501 2724 α
1527 2669 1683 2726 Patre
1722 2689 1873 2739 meo;

291 2771 328 2813 ει
355 2775 445 2829 ego
471 2759 681 2832 diligam
709 2777 843 2828 cuiu,
873 2771 918 2815 et
956 2762 1287 2832 manifestabo
1335 2779 1416 2818 me
1449 2764 1614 2834 ipsum
1653 2765 1729 2820 illi
1759 2765 1865 2835 (Μ.

283 2851 527 2922 xiv,2l).
571 2851 682 2908 lloc
724 2851 942 2908 Judaeus
988 2854 1182 2923 impius
1218 2870 1322 2908 non
1377 2855 1594 2910 videbit.
1648 2856 1873 2914 Tolletur

280 2942 412 2996 enim
441 2942 645 3012 impius,
690 2960 755 2999 ue
789 2943 953 2999 rideat
979 2946 1261 3000 claritatem
1289 2945 1383 3000 Dei
1420 2945 1555 3018 (lsai
1587 2963 1738 3016 xxvi,
1773 2949 1868 3016 10,

281 3048 378 3085 sec.
409 3032 599 3103 LXX).
1021 3095 1026 3103 ,

351 3122 575 3179 CAPUT
652 3123 933 3180 XVill.-—
968 3129 1054 3184 i7.
1128 3127 1334 3185 Simeou
1388 3130 1470 3186 hic
1531 3133 1690 3186 oculis
1746 3134 1869 3190 ridit

269 3209 503 3267 salutare
519 3213 634 3270 Dei.
672 3214 894 3271 Visibilis
915 3217 1144 3272 Christus
1163 3220 1214 3273 in
1227 3222 1426 3289 judicio
1440 3223 1628 3292 (eiuro.
1653 3226 1866 3282 Sintcon

271 3306 450 3372 justus
479 3303 608 3360 vidit
632 3321 755 3362 eum
776 3316 830 3362 et
853 3308 1035 3374 corde,
1061 3311 1184 3380 quia
1215 3317 1461 3384 cognovit
1495 3313 1784 3382 infantem;
1813 3329 1869 3375 et

277 3396 446 3452 oculis
475 3397 627 3464 vidit,
671 3383 793 3469 quia
843 3403 1072 3474 portavit
1115 3383 1387 3462 infantem.
1434 3407 1670 3479 Utraque
1707 3413 1867 3468 modo

277 3489 464 3544 videns
490 3505 634 3557 cum,
673 3507 968 3562 agnoscens
1006 3494 1098 3550 Dei
1119 3494 1341 3566 Filium,
1369 3510 1424 3554 et
1447 3502 1774 3571 amplectens
1799 3506 1867 3562 de

284 3584 494 3655 Virgine
533 3597 868 3655 procreatum
910 3605 924 3641 :
963 3608 982 3642 ι
1015 3589 1166 3646 Nunc
1207 3591 1467 3662 dimittis,
1521 3597 1721 3668 inquit,
1765 3601 1866 3655 Do-

276 3675 446 3736 mine.
473 3690 684 3731 servum
717 3686 862 3732 tnnm
896 3678 948 3734 in
981 3695 1142 3749 pace,
1175 3684 1426 3753 quoniam
1461 3687 1863 3747 videruntoeuli

277 3767 378 3820 mei
418 3767 649 3824 salutare
680 3778 824 3824 tuum
861 3788 880 3822 ι
912 3770 931 3842 (
963 3770 1088 3826 Luc.
1151 3790 1222 3838 ll,
1261 3775 1332 3831 25
1358 3778 1427 3833 50
1445 3777 1488 3850 ).
1522 3780 1711 3837 Videte
1734 3785 1860 3853 quid

273 3859 488 3912 dixerit.
516 3857 821 3915 Tenebatnr
865 3863 1006 3917 enim
1035 3879 1312 3936 quousque
1361 3877 1414 3923 et
1441 3871 1610 3926 oculis
1641 3874 1859 3939 videret.

274 3966 430 4018 quem
459 3950 559 4006 lide
599 3956 874 4010 cernebat.
908 3955 1116 4026 Corpus
1161 3962 1434 4028 parvulum
1485 3966 1706 4036 accepit,
1737 3982 1858 4023 cor-

277 4057 374 4108 pus
401 4044 608 4112 ample:
620 4059 680 4098 us
719 4056 801 4100 cst
834 4061 849 4110 ;
877 4061 1070 4118 corpus
1089 4049 1338 4118 videndo,
1375 4052 1426 4108 id
1453 4063 1557 4122 est,
1583 4057 1861 4114 Dominum

276 4135 328 4188 in
356 4150 518 4191 carne
570 4137 842 4193 cernendo
878 4139 980 4203 ait,
1041 4139 1284 4197 Viderunt
1321 4146 1456 4199 oculi
1499 4148 1597 4200 mei
1637 4149 1863 4206 salutare

276 4237 436 4280 tuum.
469 4226 622 4284 Unde
650 4228 776 4297 scis,
827 4246 895 4286 ne
937 4231 1015 4290 sic
1061 4233 1235 4290 videat
1264 4237 1438 4293 omnis
1477 4253 1602 4295 caro
1629 4241 1861 4300 salutare

279 4319 370 4374 llei
394 4320 498 4376 ?ne
516 4331 692 4376 autem
717 4322 1067 4394 desperemus
1079 4343 1200 4383 eum
1236 4330 1284 4384 in
1308 4347 1368 4386 ea
1397 4333 1562 4387 forina
1581 4345 1860 4395 venturum

273 4407 337 4460 ad
373 4408 668 4476 judicium,
701 4428 857 4483 quam
915 4431 1011 4485 pro
1059 4417 1212 4474 nobis
1253 4422 1478 4490 accepit,
1532 4439 1635 4478 non
1679 4425 1727 4480 in
1759 4442 1859 4498 qua

273 4514 488 4568 semper
513 4503 730 4571 aequalis
762 4502 902 4559 Patri
946 4510 1238 4574 permansit
1270 4524 1285 4572 ;
1330 4509 1612 4568 audiamus
1639 4525 1695 4570 et
1737 4517 1862 4576 hinc

276 4605 460 4646 vocem
493 4593 838 4662 Angelorum.
863 4597 998 4651 Ante
1027 4600 1211 4654 oculos
1235 4601 1611 4672 discipulorum
1641 4626 1860 4668 suorum

272 4698 392 4737 (ιωιί
442 4681 674 4739 ferretur
711 4686 762 4739 in
807 4687 1024 4753 coelum.
1056 4690 1209 4744 etilli
1247 4693 1604 4762 attenderem,
1633 4715 1863 4773 cumque

272 4773 435 4854 corde
463 4775 823 4832 desideratum
853 4791 1071 4849 aspectu
1101 4780 1446 4851 deducerent,
1477 4788 1759 4846 audierunt
1794 4795 1862 4849 ab

272 4869 490 4938 Angelis
523 4885 536 4924 :
563 4888 582 4920 ι
615 4869 722 4926 Viri
757 4870 979 4938 Galila:i,
1006 4874 1132 4945 quid
1162 4877 1314 4931 statis
1333 4879 1650 4949 aspicientes
1673 4882 1726 4939 in
1747 4901 1859 4942 cm-

275 4962 382 5026 lum
422 4961 446 5016 ?
479 4963 574 5019 llic
597 4962 756 5020 Jesns
783 4965 874 5036 qni
897 4977 1148 5038 acceptus
1191 4979 1275 5026 est
1298 4986 1329 5026 a
1358 4974 1510 5031 vobis
1531 5015 1548 5040 ,
1585 4977 1664 5033 sic
1687 4980 1862 5044 veniet

273 5053 540 5122 quomodo
585 5055 789 5114 vidistis
813 5073 934 5113 eum
985 5070 1197 5115 euntem
1231 5063 1282 5118 in
1329 5066 1522 5122 calum
1559 5069 1630 5139 s(
1671 5071 1781 5126 Act.
1820 5089 1859 5139 ι,

275 5145 334 5202 ii
369 5147 410 5215 ).
457 5144 546 5200 Sic
588 5163 745 5216 ergo,
786 5147 864 5202 sic
908 5151 1117 5216 veniet,
1166 5156 1436 5223 quomodo
1502 5160 1763 5217 abscessit
1808 5163 1858 5220 in

269 5221 490 5292 ιλιι-Ιιιιιι.
525 5239 754 5294 \‘isibilis
798 5242 978 5295 veniet
1026 5243 1090 5297 ad
1117 5221 1376 5312 judicium
1409 5264 1426 5312 ;
1458 5251 1579 5320 quia
1635 5255 1862 5312 visibilis

223 5358 230 5366 -
273 5327 531 5384 abscessit
560 5329 612 5384 in
639 5330 856 5385 cmlum.
900 5331 1031 5387 Nam
1073 5335 1115 5388 si
1144 5335 1368 5393 visibilis
1393 5339 1653 5398 abscessit
1683 5355 1742 5401 et
1785 5347 1864 5400 in-

269 5405 496 5489 :\‘isil)iiis
544 5422 752 5488 veniet,
797 5423 1066 5492 quomodo
1114 5426 1187 5480 sic
1228 5428 1385 5482 ueniet
1425 5430 1529 5486 .’Si
1556 5443 1734 5490 autem
1785 5438 1862 5494 sic

277 5510 476 5578 veniet,
507 5512 728 5586 visibilis
749 5529 878 5586 ergo
909 5516 1081 5572 veniet
1108 5533 1124 5581 ;
1151 5527 1201 5572 et
1244 5519 1421 5574 ridebit
1447 5525 1609 5576 omnis
1636 5543 1756 5581 cura
1779 5545 1862 5582 sa.

274 5603 434 5664 (utare
475 5601 588 5664 Dei.

341 5739 352 5767 ῖ
379 5736 684 5820 (ιξνιιεεὲςιιιις
701 5749 763 5790 Ms
789 5742 860 5796 .in
889 5759 978 5796 uno
994 5748 1156 5797 eodem
1183 5763 1380 5813 corpore
1405 5753 1524 5807 venit
1539 5756 1858 5820 judn‘mdrs,

277 5797 764 5854 teawtjudimturus.

1527 355 1586 412 S.
1629 351 1994 412 AUGUSTINI
2033 355 2334 415 EPISCOPI

3443 367 3582 426 1261

2053 471 2280 530 CAPUT
2315 472 2460 540 XIX.
2481 475 2655 534 ρ-18.
2684 476 2765 534 De
2791 479 3084 551 diﬁcatum
3109 483 3394 555 proposita,
3423 485 3583 550 deque

1989 563 2093 620 Deo
2127 574 2175 626 et
2189 567 2252 622 de
2289 583 2499 640 corpore
2534 573 2708 642 futuro
2731 573 2987 641 φιτ-ἔειπαιὲ
3006 575 3130 642 quid
3150 577 3440 634 tenendam.
3463 577 3583 635 Non

1985 656 2090 713 boe
2118 657 2242 715 ideo
2281 659 2390 716 dixi
2441 661 2792 733 (mementote
2841 675 3099 738 quantum
3145 670 3391 740 potestis,
3427 681 3486 727 ut
3521 689 3584 728 ca

1985 746 2275 817 discamus,
2317 765 2594 824 usqueqno
2621 753 3006 824 invenerimus,
3033 773 3153 829 quin
3171 759 3410 818 nondum
3435 765 3588 819 novi-

1985 852 2141 904 mus;
2171 839 2313 910 quod
2361 849 2542 898 autem
2594 844 2864 912 novimus,
2907 862 3016 902 non
3041 862 3178 918 opus
3215 859 3300 906 est
3326 859 3384 905 ut
3408 850 3592 908 disca-

1986 943 2125 997 mus,
2175 929 2270 987 sed
2299 931 2526 990 Domino
2551 935 2874 1007 adjuvante,
2905 937 3226 1013 doceamus)
3253 958 3267 996 :
3296 957 3405 999 non
3455 960 3590 1016 ergo

1987 1017 2088 1076 hoc
2130 1021 2251 1080 ideo
2291 1022 2435 1089 dixi,
2483 1027 2608 1097 quia
2649 1043 2869 1085 carnem
2919 1031 3153 1106 visuram
3203 1038 3434 1104 negavi;
3483 1037 3585 1092 sed

1984 1116 2107 1188 quia
2131 1117 2416 1187 querenda
2445 1127 2571 1175 sunt
2589 1122 2895 1178 testimonia
2924 1124 3172 1191 clariora,
3199 1125 3245 1180 si
3267 1125 3405 1183 forte
3431 1138 3589 1198 pote-

1986 1217 2112 1264 runt
2155 1209 2404 1266 inveniri.
2435 1210 2566 1268 Nam
2613 1212 2718 1269 hoc
2745 1214 2890 1286 quod
2933 1215 3199 1285 prolatum
3240 1226 3353 1282 est.
3384 1219 3586 1277 videtis

1983 1300 2142 1370 quale
2185 1301 2276 1356 sit.
2307 1301 2414 1359 Pro
2449 1303 2603 1362 nobis
2641 1305 2786 1362 enim
2813 1307 2983 1378 magis
3030 1306 3177 1376 facit,
3215 1310 3300 1365 vel
3333 1326 3432 1380 pro
3465 1312 3581 1382 ipsa

1983 1391 2228 1458 veritate,
2251 1393 2336 1450 vel
2365 1409 2460 1464 pro
2487 1394 2572 1452 bis
2589 1395 2678 1466 qui
2707 1398 2862 1468 quasi
2901 1407 3051 1455 certo
3074 1400 3428 1466 contendunt,
3457 1417 3584 1457 car-

1983 1497 2108 1538 nem
2162 1499 2270 1539 non
2313 1485 2546 1541 visuram
2599 1487 2819 1542 omnino
2887 1489 2996 1544 ullo
3041 1489 3202 1546 modo
3233 1491 3422 1558 Deum,
3478 1507 3585 1548 nec

1984 1575 2037 1631 in
2093 1578 2486 1636 resurrectione
2536 1591 2890 1638 mortuorum.
2929 1583 3038 1640 Nos
3103 1586 3227 1642 hinc
3280 1601 3386 1642 non
3443 1603 3583 1643 cun-

1985 1666 2249 1722 tendimns
2274 1707 2291 1734 ,
2335 1667 2428 1724 sed
2480 1672 2774 1740 repetendo
2825 1681 3014 1729 acutos
3068 1689 3582 1744 commemoramus,

1983 1757 2149 1812 tardis
2192 1758 2537 1816 inculcamus.
2568 1760 2714 1818 Licet
2751 1763 2935 1819 multis
2982 1765 3188 1821 μοι·ᾶίοεί
3215 1767 3408 1835 simus,
3443 1768 3583 1824 diri-

1984 1863 2102 1903 ntus
2142 1859 2340 1908 tamen.
2374 1853 2515 1909 Deus
2554 1871 2660 1908 non
2689 1855 2900 1912 videtur
2941 1857 2995 1912 in
3024 1857 3164 1925 loco,
3201 1859 3325 1930 quia
3354 1876 3459 1916 non
3491 1873 3583 1917 est

1981 1954 2176 2013 corpus
2207 1943 2365 2012 ;quia
2395 1945 2589 2016 ubique
2612 1956 2751 2002 totus
2775 1957 2878 2014 est,
2907 1949 3029 2018 quia
3064 1966 3168 2006 non
3195 1953 3248 2006 in
3289 1961 3436 2023 parte
3475 1955 3582 2010 nii-

1982 2048 2103 2097 nor,
2130 2044 2184 2089 et
2225 2035 2277 2090 in
2303 2045 2451 2106 parte
2475 2038 2646 2108 major
2673 2051 2774 2094 est.
2801 2040 2912 2096 lloc
2944 2041 3250 2098 firmissime
3274 2054 3578 2106 teneamus.

1981 2123 2038 2180 Si
2068 2134 2244 2181 autem
2284 2143 2410 2183 caro
2438 2128 2524 2183 illa
2566 2138 2765 2184 tantam
2797 2134 3076 2202 acceperit
3105 2136 3476 2199 mutationem,
3516 2147 3580 2192 ut

1982 2218 2168 2286 pOSsit.
2193 2235 2288 2288 per
2317 2236 2435 2276 eam
2475 2221 2642 2278 videri
2664 2223 2804 2294 quod
2827 2240 2935 2279 non
2957 2225 3166 2282 videtur
3190 2227 3242 2281 in
3270 2228 3387 2284 loco
3413 2245 3428 2295 ;
3457 2245 3578 2285 om-

1981 2310 2108 2364 nino
2137 2310 2210 2366 ita
2235 2313 2322 2367 sit.
2353 2312 2458 2370 Sed
2499 2313 2846 2385 quznrendum
2875 2325 2992 2385 est,
3026 2318 3166 2374 unde
3189 2318 3467 2374 doceatur.
3506 2321 3578 2378 Et

1979 2400 2024 2453 si
2053 2401 2288 2458 nondum
2315 2402 2540 2460 docetur
2567 2446 2583 2470 ,
2616 2406 2849 2462 nondum
2881 2417 3104 2478 negetur
3132 2426 3147 2475 ;
3191 2410 3283 2465 sed
3315 2424 3461 2468 certe
3487 2413 3576 2468 vel

1917 2496 1953 2528 ο
1978 2491 2268 2550 dubitetur.
2305 2495 2380 2550 ita
2434 2504 2609 2552 tamen
2656 2506 2713 2553 ut
2759 2513 2974 2555 carnem
3017 2511 3434 2557 resurrectnram
3462 2520 3575 2560 non

1977 2584 2267 2652 dubitetur,
2313 2588 2588 2659 spirituale
2625 2604 2822 2661 corpus
2845 2591 3080 2647 futurum
3107 2608 3174 2648 ex
3202 2593 3418 2649 animali
3461 2611 3572 2651 non

1976 2675 2280 2744 dubitctur,
2326 2681 2674 2752 corruptibile
2703 2681 2805 2737 hoc
2856 2691 2912 2738 et
2953 2685 3178 2740 mortale
3203 2685 3305 2741 hoe
3348 2687 3574 2745 induere

1977 2768 2426 2826 immortalitatem
2447 2780 2500 2828 et
2537 2773 2988 2844 incorruptionem
3019 2790 3125 2830 non
3163 2776 3437 2833 dubitctur
3467 2797 3484 2834 :
3512 2790 3573 2835 ut

1973 2861 2029 2915 in
2055 2862 2190 2932 quod
2209 2863 2542 2933 pervenimus,
2567 2864 2620 2918 in
2645 2883 2704 2920 eo
2725 2867 3035 2923 mubulemus
3059 2866 3316 2941 (Philipp.
3346 2887 3422 2937 ιιι,
3447 2873 3564 2940 lli).

1975 2952 2136 3008 Certe
2155 2954 2200 3009 si
2228 2956 2388 3010 nimis
2427 2957 2746 3027 inquirendo
2786 2959 2838 3013 in
2869 2961 3049 3030 aliquo
3079 2959 3216 3017 forte
3240 2961 3518 3018 deviamns
3545 2983 3565 3032 ;

1973 3044 2162 3100 saltem
2191 3046 2242 3100 in
2271 3055 2536 3115 creatura,
2564 3063 2669 3103 non
2703 3049 2755 3103 in
2777 3048 3033 3106 Creatore
3060 3050 3357 3108 deviemus.
3385 3053 3565 3111 Cone-

1974 3144 2060 3191 tur
2080 3137 2438 3210 unusquisque
2469 3149 2723 3210 quantum
2759 3145 3006 3210 potuerit,
3037 3160 3236 3215 corpus
3252 3157 3563 3204 convertere

1974 3227 2026 3282 in
2073 3229 2354 3297 spiritum,
2403 3229 2526 3285 dum
2577 3241 2754 3288 tamen
2797 3235 2850 3289 in
2891 3251 3087 3307 corpus
3135 3255 3239 3292 non
3287 3249 3566 3297 convertat

1973 3319 2161 3375 Deum.

2359 3393 2591 3451 SERMO
2629 3396 2978 3453 CCLXXVIII
3022 3404 3036 3422 ⁶
3067 3400 3168 3473 (ιι).

1971 3480 2050 3536 De
2097 3485 2356 3539 vocatione
2404 3488 2618 3557 apostoli
2672 3487 2848 3558 Pauli,
2894 3501 2939 3545 et
2991 3496 3423 3551 commendatione
3463 3499 3558 3552 do-

2453 3578 2651 3634 minica:
2686 3583 2930 3636 orationis
2974 3585 3069 3650 (ιι).

2193 3675 2280 3718 Pro
2312 3667 2621 3722 solemnitate
2654 3676 2987 3725 conversionis
3017 3685 3060 3725 s.
3098 3676 3253 3739 Pauli,
3288 3695 3320 3729 ι.

2037 3747 2262 3805 CAPUT
2310 3751 2596 3808 PRIMUM.
2648 3785 2711 3794 —
2761 3756 2810 3810 l.
2863 3756 3060 3812 Paulus
3119 3778 3183 3816 ea:
3245 3775 3559 3833 persecutore

1968 3841 2270 3910 prwdicator
2296 3843 2497 3897 Christi.
2533 3841 2727 3900 Gratim
2759 3847 2849 3902 Dei
2867 3852 3153 3919 exemplum
3187 3856 3237 3908 in
3273 3855 3438 3910 Paulo
3465 3860 3555 3912 da-

1967 3941 2091 3993 tum.
2121 3948 2184 3986 ne
2209 3934 2392 4003 aliquis
2424 3949 2655 4007 peccator
2679 3939 2928 4009 desperet.
2960 3941 3129 3999 Hodie
3168 3943 3323 4000 lectio
3350 3947 3419 4003 de
3450 3951 3555 4005 Ac-

1966 4023 2105 4079 tibus
2151 4027 2525 4096 Apostolorum
2556 4030 2671 4086 luec
2699 4034 3040 4102 pronuntiata
3066 4047 3184 4105 est,
3226 4040 3313 4095 ubi
3340 4052 3558 4113 aposto-

1966 4114 2049 4170 lus
2076 4115 2271 4172 Paulus
2298 4134 2366 4174 ex
2407 4133 2751 4189 persecutore
2777 4123 3223 4196 Christianorum,
3264 4135 3557 4189 annuntia-

1966 4212 2051 4261 tor
2078 4208 2275 4263 Christi
2298 4209 2466 4266 factus
2509 4221 2609 4266 est.
2639 4213 2808 4270 Hodie
2843 4215 2894 4271 in
2924 4217 3028 4273 illis
3055 4219 3364 4291 regionibus
3391 4226 3556 4280 etiam

1965 4300 2080 4356 loca
2109 4301 2221 4372 ipsa
2266 4311 2550 4370 testantur,
2604 4307 2745 4377 quod
2787 4318 2912 4364 tunc
2939 4323 3149 4382 gestum
3177 4323 3260 4368 est
3291 4326 3386 4371 :et
3414 4334 3561 4373 nunc

1967 4392 2178 4463 legitur,
2213 4403 2266 4449 et
2293 4396 2549 4452 creditur.
2587 4397 2794 4454 Utilitas
2832 4413 3010 4457 autem
3063 4404 3140 4460 rei
3189 4415 3355 4477 gesta:
3397 4407 3558 4476 hujus

1968 4482 2082 4538 luec
2110 4494 2222 4550 est,
2257 4501 2413 4556 quam
2445 4489 2736 4559 Apostolus
2777 4491 2888 4560 ipse
2935 4507 3320 4550 commemorat
3347 4497 3401 4553 in
3431 4499 3559 4569 Epi-

1967 4576 2117 4629 stolis
2142 4577 2273 4631 suis.
2301 4577 2435 4632 Dicit
2464 4581 2606 4635 cnim
2634 4581 2700 4636 ad
2734 4581 2835 4637 hoc
2866 4583 2970 4639 sibi
2989 4587 3197 4641 veniam
3228 4578 3420 4645 datam
3440 4607 3554 4646 0m-

1968 4667 2108 4722 nium
2138 4680 2474 4739 peccatorum
2505 4689 2720 4729 suorum
2744 4718 2758 4739 ,
2791 4685 2844 4732 ct
2884 4679 3025 4735 illius
3065 4681 3259 4738 furoris
3283 4695 3446 4756 atque
3473 4687 3558 4742 in-

1967 4762 2128 4833 sanun
2150 4779 2251 4833 qua
2298 4767 2643 4834 pertralicbat
2688 4768 3024 4826 Christianos
3074 4773 3142 4828 ad
3195 4791 3420 4844 necem,
3466 4780 3557 4846 qui

1968 4854 2207 4910 minister
2231 4866 2344 4910 erat
2368 4855 2560 4914 furoris
2598 4858 2943 4930 iud-morum,
2972 4864 3084 4920 sive
3125 4865 3174 4920 in
3227 4867 3555 4937 lapidatione

2034 4970 2342 5038 :Gastjgatns
2371 4971 2431 5038 ad
2454 4971 2514 5022 cl.
2541 4972 2637 5038 ch:
2655 4972 2708 5038 _d.
2741 4987 2818 5038 gr.
2858 4989 2923 5024 m.
2967 4985 3020 5028 et
3057 4977 3117 5027 ad
3138 4977 3272 5028 L‘lim.
3301 4986 3405 5030 Par.
3445 4988 3540 5032 ιον

2029 5028 2102 5090 (α)
2137 5028 2276 5085 Alias.
2300 5031 2362 5082 de
2382 5036 2594 5083 Diversis
2610 5035 2686 5083 5i.

2029 5032 2079 5090 (α
2137 5032 2276 5085 Alias.
2300 5032 2362 5082 de
2382 5036 2594 5083 Diversis
2610 5035 2686 5083 5i.
2743 5032 2770 5038 ⁷

2029 5032 2102 5151 (bi
2133 5099 2245 5162 Cum
2270 5093 2360 5144 hoc
2383 5093 2522 5162 titulo
2545 5097 2803 5148 ediderunt
2825 5108 2932 5162 post
2955 5101 3281 5152 L‘limmerimn
3303 5106 3562 5156 Invenien-

1967 5164 2054 5226 ξοδ
2079 5155 2311 5226 {quibus
2336 5159 2646 5226 veterrimum
2677 5155 3016 5226 peruiauense
3061 5162 3339 5226 excutitur,
3380 5169 3478 5216 imo
3510 5155 3562 5219 et

1968 5213 2204 5285 [fossidi'us
2227 5217 2273 5264 in
2299 5217 2522 5285 tndjculo,
2550 5232 2655 5282 cap.
2673 5219 2722 5281 8,
2748 5219 3056 5285 suffragatur.
3088 5213 3254 5273 Florus
3277 5213 3558 5278 ninam":

1964 5280 2070 5325 Cor.
2096 5289 2172 5342 tu.
2203 5285 2254 5327 et
2281 5285 2297 5326 ι
2337 5279 2506 5342 't‘bess.
2548 5279 2621 5336 tv;
2660 5279 2714 5332 et
2743 5279 2939 5334 ιτὶιτιῖι
2959 5317 2974 5342 ,
2998 5298 3277 5335 sermonem
3308 5306 3330 5332 ι
3349 5290 3416 5339 de
3437 5298 3559 5340 con-

1973 5339 2459 5416 iversigneaa‘postoli
2485 5342 2610 5416 Pauli
2634 5342 2864 5416 appellat.
2889 5362 2909 5389 ι
2936 5339 3178 5416 _Baronius
3205 5350 3253 5398 in
3278 5339 3538 5416 ntartyrolo

1965 5399 2048 5462 sio
2068 5433 2082 5456 ι
2128 5399 2208 5467 (li?
2247 5399 2308 5467 33
2356 5402 2582 5467 iattuaril,
2607 5399 2742 5467 pn'tat
2788 5408 2834 5454 in
2877 5407 3185 5460 solemnitate
3231 5399 3560 5463 σωθείθῶ

1965 5459 2008 5508 S.
2036 5459 2161 5529 ηειιῆ
2187 5459 2402 5529 habitum
2425 5466 2489 5514 ah
2506 5459 2786 5529 Augustino.
2830 5470 2979 5529 unius
2999 5483 3120 5519 vero
3153 5459 3557 5524 calamitatis—iu

1964 5522 2164 5600 351‘.de
2183 5522 3114 5600 ἔλδεαιθξὲηθιιξξδῖεεαιφδὶωαῖβράφὴο
3143 5547 3324 5600 ηαξ-δ

1967 5547 2164 5584 quth
2186 5547 2577 5596 armang
2597 5547 3114 5642 necte-stinwteruat'to
3143 5547 3324 5606 τροφῇ

1967 5581 2096 5658 trulla
2123 5594 2320 5635 mentio.
2349 5591 2410 5658 _tit
2431 5587 2733 5658 certeinjra.
2774 5605 2878 5658 cap.
2910 5594 2925 5642 l
2968 5629 2984 5658 η
3031 5593 3103 5643 lus
3126 5598 3305 5658 verbis.
3342 5604 3424 5646 «Si
3465 5609 3558 5646 non

1974 5661 1994 5687 .
2021 5643 2131 5720 ³⁸
2153 5663 2188 5716 ⁸-
2210 5649 2559 5720 imiimi?“
2578 5643 2848 5720 ξδίθτίητῖἒ
2871 5643 3163 5720 ληφῖεριιιιιιιξ
3176 5643 3305 5720 ,ίὲἶξῗ
3331 5643 3424 5720 Per

1971 5723 1992 5770 ε
2017 5705 2360 5782 dicsviduaut,
2380 5726 2403 5764 ν)
2431 5719 2552 5782 _etct.
2574 5713 2840 5782 designari,
2856 5705 3076 5782 sitinter
3093 5705 3316 5780 tamin

1967 5767 2079 5844 riuo,
2106 5775 2156 5814 ut,
2181 5776 2345 5818 notum
2373 5778 2464 5822 est.
2493 5766 2715 5844 tempori"
2728 5766 2992 5840 legebatur
3017 5766 3128 5828 olim
3150 5766 3554 5844 Ei‘EipiiilitTaiii

1971 5825 2094 5876 liner
2117 5840 2313 5880 AL‘lttttttl
2339 5842 2388 5882 At
2404 5833 2570 5883 estolot
2587 5825 2668 5885 um
