1963 3094
156 214 224 242 1269

154 270 238 297 uincti
253 267 378 303 martyris
390 265 529 301 Stephani,
543 265 600 292 sive
615 264 642 292 in
662 263 767 291 ceteris
787 260 945 290 exbibendis

154 320 182 344 et
195 313 359 342 adducendis
371 312 404 341 ad
419 319 543 347 ponam;
567 314 597 338 ut
614 315 700 338 nemo
715 309 750 337 de
761 315 791 337 se
811 307 947 342 desperet,

153 362 199 397 qui
214 361 293 388 fuerit
307 359 410 395 magnis
423 358 538 394 peccatis
552 357 687 385 involutus
697 376 704 389 ,
727 360 756 383 et
769 354 876 390 magnis
888 361 947 381 sce-

155 407 255 435 leribus
268 405 411 437 irretitus,
426 403 502 439 quasi
514 402 619 431 veniam
635 409 691 430 nou
710 401 745 428 sit
771 404 946 435 accepturus,

130 479 137 482 _
155 454 336 481 siwnvcrsus
358 450 438 478 fuerit
457 449 490 476 ad
511 456 592 482 eum,
607 448 652 483 qui
677 446 797 482 pendens
818 445 844 472 in
868 450 949 473 cruce

154 498 241 526 oravit
254 505 302 533 pro
318 495 533 531 persecutoribus
546 495 640 522 dicens
653 502 660 520 :
673 492 760 524 Pater,
770 492 871 526 ignosce
882 490 947 523 illis,

155 544 215 578 quia
225 543 338 570 nesciant
350 541 412 576 quid
424 541 521 576 faciunt
536 539 610 575 (Luc.
624 546 702 571 unt,
718 537 777 573 δι).
793 536 891 564 Factus
908 539 950 562 est

157 591 200 617 ille
218 597 250 617 ex
272 592 441 623 persecutore
468 586 625 621 prmdicator
649 589 677 611 et
694 584 789 611 doctor
811 582 947 623 Gentium.

160 644 168 661 ι
188 635 236 662 Fui
259 634 354 669 primo,
365 633 458 667 inquit,
474 632 645 666 blasphemus
657 634 685 658 et
698 632 852 664 perseeutor
869 631 897 655 et
909 626 950 653 in-

155 681 272 714 iuriosus
287 689 293 707 :
306 679 352 707 sed
366 679 425 706 ideo
436 677 650 705 misericordiam
665 678 825 703 consecutus
835 681 906 705 sum,
921 678 950 700 ut

158 726 184 753 in
200 734 241 753 me
263 726 347 761 primo
365 725 518 752 ostenderet
531 724 654 751 Christus
668 722 748 750 Iesus
761 728 868 748 omnem
890 720 950 748 lon—

157 772 341 806 ganimitatcm
353 792 360 803 ,
376 771 409 798 ad
421 770 634 797 informationem
652 775 744 795 eorum
761 767 806 802 qui
823 765 951 793 credituri

159 823 220 845 sunt
233 819 267 844 illi
283 819 307 844 in
322 818 402 844 vitam
418 822 543 844 aeternam
558 816 579 851 (l
595 815 660 842 Tim.
681 814 746 847 ι,ίὸ
761 820 784 841 et
796 812 950 848 i6).Gratia

157 865 228 892 enim
243 864 289 892 Dei
302 863 368 892 salvi
381 863 514 891 efﬁcimur
524 870 539 889 a
552 862 668 897 peccatis
681 860 780 888 nostris
790 880 798 893 ,
812 860 838 887 in
853 859 951 894 quibus

157 914 327 944 argrotamus.
355 908 447 941 Illius,
471 908 542 935 illius
564 906 693 934 medicina
717 909 776 937 est.
801 912 861 939 qua:
875 907 952 931 sanat

160 955 285 991 animam.
301 954 367 982 Nam
388 961 418 982 se
431 954 488 989 ipsa
510 953 650 981 vulnerare
669 952 771 987 potuit,
786 957 882 978 sanare
897 956 951 976 non

159 1002 254 1035 potuit.

195 1047 222 1074 2.
242 1046 383 1082 .Egrotare
400 1052 423 1074 et
438 1046 610 1074 conualescere
630 1053 679 1072 non
697 1052 767 1079 atque
781 1043 853 1070 habet
876 1042 953 1069 homo

161 1092 186 1128 in
200 1097 329 1126 potestule.
344 1091 386 1119 Ea:
397 1091 476 1119 libera
490 1091 598 1118 [taurinis
614 1090 742 1117 voluntate
754 1096 836 1116 tamen
852 1087 950 1114 mortis.

162 1136 276 1164 Medicus
288 1137 390 1172 proprie
402 1137 467 1171 quis.
493 1136 614 1170 Namque
633 1140 660 1162 et
675 1135 701 1161 in
725 1133 910 1168 ipsocorpore
925 1131 951 1158 in

160 1187 292 1217 potestate
305 1181 385 1208 habet
404 1181 484 1208 homo
503 1185 648 1215 mgrotare,
659 1178 846 1206 convalescere
860 1181 952 1204 autem

161 1235 214 1255 non
229 1228 263 1254 ita
275 1227 353 1254 habet
367 1226 395 1253 in
408 1230 551 1261 potestate.
565 1225 595 1253 Si
609 1225 682 1253 enim
697 1223 810 1252 excedat
829 1222 950 1254 modum,

162 1278 189 1301 et
209 1272 417 1307 intemperanter
436 1271 521 1303 vivat,
538 1270 667 1305 faciatque
682 1269 727 1296 illa
740 1276 799 1303 qus
826 1271 889 1295 sunt
913 1266 958 1293 ina

163 1317 302 1345 commoda
318 1316 474 1349 valetudini,
494 1320 523 1344 et
545 1315 722 1350 expugnanda
735 1313 885 1345 sanitatem,
900 1319 953 1339 uno

163 1364 220 1395 die,
236 1364 258 1390 si
271 1363 339 1396 vult,
352 1363 424 1390 cadit
439 1363 464 1389 in
481 1362 608 1394 morbos;
625 1368 676 1388 non
697 1364 786 1387 autem
800 1366 861 1386 cmn
884 1357 955 1385 ceti-

163 1409 249 1440 derit,
263 1409 436 1437 convalescit.
451 1408 485 1436 Ut
497 1408 567 1435 enim
583 1410 712 1441 mgrotet,
728 1413 758 1432 se
774 1404 860 1439 ipsum
876 1402 954 1430 adhi-

165 1446 208 1483 bet
221 1455 254 1482 ad
273 1454 524 1489 intemperantiam:
539 1457 567 1479 ut
589 1456 678 1479 autem
700 1450 882 1481 convalescat,
899 1456 957 1475 me-

164 1500 252 1528 dicum
266 1500 375 1527 adhibet
388 1499 421 1526 ad
432 1498 555 1526 salutem.
571 1496 629 1524 Non
643 1496 714 1523 enim
730 1498 835 1530 potest,
846 1498 875 1521 ut
885 1493 955 1520 dixi-

166 1554 242 1579 mus,
266 1546 292 1572 in
322 1549 452 1579 potestate
473 1543 572 1571 habere
595 1541 774 1577 recipiendam
796 1540 954 1572 sanitatem,

165 1590 298 1626 quomodo
313 1590 393 1617 habet
405 1589 430 1616 iu
447 1592 577 1624 potestate
589 1586 775 1615 amittendam.

201 1634 313 1663 CAPUT
335 1635 365 1662 ll.
379 1649 415 1654 —
430 1634 475 1662 Sic
497 1633 578 1660 etiam
601 1632 746 1660 secundum
769 1631 902 1664 animam,
928 1635 957 1658 ut

165 1680 301 1716 peccando
315 1681 339 1707 in
354 1685 468 1707 mortem
479 1679 587 1706 caderet
605 1679 695 1709 homo.
715 1682 744 1704 ut
755 1685 789 1705 ex
813 1677 956 1705 immortali

166 1726 287 1753 mortalis
302 1725 386 1758 ﬁeret,
402 1729 431 1752 ut
445 1724 606 1753 subderetur
620 1724 726 1751 diabolo
740 1723 884 1755 seductori.
907 1723 959 1751 fuit

164 1773 193 1799 in
208 1771 267 1806 ejus
278 1772 360 1798 libero
368 1771 492 1803 arbitrio;
504 1778 557 1806 quo
568 1770 735 1797 adinferiora
745 1769 902 1798 declinando
913 1777 958 1797 su-

167 1819 270 1854 periora
285 1818 416 1850 deseruit,
431 1822 554 1845 etaurcm
567 1816 713 1852 pra-bendo
722 1816 850 1850 serpenti,
865 1823 957 1843 aurem

166 1863 301 1891 clausitad
313 1863 406 1895 Deum,
424 1867 451 1890 at
462 1870 504 1897 gue
512 1861 753 1889 constitutusinter
767 1865 956 1895 praeceptorem

166 1917 193 1938 ct
199 1911 376 1942 seductorem,
384 1909 467 1944 magis
473 1908 604 1935 seductori
612 1914 689 1942 quam
698 1907 853 1941 prmceptori
860 1907 959 1935 obtem-

167 1965 259 1991 perare
271 1956 378 1991 delegit.
395 1954 471 1983 Unde
482 1954 553 1982 enim
567 1954 667 1981 audivit
680 1953 772 1984 Deum,
786 1952 849 1980 inde
858 1953 959 1979 audivit

166 2003 310 2030 diabolum.
326 2002 413 2036 Quare
428 2009 491 2036 ergo
518 2008 571 2028 non
596 2000 684 2035 potius
707 2000 811 2027 meliori
825 1999 958 2027 credidit?

167 2048 281 2084 Ideoque
294 2048 394 2076 invenit
409 2055 500 2075 verum
519 2054 579 2074 esse
603 2045 672 2081 quod
695 2045 853 2080 prmdixerat
872 2045 956 2080 Deus,

168 2095 262 2121 falsum
277 2094 346 2129 quod
367 2093 528 2128 promiserat
548 2092 680 2119 diabolus.
705 2091 768 2119 llmc
782 2092 868 2126 prima
882 2091 958 2126 origo

171 2140 300 2166 malorum
317 2143 479 2170 n0strorum,
493 2137 551 2164 haec
559 2137 634 2164 radix
647 2136 766 2164 onmium
779 2136 956 2168 miseriarum,

170 2184 219 2211 hoc
232 2191 322 2211 semen
339 2185 432 2210 mortis
445 2191 477 2211 ex
494 2182 598 2217 propria
612 2186 638 2209 et
654 2182 736 2209 libera
750 2181 885 2209 voluntate
905 2183 959 2217 pri-

168 2231 203 2257 mi
220 2229 333 2257 hominis
348 2238 354 2256 :
370 2229 413 2265 qui
436 2232 474 2257 sic
495 2235 536 2257 est
551 2228 635 2255 factus
647 2248 654 2261 ,
670 2233 697 2255 ιιι
714 2228 736 2255 si
751 2228 872 2255 obediret
886 2228 958 2261 Deo,

169 2284 276 2311 semper
289 2276 381 2303 beatus
407 2279 435 2303 et
453 2275 610 2303 immortalis
622 2278 711 2306 esset;
738 2273 762 2301 si
774 2274 920 2308 negligeret
933 2278 961 2301 et

167 2327 352 2351 contemneret
366 2327 525 2358 [incoeptum
545 2322 604 2356 ejus
614 2342 622 2355 ,
638 2321 683 2356 qui
694 2321 800 2348 volebat
814 2321 839 2348 in
854 2321 899 2349 illo
914 2329 959 2349 sa—

168 2370 250 2397 lutem
269 2373 423 2404 perpetuam
436 2368 588 2399 custodire,
608 2366 633 2394 in
652 2366 773 2394 morbum
788 2367 960 2395 mortalitatis

169 2418 293 2444 irrueret.
308 2416 383 2443 Tunc
396 2422 459 2450 ergo
473 2414 592 2442 medicus
605 2420 620 2440 a
641 2420 706 2440 sano
718 2417 887 2447 contemptus
900 2418 940 2440 est
950 2434 958 2447 ,

168 2470 239 2490 nunc
255 2467 330 2489 curat
350 2466 489 2497 :cgrotnm.
508 2460 565 2488 Alia
577 2464 640 2488 sunt
654 2459 724 2487 enim
741 2464 885 2495 prazcepta,
901 2468 960 2495 qua:

169 2509 216 2536 dat
237 2509 367 2537 medicina
390 2508 422 2535 ad
446 2507 587 2536 tenendam
614 2507 773 2538 sanitatem;
795 2507 867 2533 sanis
888 2506 959 2533 enim

168 2555 275 2589 dantur,
301 2562 336 2582 nc
361 2558 491 2589 mgrotcnt
511 2553 584 2580 :alia
609 2556 672 2580 sunt
690 2555 796 2584 autent,
822 2558 882 2586 qum
905 2551 961 2586 jam

169 2601 261 2635 a-groti
275 2600 417 2635 accipiunt,
432 2604 461 2627 ut
472 2603 630 2634 recnperent
644 2597 715 2634 quod
729 2597 887 2625 amiserunt.

205 2646 317 2675 CAPUT
338 2645 418 2674 lll.—
428 2646 530 2673 Bonum
545 2650 601 2672 erat
616 2644 716 2671 homini
732 2648 761 2671 ut
773 2643 894 2671 obediret
905 2651 961 2670 mc-

170 2692 249 2725 dico,
263 2699 324 2719 cum
339 2699 420 2719 sanus
439 2696 526 2722 esset,
554 2697 587 2717 ne
608 2690 727 2716 medicus
746 2689 783 2716 illi
798 2696 866 2724 opus
879 2694 960 2716 esset.

173 2738 233 2765 Non
255 2743 289 2766 cal
309 2738 380 2765 enim
402 2745 466 2771 opus
479 2737 547 2764 saltis
571 2735 691 2767 medicus,
707 2735 752 2762 sed
769 2734 960 2770 wgrotantibua.

172 2785 282 2819 Proprie
293 2784 391 2819 quippe
402 2783 519 2811 medicus
533 2782 641 2815 dicitur,
656 2789 702 2816 per
713 2789 792 2816 quem
804 2781 904 2809 sanitas
916 2788 960 2808 re-

172 2835 322 2865 cuperatur.
335 2829 401 2857 Nam
412 2836 517 2863 semper
531 2828 601 2856 Deus
611 2827 730 2855 medicus
744 2834 811 2862 opus
825 2832 867 2855 est
880 2826 959 2854 etiam

171 2878 254 2911 sanis,
272 2882 301 2905 ut
319 2878 419 2905 sanitas
432 2877 488 2912 ipsa
506 2881 636 2905 teneatur.
652 2875 754 2903 Bonum
766 2883 830 2910 ergo
845 2874 883 2902 illi
903 2879 962 2902 erat

172 2931 263 2953 tenere
292 2929 444 2962 perpetuam
465 2922 620 2954 sanitatem.
637 2922 662 2950 in
678 2929 729 2957 qua
752 2922 875 2950 conditus
892 2926 961 2950 erat.

785 204 902 234 SIMIO
919 202 1034 232 CCLXX
1039 201 1103 231 ﬂii.

1724 210 1793 237 4⁸270

1006 258 1183 295 Contempsit.
1199 260 1297 289 abusus
1310 265 1367 295 ut,
1384 262 1585 298 lntemperantia
1598 271 1644 291 sua
1657 265 1755 294 decidit
1768 275 1794 294 to

1002 304 1100 331 malam
1128 304 1308 334 valetudinem
1335 307 1413 343 hujus
1440 309 1731 339 mortalitatiszaudiat
1753 313 1793 340 vel

1001 349 1083 377 modo
1095 351 1293 387 pmipientem
1308 353 1448 387 medicum,
1461 358 1490 382 ut
1502 355 1586 390 possit
1598 355 1660 384 inde
1672 364 1791 392 surgere,

1002 405 1056 432 quo
1068 405 1115 433 per
1129 404 1284 433 peccatum,
1301 400 1358 435 ipse
1371 400 1508 429 decubuit.

1038 443 1065 471 5.
1081 443 1206 480 Egrottu
1216 450 1342 481 praecepta
1349 447 1438 474 medici
1452 447 1604 476 observando
1614 449 1714 477 nonnisi
1728 458 1792 485 pau-

1003 489 1075 516 latim
1090 490 1120 524 ﬁt
1133 498 1221 518 sanus.
1237 491 1288 518 Sed
1304 492 1391 526 plane,
1409 492 1512 526 fratres,
1528 495 1750 529 quemadmodum
1767 497 1792 523 in

1003 533 1060 569 ipsa
1076 535 1205 563 medicina
1220 544 1300 564 sanus
1314 536 1435 565 faciendo
1456 545 1517 574 qua:
1539 540 1651 574 imperat
1664 542 1793 577 sapientia

1002 580 1111 613 salutis,
1126 586 1217 609 manet
1240 582 1268 609 in
1288 590 1321 610 eo
1342 583 1412 618 quod
1434 583 1530 617 habet;
1545 587 1565 612 si
1581 590 1669 613 autem
1681 588 1794 621 cceperit

1003 631 1148 661 mgrotare,
1177 627 1269 664 incipit
1288 629 1380 657 audire
1396 636 1573 666 prmccptum,
1590 637 1615 660 et
1638 633 1730 668 incipit
1755 633 1794 661 fa-

1003 680 1082 707 cere,
1110 674 1133 701 si
1160 681 1229 702 vere
1253 679 1328 702 curat
1355 677 1472 711 recipere
1495 677 1589 705 bonam
1615 682 1642 705 rt
1667 679 1795 714 integram

1004 719 1200 751 valetudinem;
1228 728 1289 748 cum
1316 726 1404 749 autem
1429 723 1543 756 ceperit
1562 722 1589 750 id
1612 723 1717 756 facere,
1742 732 1796 752 non

1004 765 1131 792 continuo
1154 765 1212 800 jam
1232 773 1313 794 sanus
1335 771 1390 799 est;
1406 767 1454 795 sed
1473 767 1523 795 diu-
1545 768 1711 796 observanda
1734 777 1796 804 pcr-
1825 762 1827 765 ’

1004 811 1077 838 venit
1099 811 1133 839 ad
1162 812 1234 839 illam
1261 813 1415 846 sanitatem,
1431 821 1510 848 quam
1534 815 1622 842 minus
1642 820 1795 850 temperan-

1004 857 1039 885 do
1068 858 1240 893 perdiderat:
1257 858 1308 887 hoc
1332 859 1372 887 illi
1396 865 1484 887 autem
1509 861 1617 895 prodest
1642 862 1713 897 quod
1739 863 1794 898 jam

1004 903 1259 938 iucipitobservare,
1275 912 1310 932 ne
1328 910 1423 940 augeat
1434 906 1632 940 aegritudinem,
1649 913 1676 935 et
1696 913 1726 936 ut
1740 916 1792 936 non

1004 949 1090 976 solum
1101 949 1219 977 deterior
1230 957 1283 977 non
1296 951 1351 982 fiat,
1364 950 1413 978 sed
1424 952 1504 978 etiam
1520 952 1635 986 incipiat;
1643 954 1739 982 melius
1749 954 1797 981 ha-

1005 994 1084 1027 bere,
1100 995 1145 1029 qui
1161 994 1286 1030 paulatim
1303 996 1330 1022 tit
1344 1003 1443 1023 sanus:
1459 1004 1523 1032 spes
1534 1002 1577 1025 est
1586 999 1657 1026 enim
1671 1000 1796 1034 perfecta:

1004 1040 1137 1073 sanitatis,
1151 1040 1257 1076 quando
1272 1041 1362 1076 incipit
1374 1041 1459 1072 homo-
1465 1043 1552 1071 minus
1562 1045 1704 1080 minusque
1712 1053 1798 1081 aegre:

1006 1090 1072 1113 tare.
1093 1086 1138 1113 Sic
1152 1086 1232 1114 etiam
1244 1087 1316 1121 juste
1341 1087 1430 1116 vivere
1452 1088 1478 1116 in
1501 1089 1552 1117 hac
1576 1090 1645 1123 vita,
1669 1092 1732 1127 quid
1757 1097 1798 1119 est

1004 1130 1086 1162 aliud,
1102 1130 1154 1157 nisi
1177 1131 1271 1159 audire
1295 1138 1428 1167 prmcepta
1442 1133 1509 1168 legis
1522 1154 1530 1167 ,
1554 1140 1581 1162 et
1595 1135 1702 1165 facere?
1712 1136 1779 1163 Num
1788 1152 1797 1157 -

1004 1174 1068 1209 quid
1081 1182 1145 1209 ergo
1155 1176 1314 1211 quicumque
1328 1176 1427 1205 faciunt
1441 1184 1573 1214 praecepta
1587 1180 1662 1216 legis,
1671 1182 1727 1216 jam
1739 1183 1797 1210 sani

1005 1219 1087 1246 sunt?
1100 1219 1222 1248 Nondum
1238 1229 1245 1248 :
1259 1221 1306 1249 sed
1319 1226 1347 1249 ut
1359 1223 1417 1250 sani
1441 1223 1515 1257 fiatut,
1542 1224 1651 1253 faciunt.
1675 1226 1733 1255 Non
1748 1227 1797 1254 dc-

1007 1264 1097 1293 ticiaut
1114 1265 1237 1294 faciendo
1250 1275 1257 1293 :
1272 1268 1332 1302 quia
1340 1268 1474 1303 paulatim
1489 1270 1616 1306 recipitur
1630 1272 1703 1307 quod
1714 1273 1798 1301 semei

1007 1311 1135 1338 amissum
1147 1316 1196 1339 cst.
1210 1312 1238 1340 Si
1251 1313 1323 1340 enim
1335 1315 1389 1342 cito
1403 1314 1503 1342 rediret
1515 1315 1596 1344 homo
1608 1317 1642 1344 ad
1658 1318 1797 1352 pristinam

1008 1357 1216 1392 beatitudinem,
1245 1359 1325 1387 ludus
1350 1360 1385 1388 illi
1409 1367 1481 1389 esset
1503 1363 1638 1397 peccando
1661 1364 1757 1392 cadere
1773 1366 1798 1392 iu

1007 1410 1132 1432 mortem.

1042 1450 1156 1479 CAPUT
1176 1450 1219 1479 IV.
1230 1466 1258 1472 σ-
1275 1452 1301 1479 ι.
1327 1452 1394 1479 Cum
1412 1454 1542 1489 prmeptis
1568 1455 1658 1482 medici
1677 1456 1794 1490 ferendus

1007 1497 1084 1523 etiam
1105 1497 1178 1524 dolor
1187 1498 1312 1525 sartionis.
1333 1498 1435 1527 Cecidit
1456 1500 1584 1535 quisque,
1605 1501 1680 1528 verbi
1704 1502 1799 1537 gratia,

1009 1541 1034 1568 in
1051 1542 1172 1569 morbum
1187 1544 1308 1579 carperis
1328 1551 1378 1578 per
1397 1545 1641 1580 intemperantiam,
1656 1552 1745 1574 natum
1760 1552 1801 1573 ost

1009 1587 1046 1614 illi
1067 1588 1167 1623 aliquit]
1192 1589 1218 1616 in
1237 1597 1361 1625 corpore,
1375 1591 1446 1625 quod
1461 1598 1529 1626 opus
1539 1596 1581 1619 est
1594 1592 1675 1620 etiam
1689 1592 1774 1620 secari
1791 1602 1796 1619 :

1009 1634 1068 1661 sine
1077 1634 1159 1662 dubio
1172 1634 1280 1663 dolores
1293 1643 1423 1671 passurus
1437 1641 1498 1671 est;
1518 1637 1565 1665 sed
1579 1637 1686 1666 dolores
1699 1638 1735 1666 illi
1748 1647 1800 1665 non

1009 1685 1086 1708 erunt
1098 1680 1265 1709 infructuosi.
1281 1682 1311 1709 Si
1325 1682 1432 1710 dolores
1447 1683 1575 1710 sectiouis
1595 1684 1649 1718 pati
1663 1691 1715 1711 non
1727 1684 1783 1711 vult
1793 1705 1800 1716 ,

1010 1734 1115 1754 vermes
1129 1727 1275 1760 putrediuis
1292 1728 1414 1761 patietur.
1429 1728 1522 1763 Incipit
1537 1736 1600 1763 ergo
1610 1730 1701 1757 dicere
1715 1730 1801 1757 medi-

1010 1780 1056 1800 cus
1066 1780 1073 1798 ε
1085 1771 1203 1799 Observa
1217 1773 1278 1799 illud
1294 1778 1373 1808 atque
1389 1773 1462 1806 illud,
1480 1773 1531 1800 hoc
1546 1774 1599 1801 noli
1613 1778 1732 1810 tangere,
1748 1776 1800 1802 noli

1011 1818 1062 1844 isto
1085 1818 1145 1845 cibo
1166 1818 1203 1845 uti
1229 1819 1269 1845 vel
1285 1823 1360 1853 potu.
1382 1819 1516 1853 inquietus
1530 1826 1588 1846 esse
1611 1820 1644 1847 ad
1660 1820 1731 1847 illam
1745 1828 1802 1848 rem

1011 1860 1075 1887 noli.
1090 1859 1184 1894 Incipit
1195 1859 1293 1892 facere,
1307 1860 1362 1894 jam
1376 1860 1521 1888 observans
1534 1866 1575 1888 est
1588 1866 1801 1896 praeceptorum;

1011 1904 1058 1932 sed
1071 1904 1188 1932 nondum
1203 1912 1293 1932 sanus.
1310 1905 1368 1938 Quo
1383 1912 1447 1940 ergo
1469 1905 1540 1933 valet
1562 1907 1632 1941 quod
1655 1907 1803 1935 observat?

1010 1951 1049 1979 Ne
1064 1951 1145 1986 pestis
1160 1958 1219 1986 qua:
1242 1951 1279 1978 illi
1300 1951 1398 1978 accidit
1408 1956 1545 1986 augeatur,
1561 1957 1641 1987 atque
1666 1957 1694 1979 ut
1721 1952 1801 1980 etiam

1012 1997 1154 2024 minuatur.
1183 1997 1251 2032 Quid
1271 2004 1336 2032 ergo
1358 1998 1497 2032 sequitur?
1518 1998 1635 2026 Accedat
1649 2003 1755 2034 oportet
1769 1999 1803 2026 ad

1011 2042 1224 2070 observationem
1248 2047 1440 2077 praeceptorum
1464 2043 1545 2069 etiam
1571 2043 1665 2070 medici
1687 2045 1803 2071 secantis

1012 2095 1106 2115 manus
1118 2108 1125 2120 ,
1140 2092 1168 2115 et
1183 2088 1290 2116 dolores
1311 2088 1431 2116 salubres
1446 2088 1598 2123 indigentis.
1625 2088 1653 2116 Si
1676 2096 1740 2124 ergo
1756 2089 1800 2116 illo.

1012 2134 1115 2169 positus
1129 2134 1261 2162 inulccrc
1287 2134 1394 2169 putrido
1416 2134 1498 2167 dicat,
1515 2134 1584 2169 Quid
1608 2135 1671 2162 mihi
1697 2134 1805 2170 prodest

1012 2181 1073 2216 quia
1085 2181 1198 2208 observo
1212 2186 1343 2215 percepta
1354 2201 1362 2214 ,
1384 2180 1405 2208 si
1422 2180 1531 2208 dolores
1545 2181 1631 2215 patior
1654 2181 1805 2209 sectionis?

1013 2228 1205 2263 respondetur,
1221 2227 1272 2256 Sed
1290 2232 1402 2263 utroque
1422 2227 1559 2255 curaberis
1570 2247 1577 2261 ,
1594 2231 1621 2255 et
1634 2227 1803 2255 observantia

1012 2280 1223 2311 praceptorum,
1248 2278 1277 2302 et
1295 2273 1434 2301 tolerantia
1460 2273 1594 2301 dolorum.
1623 2273 1738 2302 Tantum
1765 2279 1806 2301 est

1013 2323 1083 2350 enim
1109 2322 1179 2357 quod
1206 2321 1290 2349 fecisti
1306 2321 1371 2354 tibi,
1397 2328 1451 2348 non
1465 2320 1633 2348 observando
1645 2328 1705 2348 cum
1724 2327 1806 2349 sanus

1013 2375 1097 2396 esses.
1108 2368 1252 2403 Acqniesce
1263 2367 1351 2401 itaque
1359 2366 1475 2399 medico,
1487 2366 1574 2394 donec
1586 2367 1708 2396 Sancris:
1721 2366 1806 2393 meri-
1825 2397 1830 2401 _

1015 2419 1069 2441 tum
1077 2418 1118 2440 est
1125 2413 1195 2440 enim
1206 2412 1301 2440 ulceris
1310 2412 1357 2444 tui,
1369 2411 1496 2446 quidquid
1507 2412 1603 2445 pateris
1609 2410 1803 2439 molestiarum.
1825 2431 1831 2447 λ

1049 2458 1160 2486 CAPUT
1183 2458 1250 2484 V.—
1259 2457 1286 2484 5.
1302 2456 1417 2484 Christus
1432 2456 1543 2482 medicus
1552 2456 1676 2491 quonwdo
1686 2464 1732 2483 nos
1742 2464 1805 2491 path
1826 2473 1832 2491 ς

1015 2505 1086 2532 latim
1099 2507 1181 2532 sariat.
1197 2503 1242 2531 Sic
1256 2503 1329 2529 venit
1338 2502 1373 2529 ad
1387 2501 1514 2528 afflictum
1529 2506 1555 2528 et
1570 2501 1735 2529 laborantem
1747 2508 1805 2529 me-
1822 2494 1825 2497 ’

1014 2551 1091 2578 dicus
1102 2549 1240 2581 Christus,
1255 2548 1299 2582 qui
1315 2547 1352 2574 ait
1367 2555 1374 2574 :
1391 2546 1452 2574 Non
1465 2551 1502 2574 est
1518 2554 1582 2582 opus
1598 2547 1668 2574 sanis
1680 2546 1808 2580 medicus,

1014 2597 1059 2624 sed
1066 2596 1131 2623 male
1142 2594 1298 2623 habentibus.
1312 2593 1371 2621 Non
1384 2594 1439 2620 veni
1457 2601 1546 2620 vocare
1550 2594 1644 2630 justas,
1658 2593 1703 2620 sed
1714 2601 1803 2629 pecco.

1016 2648 1081 2670 tores
1089 2641 1194 2678 (Matt/1.
1206 2648 1246 2673 ut,
1258 2640 1292 2668 12
1301 2645 1325 2668 et
1336 2639 1389 2675 l5).
1400 2639 1483 2667 Vocat
1497 2643 1649 2674 peccatores
1657 2638 1690 2667 ad
1703 2646 1806 2674 pacem.

1016 2694 1093 2717 vocat
1114 2692 1275 2723 mgrotantcs
1297 2687 1329 2714 ad
1355 2686 1507 2714 sanitatem.
1523 2685 1744 2721 lmperattidem,
1758 2686 1807 2713 im-

1017 2741 1090 2770 perat
1103 2734 1292 2762 continentiam
1303 2754 1311 2767 ,
1324 2733 1546 2768 temperantiam,
1561 2732 1750 2765 sobrietatem;
1764 2740 1808 2761 re-

1017 2782 1103 2809 frenat
1111 2780 1353 2816 concupiscentiam
1365 2773 1488 2806 Δεινιιτίιίςε
1501 2778 1581 2807 :dicit
1593 2779 1655 2814 quid
1669 2778 1807 2812 faciamus,

1016 2828 1077 2863 quid
1094 2827 1275 2854 observemus.
1292 2825 1342 2860 Qui
1356 2825 1481 2853 observat
1493 2824 1561 2858 base,
1582 2824 1637 2860 jam
1653 2829 1741 2860 potest
1753 2824 1807 2853 dici

1014 2874 1085 2908 juste
1112 2873 1204 2901 vivere
1223 2872 1368 2906 segnndum
1401 2876 1561 2907 prmceptum
1583 2871 1722 2900 medicina:
1737 2880 1744 2899 :
1758 2871 1806 2899 sed

1018 2921 1133 2949 nondum
1147 2919 1245 2955 recepit
1260 2916 1331 2947 illam
1341 2918 1481 2947 sanitatem
1491 2922 1518 2946 ct
1530 2918 1600 2946 illam
1611 2918 1740 2950 integram
1756 2924 1814 2945 va-A
