  <div class='ocr_page' id='page_1' title='image "/cluster/home/n/w/nwhite01/storage/ocr_20150623/38/hvd.32044096580600/641.png"; bbox 0 0 3926 6188; ppageno 0'>
   <div class='ocr_carea' id='block_1_1' title="bbox 316 350 447 407">
    <p class='ocr_par' dir='ltr' id='par_1_1' title="bbox 316 350 447 407">
     <span class='ocr_line' id='line_1_1' title="bbox 316 350 447 407; baseline 0.008 -3"><span class='ocrx_word' id='word_1_1' title='bbox 316 350 447 407; x_wconf 71' lang='grc' dir='ltr'><strong>ηπ</strong></span> 
     </span>
    </p>
   </div>
   <div class='ocr_carea' id='block_1_2' title="bbox 315 456 1892 536">
    <p class='ocr_par' dir='ltr' id='par_1_2' title="bbox 315 456 1892 536">
     <span class='ocr_line' id='line_1_2' title="bbox 315 456 1892 536; baseline -0.008 -13"><span class='ocrx_word' id='word_1_2' title='bbox 315 468 604 532; x_wconf 73' lang='lat' dir='ltr'><strong>lettulincm</strong></span> <span class='ocrx_word' id='word_1_3' title='bbox 623 508 640 535; x_wconf 93' lang='lat'><strong>,</strong></span> <span class='ocrx_word' id='word_1_4' title='bbox 671 481 830 536; x_wconf 87' lang='lat' dir='ltr'><strong>quam</strong></span> <span class='ocrx_word' id='word_1_5' title='bbox 859 465 1002 520; x_wconf 83' lang='lat' dir='ltr'><strong>Deus</strong></span> <span class='ocrx_word' id='word_1_6' title='bbox 1027 461 1288 535; x_wconf 88' lang='lat' dir='ltr'><strong>promittit</strong></span> <span class='ocrx_word' id='word_1_7' title='bbox 1315 475 1409 532; x_wconf 84' lang='lat' dir='ltr'><strong>per</strong></span> <span class='ocrx_word' id='word_1_8' title='bbox 1428 457 1746 531; x_wconf 76' lang='lat' dir='ltr'><strong>Apostolum</strong></span> <span class='ocrx_word' id='word_1_9' title='bbox 1765 499 1781 522; x_wconf 96' lang='lat'><strong>,</strong></span> <span class='ocrx_word' id='word_1_10' title='bbox 1809 456 1892 511; x_wconf 75' lang='lat' dir='ltr'><strong>di-</strong></span> 
     </span>
    </p>
   </div>
   <div class='ocr_carea' id='block_1_3' title="bbox 312 551 1894 628">
    <p class='ocr_par' dir='ltr' id='par_1_3' title="bbox 312 551 1894 628">
     <span class='ocr_line' id='line_1_3' title="bbox 312 551 1894 628; baseline -0.008 -13"><span class='ocrx_word' id='word_1_11' title='bbox 312 575 481 616; x_wconf 75' lang='lat' dir='ltr'><strong>cens:</strong></span> <span class='ocrx_word' id='word_1_12' title='bbox 519 577 538 610; x_wconf 76' lang='grc' dir='ltr'><strong>ι</strong></span> <span class='ocrx_word' id='word_1_13' title='bbox 575 557 798 628; x_wconf 86' lang='lat' dir='ltr'><strong>Oportet</strong></span> <span class='ocrx_word' id='word_1_14' title='bbox 845 554 1193 625; x_wconf 83' lang='lat' dir='ltr'><strong>corruptibile</strong></span> <span class='ocrx_word' id='word_1_15' title='bbox 1242 553 1344 608; x_wconf 86' lang='lat' dir='ltr'><strong>hoc</strong></span> <span class='ocrx_word' id='word_1_16' title='bbox 1391 551 1614 606; x_wconf 86' lang='lat' dir='ltr'><strong>induere</strong></span> <span class='ocrx_word' id='word_1_17' title='bbox 1655 551 1894 605; x_wconf 50' lang='lat' dir='ltr'><strong>incorru.</strong></span> 
     </span>
    </p>
   </div>
   <div class='ocr_carea' id='block_1_4' title="bbox 318 641 1892 724">
    <p class='ocr_par' dir='ltr' id='par_1_4' title="bbox 318 641 1892 724">
     <span class='ocr_line' id='line_1_4' title="bbox 318 641 1892 724; baseline -0.009 -16"><span class='ocrx_word' id='word_1_18' title='bbox 318 655 588 724; x_wconf 89' lang='lat' dir='ltr'><strong>ptioncm,</strong></span> <span class='ocrx_word' id='word_1_19' title='bbox 649 658 704 706; x_wconf 90' lang='lat' dir='ltr'><strong>et</strong></span> <span class='ocrx_word' id='word_1_20' title='bbox 756 648 991 704; x_wconf 86' lang='lat' dir='ltr'><strong>mortale</strong></span> <span class='ocrx_word' id='word_1_21' title='bbox 1033 647 1136 702; x_wconf 91' lang='lat' dir='ltr'><strong>hoc</strong></span> <span class='ocrx_word' id='word_1_22' title='bbox 1163 645 1388 701; x_wconf 83' lang='lat' dir='ltr'><strong>induere</strong></span> <span class='ocrx_word' id='word_1_23' title='bbox 1416 641 1892 699; x_wconf 71' lang='lat' dir='ltr'><strong>immortalitatem.</strong></span> 
     </span>
    </p>
   </div>
   <div class='ocr_carea' id='block_1_5' title="bbox 308 739 1896 811">
    <p class='ocr_par' dir='ltr' id='par_1_5' title="bbox 308 739 1896 811">
     <span class='ocr_line' id='line_1_5' title="bbox 308 739 1896 811; baseline -0.008 -11"><span class='ocrx_word' id='word_1_24' title='bbox 308 747 462 800; x_wconf 88' lang='lat' dir='ltr'><strong>&#39;l‘unc</strong></span> <span class='ocrx_word' id='word_1_25' title='bbox 488 744 579 799; x_wconf 79' lang='lat' dir='ltr'><strong>(iet</strong></span> <span class='ocrx_word' id='word_1_26' title='bbox 601 756 780 798; x_wconf 85' lang='lat' dir='ltr'><strong>sermo</strong></span> <span class='ocrx_word' id='word_1_27' title='bbox 811 741 900 811; x_wconf 87' lang='lat' dir='ltr'><strong>qui</strong></span> <span class='ocrx_word' id='word_1_28' title='bbox 925 741 1155 810; x_wconf 91' lang='lat' dir='ltr'><strong>scriptus</strong></span> <span class='ocrx_word' id='word_1_29' title='bbox 1183 748 1295 804; x_wconf 90' lang='lat' dir='ltr'><strong>est,</strong></span> <span class='ocrx_word' id='word_1_30' title='bbox 1329 739 1592 806; x_wconf 77' lang='lat' dir='ltr'><strong>Absorpta</strong></span> <span class='ocrx_word' id='word_1_31' title='bbox 1631 746 1716 791; x_wconf 90' lang='lat' dir='ltr'><strong>est</strong></span> <span class='ocrx_word' id='word_1_32' title='bbox 1749 749 1896 789; x_wconf 87' lang='lat' dir='ltr'><strong>mors</strong></span> 
     </span>
    </p>
   </div>
   <div class='ocr_carea' id='block_1_6' title="bbox 313 827 1893 898">
    <p class='ocr_par' dir='ltr' id='par_1_6' title="bbox 313 827 1893 898">
     <span class='ocr_line' id='line_1_6' title="bbox 313 827 1893 898; baseline -0.007 -6"><span class='ocrx_word' id='word_1_33' title='bbox 313 841 365 894; x_wconf 94' lang='lat' dir='ltr'><strong>in</strong></span> <span class='ocrx_word' id='word_1_34' title='bbox 396 836 690 892; x_wconf 84' lang='lat' dir='ltr'><strong>victoriam.</strong></span> <span class='ocrx_word' id='word_1_35' title='bbox 723 833 824 890; x_wconf 90' lang='lat' dir='ltr'><strong>Ubi</strong></span> <span class='ocrx_word' id='word_1_36' title='bbox 853 843 935 889; x_wconf 90' lang='lat' dir='ltr'><strong>est</strong></span> <span class='ocrx_word' id='word_1_37' title='bbox 953 874 970 898; x_wconf 94' lang='lat'><strong>,</strong></span> <span class='ocrx_word' id='word_1_38' title='bbox 997 848 1143 888; x_wconf 89' lang='lat' dir='ltr'><strong>mors</strong></span> <span class='ocrx_word' id='word_1_39' title='bbox 1161 873 1175 896; x_wconf 95' lang='lat'><strong>,</strong></span> <span class='ocrx_word' id='word_1_40' title='bbox 1206 830 1478 887; x_wconf 90' lang='lat' dir='ltr'><strong>contentio</strong></span> <span class='ocrx_word' id='word_1_41' title='bbox 1507 828 1635 882; x_wconf 77' lang='lat' dir='ltr'><strong>tua?</strong></span> <span class='ocrx_word' id='word_1_42' title='bbox 1664 827 1753 883; x_wconf 90' lang='lat' dir='ltr'><strong>ubi</strong></span> <span class='ocrx_word' id='word_1_43' title='bbox 1775 835 1893 893; x_wconf 85' lang='lat' dir='ltr'><strong>est,</strong></span> 
     </span>
    </p>
   </div>
   <div class='ocr_carea' id='block_1_7' title="bbox 310 917 1895 994">
    <p class='ocr_par' dir='ltr' id='par_1_7' title="bbox 310 917 1895 994">
     <span class='ocr_line' id='line_1_7' title="bbox 310 917 1895 994; baseline -0.008 -12"><span class='ocrx_word' id='word_1_44' title='bbox 310 942 456 982; x_wconf 90' lang='lat' dir='ltr'><strong>mors</strong></span> <span class='ocrx_word' id='word_1_45' title='bbox 475 967 492 992; x_wconf 97' lang='lat'><strong>,</strong></span> <span class='ocrx_word' id='word_1_46' title='bbox 521 924 739 980; x_wconf 91' lang='lat' dir='ltr'><strong>aculeus</strong></span> <span class='ocrx_word' id='word_1_47' title='bbox 759 933 881 979; x_wconf 89' lang='lat' dir='ltr'><strong>tuus</strong></span> <span class='ocrx_word' id='word_1_48' title='bbox 915 942 934 975; x_wconf 83' lang='grc'>›</span> <span class='ocrx_word' id='word_1_49' title='bbox 970 922 1014 994; x_wconf 91' lang='lat' dir='ltr'><strong>(l</strong></span> <span class='ocrx_word' id='word_1_50' title='bbox 1045 921 1163 978; x_wconf 85' lang='lat' dir='ltr'><strong>Cor.</strong></span> <span class='ocrx_word' id='word_1_51' title='bbox 1195 937 1282 987; x_wconf 80' lang='lat' dir='ltr'><strong>xv,</strong></span> <span class='ocrx_word' id='word_1_52' title='bbox 1311 918 1545 992; x_wconf 79' lang='lat'><strong>53-55)?</strong></span> <span class='ocrx_word' id='word_1_53' title='bbox 1571 919 1720 973; x_wconf 87' lang='lat' dir='ltr'><strong>Tunc</strong></span> <span class='ocrx_word' id='word_1_54' title='bbox 1743 917 1895 987; x_wconf 86' lang='lat' dir='ltr'><strong>plena</strong></span> 
     </span>
    </p>
   </div>
   <div class='ocr_carea' id='block_1_8' title="bbox 308 1009 1893 1084">
    <p class='ocr_par' dir='ltr' id='par_1_8' title="bbox 308 1009 1893 1084">
     <span class='ocr_line' id='line_1_8' title="bbox 308 1009 1893 1084; baseline -0.006 -9"><span class='ocrx_word' id='word_1_55' title='bbox 308 1020 508 1074; x_wconf 71' lang='lat' dir='ltr'><strong>sanitas</strong></span> <span class='ocrx_word' id='word_1_56' title='bbox 535 1018 744 1083; x_wconf 82' lang='lat' dir='ltr'><strong>erit,&#39;et</strong></span> <span class='ocrx_word' id='word_1_57' title='bbox 780 1031 903 1071; x_wconf 91' lang='lat' dir='ltr'><strong>cum</strong></span> <span class='ocrx_word' id='word_1_58' title='bbox 947 1015 1165 1084; x_wconf 78' lang='lat' dir='ltr'><strong>Angelis</strong></span> <span class='ocrx_word' id='word_1_59' title='bbox 1199 1012 1400 1068; x_wconf 76' lang='lat' dir='ltr'><strong>sanctis</strong></span> <span class='ocrx_word' id='word_1_60' title='bbox 1443 1012 1740 1082; x_wconf 67' lang='lat' dir='ltr'><strong>aequalitas.</strong></span> <span class='ocrx_word' id='word_1_61' title='bbox 1786 1009 1893 1066; x_wconf 83' lang='lat' dir='ltr'><strong>Sed</strong></span> 
     </span>
    </p>
   </div>
   <div class='ocr_carea' id='block_1_9' title="bbox 310 1101 1894 1180">
    <p class='ocr_par' dir='ltr' id='par_1_9' title="bbox 310 1101 1894 1180">
     <span class='ocr_line' id='line_1_9' title="bbox 310 1101 1894 1180; baseline -0.004 -17"><span class='ocrx_word' id='word_1_62' title='bbox 310 1110 468 1166; x_wconf 79' lang='lat' dir='ltr'><strong>niodo</strong></span> <span class='ocrx_word' id='word_1_63' title='bbox 495 1118 781 1180; x_wconf 77' lang='lat' dir='ltr'><strong>antequam</strong></span> <span class='ocrx_word' id='word_1_64' title='bbox 828 1107 952 1172; x_wconf 83' lang='lat' dir='ltr'><strong>ﬁat,</strong></span> <span class='ocrx_word' id='word_1_65' title='bbox 1000 1105 1193 1160; x_wconf 80' lang='lat' dir='ltr'><strong>fratres</strong></span> <span class='ocrx_word' id='word_1_66' title='bbox 1230 1104 1368 1167; x_wconf 92' lang='lat' dir='ltr'><strong>mei,</strong></span> <span class='ocrx_word' id='word_1_67' title='bbox 1399 1119 1521 1158; x_wconf 92' lang='lat' dir='ltr'><strong>cum</strong></span> <span class='ocrx_word' id='word_1_68' title='bbox 1569 1101 1894 1172; x_wconf 65' lang='lat' dir='ltr'><strong>ceperimus</strong></span> 
     </span>
    </p>
   </div>
   <div class='ocr_carea' id='block_1_10' title="bbox 306 1192 1892 1270">
    <p class='ocr_par' dir='ltr' id='par_1_10' title="bbox 306 1192 1892 1270">
     <span class='ocr_line' id='line_1_10' title="bbox 306 1192 1892 1270; baseline -0.006 -13"><span class='ocrx_word' id='word_1_69' title='bbox 306 1203 593 1257; x_wconf 89' lang='lat' dir='ltr'><strong>observare</strong></span> <span class='ocrx_word' id='word_1_70' title='bbox 624 1207 888 1270; x_wconf 84' lang='lat' dir='ltr'><strong>praecepta</strong></span> <span class='ocrx_word' id='word_1_71' title='bbox 909 1240 923 1263; x_wconf 94' lang='lat'><strong>,</strong></span> <span class='ocrx_word' id='word_1_72' title='bbox 953 1212 1072 1268; x_wconf 76' lang='lat' dir='ltr'><strong>quae</strong></span> <span class='ocrx_word' id='word_1_73' title='bbox 1099 1196 1338 1252; x_wconf 87' lang='lat' dir='ltr'><strong>medicus</strong></span> <span class='ocrx_word' id='word_1_74' title='bbox 1364 1195 1636 1266; x_wconf 62' lang='lat' dir='ltr'><strong>praecipit,</strong></span> <span class='ocrx_word' id='word_1_75' title='bbox 1676 1192 1892 1264; x_wconf 85' lang='lat' dir='ltr'><strong>quando</strong></span> 
     </span>
    </p>
   </div>
   <div class='ocr_carea' id='block_1_11' title="bbox 309 1286 1889 1362">
    <p class='ocr_par' dir='ltr' id='par_1_11' title="bbox 309 1286 1889 1362">
     <span class='ocr_line' id='line_1_11' title="bbox 309 1286 1889 1362; baseline -0.006 -13"><span class='ocrx_word' id='word_1_76' title='bbox 309 1294 539 1362; x_wconf 83' lang='lat' dir='ltr'><strong>patimur</strong></span> <span class='ocrx_word' id='word_1_77' title='bbox 581 1293 745 1348; x_wconf 88' lang='lat' dir='ltr'><strong>etiam</strong></span> <span class='ocrx_word' id='word_1_78' title='bbox 773 1291 978 1362; x_wconf 89' lang='lat' dir='ltr'><strong>aliquas</strong></span> <span class='ocrx_word' id='word_1_79' title='bbox 1022 1289 1344 1345; x_wconf 88' lang='lat' dir='ltr'><strong>tentationes</strong></span> <span class='ocrx_word' id='word_1_80' title='bbox 1389 1297 1446 1343; x_wconf 91' lang='lat' dir='ltr'><strong>et</strong></span> <span class='ocrx_word' id='word_1_81' title='bbox 1485 1286 1889 1351; x_wconf 91' lang='lat' dir='ltr'><strong>tribulationes,</strong></span> 
     </span>
    </p>
   </div>
   <div class='ocr_carea' id='block_1_12' title="bbox 308 1377 1892 1456">
    <p class='ocr_par' dir='ltr' id='par_1_12' title="bbox 308 1377 1892 1456">
     <span class='ocr_line' id='line_1_12' title="bbox 308 1377 1892 1456; baseline -0.004 -16"><span class='ocrx_word' id='word_1_82' title='bbox 308 1402 413 1441; x_wconf 89' lang='lat' dir='ltr'><strong>non</strong></span> <span class='ocrx_word' id='word_1_83' title='bbox 457 1394 704 1456; x_wconf 90' lang='lat' dir='ltr'><strong>putemus</strong></span> <span class='ocrx_word' id='word_1_84' title='bbox 731 1399 834 1440; x_wconf 89' lang='lat' dir='ltr'><strong>nos</strong></span> <span class='ocrx_word' id='word_1_85' title='bbox 872 1383 990 1439; x_wconf 83' lang='lat' dir='ltr'><strong>sine</strong></span> <span class='ocrx_word' id='word_1_86' title='bbox 1031 1397 1191 1436; x_wconf 89' lang='lat' dir='ltr'><strong>causa</strong></span> <span class='ocrx_word' id='word_1_87' title='bbox 1223 1381 1542 1443; x_wconf 86' lang='lat' dir='ltr'><strong>observare,</strong></span> <span class='ocrx_word' id='word_1_88' title='bbox 1571 1379 1694 1448; x_wconf 87' lang='lat' dir='ltr'><strong>quia</strong></span> <span class='ocrx_word' id='word_1_89' title='bbox 1719 1377 1892 1448; x_wconf 80' lang='lat' dir='ltr'><strong>major</strong></span> 
     </span>
    </p>
   </div>
   <div class='ocr_carea' id='block_1_13' title="bbox 305 1469 1891 1546">
    <p class='ocr_par' dir='ltr' id='par_1_13' title="bbox 305 1469 1891 1546">
     <span class='ocr_line' id='line_1_13' title="bbox 305 1469 1891 1546; baseline -0.005 -13"><span class='ocrx_word' id='word_1_90' title='bbox 305 1476 461 1534; x_wconf 88' lang='lat' dir='ltr'><strong>dolor</strong></span> <span class='ocrx_word' id='word_1_91' title='bbox 479 1477 688 1532; x_wconf 90' lang='lat' dir='ltr'><strong>videtur</strong></span> <span class='ocrx_word' id='word_1_92' title='bbox 710 1475 860 1546; x_wconf 84' lang='lat' dir='ltr'><strong>sequi</strong></span> <span class='ocrx_word' id='word_1_93' title='bbox 886 1481 1152 1544; x_wconf 65' lang='lat' dir='ltr'><strong>praecepta</strong></span> <span class='ocrx_word' id='word_1_94' title='bbox 1181 1473 1269 1528; x_wconf 89' lang='lat' dir='ltr'><strong>illa</strong></span> <span class='ocrx_word' id='word_1_95' title='bbox 1291 1487 1412 1542; x_wconf 79' lang='lat' dir='ltr'><strong>quze</strong></span> <span class='ocrx_word' id='word_1_96' title='bbox 1431 1472 1706 1526; x_wconf 89' lang='lat' dir='ltr'><strong>observas.</strong></span> <span class='ocrx_word' id='word_1_97' title='bbox 1737 1469 1891 1537; x_wconf 86' lang='lat' dir='ltr'><strong>Quod</strong></span> 
     </span>
    </p>
   </div>
   <div class='ocr_carea' id='block_1_14' title="bbox 306 1563 1887 1640">
    <p class='ocr_par' dir='ltr' id='par_1_14' title="bbox 306 1563 1887 1640">
     <span class='ocr_line' id='line_1_14' title="bbox 306 1563 1887 1640; baseline -0.004 -16"><span class='ocrx_word' id='word_1_98' title='bbox 306 1570 450 1625; x_wconf 85' lang='lat' dir='ltr'><strong>enim</strong></span> <span class='ocrx_word' id='word_1_99' title='bbox 483 1569 682 1640; x_wconf 83' lang='lat' dir='ltr'><strong>pateris</strong></span> <span class='ocrx_word' id='word_1_100' title='bbox 727 1567 1097 1624; x_wconf 89' lang='lat' dir='ltr'><strong>tribulationes</strong></span> <span class='ocrx_word' id='word_1_101' title='bbox 1120 1607 1134 1630; x_wconf 94' lang='lat'><strong>,</strong></span> <span class='ocrx_word' id='word_1_102' title='bbox 1189 1579 1379 1620; x_wconf 90' lang='lat' dir='ltr'><strong>manus</strong></span> <span class='ocrx_word' id='word_1_103' title='bbox 1407 1573 1491 1618; x_wconf 88' lang='lat' dir='ltr'><strong>est</strong></span> <span class='ocrx_word' id='word_1_104' title='bbox 1510 1563 1743 1618; x_wconf 82' lang='lat' dir='ltr'><strong>secantis</strong></span> <span class='ocrx_word' id='word_1_105' title='bbox 1771 1579 1887 1619; x_wconf 84' lang='lat' dir='ltr'><strong>me-</strong></span> 
     </span>
    </p>
   </div>
   <div class='ocr_carea' id='block_1_15' title="bbox 305 1657 1888 1744">
    <p class='ocr_par' dir='ltr' id='par_1_15' title="bbox 305 1657 1888 1744">
     <span class='ocr_line' id='line_1_15' title="bbox 305 1657 1888 1744; baseline -0.003 -27"><span class='ocrx_word' id='word_1_106' title='bbox 305 1663 430 1728; x_wconf 88' lang='lat' dir='ltr'><strong>dici,</strong></span> <span class='ocrx_word' id='word_1_107' title='bbox 456 1677 559 1717; x_wconf 89' lang='lat' dir='ltr'><strong>non</strong></span> <span class='ocrx_word' id='word_1_108' title='bbox 590 1661 853 1718; x_wconf 86' lang='lat' dir='ltr'><strong>sententia</strong></span> <span class='ocrx_word' id='word_1_109' title='bbox 877 1660 1075 1731; x_wconf 74' lang='lat' dir='ltr'><strong>iudicis</strong></span> <span class='ocrx_word' id='word_1_110' title='bbox 1104 1658 1388 1744; x_wconf 72' lang='lat' dir='ltr'><strong>pttnientis.</strong></span> <span class='ocrx_word' id='word_1_111' title='bbox 1419 1657 1504 1712; x_wconf 85' lang='lat' dir='ltr'><strong>Fit</strong></span> <span class='ocrx_word' id='word_1_112' title='bbox 1535 1658 1638 1712; x_wconf 90' lang='lat' dir='ltr'><strong>hoc</strong></span> <span class='ocrx_word' id='word_1_113' title='bbox 1683 1666 1742 1712; x_wconf 89' lang='lat' dir='ltr'><strong>ut</strong></span> <span class='ocrx_word' id='word_1_114' title='bbox 1765 1673 1888 1728; x_wconf 85' lang='lat' dir='ltr'><strong>per-</strong></span> 
     </span>
    </p>
   </div>
   <div class='ocr_carea' id='block_1_16' title="bbox 306 1749 1890 1823">
    <p class='ocr_par' dir='ltr' id='par_1_16' title="bbox 306 1749 1890 1823">
     <span class='ocr_line' id='line_1_16' title="bbox 306 1749 1890 1823; baseline -0.003 -15"><span class='ocrx_word' id='word_1_115' title='bbox 306 1757 441 1810; x_wconf 81' lang='lat' dir='ltr'><strong>t’ccta</strong></span> <span class='ocrx_word' id='word_1_116' title='bbox 484 1755 553 1810; x_wconf 87' lang='lat' dir='ltr'><strong>sit</strong></span> <span class='ocrx_word' id='word_1_117' title='bbox 582 1755 782 1810; x_wconf 84' lang='lat' dir='ltr'><strong>sanitas</strong></span> <span class='ocrx_word' id='word_1_118' title='bbox 811 1770 825 1806; x_wconf 90' lang='lat'><strong>:</strong></span> <span class='ocrx_word' id='word_1_119' title='bbox 860 1753 1142 1823; x_wconf 90' lang='lat' dir='ltr'><strong>patiamur,</strong></span> <span class='ocrx_word' id='word_1_120' title='bbox 1191 1751 1427 1806; x_wconf 77' lang='lat' dir='ltr'><strong>feramus</strong></span> <span class='ocrx_word' id='word_1_121' title='bbox 1454 1749 1690 1805; x_wconf 80' lang='lat' dir='ltr'><strong>dolores.</strong></span> <span class='ocrx_word' id='word_1_122' title='bbox 1723 1750 1890 1804; x_wconf 88' lang='lat' dir='ltr'><strong>Dulce</strong></span> 
     </span>
    </p>
   </div>
   <div class='ocr_carea' id='block_1_17' title="bbox 308 1841 1890 1914">
    <p class='ocr_par' dir='ltr' id='par_1_17' title="bbox 308 1841 1890 1914">
     <span class='ocr_line' id='line_1_17' title="bbox 308 1841 1890 1914; baseline -0.001 -16"><span class='ocrx_word' id='word_1_123' title='bbox 308 1855 580 1914; x_wconf 87' lang='lat' dir='ltr'><strong>peccatum</strong></span> <span class='ocrx_word' id='word_1_124' title='bbox 631 1854 715 1900; x_wconf 83' lang='lat' dir='ltr'><strong>est</strong></span> <span class='ocrx_word' id='word_1_125' title='bbox 744 1863 758 1898; x_wconf 90' lang='lat'><strong>:</strong></span> <span class='ocrx_word' id='word_1_126' title='bbox 789 1859 886 1914; x_wconf 89' lang='lat' dir='ltr'><strong>per</strong></span> <span class='ocrx_word' id='word_1_127' title='bbox 928 1841 1316 1898; x_wconf 86' lang='lat' dir='ltr'><strong>amaritudines</strong></span> <span class='ocrx_word' id='word_1_128' title='bbox 1361 1857 1492 1912; x_wconf 75' lang='lat' dir='ltr'><strong>ergo</strong></span> <span class='ocrx_word' id='word_1_129' title='bbox 1534 1841 1890 1896; x_wconf 82' lang='lat' dir='ltr'><strong>tribulationis</strong></span> 
     </span>
    </p>
   </div>
   <div class='ocr_carea' id='block_1_18' title="bbox 307 1931 1890 2003">
    <p class='ocr_par' dir='ltr' id='par_1_18' title="bbox 307 1931 1890 2003">
     <span class='ocr_line' id='line_1_18' title="bbox 307 1931 1890 2003; baseline -0.002 -14"><span class='ocrx_word' id='word_1_130' title='bbox 307 1936 603 2003; x_wconf 83' lang='lat' dir='ltr'><strong>perniciosa</strong></span> <span class='ocrx_word' id='word_1_131' title='bbox 642 1935 871 1992; x_wconf 89' lang='lat' dir='ltr'><strong>dulcedo</strong></span> <span class='ocrx_word' id='word_1_132' title='bbox 897 1934 1186 2003; x_wconf 77' lang='lat' dir='ltr'><strong>digeratur.</strong></span> <span class='ocrx_word' id='word_1_133' title='bbox 1218 1931 1527 1987; x_wconf 85' lang='lat' dir='ltr'><strong>Delectabat</strong></span> <span class='ocrx_word' id='word_1_134' title='bbox 1555 1940 1606 1987; x_wconf 89' lang='lat' dir='ltr'><strong>te</strong></span> <span class='ocrx_word' id='word_1_135' title='bbox 1627 1973 1642 1996; x_wconf 92' lang='lat'><strong>,</strong></span> <span class='ocrx_word' id='word_1_136' title='bbox 1674 1931 1890 2002; x_wconf 86' lang='lat' dir='ltr'><strong>quando</strong></span> 
     </span>
    </p>
   </div>
   <div class='ocr_carea' id='block_1_19' title="bbox 304 2022 1884 2106">
    <p class='ocr_par' dir='ltr' id='par_1_19' title="bbox 304 2022 1884 2106">
     <span class='ocr_line' id='line_1_19' title="bbox 304 2022 1884 2106; baseline -0.002 -24"><span class='ocrx_word' id='word_1_137' title='bbox 304 2030 475 2083; x_wconf 70' lang='lat' dir='ltr'><strong>iecisti</strong></span> <span class='ocrx_word' id='word_1_138' title='bbox 501 2029 700 2084; x_wconf 89' lang='lat' dir='ltr'><strong>malum</strong></span> <span class='ocrx_word' id='word_1_139' title='bbox 731 2046 744 2082; x_wconf 91' lang='lat'><strong>:</strong></span> <span class='ocrx_word' id='word_1_140' title='bbox 769 2026 864 2082; x_wconf 90' lang='lat' dir='ltr'><strong>sed</strong></span> <span class='ocrx_word' id='word_1_141' title='bbox 891 2025 1123 2106; x_wconf 71' lang='lat' dir='ltr'><strong>incidisti</strong></span> <span class='ocrx_word' id='word_1_142' title='bbox 1153 2025 1207 2078; x_wconf 90' lang='lat' dir='ltr'><strong>in</strong></span> <span class='ocrx_word' id='word_1_143' title='bbox 1231 2023 1594 2080; x_wconf 77' lang='lat' dir='ltr'><strong>inﬁrmitatem</strong></span> <span class='ocrx_word' id='word_1_144' title='bbox 1623 2022 1884 2081; x_wconf 79' lang='lat' dir='ltr'><strong>faciendo.</strong></span> 
     </span>
    </p>
   </div>
   <div class='ocr_carea' id='block_1_20' title="bbox 304 2111 1889 2183">
    <p class='ocr_par' dir='ltr' id='par_1_20' title="bbox 304 2111 1889 2183">
     <span class='ocr_line' id='line_1_20' title="bbox 304 2111 1889 2183; baseline -0.004 -9"><span class='ocrx_word' id='word_1_145' title='bbox 304 2127 346 2174; x_wconf 63' lang='grc' dir='ltr'><strong>,ι</strong></span> <span class='ocrx_word' id='word_1_146' title='bbox 378 2119 646 2174; x_wconf 89' lang='lat' dir='ltr'><strong>contrario</strong></span> <span class='ocrx_word' id='word_1_147' title='bbox 671 2117 934 2174; x_wconf 85' lang='lat' dir='ltr'><strong>medicina</strong></span> <span class='ocrx_word' id='word_1_148' title='bbox 948 2125 1062 2180; x_wconf 89' lang='lat' dir='ltr'><strong>est,</strong></span> <span class='ocrx_word' id='word_1_149' title='bbox 1093 2114 1216 2169; x_wconf 79' lang='lat' dir='ltr'><strong>facit</strong></span> <span class='ocrx_word' id='word_1_150' title='bbox 1245 2112 1342 2168; x_wconf 85' lang='lat' dir='ltr'><strong>tibi</strong></span> <span class='ocrx_word' id='word_1_151' title='bbox 1382 2113 1449 2168; x_wconf 92' lang='lat' dir='ltr'><strong>ad</strong></span> <span class='ocrx_word' id='word_1_152' title='bbox 1486 2122 1698 2183; x_wconf 86' lang='lat' dir='ltr'><strong>tempus</strong></span> <span class='ocrx_word' id='word_1_153' title='bbox 1737 2111 1889 2167; x_wconf 89' lang='lat' dir='ltr'><strong>dolo-</strong></span> 
     </span>
    </p>
   </div>
   <div class='ocr_carea' id='block_1_21' title="bbox 304 2201 1888 2278">
    <p class='ocr_par' dir='ltr' id='par_1_21' title="bbox 304 2201 1888 2278">
     <span class='ocr_line' id='line_1_21' title="bbox 304 2201 1888 2278; baseline -0.002 -17"><span class='ocrx_word' id='word_1_154' title='bbox 304 2226 416 2264; x_wconf 78' lang='lat' dir='ltr'><strong>rem</strong></span> <span class='ocrx_word' id='word_1_155' title='bbox 439 2251 454 2274; x_wconf 96' lang='lat'><strong>,</strong></span> <span class='ocrx_word' id='word_1_156' title='bbox 491 2219 546 2262; x_wconf 92' lang='lat' dir='ltr'><strong>ut</strong></span> <span class='ocrx_word' id='word_1_157' title='bbox 570 2209 797 2278; x_wconf 81' lang='lat' dir='ltr'><strong>recipias</strong></span> <span class='ocrx_word' id='word_1_158' title='bbox 819 2214 1126 2277; x_wconf 89' lang='lat' dir='ltr'><strong>perpetuam</strong></span> <span class='ocrx_word' id='word_1_159' title='bbox 1152 2205 1457 2260; x_wconf 84' lang='lat' dir='ltr'><strong>sanitatem.</strong></span> <span class='ocrx_word' id='word_1_160' title='bbox 1486 2201 1648 2260; x_wconf 89' lang='lat' dir='ltr'><strong>Utere</strong></span> <span class='ocrx_word' id='word_1_161' title='bbox 1679 2203 1766 2258; x_wconf 89' lang='lat' dir='ltr'><strong>illa</strong></span> <span class='ocrx_word' id='word_1_162' title='bbox 1787 2244 1802 2271; x_wconf 96' lang='lat'><strong>,</strong></span> <span class='ocrx_word' id='word_1_163' title='bbox 1831 2211 1888 2259; x_wconf 90' lang='lat' dir='ltr'><strong>et</strong></span> 
     </span>
    </p>
   </div>
   <div class='ocr_carea' id='block_1_22' title="bbox 303 2301 723 2370">
    <p class='ocr_par' dir='ltr' id='par_1_22' title="bbox 303 2301 723 2370">
     <span class='ocr_line' id='line_1_22' title="bbox 303 2301 723 2370; baseline 0.002 -18"><span class='ocrx_word' id='word_1_164' title='bbox 303 2302 411 2356; x_wconf 81' lang='grc' dir='ltr'><em>ιιυιί</em></span> <span class='ocrx_word' id='word_1_165' title='bbox 441 2301 723 2370; x_wconf 80' lang='lat' dir='ltr'><strong>repellere.</strong></span> 
     </span>
    </p>
   </div>
   <div class='ocr_carea' id='block_1_23' title="bbox 371 2389 1883 2460">
    <p class='ocr_par' dir='ltr' id='par_1_23' title="bbox 371 2389 1883 2460">
     <span class='ocr_line' id='line_1_23' title="bbox 371 2389 1883 2460; baseline -0.003 -14"><span class='ocrx_word' id='word_1_166' title='bbox 371 2389 598 2447; x_wconf 73' lang='lat' dir='ltr'><strong>CAPUT</strong></span> <span class='ocrx_word' id='word_1_167' title='bbox 638 2390 726 2447; x_wconf 74' lang='grc' dir='ltr'><strong>Ἣ.</strong></span> <span class='ocrx_word' id='word_1_168' title='bbox 758 2421 831 2434; x_wconf 86' lang='lat'><strong><em>—</em></strong></span> <span class='ocrx_word' id='word_1_169' title='bbox 849 2389 904 2446; x_wconf 86' lang='lat'><strong>6.</strong></span> <span class='ocrx_word' id='word_1_170' title='bbox 935 2391 1234 2445; x_wconf 79' lang='lat' dir='ltr'><strong>Antidotum</strong></span> <span class='ocrx_word' id='word_1_171' title='bbox 1257 2399 1431 2444; x_wconf 82' lang='lat' dir='ltr'><strong>contra</strong></span> <span class='ocrx_word' id='word_1_172' title='bbox 1467 2390 1636 2444; x_wconf 88' lang='lat' dir='ltr'><strong>omnia</strong></span> <span class='ocrx_word' id='word_1_173' title='bbox 1657 2398 1883 2460; x_wconf 82' lang='lat' dir='ltr'><strong>peccata.</strong></span> 
     </span>
    </p>
   </div>
   <div class='ocr_carea' id='block_1_24' title="bbox 306 2482 1887 2553">
    <p class='ocr_par' dir='ltr' id='par_1_24' title="bbox 306 2482 1887 2553">
     <span class='ocr_line' id='line_1_24' title="bbox 306 2482 1887 2553; baseline -0.001 -16"><span class='ocrx_word' id='word_1_174' title='bbox 306 2482 514 2538; x_wconf 83' lang='lat' dir='ltr'><strong>Duobus</strong></span> <span class='ocrx_word' id='word_1_175' title='bbox 561 2491 878 2552; x_wconf 80' lang='lat' dir='ltr'><strong>peccatorum</strong></span> <span class='ocrx_word' id='word_1_176' title='bbox 916 2482 1178 2553; x_wconf 74' lang='lat' dir='ltr'><strong>generibus</strong></span> <span class='ocrx_word' id='word_1_177' title='bbox 1223 2482 1326 2534; x_wconf 86' lang='lat' dir='ltr'><strong>duo</strong></span> <span class='ocrx_word' id='word_1_178' title='bbox 1383 2491 1710 2551; x_wconf 78' lang='lat' dir='ltr'><strong>opponuntur</strong></span> <span class='ocrx_word' id='word_1_179' title='bbox 1754 2495 1887 2552; x_wconf 74' lang='lat' dir='ltr'><strong>prte-</strong></span> 
     </span>
    </p>
   </div>
   <div class='ocr_carea' id='block_1_25' title="bbox 300 2571 1884 2646">
    <p class='ocr_par' dir='ltr' id='par_1_25' title="bbox 300 2571 1884 2646">
     <span class='ocr_line' id='line_1_25' title="bbox 300 2571 1884 2646; baseline 0 -20"><span class='ocrx_word' id='word_1_180' title='bbox 300 2585 467 2646; x_wconf 79' lang='lat' dir='ltr'><strong>cepta.</strong></span> <span class='ocrx_word' id='word_1_181' title='bbox 496 2573 640 2629; x_wconf 87' lang='lat' dir='ltr'><strong>Sane</strong></span> <span class='ocrx_word' id='word_1_182' title='bbox 661 2581 786 2628; x_wconf 88' lang='lat' dir='ltr'><strong>ante</strong></span> <span class='ocrx_word' id='word_1_183' title='bbox 803 2573 984 2629; x_wconf 87' lang='lat' dir='ltr'><strong>omnia</strong></span> <span class='ocrx_word' id='word_1_184' title='bbox 1013 2572 1142 2628; x_wconf 91' lang='lat' dir='ltr'><strong>illud</strong></span> <span class='ocrx_word' id='word_1_185' title='bbox 1159 2571 1458 2627; x_wconf 88' lang='lat' dir='ltr'><strong>antidotum</strong></span> <span class='ocrx_word' id='word_1_186' title='bbox 1481 2586 1587 2626; x_wconf 90' lang='lat' dir='ltr'><strong>non</strong></span> <span class='ocrx_word' id='word_1_187' title='bbox 1634 2571 1884 2636; x_wconf 88' lang='lat' dir='ltr'><strong>recedat,</strong></span> 
     </span>
    </p>
   </div>
   <div class='ocr_carea' id='block_1_26' title="bbox 301 2663 1884 2734">
    <p class='ocr_par' dir='ltr' id='par_1_26' title="bbox 301 2663 1884 2734">
     <span class='ocr_line' id='line_1_26' title="bbox 301 2663 1884 2734; baseline 0.003 -20"><span class='ocrx_word' id='word_1_188' title='bbox 301 2665 443 2734; x_wconf 66' lang='lat' dir='ltr'><strong>quod</strong></span> <span class='ocrx_word' id='word_1_189' title='bbox 471 2673 657 2721; x_wconf 89' lang='lat' dir='ltr'><strong>contra</strong></span> <span class='ocrx_word' id='word_1_190' title='bbox 681 2679 872 2720; x_wconf 89' lang='lat' dir='ltr'><strong>omnes</strong></span> <span class='ocrx_word' id='word_1_191' title='bbox 896 2663 1232 2734; x_wconf 89' lang='lat' dir='ltr'><strong>putredines,</strong></span> <span class='ocrx_word' id='word_1_192' title='bbox 1260 2672 1446 2719; x_wconf 85' lang='lat' dir='ltr'><strong>contra</strong></span> <span class='ocrx_word' id='word_1_193' title='bbox 1484 2665 1724 2718; x_wconf 89' lang='lat' dir='ltr'><strong>omnium</strong></span> <span class='ocrx_word' id='word_1_194' title='bbox 1750 2677 1884 2733; x_wconf 87' lang='lat' dir='ltr'><strong>pec-</strong></span> 
     </span>
    </p>
   </div>
   <div class='ocr_carea' id='block_1_27' title="bbox 301 2753 1882 2824">
    <p class='ocr_par' dir='ltr' id='par_1_27' title="bbox 301 2753 1882 2824">
     <span class='ocr_line' id='line_1_27' title="bbox 301 2753 1882 2824; baseline 0.002 -19"><span class='ocrx_word' id='word_1_195' title='bbox 301 2766 539 2811; x_wconf 64' lang='lat' dir='ltr'><strong>ratorum</strong></span> <span class='ocrx_word' id='word_1_196' title='bbox 567 2769 770 2810; x_wconf 86' lang='lat' dir='ltr'><strong>venena</strong></span> <span class='ocrx_word' id='word_1_197' title='bbox 801 2755 1080 2824; x_wconf 91' lang='lat' dir='ltr'><strong>plurimum</strong></span> <span class='ocrx_word' id='word_1_198' title='bbox 1112 2754 1289 2820; x_wconf 85' lang='lat' dir='ltr'><strong>valet,</strong></span> <span class='ocrx_word' id='word_1_199' title='bbox 1320 2762 1378 2808; x_wconf 91' lang='lat' dir='ltr'><strong>ut</strong></span> <span class='ocrx_word' id='word_1_200' title='bbox 1403 2753 1550 2809; x_wconf 88' lang='lat' dir='ltr'><strong>dicas</strong></span> <span class='ocrx_word' id='word_1_201' title='bbox 1569 2794 1583 2817; x_wconf 88' lang='lat'><strong>,</strong></span> <span class='ocrx_word' id='word_1_202' title='bbox 1607 2764 1663 2809; x_wconf 88' lang='lat' dir='ltr'><strong>et</strong></span> <span class='ocrx_word' id='word_1_203' title='bbox 1693 2768 1882 2809; x_wconf 90' lang='lat' dir='ltr'><strong>verum</strong></span> 
     </span>
    </p>
   </div>
   <div class='ocr_carea' id='block_1_28' title="bbox 299 2845 1879 2915">
    <p class='ocr_par' dir='ltr' id='par_1_28' title="bbox 299 2845 1879 2915">
     <span class='ocr_line' id='line_1_28' title="bbox 299 2845 1879 2915; baseline 0.002 -19"><span class='ocrx_word' id='word_1_204' title='bbox 299 2851 446 2903; x_wconf 73' lang='lat' dir='ltr'><strong>dicas</strong></span> <span class='ocrx_word' id='word_1_205' title='bbox 467 2848 690 2902; x_wconf 91' lang='lat' dir='ltr'><strong>Domino</strong></span> <span class='ocrx_word' id='word_1_206' title='bbox 734 2847 846 2902; x_wconf 88' lang='lat' dir='ltr'><strong>Deo</strong></span> <span class='ocrx_word' id='word_1_207' title='bbox 887 2855 978 2902; x_wconf 90' lang='lat' dir='ltr'><strong>tuo</strong></span> <span class='ocrx_word' id='word_1_208' title='bbox 1001 2864 1015 2899; x_wconf 90' lang='lat'><strong>:</strong></span> <span class='ocrx_word' id='word_1_209' title='bbox 1040 2845 1254 2901; x_wconf 84' lang='lat' dir='ltr'><strong>Dimitte</strong></span> <span class='ocrx_word' id='word_1_210' title='bbox 1279 2846 1423 2901; x_wconf 83' lang='lat' dir='ltr'><strong>nobis</strong></span> <span class='ocrx_word' id='word_1_211' title='bbox 1463 2846 1632 2900; x_wconf 84' lang='lat' dir='ltr'><strong>debita</strong></span> <span class='ocrx_word' id='word_1_212' title='bbox 1671 2855 1879 2915; x_wconf 87' lang='lat' dir='ltr'><strong>nostra,</strong></span> 
     </span>
    </p>
   </div>
   <div class='ocr_carea' id='block_1_29' title="bbox 299 2936 1881 3007">
    <p class='ocr_par' dir='ltr' id='par_1_29' title="bbox 299 2936 1881 3007">
     <span class='ocr_line' id='line_1_29' title="bbox 299 2936 1881 3007; baseline 0.001 -17"><span class='ocrx_word' id='word_1_213' title='bbox 299 2948 426 2994; x_wconf 65' lang='lat' dir='ltr'><strong>sicut</strong></span> <span class='ocrx_word' id='word_1_214' title='bbox 451 2947 498 2994; x_wconf 87' lang='lat' dir='ltr'><strong>et</strong></span> <span class='ocrx_word' id='word_1_215' title='bbox 540 2955 632 2994; x_wconf 83' lang='lat' dir='ltr'><strong>nos</strong></span> <span class='ocrx_word' id='word_1_216' title='bbox 666 2938 968 2996; x_wconf 73' lang='lat' dir='ltr'><strong>dimittimus</strong></span> <span class='ocrx_word' id='word_1_217' title='bbox 994 2936 1302 2992; x_wconf 74' lang='lat' dir='ltr'><strong>debitoribus</strong></span> <span class='ocrx_word' id='word_1_218' title='bbox 1330 2938 1515 2991; x_wconf 86' lang='lat' dir='ltr'><strong>nostris</strong></span> <span class='ocrx_word' id='word_1_219' title='bbox 1554 2936 1763 3007; x_wconf 77' lang='lat' dir='ltr'><strong>(Matth.</strong></span> <span class='ocrx_word' id='word_1_220' title='bbox 1809 2953 1881 3004; x_wconf 85' lang='lat' dir='ltr'><strong>vt,</strong></span> 
     </span>
    </p>
   </div>
   <div class='ocr_carea' id='block_1_30' title="bbox 307 3028 1885 3102">
    <p class='ocr_par' dir='ltr' id='par_1_30' title="bbox 307 3028 1885 3102">
     <span class='ocr_line' id='line_1_30' title="bbox 307 3028 1885 3102; baseline 0 -18"><span class='ocrx_word' id='word_1_221' title='bbox 307 3033 413 3102; x_wconf 62' lang='lat' dir='ltr'><strong>ti).</strong></span> <span class='ocrx_word' id='word_1_222' title='bbox 447 3032 561 3088; x_wconf 87' lang='lat' dir='ltr'><strong>Hoc</strong></span> <span class='ocrx_word' id='word_1_223' title='bbox 586 3032 729 3088; x_wconf 86' lang='lat' dir='ltr'><strong>enim</strong></span> <span class='ocrx_word' id='word_1_224' title='bbox 761 3039 970 3102; x_wconf 84' lang='lat' dir='ltr'><strong>pactum</strong></span> <span class='ocrx_word' id='word_1_225' title='bbox 990 3045 1115 3086; x_wconf 87' lang='lat' dir='ltr'><strong>cum</strong></span> <span class='ocrx_word' id='word_1_226' title='bbox 1143 3030 1356 3101; x_wconf 74' lang='lat' dir='ltr'><strong>aegrotis</strong></span> <span class='ocrx_word' id='word_1_227' title='bbox 1381 3028 1623 3084; x_wconf 87' lang='lat' dir='ltr'><strong>medicus</strong></span> <span class='ocrx_word' id='word_1_228' title='bbox 1649 3031 1885 3085; x_wconf 89' lang='lat' dir='ltr'><strong>conscri-</strong></span> 
     </span>
    </p>
   </div>
   <div class='ocr_carea' id='block_1_31' title="bbox 301 3122 1884 3195">
    <p class='ocr_par' dir='ltr' id='par_1_31' title="bbox 301 3122 1884 3195">
     <span class='ocr_line' id='line_1_31' title="bbox 301 3122 1884 3195; baseline -0.001 -18"><span class='ocrx_word' id='word_1_229' title='bbox 301 3124 410 3193; x_wconf 83' lang='lat' dir='ltr'><strong>psit</strong></span> <span class='ocrx_word' id='word_1_230' title='bbox 434 3131 597 3195; x_wconf 86' lang='lat' dir='ltr'><strong>atque</strong></span> <span class='ocrx_word' id='word_1_231' title='bbox 626 3123 876 3178; x_wconf 83' lang='lat' dir='ltr'><strong>ﬁrmavit.</strong></span> <span class='ocrx_word' id='word_1_232' title='bbox 903 3123 1166 3190; x_wconf 85' lang='lat' dir='ltr'><strong>Quoniam</strong></span> <span class='ocrx_word' id='word_1_233' title='bbox 1194 3122 1303 3176; x_wconf 89' lang='lat' dir='ltr'><strong>duo</strong></span> <span class='ocrx_word' id='word_1_234' title='bbox 1326 3130 1451 3176; x_wconf 89' lang='lat' dir='ltr'><strong>sunt</strong></span> <span class='ocrx_word' id='word_1_235' title='bbox 1473 3135 1667 3192; x_wconf 69' lang='lat' dir='ltr'><strong>genera</strong></span> <span class='ocrx_word' id='word_1_236' title='bbox 1698 3137 1884 3191; x_wconf 85' lang='lat' dir='ltr'><strong>pecca-</strong></span> 
     </span>
    </p>
   </div>
   <div class='ocr_carea' id='block_1_32' title="bbox 303 3213 1880 3286">
    <p class='ocr_par' dir='ltr' id='par_1_32' title="bbox 303 3213 1880 3286">
     <span class='ocr_line' id='line_1_32' title="bbox 303 3213 1880 3286; baseline 0.001 -19"><span class='ocrx_word' id='word_1_237' title='bbox 303 3230 474 3271; x_wconf 86' lang='lat' dir='ltr'><strong>torum</strong></span> <span class='ocrx_word' id='word_1_238' title='bbox 499 3231 516 3282; x_wconf 92' lang='lat'><strong>;</strong></span> <span class='ocrx_word' id='word_1_239' title='bbox 541 3231 704 3272; x_wconf 90' lang='lat' dir='ltr'><strong>unum</strong></span> <span class='ocrx_word' id='word_1_240' title='bbox 723 3231 831 3286; x_wconf 89' lang='lat' dir='ltr'><strong>quo</strong></span> <span class='ocrx_word' id='word_1_241' title='bbox 855 3215 910 3270; x_wconf 90' lang='lat' dir='ltr'><strong>in</strong></span> <span class='ocrx_word' id='word_1_242' title='bbox 937 3215 1126 3280; x_wconf 89' lang='lat' dir='ltr'><strong>Deum,</strong></span> <span class='ocrx_word' id='word_1_243' title='bbox 1151 3214 1374 3268; x_wconf 88' lang='lat' dir='ltr'><strong>alterum</strong></span> <span class='ocrx_word' id='word_1_244' title='bbox 1397 3228 1505 3284; x_wconf 92' lang='lat' dir='ltr'><strong>quo</strong></span> <span class='ocrx_word' id='word_1_245' title='bbox 1532 3214 1584 3268; x_wconf 93' lang='lat' dir='ltr'><strong>in</strong></span> <span class='ocrx_word' id='word_1_246' title='bbox 1607 3213 1880 3269; x_wconf 84' lang='lat' dir='ltr'><strong>hominem</strong></span> 
     </span>
    </p>
   </div>
   <div class='ocr_carea' id='block_1_33' title="bbox 303 3306 1882 3378">
    <p class='ocr_par' dir='ltr' id='par_1_33' title="bbox 303 3306 1882 3378">
     <span class='ocr_line' id='line_1_33' title="bbox 303 3306 1882 3378; baseline -0.003 -12"><span class='ocrx_word' id='word_1_247' title='bbox 303 3318 569 3376; x_wconf 64' lang='lat' dir='ltr'><strong>peccatur.</strong></span> <span class='ocrx_word' id='word_1_248' title='bbox 597 3308 750 3366; x_wconf 89' lang='lat' dir='ltr'><strong>Unde</strong></span> <span class='ocrx_word' id='word_1_249' title='bbox 773 3308 934 3364; x_wconf 87' lang='lat' dir='ltr'><strong>etiam</strong></span> <span class='ocrx_word' id='word_1_250' title='bbox 961 3307 1070 3364; x_wconf 92' lang='lat' dir='ltr'><strong>duo</strong></span> <span class='ocrx_word' id='word_1_251' title='bbox 1090 3315 1216 3362; x_wconf 89' lang='lat' dir='ltr'><strong>sunt</strong></span> <span class='ocrx_word' id='word_1_252' title='bbox 1241 3315 1506 3376; x_wconf 64' lang='lat' dir='ltr'><strong>praecepta</strong></span> <span class='ocrx_word' id='word_1_253' title='bbox 1533 3306 1646 3374; x_wconf 85' lang='lat' dir='ltr'><strong>illa,</strong></span> <span class='ocrx_word' id='word_1_254' title='bbox 1678 3307 1732 3362; x_wconf 89' lang='lat' dir='ltr'><strong>in</strong></span> <span class='ocrx_word' id='word_1_255' title='bbox 1758 3308 1882 3378; x_wconf 86' lang='lat' dir='ltr'><strong>qui-</strong></span> 
     </span>
    </p>
   </div>
   <div class='ocr_carea' id='block_1_34' title="bbox 301 3396 1884 3470">
    <p class='ocr_par' dir='ltr' id='par_1_34' title="bbox 301 3396 1884 3470">
     <span class='ocr_line' id='line_1_34' title="bbox 301 3396 1884 3470; baseline -0.002 -15"><span class='ocrx_word' id='word_1_256' title='bbox 301 3405 398 3458; x_wconf 80' lang='lat' dir='ltr'><strong>bus</strong></span> <span class='ocrx_word' id='word_1_257' title='bbox 423 3409 536 3457; x_wconf 87' lang='lat' dir='ltr'><strong>tota</strong></span> <span class='ocrx_word' id='word_1_258' title='bbox 563 3400 674 3456; x_wconf 81' lang='lat' dir='ltr'><strong>Lex</strong></span> <span class='ocrx_word' id='word_1_259' title='bbox 701 3399 899 3470; x_wconf 87' lang='lat' dir='ltr'><strong>pendet</strong></span> <span class='ocrx_word' id='word_1_260' title='bbox 944 3408 999 3454; x_wconf 92' lang='lat' dir='ltr'><strong>et</strong></span> <span class='ocrx_word' id='word_1_261' title='bbox 1024 3398 1309 3469; x_wconf 77' lang='lat' dir='ltr'><strong>Propheta:</strong></span> <span class='ocrx_word' id='word_1_262' title='bbox 1343 3416 1356 3450; x_wconf 90' lang='lat'><strong>:</strong></span> <span class='ocrx_word' id='word_1_263' title='bbox 1385 3396 1580 3470; x_wconf 87' lang='lat' dir='ltr'><strong>Diliges</strong></span> <span class='ocrx_word' id='word_1_264' title='bbox 1603 3396 1884 3452; x_wconf 83' lang='lat' dir='ltr'><strong>Dominum</strong></span> 
     </span>
    </p>
   </div>
   <div class='ocr_carea' id='block_1_35' title="bbox 301 3491 1885 3559">
    <p class='ocr_par' dir='ltr' id='par_1_35' title="bbox 301 3491 1885 3559">
     <span class='ocr_line' id='line_1_35' title="bbox 301 3491 1885 3559; baseline 0.001 -14"><span class='ocrx_word' id='word_1_265' title='bbox 301 3496 469 3549; x_wconf 83' lang='lat' dir='ltr'><strong>Deum</strong></span> <span class='ocrx_word' id='word_1_266' title='bbox 491 3503 709 3549; x_wconf 65' lang='lat' dir='ltr'><strong>temnes:</strong></span> <span class='ocrx_word' id='word_1_267' title='bbox 731 3501 834 3547; x_wconf 87' lang='lat' dir='ltr'><strong>toto</strong></span> <span class='ocrx_word' id='word_1_268' title='bbox 856 3491 1008 3546; x_wconf 80' lang='lat' dir='ltr'><strong>corde</strong></span> <span class='ocrx_word' id='word_1_269' title='bbox 1026 3501 1132 3559; x_wconf 79' lang='lat' dir='ltr'><strong>tuo,</strong></span> <span class='ocrx_word' id='word_1_270' title='bbox 1159 3499 1206 3546; x_wconf 85' lang='lat' dir='ltr'><strong>et</strong></span> <span class='ocrx_word' id='word_1_271' title='bbox 1229 3507 1293 3545; x_wconf 79' lang='lat' dir='ltr'><strong>ea:</strong></span> <span class='ocrx_word' id='word_1_272' title='bbox 1313 3499 1419 3545; x_wconf 86' lang='lat' dir='ltr'><strong>tota</strong></span> <span class='ocrx_word' id='word_1_273' title='bbox 1437 3491 1610 3544; x_wconf 80' lang='lat' dir='ltr'><strong>animo</strong></span> <span class='ocrx_word' id='word_1_274' title='bbox 1626 3499 1736 3558; x_wconf 81' lang='lat' dir='ltr'><strong>tua,</strong></span> <span class='ocrx_word' id='word_1_275' title='bbox 1755 3500 1802 3545; x_wconf 85' lang='lat' dir='ltr'><strong>et</strong></span> <span class='ocrx_word' id='word_1_276' title='bbox 1822 3507 1885 3546; x_wconf 79' lang='lat' dir='ltr'><strong>ea:</strong></span> 
     </span>
    </p>
   </div>
   <div class='ocr_carea' id='block_1_36' title="bbox 301 3584 1887 3655">
    <p class='ocr_par' dir='ltr' id='par_1_36' title="bbox 301 3584 1887 3655">
     <span class='ocr_line' id='line_1_36' title="bbox 301 3584 1887 3655; baseline -0.001 -16"><span class='ocrx_word' id='word_1_277' title='bbox 301 3599 403 3642; x_wconf 80' lang='lat' dir='ltr'><strong>tota</strong></span> <span class='ocrx_word' id='word_1_278' title='bbox 430 3597 593 3642; x_wconf 87' lang='lat' dir='ltr'><strong>mente</strong></span> <span class='ocrx_word' id='word_1_279' title='bbox 621 3596 706 3640; x_wconf 85' lang='lat' dir='ltr'><strong>tua</strong></span> <span class='ocrx_word' id='word_1_280' title='bbox 721 3601 741 3650; x_wconf 88' lang='lat'><strong>;</strong></span> <span class='ocrx_word' id='word_1_281' title='bbox 785 3595 834 3640; x_wconf 88' lang='lat' dir='ltr'><strong>et</strong></span> <span class='ocrx_word' id='word_1_282' title='bbox 858 3586 1036 3654; x_wconf 81' lang='lat' dir='ltr'><strong>diliges</strong></span> <span class='ocrx_word' id='word_1_283' title='bbox 1057 3584 1344 3654; x_wconf 70' lang='lat' dir='ltr'><strong>proximum</strong></span> <span class='ocrx_word' id='word_1_284' title='bbox 1387 3593 1530 3638; x_wconf 88' lang='lat' dir='ltr'><strong>tuum</strong></span> <span class='ocrx_word' id='word_1_285' title='bbox 1572 3592 1811 3655; x_wconf 80' lang='lat' dir='ltr'><strong>tanquam</strong></span> <span class='ocrx_word' id='word_1_286' title='bbox 1838 3593 1887 3638; x_wconf 83' lang='lat' dir='ltr'><strong>te</strong></span> 
     </span>
    </p>
   </div>
   <div class='ocr_carea' id='block_1_37' title="bbox 299 3674 1884 3752">
    <p class='ocr_par' dir='ltr' id='par_1_37' title="bbox 299 3674 1884 3752">
     <span class='ocr_line' id='line_1_37' title="bbox 299 3674 1884 3752; baseline -0.001 -23"><span class='ocrx_word' id='word_1_287' title='bbox 299 3695 466 3747; x_wconf 70' lang='lat' dir='ltr'><strong>tpﬂlm</strong></span> <span class='ocrx_word' id='word_1_288' title='bbox 490 3676 600 3752; x_wconf 83' lang='lat' dir='ltr'><strong>(Id.</strong></span> <span class='ocrx_word' id='word_1_289' title='bbox 625 3693 758 3743; x_wconf 72' lang='grc' dir='ltr'><em>χχιι,</em></span> <span class='ocrx_word' id='word_1_290' title='bbox 799 3674 1008 3746; x_wconf 68' lang='lat'><strong>37-40).</strong></span> <span class='ocrx_word' id='word_1_291' title='bbox 1055 3675 1120 3729; x_wconf 85' lang='lat' dir='ltr'><strong>Et</strong></span> <span class='ocrx_word' id='word_1_292' title='bbox 1164 3675 1216 3729; x_wconf 92' lang='lat' dir='ltr'><strong>in</strong></span> <span class='ocrx_word' id='word_1_293' title='bbox 1259 3674 1344 3729; x_wconf 87' lang='lat' dir='ltr'><strong>his</strong></span> <span class='ocrx_word' id='word_1_294' title='bbox 1379 3674 1681 3730; x_wconf 90' lang='lat' dir='ltr'><strong>continetur</strong></span> <span class='ocrx_word' id='word_1_295' title='bbox 1722 3674 1884 3730; x_wconf 90' lang='lat' dir='ltr'><strong>etiam</strong></span> 
     </span>
    </p>
   </div>
   <div class='ocr_carea' id='block_1_38' title="bbox 301 3765 1885 3840">
    <p class='ocr_par' dir='ltr' id='par_1_38' title="bbox 301 3765 1885 3840">
     <span class='ocr_line' id='line_1_38' title="bbox 301 3765 1885 3840; baseline 0 -20"><span class='ocrx_word' id='word_1_296' title='bbox 301 3771 586 3840; x_wconf 54' lang='lat' dir='ltr'><strong>itecalogus</strong></span> <span class='ocrx_word' id='word_1_297' title='bbox 610 3776 996 3838; x_wconf 73' lang='lat' dir='ltr'><strong>pmeptorum</strong></span> <span class='ocrx_word' id='word_1_298' title='bbox 1024 3765 1201 3836; x_wconf 71' lang='lat' dir='ltr'><strong>Legis,</strong></span> <span class='ocrx_word' id='word_1_299' title='bbox 1227 3765 1316 3822; x_wconf 90' lang='lat' dir='ltr'><strong>ubi</strong></span> <span class='ocrx_word' id='word_1_300' title='bbox 1346 3765 1446 3820; x_wconf 90' lang='lat' dir='ltr'><strong>tria</strong></span> <span class='ocrx_word' id='word_1_301' title='bbox 1471 3773 1735 3835; x_wconf 72' lang='lat' dir='ltr'><strong>prmcepta</strong></span> <span class='ocrx_word' id='word_1_302' title='bbox 1761 3780 1885 3835; x_wconf 85' lang='lat' dir='ltr'><strong>per-</strong></span> 
     </span>
    </p>
   </div>
   <div class='ocr_carea' id='block_1_39' title="bbox 304 3855 1884 3927">
    <p class='ocr_par' dir='ltr' id='par_1_39' title="bbox 304 3855 1884 3927">
     <span class='ocr_line' id='line_1_39' title="bbox 304 3855 1884 3927; baseline -0.002 -14"><span class='ocrx_word' id='word_1_303' title='bbox 304 3863 473 3916; x_wconf 85' lang='lat' dir='ltr'><strong>tinent</strong></span> <span class='ocrx_word' id='word_1_304' title='bbox 513 3859 582 3915; x_wconf 89' lang='lat' dir='ltr'><strong>ad</strong></span> <span class='ocrx_word' id='word_1_305' title='bbox 625 3858 966 3914; x_wconf 88' lang='lat' dir='ltr'><strong>dilectionem</strong></span> <span class='ocrx_word' id='word_1_306' title='bbox 1011 3858 1138 3921; x_wconf 86' lang='lat' dir='ltr'><strong>Dei,</strong></span> <span class='ocrx_word' id='word_1_307' title='bbox 1168 3867 1373 3927; x_wconf 88' lang='lat' dir='ltr'><strong>septem</strong></span> <span class='ocrx_word' id='word_1_308' title='bbox 1412 3856 1479 3911; x_wconf 89' lang='lat' dir='ltr'><strong>ad</strong></span> <span class='ocrx_word' id='word_1_309' title='bbox 1521 3856 1786 3927; x_wconf 75' lang='lat' dir='ltr'><strong>proximi:</strong></span> <span class='ocrx_word' id='word_1_310' title='bbox 1816 3855 1884 3911; x_wconf 89' lang='lat' dir='ltr'><strong>de</strong></span> 
     </span>
    </p>
   </div>
   <div class='ocr_carea' id='block_1_40' title="bbox 301 3949 1352 4022">
    <p class='ocr_par' dir='ltr' id='par_1_40' title="bbox 301 3949 1352 4022">
     <span class='ocr_line' id='line_1_40' title="bbox 301 3949 1352 4022; baseline -0.002 -18"><span class='ocrx_word' id='word_1_311' title='bbox 301 3953 494 4022; x_wconf 82' lang='lat' dir='ltr'><strong>quibus</strong></span> <span class='ocrx_word' id='word_1_312' title='bbox 521 3951 652 4006; x_wconf 88' lang='lat' dir='ltr'><strong>satis</strong></span> <span class='ocrx_word' id='word_1_313' title='bbox 671 3949 957 4020; x_wconf 87' lang='lat' dir='ltr'><strong>aliquando</strong></span> <span class='ocrx_word' id='word_1_314' title='bbox 983 3949 1352 4004; x_wconf 85' lang='lat' dir='ltr'><strong>tractavimus.</strong></span> 
     </span>
    </p>
   </div>
   <div class='ocr_carea' id='block_1_41' title="bbox 373 4039 1888 4112">
    <p class='ocr_par' dir='ltr' id='par_1_41' title="bbox 373 4039 1888 4112">
     <span class='ocr_line' id='line_1_41' title="bbox 373 4039 1888 4112; baseline -0.004 -12"><span class='ocrx_word' id='word_1_315' title='bbox 373 4042 597 4100; x_wconf 82' lang='lat' dir='ltr'><strong>CAPUT</strong></span> <span class='ocrx_word' id='word_1_316' title='bbox 621 4041 862 4097; x_wconf 75' lang='lat' dir='ltr'><strong>Vll.-—-7.</strong></span> <span class='ocrx_word' id='word_1_317' title='bbox 884 4039 1070 4095; x_wconf 85' lang='lat' dir='ltr'><strong>Peccat</strong></span> <span class='ocrx_word' id='word_1_318' title='bbox 1089 4042 1140 4094; x_wconf 89' lang='lat' dir='ltr'><strong>in</strong></span> <span class='ocrx_word' id='word_1_319' title='bbox 1162 4040 1340 4104; x_wconf 86' lang='lat' dir='ltr'><strong>Deum,</strong></span> <span class='ocrx_word' id='word_1_320' title='bbox 1359 4040 1513 4110; x_wconf 78' lang='lat' dir='ltr'><strong>quiin</strong></span> <span class='ocrx_word' id='word_1_321' title='bbox 1539 4055 1592 4094; x_wconf 88' lang='lat' dir='ltr'><strong>se</strong></span> <span class='ocrx_word' id='word_1_322' title='bbox 1609 4040 1888 4112; x_wconf 85' lang='lat' dir='ltr'><strong>corrumpit</strong></span> 
     </span>
    </p>
   </div>
   <div class='ocr_carea' id='block_1_42' title="bbox 304 4131 1888 4206">
    <p class='ocr_par' dir='ltr' id='par_1_42' title="bbox 304 4131 1888 4206">
     <span class='ocr_line' id='line_1_42' title="bbox 304 4131 1888 4206; baseline 0 -19"><span class='ocrx_word' id='word_1_323' title='bbox 304 4139 544 4206; x_wconf 77' lang='lat' dir='ltr'><strong>templum</strong></span> <span class='ocrx_word' id='word_1_324' title='bbox 573 4137 702 4205; x_wconf 85' lang='lat' dir='ltr'><strong>ejus.</strong></span> <span class='ocrx_word' id='word_1_325' title='bbox 732 4131 1013 4200; x_wconf 83' lang='lat' dir='ltr'><strong>Quomodo</strong></span> <span class='ocrx_word' id='word_1_326' title='bbox 1039 4147 1168 4202; x_wconf 79' lang='lat' dir='ltr'><strong>ergo</strong></span> <span class='ocrx_word' id='word_1_327' title='bbox 1197 4131 1304 4186; x_wconf 90' lang='lat' dir='ltr'><strong>duo</strong></span> <span class='ocrx_word' id='word_1_328' title='bbox 1324 4142 1449 4186; x_wconf 89' lang='lat' dir='ltr'><strong>sunt</strong></span> <span class='ocrx_word' id='word_1_329' title='bbox 1474 4140 1744 4202; x_wconf 64' lang='lat' dir='ltr'><strong>praecepta</strong></span> <span class='ocrx_word' id='word_1_330' title='bbox 1766 4173 1781 4198; x_wconf 92' lang='lat'><strong>,</strong></span> <span class='ocrx_word' id='word_1_331' title='bbox 1809 4131 1888 4187; x_wconf 92' lang='lat' dir='ltr'><strong>sic</strong></span> 
     </span>
    </p>
   </div>
   <div class='ocr_carea' id='block_1_43' title="bbox 302 4223 1890 4297">
    <p class='ocr_par' dir='ltr' id='par_1_43' title="bbox 302 4223 1890 4297">
     <span class='ocr_line' id='line_1_43' title="bbox 302 4223 1890 4297; baseline -0.001 -17"><span class='ocrx_word' id='word_1_332' title='bbox 302 4237 357 4280; x_wconf 73' lang='lat' dir='ltr'><strong>o-t</strong></span> <span class='ocrx_word' id='word_1_333' title='bbox 383 4227 488 4282; x_wconf 90' lang='lat' dir='ltr'><strong>duo</strong></span> <span class='ocrx_word' id='word_1_334' title='bbox 513 4241 708 4296; x_wconf 80' lang='lat' dir='ltr'><strong>genera</strong></span> <span class='ocrx_word' id='word_1_335' title='bbox 731 4233 1093 4297; x_wconf 86' lang='lat' dir='ltr'><strong>peccatorum.</strong></span> <span class='ocrx_word' id='word_1_336' title='bbox 1115 4225 1220 4278; x_wconf 85' lang='lat' dir='ltr'><strong>Aut</strong></span> <span class='ocrx_word' id='word_1_337' title='bbox 1241 4224 1384 4279; x_wconf 90' lang='lat' dir='ltr'><strong>enim</strong></span> <span class='ocrx_word' id='word_1_338' title='bbox 1416 4225 1468 4278; x_wconf 91' lang='lat' dir='ltr'><strong>in</strong></span> <span class='ocrx_word' id='word_1_339' title='bbox 1500 4223 1666 4279; x_wconf 88' lang='lat' dir='ltr'><strong>Deutn</strong></span> <span class='ocrx_word' id='word_1_340' title='bbox 1699 4238 1890 4295; x_wconf 82' lang='lat' dir='ltr'><strong>pecca-</strong></span> 
     </span>
    </p>
   </div>
   <div class='ocr_carea' id='block_1_44' title="bbox 306 4316 1889 4384">
    <p class='ocr_par' dir='ltr' id='par_1_44' title="bbox 306 4316 1889 4384">
     <span class='ocr_line' id='line_1_44' title="bbox 306 4316 1889 4384; baseline 0.001 -15"><span class='ocrx_word' id='word_1_341' title='bbox 306 4330 409 4384; x_wconf 86' lang='lat' dir='ltr'><strong>tur,</strong></span> <span class='ocrx_word' id='word_1_342' title='bbox 441 4328 533 4373; x_wconf 88' lang='lat' dir='ltr'><strong>aut</strong></span> <span class='ocrx_word' id='word_1_343' title='bbox 558 4319 608 4372; x_wconf 91' lang='lat' dir='ltr'><strong>in</strong></span> <span class='ocrx_word' id='word_1_344' title='bbox 633 4318 926 4373; x_wconf 87' lang='lat' dir='ltr'><strong>hominem.</strong></span> <span class='ocrx_word' id='word_1_345' title='bbox 958 4317 1216 4372; x_wconf 88' lang='lat' dir='ltr'><strong>Peccatur</strong></span> <span class='ocrx_word' id='word_1_346' title='bbox 1237 4326 1414 4371; x_wconf 90' lang='lat' dir='ltr'><strong>autem</strong></span> <span class='ocrx_word' id='word_1_347' title='bbox 1437 4316 1490 4371; x_wconf 93' lang='lat' dir='ltr'><strong>in</strong></span> <span class='ocrx_word' id='word_1_348' title='bbox 1513 4316 1700 4377; x_wconf 86' lang='lat' dir='ltr'><strong>Deum,</strong></span> <span class='ocrx_word' id='word_1_349' title='bbox 1727 4316 1889 4370; x_wconf 88' lang='lat' dir='ltr'><strong>etiam</strong></span> 
     </span>
    </p>
   </div>
   <div class='ocr_carea' id='block_1_45' title="bbox 303 4406 1889 4478">
    <p class='ocr_par' dir='ltr' id='par_1_45' title="bbox 303 4406 1889 4478">
     <span class='ocr_line' id='line_1_45' title="bbox 303 4406 1889 4478; baseline -0.002 -15"><span class='ocrx_word' id='word_1_350' title='bbox 303 4409 694 4478; x_wconf 84' lang='lat' dir='ltr'><strong>corrumpendo</strong></span> <span class='ocrx_word' id='word_1_351' title='bbox 725 4408 980 4477; x_wconf 90' lang='lat' dir='ltr'><strong>templum</strong></span> <span class='ocrx_word' id='word_1_352' title='bbox 1020 4407 1136 4477; x_wconf 87' lang='lat' dir='ltr'><strong>ejus</strong></span> <span class='ocrx_word' id='word_1_353' title='bbox 1183 4411 1236 4461; x_wconf 92' lang='lat' dir='ltr'><strong>iu</strong></span> <span class='ocrx_word' id='word_1_354' title='bbox 1277 4418 1328 4462; x_wconf 90' lang='lat' dir='ltr'><strong>te</strong></span> <span class='ocrx_word' id='word_1_355' title='bbox 1357 4425 1370 4460; x_wconf 93' lang='lat'><strong>:</strong></span> <span class='ocrx_word' id='word_1_356' title='bbox 1403 4406 1601 4461; x_wconf 88' lang='lat' dir='ltr'><strong>etenim</strong></span> <span class='ocrx_word' id='word_1_357' title='bbox 1637 4407 1774 4462; x_wconf 89' lang='lat' dir='ltr'><strong>Deus</strong></span> <span class='ocrx_word' id='word_1_358' title='bbox 1800 4421 1889 4460; x_wconf 85' lang='lat' dir='ltr'><strong>re-</strong></span> 
     </span>
    </p>
   </div>
   <div class='ocr_carea' id='block_1_46' title="bbox 304 4498 1888 4569">
    <p class='ocr_par' dir='ltr' id='par_1_46' title="bbox 304 4498 1888 4569">
     <span class='ocr_line' id='line_1_46' title="bbox 304 4498 1888 4569; baseline -0.001 -15"><span class='ocrx_word' id='word_1_359' title='bbox 304 4502 472 4556; x_wconf 86' lang='lat' dir='ltr'><strong>demit</strong></span> <span class='ocrx_word' id='word_1_360' title='bbox 493 4510 544 4555; x_wconf 89' lang='lat' dir='ltr'><strong>te</strong></span> <span class='ocrx_word' id='word_1_361' title='bbox 573 4501 827 4569; x_wconf 75' lang='lat' dir='ltr'><strong>sanguine</strong></span> <span class='ocrx_word' id='word_1_362' title='bbox 862 4499 977 4553; x_wconf 84' lang='lat' dir='ltr'><strong>Filii</strong></span> <span class='ocrx_word' id='word_1_363' title='bbox 1013 4498 1118 4552; x_wconf 88' lang='lat' dir='ltr'><strong>sui.</strong></span> <span class='ocrx_word' id='word_1_364' title='bbox 1149 4499 1462 4568; x_wconf 86' lang='lat' dir='ltr'><strong>Quanquam</strong></span> <span class='ocrx_word' id='word_1_365' title='bbox 1505 4507 1561 4553; x_wconf 87' lang='lat' dir='ltr'><strong>et</strong></span> <span class='ocrx_word' id='word_1_366' title='bbox 1603 4508 1888 4569; x_wconf 82' lang='lat' dir='ltr'><strong>antequam</strong></span> 
     </span>
    </p>
   </div>
   <div class='ocr_carea' id='block_1_47' title="bbox 304 4588 1889 4658">
    <p class='ocr_par' dir='ltr' id='par_1_47' title="bbox 304 4588 1889 4658">
     <span class='ocr_line' id='line_1_47' title="bbox 304 4588 1889 4658; baseline -0.002 -11"><span class='ocrx_word' id='word_1_367' title='bbox 304 4592 678 4656; x_wconf 85' lang='lat' dir='ltr'><strong>redimercris,</strong></span> <span class='ocrx_word' id='word_1_368' title='bbox 725 4591 879 4658; x_wconf 83' lang='lat' dir='ltr'><strong>cujus</strong></span> <span class='ocrx_word' id='word_1_369' title='bbox 904 4604 1088 4643; x_wconf 89' lang='lat' dir='ltr'><strong>servus</strong></span> <span class='ocrx_word' id='word_1_370' title='bbox 1118 4603 1269 4652; x_wconf 86' lang='lat' dir='ltr'><strong>eras,</strong></span> <span class='ocrx_word' id='word_1_371' title='bbox 1305 4589 1405 4642; x_wconf 86' lang='lat' dir='ltr'><strong>nisi</strong></span> <span class='ocrx_word' id='word_1_372' title='bbox 1433 4588 1552 4657; x_wconf 87' lang='lat' dir='ltr'><strong>ejus</strong></span> <span class='ocrx_word' id='word_1_373' title='bbox 1581 4590 1671 4658; x_wconf 91' lang='lat' dir='ltr'><strong>qui</strong></span> <span class='ocrx_word' id='word_1_374' title='bbox 1701 4589 1889 4645; x_wconf 86' lang='lat' dir='ltr'><strong>condi-</strong></span> 
     </span>
    </p>
   </div>
   <div class='ocr_carea' id='block_1_48' title="bbox 305 4677 1893 4750">
    <p class='ocr_par' dir='ltr' id='par_1_48' title="bbox 305 4677 1893 4750">
     <span class='ocr_line' id='line_1_48' title="bbox 305 4677 1893 4750; baseline -0.003 -12"><span class='ocrx_word' id='word_1_375' title='bbox 305 4685 384 4739; x_wconf 86' lang='lat' dir='ltr'><strong>dit</strong></span> <span class='ocrx_word' id='word_1_376' title='bbox 411 4683 632 4740; x_wconf 82' lang='lat' dir='ltr'><strong>omnia?</strong></span> <span class='ocrx_word' id='word_1_377' title='bbox 659 4680 1003 4736; x_wconf 83' lang='lat' dir='ltr'><strong>Peculiariter</strong></span> <span class='ocrx_word' id='word_1_378' title='bbox 1027 4679 1258 4750; x_wconf 85' lang='lat' dir='ltr'><strong>quodam</strong></span> <span class='ocrx_word' id='word_1_379' title='bbox 1289 4677 1448 4734; x_wconf 91' lang='lat' dir='ltr'><strong>modo</strong></span> <span class='ocrx_word' id='word_1_380' title='bbox 1487 4687 1540 4732; x_wconf 88' lang='lat' dir='ltr'><strong>te</strong></span> <span class='ocrx_word' id='word_1_381' title='bbox 1570 4679 1767 4734; x_wconf 87' lang='lat' dir='ltr'><strong>habere</strong></span> <span class='ocrx_word' id='word_1_382' title='bbox 1797 4695 1893 4734; x_wconf 81' lang='lat' dir='ltr'><strong>vo-</strong></span> 
     </span>
    </p>
   </div>
   <div class='ocr_carea' id='block_1_49' title="bbox 307 4771 1890 4848">
    <p class='ocr_par' dir='ltr' id='par_1_49' title="bbox 307 4771 1890 4848">
     <span class='ocr_line' id='line_1_49' title="bbox 307 4771 1890 4848; baseline -0.006 -12"><span class='ocrx_word' id='word_1_383' title='bbox 307 4781 408 4835; x_wconf 91' lang='lat' dir='ltr'><strong>luit</strong></span> <span class='ocrx_word' id='word_1_384' title='bbox 435 4777 768 4848; x_wconf 86' lang='lat' dir='ltr'><strong>redemptum</strong></span> <span class='ocrx_word' id='word_1_385' title='bbox 795 4774 1056 4846; x_wconf 82' lang='lat' dir='ltr'><strong>sanguine</strong></span> <span class='ocrx_word' id='word_1_386' title='bbox 1098 4772 1215 4828; x_wconf 87' lang='lat' dir='ltr'><strong>Filii</strong></span> <span class='ocrx_word' id='word_1_387' title='bbox 1252 4775 1353 4829; x_wconf 92' lang='lat' dir='ltr'><strong>sui.</strong></span> <span class='ocrx_word' id='word_1_388' title='bbox 1400 4771 1467 4826; x_wconf 85' lang='lat' dir='ltr'><strong>Et</strong></span> <span class='ocrx_word' id='word_1_389' title='bbox 1494 4789 1594 4826; x_wconf 89' lang='lat' dir='ltr'><strong>non</strong></span> <span class='ocrx_word' id='word_1_390' title='bbox 1619 4773 1736 4827; x_wconf 83' lang='lat' dir='ltr'><strong>estis</strong></span> <span class='ocrx_word' id='word_1_391' title='bbox 1779 4788 1890 4828; x_wconf 82' lang='lat' dir='ltr'><strong>ves-</strong></span> 
     </span>
    </p>
   </div>
   <div class='ocr_carea' id='block_1_50' title="bbox 307 4865 1890 4944">
    <p class='ocr_par' dir='ltr' id='par_1_50' title="bbox 307 4865 1890 4944">
     <span class='ocr_line' id='line_1_50' title="bbox 307 4865 1890 4944; baseline -0.004 -17"><span class='ocrx_word' id='word_1_392' title='bbox 307 4875 392 4941; x_wconf 82' lang='lat' dir='ltr'><strong>tri,</strong></span> <span class='ocrx_word' id='word_1_393' title='bbox 421 4869 590 4944; x_wconf 88' lang='lat' dir='ltr'><strong>inquit</strong></span> <span class='ocrx_word' id='word_1_394' title='bbox 614 4867 935 4942; x_wconf 82' lang='lat' dir='ltr'><strong>Apostolus;</strong></span> <span class='ocrx_word' id='word_1_395' title='bbox 964 4867 1119 4935; x_wconf 82' lang='lat' dir='ltr'><strong>empti</strong></span> <span class='ocrx_word' id='word_1_396' title='bbox 1149 4867 1281 4920; x_wconf 88' lang='lat' dir='ltr'><strong>enim</strong></span> <span class='ocrx_word' id='word_1_397' title='bbox 1310 4865 1427 4920; x_wconf 80' lang='lat' dir='ltr'><strong>estis</strong></span> <span class='ocrx_word' id='word_1_398' title='bbox 1457 4866 1617 4936; x_wconf 85' lang='lat' dir='ltr'><strong>pretio</strong></span> <span class='ocrx_word' id='word_1_399' title='bbox 1665 4882 1848 4937; x_wconf 81' lang='lat' dir='ltr'><strong>magno</strong></span> <span class='ocrx_word' id='word_1_400' title='bbox 1872 4881 1890 4920; x_wconf 89' lang='lat'><strong>:</strong></span> 
     </span>
    </p>
   </div>
   <div class='ocr_carea' id='block_1_51' title="bbox 306 4957 1889 5035">
    <p class='ocr_par' dir='ltr' id='par_1_51' title="bbox 306 4957 1889 5035">
     <span class='ocr_line' id='line_1_51' title="bbox 306 4957 1889 5035; baseline -0.004 -17"><span class='ocrx_word' id='word_1_401' title='bbox 306 4965 588 5035; x_wconf 74' lang='lat' dir='ltr'><strong>glori/ictuc</strong></span> <span class='ocrx_word' id='word_1_402' title='bbox 609 4971 657 5016; x_wconf 86' lang='lat' dir='ltr'><strong>et</strong></span> <span class='ocrx_word' id='word_1_403' title='bbox 678 4970 876 5031; x_wconf 80' lang='lat' dir='ltr'><strong>portate</strong></span> <span class='ocrx_word' id='word_1_404' title='bbox 897 4958 1060 5014; x_wconf 87' lang='lat' dir='ltr'><strong>Deum</strong></span> <span class='ocrx_word' id='word_1_405' title='bbox 1081 4959 1134 5013; x_wconf 91' lang='lat' dir='ltr'><strong>in</strong></span> <span class='ocrx_word' id='word_1_406' title='bbox 1174 4974 1386 5030; x_wconf 86' lang='lat' dir='ltr'><strong>corpore</strong></span> <span class='ocrx_word' id='word_1_407' title='bbox 1410 4968 1568 5013; x_wconf 77' lang='lat' dir='ltr'><strong>uestro</strong></span> <span class='ocrx_word' id='word_1_408' title='bbox 1599 4959 1637 5029; x_wconf 80' lang='grc' dir='ltr'><strong>(Ι</strong></span> <span class='ocrx_word' id='word_1_409' title='bbox 1663 4957 1782 5013; x_wconf 81' lang='lat' dir='ltr'><strong>Cor.</strong></span> <span class='ocrx_word' id='word_1_410' title='bbox 1815 4974 1889 5023; x_wconf 89' lang='lat' dir='ltr'><strong>vt,</strong></span> 
     </span>
    </p>
   </div>
   <div class='ocr_carea' id='block_1_52' title="bbox 309 5049 1890 5125">
    <p class='ocr_par' dir='ltr' id='par_1_52' title="bbox 309 5049 1890 5125">
     <span class='ocr_line' id='line_1_52' title="bbox 309 5049 1890 5125; baseline -0.004 -15"><span class='ocrx_word' id='word_1_411' title='bbox 309 5058 376 5112; x_wconf 81' lang='grc'><strong>19</strong></span> <span class='ocrx_word' id='word_1_412' title='bbox 392 5067 438 5111; x_wconf 86' lang='lat' dir='ltr'><strong>et</strong></span> <span class='ocrx_word' id='word_1_413' title='bbox 453 5054 568 5124; x_wconf 71' lang='lat'><strong>20).</strong></span> <span class='ocrx_word' id='word_1_414' title='bbox 593 5053 733 5125; x_wconf 77' lang='lat' dir='ltr'><strong>Ergo</strong></span> <span class='ocrx_word' id='word_1_415' title='bbox 754 5053 844 5109; x_wconf 89' lang='lat' dir='ltr'><strong>ille</strong></span> <span class='ocrx_word' id='word_1_416' title='bbox 862 5068 893 5107; x_wconf 88' lang='lat' dir='ltr'><strong>a</strong></span> <span class='ocrx_word' id='word_1_417' title='bbox 911 5067 1016 5122; x_wconf 90' lang='lat' dir='ltr'><strong>quo</strong></span> <span class='ocrx_word' id='word_1_418' title='bbox 1033 5050 1339 5122; x_wconf 87' lang='lat' dir='ltr'><strong>redemptus</strong></span> <span class='ocrx_word' id='word_1_419' title='bbox 1350 5065 1430 5118; x_wconf 87' lang='lat' dir='ltr'><strong>es,</strong></span> <span class='ocrx_word' id='word_1_420' title='bbox 1452 5049 1574 5105; x_wconf 83' lang='lat' dir='ltr'><strong>fecit</strong></span> <span class='ocrx_word' id='word_1_421' title='bbox 1597 5058 1648 5106; x_wconf 90' lang='lat' dir='ltr'><strong>te</strong></span> <span class='ocrx_word' id='word_1_422' title='bbox 1674 5049 1890 5106; x_wconf 87' lang='lat' dir='ltr'><strong>domum</strong></span> 
     </span>
    </p>
   </div>
   <div class='ocr_carea' id='block_1_53' title="bbox 305 5144 1893 5220">
    <p class='ocr_par' dir='ltr' id='par_1_53' title="bbox 305 5144 1893 5220">
     <span class='ocr_line' id='line_1_53' title="bbox 305 5144 1893 5220; baseline -0.005 -13"><span class='ocrx_word' id='word_1_423' title='bbox 305 5169 477 5207; x_wconf 78' lang='lat' dir='ltr'><strong>suam.</strong></span> <span class='ocrx_word' id='word_1_424' title='bbox 505 5149 772 5220; x_wconf 81' lang='lat' dir='ltr'><strong>Numquid</strong></span> <span class='ocrx_word' id='word_1_425' title='bbox 803 5158 856 5204; x_wconf 93' lang='lat' dir='ltr'><strong>tu</strong></span> <span class='ocrx_word' id='word_1_426' title='bbox 884 5147 966 5205; x_wconf 91' lang='lat' dir='ltr'><strong>vis</strong></span> <span class='ocrx_word' id='word_1_427' title='bbox 1007 5147 1178 5203; x_wconf 87' lang='lat' dir='ltr'><strong>everti</strong></span> <span class='ocrx_word' id='word_1_428' title='bbox 1204 5145 1422 5201; x_wconf 91' lang='lat' dir='ltr'><strong>domum</strong></span> <span class='ocrx_word' id='word_1_429' title='bbox 1464 5144 1649 5201; x_wconf 82' lang='lat' dir='ltr'><strong>tuam?</strong></span> <span class='ocrx_word' id='word_1_430' title='bbox 1674 5145 1763 5201; x_wconf 90' lang='lat' dir='ltr'><strong>Sic</strong></span> <span class='ocrx_word' id='word_1_431' title='bbox 1793 5159 1893 5200; x_wconf 89' lang='lat' dir='ltr'><strong>nec</strong></span> 
     </span>
    </p>
   </div>
   <div class='ocr_carea' id='block_1_54' title="bbox 307 5235 1892 5308">
    <p class='ocr_par' dir='ltr' id='par_1_54' title="bbox 307 5235 1892 5308">
     <span class='ocr_line' id='line_1_54' title="bbox 307 5235 1892 5308; baseline -0.006 -8"><span class='ocrx_word' id='word_1_432' title='bbox 307 5243 448 5300; x_wconf 86' lang='lat' dir='ltr'><strong>Deus</strong></span> <span class='ocrx_word' id='word_1_433' title='bbox 475 5257 648 5307; x_wconf 87' lang='lat' dir='ltr'><strong>suam,</strong></span> <span class='ocrx_word' id='word_1_434' title='bbox 681 5241 784 5296; x_wconf 88' lang='lat' dir='ltr'><strong>hoc</strong></span> <span class='ocrx_word' id='word_1_435' title='bbox 801 5248 903 5303; x_wconf 91' lang='lat' dir='ltr'><strong>est,</strong></span> <span class='ocrx_word' id='word_1_436' title='bbox 933 5248 986 5294; x_wconf 92' lang='lat' dir='ltr'><strong>te</strong></span> <span class='ocrx_word' id='word_1_437' title='bbox 1007 5239 1202 5308; x_wconf 90' lang='lat' dir='ltr'><strong>ipsum.</strong></span> <span class='ocrx_word' id='word_1_438' title='bbox 1223 5235 1279 5292; x_wconf 91' lang='lat' dir='ltr'><strong>Si</strong></span> <span class='ocrx_word' id='word_1_439' title='bbox 1306 5237 1398 5292; x_wconf 90' lang='lat' dir='ltr'><strong>tibi</strong></span> <span class='ocrx_word' id='word_1_440' title='bbox 1421 5251 1526 5292; x_wconf 91' lang='lat' dir='ltr'><strong>non</strong></span> <span class='ocrx_word' id='word_1_441' title='bbox 1557 5235 1733 5307; x_wconf 89' lang='lat' dir='ltr'><strong>parcis</strong></span> <span class='ocrx_word' id='word_1_442' title='bbox 1761 5251 1892 5306; x_wconf 90' lang='lat' dir='ltr'><strong>pro-</strong></span> 
     </span>
    </p>
   </div>
   <div class='ocr_carea' id='block_1_55' title="bbox 308 5329 1897 5406">
    <p class='ocr_par' dir='ltr' id='par_1_55' title="bbox 308 5329 1897 5406">
     <span class='ocr_line' id='line_1_55' title="bbox 308 5329 1897 5406; baseline 0 -21"><span class='ocrx_word' id='word_1_443' title='bbox 308 5345 425 5402; x_wconf 84' lang='lat' dir='ltr'><strong>pter</strong></span> <span class='ocrx_word' id='word_1_444' title='bbox 454 5335 730 5406; x_wconf 87' lang='lat' dir='ltr'><strong>teipsum,</strong></span> <span class='ocrx_word' id='word_1_445' title='bbox 756 5347 915 5404; x_wconf 86' lang='lat' dir='ltr'><strong>parce</strong></span> <span class='ocrx_word' id='word_1_446' title='bbox 941 5331 1032 5386; x_wconf 87' lang='lat' dir='ltr'><strong>tibi</strong></span> <span class='ocrx_word' id='word_1_447' title='bbox 1062 5339 1280 5400; x_wconf 88' lang='lat' dir='ltr'><strong>propter</strong></span> <span class='ocrx_word' id='word_1_448' title='bbox 1324 5331 1517 5395; x_wconf 89' lang='lat' dir='ltr'><strong>Deum,</strong></span> <span class='ocrx_word' id='word_1_449' title='bbox 1561 5331 1650 5401; x_wconf 92' lang='lat' dir='ltr'><strong>qui</strong></span> <span class='ocrx_word' id='word_1_450' title='bbox 1692 5339 1743 5386; x_wconf 90' lang='lat' dir='ltr'><strong>te</strong></span> <span class='ocrx_word' id='word_1_451' title='bbox 1770 5329 1897 5385; x_wconf 81' lang='lat' dir='ltr'><strong>fecit</strong></span> 
     </span>
    </p>
   </div>
   <div class='ocr_carea' id='block_1_56' title="bbox 313 5420 1892 5496">
    <p class='ocr_par' dir='ltr' id='par_1_56' title="bbox 313 5420 1892 5496">
     <span class='ocr_line' id='line_1_56' title="bbox 313 5420 1892 5496; baseline -0.001 -18"><span class='ocrx_word' id='word_1_452' title='bbox 313 5427 561 5496; x_wconf 72' lang='lat' dir='ltr'><strong>templum</strong></span> <span class='ocrx_word' id='word_1_453' title='bbox 601 5442 778 5482; x_wconf 88' lang='lat' dir='ltr'><strong>suum.</strong></span> <span class='ocrx_word' id='word_1_454' title='bbox 828 5423 1096 5496; x_wconf 78' lang='lat' dir='ltr'><strong>Templum</strong></span> <span class='ocrx_word' id='word_1_455' title='bbox 1135 5423 1266 5477; x_wconf 90' lang='lat' dir='ltr'><strong>enim</strong></span> <span class='ocrx_word' id='word_1_456' title='bbox 1296 5420 1388 5476; x_wconf 84' lang='lat' dir='ltr'><strong>Dei</strong></span> <span class='ocrx_word' id='word_1_457' title='bbox 1427 5431 1658 5476; x_wconf 87' lang='lat' dir='ltr'><strong>sanctum</strong></span> <span class='ocrx_word' id='word_1_458' title='bbox 1685 5431 1778 5490; x_wconf 83' lang='lat' dir='ltr'><strong>est,</strong></span> <span class='ocrx_word' id='word_1_459' title='bbox 1808 5421 1892 5477; x_wconf 83' lang='lat' dir='ltr'><strong>in-</strong></span> 
     </span>
    </p>
   </div>
   <div class='ocr_carea' id='block_1_57' title="bbox 309 5513 1891 5592">
    <p class='ocr_par' dir='ltr' id='par_1_57' title="bbox 309 5513 1891 5592">
     <span class='ocr_line' id='line_1_57' title="bbox 309 5513 1891 5592; baseline -0.001 -22"><span class='ocrx_word' id='word_1_460' title='bbox 309 5518 443 5584; x_wconf 75' lang='lat' dir='ltr'><strong>quit,</strong></span> <span class='ocrx_word' id='word_1_461' title='bbox 465 5519 602 5592; x_wconf 79' lang='lat' dir='ltr'><strong>quod</strong></span> <span class='ocrx_word' id='word_1_462' title='bbox 629 5519 747 5574; x_wconf 85' lang='lat' dir='ltr'><strong>estis</strong></span> <span class='ocrx_word' id='word_1_463' title='bbox 785 5533 903 5583; x_wconf 80' lang='lat' dir='ltr'><strong>vos;</strong></span> <span class='ocrx_word' id='word_1_464' title='bbox 948 5523 1023 5582; x_wconf 77' lang='lat' dir='ltr'><strong>ct,</strong></span> <span class='ocrx_word' id='word_1_465' title='bbox 1059 5515 1158 5584; x_wconf 82' lang='lat' dir='ltr'><strong>Qui</strong></span> <span class='ocrx_word' id='word_1_466' title='bbox 1185 5515 1429 5583; x_wconf 75' lang='lat' dir='ltr'><strong>templum</strong></span> <span class='ocrx_word' id='word_1_467' title='bbox 1458 5513 1550 5568; x_wconf 79' lang='lat' dir='ltr'><strong>Dei</strong></span> <span class='ocrx_word' id='word_1_468' title='bbox 1577 5515 1891 5586; x_wconf 67' lang='lat' dir='ltr'><strong>corruperit,</strong></span> 
     </span>
    </p>
   </div>
   <div class='ocr_carea' id='block_1_58' title="bbox 309 5605 1894 5681">
    <p class='ocr_par' dir='ltr' id='par_1_58' title="bbox 309 5605 1894 5681">
     <span class='ocr_line' id='line_1_58' title="bbox 309 5605 1894 5681; baseline 0.001 -21"><span class='ocrx_word' id='word_1_469' title='bbox 309 5620 593 5681; x_wconf 80' lang='lat' dir='ltr'><strong>corrumpet</strong></span> <span class='ocrx_word' id='word_1_470' title='bbox 633 5611 781 5665; x_wconf 73' lang='lat' dir='ltr'><strong>illum</strong></span> <span class='ocrx_word' id='word_1_471' title='bbox 819 5609 958 5666; x_wconf 86' lang='lat' dir='ltr'><strong>Deus</strong></span> <span class='ocrx_word' id='word_1_472' title='bbox 1001 5605 1110 5676; x_wconf 82' lang='lat' dir='ltr'><strong>(Id.</strong></span> <span class='ocrx_word' id='word_1_473' title='bbox 1141 5623 1219 5670; x_wconf 86' lang='lat' dir='ltr'><strong>tu,</strong></span> <span class='ocrx_word' id='word_1_474' title='bbox 1257 5606 1362 5675; x_wconf 83' lang='lat' dir='ltr'><strong>l7).</strong></span> <span class='ocrx_word' id='word_1_475' title='bbox 1389 5605 1520 5674; x_wconf 78' lang='lat' dir='ltr'><strong>Qua:</strong></span> <span class='ocrx_word' id='word_1_476' title='bbox 1549 5618 1763 5678; x_wconf 83' lang='lat' dir='ltr'><strong>peccata</strong></span> <span class='ocrx_word' id='word_1_477' title='bbox 1797 5606 1894 5662; x_wconf 79' lang='lat' dir='ltr'><strong>ln-</strong></span> 
     </span>
    </p>
   </div>
   <div class='ocr_carea' id='block_1_59' title="bbox 312 5699 1892 5773">
    <p class='ocr_par' dir='ltr' id='par_1_59' title="bbox 312 5699 1892 5773">
     <span class='ocr_line' id='line_1_59' title="bbox 312 5699 1892 5773; baseline -0.001 -17"><span class='ocrx_word' id='word_1_478' title='bbox 312 5701 482 5757; x_wconf 84' lang='lat' dir='ltr'><strong>tnincs</strong></span> <span class='ocrx_word' id='word_1_479' title='bbox 504 5702 718 5772; x_wconf 88' lang='lat' dir='ltr'><strong>quando</strong></span> <span class='ocrx_word' id='word_1_480' title='bbox 747 5699 980 5767; x_wconf 78' lang='lat' dir='ltr'><strong>faciunt,</strong></span> <span class='ocrx_word' id='word_1_481' title='bbox 1008 5709 1196 5772; x_wconf 86' lang='lat' dir='ltr'><strong>putant</strong></span> <span class='ocrx_word' id='word_1_482' title='bbox 1241 5715 1297 5754; x_wconf 76' lang='lat' dir='ltr'><strong>sc</strong></span> <span class='ocrx_word' id='word_1_483' title='bbox 1337 5716 1438 5755; x_wconf 82' lang='lat' dir='ltr'><strong>non</strong></span> <span class='ocrx_word' id='word_1_484' title='bbox 1469 5715 1721 5770; x_wconf 84' lang='lat' dir='ltr'><strong>peccare,</strong></span> <span class='ocrx_word' id='word_1_485' title='bbox 1772 5702 1892 5773; x_wconf 81' lang='lat' dir='ltr'><strong>quia</strong></span> 
     </span>
    </p>
   </div>
   <div class='ocr_carea' id='block_1_60' title="bbox 291 5790 906 5862">
    <p class='ocr_par' dir='ltr' id='par_1_60' title="bbox 291 5790 906 5862">
     <span class='ocr_line' id='line_1_60' title="bbox 291 5790 906 5862; baseline -0.01 -9"><span class='ocrx_word' id='word_1_486' title='bbox 291 5791 440 5862; x_wconf 56' lang='lat' dir='ltr'><strong>{utili</strong></span> <span class='ocrx_word' id='word_1_487' title='bbox 470 5790 676 5854; x_wconf 78' lang='lat' dir='ltr'><strong>homini</strong></span> <span class='ocrx_word' id='word_1_488' title='bbox 695 5802 906 5850; x_wconf 78' lang='lat' dir='ltr'><strong>nocent.</strong></span> 
     </span>
    </p>
   </div>
   <div class='ocr_carea' id='block_1_61' title="bbox 1486 336 2294 400">
    <p class='ocr_par' dir='ltr' id='par_1_61' title="bbox 1486 336 2294 400">
     <span class='ocr_line' id='line_1_61' title="bbox 1486 336 2294 400; baseline -0.002 0"><span class='ocrx_word' id='word_1_489' title='bbox 1486 341 1542 400; x_wconf 81' lang='lat'><strong>8.</strong></span> <span class='ocrx_word' id='word_1_490' title='bbox 1587 336 1953 398; x_wconf 78' lang='lat' dir='ltr'><strong>AUGUSTINI</strong></span> <span class='ocrx_word' id='word_1_491' title='bbox 1989 338 2294 397; x_wconf 74' lang='lat' dir='ltr'><strong>EPISCOPI</strong></span> 
     </span>
    </p>
   </div>
   <div class='ocr_carea' id='block_1_62' title="bbox 3463 349 3556 404">
    <p class='ocr_par' dir='ltr' id='par_1_62' title="bbox 3463 349 3556 404">
     <span class='ocr_line' id='line_1_62' title="bbox 3463 349 3556 404; baseline 0 -1"><span class='ocrx_word' id='word_1_492' title='bbox 3463 349 3556 404; x_wconf 68' lang='lat' dir='ltr'><strong>l2?</strong></span> 
     </span>
    </p>
   </div>
   <div class='ocr_carea' id='block_1_63' title="bbox 2075 455 3586 531">
    <p class='ocr_par' dir='ltr' id='par_1_63' title="bbox 2075 455 3586 531">
     <span class='ocr_line' id='line_1_63' title="bbox 2075 455 3586 531; baseline 0.005 -20"><span class='ocrx_word' id='word_1_493' title='bbox 2075 455 2305 512; x_wconf 78' lang='lat' dir='ltr'><strong>CAPUT</strong></span> <span class='ocrx_word' id='word_1_494' title='bbox 2343 457 2474 513; x_wconf 73' lang='lat' dir='ltr'><strong>V&#39;lll.</strong></span> <span class='ocrx_word' id='word_1_495' title='bbox 2499 488 2568 500; x_wconf 89' lang='lat'>—</span> <span class='ocrx_word' id='word_1_496' title='bbox 2595 458 2650 515; x_wconf 85' lang='lat'><strong>8.</strong></span> <span class='ocrx_word' id='word_1_497' title='bbox 2678 460 3012 531; x_wconf 73' lang='lat' dir='ltr'><strong>Cor-ruptores</strong></span> <span class='ocrx_word' id='word_1_498' title='bbox 3036 463 3139 528; x_wconf 79' lang='lat' dir='ltr'><strong>sui,</strong></span> <span class='ocrx_word' id='word_1_499' title='bbox 3163 478 3264 517; x_wconf 83' lang='lat' dir='ltr'><strong>non</strong></span> <span class='ocrx_word' id='word_1_500' title='bbox 3283 463 3586 520; x_wconf 62' lang='lat' dir='ltr'><strong>innocentia.</strong></span> 
     </span>
    </p>
   </div>
   <div class='ocr_carea' id='block_1_64' title="bbox 2006 547 3589 624">
    <p class='ocr_par' dir='ltr' id='par_1_64' title="bbox 2006 547 3589 624">
     <span class='ocr_line' id='line_1_64' title="bbox 2006 547 3589 624; baseline 0.007 -22"><span class='ocrx_word' id='word_1_501' title='bbox 2006 547 2256 605; x_wconf 77' lang='lat' dir='ltr'><strong>lnnocens</strong></span> <span class='ocrx_word' id='word_1_502' title='bbox 2293 551 2426 622; x_wconf 80' lang='lat' dir='ltr'><strong>quis.</strong></span> <span class='ocrx_word' id='word_1_503' title='bbox 2480 551 2593 608; x_wconf 76' lang='lat' dir='ltr'><strong>Hoc</strong></span> <span class='ocrx_word' id='word_1_504' title='bbox 2635 553 2813 624; x_wconf 79' lang='lat' dir='ltr'><strong>itaque</strong></span> <span class='ocrx_word' id='word_1_505' title='bbox 2849 553 2975 610; x_wconf 84' lang='lat' dir='ltr'><strong>volo</strong></span> <span class='ocrx_word' id='word_1_506' title='bbox 3020 554 3269 611; x_wconf 67' lang='lat' dir='ltr'><strong>intimate</strong></span> <span class='ocrx_word' id='word_1_507' title='bbox 3311 554 3589 614; x_wconf 80' lang='lat' dir='ltr'><strong>Sanctitati</strong></span> 
     </span>
    </p>
   </div>
   <div class='ocr_carea' id='block_1_65' title="bbox 2004 643 3588 718">
    <p class='ocr_par' dir='ltr' id='par_1_65' title="bbox 2004 643 3588 718">
     <span class='ocr_line' id='line_1_65' title="bbox 2004 643 3588 718; baseline 0.008 -24"><span class='ocrx_word' id='word_1_508' title='bbox 2004 649 2196 696; x_wconf 65' lang='lat' dir='ltr'><strong>vestrae</strong></span> <span class='ocrx_word' id='word_1_509' title='bbox 2215 683 2230 707; x_wconf 96' lang='lat'><strong>,</strong></span> <span class='ocrx_word' id='word_1_510' title='bbox 2269 651 2528 713; x_wconf 90' lang='lat' dir='ltr'><strong>quantum</strong></span> <span class='ocrx_word' id='word_1_511' title='bbox 2570 643 2732 700; x_wconf 80' lang='lat' dir='ltr'><strong>breve</strong></span> <span class='ocrx_word' id='word_1_512' title='bbox 2771 653 2984 715; x_wconf 84' lang='lat' dir='ltr'><strong>tempus</strong></span> <span class='ocrx_word' id='word_1_513' title='bbox 3017 645 3278 714; x_wconf 83' lang='lat' dir='ltr'><strong>admittit,</strong></span> <span class='ocrx_word' id='word_1_514' title='bbox 3309 643 3437 718; x_wconf 78' lang='lat' dir='ltr'><strong>quid</strong></span> <span class='ocrx_word' id='word_1_515' title='bbox 3467 648 3588 706; x_wconf 89' lang='lat' dir='ltr'><strong>mali</strong></span> 
     </span>
    </p>
   </div>
   <div class='ocr_carea' id='block_1_66' title="bbox 2003 731 3588 809">
    <p class='ocr_par' dir='ltr' id='par_1_66' title="bbox 2003 731 3588 809">
     <span class='ocr_line' id='line_1_66' title="bbox 2003 731 3588 809; baseline 0.008 -23"><span class='ocrx_word' id='word_1_516' title='bbox 2003 731 2232 800; x_wconf 81' lang='lat' dir='ltr'><strong>faciant,</strong></span> <span class='ocrx_word' id='word_1_517' title='bbox 2263 735 2353 804; x_wconf 85' lang='lat' dir='ltr'><strong>qui</strong></span> <span class='ocrx_word' id='word_1_518' title='bbox 2378 749 2446 791; x_wconf 87' lang='lat' dir='ltr'><strong>se</strong></span> <span class='ocrx_word' id='word_1_519' title='bbox 2490 736 2635 806; x_wconf 84' lang='lat' dir='ltr'><strong>ipsos</strong></span> <span class='ocrx_word' id='word_1_520' title='bbox 2659 748 3010 809; x_wconf 73' lang='lat' dir='ltr'><strong>corrumpunt</strong></span> <span class='ocrx_word' id='word_1_521' title='bbox 3035 739 3360 807; x_wconf 79' lang='lat' dir='ltr'><strong>voracitate,</strong></span> <span class='ocrx_word' id='word_1_522' title='bbox 3413 741 3588 799; x_wconf 83' lang='lat' dir='ltr'><strong>ebrie-</strong></span> 
     </span>
    </p>
   </div>
   <div class='ocr_carea' id='block_1_67' title="bbox 2003 823 3585 904">
    <p class='ocr_par' dir='ltr' id='par_1_67' title="bbox 2003 823 3585 904">
     <span class='ocr_line' id='line_1_67' title="bbox 2003 823 3585 904; baseline 0.006 -26"><span class='ocrx_word' id='word_1_523' title='bbox 2003 833 2141 890; x_wconf 87' lang='lat' dir='ltr'><strong>tate,</strong></span> <span class='ocrx_word' id='word_1_524' title='bbox 2185 823 2569 893; x_wconf 83' lang='lat' dir='ltr'><strong>fornicatione;</strong></span> <span class='ocrx_word' id='word_1_525' title='bbox 2601 837 2658 884; x_wconf 90' lang='lat' dir='ltr'><strong>et</strong></span> <span class='ocrx_word' id='word_1_526' title='bbox 2686 829 3203 899; x_wconf 85' lang='lat' dir='ltr'><strong>rcprehendcntibus</strong></span> <span class='ocrx_word' id='word_1_527' title='bbox 3229 832 3585 904; x_wconf 84' lang='lat' dir='ltr'><strong>respondent,</strong></span> 
     </span>
    </p>
   </div>
   <div class='ocr_carea' id='block_1_68' title="bbox 2003 915 3587 996">
    <p class='ocr_par' dir='ltr' id='par_1_68' title="bbox 2003 915 3587 996">
     <span class='ocr_line' id='line_1_68' title="bbox 2003 915 3587 996; baseline 0.005 -25"><span class='ocrx_word' id='word_1_528' title='bbox 2003 915 2126 971; x_wconf 80' lang='lat' dir='ltr'><strong>Feci</strong></span> <span class='ocrx_word' id='word_1_529' title='bbox 2151 915 2218 971; x_wconf 89' lang='lat' dir='ltr'><strong>de</strong></span> <span class='ocrx_word' id='word_1_530' title='bbox 2243 917 2450 974; x_wconf 84' lang='lat' dir='ltr'><strong>ratione</strong></span> <span class='ocrx_word' id='word_1_531' title='bbox 2478 933 2595 974; x_wconf 86' lang='lat' dir='ltr'><strong>mea</strong></span> <span class='ocrx_word' id='word_1_532' title='bbox 2616 960 2632 985; x_wconf 87' lang='lat'><strong>,</strong></span> <span class='ocrx_word' id='word_1_533' title='bbox 2675 920 2745 977; x_wconf 88' lang='lat' dir='ltr'><strong>de</strong></span> <span class='ocrx_word' id='word_1_534' title='bbox 2783 923 3123 991; x_wconf 83' lang='lat' dir='ltr'><strong>possessione</strong></span> <span class='ocrx_word' id='word_1_535' title='bbox 3153 937 3271 978; x_wconf 86' lang='lat' dir='ltr'><strong>mea</strong></span> <span class='ocrx_word' id='word_1_536' title='bbox 3296 941 3312 978; x_wconf 90' lang='lat'><strong>:</strong></span> <span class='ocrx_word' id='word_1_537' title='bbox 3340 924 3428 979; x_wconf 80' lang='lat' dir='ltr'><strong>cui</strong></span> <span class='ocrx_word' id='word_1_538' title='bbox 3464 925 3587 996; x_wconf 90' lang='lat' dir='ltr'><strong>quid</strong></span> 
     </span>
    </p>
   </div>
   <div class='ocr_carea' id='block_1_69' title="bbox 2001 1010 3585 1086">
    <p class='ocr_par' dir='ltr' id='par_1_69' title="bbox 2001 1010 3585 1086">
     <span class='ocr_line' id='line_1_69' title="bbox 2001 1010 3585 1086; baseline 0.006 -22"><span class='ocrx_word' id='word_1_539' title='bbox 2001 1010 2188 1079; x_wconf 75' lang='lat' dir='ltr'><strong>rapui?</strong></span> <span class='ocrx_word' id='word_1_540' title='bbox 2213 1010 2300 1065; x_wconf 90' lang='lat' dir='ltr'><strong>cui</strong></span> <span class='ocrx_word' id='word_1_541' title='bbox 2325 1011 2451 1082; x_wconf 91' lang='lat' dir='ltr'><strong>quid</strong></span> <span class='ocrx_word' id='word_1_542' title='bbox 2470 1013 2698 1068; x_wconf 84' lang='lat' dir='ltr'><strong>abstuli?</strong></span> <span class='ocrx_word' id='word_1_543' title='bbox 2721 1025 2906 1070; x_wconf 87' lang='lat' dir='ltr'><strong>contra</strong></span> <span class='ocrx_word' id='word_1_544' title='bbox 2933 1031 3092 1086; x_wconf 86' lang='lat' dir='ltr'><strong>quem</strong></span> <span class='ocrx_word' id='word_1_545' title='bbox 3113 1017 3214 1071; x_wconf 88' lang='lat' dir='ltr'><strong>l&#39;eci</strong></span> <span class='ocrx_word' id='word_1_546' title='bbox 3230 1017 3256 1070; x_wconf 65' lang='grc' dir='ltr'><em>ἲ</em></span> <span class='ocrx_word' id='word_1_547' title='bbox 3284 1016 3430 1072; x_wconf 84' lang='lat' dir='ltr'><strong>Bene</strong></span> <span class='ocrx_word' id='word_1_548' title='bbox 3457 1016 3585 1074; x_wconf 76' lang='lat' dir='ltr'><strong>mihi</strong></span> 
     </span>
    </p>
   </div>
   <div class='ocr_carea' id='block_1_70' title="bbox 1999 1101 3584 1175">
    <p class='ocr_par' dir='ltr' id='par_1_70' title="bbox 1999 1101 3584 1175">
     <span class='ocr_line' id='line_1_70' title="bbox 1999 1101 3584 1175; baseline 0.008 -21"><span class='ocrx_word' id='word_1_549' title='bbox 1999 1103 2071 1154; x_wconf 87' lang='lat' dir='ltr'><strong>sit</strong></span> <span class='ocrx_word' id='word_1_550' title='bbox 2093 1101 2238 1168; x_wconf 86' lang='lat' dir='ltr'><strong>volo,</strong></span> <span class='ocrx_word' id='word_1_551' title='bbox 2262 1117 2329 1158; x_wconf 77' lang='lat' dir='ltr'><strong>ex</strong></span> <span class='ocrx_word' id='word_1_552' title='bbox 2353 1117 2422 1159; x_wconf 90' lang='lat' dir='ltr'><strong>eo</strong></span> <span class='ocrx_word' id='word_1_553' title='bbox 2444 1104 2588 1175; x_wconf 88' lang='lat' dir='ltr'><strong>quod</strong></span> <span class='ocrx_word' id='word_1_554' title='bbox 2620 1105 2760 1162; x_wconf 86' lang='lat' dir='ltr'><strong>Deus</strong></span> <span class='ocrx_word' id='word_1_555' title='bbox 2788 1106 2920 1162; x_wconf 91' lang='lat' dir='ltr'><strong>mihi</strong></span> <span class='ocrx_word' id='word_1_556' title='bbox 2943 1107 3109 1165; x_wconf 86' lang='lat' dir='ltr'><strong>dedit.</strong></span> <span class='ocrx_word' id='word_1_557' title='bbox 3144 1107 3361 1164; x_wconf 78' lang='lat' dir='ltr'><strong>Videtur</strong></span> <span class='ocrx_word' id='word_1_558' title='bbox 3385 1110 3484 1164; x_wconf 86' lang='lat' dir='ltr'><strong>iste</strong></span> <span class='ocrx_word' id='word_1_559' title='bbox 3505 1109 3584 1167; x_wconf 79' lang='lat' dir='ltr'><strong>in-</strong></span> 
     </span>
    </p>
   </div>
   <div class='ocr_carea' id='block_1_71' title="bbox 2001 1195 3585 1273">
    <p class='ocr_par' dir='ltr' id='par_1_71' title="bbox 2001 1195 3585 1273">
     <span class='ocr_line' id='line_1_71' title="bbox 2001 1195 3585 1273; baseline 0.007 -26"><span class='ocrx_word' id='word_1_560' title='bbox 2001 1207 2221 1261; x_wconf 85' lang='lat' dir='ltr'><strong>nocens,</strong></span> <span class='ocrx_word' id='word_1_561' title='bbox 2251 1195 2392 1264; x_wconf 90' lang='lat' dir='ltr'><strong>quod</strong></span> <span class='ocrx_word' id='word_1_562' title='bbox 2413 1197 2565 1267; x_wconf 89' lang='lat' dir='ltr'><strong>quasi</strong></span> <span class='ocrx_word' id='word_1_563' title='bbox 2586 1197 2718 1252; x_wconf 91' lang='lat' dir='ltr'><strong>nulli</strong></span> <span class='ocrx_word' id='word_1_564' title='bbox 2747 1209 2956 1256; x_wconf 88' lang='lat' dir='ltr'><strong>noceat.</strong></span> <span class='ocrx_word' id='word_1_565' title='bbox 2981 1199 3086 1254; x_wconf 87' lang='lat' dir='ltr'><strong>Sed</strong></span> <span class='ocrx_word' id='word_1_566' title='bbox 3109 1200 3385 1273; x_wconf 88' lang='lat' dir='ltr'><strong>quomodo</strong></span> <span class='ocrx_word' id='word_1_567' title='bbox 3404 1210 3487 1256; x_wconf 85' lang='lat' dir='ltr'><strong>est</strong></span> <span class='ocrx_word' id='word_1_568' title='bbox 3507 1203 3585 1258; x_wconf 77' lang='lat' dir='ltr'><strong>in-</strong></span> 
     </span>
    </p>
   </div>
   <div class='ocr_carea' id='block_1_72' title="bbox 1999 1286 3582 1362">
    <p class='ocr_par' dir='ltr' id='par_1_72' title="bbox 1999 1286 3582 1362">
     <span class='ocr_line' id='line_1_72' title="bbox 1999 1286 3582 1362; baseline 0.008 -24"><span class='ocrx_word' id='word_1_569' title='bbox 1999 1299 2229 1351; x_wconf 87' lang='lat' dir='ltr'><strong>nocens,</strong></span> <span class='ocrx_word' id='word_1_570' title='bbox 2266 1286 2356 1356; x_wconf 89' lang='lat' dir='ltr'><strong>qui</strong></span> <span class='ocrx_word' id='word_1_571' title='bbox 2394 1302 2501 1342; x_wconf 91' lang='lat' dir='ltr'><strong>non</strong></span> <span class='ocrx_word' id='word_1_572' title='bbox 2527 1289 2704 1359; x_wconf 86' lang='lat' dir='ltr'><strong>parcit</strong></span> <span class='ocrx_word' id='word_1_573' title='bbox 2732 1289 2878 1345; x_wconf 75' lang='lat' dir='ltr'><strong>sibi?</strong></span> <span class='ocrx_word' id='word_1_574' title='bbox 2906 1290 3000 1347; x_wconf 83' lang='lat' dir='ltr'><strong>ille</strong></span> <span class='ocrx_word' id='word_1_575' title='bbox 3021 1292 3164 1348; x_wconf 89' lang='lat' dir='ltr'><strong>enim</strong></span> <span class='ocrx_word' id='word_1_576' title='bbox 3190 1292 3448 1349; x_wconf 83' lang='lat' dir='ltr'><strong>innocens</strong></span> <span class='ocrx_word' id='word_1_577' title='bbox 3474 1303 3582 1362; x_wconf 87' lang='lat' dir='ltr'><strong>est,</strong></span> 
     </span>
    </p>
   </div>
   <div class='ocr_carea' id='block_1_73' title="bbox 1997 1376 3587 1456">
    <p class='ocr_par' dir='ltr' id='par_1_73' title="bbox 1997 1376 3587 1456">
     <span class='ocr_line' id='line_1_73' title="bbox 1997 1376 3587 1456; baseline 0.007 -27"><span class='ocrx_word' id='word_1_578' title='bbox 1997 1376 2087 1445; x_wconf 92' lang='lat' dir='ltr'><strong>qui</strong></span> <span class='ocrx_word' id='word_1_579' title='bbox 2117 1377 2248 1432; x_wconf 84' lang='lat' dir='ltr'><strong>nulli</strong></span> <span class='ocrx_word' id='word_1_580' title='bbox 2293 1388 2450 1434; x_wconf 90' lang='lat' dir='ltr'><strong>nocet</strong></span> <span class='ocrx_word' id='word_1_581' title='bbox 2481 1397 2496 1432; x_wconf 92' lang='lat'><strong>:</strong></span> <span class='ocrx_word' id='word_1_582' title='bbox 2529 1381 2650 1450; x_wconf 88' lang='lat' dir='ltr'><strong>quia</strong></span> <span class='ocrx_word' id='word_1_583' title='bbox 2697 1379 2997 1437; x_wconf 83' lang='lat' dir='ltr'><strong>dilectionis</strong></span> <span class='ocrx_word' id='word_1_584' title='bbox 3024 1383 3255 1454; x_wconf 73' lang='lat' dir='ltr'><strong>proximi</strong></span> <span class='ocrx_word' id='word_1_585' title='bbox 3298 1385 3481 1456; x_wconf 75' lang='lat' dir='ltr'><strong>regula</strong></span> <span class='ocrx_word' id='word_1_586' title='bbox 3520 1385 3587 1440; x_wconf 83' lang='lat' dir='ltr'><strong>ab</strong></span> 
     </span>
    </p>
   </div>
   <div class='ocr_carea' id='block_1_74' title="bbox 1998 1466 3586 1547">
    <p class='ocr_par' dir='ltr' id='par_1_74' title="bbox 1998 1466 3586 1547">
     <span class='ocr_line' id='line_1_74' title="bbox 1998 1466 3586 1547; baseline 0.006 -26"><span class='ocrx_word' id='word_1_587' title='bbox 1998 1466 2115 1536; x_wconf 89' lang='lat' dir='ltr'><strong>ipso</strong></span> <span class='ocrx_word' id='word_1_588' title='bbox 2139 1475 2242 1523; x_wconf 87' lang='lat' dir='ltr'><strong>est.</strong></span> <span class='ocrx_word' id='word_1_589' title='bbox 2273 1468 2384 1524; x_wconf 90' lang='lat' dir='ltr'><strong>Hoc</strong></span> <span class='ocrx_word' id='word_1_590' title='bbox 2408 1470 2548 1524; x_wconf 88' lang='lat' dir='ltr'><strong>enim</strong></span> <span class='ocrx_word' id='word_1_591' title='bbox 2570 1471 2705 1526; x_wconf 83' lang='lat' dir='ltr'><strong>dixit</strong></span> <span class='ocrx_word' id='word_1_592' title='bbox 2727 1472 2892 1538; x_wconf 89' lang='lat' dir='ltr'><strong>Deus,</strong></span> <span class='ocrx_word' id='word_1_593' title='bbox 2919 1473 3114 1547; x_wconf 79' lang='lat' dir='ltr'><strong>Diliges</strong></span> <span class='ocrx_word' id='word_1_594' title='bbox 3138 1477 3426 1546; x_wconf 72' lang='lat' dir='ltr'><strong>pros-imum</strong></span> <span class='ocrx_word' id='word_1_595' title='bbox 3447 1486 3586 1531; x_wconf 76' lang='lat' dir='ltr'><strong>tuum</strong></span> 
     </span>
    </p>
   </div>
   <div class='ocr_carea' id='block_1_75' title="bbox 1996 1561 3586 1634">
    <p class='ocr_par' dir='ltr' id='par_1_75' title="bbox 1996 1561 3586 1634">
     <span class='ocr_line' id='line_1_75' title="bbox 1996 1561 3586 1634; baseline 0.009 -24"><span class='ocrx_word' id='word_1_596' title='bbox 1996 1567 2236 1627; x_wconf 82' lang='lat' dir='ltr'><strong>tanquam</strong></span> <span class='ocrx_word' id='word_1_597' title='bbox 2274 1569 2324 1614; x_wconf 86' lang='lat' dir='ltr'><strong>te</strong></span> <span class='ocrx_word' id='word_1_598' title='bbox 2365 1561 2551 1631; x_wconf 82' lang='lat' dir='ltr'><strong>ipsum.</strong></span> <span class='ocrx_word' id='word_1_599' title='bbox 2579 1561 2859 1630; x_wconf 86' lang='lat' dir='ltr'><strong>Quomodo</strong></span> <span class='ocrx_word' id='word_1_600' title='bbox 2889 1579 3018 1634; x_wconf 83' lang='lat' dir='ltr'><strong>ergo</strong></span> <span class='ocrx_word' id='word_1_601' title='bbox 3048 1566 3100 1619; x_wconf 90' lang='lat' dir='ltr'><strong>in</strong></span> <span class='ocrx_word' id='word_1_602' title='bbox 3127 1574 3181 1621; x_wconf 85' lang='lat' dir='ltr'><strong>te</strong></span> <span class='ocrx_word' id='word_1_603' title='bbox 3210 1567 3355 1621; x_wconf 82' lang='lat' dir='ltr'><strong>salva</strong></span> <span class='ocrx_word' id='word_1_604' title='bbox 3381 1578 3465 1622; x_wconf 86' lang='lat' dir='ltr'><strong>est</strong></span> <span class='ocrx_word' id='word_1_605' title='bbox 3499 1569 3586 1624; x_wconf 80' lang='lat' dir='ltr'><strong>di-</strong></span> 
     </span>
    </p>
   </div>
   <div class='ocr_carea' id='block_1_76' title="bbox 1995 1647 3587 1728">
    <p class='ocr_par' dir='ltr' id='par_1_76' title="bbox 1995 1647 3587 1728">
     <span class='ocr_line' id='line_1_76' title="bbox 1995 1647 3587 1728; baseline 0.008 -26"><span class='ocrx_word' id='word_1_606' title='bbox 1995 1647 2154 1702; x_wconf 85' lang='lat' dir='ltr'><strong>lectio</strong></span> <span class='ocrx_word' id='word_1_607' title='bbox 2183 1649 2443 1718; x_wconf 82' lang='lat' dir='ltr'><strong>proximi,</strong></span> <span class='ocrx_word' id='word_1_608' title='bbox 2489 1651 2702 1720; x_wconf 86' lang='lat' dir='ltr'><strong>quando</strong></span> <span class='ocrx_word' id='word_1_609' title='bbox 2739 1651 2956 1706; x_wconf 85' lang='lat' dir='ltr'><strong>dilectio</strong></span> <span class='ocrx_word' id='word_1_610' title='bbox 2991 1654 3065 1709; x_wconf 87' lang='lat' dir='ltr'><strong>tui</strong></span> <span class='ocrx_word' id='word_1_611' title='bbox 3096 1669 3192 1725; x_wconf 74' lang='lat' dir='ltr'><strong>per</strong></span> <span class='ocrx_word' id='word_1_612' title='bbox 3223 1655 3587 1728; x_wconf 77' lang='lat' dir='ltr'><strong>intemperan-</strong></span> 
     </span>
    </p>
   </div>
   <div class='ocr_carea' id='block_1_77' title="bbox 1997 1741 3590 1821">
    <p class='ocr_par' dir='ltr' id='par_1_77' title="bbox 1997 1741 3590 1821">
     <span class='ocr_line' id='line_1_77' title="bbox 1997 1741 3590 1821; baseline 0.008 -28"><span class='ocrx_word' id='word_1_613' title='bbox 1997 1741 2122 1794; x_wconf 91' lang='lat' dir='ltr'><strong>tiam</strong></span> <span class='ocrx_word' id='word_1_614' title='bbox 2155 1741 2498 1797; x_wconf 79' lang='lat' dir='ltr'><strong>vulneratur?</strong></span> <span class='ocrx_word' id='word_1_615' title='bbox 2542 1743 2752 1799; x_wconf 89' lang='lat' dir='ltr'><strong>Deinde</strong></span> <span class='ocrx_word' id='word_1_616' title='bbox 2791 1744 2918 1800; x_wconf 86' lang='lat' dir='ltr'><strong>dicit</strong></span> <span class='ocrx_word' id='word_1_617' title='bbox 2964 1747 3058 1800; x_wconf 88' lang='lat' dir='ltr'><strong>tibi</strong></span> <span class='ocrx_word' id='word_1_618' title='bbox 3089 1748 3274 1802; x_wconf 87' lang='lat' dir='ltr'><strong>Deus:</strong></span> <span class='ocrx_word' id='word_1_619' title='bbox 3312 1749 3446 1804; x_wconf 88' lang='lat' dir='ltr'><strong>Cum</strong></span> <span class='ocrx_word' id='word_1_620' title='bbox 3492 1765 3590 1821; x_wconf 85' lang='lat' dir='ltr'><strong>per</strong></span> 
     </span>
    </p>
   </div>
   <div class='ocr_carea' id='block_1_78' title="bbox 1995 1831 3585 1909">
    <p class='ocr_par' dir='ltr' id='par_1_78' title="bbox 1995 1831 3585 1909">
     <span class='ocr_line' id='line_1_78' title="bbox 1995 1831 3585 1909; baseline 0.007 -24"><span class='ocrx_word' id='word_1_621' title='bbox 1995 1831 2310 1888; x_wconf 88' lang='lat' dir='ltr'><strong>ebrietatem</strong></span> <span class='ocrx_word' id='word_1_622' title='bbox 2343 1848 2689 1905; x_wconf 85' lang='lat' dir='ltr'><strong>corrumpere</strong></span> <span class='ocrx_word' id='word_1_623' title='bbox 2713 1845 2766 1890; x_wconf 92' lang='lat' dir='ltr'><strong>te</strong></span> <span class='ocrx_word' id='word_1_624' title='bbox 2794 1837 2895 1898; x_wconf 88' lang='lat' dir='ltr'><strong>vis,</strong></span> <span class='ocrx_word' id='word_1_625' title='bbox 2926 1851 3032 1891; x_wconf 93' lang='lat' dir='ltr'><strong>non</strong></span> <span class='ocrx_word' id='word_1_626' title='bbox 3057 1838 3345 1909; x_wconf 87' lang='lat' dir='ltr'><strong>cujuslibet</strong></span> <span class='ocrx_word' id='word_1_627' title='bbox 3362 1840 3585 1896; x_wconf 86' lang='lat' dir='ltr'><strong>domum</strong></span> 
     </span>
    </p>
   </div>
   <div class='ocr_carea' id='block_1_79' title="bbox 1994 1925 3589 1992">
    <p class='ocr_par' dir='ltr' id='par_1_79' title="bbox 1994 1925 3589 1992">
     <span class='ocr_line' id='line_1_79' title="bbox 1994 1925 3589 1992; baseline 0.009 -15"><span class='ocrx_word' id='word_1_628' title='bbox 1994 1925 2221 1992; x_wconf 89' lang='lat' dir='ltr'><strong>evertis,</strong></span> <span class='ocrx_word' id='word_1_629' title='bbox 2270 1925 2364 1980; x_wconf 90' lang='lat' dir='ltr'><strong>scd</strong></span> <span class='ocrx_word' id='word_1_630' title='bbox 2409 1927 2626 1983; x_wconf 88' lang='lat' dir='ltr'><strong>domum</strong></span> <span class='ocrx_word' id='word_1_631' title='bbox 2670 1943 2866 1983; x_wconf 83' lang='lat' dir='ltr'><strong>meam.</strong></span> <span class='ocrx_word' id='word_1_632' title='bbox 2915 1929 3012 1984; x_wconf 80' lang='lat' dir='ltr'><strong>Ubi</strong></span> <span class='ocrx_word' id='word_1_633' title='bbox 3056 1929 3343 1987; x_wconf 84' lang='lat' dir='ltr'><strong>habitabo?</strong></span> <span class='ocrx_word' id='word_1_634' title='bbox 3372 1933 3425 1988; x_wconf 91' lang='lat' dir='ltr'><strong>ln</strong></span> <span class='ocrx_word' id='word_1_635' title='bbox 3471 1934 3589 1991; x_wconf 79' lang='lat' dir='ltr'><strong>istis</strong></span> 
     </span>
    </p>
   </div>
   <div class='ocr_carea' id='block_1_80' title="bbox 1994 2016 3585 2096">
    <p class='ocr_par' dir='ltr' id='par_1_80' title="bbox 1994 2016 3585 2096">
     <span class='ocr_line' id='line_1_80' title="bbox 1994 2016 3585 2096; baseline 0.008 -26"><span class='ocrx_word' id='word_1_636' title='bbox 1994 2016 2196 2072; x_wconf 86' lang='lat' dir='ltr'><strong>ruinis?</strong></span> <span class='ocrx_word' id='word_1_637' title='bbox 2224 2018 2277 2071; x_wconf 94' lang='lat' dir='ltr'><strong>in</strong></span> <span class='ocrx_word' id='word_1_638' title='bbox 2310 2019 2426 2074; x_wconf 86' lang='lat' dir='ltr'><strong>istis</strong></span> <span class='ocrx_word' id='word_1_639' title='bbox 2464 2019 2750 2075; x_wconf 84' lang='lat' dir='ltr'><strong>sordibus?</strong></span> <span class='ocrx_word' id='word_1_640' title='bbox 2790 2020 2845 2076; x_wconf 89' lang='lat' dir='ltr'><strong>Si</strong></span> <span class='ocrx_word' id='word_1_641' title='bbox 2885 2021 3147 2092; x_wconf 87' lang='lat' dir='ltr'><strong>hospitem</strong></span> <span class='ocrx_word' id='word_1_642' title='bbox 3187 2026 3456 2096; x_wconf 86' lang='lat' dir='ltr'><strong>reciperes</strong></span> <span class='ocrx_word' id='word_1_643' title='bbox 3483 2029 3585 2082; x_wconf 87' lang='lat' dir='ltr'><strong>ali-</strong></span> 
     </span>
    </p>
   </div>
   <div class='ocr_carea' id='block_1_81' title="bbox 1993 2112 3585 2194">
    <p class='ocr_par' dir='ltr' id='par_1_81' title="bbox 1993 2112 3585 2194">
     <span class='ocr_line' id='line_1_81' title="bbox 1993 2112 3585 2194; baseline 0.005 -31"><span class='ocrx_word' id='word_1_644' title='bbox 1993 2123 2152 2194; x_wconf 84' lang='lat' dir='ltr'><strong>quem</strong></span> <span class='ocrx_word' id='word_1_645' title='bbox 2177 2123 2392 2165; x_wconf 84' lang='lat' dir='ltr'><strong>servum</strong></span> <span class='ocrx_word' id='word_1_646' title='bbox 2417 2126 2592 2166; x_wconf 89' lang='lat' dir='ltr'><strong>meum</strong></span> <span class='ocrx_word' id='word_1_647' title='bbox 2611 2151 2627 2178; x_wconf 95' lang='lat'><strong>,</strong></span> <span class='ocrx_word' id='word_1_648' title='bbox 2655 2112 2910 2169; x_wconf 79' lang='lat' dir='ltr'><strong>reticeres</strong></span> <span class='ocrx_word' id='word_1_649' title='bbox 2938 2123 2992 2169; x_wconf 89' lang='lat' dir='ltr'><strong>et</strong></span> <span class='ocrx_word' id='word_1_650' title='bbox 3019 2116 3306 2173; x_wconf 86' lang='lat' dir='ltr'><strong>mundares</strong></span> <span class='ocrx_word' id='word_1_651' title='bbox 3329 2119 3585 2187; x_wconf 89' lang='lat' dir='ltr'><strong>domum,</strong></span> 
     </span>
    </p>
   </div>
   <div class='ocr_carea' id='block_1_82' title="bbox 1993 2202 3578 2281">
    <p class='ocr_par' dir='ltr' id='par_1_82' title="bbox 1993 2202 3578 2281">
     <span class='ocr_line' id='line_1_82' title="bbox 1993 2202 3578 2281; baseline 0.009 -26"><span class='ocrx_word' id='word_1_652' title='bbox 1993 2216 2100 2271; x_wconf 90' lang='lat' dir='ltr'><strong>quo</strong></span> <span class='ocrx_word' id='word_1_653' title='bbox 2143 2202 2365 2259; x_wconf 88' lang='lat' dir='ltr'><strong>intraret</strong></span> <span class='ocrx_word' id='word_1_654' title='bbox 2395 2217 2582 2261; x_wconf 86' lang='lat' dir='ltr'><strong>servus</strong></span> <span class='ocrx_word' id='word_1_655' title='bbox 2611 2220 2762 2262; x_wconf 89' lang='lat' dir='ltr'><strong>meus</strong></span> <span class='ocrx_word' id='word_1_656' title='bbox 2787 2225 2802 2262; x_wconf 91' lang='lat'><strong>:</strong></span> <span class='ocrx_word' id='word_1_657' title='bbox 2831 2222 2936 2262; x_wconf 92' lang='lat' dir='ltr'><strong>non</strong></span> <span class='ocrx_word' id='word_1_658' title='bbox 2971 2208 3196 2266; x_wconf 83' lang='lat' dir='ltr'><strong>mandas</strong></span> <span class='ocrx_word' id='word_1_659' title='bbox 3224 2225 3340 2281; x_wconf 89' lang='lat' dir='ltr'><strong>eor,</strong></span> <span class='ocrx_word' id='word_1_660' title='bbox 3366 2213 3452 2268; x_wconf 90' lang='lat' dir='ltr'><strong>ubi</strong></span> <span class='ocrx_word' id='word_1_661' title='bbox 3479 2213 3578 2269; x_wconf 82' lang='lat' dir='ltr'><strong>ha-</strong></span> 
     </span>
    </p>
   </div>
   <div class='ocr_carea' id='block_1_83' title="bbox 1993 2293 2480 2366">
    <p class='ocr_par' dir='ltr' id='par_1_83' title="bbox 1993 2293 2480 2366">
     <span class='ocr_line' id='line_1_83' title="bbox 1993 2293 2480 2366; baseline 0.012 -19"><span class='ocrx_word' id='word_1_662' title='bbox 1993 2293 2166 2349; x_wconf 86' lang='lat' dir='ltr'><strong>bitare</strong></span> <span class='ocrx_word' id='word_1_663' title='bbox 2192 2309 2294 2366; x_wconf 76' lang='lat' dir='ltr'><strong>ego</strong></span> <span class='ocrx_word' id='word_1_664' title='bbox 2317 2296 2480 2352; x_wconf 85' lang='lat' dir='ltr'><strong>volo?</strong></span> 
     </span>
    </p>
   </div>
   <div class='ocr_carea' id='block_1_84' title="bbox 2063 2386 3583 2454">
    <p class='ocr_par' dir='ltr' id='par_1_84' title="bbox 2063 2386 3583 2454">
     <span class='ocr_line' id='line_1_84' title="bbox 2063 2386 3583 2454; baseline 0.008 -13"><span class='ocrx_word' id='word_1_665' title='bbox 2063 2386 2290 2444; x_wconf 85' lang='lat' dir='ltr'><strong>CAPUT</strong></span> <span class='ocrx_word' id='word_1_666' title='bbox 2327 2389 2419 2444; x_wconf 78' lang='lat' dir='ltr'><strong>IX.</strong></span> <span class='ocrx_word' id='word_1_667' title='bbox 2442 2389 2586 2447; x_wconf 91' lang='lat'><strong>—9.</strong></span> <span class='ocrx_word' id='word_1_668' title='bbox 2619 2389 2809 2448; x_wconf 73' lang='lat' dir='ltr'><strong>Modus</strong></span> <span class='ocrx_word' id='word_1_669' title='bbox 2830 2394 2884 2447; x_wconf 87' lang='lat' dir='ltr'><strong>in</strong></span> <span class='ocrx_word' id='word_1_670' title='bbox 2909 2409 3079 2448; x_wconf 89' lang='lat' dir='ltr'><strong>rerum</strong></span> <span class='ocrx_word' id='word_1_671' title='bbox 3105 2411 3459 2451; x_wconf 78' lang='lat' dir='ltr'><strong>concessurum</strong></span> <span class='ocrx_word' id='word_1_672' title='bbox 3486 2415 3583 2454; x_wconf 70' lang='lat' dir='ltr'><strong>usu</strong></span> 
     </span>
    </p>
   </div>
   <div class='ocr_carea' id='block_1_85' title="bbox 1993 2477 3586 2553">
    <p class='ocr_par' dir='ltr' id='par_1_85' title="bbox 1993 2477 3586 2553">
     <span class='ocr_line' id='line_1_85' title="bbox 1993 2477 3586 2553; baseline 0.009 -23"><span class='ocrx_word' id='word_1_673' title='bbox 1993 2477 2196 2548; x_wconf 62' lang='lat' dir='ltr'><strong>difﬁcile</strong></span> <span class='ocrx_word' id='word_1_674' title='bbox 2225 2489 2437 2534; x_wconf 82' lang='lat' dir='ltr'><strong>tenetur.</strong></span> <span class='ocrx_word' id='word_1_675' title='bbox 2473 2480 2609 2538; x_wconf 81' lang='lat' dir='ltr'><strong>Usus</strong></span> <span class='ocrx_word' id='word_1_676' title='bbox 2645 2485 2820 2540; x_wconf 69' lang='lat' dir='ltr'><strong>uxoris</strong></span> <span class='ocrx_word' id='word_1_677' title='bbox 2849 2485 3208 2541; x_wconf 86' lang='lat' dir='ltr'><strong>immoderatus</strong></span> <span class='ocrx_word' id='word_1_678' title='bbox 3227 2530 3242 2553; x_wconf 89' lang='lat'><strong>,</strong></span> <span class='ocrx_word' id='word_1_679' title='bbox 3274 2489 3371 2542; x_wconf 83' lang='lat' dir='ltr'><strong>nisi</strong></span> <span class='ocrx_word' id='word_1_680' title='bbox 3396 2490 3586 2544; x_wconf 82' lang='lat' dir='ltr'><strong>libero-</strong></span> 
     </span>
    </p>
   </div>
   <div class='ocr_carea' id='block_1_86' title="bbox 1991 2572 3584 2650">
    <p class='ocr_par' dir='ltr' id='par_1_86' title="bbox 1991 2572 3584 2650">
     <span class='ocr_line' id='line_1_86' title="bbox 1991 2572 3584 2650; baseline 0.009 -26"><span class='ocrx_word' id='word_1_681' title='bbox 1991 2586 2106 2624; x_wconf 86' lang='lat' dir='ltr'><strong>rum</strong></span> <span class='ocrx_word' id='word_1_682' title='bbox 2134 2572 2560 2641; x_wconf 78' lang='lat' dir='ltr'><strong>procreandorum</strong></span> <span class='ocrx_word' id='word_1_683' title='bbox 2583 2590 2740 2630; x_wconf 73' lang='lat' dir='ltr'><strong>causa</strong></span> <span class='ocrx_word' id='word_1_684' title='bbox 2779 2576 2892 2644; x_wconf 74' lang='lat' dir='ltr'><strong>ﬁat.</strong></span> <span class='ocrx_word' id='word_1_685' title='bbox 2922 2576 3095 2633; x_wconf 88' lang='lat' dir='ltr'><strong>Unam</strong></span> <span class='ocrx_word' id='word_1_686' title='bbox 3127 2593 3256 2650; x_wconf 78' lang='lat' dir='ltr'><strong>ergo</strong></span> <span class='ocrx_word' id='word_1_687' title='bbox 3285 2595 3399 2636; x_wconf 88' lang='lat' dir='ltr'><strong>rem</strong></span> <span class='ocrx_word' id='word_1_688' title='bbox 3429 2597 3584 2638; x_wconf 88' lang='lat' dir='ltr'><strong>com-</strong></span> 
     </span>
    </p>
   </div>
   <div class='ocr_carea' id='block_1_87' title="bbox 1991 2665 3583 2745">
    <p class='ocr_par' dir='ltr' id='par_1_87' title="bbox 1991 2665 3583 2745">
     <span class='ocr_line' id='line_1_87' title="bbox 1991 2665 3583 2745; baseline 0.007 -26"><span class='ocrx_word' id='word_1_689' title='bbox 1991 2666 2305 2732; x_wconf 88' lang='lat' dir='ltr'><strong>memoravi,</strong></span> <span class='ocrx_word' id='word_1_690' title='bbox 2338 2665 2549 2734; x_wconf 78' lang='lat' dir='ltr'><strong>fratres,</strong></span> <span class='ocrx_word' id='word_1_691' title='bbox 2584 2677 2641 2724; x_wconf 92' lang='lat' dir='ltr'><strong>ut</strong></span> <span class='ocrx_word' id='word_1_692' title='bbox 2661 2669 2892 2725; x_wconf 87' lang='lat' dir='ltr'><strong>videatis</strong></span> <span class='ocrx_word' id='word_1_693' title='bbox 2919 2672 3186 2741; x_wconf 92' lang='lat' dir='ltr'><strong>quomodo</strong></span> <span class='ocrx_word' id='word_1_694' title='bbox 3211 2683 3458 2744; x_wconf 87' lang='lat' dir='ltr'><strong>peccent,</strong></span> <span class='ocrx_word' id='word_1_695' title='bbox 3489 2677 3583 2745; x_wconf 87' lang='lat' dir='ltr'><strong>qui</strong></span> 
     </span>
    </p>
   </div>
   <div class='ocr_carea' id='block_1_88' title="bbox 1992 2758 3583 2831">
    <p class='ocr_par' dir='ltr' id='par_1_88' title="bbox 1992 2758 3583 2831">
     <span class='ocr_line' id='line_1_88' title="bbox 1992 2758 3583 2831; baseline 0.007 -19"><span class='ocrx_word' id='word_1_696' title='bbox 1992 2759 2063 2812; x_wconf 70' lang='lat' dir='ltr'><strong>se&quot;</strong></span> <span class='ocrx_word' id='word_1_697' title='bbox 2087 2758 2231 2829; x_wconf 87' lang='lat' dir='ltr'><strong>ipsos</strong></span> <span class='ocrx_word' id='word_1_698' title='bbox 2255 2768 2631 2831; x_wconf 86' lang='lat' dir='ltr'><strong>corrumpunt,</strong></span> <span class='ocrx_word' id='word_1_699' title='bbox 2660 2777 2784 2818; x_wconf 92' lang='lat' dir='ltr'><strong>cum</strong></span> <span class='ocrx_word' id='word_1_700' title='bbox 2827 2763 2926 2818; x_wconf 89' lang='lat' dir='ltr'><strong>sibi</strong></span> <span class='ocrx_word' id='word_1_701' title='bbox 2969 2764 3282 2821; x_wconf 86' lang='lat' dir='ltr'><strong>innocentes</strong></span> <span class='ocrx_word' id='word_1_702' title='bbox 3309 2767 3583 2823; x_wconf 80' lang='lat' dir='ltr'><strong>videntur.</strong></span> 
     </span>
    </p>
   </div>
   <div class='ocr_carea' id='block_1_89' title="bbox 1991 2847 3586 2924">
    <p class='ocr_par' dir='ltr' id='par_1_89' title="bbox 1991 2847 3586 2924">
     <span class='ocr_line' id='line_1_89' title="bbox 1991 2847 3586 2924; baseline 0.009 -23"><span class='ocrx_word' id='word_1_703' title='bbox 1991 2847 2098 2903; x_wconf 87' lang='lat' dir='ltr'><strong>Sed</strong></span> <span class='ocrx_word' id='word_1_704' title='bbox 2127 2852 2374 2920; x_wconf 91' lang='lat' dir='ltr'><strong>quoniam</strong></span> <span class='ocrx_word' id='word_1_705' title='bbox 2423 2852 2630 2921; x_wconf 82' lang='lat' dir='ltr'><strong>in&#39;ipsa</strong></span> <span class='ocrx_word' id='word_1_706' title='bbox 2672 2853 2952 2924; x_wconf 77' lang='lat' dir='ltr'><strong>fragilitate</strong></span> <span class='ocrx_word' id='word_1_707' title='bbox 2991 2866 3046 2910; x_wconf 92' lang='lat' dir='ltr'><strong>et</strong></span> <span class='ocrx_word' id='word_1_708' title='bbox 3093 2858 3417 2914; x_wconf 84' lang='lat' dir='ltr'><strong>mortalitate</strong></span> <span class='ocrx_word' id='word_1_709' title='bbox 3457 2860 3586 2916; x_wconf 72' lang='lat' dir='ltr'><strong>vita:</strong></span> 
     </span>
    </p>
   </div>
   <div class='ocr_carea' id='block_1_90' title="bbox 1991 2937 3586 3008">
    <p class='ocr_par' dir='ltr' id='par_1_90' title="bbox 1991 2937 3586 3008">
     <span class='ocr_line' id='line_1_90' title="bbox 1991 2937 3586 3008; baseline 0.008 -16"><span class='ocrx_word' id='word_1_710' title='bbox 1991 2937 2147 3008; x_wconf 83' lang='lat' dir='ltr'><strong>hujus</strong></span> <span class='ocrx_word' id='word_1_711' title='bbox 2172 2940 2384 2995; x_wconf 85' lang='lat' dir='ltr'><strong>dillicile</strong></span> <span class='ocrx_word' id='word_1_712' title='bbox 2418 2951 2500 2996; x_wconf 89' lang='lat' dir='ltr'><strong>est</strong></span> <span class='ocrx_word' id='word_1_713' title='bbox 2529 2951 2584 2996; x_wconf 92' lang='lat' dir='ltr'><strong>ut</strong></span> <span class='ocrx_word' id='word_1_714' title='bbox 2623 2943 2784 2998; x_wconf 90' lang='lat' dir='ltr'><strong>homo</strong></span> <span class='ocrx_word' id='word_1_715' title='bbox 2822 2960 2926 3000; x_wconf 86' lang='lat' dir='ltr'><strong>neu</strong></span> <span class='ocrx_word' id='word_1_716' title='bbox 2967 2947 3188 3001; x_wconf 83' lang='lat' dir='ltr'><strong>excedat</strong></span> <span class='ocrx_word' id='word_1_717' title='bbox 3230 2949 3448 3003; x_wconf 88' lang='lat' dir='ltr'><strong>modum</strong></span> <span class='ocrx_word' id='word_1_718' title='bbox 3479 2953 3586 3005; x_wconf 83' lang='lat' dir='ltr'><strong>ali-</strong></span> 
     </span>
    </p>
   </div>
   <div class='ocr_carea' id='block_1_91' title="bbox 1989 3031 3581 3106">
    <p class='ocr_par' dir='ltr' id='par_1_91' title="bbox 1989 3031 3581 3106">
     <span class='ocr_line' id='line_1_91' title="bbox 1989 3031 3581 3106; baseline 0.008 -23"><span class='ocrx_word' id='word_1_719' title='bbox 1989 3039 2243 3100; x_wconf 87' lang='lat' dir='ltr'><strong>quantum</strong></span> <span class='ocrx_word' id='word_1_720' title='bbox 2270 3031 2322 3085; x_wconf 93' lang='lat' dir='ltr'><strong>in</strong></span> <span class='ocrx_word' id='word_1_721' title='bbox 2351 3032 2432 3086; x_wconf 88' lang='lat' dir='ltr'><strong>his</strong></span> <span class='ocrx_word' id='word_1_722' title='bbox 2458 3034 2639 3094; x_wconf 87' lang='lat' dir='ltr'><strong>rebus.</strong></span> <span class='ocrx_word' id='word_1_723' title='bbox 2668 3035 2860 3104; x_wconf 89' lang='lat' dir='ltr'><strong>quibus</strong></span> <span class='ocrx_word' id='word_1_724' title='bbox 2883 3037 2949 3090; x_wconf 92' lang='lat' dir='ltr'><strong>ad</strong></span> <span class='ocrx_word' id='word_1_725' title='bbox 2981 3039 3352 3095; x_wconf 81' lang='lat' dir='ltr'><strong>necessitatem</strong></span> <span class='ocrx_word' id='word_1_726' title='bbox 3385 3043 3581 3106; x_wconf 89' lang='lat' dir='ltr'><strong>utitur;</strong></span> 
     </span>
    </p>
   </div>
   <div class='ocr_carea' id='block_1_92' title="bbox 1989 3121 3584 3191">
    <p class='ocr_par' dir='ltr' id='par_1_92' title="bbox 1989 3121 3584 3191">
     <span class='ocr_line' id='line_1_92' title="bbox 1989 3121 3584 3191; baseline 0.007 -16"><span class='ocrx_word' id='word_1_727' title='bbox 1989 3121 2349 3177; x_wconf 87' lang='lat' dir='ltr'><strong>adhibendum</strong></span> <span class='ocrx_word' id='word_1_728' title='bbox 2378 3134 2461 3178; x_wconf 88' lang='lat' dir='ltr'><strong>est</strong></span> <span class='ocrx_word' id='word_1_729' title='bbox 2489 3125 2616 3180; x_wconf 86' lang='lat' dir='ltr'><strong>illud</strong></span> <span class='ocrx_word' id='word_1_730' title='bbox 2647 3128 2943 3182; x_wconf 90' lang='lat' dir='ltr'><strong>remedium</strong></span> <span class='ocrx_word' id='word_1_731' title='bbox 2963 3171 2977 3191; x_wconf 95' lang='lat'><strong>,</strong></span> <span class='ocrx_word' id='word_1_732' title='bbox 3009 3127 3219 3183; x_wconf 81' lang='lat' dir='ltr'><strong>Dimitte</strong></span> <span class='ocrx_word' id='word_1_733' title='bbox 3245 3131 3387 3185; x_wconf 81' lang='lat' dir='ltr'><strong>nobis</strong></span> <span class='ocrx_word' id='word_1_734' title='bbox 3417 3133 3584 3187; x_wconf 76' lang='lat' dir='ltr'><strong>debita</strong></span> 
     </span>
    </p>
   </div>
   <div class='ocr_carea' id='block_1_93' title="bbox 1989 3215 3582 3279">
    <p class='ocr_par' dir='ltr' id='par_1_93' title="bbox 1989 3215 3582 3279">
     <span class='ocr_line' id='line_1_93' title="bbox 1989 3215 3582 3279; baseline 0.008 -13"><span class='ocrx_word' id='word_1_735' title='bbox 1989 3223 2192 3278; x_wconf 84' lang='lat' dir='ltr'><strong>nostra,</strong></span> <span class='ocrx_word' id='word_1_736' title='bbox 2234 3215 2359 3267; x_wconf 86' lang='lat' dir='ltr'><strong>sicut</strong></span> <span class='ocrx_word' id='word_1_737' title='bbox 2405 3225 2450 3269; x_wconf 84' lang='lat' dir='ltr'><strong>et</strong></span> <span class='ocrx_word' id='word_1_738' title='bbox 2479 3232 2572 3270; x_wconf 89' lang='lat' dir='ltr'><strong>nos</strong></span> <span class='ocrx_word' id='word_1_739' title='bbox 2611 3217 2907 3272; x_wconf 86' lang='lat' dir='ltr'><strong>dimittimus</strong></span> <span class='ocrx_word' id='word_1_740' title='bbox 2933 3219 3238 3275; x_wconf 68' lang='lat' dir='ltr'><strong>debitoribus</strong></span> <span class='ocrx_word' id='word_1_741' title='bbox 3279 3224 3468 3277; x_wconf 83' lang='lat' dir='ltr'><strong>nostris</strong></span> <span class='ocrx_word' id='word_1_742' title='bbox 3490 3241 3509 3278; x_wconf 92' lang='lat'><strong><em>:</em></strong></span> <span class='ocrx_word' id='word_1_743' title='bbox 3538 3225 3582 3279; x_wconf 89' lang='lat' dir='ltr'><strong>si</strong></span> 
     </span>
    </p>
   </div>
   <div class='ocr_carea' id='block_1_94' title="bbox 1989 3307 3584 3385">
    <p class='ocr_par' dir='ltr' id='par_1_94' title="bbox 1989 3307 3584 3385">
     <span class='ocr_line' id='line_1_94' title="bbox 1989 3307 3584 3385; baseline 0.007 -24"><span class='ocrx_word' id='word_1_744' title='bbox 1989 3307 2215 3372; x_wconf 88' lang='lat' dir='ltr'><strong>dicatur,</strong></span> <span class='ocrx_word' id='word_1_745' title='bbox 2244 3318 2298 3362; x_wconf 92' lang='lat' dir='ltr'><strong>et</strong></span> <span class='ocrx_word' id='word_1_746' title='bbox 2327 3323 2450 3363; x_wconf 87' lang='lat' dir='ltr'><strong>vere</strong></span> <span class='ocrx_word' id='word_1_747' title='bbox 2492 3309 2723 3364; x_wconf 86' lang='lat' dir='ltr'><strong>dicatur.</strong></span> <span class='ocrx_word' id='word_1_748' title='bbox 2758 3310 3091 3366; x_wconf 78' lang='lat' dir='ltr'><strong>Adulterium</strong></span> <span class='ocrx_word' id='word_1_749' title='bbox 3123 3314 3300 3370; x_wconf 83' lang='lat' dir='ltr'><strong>l&#39;accre</strong></span> <span class='ocrx_word' id='word_1_750' title='bbox 3329 3317 3584 3385; x_wconf 83' lang='lat' dir='ltr'><strong>prohibe-</strong></span> 
     </span>
    </p>
   </div>
   <div class='ocr_carea' id='block_1_95' title="bbox 1989 3399 3583 3472">
    <p class='ocr_par' dir='ltr' id='par_1_95' title="bbox 1989 3399 3583 3472">
     <span class='ocr_line' id='line_1_95' title="bbox 1989 3399 3583 3472; baseline 0.008 -20"><span class='ocrx_word' id='word_1_751' title='bbox 1989 3399 2091 3461; x_wconf 87' lang='lat' dir='ltr'><strong>ris,</strong></span> <span class='ocrx_word' id='word_1_752' title='bbox 2127 3414 2193 3452; x_wconf 92' lang='lat' dir='ltr'><strong>ne</strong></span> <span class='ocrx_word' id='word_1_753' title='bbox 2221 3413 2416 3454; x_wconf 88' lang='lat' dir='ltr'><strong>noceas</strong></span> <span class='ocrx_word' id='word_1_754' title='bbox 2451 3403 2713 3469; x_wconf 60' lang='lat' dir='ltr'><strong>proximo.</strong></span> <span class='ocrx_word' id='word_1_755' title='bbox 2765 3403 3044 3472; x_wconf 88' lang='lat' dir='ltr'><strong>Quomodo</strong></span> <span class='ocrx_word' id='word_1_756' title='bbox 3071 3408 3210 3461; x_wconf 90' lang='lat' dir='ltr'><strong>enim</strong></span> <span class='ocrx_word' id='word_1_757' title='bbox 3248 3423 3352 3462; x_wconf 85' lang='lat' dir='ltr'><strong>neu</strong></span> <span class='ocrx_word' id='word_1_758' title='bbox 3382 3410 3464 3464; x_wconf 88' lang='lat' dir='ltr'><strong>vis</strong></span> <span class='ocrx_word' id='word_1_759' title='bbox 3493 3426 3583 3465; x_wconf 82' lang='lat' dir='ltr'><strong>ac-</strong></span> 
     </span>
    </p>
   </div>
   <div class='ocr_carea' id='block_1_96' title="bbox 1989 3489 3580 3556">
    <p class='ocr_par' dir='ltr' id='par_1_96' title="bbox 1989 3489 3580 3556">
     <span class='ocr_line' id='line_1_96' title="bbox 1989 3489 3580 3556; baseline 0.008 -12"><span class='ocrx_word' id='word_1_760' title='bbox 1989 3489 2104 3544; x_wconf 89' lang='lat' dir='ltr'><strong>cedi</strong></span> <span class='ocrx_word' id='word_1_761' title='bbox 2143 3490 2209 3544; x_wconf 85' lang='lat' dir='ltr'><strong>ad</strong></span> <span class='ocrx_word' id='word_1_762' title='bbox 2251 3498 2428 3555; x_wconf 85' lang='lat' dir='ltr'><strong>tuam,</strong></span> <span class='ocrx_word' id='word_1_763' title='bbox 2473 3491 2551 3547; x_wconf 91' lang='lat' dir='ltr'><strong>sic</strong></span> <span class='ocrx_word' id='word_1_764' title='bbox 2606 3509 2711 3548; x_wconf 89' lang='lat' dir='ltr'><strong>non</strong></span> <span class='ocrx_word' id='word_1_765' title='bbox 2750 3495 2914 3550; x_wconf 87' lang='lat' dir='ltr'><strong>debes</strong></span> <span class='ocrx_word' id='word_1_766' title='bbox 2957 3497 3211 3554; x_wconf 87' lang='lat' dir='ltr'><strong>accedere</strong></span> <span class='ocrx_word' id='word_1_767' title='bbox 3254 3500 3320 3553; x_wconf 91' lang='lat' dir='ltr'><strong>ad</strong></span> <span class='ocrx_word' id='word_1_768' title='bbox 3350 3501 3580 3556; x_wconf 85' lang='lat' dir='ltr'><strong>alienam</strong></span> 
     </span>
    </p>
   </div>
   <div class='ocr_carea' id='block_1_97' title="bbox 1989 3580 3582 3660">
    <p class='ocr_par' dir='ltr' id='par_1_97' title="bbox 1989 3580 3582 3660">
     <span class='ocr_line' id='line_1_97' title="bbox 1989 3580 3582 3660; baseline 0.008 -26"><span class='ocrx_word' id='word_1_769' title='bbox 1989 3595 2232 3635; x_wconf 75' lang='lat' dir='ltr'><strong>uxorem.</strong></span> <span class='ocrx_word' id='word_1_770' title='bbox 2280 3580 2335 3636; x_wconf 88' lang='lat' dir='ltr'><strong>Si</strong></span> <span class='ocrx_word' id='word_1_771' title='bbox 2376 3591 2552 3637; x_wconf 89' lang='lat' dir='ltr'><strong>autem</strong></span> <span class='ocrx_word' id='word_1_772' title='bbox 2597 3591 2684 3638; x_wconf 88' lang='lat' dir='ltr'><strong>tua</strong></span> <span class='ocrx_word' id='word_1_773' title='bbox 2735 3587 3174 3658; x_wconf 81' lang='lat' dir='ltr'><strong>intemperantius</strong></span> <span class='ocrx_word' id='word_1_774' title='bbox 3201 3605 3334 3644; x_wconf 90' lang='lat' dir='ltr'><strong>usus</strong></span> <span class='ocrx_word' id='word_1_775' title='bbox 3383 3590 3582 3660; x_wconf 72' lang='lat' dir='ltr'><strong>literis,</strong></span> 
     </span>
    </p>
   </div>
   <div class='ocr_carea' id='block_1_98' title="bbox 1990 3673 3583 3750">
    <p class='ocr_par' dir='ltr' id='par_1_98' title="bbox 1990 3673 3583 3750">
     <span class='ocr_line' id='line_1_98' title="bbox 1990 3673 3583 3750; baseline 0.005 -23"><span class='ocrx_word' id='word_1_776' title='bbox 1990 3673 2248 3744; x_wconf 89' lang='lat' dir='ltr'><strong>numquid</strong></span> <span class='ocrx_word' id='word_1_777' title='bbox 2273 3675 2470 3730; x_wconf 80' lang='lat' dir='ltr'><strong>videris</strong></span> <span class='ocrx_word' id='word_1_778' title='bbox 2491 3692 2686 3733; x_wconf 90' lang='lat' dir='ltr'><strong>nocere</strong></span> <span class='ocrx_word' id='word_1_779' title='bbox 2705 3679 2882 3743; x_wconf 91' lang='lat' dir='ltr'><strong>alicui,</strong></span> <span class='ocrx_word' id='word_1_780' title='bbox 2906 3681 3026 3750; x_wconf 88' lang='lat' dir='ltr'><strong>quia</strong></span> <span class='ocrx_word' id='word_1_781' title='bbox 3050 3683 3214 3737; x_wconf 88' lang='lat' dir='ltr'><strong>uteris</strong></span> <span class='ocrx_word' id='word_1_782' title='bbox 3235 3684 3360 3738; x_wconf 79' lang='lat' dir='ltr'><strong>tua?</strong></span> <span class='ocrx_word' id='word_1_783' title='bbox 3384 3685 3493 3739; x_wconf 90' lang='lat' dir='ltr'><strong>Sed</strong></span> <span class='ocrx_word' id='word_1_784' title='bbox 3519 3702 3583 3739; x_wconf 80' lang='lat' dir='ltr'><strong>eo</strong></span> 
     </span>
    </p>
   </div>
   <div class='ocr_carea' id='block_1_99' title="bbox 1989 3765 3584 3844">
    <p class='ocr_par' dir='ltr' id='par_1_99' title="bbox 1989 3765 3584 3844">
     <span class='ocr_line' id='line_1_99' title="bbox 1989 3765 3584 3844; baseline 0.009 -26"><span class='ocrx_word' id='word_1_785' title='bbox 1989 3765 2107 3844; x_wconf 87' lang='lat' dir='ltr'><strong>ipso</strong></span> <span class='ocrx_word' id='word_1_786' title='bbox 2144 3779 2403 3821; x_wconf 87' lang='lat' dir='ltr'><strong>concesso</strong></span> <span class='ocrx_word' id='word_1_787' title='bbox 2433 3767 2835 3826; x_wconf 86' lang='lat' dir='ltr'><strong>immoderatius</strong></span> <span class='ocrx_word' id='word_1_788' title='bbox 2875 3771 3092 3839; x_wconf 90' lang='lat' dir='ltr'><strong>utendo,</strong></span> <span class='ocrx_word' id='word_1_789' title='bbox 3121 3776 3420 3844; x_wconf 87' lang='lat' dir='ltr'><strong>corrumpis</strong></span> <span class='ocrx_word' id='word_1_790' title='bbox 3449 3777 3503 3830; x_wconf 91' lang='lat' dir='ltr'><strong>in</strong></span> <span class='ocrx_word' id='word_1_791' title='bbox 3535 3786 3584 3832; x_wconf 87' lang='lat' dir='ltr'><strong>te</strong></span> 
     </span>
    </p>
   </div>
   <div class='ocr_carea' id='block_1_100' title="bbox 1991 3857 3582 3939">
    <p class='ocr_par' dir='ltr' id='par_1_100' title="bbox 1991 3857 3582 3939">
     <span class='ocr_line' id='line_1_100' title="bbox 1991 3857 3582 3939; baseline 0.009 -29"><span class='ocrx_word' id='word_1_792' title='bbox 1991 3857 2247 3925; x_wconf 87' lang='lat' dir='ltr'><strong>templum</strong></span> <span class='ocrx_word' id='word_1_793' title='bbox 2281 3858 2393 3912; x_wconf 91' lang='lat' dir='ltr'><strong>Dei.</strong></span> <span class='ocrx_word' id='word_1_794' title='bbox 2433 3858 2600 3915; x_wconf 86' lang='lat' dir='ltr'><strong>Nemo</strong></span> <span class='ocrx_word' id='word_1_795' title='bbox 2629 3869 2681 3916; x_wconf 91' lang='lat' dir='ltr'><strong>te</strong></span> <span class='ocrx_word' id='word_1_796' title='bbox 2715 3872 2929 3916; x_wconf 89' lang='lat' dir='ltr'><strong>accusat</strong></span> <span class='ocrx_word' id='word_1_797' title='bbox 2955 3872 3282 3920; x_wconf 79' lang='lat' dir='ltr'><strong>extraneos:</strong></span> <span class='ocrx_word' id='word_1_798' title='bbox 3314 3868 3410 3923; x_wconf 88' lang='lat' dir='ltr'><strong>sed</strong></span> <span class='ocrx_word' id='word_1_799' title='bbox 3440 3868 3582 3939; x_wconf 86' lang='lat' dir='ltr'><strong>quod</strong></span> 
     </span>
    </p>
   </div>
   <div class='ocr_carea' id='block_1_101' title="bbox 1991 3949 3586 4030">
    <p class='ocr_par' dir='ltr' id='par_1_101' title="bbox 1991 3949 3586 4030">
     <span class='ocr_line' id='line_1_101' title="bbox 1991 3949 3586 4030; baseline 0.006 -28"><span class='ocrx_word' id='word_1_800' title='bbox 1991 3963 2306 4020; x_wconf 88' lang='lat' dir='ltr'><strong>responsum</strong></span> <span class='ocrx_word' id='word_1_801' title='bbox 2333 3949 2479 4004; x_wconf 89' lang='lat' dir='ltr'><strong>dabit</strong></span> <span class='ocrx_word' id='word_1_802' title='bbox 2503 3953 2824 4007; x_wconf 87' lang='lat' dir='ltr'><strong>conscientia</strong></span> <span class='ocrx_word' id='word_1_803' title='bbox 2850 3962 2936 4007; x_wconf 89' lang='lat' dir='ltr'><strong>tua</strong></span> <span class='ocrx_word' id='word_1_804' title='bbox 2961 3955 3069 4009; x_wconf 87' lang='lat' dir='ltr'><strong>Deo</strong></span> <span class='ocrx_word' id='word_1_805' title='bbox 3094 3953 3289 4010; x_wconf 85' lang='lat' dir='ltr'><strong>dicenti</strong></span> <span class='ocrx_word' id='word_1_806' title='bbox 3319 3973 3414 4026; x_wconf 88' lang='lat' dir='ltr'><strong>per</strong></span> <span class='ocrx_word' id='word_1_807' title='bbox 3441 3961 3586 4030; x_wconf 82' lang='lat' dir='ltr'><strong>Apo-</strong></span> 
     </span>
    </p>
   </div>
   <div class='ocr_carea' id='block_1_102' title="bbox 1991 4041 3584 4116">
    <p class='ocr_par' dir='ltr' id='par_1_102' title="bbox 1991 4041 3584 4116">
     <span class='ocr_line' id='line_1_102' title="bbox 1991 4041 3584 4116; baseline 0.005 -22"><span class='ocrx_word' id='word_1_808' title='bbox 1991 4041 2184 4100; x_wconf 87' lang='lat' dir='ltr'><strong>stolum</strong></span> <span class='ocrx_word' id='word_1_809' title='bbox 2207 4083 2221 4107; x_wconf 95' lang='lat'><strong>,</strong></span> <span class='ocrx_word' id='word_1_810' title='bbox 2260 4041 2328 4095; x_wconf 87' lang='lat' dir='ltr'><strong>Ut</strong></span> <span class='ocrx_word' id='word_1_811' title='bbox 2369 4042 2494 4096; x_wconf 85' lang='lat' dir='ltr'><strong>sciat</strong></span> <span class='ocrx_word' id='word_1_812' title='bbox 2522 4045 2862 4114; x_wconf 81' lang='lat' dir='ltr'><strong>unusquisque</strong></span> <span class='ocrx_word' id='word_1_813' title='bbox 2884 4050 3099 4099; x_wconf 77' lang='lat' dir='ltr'><strong>vestrum</strong></span> <span class='ocrx_word' id='word_1_814' title='bbox 3125 4063 3270 4100; x_wconf 81' lang='lat' dir='ltr'><strong>suum</strong></span> <span class='ocrx_word' id='word_1_815' title='bbox 3296 4063 3386 4100; x_wconf 75' lang='lat' dir='ltr'><strong>uas</strong></span> <span class='ocrx_word' id='word_1_816' title='bbox 3416 4049 3584 4116; x_wconf 82' lang='lat' dir='ltr'><strong>possi-</strong></span> 
     </span>
    </p>
   </div>
   <div class='ocr_carea' id='block_1_103' title="bbox 1993 4132 3586 4202">
    <p class='ocr_par' dir='ltr' id='par_1_103' title="bbox 1993 4132 3586 4202">
     <span class='ocr_line' id='line_1_103' title="bbox 1993 4132 3586 4202; baseline 0.007 -18"><span class='ocrx_word' id='word_1_817' title='bbox 1993 4132 2111 4188; x_wconf 83' lang='lat' dir='ltr'><strong>dere</strong></span> <span class='ocrx_word' id='word_1_818' title='bbox 2135 4134 2187 4185; x_wconf 90' lang='lat' dir='ltr'><strong>in</strong></span> <span class='ocrx_word' id='word_1_819' title='bbox 2219 4134 2614 4202; x_wconf 81' lang='lat' dir='ltr'><strong>sanctiﬁcatione</strong></span> <span class='ocrx_word' id='word_1_820' title='bbox 2644 4144 2692 4188; x_wconf 89' lang='lat' dir='ltr'><strong>et</strong></span> <span class='ocrx_word' id='word_1_821' title='bbox 2719 4136 2944 4200; x_wconf 82' lang='lat' dir='ltr'><strong>Iwnore;</strong></span> <span class='ocrx_word' id='word_1_822' title='bbox 2974 4153 3074 4190; x_wconf 88' lang='lat' dir='ltr'><strong>non</strong></span> <span class='ocrx_word' id='word_1_823' title='bbox 3108 4138 3160 4191; x_wconf 87' lang='lat' dir='ltr'><strong>in</strong></span> <span class='ocrx_word' id='word_1_824' title='bbox 3189 4140 3361 4193; x_wconf 90' lang='lat' dir='ltr'><strong>morbo</strong></span> <span class='ocrx_word' id='word_1_825' title='bbox 3387 4142 3586 4195; x_wconf 83' lang='lat' dir='ltr'><strong>deside-</strong></span> 
     </span>
    </p>
   </div>
   <div class='ocr_carea' id='block_1_104' title="bbox 1992 4225 3582 4304">
    <p class='ocr_par' dir='ltr' id='par_1_104' title="bbox 1992 4225 3582 4304">
     <span class='ocr_line' id='line_1_104' title="bbox 1992 4225 3582 4304; baseline 0.005 -25"><span class='ocrx_word' id='word_1_826' title='bbox 1992 4226 2213 4290; x_wconf 88' lang='lat' dir='ltr'><strong>riorum,</strong></span> <span class='ocrx_word' id='word_1_827' title='bbox 2255 4227 2401 4281; x_wconf 87' lang='lat' dir='ltr'><strong>sicuti</strong></span> <span class='ocrx_word' id='word_1_828' title='bbox 2430 4225 2612 4282; x_wconf 73' lang='lat' dir='ltr'><strong>Gentes</strong></span> <span class='ocrx_word' id='word_1_829' title='bbox 2645 4244 2757 4295; x_wconf 62' lang='lat' dir='ltr'><strong>qua</strong></span> <span class='ocrx_word' id='word_1_830' title='bbox 2782 4229 3017 4300; x_wconf 87' lang='lat' dir='ltr'><strong>ignorant</strong></span> <span class='ocrx_word' id='word_1_831' title='bbox 3045 4228 3207 4286; x_wconf 82' lang='lat' dir='ltr'><strong>Deum</strong></span> <span class='ocrx_word' id='word_1_832' title='bbox 3237 4231 3279 4304; x_wconf 88' lang='lat' dir='ltr'><strong>(I</strong></span> <span class='ocrx_word' id='word_1_833' title='bbox 3305 4232 3484 4288; x_wconf 77' lang='lat' dir='ltr'><strong>Thess.</strong></span> <span class='ocrx_word' id='word_1_834' title='bbox 3512 4250 3582 4300; x_wconf 85' lang='lat' dir='ltr'><strong>tv,</strong></span> 
     </span>
    </p>
   </div>
   <div class='ocr_carea' id='block_1_105' title="bbox 1993 4317 3586 4394">
    <p class='ocr_par' dir='ltr' id='par_1_105' title="bbox 1993 4317 3586 4394">
     <span class='ocr_line' id='line_1_105' title="bbox 1993 4317 3586 4394; baseline 0.003 -19"><span class='ocrx_word' id='word_1_835' title='bbox 1993 4322 2048 4386; x_wconf 71' lang='grc'><em>4,</em></span> <span class='ocrx_word' id='word_1_836' title='bbox 2080 4317 2166 4392; x_wconf 76' lang='lat'><strong>5)?</strong></span> <span class='ocrx_word' id='word_1_837' title='bbox 2197 4320 2326 4387; x_wconf 84' lang='lat' dir='ltr'><strong>Quis</strong></span> <span class='ocrx_word' id='word_1_838' title='bbox 2353 4329 2436 4375; x_wconf 92' lang='lat' dir='ltr'><strong>est</strong></span> <span class='ocrx_word' id='word_1_839' title='bbox 2473 4329 2650 4376; x_wconf 88' lang='lat' dir='ltr'><strong>autem</strong></span> <span class='ocrx_word' id='word_1_840' title='bbox 2693 4320 2896 4375; x_wconf 86' lang='lat' dir='ltr'><strong>habens</strong></span> <span class='ocrx_word' id='word_1_841' title='bbox 2925 4337 3175 4388; x_wconf 81' lang='lat' dir='ltr'><strong>uxorem,</strong></span> <span class='ocrx_word' id='word_1_842' title='bbox 3203 4324 3292 4394; x_wconf 89' lang='lat' dir='ltr'><strong>qui</strong></span> <span class='ocrx_word' id='word_1_843' title='bbox 3328 4339 3398 4379; x_wconf 90' lang='lat' dir='ltr'><strong>eo</strong></span> <span class='ocrx_word' id='word_1_844' title='bbox 3423 4325 3586 4381; x_wconf 91' lang='lat' dir='ltr'><strong>modo</strong></span> 
     </span>
    </p>
   </div>
   <div class='ocr_carea' id='block_1_106' title="bbox 1996 4412 3583 4484">
    <p class='ocr_par' dir='ltr' id='par_1_106' title="bbox 1996 4412 3583 4484">
     <span class='ocr_line' id='line_1_106' title="bbox 1996 4412 3583 4484; baseline 0.003 -19"><span class='ocrx_word' id='word_1_845' title='bbox 1996 4420 2174 4465; x_wconf 73' lang='lat' dir='ltr'><strong>utatur</strong></span> <span class='ocrx_word' id='word_1_846' title='bbox 2217 4426 2416 4478; x_wconf 85' lang='lat' dir='ltr'><strong>uxore,</strong></span> <span class='ocrx_word' id='word_1_847' title='bbox 2467 4419 2525 4465; x_wconf 95' lang='lat' dir='ltr'><strong>ut</strong></span> <span class='ocrx_word' id='word_1_848' title='bbox 2567 4427 2673 4466; x_wconf 90' lang='lat' dir='ltr'><strong>non</strong></span> <span class='ocrx_word' id='word_1_849' title='bbox 2721 4412 2945 4467; x_wconf 76' lang='lat' dir='ltr'><strong>excedat</strong></span> <span class='ocrx_word' id='word_1_850' title='bbox 2991 4413 3162 4483; x_wconf 79' lang='lat' dir='ltr'><strong>legem</strong></span> <span class='ocrx_word' id='word_1_851' title='bbox 3206 4413 3408 4470; x_wconf 87' lang='lat' dir='ltr'><strong>liberos</strong></span> <span class='ocrx_word' id='word_1_852' title='bbox 3459 4431 3583 4484; x_wconf 84' lang='lat' dir='ltr'><strong>pro-</strong></span> 
     </span>
    </p>
   </div>
   <div class='ocr_carea' id='block_1_107' title="bbox 1996 4501 3586 4563">
    <p class='ocr_par' dir='ltr' id='par_1_107' title="bbox 1996 4501 3586 4563">
     <span class='ocr_line' id='line_1_107' title="bbox 1996 4501 3586 4563; baseline 0.004 -7"><span class='ocrx_word' id='word_1_853' title='bbox 1996 4501 2208 4556; x_wconf 87' lang='lat' dir='ltr'><strong>creandi</strong></span> <span class='ocrx_word' id='word_1_854' title='bbox 2225 4503 2251 4555; x_wconf 85' lang='lat'><strong>?</strong></span> <span class='ocrx_word' id='word_1_855' title='bbox 2277 4502 2357 4556; x_wconf 80' lang='lat' dir='ltr'><strong>Ad</strong></span> <span class='ocrx_word' id='word_1_856' title='bbox 2383 4501 2485 4556; x_wconf 90' lang='lat' dir='ltr'><strong>hoc</strong></span> <span class='ocrx_word' id='word_1_857' title='bbox 2505 4501 2644 4557; x_wconf 89' lang='lat' dir='ltr'><strong>enim</strong></span> <span class='ocrx_word' id='word_1_858' title='bbox 2667 4502 2785 4556; x_wconf 89' lang='lat' dir='ltr'><strong>data</strong></span> <span class='ocrx_word' id='word_1_859' title='bbox 2808 4512 2890 4558; x_wconf 90' lang='lat' dir='ltr'><strong>est</strong></span> <span class='ocrx_word' id='word_1_860' title='bbox 2916 4521 2929 4557; x_wconf 90' lang='lat'><strong>:</strong></span> <span class='ocrx_word' id='word_1_861' title='bbox 2963 4505 3297 4560; x_wconf 89' lang='lat' dir='ltr'><strong>convincunt</strong></span> <span class='ocrx_word' id='word_1_862' title='bbox 3316 4514 3371 4561; x_wconf 85' lang='lat' dir='ltr'><strong>te</strong></span> <span class='ocrx_word' id='word_1_863' title='bbox 3393 4507 3586 4563; x_wconf 68' lang='lat' dir='ltr'><strong>tabulae</strong></span> 
     </span>
    </p>
   </div>
   <div class='ocr_carea' id='block_1_108' title="bbox 1997 4593 3587 4668">
    <p class='ocr_par' dir='ltr' id='par_1_108' title="bbox 1997 4593 3587 4668">
     <span class='ocr_line' id='line_1_108' title="bbox 1997 4593 3587 4668; baseline 0.008 -24"><span class='ocrx_word' id='word_1_864' title='bbox 1997 4608 2115 4663; x_wconf 74' lang='lat' dir='ltr'><strong>qua:</strong></span> <span class='ocrx_word' id='word_1_865' title='bbox 2144 4593 2448 4648; x_wconf 88' lang='lat' dir='ltr'><strong>scribuntur</strong></span> <span class='ocrx_word' id='word_1_866' title='bbox 2475 4593 2528 4648; x_wconf 92' lang='lat' dir='ltr'><strong>in</strong></span> <span class='ocrx_word' id='word_1_867' title='bbox 2558 4595 2914 4649; x_wconf 89' lang='lat' dir='ltr'><strong>matrimonio.</strong></span> <span class='ocrx_word' id='word_1_868' title='bbox 2940 4595 3132 4652; x_wconf 82' lang='lat' dir='ltr'><strong>Pactus</strong></span> <span class='ocrx_word' id='word_1_869' title='bbox 3156 4611 3214 4654; x_wconf 90' lang='lat' dir='ltr'><strong>es</strong></span> <span class='ocrx_word' id='word_1_870' title='bbox 3235 4602 3587 4668; x_wconf 86' lang='lat' dir='ltr'><strong>quemadmo-</strong></span> 
     </span>
    </p>
   </div>
   <div class='ocr_carea' id='block_1_109' title="bbox 1997 4683 3587 4756">
    <p class='ocr_par' dir='ltr' id='par_1_109' title="bbox 1997 4683 3587 4756">
     <span class='ocr_line' id='line_1_109' title="bbox 1997 4683 3587 4756; baseline 0.004 -18"><span class='ocrx_word' id='word_1_871' title='bbox 1997 4683 2120 4738; x_wconf 87' lang='lat' dir='ltr'><strong>dum</strong></span> <span class='ocrx_word' id='word_1_872' title='bbox 2149 4683 2414 4738; x_wconf 89' lang='lat' dir='ltr'><strong>duceres:</strong></span> <span class='ocrx_word' id='word_1_873' title='bbox 2445 4693 2597 4737; x_wconf 89' lang='lat' dir='ltr'><strong>sonat</strong></span> <span class='ocrx_word' id='word_1_874' title='bbox 2624 4683 2714 4738; x_wconf 91' lang='lat' dir='ltr'><strong>tibi</strong></span> <span class='ocrx_word' id='word_1_875' title='bbox 2753 4685 3013 4754; x_wconf 88' lang='lat' dir='ltr'><strong>scriptura</strong></span> <span class='ocrx_word' id='word_1_876' title='bbox 3040 4687 3334 4756; x_wconf 88' lang='lat' dir='ltr'><strong>pactionis,</strong></span> <span class='ocrx_word' id='word_1_877' title='bbox 3379 4689 3587 4744; x_wconf 76' lang='lat' dir='ltr'><strong>Libero-</strong></span> 
     </span>
    </p>
   </div>
   <div class='ocr_carea' id='block_1_110' title="bbox 1998 4775 3580 4853">
    <p class='ocr_par' dir='ltr' id='par_1_110' title="bbox 1998 4775 3580 4853">
     <span class='ocr_line' id='line_1_110' title="bbox 1998 4775 3580 4853; baseline 0.006 -25"><span class='ocrx_word' id='word_1_878' title='bbox 1998 4791 2110 4829; x_wconf 85' lang='lat' dir='ltr'><strong>rum</strong></span> <span class='ocrx_word' id='word_1_879' title='bbox 2143 4775 2571 4846; x_wconf 82' lang='lat' dir='ltr'><strong>procrenndornm</strong></span> <span class='ocrx_word' id='word_1_880' title='bbox 2593 4792 2764 4830; x_wconf 87' lang='lat' dir='ltr'><strong>causa.</strong></span> <span class='ocrx_word' id='word_1_881' title='bbox 2806 4776 2920 4831; x_wconf 87' lang='lat' dir='ltr'><strong>Non</strong></span> <span class='ocrx_word' id='word_1_882' title='bbox 2947 4793 3076 4849; x_wconf 81' lang='lat' dir='ltr'><strong>ergo</strong></span> <span class='ocrx_word' id='word_1_883' title='bbox 3103 4779 3330 4835; x_wconf 87' lang='lat' dir='ltr'><strong>accedas</strong></span> <span class='ocrx_word' id='word_1_884' title='bbox 3351 4823 3366 4846; x_wconf 95' lang='lat'><strong>,</strong></span> <span class='ocrx_word' id='word_1_885' title='bbox 3411 4780 3458 4836; x_wconf 90' lang='lat' dir='ltr'><strong>si</strong></span> <span class='ocrx_word' id='word_1_886' title='bbox 3493 4798 3580 4853; x_wconf 83' lang='lat' dir='ltr'><strong>po-</strong></span> 
     </span>
    </p>
   </div>
   <div class='ocr_carea' id='block_1_111' title="bbox 2000 4867 3582 4936">
    <p class='ocr_par' dir='ltr' id='par_1_111' title="bbox 2000 4867 3582 4936">
     <span class='ocr_line' id='line_1_111' title="bbox 2000 4867 3582 4936; baseline 0.003 -13"><span class='ocrx_word' id='word_1_887' title='bbox 2000 4877 2109 4934; x_wconf 89' lang='lat' dir='ltr'><strong>tes,</strong></span> <span class='ocrx_word' id='word_1_888' title='bbox 2141 4867 2242 4923; x_wconf 86' lang='lat' dir='ltr'><strong>nisi</strong></span> <span class='ocrx_word' id='word_1_889' title='bbox 2274 4867 2562 4921; x_wconf 85' lang='lat' dir='ltr'><strong>liberorum</strong></span> <span class='ocrx_word' id='word_1_890' title='bbox 2593 4867 3038 4936; x_wconf 89' lang='lat' dir='ltr'><strong>procreandorum</strong></span> <span class='ocrx_word' id='word_1_891' title='bbox 3067 4885 3247 4926; x_wconf 75' lang='lat' dir='ltr'><strong>causa.</strong></span> <span class='ocrx_word' id='word_1_892' title='bbox 3278 4871 3335 4927; x_wconf 88' lang='lat' dir='ltr'><strong>Si</strong></span> <span class='ocrx_word' id='word_1_893' title='bbox 3368 4874 3582 4928; x_wconf 74' lang='lat' dir='ltr'><strong>modum</strong></span> 
     </span>
    </p>
   </div>
   <div class='ocr_carea' id='block_1_112' title="bbox 1998 4958 3585 5036">
    <p class='ocr_par' dir='ltr' id='par_1_112' title="bbox 1998 4958 3585 5036">
     <span class='ocr_line' id='line_1_112' title="bbox 1998 4958 3585 5036; baseline 0.003 -21"><span class='ocrx_word' id='word_1_894' title='bbox 1998 4958 2328 5026; x_wconf 76' lang='lat' dir='ltr'><strong>excesseris,</strong></span> <span class='ocrx_word' id='word_1_895' title='bbox 2378 4967 2562 5012; x_wconf 87' lang='lat' dir='ltr'><strong>contra</strong></span> <span class='ocrx_word' id='word_1_896' title='bbox 2603 4959 2719 5012; x_wconf 85' lang='lat' dir='ltr'><strong>illas</strong></span> <span class='ocrx_word' id='word_1_897' title='bbox 2749 4959 2954 5014; x_wconf 88' lang='lat' dir='ltr'><strong>tabulas</strong></span> <span class='ocrx_word' id='word_1_898' title='bbox 3000 4959 3163 5016; x_wconf 84' lang='lat' dir='ltr'><strong>facies</strong></span> <span class='ocrx_word' id='word_1_899' title='bbox 3195 4971 3250 5018; x_wconf 86' lang='lat' dir='ltr'><strong>et</strong></span> <span class='ocrx_word' id='word_1_900' title='bbox 3277 4975 3465 5020; x_wconf 80' lang='lat' dir='ltr'><strong>contra</strong></span> <span class='ocrx_word' id='word_1_901' title='bbox 3499 4980 3585 5036; x_wconf 85' lang='lat' dir='ltr'><strong>pa-</strong></span> 
     </span>
    </p>
   </div>
   <div class='ocr_carea' id='block_1_113' title="bbox 1998 5049 3583 5126">
    <p class='ocr_par' dir='ltr' id='par_1_113' title="bbox 1998 5049 3583 5126">
     <span class='ocr_line' id='line_1_113' title="bbox 1998 5049 3583 5126; baseline 0.002 -21"><span class='ocrx_word' id='word_1_902' title='bbox 1998 5059 2165 5106; x_wconf 88' lang='lat' dir='ltr'><strong>ctum.</strong></span> <span class='ocrx_word' id='word_1_903' title='bbox 2193 5049 2379 5106; x_wconf 82' lang='lat' dir='ltr'><strong>Nonne</strong></span> <span class='ocrx_word' id='word_1_904' title='bbox 2416 5049 2752 5104; x_wconf 81' lang='lat' dir='ltr'><strong>manifestum</strong></span> <span class='ocrx_word' id='word_1_905' title='bbox 2779 5052 2896 5108; x_wconf 86' lang='lat' dir='ltr'><strong>est?</strong></span> <span class='ocrx_word' id='word_1_906' title='bbox 2923 5053 3040 5107; x_wconf 86' lang='lat' dir='ltr'><strong>Eris</strong></span> <span class='ocrx_word' id='word_1_907' title='bbox 3069 5054 3298 5110; x_wconf 79' lang='lat' dir='ltr'><strong>mendax</strong></span> <span class='ocrx_word' id='word_1_908' title='bbox 3319 5097 3334 5122; x_wconf 94' lang='lat'><strong>,</strong></span> <span class='ocrx_word' id='word_1_909' title='bbox 3368 5065 3421 5111; x_wconf 90' lang='lat' dir='ltr'><strong>et</strong></span> <span class='ocrx_word' id='word_1_910' title='bbox 3450 5055 3583 5126; x_wconf 74' lang='lat' dir='ltr'><strong>pacti</strong></span> 
     </span>
    </p>
   </div>
   <div class='ocr_carea' id='block_1_114' title="bbox 1996 5141 3563 5215">
    <p class='ocr_par' dir='ltr' id='par_1_114' title="bbox 1996 5141 3563 5215">
     <span class='ocr_line' id='line_1_114' title="bbox 1996 5141 3563 5215; baseline 0.003 -17"><span class='ocrx_word' id='word_1_911' title='bbox 1996 5143 2262 5198; x_wconf 86' lang='lat' dir='ltr'><strong>violator:</strong></span> <span class='ocrx_word' id='word_1_912' title='bbox 2293 5151 2348 5197; x_wconf 90' lang='lat' dir='ltr'><strong>et</strong></span> <span class='ocrx_word' id='word_1_913' title='bbox 2367 5141 2555 5214; x_wconf 75' lang='lat' dir='ltr'><strong>qumrit</strong></span> <span class='ocrx_word' id='word_1_914' title='bbox 2575 5142 2627 5196; x_wconf 88' lang='lat' dir='ltr'><strong>in</strong></span> <span class='ocrx_word' id='word_1_915' title='bbox 2653 5150 2704 5196; x_wconf 88' lang='lat' dir='ltr'><strong>te</strong></span> <span class='ocrx_word' id='word_1_916' title='bbox 2727 5142 2867 5198; x_wconf 86' lang='lat' dir='ltr'><strong>Deus</strong></span> <span class='ocrx_word' id='word_1_917' title='bbox 2889 5143 3242 5213; x_wconf 76' lang='lat' dir='ltr'><strong>integritatem</strong></span> <span class='ocrx_word' id='word_1_918' title='bbox 3272 5148 3454 5215; x_wconf 87' lang='lat' dir='ltr'><strong>templi</strong></span> <span class='ocrx_word' id='word_1_919' title='bbox 3484 5147 3563 5202; x_wconf 91' lang='lat' dir='ltr'><strong>sui</strong></span> 
     </span>
    </p>
   </div>
   <div class='ocr_carea' id='block_1_115' title="bbox 1998 5234 3581 5306">
    <p class='ocr_par' dir='ltr' id='par_1_115' title="bbox 1998 5234 3581 5306">
     <span class='ocr_line' id='line_1_115' title="bbox 1998 5234 3581 5306; baseline 0.001 -15"><span class='ocrx_word' id='word_1_920' title='bbox 1998 5247 2051 5291; x_wconf 91' lang='lat' dir='ltr'><strong>ct</strong></span> <span class='ocrx_word' id='word_1_921' title='bbox 2087 5249 2190 5290; x_wconf 91' lang='lat' dir='ltr'><strong>non</strong></span> <span class='ocrx_word' id='word_1_922' title='bbox 2233 5234 2467 5298; x_wconf 87' lang='lat' dir='ltr'><strong>invenit;</strong></span> <span class='ocrx_word' id='word_1_923' title='bbox 2502 5248 2607 5288; x_wconf 92' lang='lat' dir='ltr'><strong>non</strong></span> <span class='ocrx_word' id='word_1_924' title='bbox 2636 5234 2758 5305; x_wconf 90' lang='lat' dir='ltr'><strong>quia</strong></span> <span class='ocrx_word' id='word_1_925' title='bbox 2791 5244 2874 5288; x_wconf 88' lang='lat' dir='ltr'><strong>tua</strong></span> <span class='ocrx_word' id='word_1_926' title='bbox 2913 5249 3042 5290; x_wconf 89' lang='lat' dir='ltr'><strong>usus</strong></span> <span class='ocrx_word' id='word_1_927' title='bbox 3070 5251 3159 5301; x_wconf 87' lang='lat' dir='ltr'><strong>cs,</strong></span> <span class='ocrx_word' id='word_1_928' title='bbox 3209 5236 3304 5292; x_wconf 88' lang='lat' dir='ltr'><strong>sed</strong></span> <span class='ocrx_word' id='word_1_929' title='bbox 3333 5239 3459 5306; x_wconf 87' lang='lat' dir='ltr'><strong>quia</strong></span> <span class='ocrx_word' id='word_1_930' title='bbox 3489 5240 3581 5293; x_wconf 89' lang='lat' dir='ltr'><strong>im-</strong></span> 
     </span>
    </p>
   </div>
   <div class='ocr_carea' id='block_1_116' title="bbox 1999 5325 3584 5398">
    <p class='ocr_par' dir='ltr' id='par_1_116' title="bbox 1999 5325 3584 5398">
     <span class='ocr_line' id='line_1_116' title="bbox 1999 5325 3584 5398; baseline -0.002 -13"><span class='ocrx_word' id='word_1_931' title='bbox 1999 5328 2271 5385; x_wconf 82' lang='lat' dir='ltr'><strong>moderate</strong></span> <span class='ocrx_word' id='word_1_932' title='bbox 2296 5341 2424 5382; x_wconf 92' lang='lat' dir='ltr'><strong>usus</strong></span> <span class='ocrx_word' id='word_1_933' title='bbox 2452 5341 2531 5381; x_wconf 87' lang='lat' dir='ltr'><strong>es.</strong></span> <span class='ocrx_word' id='word_1_934' title='bbox 2563 5325 2694 5381; x_wconf 80' lang='lat' dir='ltr'><strong>Nam</strong></span> <span class='ocrx_word' id='word_1_935' title='bbox 2721 5337 2774 5381; x_wconf 91' lang='lat' dir='ltr'><strong>et</strong></span> <span class='ocrx_word' id='word_1_936' title='bbox 2799 5328 2978 5380; x_wconf 89' lang='lat' dir='ltr'><strong>viuum</strong></span> <span class='ocrx_word' id='word_1_937' title='bbox 3009 5326 3078 5383; x_wconf 90' lang='lat' dir='ltr'><strong>de</strong></span> <span class='ocrx_word' id='word_1_938' title='bbox 3101 5327 3366 5398; x_wconf 80' lang='lat' dir='ltr'><strong>apotheca</strong></span> <span class='ocrx_word' id='word_1_939' title='bbox 3398 5341 3483 5384; x_wconf 86' lang='lat' dir='ltr'><strong>tua</strong></span> <span class='ocrx_word' id='word_1_940' title='bbox 3515 5329 3584 5382; x_wconf 43' lang='lat' dir='ltr'><strong>bi:</strong></span> 
     </span>
    </p>
   </div>
   <div class='ocr_carea' id='block_1_117' title="bbox 2000 5418 3589 5493">
    <p class='ocr_par' dir='ltr' id='par_1_117' title="bbox 2000 5418 3589 5493">
     <span class='ocr_line' id='line_1_117' title="bbox 2000 5418 3589 5493; baseline -0.001 -15"><span class='ocrx_word' id='word_1_941' title='bbox 2000 5423 2102 5488; x_wconf 90' lang='lat' dir='ltr'><strong>bis,</strong></span> <span class='ocrx_word' id='word_1_942' title='bbox 2131 5431 2183 5477; x_wconf 89' lang='lat' dir='ltr'><strong>et</strong></span> <span class='ocrx_word' id='word_1_943' title='bbox 2215 5430 2389 5476; x_wconf 88' lang='lat' dir='ltr'><strong>tamen</strong></span> <span class='ocrx_word' id='word_1_944' title='bbox 2418 5421 2460 5475; x_wconf 89' lang='lat' dir='ltr'><strong>si</strong></span> <span class='ocrx_word' id='word_1_945' title='bbox 2492 5419 2570 5474; x_wconf 90' lang='lat' dir='ltr'><strong>sic</strong></span> <span class='ocrx_word' id='word_1_946' title='bbox 2594 5418 2764 5485; x_wconf 90' lang='lat' dir='ltr'><strong>bibis,</strong></span> <span class='ocrx_word' id='word_1_947' title='bbox 2798 5429 2858 5474; x_wconf 90' lang='lat' dir='ltr'><strong>ut</strong></span> <span class='ocrx_word' id='word_1_948' title='bbox 2900 5420 3210 5488; x_wconf 87' lang='lat' dir='ltr'><strong>inebrieris,</strong></span> <span class='ocrx_word' id='word_1_949' title='bbox 3243 5438 3353 5477; x_wconf 85' lang='lat' dir='ltr'><strong>non</strong></span> <span class='ocrx_word' id='word_1_950' title='bbox 3381 5425 3500 5493; x_wconf 82' lang='lat' dir='ltr'><strong>quia</strong></span> <span class='ocrx_word' id='word_1_951' title='bbox 3534 5438 3589 5475; x_wconf 82' lang='lat' dir='ltr'><strong>re</strong></span> 
     </span>
    </p>
   </div>
   <div class='ocr_carea' id='block_1_118' title="bbox 2003 5511 3588 5581">
    <p class='ocr_par' dir='ltr' id='par_1_118' title="bbox 2003 5511 3588 5581">
     <span class='ocr_line' id='line_1_118' title="bbox 2003 5511 3588 5581; baseline -0.002 -13"><span class='ocrx_word' id='word_1_952' title='bbox 2003 5525 2088 5568; x_wconf 88' lang='lat' dir='ltr'><strong>tua</strong></span> <span class='ocrx_word' id='word_1_953' title='bbox 2117 5529 2244 5568; x_wconf 89' lang='lat' dir='ltr'><strong>usus</strong></span> <span class='ocrx_word' id='word_1_954' title='bbox 2263 5529 2344 5578; x_wconf 91' lang='lat' dir='ltr'><strong>es,</strong></span> <span class='ocrx_word' id='word_1_955' title='bbox 2373 5511 2492 5566; x_wconf 90' lang='lat' dir='ltr'><strong>ideo</strong></span> <span class='ocrx_word' id='word_1_956' title='bbox 2517 5527 2620 5565; x_wconf 89' lang='lat' dir='ltr'><strong>non</strong></span> <span class='ocrx_word' id='word_1_957' title='bbox 2648 5511 2875 5581; x_wconf 87' lang='lat' dir='ltr'><strong>peccasti</strong></span> <span class='ocrx_word' id='word_1_958' title='bbox 2902 5529 2915 5565; x_wconf 88' lang='lat'><strong>:</strong></span> <span class='ocrx_word' id='word_1_959' title='bbox 2947 5511 3141 5566; x_wconf 87' lang='lat' dir='ltr'><strong>donum</strong></span> <span class='ocrx_word' id='word_1_960' title='bbox 3168 5513 3312 5567; x_wconf 90' lang='lat' dir='ltr'><strong>enim</strong></span> <span class='ocrx_word' id='word_1_961' title='bbox 3341 5513 3436 5569; x_wconf 85' lang='lat' dir='ltr'><strong>Dei</strong></span> <span class='ocrx_word' id='word_1_962' title='bbox 3461 5527 3588 5567; x_wconf 64' lang='lat' dir='ltr'><strong>cono</strong></span> 
     </span>
    </p>
   </div>
   <div class='ocr_carea' id='block_1_119' title="bbox 2002 5603 2922 5674">
    <p class='ocr_par' dir='ltr' id='par_1_119' title="bbox 2002 5603 2922 5674">
     <span class='ocr_line' id='line_1_119' title="bbox 2002 5603 2922 5674; baseline -0.005 -14"><span class='ocrx_word' id='word_1_963' title='bbox 2002 5608 2204 5663; x_wconf 79' lang='lat' dir='ltr'><strong>\‘Ct‘tisli</strong></span> <span class='ocrx_word' id='word_1_964' title='bbox 2236 5605 2300 5660; x_wconf 81' lang='lat' dir='ltr'><strong>ad</strong></span> <span class='ocrx_word' id='word_1_965' title='bbox 2328 5603 2727 5674; x_wconf 82' lang='lat' dir='ltr'><strong>corruptionem</strong></span> <span class='ocrx_word' id='word_1_966' title='bbox 2760 5613 2922 5657; x_wconf 81' lang='lat' dir='ltr'><strong>tuam.</strong></span> 
     </span>
    </p>
   </div>
   <div class='ocr_carea' id='block_1_120' title="bbox 2071 5692 3584 5760">
    <p class='ocr_par' dir='ltr' id='par_1_120' title="bbox 2071 5692 3584 5760">
     <span class='ocr_line' id='line_1_120' title="bbox 2071 5692 3584 5760; baseline -0.006 -7"><span class='ocrx_word' id='word_1_967' title='bbox 2071 5696 2296 5760; x_wconf 75' lang='lat' dir='ltr'><strong>CAPUT</strong></span> <span class='ocrx_word' id='word_1_968' title='bbox 2334 5695 2398 5750; x_wconf 70' lang='grc' dir='ltr'><strong>Χ.</strong></span> <span class='ocrx_word' id='word_1_969' title='bbox 2434 5725 2500 5739; x_wconf 69' lang='grc' dir='ltr'><strong>-ν</strong></span> <span class='ocrx_word' id='word_1_970' title='bbox 2536 5693 2616 5749; x_wconf 84' lang='lat' dir='ltr'><strong>l0.</strong></span> <span class='ocrx_word' id='word_1_971' title='bbox 2664 5692 2798 5748; x_wconf 80' lang='lat' dir='ltr'><strong>Dens</strong></span> <span class='ocrx_word' id='word_1_972' title='bbox 2838 5694 2943 5759; x_wconf 78' lang='lat' dir='ltr'><strong>ipse</strong></span> <span class='ocrx_word' id='word_1_973' title='bbox 2984 5693 3258 5760; x_wconf 75' lang='lat' dir='ltr'><strong>offenditur</strong></span> <span class='ocrx_word' id='word_1_974' title='bbox 3289 5713 3381 5750; x_wconf 83' lang='lat' dir='ltr'><strong>usu</strong></span> <span class='ocrx_word' id='word_1_975' title='bbox 3423 5711 3584 5746; x_wconf 70' lang='lat' dir='ltr'><strong>rerum</strong></span> 
     </span>
    </p>
   </div>
   <div class='ocr_carea' id='block_1_121' title="bbox 2002 5785 3582 5860">
    <p class='ocr_par' dir='ltr' id='par_1_121' title="bbox 2002 5785 3582 5860">
     <span class='ocr_line' id='line_1_121' title="bbox 2002 5785 3582 5860; baseline -0.003 -13"><span class='ocrx_word' id='word_1_976' title='bbox 2002 5805 2350 5847; x_wconf 73' lang='lat' dir='ltr'><strong>concessurum</strong></span> <span class='ocrx_word' id='word_1_977' title='bbox 2409 5785 2756 5842; x_wconf 83' lang='lat' dir='ltr'><strong>immoderato.</strong></span> <span class='ocrx_word' id='word_1_978' title='bbox 2817 5785 3108 5842; x_wconf 74' lang='lat' dir='ltr'><strong>Remcduun</strong></span> <span class='ocrx_word' id='word_1_979' title='bbox 3160 5803 3336 5843; x_wconf 70' lang='lat' dir='ltr'><strong>ratum</strong></span> <span class='ocrx_word' id='word_1_980' title='bbox 3379 5803 3582 5860; x_wconf 64' lang='lat' dir='ltr'><strong>prtam</strong></span> 
     </span>
    </p>
   </div>
  </div>
