3926 6188
247 395 386 454 i275

242 510 488 583 quantuli
534 504 979 561 iutmoderutionis.
1020 503 1158 573 Quid
1201 517 1358 573 argi),
1399 500 1628 556 fratres?
1665 499 1828 556 Certe

243 601 586 658 niauift-stum
625 608 738 665 est,
783 607 838 653 et
869 596 1138 652 renuntiat
1179 595 1418 650 omnium
1460 594 1785 650 conscientia
1807 634 1823 659 ,

239 695 366 764 quia
392 691 609 748 difficile
633 699 718 746 est
745 689 822 744 sic
863 688 937 743 uti
967 687 1124 743 rebus
1151 687 1455 753 concessis,
1487 695 1546 740 ut
1585 701 1691 740 non
1726 684 1826 740 ali-

239 783 558 855 quantulum
589 779 876 838 exeodatur
901 779 1108 833 modus.
1132 777 1356 846 Quando
1378 786 1555 832 autem
1579 791 1827 832 excesse-

180 848 202 870 .
346 876 587 938 modum,
617 873 842 930 offendis
869 873 1034 926 Deum
1055 913 1072 939 ,
1109 872 1264 941 cujus
1287 871 1542 940 templum
1565 884 1646 924 es.
1680 867 1722 923 Τ
1721 885 1827 924 ent-

241 969 386 1037 plum
410 966 542 1020 enim
579 963 676 1018 Dei
699 974 931 1018 sanctum
969 971 1042 1017 est
1062 1003 1078 1027 ,
1107 962 1244 1031 quod
1269 961 1387 1016 estis
1422 977 1526 1015 res.
1566 960 1737 1016 Nemo
1765 975 1825 1016 se

239 1060 434 1115 fallat:
471 1057 710 1128 Quisquis
755 1055 996 1126 templum
1042 1055 1140 1110 Dei
1184 1054 1493 1124 corruperit,
1541 1063 1825 1124 corrumpet

235 1150 389 1204 illum
429 1148 585 1203 Deus.
635 1147 780 1202 Dicta
808 1145 1068 1201 sententia
1105 1155 1220 1208 est,
1265 1146 1463 1200 teneris
1505 1159 1652 1199 reus.
1685 1144 1822 1212 Quid

235 1241 478 1296 dicturus
498 1255 558 1294 es
584 1239 639 1294 in
662 1237 993 1294 orationibus
1013 1246 1138 1304 tuis,
1157 1235 1370 1306 quando
1391 1237 1606 1306 rogabis
1629 1236 1819 1304 Deum,

236 1348 397 1402 quem
427 1330 652 1387 offendis
681 1329 740 1384 in
779 1329 978 1399 templo
1003 1345 1134 1392 suo.
1164 1344 1322 1398 quem
1351 1328 1504 1398 pellis
1529 1328 1598 1384 de
1625 1331 1823 1398 templo

235 1427 372 1479 suo?
399 1421 676 1488 Quomodo
714 1421 997 1476 mundabis
1037 1437 1220 1476 rursus
1255 1421 1306 1476 in
1351 1431 1403 1476 te
1429 1421 1649 1476 domum
1689 1421 1824 1476 Dei?

233 1514 508 1585 quoroodo
535 1528 656 1568 eum
688 1513 914 1568 reduces
931 1512 998 1567 ad
1025 1512 1117 1567 te?
1145 1511 1444 1578 Quomodo,
1467 1513 1566 1567 nisi
1593 1513 1822 1568 dicendo

235 1619 305 1659 ex
334 1619 459 1660 vero
479 1603 642 1660 corde
663 1599 774 1668 ttio,
794 1611 850 1658 et
869 1602 1048 1659 verbis
1065 1611 1119 1658 et
1144 1603 1316 1666 factis,
1342 1600 1552 1657 Dimitte
1571 1604 1716 1658 nobis
1733 1605 1824 1659 de-

231 1696 341 1752 bita
365 1707 558 1760 nostra,
585 1698 715 1751 sicut
740 1705 788 1749 et
813 1711 904 1750 uos
930 1695 1228 1749 dimittimus
1254 1695 1560 1750 debitoribus
1596 1697 1823 1752 nostris?

232 1788 369 1854 Quis
393 1787 533 1842 enim
564 1796 616 1842 te
637 1786 907 1841 accusabit
937 1785 1286 1841 immoderate
1307 1794 1538 1840 utentem
1569 1795 1659 1841 tuo
1675 1787 1816 1853 cibo,

233 1888 328 1932 tuo
375 1886 534 1948 potu,
578 1855 663 1932 tua
705 1875 968 1946 conjuge?
995 1875 1162 1931 Nemo
1190 1877 1461 1932 accusabit
1501 1877 1817 1934 hominum:

231 1969 329 2023 sed
374 1979 547 2023 tamen
573 1968 694 2038 quia
725 1967 862 2022 Deus
888 1967 1054 2036 arguit
1082 2007 1097 2032 ,
1129 1967 1346 2037 exigens
1371 1966 1440 2022 de
1467 1976 1517 2022 te
1543 1969 1819 2040 integrita-

230 2071 343 2118 tem
383 2063 564 2130 templi
602 2062 684 2116 sui
717 2071 772 2117 et
806 2059 1257 2130 incorruptionem
1299 2059 1638 2116 habitationis
1671 2077 1816 2131 sum,

227 2150 382 2207 dedit
407 2153 496 2207 tibi
525 2151 854 2218 remedium,
888 2161 1137 2222 tanquam
1167 2150 1354 2206 dicens
1382 2169 1396 2206 :
1427 2151 1482 2207 Si
1509 2153 1819 2208 excedenda

226 2242 450 2302 modum
481 2242 705 2297 offendis
734 2257 820 2295 me
839 2283 853 2305 ,
895 2250 949 2296 et
986 2255 1085 2310 ego
1126 2241 1320 2296 tenebo
1360 2250 1411 2296 te
1442 2258 1620 2306 reum,
1649 2243 1736 2296 ubi
1767 2253 1820 2321 te

229 2339 415 2391 nullus
445 2335 715 2388 hominum
746 2342 990 2396 accusat;
1021 2334 1229 2389 dimitte
1259 2333 1458 2387 homini
1502 2334 1643 2404 quod
1683 2335 1736 2389 in
1769 2344 1822 2391 te

225 2428 493 2500 peccavit,
526 2436 578 2481 ut
606 2427 866 2482 dimittam
899 2425 989 2480 tibi
1018 2425 1157 2496 quod
1183 2438 1371 2494 peccas
1394 2424 1447 2479 in
1475 2439 1581 2480 me.

301 2518 530 2574 CAPUT
569 2518 658 2572 XI.
690 2545 761 2561 -ρ
788 2518 874 2572 fl.
907 2515 1200 2585 Conteotpto
1238 2517 1328 2570 illo
1357 2518 1576 2572 remedio
1603 2535 1703 2573 non
1734 2535 1819 2573 re-

227 2621 402 2665 manet
429 2626 542 2678 spes
571 2609 677 2663 ulla
713 2609 908 2663 salutis.
942 2608 1143 2663 Tenetc
1173 2607 1312 2662 istud
1344 2607 1572 2670 fortiter,
1605 2607 1816 2664 fratres.

229 2702 334 2769 Qui
365 2702 505 2755 enim
535 2712 588 2756 et
627 2700 694 2755 ad
731 2700 1032 2770 hujusmodi
1062 2700 1357 2756 antidotum
1402 2702 1815 2766 renuntiaverit,

230 2796 380 2850 nulla
419 2794 492 2849 illi
538 2809 662 2862 spes
691 2793 876 2848 salutis
921 2793 1139 2848 omnino
1183 2793 1498 2849 remanebit.
1541 2793 1644 2860 Qui
1689 2793 1819 2849 mihi

228 2886 459 2953 dixerit,
492 2886 604 2940 Non
648 2885 862 2941 remitto
893 2887 909 2918 ¹
940 2893 1174 2956 peccata,
1205 2899 1324 2956 quae
1347 2886 1402 2940 in
1443 2901 1528 2940 me
1557 2886 1693 2941 forte
1718 2886 1818 2942 bo-

230 2981 406 3033 mines
429 2985 682 3048 pec'caut:
711 2995 816 3033 non
843 2987 926 3034 est
954 2978 1097 3033 unde
1126 2978 1199 3032 illi
1235 2980 1536 3048 promittam
1566 2980 1813 3034 salutem.

231 3067 348 3122 Non
378 3070 519 3122 enim
549 3083 764 3137 possum
785 3083 882 3138 ego
912 3068 1240 3137 promittere,
1262 3067 1404 3138 quod
1426 3085 1532 3122 non
1556 3069 1817 3138 promittit

233 3159 394 3213 Deus.
429 3159 534 3213 Ero
573 3159 713 3214 enim
760 3173 864 3211 non
905 3157 1243 3226 dispensator
1267 3158 1416 3211 verbi
1459 3158 1582 3220 Dei.
1613 3159 1706 3212 sed
1733 3160 1817 3214 di-

227 3257 511 3318 spensator
547 3249 830 3318 serpentis.
882 3247 1115 3317 Serpens
1152 3248 1292 3302 enim
1338 3250 1579 3317 promisit
1617 3250 1814 3304 bonum

229 3341 495 3410 poccanti,
528 3341 665 3395 Deus
689 3350 865 3395 autem
888 3349 1113 3394 mortem
1137 3341 1366 3396 minatus
1386 3351 1484 3396 est.
1509 3341 1644 3410 Quid
1669 3343 1812 3399 enim

229 3432 304 3485 illi
337 3432 542 3497 evenit,
577 3433 676 3486 nisi
705 3431 842 3502 quod
871 3433 1101 3487 minatus
1129 3441 1212 3486 est
1250 3433 1422 3488 Deus?
1465 3433 1530 3488 Et
1560 3435 1716 3503 longe
1745 3435 1814 3490 ab

227 3538 295 3579 co
327 3522 522 3578 factum
565 3533 676 3590 est,
719 3524 858 3594 quod
892 3524 982 3579 ille
1012 3524 1276 3593 pollicitus
1303 3533 1404 3580 est.
1439 3525 1610 3579 Vultis
1646 3541 1808 3595 ergo,

228 3613 457 3681 fratres,
489 3623 546 3668 ut
581 3615 752 3670 dicam
785 3615 971 3670 vobis:
1006 3615 1118 3670 Etsi
1151 3617 1520 3685 peccaveritis,
1570 3618 1668 3671 etsi
1709 3632 1811 3674 non

226 3707 537 3764 dimiseritis
570 3718 780 3777 peccata
828 3707 1160 3771 hominibus,
1210 3721 1426 3775 prorsus
1463 3707 1592 3761 salvi
1633 3708 1809 3774 eritis,

226 3814 349 3854 eum
382 3798 586 3853 venerit
623 3797 865 3852 Christus
908 3795 1096 3860 .lt-sus,
1148 3796 1392 3850 onmibus
1433 3796 1811 3867 indulgentiam

226 3890 414 3944 dabit?
443 3891 553 3944 Non
598 3891 742 3955 dico,
775 3889 896 3959 quia
937 3905 1042 3943 non
1087 3889 1250 3944 audio
1276 3892 1335 3944 ἐ
1369 3906 1475 3944 non
1523 3891 1641 3947 dico
1669 3894 1810 3962 quod

229 3981 361 4035 mihi
382 3996 486 4035 non
509 3978 718 4034 dicitur.
745 3981 1009 4036 Promittit
1033 3981 1246 4050 quidem
1272 3982 1409 4037 Deus
1430 3983 1810 4055 indulgentiam

226 4081 490 4140 ιιι-ροιιιογι
512 4112 530 4138 ,
577 4077 667 4126 sed
700 4072 964 4139 prmterita
995 4073 1172 4126 omnia
1199 4073 1475 4130 dimittens
1503 4080 1808 4145 conversis,

225 4162 593 4226 rrmlentibns,
625 4163 923 4232 baptizatis.
958 4162 1068 4218 lloc
1092 4163 1230 4232 lego,
1264 4163 1366 4218 hoc
1389 4165 1559 4221 audeo
1585 4169 1810 4237 promit-

226 4263 360 4319 tere,
388 4255 486 4308 hoc
508 4255 777 4323 promitto,
799 4264 856 4309 ct
875 4254 1015 4324 quod
1044 4255 1292 4324 promitto
1312 4258 1636 4326 promittitur
1657 4261 1807 4315 mihi.

226 4343 291 4399 Et
322 4359 442 4398 cum
486 4344 696 4413 legitur,
739 4360 925 4400 oumes
965 4343 1246 4400 audimus:
1281 4346 1629 4418 condiscipuli
1667 4352 1808 4406 enim

223 4449 433 4497 smnus,
467 4450 604 4488 unus
624 4434 874 4502 aitagister
899 4443 983 4490 est
1009 4435 1060 4489 in
1092 4436 1191 4490 ista
1215 4436 1420 4493 schola.

296 4523 524 4579 CAPUT
563 4525 677 4579 ΧΙΙ.
702 4555 769 4564 -
791 4525 876 4580 12.
910 4524 1128 4580 Peccata
1149 4528 1342 4597 gravia,
1375 4545 1488 4599 qua:
1511 4532 1812 4601 paenitentiw

224 4617 449 4674 laborent
477 4619 682 4688 exigunt
704 4619 1132 4672 vehementiorem.
1163 4618 1316 4673 Leria
1349 4635 1552 4690 peccata
1578 4626 1810 4678 multitu-

224 4713 346 4764 dine
373 4712 696 4779 oppﬁmnut,
727 4711 824 4764 nisi
861 4727 893 4764 α
937 4711 1041 4764 Deo
1077 4711 1416 4766 dimittantur.
1457 4713 1645 4769 Omnia
1683 4733 1810 4786 ergo

225 4803 495 4874 praeterita
525 4803 798 4858 conversis
820 4801 1194 4856 dimittuntur:
1225 4812 1480 4858 cu'terum
1510 4805 1664 4876 hujus
1689 4807 1810 4863 vita:

225 4906 354 4952 sunt
378 4895 619 4965 quatdam
649 4896 828 4966 gravia
856 4904 909 4949 ct
935 4893 1232 4959 mortifera,
1255 4911 1375 4966 qua:
1401 4897 1499 4950 nisi
1530 4913 1625 4967 per
1653 4899 1814 4955 vehe-

225 4987 610 5043 mentissimam
639 4987 937 5042 molestiam
979 4985 1358 5042 humiliationis
1395 4987 1574 5042 cordis
1601 4999 1655 5043 et
1680 5004 1812 5046 eou-

227 5080 461 5134 tritionis
496 5079 713 5148 spiritus
740 5086 794 5132 et
833 5077 1186 5131 tribulationis
1216 5078 1540 5146 pmnitentia:
1571 5095 1676 5134 non
1721 5096 1808 5136 re-

226 5173 494 5228 laxantur.
546 5172 670 5226 llacc
709 5171 1049 5226 dimittuntur
1093 5186 1187 5240 per
1229 5172 1407 5226 claves
1447 5171 1720 5227 Ecclesiae.
1752 5175 1808 5229 Si

229 5265 372 5319 cnim
397 5273 449 5318 tu
474 5272 524 5318 te
543 5262 771 5332 coeperis
790 5261 1048 5330 judicare,
1072 5261 1115 5314 si
1139 5260 1231 5314 tibi
1251 5261 1478 5330 caperis
1497 5262 1808 5331 displicere;

227 5355 371 5410 Deus
403 5355 573 5410 veniet
598 5395 612 5418 ,
643 5365 698 5408 nt
725 5355 1056 5408 misereatur.
1095 5352 1148 5406 Si
1178 5363 1230 5406 tu
1263 5361 1315 5407 te
1344 5355 1530 5422 punire
1555 5355 1808 5422 volueris,

227 5457 411 5519 parcet
441 5449 548 5503 ille.
580 5447 680 5515 Qui
721 5455 897 5501 autem
939 5445 1047 5516 agit
1073 5444 1206 5500 bene
1237 5447 1600 5515 penitentiam
1623 5488 1639 5511 ,
1685 5461 1813 5502 suns

229 5544 345 5611 ipse
370 5542 582 5611 punitor
606 5549 708 5595 cst.
743 5540 822 5595 Sit
853 5547 1064 5608 oportet
1088 5539 1200 5607 ipse
1225 5553 1444 5592 severus
1473 5538 1523 5591 in
1551 5553 1638 5600 se,
1673 5547 1728 5592 ιιι
1759 5540 1808 5594 in

226 5647 352 5686 cum
375 5630 443 5685 sit
466 5629 770 5684 misericors
792 5629 931 5684 Dens
954 5646 966 5680 :
991 5627 1259 5698 quomodo
1279 5628 1406 5683 dicit
1431 5628 1609 5694 David,
1641 5629 1813 5683 Arrrte

295 5766 306 5794 ¹
335 5763 468 5813 t'lim.
500 5773 549 5812 rt
574 5770 700 5818 Ms,
725 5775 815 5812 non
841 5761 1069 5821 relinquo.

295 5827 313 5859 ⁸
338 5828 411 5877 sic
432 5823 783 5877 Uerutaieizis.
806 5831 853 5872 At
881 5824 1018 5881 editi.
1044 5823 1216 5874 audeo.

1546 383 1773 442 SERMO
1806 381 2157 446 CCLXXVIII.
2189 340 2199 347 ς

3375 407 3512 464 1274

1935 503 2116 572 facient
2142 515 2282 559 tuam
2314 523 2344 560 a
2373 511 2588 577 peccatis
2615 512 2736 567 meis
2749 553 2764 577 .
2799 523 2844 568 et
2869 530 3040 572 omnes
3068 517 3352 583 iniquitates
3379 535 3514 574 meos

1933 594 2062 648 dele.
2089 595 2193 652 Sed
2223 613 2328 668 quo
2350 601 2578 656 merito?
2614 605 2704 659 Ait
2741 606 2790 660 in
2833 607 2949 676 ipso
2975 609 3220 679 psalmo:
3259 611 3510 676 Quoniam

1930 684 2244 755 iniquitatem
2271 706 2433 744 meum
2457 708 2548 764 ego
2572 710 2810 765 agnosco,
2839 707 2884 751 et
2910 708 3168 764 peccatum
3196 715 3359 756 meum
3397 714 3514 758 ante

1931 791 2012 829 me
2034 787 2107 830 est
2143 795 2342 851 anuper
2369 781 2536 852 (Pref.
2563 801 2627 850 ι..
2656 787 2745 851 Η,
2773 788 2850 858 5).
2893 790 2948 844 Si
2983 805 3112 860 ergo
3137 802 3191 845 ιιι
3231 795 3510 863 agnoscis,

1929 865 2021 955 ille
2046 868 2296 937 ignoscit.
2316 870 2452 927 Sunt
2477 883 2654 930 autem
2679 887 2894 946 peccata
2919 881 3050 935 levia
3071 891 3126 936 et
3147 884 3367 946 minuta,
3390 899 3512 955 quae

1929 954 2155 1012 devitari
2183 961 2402 1016 omnino
2430 979 2534 1019 non
2565 977 2820 1034 possunt,
2861 987 2980 1038 qum
3017 973 3228 1041 quidem
3265 954 3514 1030 videntur

1931 1049 2134 1104 minora
2169 1052 2208 1112 ³.
2255 1053 2348 1108 sed
2382 1056 2717 1114 multitudine
2742 1074 3007 1131 premunt.
3051 1064 3180 1119 Nam
3211 1075 3266 1121 et
3289 1081 3510 1124 acervus

1929 1137 2181 1194 frumenti
2213 1144 2580 1202 minutissimis
2599 1152 2779 1218 granis
2803 1154 3086 1224 colligitur,
3109 1166 3161 1210 et
3186 1165 3359 1212 tamen
3383 1173 3497 1213 one

1928 1243 2113 1286 rantur
2155 1234 2276 1290 inde
2305 1253 2465 1293 naves
2490 1257 2504 1291 :
2534 1249 2587 1293 ct
2617 1241 2659 1294 si
2692 1244 2919 1311 amplius
2945 1257 3255 1314 «merentur,
3294 1249 3504 1304 demer-

1927 1335 2141 1395 guntur.
2162 1327 2341 1384 Unum
2365 1330 2560 1387 fulmen
2585 1334 2762 1403 dejicit
2789 1338 3040 1408 aliquem,
3072 1347 3127 1393 et
3153 1340 3343 1395 occidit
3369 1359 3381 1394 :
3415 1342 3507 1395 sed

1926 1423 1982 1468 et
1999 1415 2042 1468 si
2060 1416 2234 1485 pluvia
2254 1420 2323 1472 sit
2343 1421 2525 1488 nimia,
2547 1425 2914 1482 minutissimis
2933 1429 3092 1500 guttis
3115 1441 3290 1485 tamen
3315 1433 3509 1487 inultus

1927 1505 2195 1564 interficit.
2227 1510 2357 1567 Illud
2400 1529 2506 1569 uno
2537 1517 2641 1572 ictu
2673 1520 2918 1587 perimit.
2962 1521 3049 1575 illa
3075 1537 3139 1577 ex
3174 1524 3510 1579 multitudine

1923 1597 2231 1668 exstinguit.
2258 1601 2460 1673 Magne
2491 1604 2675 1660 bestia:
2702 1623 2807 1661 uno
2847 1624 3028 1665 morsu
3065 1612 3310 1667 occidunt
3338 1613 3510 1668 homi-

1925 1700 2049 1740 nem
2073 1706 2086 1740 :
2123 1690 2338 1745 minuta:
2363 1705 2539 1747 autem
2565 1709 2685 1750 cum
2719 1698 2912 1760 fuerint
2942 1701 3120 1756 multae
3146 1716 3502 1774 congregatw,

1925 1775 2235 1848 plerumque
2263 1780 2606 1849 interimunt,
2638 1794 2691 1839 et
2721 1787 2879 1841 talem
2923 1791 3207 1857 perniciem
3237 1791 3502 1858 inferunt,

1928 1875 1982 1918 ut
2013 1869 2181 1936 pomis
2208 1869 2506 1940 bujusmodi
2545 1891 2677 1944 gens
2711 1879 2937 1948 superba
2969 1881 3260 1936 Pharaonis
3276 1883 3502 1952 judicari

1923 1959 2198 2014 meruerit.
2237 1961 2294 2016 Si
2319 1978 2466 2033 ergo,
2503 1966 2745 2034 quamvis
2783 1969 2984 2024 minuta
3007 1974 3114 2026 sint
3141 1973 3236 2027 ista
3267 1982 3500 2043 peccata.

1925 2055 2099 2104 tamen
2131 2052 2250 2120 quia
2285 2063 2388 2107 tam
2431 2055 2591 2108 multa
2619 2067 2776 2125 sunt,
2819 2069 2874 2115 ut
2911 2074 3226 2135 congregata
3255 2080 3501 2122 acervum

1925 2142 2136 2206 faciant,
2177 2160 2280 2215 quo
2313 2155 2363 2201 te
2390 2160 2625 2216 premant
2650 2167 2663 2213 ;
2691 2151 2864 2207 bonus
2893 2165 2974 2208 est
3013 2156 3150 2210 Deus
3169 2199 3185 2222 ,
3214 2158 3302 2228 qui
3343 2160 3502 2214 etiam

1924 2232 2037 2302 ipsa
2067 2235 2320 2300 dimittit,
2360 2239 2475 2291 sine
2517 2240 2708 2307 quibus
2737 2258 2841 2296 non
2881 2253 3054 2312 potest
3091 2248 3190 2300 ista
3229 2249 3334 2302 vita
3360 2248 3502 2302 duci.

1923 2323 2202 2389 Quomodo
2223 2336 2396 2382 autem
2419 2327 2652 2397 dimittit,
2683 2330 2728 2385 si
2755 2340 2811 2387 tu
2842 2349 2946 2389 non
2966 2335 3203 2392 dimittas
3228 2353 3348 2408 qua:
3375 2340 3426 2394 iu
3453 2349 3506 2396 te

1924 2416 2362 2478 committuntur?
3091 2474 3097 2479 .

1995 2504 2222 2563 CAPUT
2261 2510 2400 2567 Xlll.
2433 2544 2504 2553 —
2535 2516 2619 2570 15.
2662 2515 2964 2582 Seutinare,
3006 2519 3172 2576 debita
3201 2521 3505 2580 debitoribus

1923 2597 2106 2653 nostris
2133 2599 2446 2657 dimittenda.
2479 2603 2750 2662 Sententia
2783 2610 2879 2663 ista
2911 2611 2987 2664 sic
3020 2621 3102 2666 est
3131 2613 3180 2666 in
3211 2613 3374 2669 corde
3403 2613 3503 2669 ho-

1922 2689 2098 2752 minis,
2130 2695 2397 2762 quomodo
2424 2698 2616 2763 cadus,
2649 2699 2788 2754 unde
2827 2702 3123 2756 sentiuntur
3149 2704 3299 2759 navis
3327 2705 3380 2760 in
3409 2720 3503 2776 pc-

1922 2777 2062 2849 lago.
2085 2780 2200 2836 Non
2231 2795 2402 2852 potest
2423 2788 2563 2842 enim
2593 2788 2692 2843 nisi
2716 2805 2904 2860 aquam
2925 2792 3206 2848 admittere
3231 2809 3323 2864 per
3343 2796 3505 2850 rimas

1920 2875 2254 2943 compaginis
2298 2890 2428 2940 suae.
2459 2878 2716 2935 Paulatim
2749 2891 2924 2937 tamen
2952 2883 3253 2940 adhibendo
3292 2893 3502 2942 tenuem

1922 2959 2203 3030 liquorem,
2236 2964 2358 3021 facit
2383 2969 2599 3024 multam
2623 2972 3016 3040 collectionem,
3041 2975 3110 3028 ita
3133 2986 3189 3028 ιιι
3208 2976 3252 3030 si
3277 2991 3380 3031 non
3403 2994 3502 3034 ex—

1921 3048 2218 3119 hauriatur,
2250 3071 2436 3111 navem
2469 3061 2752 3129 opprimat.
2784 3063 2875 3118 Sic
2903 3071 2957 3117 ct
2994 3063 3046 3118 in
3075 3065 3172 3120 ista
3205 3066 3306 3120 vita
3338 3065 3505 3122 habe-

1922 3157 2041 3214 mus
2067 3145 2320 3212 quasdam
2345 3150 2679 3204 mortalitatis
2701 3149 3101 3223 fragilitatisque
3121 3165 3316 3211 nostra;
3343 3157 3506 3214 rimu-

1919 3231 2028 3298 las.
2088 3250 2184 3304 per
2223 3253 2353 3306 quas
2410 3239 2571 3295 intrat
2617 3252 2892 3310 peccaturo
2943 3243 3011 3298 de
3049 3243 3299 3302 fluctibus
3347 3247 3505 3316 hujus

1918 3325 2118 3378 Stccnli.
2150 3328 2501 3397 Arripiamns,
2537 3340 2783 3402 tanquam
2822 3334 3050 3388 sitellam
3069 3376 3084 3402 ,
3113 3337 3265 3391 istam
3291 3347 3506 3392 senten-

1920 3415 2042 3468 tiam
2077 3413 2116 3478 ³,
2160 3426 2216 3470 ιιι
2245 3421 2601 3485 sentiucmus,
2641 3438 2708 3477 ne
2745 3422 3135 3494 demergamur.
3165 3427 3506 3486 Dimittatnus

1917 3503 2092 3558 debita
2118 3505 2446 3561 debitoribus
2472 3513 2687 3576 nostris,
2720 3520 2774 3565 ut
2799 3513 3029 3567 dimittat
3055 3516 3206 3570 nobis
3239 3518 3378 3574 Deus
3406 3520 3503 3573 de-

1916 3595 2024 3650 bila
2053 3607 2255 3651 ttostra.
2289 3599 2392 3653 Per
2429 3601 2563 3656 hanc
2592 3604 2907 3658 sententiam
2940 3605 3003 3676 (si
3037 3606 3154 3671 fiat,
3186 3617 3242 3661 ιιι
3269 3625 3393 3664 vere
3417 3611 3502 3664 di-

1916 3685 2088 3755 catur)
2119 3688 2369 3742 exhauris
2397 3689 2651 3760 quidquid
2681 3691 2976 3748 induxerat.
3008 3695 3110 3750 Sed
3131 3707 3319 3751 cautus
3343 3709 3460 3754 esto
3484 3718 3498 3754 :

1915 3773 2087 3828 adhuc
2123 3777 2262 3830 enim
2291 3778 2341 3831 in
2370 3779 2504 3833 mari
2532 3797 2609 3834 es.
2642 3781 2772 3835 Nam
2804 3798 2920 3836 cum
2948 3782 3051 3839 hoc
3079 3787 3242 3841 semel
3278 3789 3499 3856 feceris,

1916 3880 2020 3918 non
2045 3866 2259 3932 sufficit,
2285 3869 2385 3923 nisi
2411 3873 2718 3940 perveneris
2741 3873 2959 3942 trajectu
2983 3876 3082 3929 isto
3111 3878 3242 3931 mari
3269 3879 3334 3932 ad
3359 3880 3499 3934 illaut

1917 3957 2048 4026 patri
2070 3975 2097 4009 ιε
2125 3959 2452 4014 soliditatem
2483 3971 2535 4016 et
2567 3963 2900 4029 firmitatem,
2944 3966 3028 4020 ubi
3075 3967 3232 4023 nullis
3259 3970 3502 4026 fluctibus

1915 4050 2189 4118 qnatiaris,
2223 4068 2319 4108 nec
2349 4052 2586 4110 dimittas
2605 4056 2746 4126 quod
2777 4057 2827 4112 in
2856 4067 2905 4112 lc
2929 4076 3032 4112 non
3061 4059 3375 4129 admittitur,
3404 4079 3502 4120 nec

1915 4140 2007 4194 tibi
2036 4142 2227 4196 dimitti
2256 4145 2388 4200 velis
2417 4147 2556 4216 quod
2587 4165 2690 4202 non
2722 4149 2976 4204 admittis.

1984 4232 2209 4290 CAPUT
2252 4235 2390 4290 XIV.
2415 4267 2488 4278 —
2514 4239 2600 4292 Η.
2644 4239 2829 4293 Odium
2875 4242 2972 4294 cito
3012 4241 3392 4313 deponendum,
3441 4263 3505 4301 ne

1914 4333 2201 4395 corrumpat
2230 4342 2334 4378 cor.
2385 4325 2524 4381 Satis
2563 4344 2646 4383 me
2680 4330 2779 4384 hoc
2823 4333 3227 4389 commendasse
3270 4336 3503 4392 arbitror

1913 4413 2169 4470 Charitati
2197 4427 2406 4480 vestrm.
2438 4429 2490 4474 ct
2518 4423 2832 4477 commendo
2865 4435 3082 4494 promer
3111 4427 3303 4486 fluctus
3334 4430 3497 4498 istos,

1916 4507 1967 4562 in
1995 4507 2188 4577 quibus
2213 4509 2594 4578 periclitamur,
2622 4513 2914 4571 remedium
2945 4517 3175 4574 salutare
3203 4529 3496 4578 teneamus.

1917 4599 1984 4653 Et
2013 4600 2189 4655 videte
2216 4602 2376 4658 etiam
2420 4617 2673 4673 quantum
2719 4619 2926 4676 peccet,
2961 4612 3049 4682 qui
3095 4629 3287 4668 nocere
3325 4617 3502 4672 studet

1914 4690 2218 4758 innocenti;
2263 4709 2380 4749 etim
2424 4697 2511 4752 ille
2536 4697 2644 4766 jam
2676 4716 2779 4754 non
2824 4701 2894 4755 sit
2939 4703 3221 4770 ferendus,
3267 4708 3356 4776 qui
3393 4723 3499 4765 non

1913 4779 2130 4837 dimittit
2151 4785 2291 4854 quod
2313 4785 2360 4839 ci
2392 4787 2614 4857 quisque
2643 4793 2900 4845 nocuerit.
2932 4795 3222 4849 Attendunt
3241 4812 3369 4868 ergo
3397 4798 3501 4852 fra-

1917 4882 2023 4928 tres
2047 4876 2238 4941 nostri,
2261 4885 2315 4932 et
2338 4877 2547 4932 vidi-ant
2573 4879 2831 4943 adversus
2853 4877 2986 4949 quos
3009 4883 3272 4940 habebant
3297 4887 3502 4958 aliquas

1915 4965 2298 5020 amaritudincs
2345 4966 2610 5021 odiorum.
2655 4969 2709 5024 Si
2743 4985 2849 5024 non
2880 4971 2996 5025 illas
3037 4972 3384 5041 dimiserunt,
3415 4978 3500 5032 vel

1917 5071 2011 5125 per
2042 5056 2172 5110 istos
2196 5055 2312 5110 dies
2349 5058 2564 5113 videant
2590 5061 2714 5130 quid
2760 5059 2956 5117 faciant
3000 5064 3097 5119 ista
3146 5065 3213 5120 de
3252 5069 3499 5124 cordibus

1915 5160 2122 5200 eorum.
2154 5147 2260 5200 Aut
2282 5154 2428 5202 certe
2452 5147 2498 5203 si
2529 5163 2589 5204 se
2617 5157 2756 5204 tutos
2795 5160 2978 5220 putant
2999 5193 3016 5214 ,
3049 5155 3261 5211 mittant
3287 5167 3496 5214 acetum

1916 5236 1968 5291 in
2005 5251 2162 5301 vasa,
2210 5237 2261 5291 in
2313 5239 2506 5310 quibus
2551 5239 2746 5296 bonum
2793 5243 2971 5298 vinum
3015 5259 3232 5302 scrvare
3274 5263 3498 5304 consue-

1917 5337 2123 5382 verunt.
2156 5326 2272 5383 Non
2303 5330 2536 5396 mittunt,
2567 5341 2621 5386 et
2646 5332 2785 5387 cauti
2814 5344 2958 5399 sunt,
2988 5351 3054 5390 ne
3081 5345 3214 5391 testa
3241 5338 3495 5395 vitietur:

1916 5429 1969 5471 et
1997 5417 2176 5472 odimn
2203 5419 2419 5473 mittunt
2442 5421 2490 5474 in
2521 5436 2616 5477 cor
2643 5438 2818 5488 suum,
2853 5440 2956 5479 non
2988 5426 3236 5484 timentes
3264 5445 3331 5484 ne
3371 5429 3502 5500 quid.

1919 5509 1986 5564 ibi
2030 5511 2385 5582 corruptionis
2409 5517 2690 5584 operetur?
2718 5517 2936 5573 Servate
2977 5534 3127 5591 ergo,
3169 5521 3394 5589 fratres,
3443 5534 3498 5576 ut

1983 5646 1996 5676 ¹
2023 5651 2069 5692 In
2093 5647 2400 5695 Gcrmanensi
2429 5655 2479 5697 ct
2496 5647 2769 5697 t‘ollmrtino
2789 5658 2915 5707 Mss,
2946 5658 2992 5701 cl
3013 5651 3196 5703 minuta
3218 5655 3280 5704 de
3296 5656 3389 5707 tita
3410 5657 3498 5706 Im-

1919 5719 2079 5814 mqmr,
2121 5719 2230 5763 qua:
2273 5720 2366 5757 nou
2395 5716 2588 5768 possunt
2630 5709 2723 5761 nisi
2756 5713 3002 5772 connuitti,
3045 5715 3263 5767 videntur
3296 5717 3500 5780 minora,

1919 5780 1967 5814 θ’
2009 5804 2022 5814 .
2049 5777 2142 5814 ctu.

1987 5831 2004 5860 ³
2029 5829 2164 5884 Lditi.
2190 5828 2438 5881 sentinam.
2461 5831 2623 5884 \tclius
2643 5842 2771 5890 Mss.
2793 5843 3084 5889 sententiam.
