3926 6188
1308 270 1386 286 -υ⁶”

162 402 290 459 Ητῖ

157 531 254 590 gna
279 525 464 572 earum
488 510 693 582 gladius
712 501 943 563 acutus?
965 499 1103 590 Audi
1124 497 1248 570 quid
1271 497 1398 554 fecit
1423 514 1438 551 :
1467 494 1589 550 vide
1607 493 1736 565 quid

159 589 411 680 sequitur.
441 599 690 659 Esaiam
705 613 857 668 super
873 594 1024 650 celos
1038 633 1054 658 ,
1077 589 1256 655 Deus;
1283 597 1328 643 et
1365 603 1520 658 super
1532 600 1742 680 omnem

161 676 344 761 terrent
383 695 548 770 gloria
590 687 1038 760 tua(Psal.t.v1,
1085 681 1242 753 5,6).
1272 680 1412 736 Ecce
1454 676 1583 748 quid
1614 677 1743 770 fecit

163 791 370 864 gladius
389 768 599 854 acutus.
629 781 932 838 Exaltatum
966 790 1127 864 super
1153 773 1320 830 cmlos
1345 770 1594 826 novimus
1635 768 1742 828 Do-

161 863 366 944 minum
384 918 402 945 ,
447 891 554 932 non
591 869 822 929 videndo
841 909 857 934 ,
885 865 977 923 sed
1003 863 1273 921 credendo
1304 879 1318 916 :
1343 876 1504 932 super
1527 873 1744 927 omnem

170 979 359 1026 terram
387 966 608 1039 gloriam
654 961 808 1033 ejus,
852 955 1077 1029 legendo
1098 997 1116 1024 ,
1155 951 1464 1019 credendo,
1493 948 1744 1006 videndo.

169 1066 298 1120 Viae
323 1074 452 1132 ergo
480 1058 662 1116 mitem
691 1062 748 1110 et
781 1052 1034 1107 humilem
1059 1047 1254 1113 corde,
1282 1055 1342 1102 ut
1359 1044 1435 1101 ad.
1454 1044 1608 1099 istam
1637 1042 1748 1112 gloc

166 1156 299 1210 riam
319 1164 574 1222 tropa-um
590 1141 1105 1203 mortiﬁcatmcarnis
1128 1135 1578 1196 addueeret.Vide
1599 1134 1747 1190 illum

164 1245 369 1311 mitem.
397 1240 642 1311 Pendens
677 1236 926 1292 dicebat:
957 1231 1134 1300 Pater,
1150 1231 1352 1302 ignosce
1373 1227 1500 1291 illis,
1515 1229 1634 1298 quia
1661 1241 1750 1279 ne-

164 1333 329 1391 sciunt
350 1331 470 1404 quid
491 1329 683 1402 faciunt
714 1325 884 1404 (Luc.
910 1337 1038 1382 satu
1057 1362 1074 1388 ,
1113 1318 1251 1392 34);
1275 1328 1369 1386 et,
1397 1317 1587 1373 Discite
1608 1331 1642 1369 a
1669 1329 1748 1369 me

165 1426 286 1496 quia
321 1422 453 1476 mitis
498 1435 633 1486 sum,
650 1427 696 1472 et
717 1415 922 1472 humilis
945 1412 1112 1469 corde.
1145 1411 1423 1466 Discamus
1451 1423 1482 1462 ιι
1511 1415 1563 1464 ω
1585 1447 1602 1473 ,
1626 1405 1748 1476 quia

166 1499 314 1572 mitis
331 1529 391 1571 es
414 1521 469 1570 et
492 1511 707 1568 humilis
725 1507 908 1566 corde.
934 1506 1034 1563 Ubi
1060 1504 1229 1576 magis
1254 1515 1516 1574 apparere
1544 1499 1630 1555 vel
1655 1513 1752 1570 po-

166 1607 288 1672 tuit,
317 1602 608 1674 vel-debuit
633 1599 843 1671 dignius
866 1639 882 1666 ,
907 1611 1066 1669 quam
1087 1596 1140 1650 in
1170 1595 1284 1667 ipsa
1309 1589 1507 1648 cruce?
1532 1590 1668 1646 Cum
1697 1588 1752 1643 in

166 1697 312 1770 ligno
338 1693 574 1751 membra
602 1690 899 1764 penderent
926 1729 942 1756 ,
971 1701 1095 1744 cum
1119 1684 1284 1741 clavis
1311 1682 1536 1739 conlisa:
1560 1694 1753 1736 manus

165 1801 224 1846 et
249 1787 413 1864 pedes
439 1793 639 1856 essent,
663 1797 785 1839 cum
810 1780 984 1836 adhuc
1008 1778 1086 1834 illi
1113 1777 1366 1834 szevirent
1385 1772 1602 1844 linguis,
1629 1785 1750 1827 cum

165 1899 228 1952 se
253 1883 508 1954 sanguine
527 1879 646 1936 fuso
665 1893 774 1934 non
797 1876 1084 1943 satiarent,
1100 1889 1222 1934 cum
1243 1879 1567 1944 mgrotautes
1585 1867 1754 1924 medi-

163 1990 291 2030 cum
337 1988 445 2028 non
487 1976 879 2043 agnoscerent:
912 1966 1102 2034 Pater,
1133 1964 1344 2035 inquit,
1380 1965 1588 2035 ignosce
1608 1959 1713 2014 illis
1735 1997 1752 2024 ,

167 2065 289 2135 quia
331 2064 555 2119 nesciunt
598 2061 722 2134 quid
763 2059 979 2130 faciunt.
1027 2057 1304 2127 Tanquam
1347 2055 1592 2122 diceret,
1642 2052 1754 2119 Ego

170 2155 294 2211 veni
334 2169 506 2226 aegros
540 2166 731 2209 curare
769 2169 783 2206 :
831 2149 976 2221 quod
1023 2165 1112 2206 me
1145 2163 1250 2203 non
1298 2155 1647 2217 agnoscunt,
1679 2143 1758 2199 fe-

161 2249 288 2304 .bris
330 2247 634 2302 immanitas
689 2243 834 2300 facit.
881 2241 1024 2296 Mitis
1064 2254 1193 2310 ergo
1230 2247 1285 2294 et
1333 2237 1550 2294 humilis
1594 2233 1758 2291 corde

168 2338 320 2403 dicit,
352 2335 525 2400 Pater,
556 2336 757 2404 ignosce
783 2332 908 2398 illis,
953 2330 1074 2400 quia
1123 2329 1348 2382 nesciunt
1371 2326 1494 2397 quid
1539 2325 1754 2394 faciunt.

241 2430 296 2486 4.
330 2427 472 2498 Erga
502 2423 723 2480 Paulum
754 2423 950 2479 exhibet
979 2431 1276 2490 utrumque;
1325 2427 1373 2472 et
1401 2433 1502 2471 non
1544 2415 1682 2481 silet,
1711 2421 1759 2468 et

174 2538 277 2576 non
317 2519 548 2573 mitescit.
605 2515 970 2572 Tribulationes
1013 2511 1314 2582 tetnporales
1353 2508 1541 2577 futura
1583 2505 1762 2577 gloria

174 2628 266 2682 spe
286 2609 425 2681 parvi
457 2607 754 2679 pendendae.
782 2603 920 2673 Quid
957 2618 1117 2674 ergo,
1151 2599 1232 2654 Ne
1258 2599 1437 2664 sileas,
1475 2613 1632 2666 neque
1664 2594 1760 2649 mi-

177 2713 335 2757 tescas
353 2742 369 2766 ,
391 2699 570 2756 Deus?
591 2697 812 2766 impleat
837 2704 891 2750 et
918 2695 1038 2749 hoc.
1063 2694 1199 2749 Ecce
1228 2705 1334 2746 non
1364 2689 1537 2745 siluit:
1565 2687 1762 2742 clama-

170 2793 254 2857 vit
278 2790 343 2845 de
361 2789 520 2856 caelo,
550 2786 728 2854 Saule,
754 2784 933 2850 Saule,
952 2783 1074 2854 quid
1094 2798 1173 2836 nte
1197 2778 1548 2852 persequeris?
1577 2776 1758 2842 Fecit,

181 2881 305 2938 Non
324 2883 470 2936 sileas
497 2894 516 2934 :
543 2879 828 2942 exhibeat,
875 2874 945 2930 Et
987 2890 1090 2928 non
1129 2873 1377 2927 mitescas.
1415 2871 1597 2926 Primo
1637 2869 1762 2938 quia

183 2991 288 3030 non
316 2972 548 3044 pepercit
579 2969 750 3026 errori
779 2967 924 3038 ejus,
963 2967 1087 3037 quia
1113 2980 1221 3020 non
1248 2961 1485 3033 pepercit
1511 2960 1760 3025 smvitiae,

175 3048 303 3137 quia
322 3063 655 3120 anhelantem
674 3059 848 3116 caedes
861 3072 993 3113 voce
1004 3055 1308 3126 prostravit,
1323 3052 1563 3110 saavienti
1583 3051 1763 3106 lume

181 3157 396 3228 eripuit,
419 3155 680 3226 captivum
703 3151 774 3207 ad
793 3151 1075 3216 Auaniam,
1095 3162 1252 3219 quem
1273 3158 1598 3216 persequens
1618 3157 1764 3213 quae-

185 3251 354 3316 rebat,
384 3248 617 3304 adduxit.
647 3245 785 3301 Ecce
810 3259 916 3298 non
942 3241 1108 3305 mitis,
1138 3253 1263 3295 ecce
1285 3236 1512 3293 saeviens
1531 3277 1546 3301 ,
1574 3251 1678 3290 non
1712 3235 1764 3289 in

184 3340 455 3396 hominem
481 3379 498 3404 ,
551 3337 646 3394 sed
686 3336 738 3391 in
779 3348 1040 3390 errorem.
1067 3330 1261 3386 Parum
1286 3327 1500 3383 esthoc
1538 3343 1553 3380 :
1591 3325 1765 3380 adhuc

184 3447 290 3488 non
322 3431 511 3495 sileat,
553 3441 726 3498 neque
765 3425 1025 3480 mitescat.
1079 3419 1303 3476 Ananiae
1339 3416 1543 3474 timenti
1572 3424 1628 3471 et
1652 3423 1762 3469 tre-

185 3524 348 3580 menti
373 3521 552 3577 audito
579 3521 717 3574 illius
744 3518 852 3588 lupi
883 3515 1071 3570 famosi
1101 3513 1318 3568 nomine
1337 3552 1354 3579 ,
1390 3510 1531 3582 Ego,
1561 3508 1762 3578 inquit,

181 3613 443 3670 ostendam
466 3612 564 3667 illi.
596 3609 704 3682 Ego
727 3609 803 3662 illi
833 3607 1112 3662 ostendam.
1141 3603 1275 3658 Vide
1301 3601 1615 3660 minantem,
1645 3593 1766 3653 vide

183 3709 357 3762 adhuc
381 3704 687 3761 smvientem
715 3719 730 3756 :
760 3699 870 3772 Ego
899 3699 976 3754 illi
995 3695 1278 3753 ostendam.
1305 3692 1391 3748 Ne
1413 3692 1584 3755 sileas,
1611 3703 1768 3758 neque

187 3800 433 3862 mitescas,
463 3794 616 3850 Deus.
647 3791 881 3850 Ostende
901 3786 1253 3860 persecutori,
1279 3800 1392 3840 non
1412 3783 1585 3839 solum
1609 3781 1766 3837 honi-

185 3898 346 3944 tatcm
365 3927 383 3953 ,
414 3901 600 3943 verum
630 3885 791 3941 etiam
818 3881 1156 3937 severitatem
1193 3885 1356 3932 tuam.
1375 3873 1645 3941 Ostende,
1674 3886 1769 3942 pa-

185 3981 349 4034 tiatur
374 3976 515 4048 quod
546 3963 694 4043 fecit,
721 3973 890 4029 discat
917 3980 974 4026 et
997 3969 1106 4040 pati
1132 3967 1274 4038 quod
1299 3964 1548 4033 faciebat,
1573 3964 1768 4019 sentiat

182 4081 237 4126 ct
266 4071 380 4142 ipse
404 4067 544 4140 quod
568 4067 688 4122 aliis
714 4063 987 4120 inferebat.
1016 4059 1151 4132 Ego,
1180 4058 1370 4130 inquit,
1401 4057 1478 4111 illi
1507 4054 1769 4111 ostendant

182 4177 295 4232 qua:
321 4161 466 4214 illum
488 4165 712 4230 oporteat
741 4155 866 4227 pati.
897 4151 1003 4210 Sed
1033 4161 1282 4219 tanquam
1299 4147 1525 4203 sazviens
1545 4145 1690 4212 dicit,
1714 4152 1770 4200 et

186 4252 371 4321 implet
398 4249 538 4321 quod
583 4248 781 4303 dictum
827 4254 942 4307 est,
984 4241 1068 4297 Ne
1097 4241 1278 4307 sileas,
1319 4254 1477 4304 neque
1505 4237 1767 4300 mitescas,

184 4341 346 4396 Deus.
375 4339 489 4395 Non
513 4338 634 4393 inde
660 4335 912 4400 recedat,
946 4332 1135 4388 Discite
1181 4348 1214 4384 a
1251 4345 1330 4385 me
1361 4328 1597 4400 quoniam
1635 4327 1770 4382 mitis

181 4452 320 4501 sum,
355 4444 400 4487 et
422 4431 626 4486 humilis
675 4429 847 4484 corde.
896 4425 1005 4498 Ego
1047 4423 1127 4479 illi
1159 4423 1420 4478 ostendam
1469 4437 1582 4492 qua:
1626 4420 1771 4476 illum

182 4533 414 4596 oporteat
443 4522 544 4593 pati
565 4537 657 4591 pro
680 4519 880 4574 nomine
892 4533 1018 4572 meo.
1033 4515 1321 4572 Ostendisti
1346 4524 1628 4579 terrorem;
1647 4510 1772 4568 sub-

185 4614 339 4682 veni,
370 4629 438 4668 ne
466 4613 695 4683 patiatur
721 4619 775 4666 et
801 4618 983 4679 pereat
1007 4622 1168 4677 quem
1199 4604 1403 4670 fecisti,
1430 4620 1590 4675 quem
1617 4605 1758 4660 inve-

183 4709 336 4764 nisti.
367 4707 542 4762 llliuax
588 4713 704 4772 est,
737 4719 841 4758 non
872 4702 1024 4764 silet,
1076 4715 1183 4754 non
1225 4697 1487 4763 mitescit,
1519 4697 1768 4751 minatur.

189 4801 302 4872 Ego
343 4800 419 4852 illi
446 4797 845 4866 ostendamqute
878 4793 1025 4846 illum
1060 4799 1287 4862 oporteat
1314 4789 1421 4860 pati
1447 4805 1538 4858 pro
1572 4787 1775 4841 nomine

184 4907 321 4944 meo.
349 4889 450 4945 Ubi
481 4898 672 4950 terror,
700 4886 772 4942 ibi
800 4885 962 4941 salus.
982 4882 1080 4950 Qui
1104 4879 1329 4936 faciebat
1347 4890 1529 4935 contra
1555 4893 1769 4943 nomen,

185 4984 424 5053 patiatur
447 4996 546 5053 pro
573 4979 810 5035 nomine.
835 4977 884 5035 Ο
903 4975 1104 5032 saevitia
1129 4973 1471 5030 misericors!
1509 4971 1666 5027 Vides
1707 4971 1775 5026 il-

185 5077 301 5129 lum
345 5087 645 5143 praeparare
686 5069 883 5127 ferrum
917 5087 940 5122 ι
963 5076 1206 5123 secturus
1245 5072 1360 5131 est,
1391 5077 1498 5119 non
1526 5077 1776 5133 peremp-

188 5180 385 5230 turus;
413 5174 696 5220 curaturus
718 5203 733 5230 ,
761 5178 867 5218 non
897 5161 1192 5218 occisurus.
1230 5155 1477 5212 Christus
1527 5155 1774 5222 dicebat,

151 5291 166 5299 —
193 5258 307 5329 Ego
337 5256 416 5313 illi
441 5257 702 5312 ostendam
729 5269 844 5326 qua
871 5252 1017 5307 illum
1055 5259 1283 5322 oporteat
1324 5249 1429 5320 pati
1456 5263 1548 5318 pro
1579 5247 1780 5301 nomine

190 5368 325 5406 ineo.
370 5348 476 5404 Sed
501 5363 608 5420 quo
637 5346 782 5402 fine?
820 5345 995 5416 ipsum
1018 5343 1108 5414 qui
1136 5340 1433 5412 patiebatur
1471 5339 1614 5394 audi.
1657 5337 1780 5393 Non

190 5456 312 5500 sunt
337 5443 606 5514 condigna:
637 5439 896 5513 passiones
921 5437 1073 5508 hujus
1101 5433 1359 5505 temporis.
1390 5431 1511 5504 ipse
1534 5431 1663 5487 dicit
1691 5433 1781 5504 qui

193 5537 519 5606 patiebatur,
554 5542 611 5590 et
635 5532 836 5589 sciebat
862 5545 960 5601 pro
988 5543 1094 5600 quo
1122 5526 1338 5583 nomine
1367 5525 1667 5596 patiebatur
1685 5565 1700 5592 ,
1727 5534 1783 5580 et

191 5643 304 5698 quo
353 5627 530 5683 fructu
575 5623 892 5698 patiebatur.
925 5619 1049 5676 Non
1076 5627 1192 5675 sunt
1228 5618 1495 5690 condignae
1523 5618 1780 5687 passiones

198 5721 350 5789 hujus
377 5719 625 5788 temporis.
645 5717 711 5771 ad
721 5717 958 5785 futuram
977 5712 1200 5784 gloriam
1223 5750 1237 5773 ,
1265 5724 1376 5780 qua:
1395 5706 1690 5762 revelabitur
1731 5708 1784 5760 in

196 5813 340 5867 nobis
373 5810 548 5871 (lieni.
577 5824 688 5866 vui.
727 5792 837 5863 18).
888 5803 1080 5861 Steiiat
1118 5800 1379 5864 muudus,
1409 5800 1599 5855 fremat
1626 5815 1780 5854 mun-

1455 377 1688 438 5ΕῆΜο
1723 376 2058 448 εαχχηι.

3300 378 3434 436 ιῖἷε

1848 517 1969 580 dus,
1982 514 2232 587 increpet
2255 515 2467 589 linguis,
2493 529 2738 576 comscet
2765 519 2951 586 armis,
2977 518 3230 590 quidquid
3260 527 3436 588 potest

1846 602 2008 660 faciat
2035 621 2052 659 :
2080 605 2210 676 quid
2238 605 2399 664 faciet
2417 607 2484 662 ad
2518 608 2569 663 id
2598 608 2742 680 quod
2775 608 3044 678 accepturi
3071 608 3292 662 sumus?
3322 610 3436 678 Ap.

1849 697 2026 768 pendo
2044 697 2185 769 quid
2211 701 2404 770 patior,
2433 710 2621 756 contra
2653 701 2704 756 id
2729 701 2868 772 quod
2898 713 3075 770 spero.
3109 700 3218 754 Hoc
3239 702 3434 768 sentio,

1851 788 1979 844 illud
2007 783 2190 844 credo.
2223 789 2291 846 Et
2315 777 2492 848 tamen
2540 794 2661 864 plus
2699 793 2840 848 valet
2859 793 2999 863 quod
3041 791 3241 858 credo,
3276 805 3437 861 quam

1849 879 1993 951 quod
2033 880 2230 935 sentio.
2269 881 2534 954 Quidquid
2564 893 2649 939 est
2672 883 2816 954 quod
2861 883 3012 938 saevit
3040 885 3058 915 ⁸
3087 897 3184 952 pro
3224 883 3440 938 nomine

1851 970 2085 1043 Christi,
2126 972 2172 1025 si
2203 983 2377 1044 potest
2400 974 2502 1028 vivi
2530 976 2573 1042 ³,
2603 973 2879 1030 tolerabile
2902 984 3027 1029 est:
3057 973 3102 1027 si
3128 987 3232 1026 non
3263 979 3440 1042 potest

1852 1065 1976 1130 vivi,
2005 1067 2234 1138 migrare
2252 1065 2376 1120 hinc
2397 1064 2540 1120 facit.
2563 1065 2676 1120 Non
2702 1065 3009 1134 exstinguit,
3033 1062 3128 1119 sed
3149 1063 3436 1118 accelerat.

1852 1153 1990 1221 Quid
2015 1158 2280 1212 accelerat
2297 1155 2322 1209 2
2342 1155 2516 1226 Ipsum
2539 1155 2844 1225 praemium,
2868 1154 3034 1224 ipsam
3065 1152 3436 1217 dulcedinem;

1851 1259 2102 1315 quaecum
2125 1247 2355 1315 venerit,
2374 1247 2490 1302 sine
2508 1245 2612 1301 line
2631 1246 2754 1302 erit.
2772 1245 2916 1316 Opus
2943 1261 3064 1300 cum
3087 1243 3211 1310 fine,
3234 1240 3451 1299 κιαι-αι’

1853 1337 1971 1394 sine
1995 1338 2120 1394 ﬁne.

1924 1429 1980 1484 5.
2010 1429 2204 1485 Saulus
2227 1431 2368 1485 unde
2391 1427 2698 1501 appellatus.
2732 1427 2952 1495 Paulus,
2985 1427 3212 1482 modicus
3253 1436 3304 1480 et
3339 1425 3440 1479 Int-
3510 1418 3518 1425 ’

1854 1519 2008 1573 milis.
2065 1519 2170 1576 Iste
2213 1535 2363 1591 ergo,
2397 1519 2608 1586 fratres,
2636 1520 2738 1575 iste
2788 1535 2883 1574 vas
2926 1519 3226 1584 electionis,
3267 1517 3443 1588 primo

1855 1609 2048 1666 Saulus
2070 1625 2100 1665 a
2120 1611 2300 1667 Saule.
2329 1609 2702 1666 Rccordamiui
2727 1610 2869 1665 enim
2898 1609 2988 1680 qui
3015 1609 3184 1664 nostis
3214 1608 3442 1663 Litteras

1859 1698 1974 1766 Dei,
2005 1700 2125 1770 quis
2141 1700 2432 1755 eratSat'tl.
2479 1699 2592 1754 Rex
2621 1700 2908 1770 pessimus,
2955 1707 3268 1769 persecutor
3313 1713 3440 1753 san-

1857 1789 1928 1845 cti
1960 1791 2102 1845 servi
2134 1790 2227 1846 Dei
2256 1789 2419 1845 David
2451 1799 2547 1845 :et
2573 1789 2709 1860 ipse,
2737 1791 2782 1845 si
2803 1790 3146 1856 meministis,
3181 1788 3252 1844 de
3301 1789 3441 1844 tribu

1858 1880 2156 1951 Benjamin.
2208 1879 2337 1937 lude
2372 1881 2474 1936 iste
2509 1881 2726 1947 Saulus,
2779 1880 2942 1936 ducto
3005 1895 3189 1936 secum
3229 1881 3443 1935 tramite

1857 1971 2134 2037 saeviendi,
2164 1972 2259 2026 sed
2287 1973 2339 2027 in
2367 1973 2568 2026 saevitia
2589 1986 2696 2026 non
2725 1985 3125 2040 permansuros.
3153 1969 3365 2036 Postea,
3395 1969 3442 2025 si

1857 2063 2054 2118 Saulus
2079 2078 2109 2117 a
2140 2064 2320 2128 Saiile,
2366 2063 2565 2119 Paulus
2609 2062 2794 2118 unde?
2841 2061 3036 2118 Saulus
3060 2076 3092 2116 a
3113 2075 3239 2132 rege
3274 2074 3442 2128 saevo,

1858 2170 1982 2211 cum
2003 2155 2286 2226 superbus,
2315 2171 2436 2211 cum
2471 2156 2720 2219 stevieus,
2761 2170 2882 2211 cum
2929 2155 3108 2210 cmdes
3143 2153 3442 2209 anhelans:

1859 2245 2061 2300 Paulus
2084 2254 2263 2300 autem
2308 2245 2482 2301 unde?
2501 2245 2718 2310 Paulus,
2744 2246 2878 2314 quia
2930 2245 3194 2300 modicus.
3249 2243 3451 2298 Paulus

1863 2337 2178 2392 humilitatis
2197 2353 2393 2393 nomen
2438 2347 2546 2392 est:
2571 2337 2786 2401 Paulus,
2819 2345 3169 2405 posteaquam
3188 2335 3446 2390 adductus

1860 2438 1947 2486 est
1970 2429 2036 2484 ad
2061 2429 2386 2500 Magistrum,
2413 2429 2612 2498 quiait,
2646 2427 2840 2482 Discite
2857 2443 2890 2480 a
2913 2443 2995 2481 me
3032 2426 3274 2496 quoniam
3312 2426 3448 2480 uritis

1863 2535 1996 2585 sum,
2026 2530 2074 2574 et
2097 2519 2302 2574 humilis
2329 2520 2498 2574 corde.
2540 2517 2670 2574 Inde
2706 2517 2921 2573 Paulus.
2946 2516 3112 2573 Usum
3150 2516 3330 2571 latina:
3366 2514 3448 2572 lo-

1864 2611 2094 2666 cutionis
2117 2611 2379 2666 advertite
2407 2627 2422 2664 :
2453 2609 2576 2680 quia
2629 2609 2868 2680 paulum,
2914 2609 3184 2664 modicum
3230 2607 3446 2664 dicitur.

1865 2701 2032 2756 Paulo
2079 2711 2198 2772 post
2226 2700 2420 2757 videbo
2449 2709 2522 2767 te,
2558 2699 2778 2771 paulum
2807 2700 2894 2754 hic
2929 2708 3215 2769 exspecta;
3265 2699 3318 2754 id
3340 2709 3447 2766 est,

1866 2792 1996 2848 Post
2045 2791 2312 2847 modicum
2364 2790 2556 2846 videbo
2613 2799 2684 2858 te,
2743 2789 3012 2845 modicum
3052 2789 3138 2846 hic
3175 2800 3448 2859 exspecta.

1867 2883 2004 2937 Audi
2042 2899 2170 2954 ergo
2219 2882 2440 2937 Paulum
2473 2899 2488 2936 :
2520 2881 2632 2952 Ego
2669 2898 2801 2948 sum,
2825 2881 3014 2950 inquit,
3042 2881 3281 2934 minimus
3305 2880 3447 2951 Apo-

1865 2975 2108 3030 stolorum
2130 2972 2172 3044 (Ι
2197 2973 2314 3028 Cor.
2339 2989 2428 3040 xv,
2447 2971 2526 3044 9).
2550 2973 2776 3029 Prorsus
2798 2987 2890 3042 ego
2913 2970 3289 3026 suntminituus
3309 2971 3452 3040 Apo-

1867 3066 2108 3122 stolorum
2135 3081 2156 3118 :
2179 3073 2232 3118 et
2260 3064 2366 3118 alio
2391 3063 2531 3131 loco,
2565 3061 2678 3135 Ego
2705 3077 2820 3119 sum
2851 3061 3156 3116 novissimus
3175 3059 3450 3131 Apostolo-

1868 3173 1982 3211 rum
2011 3154 2122 3225 (Id.
2153 3170 2227 3222 tv,
2257 3154 2340 3226 9).

1940 3245 1994 3300 6.
2030 3243 2262 3299 Humiles
2285 3244 2419 3300 Deus
2449 3244 2658 3299 exultat.
2705 3243 2776 3300 Et
2827 3247 3099 3312 minimus,
3127 3252 3183 3299 et
3229 3243 3454 3300 novissi-

1870 3349 2008 3401 mus,
2043 3343 2294 3406 tanquam
2339 3333 2544 3389 limbria
2572 3334 2642 3390 de
2685 3335 3267 3392 vestimentoDomiui.
3314 3335 3452 3404 Quid

1871 3433 1978 3480 tam
1995 3426 2266 3497 exiguum,
2295 3424 2421 3495 quid
2445 3435 2550 3479 tam
2579 3426 2952 3492 novissimum,
2993 3441 3152 3495 quam
3208 3425 3454 3480 fimbriai

1876 3517 1987 3573 llac
2015 3527 2190 3572 tatnen
2215 3526 2373 3582 tacta,
2406 3517 2598 3571 mulier
2616 3532 2647 3571 a
2677 3516 2825 3572 fluxu
2863 3517 3137 3586 sanguinis
3165 3525 3349 3574 sanata
3369 3527 3456 3573 est

1872 3607 2086 3675 (Matth.
2115 3623 2190 3672 is,
2221 3605 2432 3677 20-22).
2463 3605 2520 3660 lu
2568 3606 2782 3660 modico
2807 3606 2913 3661 isto
2962 3621 3187 3676 magnus
3227 3617 3365 3675 erat,
3399 3608 3454 3663 in

1873 3700 2095 3755 minimo
2113 3697 2329 3770 grandis
2353 3698 2624 3754 habitabat
2647 3713 2664 3764 ;
2688 3705 2746 3752 et
2784 3707 2931 3753 tanto
2956 3699 3130 3754 minus
3153 3714 3184 3754 a
3230 3714 3292 3755 se
3337 3715 3455 3756 ma-

1872 3806 2036 3862 gnum
2087 3788 2433 3857 exclude-bat,
2487 3799 2688 3860 quanto
2717 3789 2887 3862 magis
2935 3789 3111 3846 minor
3135 3800 3270 3847 erat.
3313 3793 3452 3860 Quid

1873 3882 2133 3938 miramur
2155 3895 2407 3951 maguum
2434 3879 2673 3935 habitare
2701 3881 2754 3936 in
2784 3882 3048 3952 angusto?
3068 3881 3232 3953 Magis
3270 3883 3322 3937 in
3349 3883 3452 3937 mi-

1874 3972 2036 4030 nimis
2062 3971 2284 4026 habitat.
2317 3970 2457 4026 Audi
2483 3971 2629 4025 illum
2652 3971 2944 4039 dicentem,
2967 3971 3140 4041 Super
3179 3989 3326 4043 quem
3368 3962 3480 4027 re?

1873 4065 2090 4138 quiescet
2107 4064 2316 4136 spiritus
2339 4063 2512 4119 meus?
2540 4062 2708 4134 Super
2736 4063 2999 4131 liumilem,
3029 4072 3076 4118 et
3111 4065 3353 4134 quietum,
3406 4074 3456 4118 et

1876 4164 2164 4209 trementem
2187 4153 2336 4209 verba
2365 4170 2478 4208 mea
2522 4151 2673 4227 (Isai.
2703 4169 2851 4216 nxvt,
2879 4153 2961 4225 2).
2997 4152 3121 4209 Ideo
3163 4154 3302 4209 altus
3355 4154 3454 4210 ha-

1875 4245 2011 4301 bitat
2038 4245 2091 4301 in
2114 4245 2319 4313 humili,
2377 4254 2436 4300 ut
2482 4245 2735 4300 humilem
2762 4245 2980 4300 exaitct.
3022 4245 3270 4300 Excelsus
3309 4249 3456 4304 enim

1875 4344 1960 4392 est
2000 4334 2269 4404 Dominus,
2325 4345 2373 4390 et
2419 4336 2631 4390 humilia
2681 4337 2922 4407 respicit;
2985 4338 3182 4392 excelsa
3228 4349 3395 4393 autem
3421 4357 3457 4398 α

1876 4431 2024 4502 longe
2042 4429 2298 4503 cognqscit
2320 4425 2492 4500 (Psal.
2519 4443 2752 4493 cxxxvu,
2782 4427 2862 4500 6).
2896 4427 3128 4484 ilumiiia
3153 4437 3226 4498 te,
3255 4439 3310 4486 et
3331 4445 3456 4501 pro-

1877 4523 2150 4596 pinquabit
2179 4521 2272 4576 tibi
2299 4536 2313 4575 :
2337 4519 2534 4576 cxtolle
2560 4529 2633 4589 te,
2663 4529 2718 4576 et
2742 4519 2952 4577 recedet
2973 4535 3004 4574 a
3032 4529 3103 4576 te.

1950 4616 2001 4670 7.
2031 4615 2108 4669 De
2131 4613 2330 4670 Christo
2368 4613 2611 4681 cruci/iace
2641 4629 2744 4668 non
2773 4613 3180 4670 erubescendum.
3212 4614 3459 4671 Miniums

1877 4722 2004 4776 ergo
2030 4707 2129 4761 iste
2148 4705 2274 4775 quid
2319 4704 2480 4759 dicit?
2525 4704 2678 4774 Quod
2723 4705 3020 4760 audivimus
3067 4706 3226 4761 hodie
3255 4707 3459 4772 :qutle

1877 4797 2098 4851 creditur
2125 4798 2192 4852 ad
2208 4797 2485 4868 justitiam,
2517 4811 2603 4850 ore
2628 4804 2794 4853 autem
2841 4796 3090 4866 confessio
3129 4796 3189 4864 ﬁt
3215 4795 3285 4849 ad
3328 4798 3462 4849 saluo

1880 4896 1979 4942 tem
2016 4888 2194 4959 (Rom.
2229 4903 2286 4952 ι,
2323 4884 2432 4958 i0).
2470 4885 2620 4941 Multi
2669 4885 2892 4940 credunt
2934 4885 3118 4949 corde,
3167 4895 3223 4939 et
3265 4886 3461 4940 erubeo

1881 4989 2037 5036 scunt
2062 4978 2308 5034 conﬁteri
2333 4993 2449 5032 ore.
2479 4976 2692 5041 Sciatis,
2714 4975 2926 5039 fratres,
2958 4991 3126 5046 prope
3149 4975 3259 5045 iam
3285 4979 3460 5032 nemi-

1882 5086 2004 5126 nem
2024 5083 2148 5124 esse
2175 5068 2531 5138 Pagauorum,
2563 5066 2650 5137 qui
2679 5061 2796 5121 non
2823 5065 2964 5136 apud
2993 5080 3053 5121 se
3091 5067 3262 5136 ipsum
3300 5068 3460 5123 miro-

1884 5169 1987 5224 tur,
2011 5168 2066 5214 et
2093 5158 2288 5214 sentiat
2321 5156 2528 5226 impleri
2558 5154 2864 5227 prophetiae
2890 5155 2960 5210 de
2994 5155 3210 5211 Christo
3231 5157 3462 5213 exaltare

1884 5265 2044 5320 super
2071 5249 2238 5304 cados
2259 5265 2274 5313 ;
2298 5250 2418 5318 quia
2447 5247 2626 5304 vident
2651 5262 2814 5319 super
2850 5261 3063 5303 omnem
3105 5257 3303 5302 terram
3347 5249 3465 5320 glo-

1858 5341 2018 5398 .riam
2047 5342 2184 5412 ejus.
2215 5340 2318 5398 Sed
2348 5356 2469 5395 cum
2494 5355 2554 5397 se
2579 5342 2804 5396 invicem
2831 5335 3042 5408 timent,
3065 5340 3282 5398 sibimet
3323 5341 3458 5398 iuvi—

1885 5451 2003 5492 cem
2040 5437 2386 5498 erubescunt,
2437 5434 2637 5490 faciunt
2675 5449 2705 5488 a
2736 5449 2795 5490 se
2833 5435 2990 5504 longe
3036 5415 3262 5491 salufcm
3295 5452 3310 5489 :
3342 5438 3472 5507 qu‘u

1887 5543 1974 5583 ore
1995 5527 2242 5598 confessio
2272 5526 2328 5594 [it
2353 5524 2422 5578 ad
2441 5527 2674 5580 salutem.
2697 5524 2834 5592 Quid
2857 5525 3076 5596 prodest
3091 5525 3257 5582 corde
3288 5528 3459 5583 credi-

1953 5683 1966 5746 ?
1995 5682 2126 5731 sirm.
2155 5690 2205 5732 et
2227 5681 2570 5746 quidamstssq
2592 5679 2750 5732 sentit.

1930 5745 1971 5810 ,τ
1994 5746 2075 5798 om
2095 5746 2185 5792 tau
2210 5740 2401 5792 «altu-cs
2423 5744 2510 5792 hoc
2551 5753 2599 5794 ct
2643 5743 2860 5807 proximo
2877 5741 2982 5794 loco
3007 5755 3111 5806 pro,
3131 5740 3238 5806 viri,
3264 5742 3462 5806 habent,

1893 5817 2031 5856 ﬂllt't.
