3926 6188
451 385 590 444 ιιπο

451 501 594 558 disse
617 496 684 551 ad
707 494 990 565 justitiam,
1016 491 1060 546 si
1085 507 1146 546 os
1167 489 1374 545 dubitat
1417 486 1653 559 proferre
1691 486 1834 557 quod
1875 485 2036 542 corde

451 599 765 659 conceptum
793 587 911 642 est?
936 583 1083 641 Intus
1119 581 1278 640 [idem
1328 582 1469 638 Deus
1497 581 1683 636 videt:
1709 581 1804 636 sed
1849 594 2036 650 parum

449 693 553 740 est.
580 680 656 735 Ne
675 679 979 734 conﬁtearis
993 675 1268 739 humilem,
1292 674 1449 729 times
1467 672 1744 741 superbos;
1765 671 1881 727 etei
1899 685 2038 740 prte-

453 772 606 841 ponis
625 768 904 837 superbos,
924 766 1012 835 qui
1031 780 1124 834 pro
1147 774 1196 821 te
1207 763 1474 832 displicuit
1489 756 1754 832 superbis.
1775 761 2037 815 Humilem

454 863 607 914 times
627 857 870 914 confiteri
911 857 1100 911 Filium
1131 853 1244 910 Dei.
1271 853 1516 922 Magnum
1539 851 1769 906 Verbum
1798 851 1911 914 Dei,
1941 850 2042 905 vir-

453 962 616 1008 tutem
639 952 750 1013 Dei,
773 950 1082 1021 sapientiam
1100 948 1188 1003 Dei
1215 963 1318 1002 non
1340 945 1612 1001 erubescis
1635 943 1880 1002 conﬁteri
1902 959 1923 998 :
1945 958 2041 997 ua-

453 1058 588 1108 tum,
615 1044 948 1106 cruciﬁxum,
998 1050 1264 1096 mortuum
1290 1038 1564 1094 erubescis
1579 1036 1844 1092 conﬁteri.
1867 1035 2038 1101 Altus,

452 1136 698 1192 excelsus
719 1145 772 1190 et
797 1133 1016 1204 mqualis
1033 1131 1196 1195 Patri,
1226 1145 1319 1199 per
1347 1145 1502 1198 quem
1533 1127 1668 1182 facta
1693 1135 1818 1180 sunt
1839 1125 2039 1190 omnia,

444 1233 548 1294 per
575 1243 734 1298 quem
769 1226 944 1280 lactus
969 1240 1029 1280 es
1055 1233 1110 1279 et
1139 1233 1214 1283 ιιι,
1246 1222 1414 1276 factus
1441 1230 1524 1275 est
1551 1219 1694 1289 quod
1723 1227 1816 1282 tu;
1867 1215 2044 1271 factus

452 1333 530 1377 est
561 1331 770 1390 propter
792 1329 840 1372 te
867 1318 1050 1383 homo,
1069 1325 1283 1385 propter
1302 1324 1548 1390 leuatus,
1580 1322 1798 1381 praptcr
1825 1319 1876 1364 te
1897 1323 2044 1362 mor-

454 1424 596 1468 tuus.
629 1411 870 1480 Egrote,
905 1407 1172 1478 quomodo
1213 1404 1507 1466 sanaberis.
1562 1404 1650 1472 qui
1693 1402 1760 1456 de
1816 1400 2046 1455 medica-

454 1515 635 1559 mento
657 1514 747 1557 tuo
782 1501 1091 1556 erubescis“!
1125 1498 1271 1566 Elige
1313 1506 1541 1566 tempus.
1579 1493 1729 1548 Nunc
1779 1501 1861 1546 est
1913 1500 2048 1544 temo

454 1609 554 1664 pus
583 1611 596 1646 :
623 1601 802 1663 postea
828 1600 1167 1658 contemptus
1217 1588 1308 1642 ille
1335 1586 1510 1640 veniet
1553 1581 1918 1645 admirandus,
1963 1579 2050 1648 juo

453 1689 659 1741 dicatus
700 1685 790 1738 ille
848 1683 1023 1737 veniet
1057 1679 1412 1750 iudicaturus,
1442 1717 1447 1722 .
1472 1676 1678 1730 occisus
1733 1673 1819 1727 ille
1863 1671 2051 1744 veniet

453 1779 800 1840 excitaturus,
853 1773 1214 1829 exhonoratus
1278 1771 1366 1824 ille
1418 1768 1596 1822 veniet
1668 1766 2046 1824 honoraturus.

454 1869 629 1933 Modo,
651 1877 706 1924 et
729 1877 916 1936 postea
948 1883 961 1916 :
989 1864 1151 1919 modo
1180 1865 1230 1918 in
1261 1863 1365 1916 [ide
1395 1875 1482 1915 res
1506 1869 1611 1925 est,
1639 1869 1823 1929 postea
1852 1858 1907 1910 in
1929 1871 2046 1910 ma-

456 1961 796 2017 nil‘estatione
823 1959 949 2012 erit.
973 1957 1126 2025 Elige
1151 1955 1252 2009 hoc
1274 1963 1519 2022 tempore
1545 1965 1704 2020 quam
1725 1958 1930 2019 partem
1969 1957 2049 2002 teo

458 2065 586 2108 neas
607 2051 658 2104 in
683 2048 882 2103 futuro.
933 2047 1009 2102 De
1045 2045 1246 2101 Citristi
1288 2043 1504 2098 nomine
1547 2040 1853 2097 erubescis?
1882 2039 1958 2094 Ex
1983 2053 2051 2094 eo

455 2145 596 2214 quod
624 2142 896 2197 erubescis
934 2139 1092 2194 modo
1114 2137 1417 2193 hominibus
1437 2177 1451 2201 ,
1497 2135 1663 2190 babes
1706 2133 2047 2196 erubescere,

455 2250 576 2289 cum
606 2232 811 2288 venerit
839 2233 891 2285 iu
927 2231 1098 2302 gloria
1142 2243 1237 2283 sua
1279 2227 1593 2283 redditurus
1631 2224 1772 2296 quod
1808 2223 2052 2294 promisit

458 2325 630 2390 bonis,
653 2322 795 2394 quod
825 2322 1060 2376 minatus
1086 2327 1171 2374 est
1189 2317 1364 2372 malis.
1401 2315 1508 2372 Ubi
1531 2316 1640 2371 eris
1673 2314 1764 2369 tu?
1807 2313 1946 2382 Quid
1971 2313 2050 2367 ιι.

455 2417 587 2480 cies,
610 2415 654 2468 si
683 2424 735 2469 te
777 2411 1014 2468 attendat
1054 2411 1145 2467 ille
1170 2409 1435 2472 excelsus,
1467 2417 1522 2463 et
1559 2407 1705 2462 dicat
1752 2407 1868 2470 tibi,
1917 2405 2053 2461 Eru-

459 2506 618 2561 buiSIi
642 2506 710 2561 de
736 2505 1037 2559 lnnnilitate
1067 2516 1208 2566 mea,
1255 2516 1360 2555 non
1389 2499 1499 2554 eris
1529 2500 1582 2554 in
1627 2499 1870 2554 claritate
1899 2497 2051 2552 mea?

459 2597 707 2654 Discedat
731 2611 859 2666 ergo
883 2595 1020 2650 mala
1048 2592 1368 2649 verecundia
1395 2609 1410 2656 ;
1443 2590 1665 2646 accedat
1691 2589 1920 2644 salubris
1947 2590 2050 2644 im-

460 2691 731 2760 pudentia,
763 2689 810 2744 si
841 2687 1169 2758 impudentia
1189 2685 1410 2741 dicenda
1433 2694 1515 2740 est
1546 2701 1560 2737 :
1593 2683 1686 2738 sed
1711 2692 1910 2748 tamen,
1943 2683 2049 2737 fra-

461 2793 588 2846 tres,
625 2780 826 2835 extorsi
876 2778 1003 2834 mibi
1031 2777 1216 2833 nthoc
1244 2777 1505 2843 dicerem,
1560 2789 1661 2830 nec
1718 2788 1939 2845 prorsus
1981 2775 2051 2829 ti-

458 2888 682 2926 ntercm.

527 2967 582 3022 8.
616 2966 690 3020 De
715 2965 903 3021 Clu-isti
946 2975 1104 3022 morte
1135 2981 1225 3019 cur
1263 2980 1364 3018 non
1387 2965 1790 3019 erubescendum.
1821 2964 2052 3020 Christus

456 3059 674 3126 suscepit
703 3057 805 3111 duo
831 3058 965 3110 mala
1005 3066 1196 3121 nostra,
1227 3065 1280 3109 ιιι
1308 3056 1448 3109 daret
1467 3056 1567 3108 duo
1611 3056 1738 3108 bona
1765 3072 1877 3109 sua.
1918 3055 2052 3110 Nolo

457 3149 598 3202 «enim
630 3149 1006 3203 erubescamus
1033 3149 1102 3203 de
1128 3147 1328 3202 Christi
1361 3149 1597 3201 nomine.
1647 3147 1929 3201 lnsnltetur
1957 3161 2053 3201 no-

460 3236 542 3291 bis
565 3236 704 3305 quod
731 3236 1001 3291 credimus
1022 3237 1074 3290 in
1104 3237 1440 3302 cruciﬁxum,
1485 3236 1538 3290 in
1585 3237 1841 3291 occisum.
1886 3237 2050 3293 Plane

459 3333 510 3384 in
539 3332 808 3395 occisum;
838 3329 1021 3385 sedde
1045 3344 1151 3400 quo
1195 3329 1299 3384 nisi
1348 3330 1567 3399 sanguis
1619 3339 1881 3393 manaret.
1935 3331 2052 3386 chi-

459 3421 778 3492 rographum
831 3431 1168 3491 peccatorum
1224 3429 1530 3476 nostrorum
1561 3421 1738 3476 adhuc
1786 3432 2046 3477 maneret.

460 3514 684 3570 Prorsus
711 3515 760 3567 in
787 3513 1021 3567 Occisum
1045 3513 1248 3568 credidi
1281 3531 1294 3565 :
1326 3513 1419 3568 sed
1451 3515 1554 3568 hoc
1590 3515 1640 3567 iu
1669 3514 1761 3568 illo
1809 3515 2048 3570 occisum

457 3613 538 3656 est
567 3603 706 3672 quod
729 3605 954 3673 sumpsit
981 3603 1049 3658 de
1072 3618 1177 3668 me,
1208 3619 1315 3657 non
1343 3603 1485 3659 unde
1509 3604 1635 3658 fecit
1677 3620 1779 3658 me.
1819 3605 2049 3661 Prorsus

460 3696 510 3746 in
531 3695 764 3748 occisum
790 3693 973 3755 credo,
1017 3692 1111 3747 sed
1140 3693 1192 3747 in
1235 3709 1399 3763 quem
1427 3695 1707 3748 Occisum?
1754 3694 1852 3760 Qui
1905 3697 2050 3750 venit

457 3785 668 3852 aliquis.
699 3794 751 3838 et
778 3783 983 3852 accepit
1025 3783 1244 3852 aliquid.
1299 3784 1431 3850 Quis
1479 3785 1659 3839 venit?
1689 3784 1790 3850 Qui
1835 3803 1948 3840 cum
1994 3787 2049 3841 in

461 3878 623 3940 [anno
650 3873 746 3926 Dei
763 3884 908 3937 esset,
937 3890 1037 3927 uou
1065 3875 1298 3943 rapinam
1343 3874 1616 3929 arbitratus
1652 3887 1724 3930 est
1747 3893 1854 3932 esse
1879 3893 2049 3946 (equa-

460 3967 522 4018 Iis
548 3963 672 4018 Deo.
700 3963 842 4019 Ecce
872 3965 991 4032 quis
1034 3965 1178 4018 venit
1207 3981 1220 4017 :
1248 3965 1376 4035 quid
1407 3967 1642 4036 accepit?
1669 3968 1776 4022 Sed
1808 3970 2046 4040 sentetip-

457 4074 570 4108 sum
599 4058 892 4121 exiuauivit,
913 4058 1128 4125 formam
1157 4059 1285 4112 servi
1301 4059 1573 4128 accipiens,
1595 4060 1648 4112 in
1665 4059 2048 4115 similitudinem

459 4148 716 4202 hominum
743 4149 906 4217 factus
933 4147 1190 4218 (Philipp.
1214 4165 1269 4213 ιι,
1293 4149 1346 4211 6,
1378 4151 1452 4219 7).
1503 4149 1598 4206 llle
1641 4150 1809 4206 factor
1851 4151 2042 4218 factus,

461 4240 548 4292 ille
575 4248 789 4295 creator
840 4250 1073 4295 creatus.
1107 4241 1211 4296 Sed
1237 4242 1287 4295 in
1318 4257 1423 4312 qtto
1444 4242 1614 4297 factus
1639 4252 1691 4297 et
1712 4244 1962 4298 creatus?
1989 4242 2043 4298 lu

462 4330 630 4382 l'urtna
659 4331 820 4395 servi,
845 4331 1153 4401 accipiendo
1184 4332 1406 4386 formam
1430 4333 1590 4399 servi,
1624 4349 1730 4388 non
1751 4334 2047 4389 amittendo

462 4421 682 4474 formam
713 4422 823 4475 Dei.
847 4422 903 4476 lu
934 4422 1034 4476 hac
1057 4438 1185 4491 ergo
1225 4423 1390 4478 forma
1417 4426 1579 4492 servi,
1612 4427 1662 4479 in
1710 4440 1778 4480 eo
1817 4427 1958 4498 quod
2013 4441 2044 4481 a

461 4509 614 4561 nohis
646 4525 741 4578 pro
764 4511 915 4564 nobis
939 4513 1164 4580 accepit,
1199 4522 1252 4567 et
1284 4523 1437 4567 natus
1471 4524 1581 4580 est,
1615 4525 1666 4570 et
1717 4531 1902 4586 passus
1939 4526 2042 4584 est,

460 4605 516 4653 ut
537 4599 851 4663 resurrexit,
873 4609 929 4653 ct
955 4601 1195 4654 ascendit
1222 4602 1274 4654 in
1302 4603 1515 4656 cmlnm.
1542 4605 1779 4672 Quatuor
1798 4622 1884 4660 res
1911 4606 2040 4662 dixi.

459 4688 624 4743 Natus
674 4696 778 4750 est,
815 4699 1055 4744 mortuus
1098 4700 1202 4757 est,
1258 4694 1568 4758 resurrexit,
1615 4705 1668 4748 et
1699 4697 1944 4752 ascendit
1989 4697 2042 4752 in

459 4779 674 4836 caelum.
727 4780 840 4835 Duo
891 4781 1082 4849 prima,
1147 4783 1254 4839 duo
1319 4785 1652 4840 novissima:
1689 4787 1798 4842 duo
1849 4788 2040 4858 prima,

460 4885 615 4930 natus
653 4884 756 4940 est,
787 4881 1027 4930 mortuus
1065 4885 1176 4941 est;
1217 4877 1326 4933 duo
1348 4877 1632 4932 novissima
1665 4919 1679 4942 ,
1728 4881 2040 4945 resurrexit,

457 4967 700 5022 ascendit
772 4967 828 5022 in
866 5031 871 5036 .
903 4968 1121 5024 caelum.
1193 4967 1251 5023 In
1318 4968 1529 5024 duobus
1596 4970 1780 5040 primis
1853 4971 2042 5026 condi-

460 5060 656 5116 tionem
719 5068 865 5115 tuam
926 5061 1020 5115 tibi
1073 5061 1346 5116 ostendit:
1379 5061 1430 5115 in
1473 5061 1683 5117 duobus
1739 5063 2041 5118 novissimis

459 5151 730 5207 mercedis
800 5152 1110 5222 exemplum
1161 5153 1406 5222 prabuit.
1450 5151 1605 5208 Nasci
1647 5162 1702 5208 et
1749 5153 1884 5209 mori
1940 5168 2037 5207 no-

457 5257 608 5298 veras
636 5261 652 5297 z
678 5243 832 5312 plena
879 5252 965 5298 est
992 5243 1074 5298 his
1098 5242 1304 5298 duobus
1343 5244 1489 5314 regio
1531 5245 1852 5299 tnortalium.
1903 5243 2039 5312 Quid

459 5333 546 5388 hic
569 5333 806 5392 abundat
825 5334 878 5388 in
917 5335 1060 5389 omni
1091 5349 1274 5400 carne,
1310 5336 1410 5390 nisi
1449 5335 1594 5390 nasci
1637 5345 1691 5390 et
1732 5336 1898 5390 mori?
1927 5336 2040 5391 Iloc

459 5426 618 5481 homo
645 5441 767 5481 cum
797 5441 990 5496 pecore
1021 5426 1216 5481 habet:
1247 5427 1384 5482 hanc
1401 5443 1530 5498 ergo
1554 5428 1715 5482 vitam
1739 5442 1860 5482 cum
1884 5439 2040 5496 peco-

459 5518 608 5574 ribus
639 5534 979 5576 communem
1005 5520 1270 5576 ducimus.
1297 5521 1414 5575 Nati
1441 5537 1646 5588 sumus,
1675 5521 1915 5576 morituri
1944 5537 2039 5576 su-

460 5624 598 5664 mus.
624 5611 766 5667 Istud
790 5613 1024 5668 nondum
1052 5629 1297 5676 noveras.
1340 5628 1640 5683 resurgere,
1673 5624 1727 5670 et
1754 5615 1804 5670 in
1845 5615 2038 5670 cmlum

460 5701 766 5757 ascendere.
797 5703 912 5759 Duo
953 5718 1200 5770 noveras,
1239 5703 1344 5760 duo
1372 5720 1476 5759 non
1514 5719 1780 5760 nevcras:
1809 5707 2041 5776 suscepit

461 5788 601 5856 quod
643 5807 886 5861 noveras,
935 5795 1165 5852 ostendit
1212 5797 1351 5865 quod
1400 5815 1502 5855 non
1562 5814 1783 5856 noveras
1814 5817 1826 5852 :
1856 5810 2040 5869 patere

1687 373 1746 429 S.
1786 365 2154 430 AUGUSTINI
2192 372 2497 428 EPISCOPI

3592 374 3727 429 1-280

2141 485 2280 557 quod
2309 483 2561 554 suscepit.
2589 497 2747 552 spera
2777 481 2918 553 quod
2951 482 3205 538 ostendit.
3262 543 3272 552 ,

2211 577 2265 632 9.
2311 574 2452 630 Mars
2481 589 2582 629 non
2621 575 2843 628 timenda
2885 577 3200 644 temporalis.
3228 576 3318 630 sed
3352 586 3568 631 eterna.
3597 577 3731 644 Quid

2145 669 2310 732 enim,
2333 667 2377 720 si
2405 666 2544 720 nolis
2567 668 2721 729 mori,
2755 683 2860 720 non
2893 681 2955 721 es
3014 667 3339 722 moriturus?
3385 667 3530 734 Quid
3558 669 3730 732 times,

2144 761 2283 830 quod
2315 761 2484 814 vitare
2511 774 2614 813 non
2644 759 2830 828 potes?
2857 759 3058 825 Times,
3091 759 3231 830 quod
3255 771 3312 814 et
3343 761 3388 815 si
3421 761 3589 823 nolis.
3618 762 3736 826 erit;

2146 861 2201 908 et
2229 867 2332 906 non
2357 854 2533 916 times,
2563 852 2703 923 quod
2731 853 2830 907 etsi
2861 853 3015 918 nolis,
3049 867 3155 908 non
3181 853 3304 908 erit.
3328 852 3469 920 Quid
3495 863 3582 909 est
3601 857 3735 924 quod

2147 944 2292 999 dixi?
2315 943 2575 999 Omnibus
2604 943 2912 998 hominibus
2941 945 3078 998 natis
3104 946 3382 1000 constituit
3413 946 3555 1000 Deus
3600 962 3736 1000 mor-

2148 1046 2276 1098 tem,
2321 1051 2414 1105 per
2450 1051 2607 1106 quam
2635 1036 2703 1090 de
2754 1035 2860 1090 isto
2891 1037 3086 1092 stt-crdo
3133 1038 3416 1108 emigrent.
3475 1039 3738 1108 Exceptus

2148 1129 2257 1182 eris
2304 1144 2331 1181 a
2364 1138 2560 1192 morte,
2591 1128 2636 1182 si
2663 1137 2919 1198 exceptus
2961 1130 3125 1186 fueris
3154 1145 3185 1183 a
3224 1145 3427 1201 genere
3482 1131 3734 1187 humano.

2149 1220 2286 1287 Quid
2319 1219 2484 1274 facis?
2508 1219 2773 1289 Numquid
2802 1221 2897 1275 tibi
2927 1221 3087 1275 modo
3115 1221 3332 1288 dicitur,
3372 1223 3524 1294 Elige
3564 1233 3736 1278 utrum

2151 1312 2282 1366 vclis
2305 1325 2426 1367 esse
2469 1311 2802 1366 bomoHam
2861 1309 3024 1367 homo
3066 1327 3148 1376 es,
3192 1313 3404 1368 venisti.
3451 1313 3734 1382 Quomodo

2152 1401 2276 1458 hinc
2301 1417 2484 1467 exeas,
2537 1404 2752 1473 cogita:
2799 1412 2955 1458 natus
2995 1418 3076 1470 es,
3132 1405 3424 1458 moriturus
3464 1420 3549 1460 es.
3575 1403 3737 1476 Fuge.

2151 1508 2301 1559 cave,
2353 1494 2570 1564 repelle,
2622 1494 2828 1549 redime
2861 1512 2875 1549 :
2907 1504 3131 1550 mortem
3163 1505 3312 1564 potes
3338 1488 3586 1554 differre.
3643 1511 3740 1549 non

2153 1583 2381 1639 auferre.
2427 1583 2636 1652 Veniet,
2689 1585 2790 1640 etsi
2835 1585 3016 1640 nolis:
3047 1587 3227 1641 veniet
3284 1585 3503 1655 qttando
3548 1586 3741 1641 nescis.

2153 1675 2292 1742 Quid
2317 1691 2443 1746 ergo
2471 1677 2647 1740 times,
2675 1676 2815 1747 quod
2845 1677 2946 1732 etsi
2991 1677 3247 1741 nolueris,
3287 1677 3428 1732 erit?
3450 1676 3615 1733 Time
3654 1694 3739 1746 po-

2155 1765 2280 1828 tius,
2311 1765 2452 1836 Quod
2483 1767 2527 1820 si
2554 1767 2808 1834 nolueris,
2850 1783 2954 1822 non
2984 1768 3106 1822 erit.
3133 1767 3270 1838 Quid
3319 1779 3401 1824 est
3447 1769 3600 1824 hoc?
3645 1768 3742 1824 lar-

2156 1858 2276 1928 piis,
2326 1857 2649 1922 inﬁdelibus,
2691 1858 3035 1929 blasphemis,
3086 1861 3332 1931 perjuris.
3389 1861 3616 1932 iniquis,
3693 1869 3743 1918 el

2155 1949 2406 2003 omnibus
2458 1950 2614 2004 malis
2646 1949 2903 2020 gehennae
2953 1950 3106 2022 ignes
3137 1953 3376 2008 ardentis
3419 1959 3476 2008 et
3520 1963 3744 2008 turmas

2155 2039 2400 2097 ﬂammas
2427 2041 2658 2096 minatus
2681 2049 2761 2096 est
2791 2043 2950 2097 Deus.
2975 2043 3153 2097 Primo
3176 2057 3431 2112 compara
3473 2043 3596 2099 haec
3623 2045 3740 2109 duo,

2155 2143 2381 2188 mortem
2411 2132 2478 2188 ad
2509 2141 2858 2196 momentum.
2887 2144 2938 2190 ct
2962 2150 3146 2206 pmnas
3168 2137 3218 2190 in
3247 2145 3545 2192 a-ternum.
3572 2138 3742 2192 Times

2157 2233 2383 2278 mortem
2441 2225 2508 2279 ad
2558 2237 2909 2291 momentum,
2979 2228 3178 2294 veniet,
3247 2229 3348 2283 etsi
3400 2229 3547 2284 nolis
3579 2247 3594 2283 :
3626 2230 3742 2284 timo

2157 2331 2344 2386 pmnas
2390 2321 2443 2371 in
2495 2326 2774 2382 aeternum,
2823 2333 2943 2390 qum
2976 2335 3082 2374 non
3119 2320 3352 2387 venient,
3392 2321 3438 2376 si
3487 2322 3740 2376 nolueris.

2155 2406 2322 2462 Multo
2347 2408 2518 2478 majus
2556 2419 2644 2464 est
2678 2408 2820 2478 quod
2853 2411 3040 2465 timere
3077 2409 3264 2477 debes,
3305 2420 3360 2466 et
3389 2411 3443 2466 iu
3485 2420 3745 2481 potestate

2159 2499 2323 2555 babes
2361 2515 2427 2556 ne
2459 2501 2637 2556 veniat
2665 2501 2787 2566 tibi;
2838 2510 2893 2556 et
2939 2502 3109 2570 majus
3137 2512 3240 2568 est,
3265 2513 3316 2557 et
3342 2503 3499 2574 longe
3558 2505 3740 2574 majus,

2157 2591 2646 2660 incomparabiliter
2675 2592 2848 2661 majus
2870 2592 3012 2663 quod
3043 2594 3232 2648 timere
3259 2593 3449 2658 debes,
3480 2603 3539 2649 et
3569 2595 3622 2649 in
3653 2610 3744 2664 po-

2159 2690 2351 2736 testate
2371 2681 2533 2736 habes
2551 2696 2617 2739 ne
2648 2683 2827 2736 veniat
2849 2683 2964 2737 tibi.
2988 2683 3194 2737 Etenim
3218 2684 3260 2738 si
3286 2683 3426 2740 bene
3451 2685 3672 2747 vixeris.
3702 2687 3744 2741 si

2157 2773 2295 2828 male
2324 2772 2534 2834 vixeris.
2557 2775 2846 2828 moriturus
2887 2787 2948 2829 es
2975 2792 2988 2827 :
3014 2789 3117 2827 non
3139 2773 3363 2844 effugies
3394 2782 3458 2829 ut
3500 2791 3611 2830 non
3644 2792 3747 2830 mo.

2157 2863 2330 2929 riaris,
2354 2879 2449 2918 seu
2472 2864 2698 2918 vivendo
2740 2864 2898 2931 bene,
2921 2881 3016 2919 seu
3054 2865 3279 2919 vivendo
3309 2867 3473 2920 male.
3507 2868 3581 2920 At
3625 2882 3742 2920 vero

2156 2955 2200 3009 si
2227 2955 2450 3027 elegeris
2497 2955 2583 3011 hic
2607 2955 2742 3012 bene
2770 2957 2970 3024 vivere,
3025 2957 3078 3011 in
3119 2967 3346 3013 internas
3398 2973 3597 3026 ptenas
3649 2975 3746 3014 non

2155 3046 2403 3102 mitteris.
2436 3047 2568 3116 Quia
2598 3062 2728 3104 vero
2767 3049 2964 3120 eligere
3011 3063 3113 3103 nou
3161 3059 3310 3118 potes
3360 3048 3471 3112 hic.
3526 3066 3596 3106 ne
3641 3067 3751 3104 mn-

2155 3139 2342 3204 riaris;
2367 3139 2502 3210 elige
2530 3154 2651 3194 cum
2680 3139 2832 3206 vivis,
2865 3155 2934 3194 ne
2960 3139 3012 3193 in
3043 3149 3298 3195 :cternum
3328 3141 3605 3195 moriaris.
3632 3143 3749 3198 "me

2155 3239 2238 3284 est
2265 3228 2416 3293 ﬁdes,
2466 3229 2569 3286 hoc
2603 3229 2847 3285 Christus
2900 3230 3135 3285 ostendit
3168 3231 3449 3286 moriendo
3486 3241 3542 3287 et
3574 3248 3749 3288 resuro

2153 3320 2346 3390 gendo.
2377 3321 2650 3376 Moriendo
2670 3322 2923 3388 ostendit,
2954 3323 3095 3392 quod
3142 3322 3275 3376 velis
3305 3324 3450 3378 nolis
3497 3340 3749 3393 passurus

2154 3428 2250 3468 es:
2285 3414 2613 3484 resurgendo
2660 3415 2913 3481 ostendit,
2956 3415 3100 3486 quod
3149 3417 3191 3469 si
3224 3415 3362 3470 bene
3400 3417 3624 3480 vixeris,
3665 3433 3749 3472 ac-

2153 3514 2403 3574 cepturus
2428 3522 2506 3562 es.
2549 3507 2642 3562 llic
2671 3509 2820 3562 corde
2848 3508 3071 3563 creditur
3103 3509 3170 3561 ad
3188 3509 3481 3580 justitiam,
3513 3527 3605 3565 ore
3631 3527 3748 3564 cou-

2154 3597 2305 3668 fcssio
2337 3597 2396 3665 ﬁt
2413 3598 2482 3650 ad
2505 3596 2742 3651 salutem.
2770 3598 2875 3653 Sed
2905 3599 3070 3653 times
3096 3597 3361 3661 conﬁteri,
3395 3616 3467 3654 ne
3497 3601 3745 3654 insultent

2156 3687 2246 3742 tibi
2280 3687 2538 3754 homines,
2572 3705 2676 3745 non
2716 3689 2804 3759 qui
2839 3705 2944 3744 non
2984 3689 3364 3754 crediderunt;
3400 3707 3530 3746 nam
3568 3704 3619 3746 et
3652 3692 3743 3761 ipsi

2154 3780 2294 3834 intus
2319 3780 2542 3835 credunt
2574 3799 2587 3834 :
2617 3779 2709 3836 scd
2735 3796 2804 3836 ne
2831 3782 3081 3837 insultent
3109 3782 3196 3836 tibi
3227 3782 3588 3852 quiconliteri
3624 3801 3739 3836 eru-

2155 3873 2396 3927 bescunt.
2427 3874 2560 3928 Audi
2587 3873 2727 3943 quod
2771 3877 3052 3944 sequitur:
3091 3875 3223 3929 Dicit
3263 3878 3398 3930 enim
3449 3877 3740 3947 Scriptura,

2155 3963 2332 4017 Omnis
2368 3966 2453 4032 qui
2491 3965 2761 4018 crediderit
2788 3969 2840 4019 in
2880 3983 3014 4029 eum,
3048 3984 3145 4019 uou
3182 3970 3530 4038 confundetur
3570 3970 3740 4036 (Rom.

2152 4071 2206 4114 ι.
2240 4056 2325 4120 10,
2355 4055 2463 4125 il).
2501 4055 2623 4111 ll.ec
2653 4057 2906 4112 meditare
2927 4099 2940 4120 .
2973 4059 3022 4112 in
3063 4059 3144 4113 his
3167 4068 3282 4113 esto
3318 4078 3331 4112 :
3369 4061 3486 4114 base
3514 4071 3598 4116 est
3628 4080 3740 4116 esea

2153 4163 2258 4202 non
2303 4149 2539 4215 ventris,
2591 4149 2682 4204 sed
2739 4151 2948 4204 mentis.
2999 4151 3088 4206 Ille
3136 4152 3224 4221 qui
3269 4169 3430 4208 mane
3485 4156 3740 4222 rapiebat.

2152 4239 2293 4308 ipsas
2323 4254 2474 4294 escas
2499 4239 2564 4294 ad
2592 4257 2870 4311 vesperum
2899 4243 3181 4298 dividebat.
3228 4243 3492 4300 Conversi
3537 4248 3602 4300 ad
3641 4248 3741 4302 Dn-

2153 4329 2375 4394 minum,
2407 4341 2511 4386 etc.

2603 4445 2829 4504 SERMO
2867 4449 3176 4506 CCLxxx-
3212 4453 3310 4523 (α).

2271 4569 2321 4610 ιιι
2352 4561 2499 4612 Natali
2532 4569 2790 4626 martyrum
2823 4571 3075 4626 Perpetua:
3095 4573 3147 4614 et
3167 4565 3450 4626 Felicitatis,
3478 4587 3490 4617 I
3525 4568 3620 4630 (ι).

2217 4663 2445 4720 CAPUT
2505 4664 2786 4721 PRIMUM.
2822 4696 2896 4708 —-
2943 4669 2994 4721 1.
3057 4667 3311 4736 Perpetua
3381 4682 3432 4724 et
3509 4672 3737 4727 Felicitas

2209 4822 2226 4840 ⁶
2250 4820 2458 4870 Collatus
2471 4834 2579 4870 cum
2603 4835 2644 4870 r.
2678 4834 2768 4870 rm.
2796 4829 2832 4872 t.
2873 4837 2917 4871 v.
2945 4830 3126 4872 etcum
3151 4829 3258 4872 Lov.

2208 4882 2281 5003 $11;
2307 4881 2446 4954 Alias.
2469 4883 2532 4955 de
2557 4885 2767 4956 Diversis
2793 4884 2899 4933 105.

2232 4944 2258 4992 b
2315 4945 2549 4994 Possubus
2571 4959 2618 4995 tn
2641 4945 2869 5003 tndnculo,
2891 4963 2899 4992 ι

2232 4897 2260 4930 (ι
2307 4884 2446 4935 Alias.
2469 4884 2532 4932 de
2557 4885 2767 4934 Diversis
2793 4884 2899 4933 105.

2232 4884 2281 5006 [ιζ
2315 4945 2549 4994 Possidius
2571 4946 2618 5008 in
2641 4945 2869 5005 lndiculo,
2891 4958 2998 5008 cap.
3038 4945 3130 5003 10,
3167 4954 3403 4997 recenset
3451 4965 3476 4993 ι
3499 4949 3567 4998 de
3596 4950 3733 4999 Kath

2146 5005 2398 5068 Perpetua:
2439 5014 2491 5057 et
2520 5005 2772 5057 Felicitatis
2813 5005 3060 5056 'I‘ractalus
3092 5015 3246 5056 tresn
3275 5015 3513 5065 Quartum
3545 5014 3732 5060 nuntius

2144 5067 2393 5129 Augustini
2446 5075 2787 5129 praenotatum,
2814 5080 2843 5117 e
2879 5069 3106 5117 Vaticano
3141 5075 3222 5116 ns.
3259 5070 3390 5119 eruit
3428 5072 3730 5128 Bolsleuitts.

2143 5128 2318 5180 dubios
2338 5128 2467 5180 inter
2488 5140 2744 5180 Sermoucs
2763 5129 3107 5180 eollomndum.
3135 5137 3202 5179 De
3226 5130 3303 5178 his
3322 5136 3732 5184 ωιτιπὶιιιιςγιιιιο

2143 5191 2374 5258 tullianus
2397 5205 2444 5239 tn
2466 5190 2589 5241 libro
2625 5192 2689 5241 de
2713 5193 2892 5250 Anima,
2917 5205 3020 5252 cap.
3046 5192 3125 5250 55,
3161 5200 3213 5242 et
3235 5183 3580 5258 ntarlerIOgia
3605 5183 3732 5246 nonis

2143 5253 2317 5318 martii.
2353 5259 2529 5318 Locum
2548 5259 2598 5318 et
2621 5260 2814 5318 tempus
2830 5267 2926 5316 quo
2953 5265 3106 5315 passa:
3127 5262 3258 5318 sunt,
3272 5253 3487 5318 inquirit
3503 5253 3733 5307 itenricus

2144 5315 2382 5370 valesius.
2405 5314 2686 5378 praefatione
2707 5314 2767 5364 ad
2792 5314 2969 5378 earnm
2997 5321 3106 5363 acta
3138 5316 3330 5378 Parisiis
3353 5314 3623 5378 impressa.
3654 5327 3728 5367 Fas

2143 5389 2285 5441 porro
2305 5376 2608 5441 Carthagine,
2636 5377 2716 5426 ubi
2739 5389 2938 5441 corioro
2962 5377 3171 5441 ipsarum
3193 5376 3390 5441 sepulta
3402 5376 3564 5428 victor
3587 5383 3636 5428 in
3651 5381 3726 5431 lin.

2145 5442 2164 5484 ι
2193 5438 2258 5487 de
2279 5438 2622 5488 Persecutione
2656 5438 2901 5505 Vandalica
2934 5439 3142 5505 scripsit,
3183 5440 3436 5505 conteth
3457 5445 3728 5505 martyrium

2140 5512 2528 5564 consummasse:
2557 5508 2608 5550 et
2627 5499 2824 5564 quidem
2847 5513 2942 5564 non
2963 5503 3088 5564 apud
3111 5502 3389 5564 mburbum
3423 5499 3729 5560 multum.

2142 5562 2283 5628 uti‘in
2309 5561 2472 5628 multis
2495 5561 2844 5628 martyrologils
2875 5561 3144 5623 ferebatur,
3169 5575 3344 5628 passas
3354 5563 3511 5628 fuisse
3534 5566 3729 5628 prolnt;

2141 5623 2228 5690 sed
2245 5623 2309 5673 de
2341 5625 2564 5690 't‘uburbo
2587 5623 2920 5690 niajorc’,_qu:e
2942 5632 3048 5674 erat
3092 5623 3450 5690 Proconsularis

2141 5686 2310 5751 civicis
2326 5719 2342 5742 ,
2366 5686 2532 5736 dicere
2556 5685 2881 5751 praemisit.
2906 5693 3088 5751 annum
3109 5685 3292 5738 deinde
3313 5685 3604 5751 caninidem
3627 5700 3732 5751 pss-

2142 5747 2287 5814 sioni.
2307 5747 2586 5814 non_5everi
2611 5749 2828 5814 tertium,
2839 5747 2928 5797 sed
2963 5749 3289 5812 undecimum,
3313 5750 3399 5814 qui
3437 5751 3525 5804 fuit
3565 5747 3733 5801 diu

2146 5809 2320 5861 melius
2335 5808 2452 5871 203,
2480 5810 2706 5870 assignari
2729 5812 3042 5862 demonstrat.
3134 5818 3137 5821 ’
