3926 6188
180 281 310 336 1231

179 404 434 464 nerpetua:
477 393 732 463 [diritatis
757 393 1018 462 premium
1053 390 1241 462 insigni
1280 388 1522 460 martyrio
1543 391 1761 458 adepta.

183 486 483 541 Ilodiernus
504 485 618 540 dies
637 485 997 540 anniversaria
1022 484 1368 553 replicatione
1391 483 1542 537 nobis
1571 483 1622 536 in
1638 498 1770 536 meo

181 577 411 648 muriam
442 587 676 644 revocat,
702 586 757 633 et
784 576 1011 646 quodam
1043 575 1200 650 modo
1229 576 1577 645 repraesentat
1604 574 1766 637 diem,

177 682 289 736 quo
317 678 515 722 Sancte
546 668 754 723 fatnula.
789 667 879 722 Dei
908 668 1169 737 Perpetua
1199 676 1253 720 et
1281 666 1532 720 Felicitas
1558 666 1771 720 coronis

180 760 422 832 martyrii
453 758 740 825 decorate,
768 771 1023 836 perpetua
1050 757 1302 813 felicitate
1331 753 1652 821 ﬂoruerunt,
1688 768 1768 812 te~

181 863 373 907 nentes
403 868 595 906 nomen
623 851 820 905 Christi
851 852 902 904 in
935 849 1139 919 praelia,
1171 857 1226 904 et
1253 849 1410 904 simul
1438 849 1771 904 invenientes

178 946 343 998 etiam
373 960 525 999 suum
559 959 750 997 nomen
785 944 834 996 iu
870 943 1107 1012 prmmio.
1148 942 1560 996 Exhortationes
1587 955 1768 995 earum

181 1036 235 1088 in
266 1035 460 1089 divinis
499 1034 932 1101 revelationibus,
985 1033 1384 1103 triumphosque
1411 1032 1766 1104 passionum,

180 1141 310 1178 cum
339 1136 657 1195 tegerentur,
695 1125 1026 1189 audivimus;
1066 1140 1236 1194 eaque
1274 1138 1452 1178 omnia
1487 1123 1770 1178 verborum

182 1215 388 1285 digesa
435 1224 489 1271 et
533 1215 794 1270 illustrata
851 1215 1177 1281 luminibus,
1218 1228 1349 1268 aure
1405 1213 1768 1282 percepimus,

186 1317 370 1365 mente
397 1309 776 1377 spectavimus,
802 1308 1060 1378 religione
1089 1306 1486 1369 honoravimus,
1511 1305 1771 1360 charitate

181 1397 538 1453 laudavimus.
566 1398 800 1452 Debetur
821 1407 994 1452 tamen
1021 1398 1178 1452 etiam
1202 1412 1230 1450 a
1259 1396 1411 1450 nobis
1435 1405 1539 1453 tam
1568 1396 1772 1451 devota:

183 1490 483 1544 celebritati
513 1505 695 1544 sermo
729 1489 1003 1553 solenmis,
1045 1503 1202 1558 quem
1251 1489 1298 1542 si
1342 1486 1546 1544 meritis
1590 1501 1772 1541 earum

182 1580 446 1649 imparem
487 1579 718 1650 profero,
761 1581 1046 1650 impigrum
1080 1590 1256 1634 tamen
1293 1579 1542 1634 allectum
1580 1577 1773 1648 gaudio

182 1681 348 1724 tantm
375 1669 680 1726 festivitatis
713 1671 962 1726 exhibeo.
1002 1670 1321 1744 Quidienitn
1361 1671 1645 1741 gloriosius
1671 1670 1775 1744 -his

183 1761 422 1827 feminis,
447 1777 580 1830 quas
607 1763 702 1817 viri
733 1764 994 1817 mirantur
1021 1743 1251 1827 facilius,
1277 1778 1434 1832 quam
1465 1762 1776 1818 imitantur?

181 1851 296 1909 Sed
324 1853 424 1906 hoc
455 1853 593 1907 illius
625 1853 956 1921 potissimum
991 1853 1104 1908 laus
1131 1863 1233 1920 est,
1267 1853 1318 1906 in
1346 1869 1507 1923 quem
1546 1854 1776 1908 creden-

186 1951 295 2008 tes,
326 1955 380 1997 et
417 1945 468 1998 in
509 1944 659 2012 cujus
700 1944 914 2000 nomine
961 1944 1106 2000 fideli
1151 1946 1328 2000 studio
1369 1954 1773 2011 concurrentes,

183 2032 481 2089 secundum
514 2034 819 2091 interiorem
850 2036 1154 2104 hominem,
1199 2053 1300 2093 nec
1336 2039 1632 2104 masculus,
1677 2053 1776 2094 nec

187 2123 387 2179 femina
417 2125 784 2192 inveniuntur;
810 2135 865 2180 ut
890 2127 1050 2182 etiam
1081 2128 1133 2180 in
1163 2126 1244 2183 his
1270 2143 1389 2198 quae
1414 2139 1538 2182 sunt
1562 2127 1776 2184 feminae

185 2231 432 2286 corpore,
461 2218 627 2273 virtus
659 2219 850 2273 mentis
880 2233 1071 2274 sexum
1099 2220 1276 2274 carnis
1300 2219 1610 2282 abscondat,
1640 2228 1692 2273 et
1722 2219 1776 2273 in

186 2308 443 2362 membris
474 2309 648 2378 pigeat
685 2310 940 2378 cogitare,
983 2310 1124 2379 quod
1165 2311 1216 2364 in
1262 2309 1413 2365 factis
1459 2324 1565 2364 non
1608 2311 1779 2380 potuit

184 2414 466 2468 apparere.
496 2399 740 2453 Calculus
779 2408 860 2454 est
910 2415 1038 2470 ergo
1067 2399 1229 2454 draco
1257 2399 1392 2471 pede
1429 2409 1577 2454 casto
1607 2411 1660 2454 et
1689 2401 1774 2453 vi-

184 2501 337 2544 ctore
358 2489 598 2558 vestigio,
616 2504 735 2544 cum
762 2498 954 2544 erectae
970 2490 1460 2544 demonstrarentur
1480 2490 1658 2554 scalae,
1683 2505 1779 2561 per

186 2595 323 2650 quas
352 2579 507 2634 beata
540 2579 800 2649 Perpetua
834 2580 933 2634 iret
958 2579 1023 2633 ad
1057 2581 1240 2633 Deum.
1274 2579 1346 2634 Ita
1375 2589 1530 2650 caput
1554 2594 1777 2650 serpen-

189 2673 258 2725 tis
305 2671 540 2740 antiqui,
574 2671 715 2742 quod
749 2670 842 2725 fuit
885 2670 1236 2741 prmcipitium
1283 2671 1493 2726 feminae
1533 2670 1774 2740 cadenti,

187 2761 383 2831 gradus
413 2761 610 2816 factum
641 2772 723 2816 est
747 2762 1080 2817 ascendenti.

260 2852 484 2909 CAPUT
525 2854 587 2909 ll.
609 2883 682 2894 --
708 2853 761 2908 2.
811 2853 987 2908 Gloria
1024 2862 1320 2925 martyrum.
1359 2853 1496 2920 Quid
1527 2852 1627 2908 hoc
1656 2868 1778 2924 spe-

185 2945 398 3000 ctaculo
424 2946 674 3001 suavius?
696 2944 822 3016 quid
850 2946 950 3000 hoc
975 2945 1470 3003 eertamiuelortius
1485 2945 1508 2997 ?
1524 2944 1650 3014 quid
1677 2944 1778 3000 hac

188 3035 408 3090 victoria
449 3036 762 3106 gloriosius?
799 3034 950 3090 Tunc
986 3051 1106 3090 cum
1145 3033 1331 3090 bestiis
1359 3044 1543 3090 sancta
1571 3034 1773 3104 objice-

188 3133 374 3179 rcntur
397 3141 643 3194 corpora,
674 3136 784 3180 toto
812 3125 1206 3197 amphitheatro
1236 3124 1537 3181 fremebant
1564 3134 1772 3196 gentes,

187 3224 242 3268 ct
269 3215 450 3284 populi
479 3215 869 3269 meditabantur
890 3215 1093 3280 inania.
1114 3213 1218 3271 Sed
1241 3217 1330 3286 qui
1362 3217 1565 3272 habitat
1587 3215 1638 3271 in
1662 3232 1774 3276 cce-

190 3305 278 3372 lis,
304 3303 561 3359 irridebat
591 3319 704 3372 eos,
731 3312 786 3360 et
811 3294 1068 3361 Dominus
1095 3306 1455 3362 subsannabat
1475 3321 1568 3362 eos
1591 3307 1610 3378 (
1630 3305 1772 3363 Psal.

187 3413 246 3460 ιι,
279 3397 330 3462 l,
364 3396 456 3469 4).
485 3397 638 3452 Nunc
667 3408 842 3452 autem
877 3399 1073 3468 posteri
1103 3399 1334 3464 illorum,
1362 3413 1590 3468 quorum
1617 3415 1775 3454 voces

187 3491 239 3542 in
275 3505 492 3543 carnem
522 3498 810 3560 martyrum
841 3488 998 3558 impie
1027 3489 1335 3553 saeviebant,
1361 3489 1549 3543 merita
1578 3499 1776 3560 marty-

187 3597 304 3634 rum
329 3581 430 3651 piis
460 3581 678 3634 vocibus
705 3579 941 3635 laudant.
971 3579 1152 3650 Neque
1185 3589 1309 3636 tunc
1340 3588 1484 3634 tanto
1513 3596 1773 3635 concursu

189 3670 462 3724 hominum
491 3672 554 3726 ad
597 3687 690 3725 eos
730 3671 1050 3726 occidendos
1087 3687 1250 3725 cavea
1299 3669 1629 3724 crudelitatis
1670 3670 1772 3724 im-

188 3762 258 3831 pL
282 3772 330 3815 ta
362 3772 464 3828 est,
512 3772 711 3833 quanto
742 3781 881 3817 nunc
924 3763 990 3816 ad
1030 3777 1124 3816 eos
1166 3760 1503 3814 honorandos
1549 3761 1773 3816 ecclesia

188 3856 400 3926 pietatis
425 3857 693 3926 impletur.
727 3855 882 3912 Omni
924 3870 1063 3909 anno
1109 3862 1319 3924 spectat
1359 3869 1479 3909 cum
1521 3855 1776 3924 religione

185 3948 442 4012 charitas,
475 3950 614 4020 quod
649 3966 752 4002 uno
779 3948 866 4002 die
892 3965 1012 4002 cum
1042 3947 1319 4015 sacrilegio
1361 3946 1627 4000 commisit
1669 3947 1772 4000 im-

185 4040 378 4110 pietas.
412 4041 798 4109 Spectavcrunt
824 4049 878 4094 et
905 4040 1014 4104 illi,
1043 4037 1136 4092 sed
1179 4039 1334 4108 longe
1363 4037 1634 4094 voluntate
1661 4037 1772 4091 dis-

185 4132 368 4206 pimili.
391 4132 465 4185 Illi
497 4131 780 4208 clamando
796 4130 1076 4197 iaciebant,
1113 4128 1252 4200 quod
1277 4128 1567 4184 mordendo
1589 4128 1774 4209 bestia:

188 4238 295 4288 non
324 4219 636 4291 implebant.
677 4220 786 4277 Nos
811 4230 987 4275 autem
1029 4231 1085 4274 ct
1122 4217 1265 4288 quod
1303 4219 1544 4273 fecerunt
1581 4217 1771 4290 impii,

187 4293 527 4381 itllSCl'amlll‘,
568 4322 619 4369 et
649 4313 788 4385 quod
831 4313 899 4382 pii
933 4312 1071 4383 passi
1113 4320 1269 4377 sunt,
1314 4326 1649 4366 veneramur.
1693 4311 1772 4366 illi

193 4393 435 4466 jiderunt
462 4405 633 4460 oculis
659 4405 854 4469 carnis,
881 4403 1018 4472 quod
1045 4402 1221 4458 cordis
1249 4403 1558 4457 immanitati
1593 4403 1773 4458 refoti-

185 4485 417 4551 tierent:
448 4511 544 4552 nos
572 4496 857 4566 aSpicimus
882 4493 1048 4548 oculis
1079 4493 1276 4560 cordis,
1323 4493 1464 4565 quod
1509 4494 1613 4548 illis
1655 4511 1774 4550 ere-

188 4597 336 4658 ptum
362 4597 463 4653 est,
493 4603 560 4641 ne
581 4586 841 4654 viderent.
871 4584 946 4639 Illi
977 4598 1180 4639 tuortua
1208 4587 1368 4640 heu-ti
1397 4595 1520 4641 sunt
1548 4601 1770 4657 corpora

186 4690 636 4756 mat-tyrannnos
666 4688 871 4734 mentes
900 4688 1136 4732 mortuas
1160 4677 1403 4732 dolemus
1431 4677 1664 4733 illorum.
1693 4679 1773 4734 llli

186 4771 304 4824 sine
331 4769 528 4823 lumine
557 4769 677 4824 lidci
706 4778 968 4840 martyres
993 4777 1314 4838 putaverunt
1338 4769 1649 4834 exstinctos,
1675 4784 1772 4824 nos

186 4860 502 4916 ﬁdelissimo
533 4862 722 4916 intuitu
748 4861 1016 4916 cernimus
1045 4869 1350 4916 Coronatos.
1386 4860 1622 4932 Denique
1648 4861 1770 4914 illo-

183 4969 305 5008 rum
335 4954 606 5008 insultatio
632 4953 766 5007 facta
794 4964 874 5007 est
901 4964 1077 5008 nostra
1105 4952 1407 5007 exsultatio.
1436 4952 1502 5006 Et
1524 4953 1638 5007 lucc
1656 4952 1774 5022 qui-

183 5046 310 5100 dem
353 5046 597 5117 religiosa
630 5057 683 5100 et
712 5047 1075 5114 sempiterna:
1124 5044 1212 5098 illa
1254 5058 1381 5099 vero
1421 5052 1546 5098 tunc
1587 5041 1768 5114 impia,

185 5151 330 5191 nunc
357 5137 512 5203 plane
537 5136 644 5206 jam
677 5137 839 5189 nulla.

257 5225 484 5283 CAPUT
527 5227 609 5281 Ill.
634 5257 703 5266 —-
733 5229 784 5283 5.
830 5226 1116 5297 Martyrum
1153 5242 1244 5278 cur
1281 5225 1502 5280 maxima
1539 5226 1770 5295 pretttia.

196 5320 328 5374 Visa:
350 5319 502 5390 lmjus
531 5321 792 5375 laboriosa:
829 5335 988 5374 amor.
1029 5319 1250 5373 Pra‘mia
1288 5329 1609 5388 martyrum,
1640 5317 1771 5372 cha—

185 5413 420 5476 rissimi,
453 5413 678 5466 maxima
715 5412 1004 5476 credimus,
1047 5419 1100 5465 et
1143 5409 1440 5465 rectissime
1477 5408 1768 5465 credimus.

185 5503 296 5556 Sed
338 5503 380 5556 si
425 5505 714 5556 certamina
759 5502 1040 5572 diligenter
1077 5501 1394 5561 intueamur,
1434 5515 1770 5570 nequaquam

187 5595 279 5652 Illa
323 5605 430 5649 tant
481 5607 667 5664 magna
716 5609 836 5650 esse
895 5593 1221 5648 mirabimur.
1269 5590 1402 5647 Nam
1447 5592 1566 5646 vita:
1616 5591 1774 5661 hujus

186 5689 428 5750 quamvis
472 5685 746 5758 laboriosa:
782 5702 843 5742 ac
889 5685 1212 5755 temporalis,
1247 5694 1419 5738 tamen
1464 5693 1606 5740 tanta
1648 5685 1766 5740 uul-

1550 276 1778 334 SERMO
1814 277 2115 335 CCLXXX.

3323 291 3346 345 l
3356 291 3460 350 28!

1874 391 2009 446 cedo
2031 400 2137 458 est,
2160 400 2216 446 ut
2239 406 2360 450 eum
2385 393 2632 452 homines
2654 411 2758 452 non
2787 399 2992 468 possint
3011 399 3222 456 efﬁcere
3249 418 3316 458 nc
3343 421 3458 459 mo-

1873 483 2100 550 riantur,
2130 493 2307 540 tamen
2344 487 2525 542 multis
2562 495 2618 544 et
2653 491 2860 560 magnis
2899 493 3178 548 conatibus
3201 504 3362 563 agant
3391 512 3458 550 ne

1873 577 1980 630 cito
2010 577 2323 633 moriantur.
2356 579 2460 633 Pro
2501 591 2671 636 morte
2707 582 2994 638 auferenda
3035 584 3170 638 nihil.
3207 585 3320 640 fieri
3360 603 3456 658 po-

1876 675 2000 730 test,
2030 678 2083 722 et
2113 684 2208 737 pro
2245 684 2309 725 ea
2358 670 2650 726 dill‘erenda
2694 676 2752 727 lit
2787 674 3037 744 quidquid
3081 685 3271 744 potest.
3302 677 3461 736 Certe

1875 757 2020 810 οιιιιιὶ
2050 758 2243 812 anima:
2269 759 2514 815 laborare
2541 763 2823 820 molestum
2854 776 2934 818 est
2959 783 2971 818 :
3001 776 3054 820 et
3085 775 3258 821 tamen
3298 771 3458 822 etiam

1876 849 1941 903 ab
1973 850 2075 916 bis,
2105 865 2135 904 a
2161 850 2356 920 quibus
2383 852 2513 906 nihil
2540 867 2632 907 seu
2659 853 2816 918 boni,
2845 871 2938 909 seu
2978 856 3132 923 mali,
3179 869 3294 927 post
3319 859 3462 930 hanc

1871 931 2036 993 vitam
2061 951 2328 1011 Speratur,
2365 945 2613 999 omnibus
2652 945 2920 1003 laboribus
2950 950 3154 1018 agitur,
3203 965 3271 1004 ne
3315 951 3463 1006 labor

1875 1035 2049 1086 omnis
2079 1043 2253 1088 morte
2297 1034 2533 1090 ﬁniatur.
2565 1037 2701 1104 Quid
2743 1037 2842 1104 illi,
2889 1040 2976 1109 qui
3009 1041 3088 1094 vel
3121 1056 3303 1096 errore
3347 1055 3464 1112 post

1877 1133 2104 1176 mortem
2133 1121 2343 1178 futuras
2381 1126 2540 1180 falsas
2570 1137 2622 1182 et
2651 1131 2892 1183 carnales
2926 1131 3143 1185 delicias
3185 1135 3462 1202 suspican-

1879 1220 1982 1276 tur,
2002 1213 2085 1267 vel
2111 1222 2256 1271 recta
2278 1213 2381 1269 lide
2404 1218 2635 1285 quietem
2657 1218 2935 1287 quamdam
2966 1207 3299 1276 inell‘abilite'r
3321 1232 3464 1286 tran-

1877 1305 2250 1372 quillissimam
2301 1316 2356 1362 et
2395 1307 2755 1364 beatissimam
2795 1322 3040 1380 sperant,
3088 1327 3266 1368 nonne
3304 1315 3462 1368 etiam

1879 1395 1977 1464 ipsi
2009 1405 2292 1467 satagunt,
2322 1405 2376 1451 et
2405 1398 2610 1468 magnis
2637 1399 2780 1453 euris
2810 1410 2972 1470 agunt
3007 1417 3074 1455 ne
3102 1404 3206 1456 cito
3233 1404 3466 1459 morian—

1881 1487 2000 1540 tur?
2023 1487 2159 1554 Quid
2187 1486 2289 1542 sibi
2317 1489 2458 1542 enim
2490 1489 2630 1542 aliud
2661 1490 2845 1544 volunt
2871 1507 2966 1560 pro
2996 1493 3133 1546 victu
3163 1496 3465 1548 necessario

1882 1583 1959 1628 tot
1987 1576 2219 1642 labores,
2251 1587 2394 1630 tanta
2425 1578 2674 1644 servitus,
2702 1580 2813 1634 sive
2844 1581 3140 1646 medicinu',
3177 1583 3291 1637 sive
3327 1585 3462 1637 alio-

1883 1681 1999 1719 rum
2030 1665 2429 1736 obsequiorum,
2453 1683 2612 1738 quam
2635 1670 2956 1740 velexigunt
2979 1684 3187 1741 ψει-ομ,
3211 1674 3288 1728 vcl
3316 1673 3466 1728 exhi-

1881 1755 2038 1810 betur
2058 1759 2293 1826 argrotis,
2321 1757 2421 1812 nisi
2445 1773 2511 1812 ne
2530 1758 2597 1813 ad
2625 1761 2908 1830 terminum
2940 1763 3126 1815 mortis
3156 1764 3260 1817 cito
3289 1763 3466 1818 venia-

1882 1847 2002 1902 tur?
2044 1848 2238 1916 Quanti
2281 1850 2458 1919 itaque
2501 1853 2858 1921 comparanda
2905 1863 2989 1907 est
3036 1855 3089 1907 in
3141 1853 3315 1909 futura
3361 1856 3463 1908 vita

1881 1939 2023 2002 nulla
2051 1941 2238 1992 mortis
2266 1939 2451 2005 illatio,
2475 1941 2626 2008 cujus
2655 1951 2760 2016 tam
2795 1944 3024 2010 pretiosa
3051 1931 3130 1998 est
3159 1945 3209 1998 in
3237 1945 3336 2000 hac
3360 1947 3463 1999 vita

1880 2028 1991 2083 sola
2017 2027 2238 2082 dilatio?
2263 2028 2428 2083 Tanta
2459 2030 2654 2100 quippe
2675 2027 2757 2087 est
2781 2033 2940 2087 etiam
2966 2033 3123 2103 hujus
3147 2050 3465 2090 aerumnosa:

1878 2120 2001 2173 vita:
2019 2120 2199 2175 nescio
2227 2136 2348 2190 qua:
2370 2121 2626 2185 suavitas,
2653 2133 2936 2195 tantusque
2963 2127 3013 2179 in
3038 2136 3224 2182 natura
3250 2138 3462 2184 utcum-

1881 2228 1985 2283 que
2012 2212 2301 2266 viventium
2330 2211 2520 2268 horror
2553 2216 2761 2282 mortis,
2790 2228 2841 2270 ut
2873 2233 2971 2271 nec
2997 2219 3071 2273 illi
3104 2221 3237 2290 mori
3267 2203 3426 2276 velint
3447 2262 3462 2286 ,

1881 2302 1968 2370 qui
1999 2317 2092 2370 per
2116 2313 2343 2357 mortem
2373 2303 2438 2358 ad
2467 2304 2628 2358 vitam
2657 2313 2952 2371 transeunt,
2979 2307 3030 2360 in
3060 2325 3164 2377 qua
3193 2310 3329 2364 mori
3360 2328 3464 2365 non

1882 2391 2108 2460 possint.

1952 2479 2179 2536 CAPUT
2207 2480 2380 2536 lV.-—-
2403 2484 2458 2538 4.
2488 2483 2740 2556 Martyres
2765 2495 2810 2539 et
2841 2496 3048 2540 mortem
3077 2498 3122 2543 et
3149 2488 3345 2543 dolores
3374 2506 3468 2559 pro

1882 2561 2080 2626 Christo
2110 2585 2532 2645 contempserunt.
2560 2576 2711 2632 Hanc
2740 2579 2898 2648 igitur
2917 2579 3131 2636 vivendi
3161 2590 3358 2635 tantam
3381 2583 3468 2650 ju-

1882 2653 2208 2720 cunditatem
2254 2677 2560 2736 metumque
2602 2668 2864 2724 moriendi
2909 2671 3168 2726 eharitate
3221 2673 3464 2738 sincera,

1881 2768 1979 2825 spe
2007 2766 2175 2822 certa,
2207 2756 2312 2812 fide
2341 2772 2448 2813 non
2493 2759 2614 2814 ﬁcta
2655 2769 2918 2832 martyres
2958 2761 3157 2817 Christi
3202 2764 3467 2833 praecipua

1881 2845 2075 2901 virtute
2104 2846 2468 2903 contemnunt.
2499 2849 2554 2903 lu
2591 2849 2674 2904 his
2713 2852 3110 2921 promittentem
3143 2853 3466 2907 minantem-

1881 2951 1985 3007 qne
2015 2938 2270 2992 mundum
2303 2949 2423 3008 post
2452 2949 2658 3010 tergum
2691 2941 3074 3012 relinquentes,
3108 2943 3160 2997 in
3200 2944 3467 3004 anteriora

1881 3043 1939 3082 se
1983 3029 2300 3085 extendunt.
2342 3031 2469 3088 llaec
2508 3033 2654 3088 varie
2697 3032 2962 3090 sibilantis
2997 3035 3266 3090 calcantes
3312 3046 3469 3104 caput

1842 3130 1843 3133 ‘
1879 3123 2144 3190 serpentis
2169 3123 2484 3179 ascendunt.
2517 3125 2765 3180 Omnium
2795 3126 2992 3197 quippe
3019 3127 3191 3182 victor
3217 3138 3298 3184 est
3321 3130 3472 3198 cupi-

1880 3210 2139 3292 ditatum,
2182 3215 2271 3284 qui
2319 3225 2569 3286 tanquam
2614 3226 2894 3290 tyrannum
2939 3219 3187 3290 subjugat
3228 3235 3466 3276 amorem

1881 3303 2002 3358 vitae
2033 3303 2210 3374 hujus,
2242 3305 2394 3375 cujus
2424 3307 2682 3362 satellites
2719 3317 2845 3364 sunt
2888 3325 3080 3364 omnes
3122 3311 3464 3381 cupiditates.

1878 3393 1988 3450 Nec
2026 3405 2109 3450 est
2143 3398 2362 3452 omnino
2402 3413 2508 3467 quo
2557 3399 2607 3452 in
2652 3399 2752 3454 hac
2796 3400 2902 3454 vita
2945 3402 3156 3456 vinculo
3203 3412 3465 3471 teneatur,

1879 3489 2121 3558 quiSquis
2157 3489 2278 3542 vitae
2319 3489 2484 3559 ipsius
2509 3505 2692 3545 amore
2738 3505 2844 3546 non
2876 3499 3106 3546 tenetur.
3147 3493 3344 3566 Timeri
3373 3510 3469 3548 att-

1882 3587 1985 3630 tcm
2017 3578 2207 3632 mortis
2251 3586 2304 3632 et
2349 3579 2661 3648 corporales
2699 3579 2916 3634 dolores
2962 3581 3137 3636 solent
3181 3591 3468 3652 utcumque

1878 3667 2128 3744 eonfcrri.
2177 3668 2310 3722 Nam
2357 3667 2641 3739 aliquando
2684 3668 2794 3734 ille,
2836 3671 3120 3740 aliquando
3162 3673 3261 3726 iste
3305 3673 3468 3730 vincit

1882 3762 1932 3818 in
1964 3762 2197 3816 homine.
2226 3761 2478 3816 Mentitur
2509 3770 2695 3827 tortus,
2727 3778 2793 3816 ne
2821 3763 3106 3830 moriatur;
3139 3766 3390 3820 mentitur
3412 3776 3468 3822 et

1879 3851 2190 3919 moriturus,
2220 3868 2286 3906 ne.
2316 3861 2642 3922 torqueatur.
2680 3851 2876 3910 Verum
2916 3853 3065 3920 dicit,
3109 3869 3211 3910 non
3243 3855 3466 3912 ferendo

1881 3951 2166 4010 tormenta,
2195 3959 2263 3999 ne
2291 3959 2386 4014 pro
2416 3958 2475 3999 se
2503 3945 2807 4000 mentiendo
2852 3955 3179 4016 torqueatur.
3221 3945 3326 4002 Sed
3373 3963 3464 4002 su-

1880 4047 2030 4106 peret
2053 4034 2240 4092 horum
2272 4035 2494 4108 quilibet
2516 4037 2566 4091 in
2599 4037 2866 4092 mentibus
2899 4038 3241 4108 quibuslibet.
3271 4039 3464 4111 Many-.-

1879 4143 1966 4185 rcs
1995 4125 2192 4184 Christi
2234 4144 2331 4200 pro
2360 4129 2575 4185 nomine
2613 4140 2666 4184 et
2703 4128 2906 4198 justitia
2939 4128 3136 4184 Christi
3179 4141 3466 4201 utrumque

1878 4219 2122 4290 vicerunt
2151 4237 2164 4274 :
2192 4234 2292 4276 nec
2321 4219 2488 4284 mori,
2522 4235 2622 4275 nec
2661 4219 2844 4274 dolere
2879 4221 3191 4276 timuerunt.
3241 4222 3376 4279 Vicit
3411 4225 3464 4279 in

1879 4309 1957 4366 eis
1986 4309 2074 4381 qui
2101 4309 2231 4363 vixit
2261 4309 2312 4363 in
2345 4310 2453 4372 eis;
2492 4318 2550 4364 ut
2575 4309 2662 4379 qui
2688 4325 2792 4364 non
2818 4310 2939 4377 sibi,
2969 4310 3064 4366 sed
3093 4313 3167 4368 illi
3197 4311 3463 4384 vixerunt,

1879 4416 1980 4457 nec
2009 4400 2204 4454 mortui
2244 4412 2597 4456 morerentur.
2643 4401 2761 4472 Ipse
2791 4402 2868 4457 eis
2897 4403 3182 4459 exhibebat
3210 4405 3465 4477 spiritua-

1881 4494 1958 4550 les
1981 4493 2223 4560 delicias,
2253 4510 2321 4550 ne
2346 4494 2605 4552 sentirent
2629 4496 2934 4564 corporales
2962 4498 3268 4564 molestias;
3298 4514 3466 4570 quatt-

1881 4593 1990 4638 tum
2017 4599 2122 4640 non
2151 4583 2459 4663 defectioni,
2485 4585 2578 4660 sed
2609 4587 2975 4642 exercitationi
3001 4586 3292 4645 sufﬁceret.
3330 4589 3464 4646 Nam

1879 4674 1966 4733 ubi
1996 4685 2111 4730 erat
2138 4675 2226 4732 illa
2252 4675 2468 4741 femina,
2508 4678 2722 4749 quando
2757 4677 2824 4732 ad
2867 4681 3217 4749 asperrimam
3248 4695 3464 4737 vaccam

1879 4782 1936 4822 se
1966 4782 2201 4848 pugnare
2230 4785 2336 4826 non
2362 4771 2553 4838 sensit,
2578 4779 2632 4824 et
2657 4770 2869 4841 quando
2901 4771 3132 4828 futurum
3159 4785 3300 4829 esset
3322 4773 3464 4842 quod

1873 4859 1981 4928 jam
2026 4860 2220 4930 fuerat,
2266 4861 2570 4932 inquisivit?
2616 4860 2712 4920 Ubi
2743 4861 2895 4917 erat?
2923 4861 3058 4930 Quid
3098 4861 3318 4929 videns,
3363 4863 3465 4917 ista

1879 4968 1985 5009 non
2026 4953 2264 5010 viderat?
2293 4954 2410 5021 Quo
2453 4952 2636 5008 fruens
2661 4994 2678 5021 ,
2729 4954 2827 5008 ista
2873 4969 2976 5008 non
3025 4953 3306 5016 senserat?
3348 4953 3466 5021 Quo

1877 5061 2062 5106 amore
2089 5046 2316 5102 alienata
2337 5087 2354 5112 ,
2391 5061 2497 5116 quo
2523 5046 2827 5114 spectaculo
2854 5056 3096 5112 avocata,
3135 5061 3242 5117 quo
3271 5047 3468 5116 poculo

1879 5139 2175 5195 inebriata?
2200 5138 2269 5193 Et
2303 5138 2476 5193 adhuc
2519 5138 2756 5204 haerebat
2798 5138 3022 5194 nexibus
3049 5139 3245 5202 carnis,
3289 5138 3465 5204 adhuc

1879 5229 2195 5286 moribunda
2221 5229 2462 5285 membra
2485 5230 2750 5301 gestabat,
2780 5230 2954 5286 adhuc
2983 5231 3316 5300 corruptibili
3344 5245 3457 5284 cor-

1878 5337 2008 5391 pore
2031 5322 2368 5392 gravabatur.
2395 5320 2554 5390 Quid,
2577 5335 2698 5375 cum
2721 5320 2971 5376 resoluta:
2996 5322 3080 5376 his
3103 5322 3328 5389 vinculis
3350 5322 3468 5378 atti-

1879 5429 1981 5469 tme
2026 5423 2322 5484 martyrum
2369 5422 2488 5483 post
2532 5401 2753 5467 labores
2795 5413 3078 5482 periculosi
3121 5414 3464 5481 certaminis,

1881 5503 2160 5572 triumphis
2188 5502 2441 5572 angelicis
2469 5511 2708 5573 excepta:
2745 5513 2904 5573 atque
2947 5504 3159 5560 refecta:
3201 5514 3350 5569 sunt,
3375 5507 3464 5562 util

1880 5609 1984 5663 non
2030 5593 2107 5647 eis
2138 5592 2349 5673 dicitur,
2385 5592 2600 5663 Impletc
2647 5590 2789 5663 quod
2831 5593 3004 5664 jussi;
3051 5593 3144 5649 sed
3170 5636 3184 5661 ,
3229 5595 3466 5667 Accipite

1880 5684 2018 5756 quod
2045 5685 2429 5756 protnisi?Qua
2453 5699 2594 5741 nunc
2608 5683 2939 5756 jucunditate
2965 5687 3311 5757 spiritualiter
3336 5702 3466 5755 cpu~
