3926 6188
483 277 505 326 ς
517 275 619 330 8&5

483 387 694 444 lantur?
717 386 885 454 Quam
915 385 1088 442 securi
1117 389 1170 442 in
1196 387 1442 453 Domino,
1467 397 1521 441 et
1542 401 1698 456 quam
1731 385 1941 440 sublimi
1965 383 2064 437 ho-

483 494 613 535 nore
635 479 951 550 gloriantur,
981 477 1101 548 quis
1127 485 1342 534 terreno
1369 476 1562 532 docere
1590 477 1758 546 possit
1782 475 2062 546 exemplo?

547 586 778 644 CAPUT
806 585 871 642 Υ.
896 617 970 631 -—
995 587 1050 643 5.
1085 586 1327 642 Felicitas
1350 596 1630 658 martyrum
1655 585 1760 640 alia
1783 595 1918 651 ante,
1958 587 2062 639 alia

482 691 593 749 post
618 679 1048 735 resurrecrimtem.
1084 680 1150 735 Et
1177 679 1292 735 haec
1319 679 1532 750 quidem
1560 679 1688 744 vita,
1732 693 1890 749 quam
1923 693 2063 733 nunc

479 771 620 826 beati
648 782 908 842 martyres
937 772 1154 838 habent,
1183 773 1554 842 quamvisjam
1583 772 1740 826 nullis
1766 771 1932 841 possit
1961 785 2061 824 sm-

477 862 581 916 culi
624 862 781 933 hujus
823 863 1160 919 felicitatibus
1203 864 1286 919 vel
1330 865 1674 920 suavitatibus
1719 864 2057 934 comparari,

477 969 638 1024 parva
671 956 924 1026 particula
952 957 1320 1027 promissionis
1347 956 1539 1030 agitur,
1569 957 1676 1010 imo
1703 955 1948 1010 solatium
1975 956 2058 1011 di-

477 1043 708 1098 lationis.
739 1045 925 1100 Veniet
951 1055 1126 1100 autem
1159 1046 1524 1100 retributionis
1548 1045 1696 1113 dies,
1739 1046 1825 1101 ubi
1865 1061 2058 1115 corpo-

477 1135 624 1190 ribus
651 1136 893 1203 redditis,
917 1147 1058 1191 totus
1084 1137 1244 1191 homo
1267 1138 1490 1206 recipiat
1514 1136 1654 1207 quod
1681 1147 1932 1192 meretur.
1959 1136 2059 1192 Ubi

474 1231 528 1278 et
560 1224 700 1280 iiiius
725 1225 905 1281 divitis
931 1227 1169 1282 membra
1195 1243 1313 1296 qua:
1340 1227 1603 1298 quondam
1632 1229 1907 1297 temporali
1938 1243 2059 1298 pur-

473 1330 604 1385 pura
632 1315 1044 1384 decorabantur,
1080 1329 1284 1374 mterno
1327 1319 1446 1389 igne
1489 1328 1811 1385 torreantur,
1853 1328 1907 1374 et
1927 1333 2059 1375 caro

473 1409 721 1477 pauperis
743 1409 968 1464 ulcerosi
993 1419 1191 1464 mutata
1216 1411 1354 1466 inter
1370 1412 1600 1480 Angelos
1627 1409 1848 1481 fulgeat:
1873 1425 2058 1482 quam-

473 1500 554 1553 vis
580 1505 738 1555 etiam
769 1517 912 1557 nunc
951 1503 1038 1558 ille
1073 1511 1274 1573 guttam
1314 1517 1380 1558 ex
1421 1504 1588 1573 digito
1632 1506 1881 1575 pauperis
1917 1506 2055 1575 apud

470 1589 670 1643 inferos
699 1591 861 1652 sitiat.
893 1600 945 1646 et
972 1591 1061 1647 ille
1092 1593 1142 1646 in
1173 1593 1291 1648 sinu
1316 1592 1446 1661 justi
1475 1593 1726 1648 deliciese
1757 1593 2057 1664 requiescat

471 1680 624 1746 (Luc.
654 1697 766 1748 avr,
798 1683 1022 1756 19-24).
1055 1683 1203 1740 Sicut
1231 1690 1371 1739 enim
1403 1685 1685 1756 plurimum
1714 1685 1877 1741 distat
1919 1687 2057 1744 inter

469 1770 682 1827 laetitias
712 1775 1021 1830 miseriasve
1065 1776 1443 1830 somniantium
1482 1786 1538 1832 et
1572 1777 1936 1848 vigilantium;
1983 1779 2053 1834 ita

472 1863 698 1917 inultum
739 1864 961 1920 interest
1003 1863 1142 1920 inter
1169 1874 1428 1921 tormenta
1457 1868 1537 1922 vel
1582 1867 1769 1938 gaudia
1810 1873 2052 1923 mortuo-

466 1967 586 2006 rum
619 1963 672 2008 et
700 1958 1120 2026 resurgentium:
1145 1973 1250 2012 non
1275 1958 1415 2026 quod
1439 1959 1655 2026 spiritus
1677 1957 2051 2014 defunctorum

465 2041 604 2098 sicut
630 2043 1007 2101 dormientium
1037 2062 1256 2103 necesse
1285 2048 1353 2102 sit
1383 2047 1524 2114 falli;
1549 2049 1642 2104 sed
1672 2049 1814 2119 quod
1840 2049 1940 2104 alia
1971 2058 2053 2106 est

465 2139 762 2194 animarum
811 2141 929 2197 sine
977 2141 1097 2196 ullis
1142 2143 1457 2211 corporibus
1500 2143 1733 2212 requies,
1782 2143 1882 2198 alia
1927 2158 2048 2199 cum

461 2232 778 2300 corporibus
804 2233 1112 2289 coelestibus
1135 2234 1346 2289 claritas
1371 2243 1424 2290 et
1453 2234 1674 2290 felicitas
1703 2237 2047 2308 Auge-lorum,

463 2322 658 2392 quibus
687 2326 985 2394 tuquabitur
1008 2327 1396 2398 resurgentium
1443 2327 1727 2384 multitudo
1771 2329 2044 2386 fidelium:

465 2413 518 2467 iu
558 2430 659 2484 qua
690 2415 1055 2485 gioriosissimi
1087 2427 1350 2490 martyres
1395 2421 1658 2489 praecipua
1701 2421 1783 2476 sui
1829 2420 2048 2477 honoris

463 2503 583 2559 luce
607 2503 898 2574 fulgebunt,
924 2507 1143 2577 ipsaque
1165 2522 1388 2576 corpora
1412 2509 1462 2562 in
1486 2508 1677 2580 quibus
1700 2509 1910 2582 indigna
1939 2519 2047 2567 toro

461 2603 638 2647 menta
682 2597 918 2665 perpessi
949 2605 1105 2663 sunt,
1151 2597 1230 2652 cis
1258 2598 1414 2667 digna
1456 2598 1508 2654 in
1560 2611 1873 2657 ornamenta
1921 2619 2045 2659 vcr-

461 2691 660 2738 ιιιιιῑυιδ.

527 2770 755 2830 CAPUT
788 2773 873 2829 Vl.
900 2805 973 2816 —
1000 2776 1051 2832 6.
1087 2776 1443 2833 Solemnilates
1473 2797 1776 2853 martyrum,
1803 2799 1901 2852 quo
1927 2783 2042 2837 ani-

457 2876 538 2915 mo
565 2859 896 2918 celebranda.
928 2864 1180 2937 Martyres
1208 2869 1510 2923 miserantur
1535 2887 1653 2935 nos,
1686 2888 1745 2924 ac
1776 2883 2045 2942 precantur

461 2966 554 3021 pro
583 2952 743 3007 nobis.
774 2953 928 3011 Unde
954 2957 1322 3013 solemuitates
1354 2975 1537 3015 eorum
1560 3003 1576 3028 ,
1617 2962 1754 3017 sicut
1797 2961 2040 3031 facimus,

457 3042 804 3100 devotissime
831 3046 1184 3113 celebremus,
1219 3050 1392 3104 sobria
1421 3050 1703 3116 hilaritate,
1737 3062 1883 3108 casta
1909 3069 2042 3108 cou-

454 3135 785 3202 gregatione,
831 3137 970 3191 fideli
1010 3139 1360 3208 cogitatione,
1410 3141 1590 3196 tideuti
1638 3143 2038 3212 prmdicatione.

455 3223 573 3280 Non
603 3240 760 3296 parva
787 3241 911 3297 pars
937 3229 1244 3285 imitationis
1272 3242 1374 3296 est,
1400 3235 1677 3290 meliorum
1705 3236 2040 3309 congaudere

455 3315 759 3370 virtutibus.
793 3317 870 3373 ltli
903 3321 1100 3390 magni,
1138 3325 1238 3376 nos
1269 3324 1412 3392 parvi
1444 3342 1455 3377 :
1494 3324 1586 3381 sed
1624 3325 1893 3383 benedixit
1937 3329 2041 3382 Do-

453 3405 629 3460 minus
655 3407 877 3478 pusillos
902 3424 1022 3464 cum
1055 3412 1260 3484 magnis
1281 3411 1454 3484 (Psai.
1484 3431 1633 3480 cxut,
1665 3417 1778 3487 I3).
1803 3419 2042 3475 Praeces-

453 3507 671 3565 serunt,
717 3499 1190 3569 prmeminuerunt.
1230 3500 1287 3560 Si
1330 3519 1422 3560 eos
1462 3509 1613 3578 sequi
1650 3523 1756 3564 non
1800 3510 2040 3569 valemus

451 3598 609 3657 actu,
645 3605 934 3661 sequamur
961 3592 1150 3649 affectu
1177 3613 1191 3650 :
1215 3596 1258 3649 si
1290 3612 1396 3652 non
1425 3598 1612 3667 gloria,
1643 3609 1787 3656 certe
1813 3601 1993 3656 laetitia
2020 3619 2035 3658 :

451 3679 498 3733 si
528 3695 633 3734 non
674 3681 898 3748 meritis,
939 3683 1121 3739 votis:
1170 3684 1214 3739 si
1245 3701 1351 3740 non
1383 3688 1628 3758 passione
1651 3731 1666 3756 ,
1707 3691 2035 3762 compassio-

453 3783 522 3824 ne
546 3787 561 3823 :
585 3769 629 3824 si
656 3784 760 3825 non
787 3771 1123 3842 excellentia,
1149 3777 1502 3832 connexioue.
1525 3777 1640 3833 Non
1665 3780 1819 3836 nobis
1849 3797 2033 3851 parum

452 3860 695 3918 videatur
717 3863 856 3935 quod
883 3863 1001 3934 ejus
1023 3865 1264 3936 corporis
1291 3869 1528 3924 membra
1569 3885 1774 3938 sumus,
1807 3872 1958 3944 cujus
1982 3883 2037 3931 ct

452 3951 555 4018 illi,
585 3953 780 4024 quibus
807 3956 1122 4026 mquiparari
1153 3973 1259 4012 non
1292 3974 1592 4029 possumus.
1625 3961 1762 4029 Quia
1791 3964 1838 4018 si
1880 3981 2036 4020 unum

451 4044 728 4099 membrum
775 4049 986 4117 patitur,
1032 4052 1404 4121 compatiuntur
1448 4055 1620 4109 omnia
1658 4057 1880 4112 membra
1901 4074 1920 4113 :
1962 4059 2035 4113 ita

449 4141 563 4189 cum
604 4135 918 4207 gloriﬁcatur
955 4156 1110 4195 unum
1153 4143 1453 4210 membrum,
1503 4148 1820 4218 congaudent
1861 4151 2034 4211 omnia

450 4227 670 4282 membra
695 4229 713 4298 (
741 4229 755 4282 Ι
785 4227 901 4287 Cor.
927 4247 1026 4299 xu,
1053 4230 1122 4288 26
1141 4232 1181 4304 ).
1209 4232 1386 4290 Gloria
1416 4236 1598 4306 capiti,
1627 4237 1767 4294 unde
1795 4240 2033 4295 consuli-

451 4327 538 4372 tur
561 4327 616 4373 et
641 4321 1006 4390 superioribus
1032 4325 1295 4392 manibus,
1321 4335 1376 4381 et
1399 4326 1596 4382 intimis
1621 4328 1860 4399 pedibus.
1883 4329 2034 4386 Sicut

449 4409 541 4464 ille
564 4425 702 4465 ultus
729 4413 958 4468 animam
983 4430 1133 4470 suam
1165 4432 1262 4486 pm
1291 4418 1443 4473 nobis
1473 4420 1647 4489 posuit
1683 4439 1698 4474 :
1736 4421 1806 4475 ita
1836 4429 1889 4476 et
1915 4422 2032 4476 imi-

447 4497 543 4553 tati
571 4509 696 4554 sunt
723 4511 1008 4573 martyres,
1031 4513 1085 4559 et
1118 4507 1326 4561 animas
1355 4522 1478 4562 suas
1517 4525 1615 4581 pro
1651 4508 1904 4566 fratribus
1931 4527 2028 4582 po-

445 4600 690 4658 suerunt,
726 4601 886 4662 atque
929 4603 989 4648 ut
1032 4595 1132 4650 ista
1176 4598 1488 4667 populorum
1539 4610 1788 4674 tanquam
1831 4605 2027 4674 germi-

447 4696 574 4737 num
603 4683 969 4753 c0piosissima
1002 4685 1247 4743 fertilitas
1275 4700 1536 4761 surgeret,
1563 4701 1758 4750 terram
1783 4711 1882 4752 suo
1905 4712 2029 4753 san-

442 4773 603 4843 guine
624 4773 995 4846 irrigaverunt.
1018 4777 1245 4835 Fructus
1266 4780 1461 4837 laboris
1481 4797 1609 4854 ergo
1630 4783 1839 4841 Illorum
1866 4789 2026 4846 etiam

444 4879 543 4920 nos
571 4880 775 4920 sumus.
804 4865 1060 4924 Miramur
1097 4883 1210 4936 eos,
1253 4871 1575 4928 miserantur
1616 4890 1733 4930 nos.
1777 4876 2025 4934 Gratula-

442 4973 564 5012 mur
591 4959 692 5023 eis,
723 4969 1007 5029 precantur
1039 4977 1138 5033 pro
1182 4963 1355 5020 nobis.
1403 4964 1483 5020 Illi
1527 4980 1750 5037 corpora
1776 4984 1870 5025 sua
1908 4981 2028 5027 tan-

439 5061 600 5117 quam
629 5049 944 5106 vestimenta
982 5060 1318 5118 straverunt,
1359 5064 1480 5111 cum
1523 5057 1698 5129 pullus
1741 5060 2023 5118 Dominum

441 5149 662 5208 portans
703 5142 757 5197 in
795 5141 1093 5200 Jerusalem
1135 5145 1457 5204 duceretur:
1502 5164 1600 5205 nos
1641 5151 1831 5208 saltem
1880 5153 2026 5211 velut

439 5246 620 5289 ramos
648 5233 718 5290 de
741 5235 1022 5293 arboribus
1049 5239 1321 5297 caedentes
1340 5283 1354 5306 ,
1396 5241 1466 5298 de
1501 5243 1787 5314 Scripturis
1823 5249 2024 5305 sanctis

440 5323 669 5394 hymnos
715 5325 1002 5400 laudesque
1040 5329 1412 5401 decerpimus,
1463 5348 1597 5402 quas
1643 5335 1695 5390 in
1740 5352 2025 5396 commune

351 5411 353 5415 ’
396 5415 686 5482 gaudium
717 5416 1050 5486 proferamus
1077 5418 1288 5493 (Matth.
1317 5439 1427 5490 nt,
1457 5423 1588 5497 7-9).
1619 5425 1815 5483 Omnes
1843 5438 2019 5486 tamen

431 5504 607 5559 eidem
622 5505 846 5562 Doniino
857 5522 1126 5579 paremus,
1139 5512 1384 5568 eumdem
1398 5515 1705 5586 magistrum
1725 5520 2017 5590 sequimur,

377 5670 381 5679 '
429 5595 679 5650 enuntiem
701 5599 994 5672 principem
1015 5603 1352 5672 comitamur,
1374 5605 1546 5664 eidem
1561 5609 1723 5681 capiti
1746 5611 2019 5684 subjungi-

376 5691 381 5708 '
431 5696 571 5748 urar,
600 5685 664 5739 ad
690 5689 932 5746 eamdem
957 5689 1250 5752 Jerusalem
1277 5696 1560 5765 tendimus,
1582 5702 1826 5761 eamdem
1848 5719 2017 5762 secta-

1718 273 1774 328 S.
1818 267 2180 328 AUGUSTINI
2220 271 2517 329 I-IPISCOPI

3627 289 3764 344 ἐει

2167 399 2288 439 mur
2315 384 2653 451 charitatem,
2683 389 3036 462 eamdemque
3073 394 3446 466 amplectimur
3475 398 3760 457 unitatem.

2577 503 2807 560 δεηΜο
2844 506 3188 595 οςωῑχχιο
3222 511 3325 586 (a).

2320 597 2370 640 tn
2402 591 2550 642 Natali
2581 601 2842 659 martyrum
2873 592 3127 661 Perpetua:
3160 607 3214 651 et
3242 601 3519 666 Felicitatis,
3554 621 3607 655 ιι.

2236 671 2466 730 CAPUT
2529 674 2816 734 PRIMUﬂ.
2883 709 2955 722 —
3029 684 3082 737 ί.
3124 681 3193 738 In
3246 682 3506 756 Perpetua
3552 697 3604 742 et
3656 687 3755 744 Fe-

2167 761 2364 818 licitate
2421 762 2652 822 Christus
2723 769 2956 827 inuictus.
3015 771 3266 846 Refulget
3325 787 3379 832 et
3441 782 3752 849 praeminet

2165 853 2308 908 inter
2331 856 2556 912 comites
2579 867 2839 930 martyres
2881 871 2937 917 et
2961 866 3212 920 meritum
3241 876 3296 922 et
3321 884 3515 925 nomen
3561 871 3756 941 Perpe-

2166 951 2271 999 tua:
2313 954 2367 1000 ct
2393 946 2714 1016 Felicitatis,
2757 960 3059 1009 sanctarum
3092 954 3189 1011 Dei
3239 956 3582 1016 famularum.
3626 962 3753 1018 Nam

2163 1034 2238 1088 ibi
2263 1045 2347 1090 est
2373 1051 2570 1093 corona
2596 1040 2898 1111 gloriosior,
2945 1045 3034 1099 ubi
3081 1057 3242 1102 sextis
3282 1049 3569 1106 infirmior.
3622 1053 3753 1120 Quia

2163 1127 2404 1194 proiecto
2429 1130 2598 1184 virilis
2626 1131 2836 1188 animus
2865 1134 2916 1189 in
2948 1134 3174 1192 feminas
3212 1139 3385 1210 majus
3419 1142 3624 1214 aliquid
3676 1144 3754 1200 fe-

2161 1217 2258 1282 cit,
2281 1218 2496 1288 quando
2520 1220 2626 1276 sub
2647 1229 2796 1278 tanto
2824 1224 3059 1296 pondere
3088 1227 3345 1299 fragilitas
3369 1229 3604 1288 feminea
3648 1251 3752 1289 non

2162 1306 2376 1364 defecit.
2415 1311 2560 1366 Bene
2586 1311 2908 1370 iuhzeserant
2945 1318 3034 1371 uni
3076 1319 3216 1386 viro,
3268 1321 3356 1376 cui
3399 1325 3552 1394 virgo
3608 1338 3753 1380 casta

2165 1398 2321 1453 unica
2348 1399 2631 1457 exhibetur
2655 1403 2984 1474 Ecclesia(ll
3009 1405 3131 1464 Cor.
3168 1424 3259 1478 at,
3307 1410 3388 1484 2).
3437 1414 3620 1478 Bene.
3670 1418 3752 1470 ἰιι-

2158 1504 2342 1560 quam,
2371 1491 2698 1550 inhwserant
2727 1495 2807 1551 illi
2833 1497 2968 1568 viro,
2990 1513 3020 1554 a
3041 1515 3148 1571 quo
3173 1503 3424 1559 virtutem
3453 1515 3750 1572 traxerant,

2159 1598 2263 1654 qua
2302 1587 2617 1643 resisterent
2654 1588 2867 1645 diabolo
2919 1609 2935 1647 :
2981 1601 3036 1648 ut
3087 1592 3300 1652 femina:
3347 1609 3754 1667 prosternerent

2159 1673 2454 1744 inimicum,
2487 1680 2576 1748 qui
2600 1695 2694 1749 per
2722 1680 2972 1737 feminam
3018 1695 3378 1754 prostraverat
3413 1691 3621 1746 virum.
3665 1694 3751 1750 ille

2158 1762 2211 1820 in
2239 1768 2318 1822 eis
2337 1773 2586 1839 apparuit
2606 1771 2854 1839 invictus,
2886 1774 2975 1845 qui
3009 1792 3105 1846 pro
3147 1779 3226 1832 eis
3254 1778 3424 1835 factus
3465 1791 3556 1836 est
3610 1784 3752 1839 inﬁr-

2156 1870 2294 1912 mus.
2334 1856 2428 1914 Ille
2460 1875 2555 1916 eas
2597 1870 2655 1916 ut
2683 1871 2931 1931 meteret,
2974 1865 3280 1924 fortitudine
3325 1870 3615 1940 implevit;
3666 1877 3749 1944 qui

2153 1964 2246 2005 eas
2275 1953 2596 2020 seminaret,
2642 1957 2987 2028 semetipsum
3025 1961 3334 2017 exiuanivit.
3395 1964 3495 2021 Ille
3548 1982 3647 2022 eas
3687 1971 3748 2025 ad

2155 2040 2256 2096 hos
2284 2043 2516 2100 honores
2538 2045 2826 2120 laudesque
2847 2049 3126 2120 perduxit,
3153 2055 3242 2123 qui
3272 2069 3368 2125 pro
3406 2057 3488 2112 eis
3541 2073 3745 2128 Oppro-

2154 2130 2270 2186 bria
2302 2143 2359 2188 et
2384 2133 2607 2190 crimina
2633 2137 2856 2194 audivit.
2883 2139 2975 2196 Ille
3003 2140 3125 2198 fecit
3169 2143 3393 2202 feminas
3432 2148 3666 2204 viriliter
3693 2161 3743 2206 et

2159 2222 2392 2279 fideliter
2415 2227 2574 2294 mori,
2596 2229 2685 2298 qui
2719 2245 2816 2300 pro
2843 2231 2921 2288 eis
2945 2231 3190 2304 dignatus
3213 2249 3297 2293 est
3317 2238 3383 2294 de
3411 2238 3616 2296 femina
3645 2244 3713 2297 mi
3723 2275 3740 2285 ο

2151 2314 2492 2371 sericorditcr
2521 2319 2687 2374 nasci.

2221 2404 2450 2463 CAPUT
2487 2409 2528 2464 Il
2557 2441 2628 2451 —
2645 2410 2702 2466 2.
2733 2410 2999 2484 Perpetua:
3023 2417 3231 2474 uictoria
3251 2421 3315 2476 de
3339 2421 3567 2478 diabolo.
3589 2425 3740 2481 Dele-

2150 2507 2259 2552 ctat
2280 2509 2456 2555 autem
2490 2503 2626 2571 piam
2657 2515 2888 2562 mentem
2922 2509 3026 2564 tale
3063 2513 3426 2580 spectaculum
3451 2520 3699 2574 contueri
3723 2561 3738 2582 .

2150 2589 2310 2659 quale
2339 2591 2441 2646 sibi
2471 2594 2622 2648 beata
2654 2594 2916 2668 Perpetua
2947 2599 3015 2655 de
3034 2615 3094 2655 se
3130 2603 3244 2673 ipsa
3289 2605 3590 2662 revelatum
3626 2624 3739 2684 esse

2151 2683 2407 2750 narravit,
2441 2683 2612 2740 virum
2643 2702 2703 2743 se
2722 2686 2912 2744 factam
2946 2701 3181 2748 certasse
3205 2708 3331 2750 cum
3365 2695 3609 2754 diabolo.
3651 2683 3740 2755 Illo

2149 2773 2344 2843 quippe
2369 2778 2658 2835 certamine
2682 2779 2735 2834 in
2765 2780 2935 2836 virum
2965 2783 3256 2853 perfectum
3277 2787 3443 2843 etiam
3477 2790 3594 2860 ipsa
3619 2806 3736 2846 cur-

2147 2863 2314 2926 rebat,
2344 2863 2396 2920 in
2421 2881 2724 2924 mensuram
2751 2873 2923 2926 atatis
2941 2873 3283 2942 plenitudinis
3297 2873 3497 2933 Christi
3523 2879 3733 2952 (Epha.

2147 2967 2225 3020 tv,
2259 2955 2370 3025 i5).
2404 2955 2591 3012 Merito
2616 2959 2706 3015 ille
2738 2971 2893 3017 vetus
2927 2977 2990 3018 ac
3029 2971 3295 3020 veterator
3327 2967 3581 3024 inimicus
3606 3011 3620 3036 ,
3675 2989 3738 3027 ne

2146 3042 2281 3134 ullas
2309 3047 2605 3116 prreteriret
2625 3049 2875 3119 insidias,
2900 3054 2989 3124 qui
3030 3070 3125 3126 per
3149 3055 3405 3114 feminam
3453 3059 3738 3134 deceperit

2146 3133 2342 3203 virum,
2371 3137 2493 3208 quia
2519 3139 2746 3196 viriliter
2769 3157 2952 3199 secum
2983 3157 3228 3216 agentem
3259 3148 3516 3207 feminam
3548 3133 3734 3218 seinsit,

2145 3237 2242 3314 per
2261 3227 2434 3285 virum
2460 3243 2577 3287 eam
2605 3247 2863 3304 superare
2893 3240 3134 3294 tentavit.
3169 3237 3283 3296 Nec
3312 3243 3569 3301 maritum
3612 3264 3738 3320 sup-

2145 3304 2341 3386 posuit,
2367 3334 2437 3376 ne
2466 3321 2554 3376 illa
2575 3339 2695 3394 qua:
2716 3325 2828 3394 jam
2855 3342 3086 3400 superna
3113 3333 3437 3403 cogitatione
3465 3304 3736 3396 habitab-at

2143 3407 2196 3464 in
2236 3411 2410 3479 oculis,
2446 3416 2807 3484 suspicionem
2851 3419 3101 3478 desiderii
3137 3426 3316 3482 carnis
3361 3429 3738 3488 erubescendo

2142 3512 2481 3570 permaneret
2525 3505 2748 3575 fortior;
2794 3510 2888 3566 sed
2935 3523 3138 3582 patrem
3183 3517 3362 3574 verbis
3400 3519 3736 3592 deceptiouis

2141 3588 2423 3659 instruxit,
2455 3605 2510 3649 ut
2554 3597 2833 3668 religiosus
2860 3602 3089 3670 animus,
3133 3607 3223 3676 qui
3271 3622 3377 3662 non
3431 3588 3733 3669 molliretur

2141 3682 2428 3754 voluptatis
2456 3687 2708 3744 inStiuctu
2734 3732 2749 3757 ,
2780 3692 2991 3763 pietatis
3017 3697 3214 3768 impetu
3235 3698 3597 3772 frangeretur.
3632 3705 3729 3762 libi

2139 3783 2322 3831 sancta
2361 3776 2624 3850 Perpetua
2665 3789 2806 3838 tanta
2840 3787 2972 3855 patri
3015 3789 3380 3848 moderatione
3429 3800 3728 3867 respondit,

2138 3874 2200 3921 ut
2227 3884 2325 3957 nec
2346 3882 2668 3942 przrceptum
2697 3875 2936 3945 violaret,
2966 3895 3072 3950 quo
3091 3881 3312 3940 debetur
3338 3885 3516 3943 honor
3540 3905 3730 3960 pareno

2139 3952 2301 4026 tibus,
2323 3975 2423 4015 nec
2447 3961 2585 4018 dolis
2599 3965 2833 4035 cederet,
2853 3970 3044 4040 quibus
3071 3973 3228 4028 altior
3241 3974 3313 4049 (b)
3330 3952 3731 4048 agebat-inimi-

2137 4059 2254 4142 cus.
2289 4049 2388 4119 Qui
2437 4053 2670 4125 undique
2714 4071 3012 4131 superatus,
3070 4065 3316 4122 eumdem
3344 4081 3578 4138 patrem
3617 4074 3731 4142 ejus

2137 4138 2284 4211 virga
2313 4145 2514 4212 percuti
2539 4146 2697 4213 fecit;
2728 4159 2785 4204 ut
2807 4151 2960 4222 cujus
2989 4155 3150 4210 verba
3177 4168 3606 4232 contempserat,
3632 4138 3736 4220 sal-

2140 4236 2496 4329 temAverbera
2515 4240 2843 4300 condoleret.
2875 4243 2956 4302 Ibi
2977 4263 3104 4305 vero
3128 4249 3302 4308 doluit
3331 4255 3420 4311 illa
3447 4258 3600 4314 satis
3635 4275 3731 4329 pa-

2137 4325 2302 4380 rentis
2331 4326 2612 4398 injuriam;
2642 4343 2697 4390 et
2722 4335 2807 4390 cui
2837 4351 2942 4393 non
2967 4341 3187 4411 prmbuit
3211 4358 3519 4415 assensum,
3547 4325 3732 4406 serva-

2137 4413 2212 4468 vit
2239 4415 2508 4474 affectum.
2535 4419 2733 4480 Oderat
2752 4426 2950 4499 quippe
2979 4429 3030 4484 in
3061 4430 3155 4486 illo
3179 4434 3482 4504 stultitiam,
3505 4413 3619 4494 non
3642 4460 3734 4497 ua-

2136 4513 2344 4573 turam;
2368 4519 2422 4565 et
2446 4511 2563 4582 ejus
2579 4513 2965 4586 inﬁdelitatem,
2997 4538 3103 4578 non
3130 4525 3390 4598 originem
3411 4545 3589 4587 suain.
3620 4535 3727 4589 lia-

2132 4593 2249 4664 jore
2274 4597 2432 4668 igitur
2456 4602 2622 4673 gloria
2655 4613 2759 4661 tam
2785 4607 3036 4667 dilectum
3079 4593 3280 4684 patrem
3323 4622 3472 4678 male
3491 4627 3724 4679 suaden-

2135 4697 2240 4744 tem
2268 4688 2477 4749 furtiter
2509 4698 2736 4767 repulit,
2785 4718 2942 4772 quem
2993 4708 3330 4778 vapulantem
3379 4711 3565 4770 videre
3613 4719 3724 4773 sine

2134 4794 2366 4838 mmmre
2396 4797 2499 4840 non
2524 4789 2711 4857 potuit.
2735 4789 2963 4851 Proinde
2985 4807 3034 4852 et
3057 4799 3210 4854 dolor
3230 4801 3320 4857 ille
3347 4805 3481 4860 nihil
3505 4812 3721 4866 retraxit

2135 4870 2314 4927 robori
2340 4872 2692 4949 fortitudinis,
2723 4891 2779 4936 et
2824 4884 3020 4956 aliquid
3066 4889 3271 4947 addidit
3299 4893 3548 4951 laudibus
3607 4916 3720 4968 pas-

2132 4963 2320 5057 sionis.
2349 4966 2688 5040 Diligentibus
2711 4972 2852 5028 enim
2880 4973 3045 5031 Deum
3078 4983 3248 5037 omnia
3283 4963 3628 5057 conparantur
3668 4992 3718 5045 ir

2129 5050 2314 5108 bonum
2342 5056 2516 5127 (Rom.
2531 5067 2657 5128 “vnt,
2687 5060 2799 5136 28).

2198 5145 2428 5244 .CAI’UT
2469 5147 2560 5206 Ill.
2582 5180 2657 5194 --
2691 5155 2744 5210 ὅ.
2785 5155 3070 5214 Felicitatis
3097 5175 3277 5231 partus
3313 5177 3365 5224 et
3399 5183 3719 5244 martyrum.

2127 5233 2382 5300 Felicitas
2405 5255 2537 5297 vero
2559 5243 2718 5299 etiam
2751 5246 2804 5303 in
2831 5263 3046 5306 carcere
3065 5268 3348 5325 przcgnans
3372 5259 3489 5315 fuit.
3514 5233 3573 5316 In
3595 5279 3718 5336 par-

2130 5329 2376 5387 turiendo
2401 5331 2687 5392 femineam
2715 5340 3073 5399 conditionem
3104 5345 3335 5406 feminea
3367 5367 3500 5408 voce
3527 5329 3718 5410 testata

2131 5429 2232 5475 est.
2263 5421 2378 5478 Non
2408 5423 2598 5482 aberat
2639 5429 2763 5484 Eva:
2789 5447 2944 5502 paena
2969 5477 2984 5503 ,
3029 5437 3124 5494 sed
3163 5440 3355 5498 aderat
3382 5443 3562 5500 Mariae
3602 5464 3711 5520 gra-

2187 5531 2766 5617 ifiaifietnﬁeres‘
2804 5549 2910 5594 Mss-
2956 5552 3008 5598 οι
3029 5548 3142 5600 ωδ.
3169 5551 3217 5602 in
3246 5564 3478 5606 sermone
3521 5569 3711 5617 nme-

2122 5592 2258 5672 dcs'tt
2441 5598 2738 5672 erasmus-

2184 5655 2258 5771 ἵλ)
2283 5655 2497 5715 “blade
2531 5655 2732 5728 Diversi:
2763 5664 2867 5716 θοι.

2215 5717 2263 5771 bl
2298 5723 2456 5771 l’urte.
2480 5727 2698 5771 astituor.

2215 5717 2263 5771 bl
2298 5723 2456 5784 l’urte,
2480 5718 2698 5776 astutior.
