3926 6188
234 276 379 336 17.85

238 394 333 449 tia.
376 391 696 464 Exigebam:-
733 389 876 463 quod
917 390 1108 448 mtiliar
1145 389 1422 448 debebat:
1465 391 1822 461 opltulabatnr

238 497 399 552 quem
441 481 603 553 Virgo
652 491 947 552 pepererat.
993 480 1230 552 Denique
1273 467 1450 539 editus
1492 492 1576 536 est
1618 488 1820 553 partus,

241 575 527 631 immaturo
567 588 755 630 mense
802 583 1062 629 mataras.
1109 574 1299 628 Actum
1347 580 1434 630 est
1495 574 1637 629 enim
1689 572 1825 628 divi-

242 665 385 720 nitus
409 705 429 731 ,
478 674 680 720 utnon
725 677 831 719 suo
861 672 1101 734 tempore
1136 677 1274 718 onus
1326 665 1464 718 uteri
1514 673 1820 733 poneretur,

250 767 439 811 nesuo
468 763 708 823 tempore
753 753 927 808 bonor
970 753 1212 825 martyrii
1263 752 1586 809 differretur.
1631 753 1823 809 Actum

238 856 346 911 est,
373 846 609 916 inquam,
635 844 910 911 divinitus,
938 852 999 899 ut
1020 844 1257 901 indebita
1280 844 1368 901 die
1390 843 1528 901 fetus
1551 844 1823 909 ederetur,

241 938 372 993 dum
402 946 581 992 tamen
608 945 755 991 tanto
778 935 1059 997 comitatui
1078 935 1260 991 debita
1294 934 1823 991 Felicitasredderc-

245 1038 333 1083 tur
358 1044 373 1081 :
400 1041 471 1083 ne
497 1026 543 1082 si
567 1025 844 1090 defuisset,
869 1039 976 1085 non
995 1026 1169 1081 solum
1199 1026 1343 1082 socia
1368 1025 1713 1098 martyribus,
1743 1039 1827 1081 ve-

242 1133 363 1179 rum
390 1117 552 1177 etiam
583 1117 819 1187 ipsarum
840 1124 1136 1188 martyrum
1158 1117 1435 1188 praemium
1483 1114 1717 1172 defuisse
1743 1115 1821 1170 vi-
1866 1175 1870 1180 ,

244 1211 485 1271 derctur.
505 1211 614 1271 llos
639 1212 781 1266 enim
809 1220 929 1267 erat
954 1227 1147 1266 nomen
1164 1210 1443 1269 ambarum
1463 1253 1480 1278 ,
1518 1209 1661 1281 quod
1704 1223 1826 1264 mu~

243 1319 346 1360 nus
371 1312 457 1359 est
480 1304 740 1359 muniunt.
774 1302 903 1361 Nam
931 1317 1030 1358 cur
1050 1303 1231 1359 omnia
1249 1310 1517 1375 martyres
1531 1302 1824 1373 perferunt,

244 1394 351 1451 nisi
378 1405 436 1450 ut
462 1403 713 1465 perpetua
739 1383 994 1450 felicitate
1015 1392 1349 1464 glorientur?
1392 1394 1506 1449 Hoc
1548 1407 1679 1464 ergo
1722 1393 1829 1449 illis

242 1485 590 1552 vocabuntur,
617 1484 686 1539 ad
711 1484 856 1556 quod
896 1483 1073 1541 cuncti
1108 1495 1387 1539 vocantur.
1436 1483 1508 1538 Et
1548 1483 1670 1539 ideo
1704 1494 1827 1538 eum

246 1584 389 1631 esset
416 1576 471 1632 in
510 1575 601 1631 illo
640 1575 935 1631 certamine
972 1574 1237 1645 plurimus
1269 1575 1585 1639 comitatus,
1639 1573 1828 1628 barum

245 1668 469 1723 duarum
507 1667 811 1721 nominibus
842 1666 1082 1721 omnium
1122 1673 1208 1721 est
1250 1665 1543 1739 significata
1582 1665 1832 1736 perenni-

247 1768 348 1825 tas,
374 1758 607 1813 omnium
630 1759 833 1829 signata
861 1757 1194 1814 solemuitas.

658 1892 888 1950 scnno
922 1892 1289 1950 CCLXXXII'
1318 1891 1414 1967 (b).
1506 1846 1507 1849 γ

388 2033 437 2077 ιιι
469 2008 617 2081 natali
648 2032 908 2093 martyrum
938 2032 1194 2089 rerpetuae
1225 2033 1279 2077 et
1307 2023 1591 2085 Felicitatis,
1622 2037 1690 2074 ω.

252 2106 255 2111 ⁴
322 2151 545 2209 CAPUT
581 2151 1037 2210 PRIMUM.-i.
1091 2151 1170 2208 Ds
1220 2152 1507 2207 nominibus
1553 2160 1835 2222 Martyrum

252 2242 525 2314 Perpetua
554 2255 600 2299 et
628 2244 934 2300 Felicitatis.
957 2245 1191 2299 Duarum
1207 2253 1511 2299 sanctarum
1541 2251 1835 2313 martyrum

250 2337 450 2392 festum
480 2336 626 2393 diem
650 2337 811 2392 hodie
837 2338 1200 2403 celebramus,
1231 2351 1352 2408 qua:
1372 2351 1479 2391 non
1506 2335 1677 2390 solum
1699 2333 1834 2390 emi-
1875 2360 1888 2377 ι

251 2437 490 2486 nuerunt
513 2429 900 2485 excellentibus
922 2430 974 2484 in
1004 2430 1251 2499 passione
1287 2428 1605 2493 virtutibus,
1655 2439 1837 2481 rerum

251 2521 414 2576 etiam
438 2535 537 2590 pro
559 2528 708 2575 tanto
735 2519 919 2599 labore
945 2520 1156 2592 pietatis
1176 2519 1478 2576 mercedem
1499 2532 1649 2573 suam
1678 2527 1843 2572 cate.

258 2624 553 2681 roremque
587 2612 852 2668 sociorum
884 2612 1117 2682 propriis
1164 2610 1439 2683 vocabulis
1478 2610 1838 2681 signaverunt.

258 2704 520 2776 Perpetua
552 2705 748 2775 quippe
776 2712 831 2760 et
870 2704 1120 2759 Felicitas
1166 2703 1381 2758 nomina
1424 2701 1649 2757 duarum
1678 2743 1694 2769 ,
1746 2699 1842 2755 sed

258 2811 477 2857 merces
493 2803 578 2851 est
599 2795 862 2852 omnium.
888 2794 1073 2866 Neque
1096 2795 1239 2850 enim
1261 2806 1450 2850 omnes
1486 2803 1748 2864 martyres
1787 2792 1840 2847 in

257 2890 548 2947 ceratniae
573 2889 835 2960 passionis
856 2897 1018 2959 atque
1043 2885 1393 2943 confessionis
1414 2885 1481 2941 ad
1500 2894 1711 2956 tempus
1737 2883 1844 2940 for-

260 2982 388 3037 titur
408 2981 729 3047 laborarent,
761 2975 860 3033 nisi
890 2986 950 3033 ut
975 2986 1229 3048 perpetua
1255 2974 1504 3032 felicitate
1534 2975 1840 3047 gauderent.

265 3072 452 3127 Divina
489 3085 619 3142 ergo
643 3069 973 3141 providentia
999 3068 1332 3140 gubernante
1358 3068 1472 3123 istre
1508 3081 1616 3122 non
1669 3066 1843 3121 solum

268 3172 554 3235 martyres,
581 3176 767 3222 verum
788 3160 952 3215 etiam
975 3159 1423 3230 conjunctissimte
1444 3151 1685 3222 comites,
1736 3158 1844 3213 sica

270 3262 326 3307 ut
373 3252 570 3307 factum
595 3258 681 3306 est
699 3290 716 3317 ,
741 3265 865 3307 esse
891 3249 1210 3316 debuerunt,
1237 3258 1296 3305 ut
1318 3264 1482 3304 unum
1508 3260 1621 3304 sum
1664 3249 1845 3319 glorias

262 3343 408 3399 diem
452 3343 747 3413 signarent,
786 3354 1232 3412 comnmnemque
1280 3341 1666 3397 solemnitatem
1700 3341 1844 3396 cele-

264 3433 525 3491 brandam
551 3434 779 3503 posteris
815 3440 1190 3504 propagarent.
1228 3431 1374 3489 Sicut
1407 3432 1550 3488 enim
1601 3433 1847 3502 exemplo

263 3522 638 3597 gloriosissimi
664 3523 979 3579 certaminis
1007 3533 1065 3578 ut
1106 3523 1376 3579 imitentur
1417 3517 1731 3587 hortantur;
1775 3523 1847 3576 ita

265 3617 378 3674 suis
420 3615 723 3671 nominibus
763 3628 960 3671 manus
998 3614 1353 3685 inseparabile
1397 3628 1496 3668 nos
1536 3614 1849 3682 accepturos

266 3725 387 3766 esse
422 3717 704 3764 testantur.
739 3706 928 3763 Ambae
964 3706 1192 3762 invicem
1220 3713 1460 3769 teneant,
1502 3705 1726 3761 invicem
1748 3719 1847 3759 ne-

267 3810 434 3855 ctaut.
465 3799 703 3855 Alteram
734 3799 854 3853 sine
891 3797 1065 3852 altera
1100 3809 1205 3850 non
1245 3806 1544 3865 speramus.
1570 3793 1702 3849 Nam
1750 3807 1851 3850 nec

272 3889 497 3959 prodest
524 3897 803 3960 perpetua,
822 3887 870 3942 si
891 3885 1116 3945 felicitas
1152 3899 1259 3941 non
1289 3884 1391 3949 sit;
1416 3892 1473 3939 et
1508 3882 1731 3939 felicitas
1758 3883 1855 3938 de-

266 3980 421 4045 serit,
451 3981 495 4034 si
524 3988 776 4050 perpetua
802 3992 912 4032 non
956 3977 1053 4031 sit;
1087 3974 1307 4031 ﬂuc'de
1341 3974 1611 4031 vocabulis
1651 3972 1850 4046 Marty-

270 4086 391 4125 rum
404 4109 428 4137 ,
448 4069 647 4139 quibus
666 4076 1017 4125 consecratus
1033 4066 1269 4133 estdles,
1298 4079 1397 4137 pro
1421 4075 1663 4136 tempore
1687 4078 1851 4136 pauca

266 4158 594 4217 sull'ecerint.
954 4162 957 4167 ‘

345 4248 572 4308 CAPUT
609 4247 838 4306 tt..—s.
875 4247 1106 4304 Furtim:
1145 4247 1211 4302 de
1247 4246 1388 4302 hosts
1415 4246 1661 4302 victrices.
1700 4246 1853 4315 Quod

267 4351 451 4397 autem
477 4341 670 4398 attittet
689 4340 756 4397 ad
778 4341 908 4403 istas
928 4353 1159 4411 qumtn
1178 4346 1307 4394 sunt
1326 4339 1428 4393 ista
1456 4339 1725 4408 vocabula,
1746 4340 1853 4395 sic-

273 4440 332 4488 ut
378 4430 714 4497 audivimus,
751 4445 875 4486 cum
924 4436 1125 4486 urant
1161 4428 1342 4499 passio
1385 4429 1678 4500 legeretur,
1717 4431 1856 4486 sicut

272 4520 550 4577 memerita
566 4519 821 4576 traditum
840 4522 1087 4576 novimus
1104 4559 1120 4584 ,
1148 4519 1264 4575 ista
1301 4530 1567 4576 tantarum
1600 4522 1854 4577 virtutum

270 4625 435 4682 atque
460 4610 807 4678 meritorum,
833 4626 941 4666 non
963 4611 1138 4667 solum
1177 4608 1423 4677 [emittm
1470 4625 1656 4667 verum
1693 4612 1855 4667 etiam

272 4702 531 4759 mulieres
558 4701 793 4759 fuerunt.
818 4701 1054 4770 alterum
1082 4686 1249 4756 altera
1268 4711 1323 4755 et
1347 4710 1537 4767 mater,
1571 4710 1628 4756 ut
1673 4700 1741 4756 ad
1771 4703 1856 4759 in-

275 4796 590 4852 ﬁrmitatem
624 4810 783 4850 sexus
810 4793 1172 4864 impatientior
1206 4792 1494 4849 adderetur
1519 4791 1761 4860 alectns,
1803 4803 1861 4850 ut

278 4886 337 4941 in
360 4885 613 4943 omnibus
636 4899 730 4941 eas
750 4883 921 4953 hostis
956 4890 1247 4952 attentans,
1273 4891 1522 4955 tanquam
1548 4897 1653 4940 non
1673 4884 1859 4940 valea-

276 4984 364 5033 tcs
389 4976 522 5033 dura
561 4985 616 5033 et
656 4975 893 5032 crudelia
935 4974 1323 5046 persecutionis
1372 4987 1534 5029 onera
1570 4975 1856 5045 munere,

274 5085 529 5129 cessum
549 5070 652 5127 sibi
677 5069 951 5137 corninuo,
980 5077 1036 5125 et
1057 5081 1186 5124 suas
1204 5066 1451 5123 crederet
1473 5080 1596 5121 mox
1634 5067 1858 5122 futuras.

273 5160 386 5220 Sed
411 5162 519 5218 ille
551 5160 821 5217 interioris
843 5158 1077 5215 horninis
1115 5156 1427 5213 cautissime
1472 5164 1527 5212 et
1566 5156 1862 5214 fortissimo

279 5253 481 5309 rubore
505 5266 693 5308 omnes
725 5250 842 5322 ejus
879 5247 1201 5309 obtuderunt
1236 5246 1474 5316 insidias,
1529 5246 1863 5319 impetusque

275 5345 567 5414 {rt-gerunt.

352 5435 580 5492 CAPUT
621 5433 706 5491 lll.
736 5462 808 5474 —-
835 5434 889 5488 3.
918 5431 1019 5488 Cur
1066 5440 1347 5510 martyrum
1385 5430 1620 5486 comitum
1660 5431 1864 5493 nomina

344 5596 359 5614 ⁶
384 5601 648 5658 rasttgatus
669 5591 727 5643 ad
750 5605 792 5642 r.
818 5605 908 5641 rm.
937 5598 972 5640 ι.
1001 5597 1051 5639 ι’.
1078 5597 1130 5642 et
1150 5590 1209 5641 ad
1231 5595 1339 5640 ων.

341 5676 415 5734 ibi
442 5674 586 5735 Alias.
602 5676 666 5726 de
688 5676 896 5726 Diversis
925 5674 1027 5725 Ιοὸ.

1466 272 1475 319 '-
1583 272 1817 333 SBRIO
1852 273 2223 333 CCLXXXHI.

3370 280 3514 336 {$85

1934 404 2038 446 non
2068 390 2256 462 pariter
2273 387 2604 443 celebrantur.
2629 387 2685 444 In
2709 389 2807 445 hoc
2829 388 3049 461 insignis
3066 392 3244 462 gloria:
3265 396 3516 449 seruitum

1930 482 2089 536 etiam
2130 479 2229 534 viri
2256 487 2523 552 martyres
2562 481 2803 547 fuerunt,
2843 481 3033 536 eodem
3062 482 3178 553 ipso
3214 483 3301 540 die
3351 487 3513 540 etiam

1938 572 2037 627 viri
2065 569 2338 626 fortissimi
2369 571 2615 641 passione
2642 572 2916 638 vicerunt;
2947 587 3043 627 nec
3065 581 3239 628 tamen
3269 576 3513 631 eumde

1924 662 2073 717 diem
2093 663 2205 716 suis
2227 661 2529 716 nominibus
2548 661 3070 717 commendaverunt.
3089 661 3245 731 Quod
3264 680 3377 718 non
3390 666 3515 721 ideo

1931 753 2126 810 factum
2154 763 2260 822 est,
2286 754 2408 824 quia
2435 753 2650 809 feminae
2677 754 2803 807 viris
2841 769 3048 809 morum
3086 756 3341 825 dignitate
3373 768 3511 826 prat-

1929 842 2053 899 latte
2068 845 2212 898 sint:
2252 842 2348 899 sed
2376 843 2499 913 quia
2527 853 2583 898 et
2620 843 2895 899 muliebris
2930 844 3210 899 inﬁrmitas
3244 846 3514 903 inimicum

1930 934 2206 1004 antiquum
2233 933 2491 988 miracqu
2528 933 2731 1002 majore
2773 933 2999 999 devicit,
3046 943 3100 990 et
3133 935 3301 990 virilis
3348 936 3514 991 virtus

1934 1033 2150 1095 propter
2174 1032 2480 1095 perpetuam
2509 1023 2812 1078 felicitatem
2842 1024 3084 1078 certavit.

2332 1135 2563 1192 SEliMO
2592 1134 2938 1191 CCLXXXIII
2962 1142 2978 1159 '
3012 1135 3105 1208 (a).

2187 1252 2237 1295 ut
2269 1243 2415 1297 natali
2447 1252 2709 1310 martyrum
2740 1242 3128 1296 nassuitanorum
3160 1245 3250 1315 (ὁ).

2003 1346 2231 1406 CAPUT
2267 1349 2550 1407 PRIMUM.
2576 1379 2649 1392 —
2677 1350 2728 1407 1.
2774 1347 2953 1405 Gratia
2984 1349 3076 1404 Dei
3100 1351 3426 1423 pradicanda
3459 1361 3511 1410 in

1935 1440 2076 1512 festis
2105 1449 2407 1511 martyrum.
2444 1438 2687 1512 Voluptas
2716 1448 2762 1494 et
2782 1438 2949 1503 dolor.
2978 1439 3080 1496 duo
3099 1441 3422 1507 incitamenta
3445 1447 3514 1499 ad

1934 1527 2265 1600 peccandum.
2296 1527 2683 1601 Fortitudinem
2700 1538 3006 1597 sanctorum
3036 1538 3328 1602 martyrum
3359 1532 3511 1588 sicin

1934 1635 2122 1675 eorum
2154 1621 2404 1690 passione
2430 1621 2711 1687 miremur,
2735 1631 2792 1677 ut
2828 1622 3052 1693 gratiam
3079 1622 3290 1679 Domini
3320 1625 3512 1697 prmdi~

1935 1724 2138 1768 ceruus.
2167 1708 2350 1782 Neque
2373 1711 2515 1767 enim
2543 1719 2599 1766 et
2625 1711 2698 1766 illi
2737 1711 2794 1767 in
2842 1726 2902 1766 se
2929 1712 3059 1782 ipsis
3086 1712 3290 1789 laudari
3332 1713 3514 1769 voluc-

1938 1813 2086 1869 runt,
2118 1802 2214 1858 sed
2241 1802 2294 1858 in
2332 1802 2423 1857 illo
2469 1803 2557 1859 cui
2594 1802 2809 1870 dicitur,
2848 1800 2915 1858 In
2956 1801 3175 1858 Domino
3228 1804 3518 1860 laudabitur

1937 1894 2107 1949 animo
2132 1909 2262 1948 mea.
2293 1893 2407 1953 lloc
2429 1892 2518 1965 qui
2537 1892 2855 1963 intelligunt,
2887 1908 2991 1949 non
3011 1893 3328 1964 superbiant
3356 1911 3517 1951 :cuut

1940 1996 2173 2042 tremore
2200 1993 2406 2056 petunt,
2433 1999 2555 2040 cum
2583 1986 2777 2063 gaudio
2798 1984 3067 2056 accipiunt
3096 2002 3112 2039 :
3152 1997 3517 2058 perseverant,

1933 2075 2045 2147 jam
2075 2092 2180 2133 non
2206 2075 2480 2130 amittunt.
2516 2073 2647 2143 Quia
2673 2074 2818 2130 enim
2847 2090 2956 2130 non
2989 2075 3335 2147 superbiunt,
3364 2078 3523 2133 mites

1939 2175 2084 2225 sunt.
2130 2166 2198 2221 Et
2242 2166 2361 2222 ideo
2407 2180 2529 2220 cum
2567 2164 2820 2230 dixisset,
2864 2162 2934 2219 1η
2980 2163 3196 2221 Domino
3235 2166 3524 2221 laudabitur

1942 2259 2115 2313 animo
2149 2272 2296 2323 mea;
2335 2255 2572 2320 addidit,
2624 2254 2847 2309 Audiam
2879 2256 3054 2323 mites,
3107 2266 3153 2311 et
3178 2258 3524 2328 jucundentur

1944 2348 2118 2420 (Ptol.
2144 2363 2328 2414 χχχιιι,
2351 2346 2574 2421 ‘5).Quid
2602 2360 2730 2403 caro
2770 2345 3015 2414 inﬁrma,
3056 2347 3181 2418 quid
3233 2348 3430 2404 vermis
3469 2358 3525 2409 et

1945 2440 2170 2513 putredo
2209 2449 2384 2507 esset,
2424 2439 2528 2495 nisi
2568 2437 2711 2511 quod
2761 2439 3091 2495 cantavimus
3129 2455 3316 2497 verum
3348 2452 3523 2508 esset,

1946 2530 2055 2586 Deo
2082 2529 2371 2601 subjicietur
2393 2528 2565 2583 anima
2602 2544 2713 2582 mea
2733 2570 2750 2593 ,
2788 2528 3027 2598 quoniam
3057 2527 3120 2583 ab
3162 2529 3272 2600 ipso
3309 2538 3381 2604 eg
3424 2546 3522 2601 ρα-

1947 2622 2121 2679 tientia
2143 2637 2255 2675 mea
2284 2618 2453 2691 (Psat.
2483 2635 2597 2687 ut,
2621 2618 2716 2692 6)?
2747 2619 2953 2675 Etenim
2983 2630 3039 2676 ιιι
3062 2620 3200 2676 mala
3229 2621 3408 2677 omnia
3428 2636 3526 2693 pro
3616 2640 3619 2643 ·

1947 2712 2053 2768 title
2082 2719 2346 2782 martyres
2374 2710 2683 2775 tolerarent,
2704 2709 2875 2767 virtus
2914 2724 3101 2767 eorum
3124 2710 3380 2781 patientia
3423 2726 3526 2771 tto-

1946 2807 2199 2883 minatur.
2227 2803 2342 2859 Duo
2361 2811 2486 2863 sunt
2508 2803 2650 2863 enim
2676 2817 2796 2873 quae
2824 2802 2877 2856 in
2914 2810 3133 2873 peccata
3158 2801 3402 2860 homines
3436 2812 3530 2863 aut

1948 2882 2197 2962 illiciunt,
2226 2901 2320 2950 aut
2348 2893 2663 2973 impellunt;
2704 2892 2966 2962 voluptas,
2992 2901 3085 2949 aut
3121 2893 3274 2949 dolor
3314 2911 3330 2957 ;
3369 2895 3526 2949 volu-

1945 3000 2066 3066 ptas
2079 2988 2250 3055 illicit,
2277 2987 2432 3045 dolor
2451 2986 2696 3058 impellit.
2719 2985 2920 3043 Contra
2943 2986 3260 3057 voluptates,
3280 3002 3528 3059 mssa-

1950 3082 2028 3139 ria
2056 3088 2141 3136 est
2178 3077 2535 3141 continentia;
2580 3087 2766 3132 contra
2806 3074 3056 3143 dolores,
3103 3076 3371 3146 patientia.
3418 3076 3531 3135 Hoc

1948 3158 2091 3233 cnim
2119 3169 2278 3226 modo
2297 3169 2595 3240 suggeritur
2621 3168 2865 3223 humana:
2890 3167 3078 3231 menti,
3102 3174 3160 3222 ut
3179 3177 3361 3237 peccet
3383 3184 3405 3223 ι
3426 3167 3529 3222 ali-

1950 3262 2164 3343 guando
2188 3258 2404 3324 dicitur,
2438 3257 2564 3323 Fac,
2592 3267 2647 3314 et
2677 3258 2778 3325 hoc
2806 3255 3027 3313 habebis
3052 3273 3069 3325 ;
3106 3256 3389 3328 aliquando
3430 3272 3529 3313 au-

1951 3361 2081 3417 tem,
2111 3350 2239 3416 Fac,
2270 3364 2338 3404 ne
2362 3347 2468 3404 boc
2486 3347 2732 3421 patiaris.
2762 3346 3101 3417 Voluptatem
3131 3346 3386 3417 praecedit
3410 3362 3534 3418 pro-

1950 3440 2160 3505 missio,
2190 3438 2429 3493 dolorem
2454 3436 2822 3492 comminatio.
2851 3435 2918 3491 Ut
2937 3451 3067 3506 ergo
3102 3434 3331 3495 habeant
3355 3434 3530 3493 benti-

1952 3544 2049 3599 nes
2079 3528 2428 3595 voluptatem,
2454 3525 2542 3580 vel
2570 3539 2676 3579 non
2698 3524 2967 3594 patiantur
2992 3524 3263 3591 dolorem,
3289 3539 3531 3596 peccant.

1954 3611 2079 3675 Ideo
2103 3618 2242 3674 Deus
2257 3625 2443 3671 contra
2465 3616 2563 3670 ista
2585 3614 2711 3681 duo,
2738 3629 2964 3685 quorum
2984 3622 3065 3668 est
3082 3628 3245 3669 unum
3267 3615 3320 3670 in
3339 3614 3533 3679 blanda

1955 3706 2328 3781 promissione,
2359 3706 2585 3760 alterum
2635 3705 2689 3759 in
2740 3704 2964 3760 terribili
3011 3694 3454 3775 comminatione,
3480 3718 3533 3763 et

1957 3800 2265 3873 promittere
2292 3796 2540 3873 dignatus
2578 3805 2659 3851 est
2683 3837 2699 3862 ,
2731 3804 2787 3850 et
2825 3803 3058 3861 terrere;
3099 3794 3406 3873 promittere
3444 3811 3531 3852 rc-

1955 3900 2118 3967 gnum
2146 3891 2428 3952 caelorum,
2462 3864 2665 3945 terrere
2688 3887 2756 3943 de
2786 3884 3061 3959 suppliciis
3086 3872 3405 3949 inferorum.

2025 3979 2251 4039 CAPUT
2303 3977 2369 4035 ιι.
2402 4009 2476 4019 -
2522 3977 2702 4033 Dulcis
2744 3983 2828 4034 est
2869 3975 3143 4047 voluptas,
3189 3975 3285 4033 sed
3329 3975 3538 4033 dulcior

1959 4073 2120 4131 Dens.
2143 4071 2313 4127 Malus
2331 4079 2414 4126 est
2438 4068 2591 4133 dolor
2616 4067 2920 4141 temporalis
2938 4109 2954 4136 ,
2985 4066 3077 4122 sed
3105 4065 3252 4138 pejor
3281 4076 3361 4122 est
3402 4069 3541 4139 ignis

1958 4162 2216 4220 aeternus.
2247 4160 2422 4217 Habes
2442 4160 2581 4232 quod
2609 4174 2756 4215 ames
2783 4174 2879 4228 pro
2899 4159 3075 4214 mundi
3096 4159 3387 4224 amoribus,
3430 4159 3539 4214 inm

1960 4270 2059 4330 pro
2086 4252 2374 4310 immundis
2418 4250 2706 4307 amoribus.
2766 4248 2941 4305 [labes
2977 4248 3118 4322 quod
3174 4250 3394 4317 timeas,
3441 4264 3543 4322 pro
3616 4284 3627 4295 κ.

1960 4346 2144 4407 mundi
2166 4344 2481 4402 terroribus.

2022 4432 2087 4498 9.
2145 4437 2403 4495 Patientia
2441 4447 2491 4492 et
2532 4432 2861 4503 continentia,
2875 4436 3008 4488 dona
3039 4432 3135 4490 Dei
3171 4443 3308 4491 sunt.
3349 4431 3538 4506 Cogni-

1962 4536 2033 4592 tio
2066 4535 2251 4611 gratia:
2274 4529 2375 4587 Dei
2411 4539 2458 4585 et
2493 4526 2768 4602 gratitudo.
2810 4527 2914 4584 Sed
2958 4542 3143 4597 parum
3177 4532 3259 4581 est
3295 4527 3543 4594 moneri,

1962 4627 2063 4684 nisi
2093 4627 2346 4698 impetres
2381 4618 2642 4692 adjuvari.
2679 4617 2920 4674 Praesens
2958 4632 3086 4688 ergo
3119 4614 3354 4688 psalmus
3381 4632 3541 4687 quem

1963 4717 2316 4783 mutavimus,
2345 4710 2528 4771 docuit
2549 4727 2665 4776 nos,
2688 4726 2716 4765 a
2749 4710 2857 4766 Deo
2883 4710 3063 4782 utique
3085 4723 3205 4764 esse
3235 4706 3543 4780 patientiam

1964 4820 2200 4867 nostram
2225 4816 2408 4863 contra
2438 4805 2673 4860 dolores.
2703 4800 2856 4857 Unde
2881 4799 3181 4855 invenimus
3199 4798 3268 4852 ab
3288 4797 3403 4868 ipso
3422 4786 3546 4852 esse

1965 4914 2018 4960 et
2050 4900 2431 4961 continentiam
2467 4905 2705 4952 nostram
2726 4933 2742 4958 ,
2773 4907 2891 4964 quae
2925 4889 3224 4946 necessaria
3249 4899 3333 4975 est
3358 4897 3546 4961 contra
3592 4894 3599 4899 ‘

2029 5054 2049 5117 ξ
2070 5051 2343 5117 Was
2355 5046 2508 5117 adol).
2524 5050 2624 5117 r._t.
2638 5050 2759 5117 κλει
2777 5042 2838 5093 ad
2869 5039 3006 5091 ultu.
3029 5047 3133 5091 Par.
3156 5046 3270 5091 ιον.

2029 5115 2105 5238 lii
2646 5104 2726 5230 fa

2134 5159 2299 5234 suis
2322 5159 2626 5234 prius‘editis
2652 5164 3080 5234 praenotauu,_s§c_
3093 5162 3143 5213 in
3174 5164 3285 5234 ipsa
3315 5159 3459 5213 sese
3498 5170 3551 5215 ει
3656 5214 3665 5219 ,

1967 5224 2405 5289 t-‘ldﬁ'Collectldne
2427 5230 2486 5281 ad
2522 5236 2537 5278 I
2567 5224 2673 5278 Cori
2709 5241 2761 5277 ιι.
2786 5227 2996 5289 Tametsi
3032 5224 3112 5275 hic

1968 5286 2126 5350 ixionis
2144 5300 2469 5350 unusmartyr
2497 5289 2737 5349 laudatur,
2767 5301 2863 5339 non
2884 5286 3078 5350 plures.

1922 5392 1931 5403 ι
1969 5347 2133 5410 sermo
2154 5359 2247 5407 iste
2272 5368 2335 5405 ex
2359 5347 2667 5415 lectionariis,
2690 5347 2936 5415 quibusin
2958 5347 3293 5415 manuscriptis
3321 5352 3552 5415 tramenta

1969 5408 2192 5470 videtnus
2202 5423 2453 5468 minutos
2470 5408 2760 5479 pleramque
2778 5423 2838 5461 ac
2849 5408 3212 5479 festivitatibus
3219 5408 3425 5458 diversis
3439 5418 3552 5479 eam

2180 5479 2444 5546 ωμωιίοιιε
2460 5468 2897 5546 uultis-CW!“
2924 5471 3124 5546 "ibi"?
3478 5468 3551 5546 ἔν’

1971 5527 2630 5594 ἷῆὀῗιεῖἓίὀίῖιιιριέδοιιηίοιιιιε
2649 5536 2713 5584 de
2746 5542 2789 5582 s.
2819 5527 3064 5594 vincentia
3094 5529 3450 5592 descripserant
3481 5527 3552 5594 le.

2217 5620 2240 5647 ι
2258 5603 2310 5667 in
2650 5613 2675 5642 ι
2713 5592 3103 5667 uassilitanorum
3134 5589 3392 5656 martyrum
3428 5589 3548 5642 sale-

2167 5662 2328 5717 ιιιωιιι
2352 5663 2400 5712 ιιι
2416 5661 2546 5711 diem
2570 5654 2942 5721 nonsummum.
3261 5654 3269 5656 ‘
3478 5694 3483 5703 .
