3926 6188
439 259 576 316 13.37

437 371 760 442 volutantes?
773 370 947 426 Habes
959 366 1410 423 evidentissimum
1427 365 1784 421 testimonium
1803 384 1814 417 :
1832 365 2018 419 Etcum

433 468 636 526 sciretu,
657 463 845 532 inquit,
862 461 978 532 quia
1001 475 1147 526 nemo,
1165 465 1327 527 potest
1347 473 1453 511 esse
1473 457 1750 522 continens,
1765 457 1863 510 nisi
1879 455 2017 509 Deus

435 557 555 618 det;
585 563 630 607 et
657 553 750 606 hoc
778 551 944 622 ipsum
965 557 1075 602 erat
1103 548 1366 618 sapientiw
1383 589 1398 612 ,
1426 546 1553 600 scire
1579 547 1727 614 cujus
1757 555 1880 599 esset
1923 546 2017 598 hoc

435 647 624 706 donum
649 643 805 716 (Sup.
833 659 944 707 \‘lll,
969 642 1085 712 ‘21).
1119 641 1260 710 Ergo
1279 640 1321 692 si
1347 638 1511 692 habes
1535 637 1733 707 aliquid
1759 654 1787 689 a
1813 638 1941 699 Deo,
1963 646 2017 690 et

437 737 612 792 nescis
637 753 665 786 a
693 751 800 805 quo
829 735 1044 798 habeas,
1069 750 1173 786 non
1201 733 1308 786 eris
1335 739 1664 795 muneratus,
1696 730 1817 800 quia
1843 745 2014 784 rema-

435 843 532 882 1108
553 828 808 896 ingratus.
828 827 880 881 Si
904 827 1080 881 neseis
1100 841 1128 878 a
1150 840 1256 894 quo
1277 823 1494 887 habeas,
1519 839 1622 876 11011
1644 824 1756 892 agis
1778 822 1973 892 gratias
1997 839 2013 876 :

435 934 542 974 non
569 919 774 988 agendo
798 921 994 988 gratias
1015 958 1029 978 ,
1060 927 1114 972 et
1151 917 1290 986 quod
1322 916 1484 970 habes
1515 915 1713 984 perdis.
1755 914 1855 981 Qui
1882 914 2015 968 enim

434 1008 604 1075 habet,
633 1009 835 1062 dabitur
856 1008 919 1062 ei.
948 1008 1081 1074 Quid
1108 1016 1189 1060 est
1207 1048 1221 1070 ,
1256 1006 1413 1075 plene
1439 1005 1674 1060 habere?
1700 1004 1851 1060 Scire
1875 1004 2016 1060 unde

435 1101 653 1152 habeas.
683 1099 783 1165 Qui
803 1108 971 1151 autem
998 1116 1097 1151 non
1124 1097 1302 1162 habet,
1334 1097 1384 1150 id
1412 1107 1495 1150 est
1513 1136 1529 1158 ,
1555 1097 1723 1150 nescit
1751 1095 1889 1150 unde
1916 1095 2013 1148 ha-

433 1189 588 1252 heat,
615 1199 661 1240 et
686 1189 821 1258 quod
851 1189 995 1240 habet
1027 1193 1283 1257 auferetur
1313 1187 1373 1238 ab
1408 1203 1465 1239 eo
1496 1185 1704 1257 (Matth.
1738 1202 1864 1251 xnt,
1899 1185 2010 1256 12).

432 1280 670 1349 Denique
713 1281 849 1333 sicut
885 1279 1024 1334 idem
1063 1281 1174 1344 ait,
1215 1277 1328 1331 Hoc
1367 1278 1530 1347 ipsum
1570 1288 1676 1344 erat
1716 1279 2010 1347 sapientitc,

429 1373 558 1425 scire
585 1373 730 1442 cujus
757 1382 879 1425 esset
904 1372 998 1425 hoc
1017 1371 1224 1426 donum.
1242 1370 1330 1426 Sic
1347 1381 1400 1426 et
1417 1370 1688 1440 apostolus
1707 1369 1898 1423 Paulus
1916 1370 2008 1434 ait,

429 1477 550 1515 eum
574 1463 975 1516 commendaret
993 1463 1145 1516 nobis
1162 1463 1383 1531 gratiam
1405 1462 1497 1516 Dei
1521 1462 1571 1516 in
1587 1460 1786 1531 Spiritu
1805 1469 2007 1515 sancto.

501 1553 727 1609 CAPUT
765 1553 851 1609 111.
896 1584 968 1595 -
1004 1555 1057 1608 5.
1101 1552 1210 1608 Nos
1249 1564 1415 1608 autem
1455 1541 1554 1607 non
1591 1554 1825 1621 spiritum
1863 1552 2013 1623 hujus

431 1646 609 1700 mundi
634 1647 935 1713 accepimus,
967 1647 1055 1700 sed
1079 1647 1329 1716 Spiritum
1348 1647 1432 1718 qui
1452 1662 1515 1699 ea:
1535 1643 1642 1698 Deo
1662 1655 1751 1699 est.
1778 1646 1839 1699 Et
1861 1643 2012 1715 quasi

430 1737 699 1791 diceretur
734 1737 838 1802 illi,
871 1737 1020 1793 Unde
1061 1738 1359 1793 discernis?
1402 1748 1612 1792 secutus
1644 1735 1911 1806 adjunxit,
1945 1735 2012 1789 Ut

428 1830 643 1883 sciamus
654 1847 764 1900 qua:
779 1829 928 1884 aDeo
949 1831 1134 1884 donata
1154 1841 1269 1885 sunt
1290 1831 1428 1885 nobis
1445 1833 1462 1902 (
1482 1827 1628 1884 lCor.
1651 1846 1707 1892 ιι,
1735 1829 1843 1900 12).
1870 1827 2011 1898 Ergo

429 1916 659 1987 Spiritus
691 1921 815 1983 Dei,
862 1919 1091 1989 Spiritus
1128 1931 1209 1976 est
1251 1921 1525 1975 charitatis
1555 1938 1568 1974 :
1598 1919 1814 1989 spiritus
1856 1918 2009 1988 hujus

429 2008 650 2074 mundi,
692 2010 909 2078 spiritus
951 2018 1034 2065 est
1075 2011 1340 2064 elationis.
1381 2010 1480 2077 Qui
1523 2010 1722 2064 habent
1764 2009 2006 2078 spiritum

428 2099 588 2169 hujus
618 2101 821 2168 mundi,
845 2103 1057 2172 superbi
1089 2112 1238 2166 sunt,
1273 2104 1460 2173 ingrati
1502 2112 1625 2156 sunt
1662 2103 1789 2158 Deo.
1818 2101 1965 2158 Multi
1988 2102 2007 2134 ι

427 2191 567 2245 dona
597 2191 712 2262 ejus
735 2192 951 2259 habent,
981 2193 1073 2248 sed
1100 2210 1204 2248 non
1231 2195 1415 2248 colunt
1440 2207 1560 2248 eum
1587 2209 1614 2246 a
1643 2210 1747 2264 quo
1769 2193 1966 2249 habent
1990 2210 2004 2248 :

428 2280 548 2336 ideo
575 2291 698 2336 sunt
734 2283 991 2338 infelices.
1026 2283 1324 2352 Aliquando
1357 2298 1495 2337 unus
1532 2283 1692 2338 habet
1721 2283 1859 2338 dona
1890 2299 2010 2338 ma--

420 2372 560 2443 jora,
585 2375 720 2429 alter
745 2374 904 2429 habet
927 2375 1130 2429 minora
1155 2393 1168 2429 ε
1191 2374 1337 2429 verbi
1361 2376 1550 2445 gratia,
1577 2375 2002 2446 intelligentiam,

423 2466 758 2520 memoriam.
789 2465 933 2519 Dona
961 2466 1052 2520 Dei
1084 2474 1228 2520 sunt.
1272 2464 1480 2519 Iuvenis
1506 2465 1790 2534 aliquando
1831 2467 2005 2520 homi-

424 2570 545 2607 nem
575 2555 937 2609 acutissimum
959 2597 973 2622 ,
1005 2571 1294 2610 memorem
1327 2555 1392 2609 ad
1435 2555 1796 2611 incredibilem
1833 2557 2005 2612 admi-

422 2643 718 2707 rationem;
756 2643 965 2698 iuvenis
1007 2646 1168 2698 alium
1205 2659 1370 2715 parvo
1401 2645 1704 2711 intellectu,
1745 2650 2003 2702 memoria

422 2747 528 2788 non
551 2733 746 2800 tenaci,
767 2733 860 2788 sed
883 2743 1109 2804 utroque
1131 2750 1292 2805 parvo
1313 2735 1593 2805 praeditum
1619 2755 1632 2790 :
1659 2737 1803 2791 illum
1826 2749 2002 2794 autem

420 2827 736 2896 superbum,
758 2827 918 2884 istum
947 2829 1199 2885 humilem
1224 2849 1237 2896 ;
1272 2833 1430 2886 istmn
1454 2832 1520 2887 dc
1541 2833 1716 2903 parvis
1745 2834 1855 2889 Deo
1879 2849 2002 2905 gra-

421 2918 520 2971 tias
543 2929 786 2988 agentem
808 2959 825 2986 ,
854 2920 1000 2975 illum
1028 2922 1228 2990 majora
1253 2923 1352 2977 sibi
1385 2924 1724 2980 tribuentem.

490 3007 718 3064 CAPUT
760 3009 849 3065 ιν.
899 3041 971 3052 --
1011 3012 1199 3069 Melior
1243 3023 1325 3069 est
1362 3015 1848 3082 incomparabiliter
1891 3017 2002 3073 Deo
2041 3073 2044 3076 .

417 3098 616 3166 gratias
636 3115 800 3168 agens
827 3102 895 3156 de
923 3118 1105 3171 parvo,
1135 3121 1292 3173 quam
1317 3119 1376 3158 se
1400 3105 1664 3159 extollens
1691 3105 1758 3161 de
1785 3121 1996 3178 magno.

420 3190 569 3242 Illum
605 3191 746 3243 0111111
777 3193 864 3260 qui
900 3191 967 3247 de
1001 3208 1162 3261 parvo
1206 3195 1400 3264 gratias
1444 3196 1588 3264 agit,
1639 3191 1705 3250 ad
1749 3212 1998 3268 magnum

420 3278 561 3333 Deus
591 3279 819 3333 admittit
845 3298 858 3333 :
884 3282 972 3350 qui
997 3292 1172 3336 autem
1201 3282 1266 3337 de
1293 3283 1497 3354 magnis
1517 3285 1712 3354 gratias
1737 3301 1841 3341 non
1867 3289 1993 3358 agit,

416 3372 638 3442 etquod
670 3371 830 3426 habet
878 3373 1091 3427 amittit.
1143 3371 1242 3440 Qui
1281 3376 1413 3428 enim
1447 3377 1627 3443 habet,
1667 3378 1868 3431 dubitur
1910 3380 1999 3445 ei;

415 3462 502 3532 qui
528 3474 695 3516 autem
733 3479 832 3516 non
868 3463 1049 3530 habet,
1089 3474 1136 3516 et
1173 3465 1308 3534 quod
1345 3465 1489 3518 habet
1527 3466 1783 3534 auferetur
1821 3468 1884 3522 ab
1917 3485 1994 3524 eo.

415 3554 696 3621 Quomodo
723 3570 824 3608 non
856 3554 1045 3617 habet,
1083 3554 1126 3609 si
1167 3553 1366 3610 habet?
1399 3556 1515 3611 Non
1557 3557 1760 3613 habens
1801 3559 1994 3628 habet,

416 3648 505 3716 qui
536 3647 702 3700 nescit
731 3647 868 3702 unde
903 3647 1112 3702 haheat.
1146 3647 1188 3701 Τ
1189 3650 1368 3704 01111111·
1393 3636 1536 3705 enim
1567 3667 1594 3704 a
1623 3652 1733 3706 Deo
1754 3667 1842 3709 res
1861 3670 1955 3709 sua
1977 3696 1993 3722 ,

413 3747 468 3792 et
492 3747 729 3792 remanet
757 3739 831 3794 illi
857 3741 1104 3811 iniquitas
1126 3757 1238 3796 sua.
1267 3741 1406 3814 Ergo
1433 3761 1578 3799 nemo
1603 3756 1684 3799 est
1713 3749 2008 3814 contineas,

415 3829 511 3883 nisi
547 3826 680 3882 Deus
704 3829 803 3882 det.
841 3829 1011 3885 llabes
1039 3846 1232 3885 munus
1265 3843 1449 3887 contra
1476 3835 1774 3904 voluptates
1805 3854 1818 3889 :
1849 3838 1995 3906 Quo-

414 3921 562 3999 niam‘
591 3921 684 3975 hoc
719 3921 918 3992 ipsum,
966 3923 1164 3992 inquit,
1200 3935 1310 3977 erat
1351 3926 1643 3995 sapientite,
1685 3928 1814 3981 scire
1851 3930 1996 3999 cujus

411 3985 674 4066 esset‘ltoc
707 4011 897 4066 donum
933 4028 952 4067 :
977 4031 1120 4068 nemo
1155 4025 1237 4088 est
1274 4017 1551 4080 continens,
1591 4018 1688 4072 nisi
1718 4018 1853 4073 Deus
1887 4017 1990 4074 det.

415 4099 589 4154 llabes
616 4116 808 4156 munus
833 4113 1017 4158 contra
1060 4103 1276 4160 dolores
1309 4123 1323 4161 :
1356 4107 1608 4174 Quoniam
1641 4108 1703 4162 ab
1741 4111 1850 4181 ipso
1884 4121 1990 4178 est,

412 4190 602 4263 inquit,
636 4196 879 4263 patientia
900 4213 1028 4250 mea.
1059 4197 1200 4269 Ergo
1227 4209 1424 4268 sperate
1447 4201 1498 4254 in
1525 4217 1666 4264 eum,
1696 4219 1843 4257 omne
1867 4221 1985 4259 con-

411 4282 585 4336 cilium
625 4285 806 4355 plebis.
854 4286 908 4341 ln
945 4303 1065 4342 eum
1102 4302 1347 4360 sperate,
1380 4291 1545 4348 nolite
1572 4294 1764 4348 vestris
1792 4295 1992 4350 viribus

413 4373 596 4431 tidere.
632 4375 709 4431 illi
749 4379 1077 4436 conlitemiui
1118 4385 1254 4437 mala
1298 4395 1505 4452 vestra,
1547 4388 1615 4442 ab
1648 4387 1741 4442 illo
1779 4398 1992 4458 sperate

410 4463 548 4518 bona
584 4476 783 4522 vestra.
812 4468 939 4524 Sine
971 4472 1111 4526 illius
1137 4473 1404 4543 adjutorio
1440 4476 1569 4530 nihil
1599 4478 1750 4535 eritis
1771 4522 1785 4548 ,
1814 4497 1988 4552 quan-

411 4567 750 4628 tumcumque
796 4560 1013 4629 superbi
1058 4561 1280 4620 fueritis.
1324 4567 1464 4637 Ergo
1501 4579 1558 4624 ut
1600 4571 1828 4629 humiles
1869 4590 1990 4631 esse

411 4651 649 4716 valeatis,
675 4651 920 4718 effundite
938 4671 1106 4708 coram
1127 4657 1216 4714 illo
1238 4660 1392 4712 corda
1413 4673 1595 4716 vestra.
1626 4665 1692 4719 Et
1720 4683 1786 4722 ne
1808 4668 1860 4723 in
1892 4685 1987 4723 vo-

396 4735 489 4795 bis
516 4741 655 4797 male
685 4744 1038 4825 remaneatis,
1079 4746 1237 4804 dicite
1261 4749 1403 4820 quod
1431 4754 1696 4823 sequitur,
1727 4756 1862 4812 Dms
1889 4760 1986 4813 ad-

345 4893 356 4906 ⁸
401 4835 548 4906 jutor
575 4845 743 4889 noster
769 4846 841 4890 est
872 4835 1044 4908 (Psal.
1079 4855 1168 4894 LXI
1190 4881 1204 4906 ,
1233 4841 1313 4913 9).

477 4925 704 4982 CAPUT
725 4927 788 4982 V.
803 4959 868 4970 —-
883 4929 936 4985 4.
961 4929 1089 4986 Vera
1110 4942 1156 4988 et
1169 4936 1302 5006 falsa
1321 4939 1577 5008 patientia.
1603 4940 1788 4998 Contra
1804 4942 1983 5001 Dona-

404 5020 569 5074 tistas.
593 5019 744 5086 llunc
763 5021 1082 5092 adjutorem,
1102 5039 1159 5081 ut
1180 5029 1430 5098 vinceret,
1459 5032 1643 5089 11001118
1662 5036 1860 5111 Martyr
1885 5041 1982 5095 ha-

403 5109 512 5165 lutit
524 5127 699 5176 ,quent
723 5114 1158 5186 miramur,cujus
1170 5121 1560 5179 solemnitatem
1576 5125 1731 5183 hodie
1745 5109 1982 5188 celebra-

403 5213 543 5255 mus.
572 5199 699 5258 Sinc
741 5203 833 5258 illo
875 5221 980 5260 non
1026 5207 1280 5265 vinceret.
1311 5212 1378 5267 Et
1404 5213 1449 5267 si
1471 5213 1684 5274 dolores
1713 5220 1976 5291 vinceret,

401 5290 670 5345 diabolum
689 5307 794 5346 non
817 5295 1072 5351 vinceret.
1089 5298 1388 5370 Aliquando
1405 5305 1545 5361 enim
1564 5308 1684 5364 victi
1701 5324 1729 5363 a
1747 5311 1984 5390 diabolo,

401 5381 623 5439 vincunt
646 5383 892 5448 dolores;
924 5405 1028 5443 non
1061 5390 1318 5451 habentes
1344 5396 1677 5467 patientiam,
1704 5404 1799 5460 sed
1827 5381 1978 5463 111111-ἰ

404 5473 556 5526 tiain.
590 5474 682 5530 1110
709 5491 837 5548 ergo
876 5479 1094 5549 adjutor
1118 5484 1316 5548 adfuit,
1361 5495 1420 5543 ut
1457 5489 1682 5550 donaret
1719 5497 1767 5550 ei
1799 5513 1976 5555 veram

403 5561 435 5616 ii
457 5564 596 5632 lem,
625 5567 822 5626 iaceret
847 5573 894 5628 ei
933 5574 1126 5630 bonum
1162 5593 1374 5635 causam
1393 5623 1408 5647 ,
1447 5593 1501 5639 01
1529 5600 1626 5655 pro
1655 5588 1790 5645 bona
1818 5608 1975 5650 causa

463 5675 566 5728 ⁸810
587 5678 767 5742 aliquot
791 5683 916 5734 libri.
946 5695 999 5738 At
1024 5694 1153 5755 Ima;
1179 5691 1343 5745 multa.

1671 253 1732 307 S.
1771 250 2139 307 AUCUSTINI
2179 253 2474 311 EPISCOH

3574 266 3711 322 1288

2125 365 2350 424 donaret
2376 370 2686 438 patientiam
2739 373 2889 428 Tune
2916 375 3058 430 enim
3085 389 3164 432 est
3194 379 3465 448 patietnia,
3495 390 3712 452 quando

2122 459 2373 525 ιιι-10001111
2395 461 2531 514 bona
2560 477 2740 517 causa.
2769 464 2884 518 Non
2919 481 3062 520 0111111
3103 478 3156 522 et
3194 470 3357 538 ipsum
3388 470 3549 526 11110111
3577 475 3711 529 alius

2117 563 2276 617 quam
2307 552 2448 607 Deus
2489 552 2672 608 donat.
2719 556 2962 612 Breviter
2999 571 3281 630 utrumque
3314 565 3706 620 commendavit

2119 639 2407 706 Apostolus
2426 683 2442 706 ,
2473 651 2528 697 01
2557 658 2771 698 causam
2806 662 2902 715 pro
2935 663 3039 717 qua
3080 650 3344 719 patiamur
3365 693 3381 718 ,
3412 664 3472 708 et
3503 656 3707 722 patim-

2119 731 2246 784 tiam
2273 747 2373 801 qua
2398 736 2536 788 mala
2570 737 2918 806 perieramus,
2943 758 2974 793 a
3005 742 3114 796 Deo
3141 745 3294 798 nobis
3319 761 3459 800 esse.
3495 747 3704 802 Exhor-

2118 831 2238 876 tans
2262 823 2403 878 enim
2443 839 2708 898 martyres
2732 829 2808 884 ait
2849 849 2862 884 :
2898 831 3030 899 Quia
3059 833 3197 888 vobis
3233 835 3480 890 donatum
3514 848 3588 892 est
3617 857 3706 909 pro

2118 909 2336 966 Christo.
2373 915 2511 972 Ecce
2537 933 2699 974 causa
2733 921 2890 985 bona,
2913 925 3034 992 quia
3069 940 3165 994 pro
3190 925 3404 981 Christo
3433 947 3446 983 :
3477 945 3585 984 non
3615 947 3706 999 pro

2115 1004 2395 1073 sacrilegio
2437 1018 2624 1062 contra
2682 1009 2989 1076 Christum,
3045 1031 3144 1084 pro
3187 1015 3378 1072 haeresi
3429 1028 3485 1073 01
3531 1020 3702 1074 schis-

2116 1104 2261 1150 mate
2310 1107 2495 1152 contra
2555 1100 2852 1157 Christum.
2911 1105 3162 1162 Christus
3213 1110 3356 1164 enim
3406 1113 3484 1164 ait
3532 1131 3546 1166 :
3608 1113 3704 1181 Qui

2117 1181 2308 1242 mecum
2329 1205 2426 1242 non
2449 1191 2661 1262 colligit,
2685 1197 2882 1266 spargit
2905 1196 3056 1266 (Luc.
3085 1215 3163 1260 Il,
3186 1200 3304 1268 25).
3335 1203 3497 1272 Ergo,
3532 1201 3698 1263 Vobis.

2115 1277 2318 1348 inquit,
2346 1281 2590 1336 donatum
2609 1295 2682 1338 est
2707 1302 2801 1355 pro
2825 1283 3026 1342 Christo
3041 1331 3058 1354 ,
3089 1306 3190 1344 nou
3216 1292 3380 1345 solum
3406 1303 3460 1345 ut
3485 1296 3702 1348 credatis

2113 1367 2166 1422 in
2192 1385 2324 1434 eum,
2357 1371 2447 1424 sed
2471 1373 2621 1426 etiam
2645 1383 2702 1427 ut
2726 1377 2995 1444 patiamini
3014 1371 3192 1447 pro'eo
3216 1379 3476 1453 (Philipp.
3502 1401 3514 1436 1
3537 1426 3553 1447 ,
3586 1385 3698 1454 29).

2113 1460 2238 1516 Hinc
2260 1472 2344 1517 est
2372 1479 2495 1519 vera
2527 1467 2799 1534 patientia.
2833 1469 2982 1525 lianc
3009 1487 3138 1541 ergo
3180 1475 3489 1542 patientiam
3519 1476 3703 1545 diliga-

2113 1568 2267 1620 mus,
2301 1554 2436 1611 haue
2469 1565 2748 1613 teneamus
2777 1569 2870 1615 :et
2893 1562 2938 1615 si
2959 1562 3198 1618 nendum
3229 1563 3525 1629 habemus,
3558 1578 3700 1637 peta-

2113 1658 2264 1706 mus;
2293 1653 2349 1699 01
2386 1655 2531 1701 recte
2555 1656 2865 1715 cantmnus,
2897 1650 3007 1705 Deo
3035 1654 3330 1724 subjicietur
3353 1656 3531 1709 anima
3559 1673 3698 1720 mea,

2111 1737 2347 1804 quoniam
2367 1737 2428 1792 ab
2453 1739 2561 1810 ipso
2582 1751 2654 1794 est
2675 1743 2920 1810 patientia
2939 1761 3076 1801 mea.

2512 1851 2740 1910 SERllO
2775 1853 3124 1913 CCLXXXIV
3156 1864 3172 1883 ⁶
3203 1859 3300 1932 (a).

2337 1946 2387 1989 ln
2417 1940 2565 1990 Natali
2597 1950 2856 2006 martyrum
2889 1947 3079 1997 Mariaui
3111 1956 3165 1999 et
3191 1952 3353 2002 Jacobi
3386 1951 3482 2015 (b).

2185 2045 2235 2097 1.
2304 2044 2588 2117 Martyrum
2653 2051 2932 2119 patientia,
2993 2054 3183 2108 donum
3239 2054 3358 2111 Dei.
3428 2058 3698 2116 1101110100

2109 2132 2198 2189 1110
2247 2135 2501 2192 reddendi
2556 2141 2724 2195 nostri
2769 2141 2931 2197 debiti
2953 2184 2968 2207 ,
3018 2146 3247 2215 propitio
3293 2148 3440 2215 Deo,
3489 2159 3696 2220 tempus

2109 2222 2301 2279 illuxit.
2330 2225 2462 2282 Cum
2492 2243 2619 2299 ergo
2643 2230 2820 2286 demti
2845 2233 2952 2288 sint
2983 2234 3276 2302 debitores,
3310 2254 3480 2308 quare
3505 2245 3698 2298 tumui-

2110 2324 2324 2372 tuantur
2345 2323 2656 2376 exactores?
2683 2322 2738 2379 Si
2765 2327 3002 2380 omnium
3032 2335 3241 2385 mentes
3265 2332 3478 2400 quietas
3506 2333 3698 2388 habea-

2107 2423 2261 2472 mus,
2297 2409 2363 2464 ad
2399 2425 2588 2468 omnes
2621 2423 2797 2483 potest
2824 2419 3104 2486 pervenire
3129 2420 3269 2490 quod
3296 2423 3593 2478 reddimus.
3627 2425 3697 2481 De

2107 2499 2354 2567 passione
2369 2503 2601 2572 etgloria
2617 2515 2924 2562 sanctorum
2943 2519 3237 2589 martyrum
3250 2526 3434 2568 sermo
3447 2515 3693 2571 debetur.

2106 2587 2369 2655 Quoniam
2391 2607 2520 2663 ergo
2549 2595 2622 2650 illi
2643 2595 3032 2664 gloriosissime
3051 2587 3196 2670 passi
3215 2613 3363 2670 sunt,
3385 2607 3695 2674 patientiam

2105 2678 2260 2732 nobis
2283 2680 2542 2738 indicunt.
2569 2684 2909 2743 Pertulerunt
2927 2704 3056 2760 ergo
3077 2691 3153 2746 illi
3182 2693 3368 2750 turbas
3385 2699 3693 2763 saevientes,

2105 2783 2208 2829 nos
2247 2768 2538 2828 habeamus
2579 2777 2804 2845 populos
2831 2781 3269 2850 acquiesceutes,
3297 2785 3420 2854 quia
3464 2787 3696 2844 vidius

2105 2860 2404 2916 credentes.
2437 2863 2726 2922 Laudanda
2747 2878 2832 2924 est
2857 2881 3155 2944 martyrum
3182 2879 3507 2944 constantia,
3529 2880 3629 2935 sed
3649 2883 3695 2936 ci

2104 2950 2380 3008 laudanda:
2423 2970 2544 3025 qua:
2585 2955 2785 3014 suitieit
2826 2960 3171 3031 eloquentia?
3225 2964 3450 3032 Quando
3497 2969 3697 3041 impleo

2102 3040 2368 3112 loquemlo
2389 3085 2404 3108 ,
2427 3045 2570 3114 quod
2598 3049 2792 3104 vestris
2817 3052 3072 3108 cordibus
3105 3052 3301 3110 factum
3327 3067 3411 3112 est
3433 3058 3551 3128 jam
3579 3040 3696 3116 cre-

2100 3132 2317 3188 dendo?
2345 3135 2494 3191 Linde
2519 3147 2696 3196 autem
2730 3150 2929 3196 tantum
2956 3143 3154 3200 donum
3182 3148 3488 3218 patientia?
3519 3151 3691 3219 Unde,

2101 3224 2204 3280 nisi
2243 3225 2385 3281 unde
2425 3229 2800 3287 omne'datum
2838 3235 3136 3303 optimum?
3162 3236 3314 3294 Unde
3340 3239 3528 3296 datum
3556 3247 3694 3313 opti-

2101 3331 2278 3381 11111111,
2321 3318 2422 3374 nisi
2462 3320 2601 3376 unde
2637 3322 2836 3378 donum
2877 3325 3218 3395 perfectum?
3251 3329 3341 3386 Sic
3369 3333 3514 3387 enim
3541 3346 3599 3389 01
3624 3337 3692 3392 ibi

2099 3406 2354 3477 scriptum
2385 3419 2466 3465 est
2487 3452 2502 3476 ,
2540 3431 2558 3462 1
2596 3414 2854 3470 Patientia
2886 3427 3063 3474 autem
3091 3433 3227 3491 Opus
3263 3423 3562 3492 perfectum
3601 3427 3692 3481 ba-

2099 3499 2206 3556 bet.
2250 3501 2455 3570 0111110,
2503 3523 2523 3556 1
2571 3505 2779 3576 inquit,
2825 3527 2844 3561 1
2889 3511 3074 3589 datum
3111 3514 3374 3583 Optimum
3425 3527 3486 3573 et
3531 3537 3690 3576 11111110

2099 3591 2299 3648 1101111111
2341 3597 2632 3664 perlectum
2669 3610 2753 3657 est
2790 3601 3124 3662 descendens
3153 3623 3181 3661 11
3213 3608 3374 3666 Patre
3401 3612 3683 3682 luminum,

2097 3686 2235 3755 apud
2263 3704 2420 3757 quem
2448 3706 2552 3745 non
2576 3702 2660 3748 est
2685 3699 3078 3765 transmutatio,
3098 3714 3197 3755 nec
3214 3706 3474 3758 momenti
3496 3705 3683 3762 obum-

2095 3775 2268 3832 bratio
2289 3797 2308 3829 1
2340 3778 2541 3849 (Jacobi
2559 3799 2599 3847 1,
2625 3785 2678 3850 4,
2694 3786 2892 3856 17).Δο
2907 3789 3164 3846 humanas
3180 3803 3389 3849 mentes
3405 3799 3688 3853 mutabiles

2095 3865 2164 3922 de
2187 3866 2334 3923 l‘outc
2359 3870 2672 3928 imumtabili
2700 3875 2979 3934 descendit
3009 3881 3283 3950 patientia,
3314 3899 3438 3955 qua:
3464 3897 3520 3942 et
3544 3889 3684 3959 ipsas

2096 3953 2256 4010 hiciat
2290 3958 2671 4018 immutabiles.
2707 3963 2858 4022 Uade
2883 3966 3083 4025 homini
3115 3953 3502 4042 placere‘Deo,
3530 3953 3630 4034 nisi
3655 3997 3683 4034 a

2099 4044 2249 4100 Deo?
2271 4047 2422 4104 Unde
2450 4051 2652 4108 homini
2681 4053 2822 4111 bona
2844 4059 2972 4126 vita,
2995 4061 3097 4116 nisi
3121 4079 3151 4116 a
3174 4063 3322 4120 fonte
3341 4067 3509 4121 vitae?
3533 4070 3685 4126 1111110

2098 4137 2297 4194 1101111111
2328 4142 2642 4201 illuminatio
2660 4189 2675 4214 ,
2714 4149 2816 4204 nisi
2842 4151 2910 4206 ab
2933 4162 3134 4209 a-terno
3161 4156 3402 4214 lumine?
3429 4161 3684 4228 Quoniam

2092 4233 2231 4302 apud
2250 4242 2298 4285 te
2325 4242 2417 4300 est,
2447 4235 2634 4307 inquit,
2669 4243 2785 4310 fons
2808 4243 2943 4299 uiue.
2964 4247 3114 4315 Apud
3133 4255 3181 4302 te
3202 4260 3275 4303 est
3295 4290 3308 4314 ,
3342 4252 3516 4323 inquit
3549 4275 3564 4310 :
3593 4273 3683 4326 po-

2095 4333 2261 4380 teram
2283 4327 2494 4396 dicere,
2519 4332 2559 4386 Α
2591 4347 2715 4398 1110;
2750 4334 2845 4390 sed
2871 4338 2920 4391 si
2949 4338 3172 4408 dixero,
3204 4341 3249 4396 Α
3277 4359 3399 4407 me,
3433 4348 3628 4403 recedo
3652 4366 3679 4404 a

2095 4424 2166 4471 te.
2192 4419 2346 4489 Apud
2365 4431 2413 4476 te
2434 4438 2562 4493 ergo
2582 4424 2698 4492 fons
2723 4427 2856 4481 vita.
2889 4426 2957 4482 In
2994 4430 3182 4485 lumine
3207 4443 3292 4486 tuo
3309 4449 3332 4498 ,°
3363 4451 3471 4492 non
3501 4440 3552 4492 in
3583 4456 3680 4495 no-

2092 4518 2205 4564 stro
2233 4528 2245 4562 :
2270 4510 2337 4565 In
2365 4513 2554 4568 lumine
2581 4525 2668 4569 tuo
2690 4517 2964 4574 ridebimus
2984 4519 3151 4576 lumen
3173 4521 3346 4594 (Psal.
3365 4541 3533 4596 xxxv,
3567 4533 3674 4601 10).

2093 4597 2255 4666 Ergo,
2289 4602 2519 4658 Accedite
2537 4605 2606 4659 ad
2629 4622 2774 4672 eum,
2805 4619 2851 4662 et
2884 4610 3248 4669 illuminandni
3271 4615 3449 4686 (Psal.
3477 4597 3670 4686 nam,

2091 4691 2169 4763 6).
2202 4692 2343 4750 Fons
2367 4708 2448 4752 est
2477 4698 2631 4762 vitae;
2658 4700 2880 4766 accede,
2907 4701 3049 4768 bibe,
3075 4711 3129 4760 et
3155 4706 3274 4763 vive
3300 4725 3314 4760 :
3351 4710 3536 4766 lumen
3562 4725 3665 4776 est:

2089 4783 2310 4849 accede,
2333 4801 2484 4856 cape,
2511 4797 2568 4842 et
2586 4789 2728 4845 vide.
2751 4789 2808 4845 Si
2833 4808 2940 4847 non
2969 4793 3156 4850 inﬂuat
3175 4796 3273 4852 ille
3294 4839 3310 4861 ,
3344 4801 3522 4856 siccus
3548 4805 3662 4858 eris.

2158 4874 2212 4928 2.
2258 4877 2510 4950 Martyres
2551 4881 2811 4936 blanditiis
2849 4887 3133 4940 carnalium
3173 4900 3440 4958 parentant
3483 4897 3669 4951 tentati.

2090 4964 2316 5021 Mariani
2342 4981 2502 5024 mater
2527 4971 2698 5027 Maria
2725 4976 2779 5028 in
2805 4975 2902 5044 ﬁlii
2928 4977 3008 5030 sui
3024 4979 3259 5047 passione
3275 4984 3522 5038 exsultat.
3546 4985 3670 5041 111110

2087 5075 2215 5130 ergo
2239 5074 2502 5135 martyres
2529 5067 2716 5134 nostri,
2743 5067 2864 5123 hinc
2889 5069 3174 5126 biberunt:
3199 5072 3325 5128 hinc
3349 5076 3543 5133 ebriati
3565 5096 3663 5134 non

2086 5163 2414 5220 agnoverunt
2431 5169 2576 5211 suos.
2599 5157 2768 5225 Quam
2791 5160 2986 5216 multos
3005 5163 3148 5217 enim
3170 5175 3438 5237 martyres
3460 5181 3666 5226 sanctos

2148 5283 2167 5346 έ
2191 5284 2273 5334 Hic
2292 5299 2456 5346 sermo
2477 5289 2655 5338 nostris
2675 5290 2725 5340 in
2742 5298 2849 5341 uss.
2868 5307 2963 5342 non
2989 5295 3229 5346 inventus.

2146 5345 2391 5458 (:L:lias,
2432 5350 2453 5398 1
2491 5353 2618 5400 111101
2651 5352 2807 5403 editos
2851 5367 2913 5404 ex
2957 5345 3168 5420 majoris
3191 5361 3456 5411 Carthasim
3506 5379 3662 5414 tumm-

2144 5468 2476 5580 (bg’rztarianus
2499 5471 2651 5548 lector
2675 5482 2725 5524 et
2748 5477 2948 5550 ἴ1110011118
2968 5478 3203 5554 diaconus
3234 5483 3283 5532 in
3319 5488 3663 5580 martyr-elogiis~

2144 5530 2192 5580 le
2279 5539 2390 5580 ntur
2411 5533 2491 5580 die
2514 5534 2679 5580 altilis
2700 5545 2974 5580 nitrosum,-
2999 5543 3047 5580 in
3071 5552 3272 5580 annmm
3311 5555 3477 5580 mum“
3515 5555 3580 5580 ια
3613 5563 3658 5580 .ι.

2080 5530 2397 5607 celebrantur
2411 5533 2491 5582 die
2514 5534 2679 5607 anilis
2700 5539 2974 5607 trigesima;
2999 5543 3048 5591 in
3071 5530 3282 5607 antiquo,
3311 5530 3488 5596 adfati

2078 5593 2164 5672 sire
2185 5593 2569 5672 Carthaginiensis
2579 5593 2879 5672 calendario,
2907 5593 2988 5650 die
3010 5612 3150 5672 sexta
3173 5593 3304 5672 mali.
3334 5593 3659 5672 λῑὰιῖίξτὶῶιῖἰη

2081 5651 2312 5730 1910110111
2410 5651 2590 5730 Calicni
2615 5651 2956 5720 persecutione
2989 5651 3116 5730 asini
3137 5651 3657 5720 mnsésa'ﬁi'sma

2077 5715 2320 5768 dvitatem
2343 5717 2483 5766 simul
2507 5715 2912 5774 consummat-unt.
