3926 6188
318 331 459 389 ιειιιθ

319 458 565 517 putamus
605 447 994 517 pmpinquante
1037 444 1325 514 passione,
1362 442 1631 497 blanditiis
1677 454 1895 496 suorum

316 538 480 595 fuisse
510 547 762 605 tentatos,
793 537 1100 593 conantium
1127 549 1219 590 eos
1249 534 1314 589 ad
1347 533 1506 603 hujus
1532 532 1652 586 vitae
1688 541 1897 602 tempo-

318 631 484 686 ralem
510 639 568 686 et
604 644 794 684 vanam
832 636 887 685 et
927 627 1199 699 fugitivam
1230 624 1564 680 dulcedinem
1607 624 1897 678 revocare?

316 722 423 778 Sed
463 721 536 776 illi
574 720 665 791 qui
703 718 771 775 de
814 719 991 784 fonte,
1029 717 1118 788 qui
1148 726 1232 772 est
1259 714 1399 786 amid
1429 716 1639 772 Deum:
1655 715 1898 769 sitientes

317 813 592 876 biberant,
621 819 677 866 et
706 810 950 865 inebriati
975 817 1160 873 erant,
1182 806 1451 862 Christum
1482 804 1787 860 conﬁtendo
1806 820 1898 857 ru-

318 905 597 970 etuabant;
635 917 760 958 suos
785 902 1029 957 carnales
1057 909 1112 956 et
1137 901 1264 955 vino
1288 899 1486 954 erroris
1514 897 1693 952 ebrios
1711 938 1727 962 ,
1763 895 1901 951 male

316 1004 577 1060 amantes,
599 1005 655 1050 et
681 993 955 1049 suadendo
980 1008 1011 1048 a
1044 992 1152 1046 vita
1181 999 1491 1046 revocantes
1525 1003 1628 1042 non
1659 984 1901 1042 attende—

317 1088 465 1151 bant,
492 1100 597 1141 non
622 1084 999 1156 agnoscebant.
1028 1081 1145 1137 Non
1172 1096 1239 1137 ex
1272 1080 1374 1134 illis
1402 1088 1517 1135 erat
1543 1076 1758 1131 Mariani
1788 1090 1902 1130 ma-

317 1185 430 1241 ter,
458 1168 567 1230 non
593 1190 662 1230 ex
690 1173 795 1228 illis
835 1172 975 1228 male
1008 1170 1383 1231 suadentibus,
1422 1166 1712 1222 carnaliter
1747 1165 1901 1220 blan-

318 1268 617 1333 dientibus,
658 1265 888 1320 amando
927 1262 1315 1334 decipientibus
1348 1279 1360 1315 :
1391 1276 1495 1315 non
1540 1268 1656 1315 erat
1695 1273 1757 1313 ex
1801 1258 1902 1312 illis

317 1361 489 1414 sancti
518 1358 736 1413 Mariani
763 1367 952 1413 mater.
974 1355 1177 1412 Nomen
1201 1368 1305 1410 non
1328 1354 1485 1408 inane
1506 1350 1770 1424 portabat,
1798 1368 1900 1405 non

321 1452 516 1505 frustra
544 1449 706 1504 Maria
732 1449 1021 1505 vocabatur
1052 1444 1126 1519 (a)
1155 1465 1171 1502 :
1205 1445 1398 1501 mulier
1423 1444 1636 1516 quidem
1663 1443 1771 1507 illa,
1795 1458 1902 1497 non

320 1543 490 1612 virgo,
534 1556 639 1595 non
671 1542 867 1597 intacta
896 1538 963 1595 de
989 1536 1187 1607 Spiritu
1224 1545 1442 1601 sancto,
1475 1534 1569 1589 sed
1597 1542 1772 1589 tamen
1804 1548 1901 1599 pu-

317 1632 434 1688 dica
461 1631 529 1687 de
559 1631 750 1686 marito
768 1672 785 1698 ,
816 1629 922 1684 tale
946 1632 1138 1700 pignus
1183 1634 1493 1697 pepererat,
1521 1623 1666 1695 quod
1695 1622 1759 1677 ad
1789 1623 1904 1692 glo—

320 1723 664 1779 riosissimam
715 1720 1016 1791 passionem
1059 1720 1173 1774 suis
1219 1718 1396 1789 potius
1444 1715 1904 1773 exhortationibus

319 1816 634 1881 deducebat,
658 1829 817 1886 quam
840 1813 964 1868 inde
985 1812 1099 1868 suis
1121 1812 1277 1867 malis
1300 1809 1572 1865 blanditiis
1598 1809 1899 1864 remeabat.

320 1910 365 1963 Ο
391 1916 574 1963 sancta
600 1916 655 1962 et
687 1915 743 1961 tu
768 1905 929 1960 Maria
953 1947 968 1973 ,
999 1904 1171 1974 impar
1194 1901 1406 1974 quidem
1435 1901 1655 1963 merito,
1685 1900 1778 1956 sed
1811 1916 1905 1970 par

321 2001 476 2055 voto!
511 1998 635 2055 felix
671 2007 728 2055 et
770 1999 856 2053 tu!
889 1999 952 2053 Pt
966 1999 1102 2068 perit
1127 1997 1217 2051 illa
1244 2004 1537 2067 martyrum
1567 1994 1900 2064 Priuripem,

321 2090 573 2161 peperisti
601 2099 655 2146 tu
681 2089 947 2159 Principis
974 2096 1261 2159 martyrem
1293 2105 1306 2141 :
1342 2086 1545 2158 peperit
1574 2086 1659 2139 illa
1691 2086 1901 2140 testium

322 2184 593 2253 iudicem,
619 2185 871 2254 peperisti
911 2192 969 2238 tu
1004 2182 1209 2238 Judicis
1248 2192 1454 2236 testem.
1500 2179 1646 2235 Felix
1685 2189 1901 2249 partus,

320 2275 526 2330 felicior
561 2275 804 2329 allectus.
832 2272 1056 2343 Quando
1092 2272 1346 2342 peperisti
1383 2270 1663 2340 gemuisti,
1691 2269 1904 2339 quando

318 2365 544 2420 amisisti
585 2365 879 2419 essultasti.
917 2363 1055 2431 Quid
1090 2372 1174 2418 est
1212 2363 1343 2426 hoc,
1386 2359 1610 2429 Quando
1650 2361 1904 2430 peperisti

317 2455 587 2526 gemuisti,
612 2455 889 2510 exsultasti
911 2453 1124 2523 quando
1144 2450 1403 2507 amisisti?
1421 2450 1538 2505 Non
1560 2449 1777 2517 frustra,
1803 2451 1902 2504 nisi

318 2545 444 2615 quia
485 2560 588 2600 non
622 2545 866 2600 amisisti.
905 2545 1007 2601 Ubi
1050 2544 1205 2600 dolor
1234 2560 1342 2598 non
1391 2553 1542 2609 erat,
1596 2542 1728 2598 ﬁdes
1767 2554 1903 2598 erat.

318 2635 601 2691 Carnalem
625 2635 867 2690 dolorem
901 2635 970 2690 de
995 2634 1155 2690 corde
1180 2634 1313 2689 ﬁdes
1351 2633 1638 2704 spiritualis
1664 2634 1907 2689 exclu-e-

324 2733 425 2781 rat.
456 2726 687 2782 Videbas
717 2735 770 2781 te
800 2726 962 2780 lilium
990 2740 1095 2781 non
1122 2726 1386 2792 amittere,
1417 2725 1509 2779 sed
1542 2724 1900 2794 przrmittere:

324 2825 490 2873 totum
516 2816 657 2886 quod
681 2816 951 2884 gaudebas
969 2858 983 2882 ,
1013 2816 1169 2885 sequi
1198 2816 1430 2870 volebas.

393 2910 447 2965 ὅ.
491 2908 760 2965 Fortitudo
783 2919 1061 2980 martyrum
1087 2925 1188 2962 non
1217 2908 1280 2963 ab
1298 2909 1422 2979 ipsis
1441 2949 1457 2974 ,
1485 2908 1573 2962 sed
1602 2923 1635 2961 a
1658 2907 1787 2961 Deo.
1812 2906 1909 2960 Mi-

324 3018 506 3057 rantur
557 3004 686 3065 ista,
748 3001 1023 3056 laudamus
1068 3002 1197 3067 ista,
1247 3015 1488 3055 amamus
1529 3001 1647 3055 ista.
1680 2999 1725 3053 Ο
1765 3000 1906 3054 beati

326 3107 606 3167 martyres,
636 3094 776 3150 unde
797 3095 945 3150 vobis
971 3093 1114 3147 ista?
1138 3094 1262 3149 Scio
1282 3094 1432 3151 vobis
1447 3092 1606 3148 corda
1636 3094 1903 3146 humana:

325 3186 467 3240 unde
498 3185 645 3239 vobis
674 3185 771 3238 ista
813 3184 1025 3238 divina?
1054 3183 1179 3252 Ego.
1212 3184 1331 3236 dico
1351 3222 1368 3247 ,
1416 3184 1456 3237 Α
1502 3182 1614 3237 Deo
1638 3200 1652 3235 :
1674 3183 1794 3252 quis
1824 3191 1908 3238 est

322 3275 414 3344 qui
445 3275 620 3338 dicat,
652 3274 694 3327 A
728 3272 913 3326 vobis?
953 3270 1085 3338 Quis
1109 3282 1184 3325 est
1226 3272 1315 3341 qui
1346 3288 1440 3326 vos
1478 3271 1616 3326 male
1644 3271 1908 3328 laudando

327 3364 563 3422 invideat
586 3364 772 3418 vobis?
811 3362 1002 3418 Nescio
1030 3363 1149 3433 quis
1189 3362 1318 3417 dicit
1354 3377 1383 3415 a
1415 3362 1564 3417 vobis
1595 3358 1708 3417 huic
1747 3361 1908 3417 esse?

324 3455 663 3526 lleSpondete
707 3454 810 3519 illi,
854 3452 921 3507 In
965 3452 1185 3507 Domino
1231 3450 1521 3506 laudabitur
1566 3453 1737 3505 anima
1773 3468 1905 3506 mea.

321 3547 513 3602 Nescio
542 3546 661 3615 quis
697 3544 827 3599 dicit
849 3559 878 3597 a
911 3542 1061 3598 vobis
1086 3541 1201 3599 base
1244 3542 1404 3598 esse?
1433 3541 1768 3611 Respondete
1794 3540 1864 3594 illi
1889 3580 1906 3605 ,

320 3640 366 3693 si
393 3640 551 3693 mites
577 3636 735 3700 estis,
767 3629 1085 3705 respondete
1102 3675 1116 3698 ,
1142 3633 1208 3687 In
1241 3632 1458 3687 Domino
1485 3632 1773 3686 laudabitur
1797 3632 1912 3685 ani-

325 3747 407 3783 ma
441 3745 573 3785 mea.
612 3727 948 3797 llespoudete
990 3734 1045 3780 et
1076 3726 1176 3780 hoc
1207 3724 1259 3778 in
1297 3724 1494 3794 populo
1522 3723 1641 3789 Dei,
1687 3722 1910 3777 Audiam

323 3822 495 3880 mites.
525 3831 571 3873 et
606 3818 958 3890 jucundeutur
987 3815 1160 3887 (Paul.
1212 3831 1410 3880 χχχιιι,
1448 3816 1523 3883 5).
1555 3813 1750 3870 Nescio
1789 3819 1910 3884 quis

322 3913 452 3967 dicit
467 3929 495 3964 a
523 3912 669 3966 vobis
695 3911 808 3965 lure
833 3910 993 3965 esse?
1020 3909 1356 3978 Rcspoudete
1378 3908 1475 3968 illi,
1498 3906 1616 3961 Non
1648 3917 1806 3977 potest
1819 3908 1909 3961 ho-

323 4019 404 4056 tuo
432 4002 661 4073 accipere
704 4000 1013 4073 quidquam,
1065 3999 1163 4052 nisi
1215 4000 1389 4051 datum
1430 3999 1477 4051 ci
1506 3999 1657 4067 fuerit
1696 3997 1909 4068 desuper

322 4092 503 4163 (Joan.
536 4109 625 4160 ιιι,
655 4090 961 4165 27).ιΝιιι›ὶε
983 4091 1124 4144 enim
1155 4099 1210 4145 et
1244 4090 1395 4144 vobis
1421 4090 1494 4144 ait
1538 4089 1793 4145 Dominus
1816 4090 1909 4145 Je-

321 4203 436 4249 sus,
466 4185 595 4242 Siue
616 4201 695 4239 me
724 4183 853 4238 nihil
879 4183 1080 4253 potestis
1106 4186 1270 4253 facere
1298 4180 1409 4254 (Id.
1434 4198 1519 4246 xv,
1548 4181 1627 4251 5).
1660 4181 1786 4237 Sine
1807 4199 1904 4250 me,

324 4280 528 4348 inquit,
560 4276 692 4331 nihil
712 4276 915 4345 potestis
937 4276 1100 4346 facere
1127 4289 1146 4327 :
1179 4282 1233 4328 et
1257 4272 1406 4327 vobis
1431 4272 1535 4328 hoc
1556 4272 1753 4328 dictum
1782 4283 1863 4327 est
1889 4290 1903 4339 ;

322 4370 597 4441 agnoscite
639 4367 799 4424 verba
841 4367 1096 4436 pastoris,
1146 4374 1330 4419 cavete
1367 4361 1725 4418 adulationem
1751 4362 1909 4419 dece-

327 4465 495 4533 ptoris
527 4480 540 4515 :
570 4460 820 4531 superbia
847 4459 946 4513 ista
969 4501 982 4520 ,
1034 4456 1195 4526 impia
1215 4497 1231 4523 ,
1265 4455 1438 4525 iniqua
1459 4494 1474 4520 ,
1522 4456 1747 4525 ingrata,
1795 4456 1908 4508 seio

322 4553 446 4624 quia
472 4551 720 4621 displicet
747 4550 916 4604 vobis.
967 4548 1221 4618 Martyres
1245 4545 1443 4611 sancti,
1476 4546 1617 4614 passi
1642 4556 1773 4601 estis
1810 4563 1907 4616 pro

322 4647 575 4711 Christo;
632 4643 726 4700 sed
774 4641 926 4696 vobis
966 4640 1166 4710 profuit
1204 4639 1346 4710 quod
1393 4638 1534 4708 passi
1584 4639 1752 4702 estis,
1799 4655 1904 4692 non

322 4738 559 4794 Christo.
592 4736 728 4806 Quid
760 4734 908 4790 vobis
934 4733 1179 4797 deesset,
1212 4732 1311 4787 nisi
1342 4731 1493 4786 vobis
1531 4731 1784 4786 donatum
1822 4747 1911 4788 es-

322 4830 444 4886 set?
487 4829 612 4898 ll:rc
640 4826 882 4898 repellite
911 4824 977 4880 ab
1000 4823 1218 4879 auribus
1248 4823 1437 4877 vestris
1468 4822 1665 4876 inimici
1704 4838 1906 4878 venena

325 4897 611 4991 serpentis:
639 4897 842 4988 Lingua
872 4917 961 4972 illa
991 4925 1074 4971 est
1093 4958 1107 4977 .
1137 4930 1255 4984 quae
1283 4914 1449 4976 dixit,
1496 4912 1649 4967 Erilis
1680 4913 1808 4966 sicut
1835 4912 1908 4966 dii

321 5010 477 5081 (Gen.
500 5028 577 5079 ιιι,
610 5008 686 5082 5).
713 5006 1068 5077 l‘rarcipitavit
1086 5006 1351 5060 hominem
1380 5003 1657 5058 arbitrium
1684 5002 1905 5056 liberum

322 5106 612 5175 ingratum,
658 5102 934 5157 arbitrium
976 5100 1256 5156 libentem
1292 5098 1435 5154 dicat
1473 5112 1615 5152 nunc
1652 5096 1903 5164 Domino,

304 5195 580 5249 Patientia
602 5194 627 5248 1
634 5193 786 5257 smel,
811 5191 1021 5246 Domine
1038 5188 1093 5260 (1
1098 5205 1247 5243 creta.
1263 5204 1390 5254 avu,
1413 5186 1522 5257 l5).
1546 5187 1704 5255 Quid,
1724 5186 1911 5242 inlide—

320 5287 416 5350 lis,
438 5285 719 5357 superbis?
741 5284 925 5339 laudas
948 5292 1238 5354 martyrum
1266 5279 1592 5351 patientiam,
1611 5280 1761 5350 quasi
1784 5296 1812 5332 a
1848 5295 1907 5337 se

321 5377 454 5448 ipsis
480 5383 698 5446 possent
741 5387 865 5429 esse
890 5369 1189 5442 patientes?
1210 5369 1524 5441 Apostolum
1567 5369 1744 5440 potius
1786 5369 1907 5425 audi

383 5490 458 5553 (a)
481 5487 810 5553 passuum
818 5482 1116 5553 ’ωιωκιρω
1137 5489 1401 5553 mtuam
1436 5479 1705 5553 *αξηθμκι
1722 5481 1908 5553 ξεινίων

322 5542 766 5607 οιἚοΙΙτιικιὶειιω,
811 5552 1002 5597 necnon
1053 5546 1106 5595 in
1160 5542 1347 5594 Barouil.
1401 5542 1660 5607 annalibus
1708 5542 1767 5607 ad
1821 5556 1907 5592 au-

321 5627 439 5663 num
459 5609 569 5660 262.
608 5609 700 5660 Sed
734 5604 958 5658 liaronius
982 5614 1043 5658 eo
1073 5606 1196 5665 loco,
1228 5623 1250 5650 κ
1266 5611 1300 5653 0
1323 5614 1376 5654 te
1400 5604 1593 5654 felicem
1617 5606 1791 5653 merito
1816 5612 1907 5653 ua-

316 5676 466 5724 riant!
493 5688 523 5723 ο
543 5680 594 5721 te
617 5673 809 5721 beatam
832 5677 884 5718 et
906 5670 1000 5719 tilio
1016 5677 1101 5719 tuo
1121 5674 1324 5718 matrem
1345 5672 1394 5716 et
1420 5667 1641 5715 nonnae!
1661 5674 1910 5728 "ironea-

319 5738 453 5791 t-iam,
474 5753 496 5779 η
528 5732 654 5783 male
691 5732 828 5795 legit,
873 5753 895 5777 (ι
916 5732 1133 5792 Mariam;
1164 5747 1185 5775 ι
1213 5742 1268 5779 ac
1303 5728 1522 5791 martyris
1558 5728 1696 5780 matri
1732 5742 1907 5778 nomen

322 5817 347 5846 ι
369 5804 526 5847 Beata:
549 5814 570 5840 ι
601 5797 678 5855 ἱιιιι
696 5796 815 5843 ouit.

520 5952 539 5981 ί
561 5879 827 5939 Parum.
870 5869 1215 5937 XXXVill.

1660 328 1890 385 SEMIO
1928 326 2301 386 CCLXXXIV.

3459 334 3601 393 ηω

2012 441 2259 497 Gentium
2286 441 2583 508 doctorem,
2616 459 2720 498 non
2748 442 3035 499 inﬁdelium
3053 443 3412 516 deceptorem.
3441 448 3599 503 Certe

2011 533 2061 587 in
2093 533 2413 604 martyribus
2444 534 2750 605 patientiam
2780 551 2875 605 pro
2899 533 3115 590 Christo
3144 536 3358 601 laudas,
3389 548 3445 594 et
3478 554 3598 598 eam

2011 623 2139 692 ipsis
2165 623 2442 695 assignas?
2465 624 2600 678 Audi
2632 625 2808 695 potius
2833 626 3144 694 Apostolum
3172 636 3435 699 martyres
3460 629 3598 685 allo-

2007 723 2294 785 quentem,
2326 726 2381 769 et
2404 714 2567 771 corda
2596 715 3138 772 humauasedautem.
3164 715 3329 779 Audi.
3359 717 3598 789 inquam,

2009 807 2296 870 dicentem,
2323 808 2454 874 Quia
2466 808 2599 863 vobis
2615 809 2857 863 donatum
2877 820 2948 862 est
2976 825 3067 880 pro
3083 808 3303 867 Christo.
3325 810 3463 865 Audi
3488 812 3601 880 pie-

2013 910 2176 958 tatem
2199 902 2593 969 exhortantcm,
2623 917 2727 957 non
2758 903 3114 960 adulationem
3149 903 3456 961 fauentem:
3501 906 3599 960 γο-

2009 996 2105 1063 bis,
2123 997 2566 1066 inquit,donatum
2580 1007 2671 1052 est.
2699 997 2957 1051 Donatum
2973 1005 3076 1063 est,
3096 996 3250 1052 audi:
3281 994 3598 1059 Vobiscum-

2011 1094 2117 1139 tum
2146 1096 2217 1140 est
2245 1100 2337 1157 pro
2358 1085 2584 1151 Christo,
2611 1103 2711 1140 non
2737 1086 2909 1141 solum
2930 1096 2983 1138 ut
3012 1087 3227 1147 credatis
3249 1086 3305 1141 in
3336 1103 3475 1151 eum,
3512 1105 3593 1141 trs-

2007 1193 2119 1229 rum
2143 1177 2293 1230 etiam
2322 1187 2377 1230 ut
2416 1177 2682 1245 patiamini
2708 1194 2801 1247 pro
2829 1194 2889 1232 eo
2918 1176 3177 1249 (Philipp.
3209 1191 3261 1243 I,
3287 1175 3405 1247 29).
3450 1175 3597 1232 Vobis

2009 1266 2341 1322 donatumcst
2373 1284 2392 1321 :
2418 1267 2543 1337 quid
2586 1267 2653 1322 ad
2682 1268 2820 1322 hanc
2859 1268 3180 1323 sententiam
3231 1267 3354 1322 addi
3380 1270 3596 1337 potest?

2020 1359 2169 1415 Vobis
2212 1362 2455 1414 donatum
2504 1371 2624 1415 est:
2671 1375 2901 1429 agnosce
2941 1360 3233 1426 donatum,
3292 1375 3360 1415 ue
3406 1361 3596 1429 perdas

2010 1460 2339 1522 usurpatum.
2383 1450 2564 1516 Vobis,
2609 1451 2808 1521 inquit,
2841 1451 3084 1507 donatum
3118 1459 3191 1504 est
3234 1466 3327 1519 pro
3351 1450 3548 1505 Christo
3573 1467 3593 1505 :

2009 1544 2136 1614 quid
2165 1558 2260 1614 pro
2285 1543 2531 1609 Christo,
2578 1543 2680 1598 nisi
2712 1544 2857 1613 pati?
2883 1542 2986 1600 Sed
3021 1559 3125 1596 tum
3156 1541 3474 1611 suspiceris,
3499 1556 3593 1597 au-

2010 1635 2063 1689 di
2097 1635 2372 1704 sequontia
2401 1651 2415 1687 :
2448 1651 2549 1689 non
2590 1634 2754 1691 solum
2785 1644 2838 1689 ut
2866 1635 3084 1689 credatis
3117 1635 3169 1687 in
3197 1649 3345 1697 eum;
3389 1632 3510 1702 quia
3539 1641 3595 1687 et

2014 1727 2116 1781 hoc
2142 1726 2399 1781 donatum
2427 1733 2513 1781 est
2535 1745 2548 1780 :
2571 1725 2664 1780 sed
2699 1740 2819 1781 non
2836 1726 2936 1781 hoc
2977 1725 3149 1779 solun:
3179 1723 3433 1785 donatum
3465 1732 3544 1778 est
3576 1741 3591 1787 ;

2009 1832 2183 1870 verum
2201 1817 2351 1870 etiam
2380 1826 2436 1870 ut
2466 1817 2734 1884 patiamini
2760 1831 2855 1887 pro
2870 1832 2930 1871 eo
2949 1857 2966 1881 ,
2998 1826 3052 1870 et
3078 1813 3178 1870 hoc
3208 1815 3461 1869 donatum
3488 1828 3591 1868 esu.

2008 1909 2298 1965 Convertat
2343 1908 2563 1963 dorsum
2591 1917 2793 1979 martyr
2817 1910 2883 1960 ad
2931 1906 3198 1962 inﬁdelem
3227 1916 3281 1962 et
3328 1907 3594 1976 ingratum

2008 2000 2338 2056 adulatorem
2367 2016 2381 2052 :
2407 2007 2685 2055 convertat
2707 1998 2897 2053 faciem
2919 1998 2985 2052 ad
3014 1995 3453 2071 benignissimum
3486 1997 3595 2050 lar-

2007 2092 2253 2161 gitorem,
2281 2102 2337 2147 et
2364 2092 2530 2162 ipsam
2559 2090 2862 2161 passionem
2889 2104 3043 2145 suam
3075 2090 3300 2158 imputet
3328 2088 3459 2152 Deo,
3487 2104 3593 2142 non

2011 2193 2260 2253 tanquam
2287 2183 2354 2241 de
2373 2199 2472 2239 suo
2492 2184 2595 2239 hoc
2631 2183 2886 2238 obtulerit
2913 2182 3055 2248 Deo;
3088 2182 3180 2237 sed
3221 2180 3393 2250 potius
3416 2180 3592 2243 dicat,

2009 2272 2078 2326 In
2105 2272 2324 2327 Domino
2372 2273 2662 2327 laudabitur
2708 2273 2883 2327 anima
2908 2288 3022 2326 mea
3042 2312 3058 2336 ,
3100 2272 3315 2324 audiant
3357 2270 3500 2324 mites
3549 2278 3598 2324 et

2004 2364 2365 2434 jucundentur.
2397 2365 2466 2419 Et
2529 2381 2650 2420 cum
2688 2365 2739 2419 ei
2772 2363 3007 2431 dixeris,
3039 2362 3178 2431 Quid
3205 2370 3290 2417 est
3320 2360 3459 2431 quod
3479 2402 3495 2427 ,
3528 2359 3597 2414 lu

2010 2452 2233 2508 Domino
2258 2454 2547 2509 laudabitur
2569 2454 2738 2508 animo
2763 2454 2914 2507 mea?
2948 2452 3007 2507 in
3048 2462 3103 2508 te
3142 2466 3272 2522 ergo
3308 2450 3596 2507 laudatur?

2012 2545 2106 2601 ille
2131 2558 2315 2601 contra
2335 2588 2350 2610 ,
2395 2545 2583 2600 Nonne
2615 2545 2724 2603 Deo
2751 2545 2951 2603 subdita
2996 2546 3091 2600 erit
3138 2546 3309 2599 anima
3333 2544 3485 2600 mea?
3520 2545 3597 2598 Ab

2010 2636 2121 2706 ipso
2161 2637 2294 2690 enirn
2327 2637 2573 2708 patientia
2602 2652 2712 2690 inea
2742 2635 2913 2708 (Paul.
2965 2652 3083 2701 ιιι,
3135 2635 3212 2706 6).
3258 2634 3435 2703 Quare
3467 2649 3597 2710 ergo

2011 2730 2163 2781 mea?
2189 2729 2372 2783 Sinam
2398 2728 2620 2799 aperui,
2647 2738 2701 2784 et
2742 2729 2971 2783 libenter
2998 2727 3217 2797 accepi;
3240 2729 3304 2782 ab
3326 2729 3440 2799 ipso
3462 2742 3591 2781 mea.

2014 2820 2082 2874 Et
2102 2819 2166 2874 ab
2191 2821 2301 2890 ipso
2322 2859 2338 2883 ,
2364 2829 2418 2875 et
2445 2836 2591 2887 utea;
2628 2828 2685 2876 ot
2719 2820 2842 2890 quia
2869 2819 2931 2874 ab
2959 2820 3068 2892 ipso
3088 2860 3104 2885 ,
3133 2819 3254 2875 ideo
3274 2820 3595 2885 tutittltmea.

2011 2909 2125 2965 Mea
2152 2918 2266 2975 est,
2290 2910 2385 2964 sed
2410 2924 2555 2965 ante
2595 2909 2726 2965 mihi
2767 2925 2874 2965 non
2902 2919 3003 2967 est.
3036 2908 3105 2967 Ut
3126 2910 3351 2967 habeam
3396 2909 3595 2965 donum

2010 3016 2189 3057 meum
2205 3044 2222 3069 ,
2252 3014 2485 3072 agnosco
2503 3002 2744 3057 datorem
2768 3002 2957 3057 Deum.
2986 3001 3118 3056 Nam
3157 3001 3203 3056 si
3228 3015 3336 3056 non
3362 3014 3597 3071 agnoseo

2010 3093 2251 3150 datorem
2297 3096 2460 3149 Deum
2481 3136 2496 3160 ,
2550 3094 2689 3149 tollit
2716 3094 2857 3149 Deus
2882 3094 3081 3150 bonum
3106 3108 3261 3148 suum
3279 3134 3297 3162 ,
3340 3102 3396 3149 et
3424 3107 3597 3149 rema-

2012 3196 2104 3241 net
2124 3185 2324 3241 malum
2347 3200 2524 3240 meum
2545 3227 2561 3252 ,
2595 3200 2691 3254 per
2713 3185 2995 3243 arbitrium
3028 3199 3228 3239 meum.
3610 3177 3616 3182 ’

2081 3278 2135 3332 ὁ.
2167 3276 2253 3331 Ea:
2273 3275 2594 3330 multitudine
2617 3292 2705 3331 cor
2733 3276 2800 3330 ad
2833 3293 2990 3333 unum
3017 3277 3181 3346 gratia
3212 3272 3308 3330 Dei
3347 3274 3595 3330 converti-

2013 3378 2113 3420 tur.
2161 3365 2602 3436 Martyresunius
2643 3365 2991 3421 delectationis
3023 3363 3121 3419 Dei
3144 3381 3314 3420 amore
3339 3366 3390 3417 iu
3419 3365 3596 3419 mundi

2013 3456 2270 3510 blanditiis
2303 3464 2349 3508 et
2374 3456 2727 3509 acerbitatibus
2755 3456 2999 3511 victores.
3032 3455 3119 3509 Ait
3150 3454 3321 3510 ﬁdelis
3363 3455 3593 3524 Scriptu-

2013 3564 2070 3600 ra
2103 3544 2290 3598 :Fecit
2334 3543 2472 3597 Deus
2516 3543 2770 3597 hominem
2816 3552 3033 3615 rectum,
3057 3544 3231 3612 et'ipsi
3257 3544 3596 3613 exquisieruut

2011 3636 2337 3706 cogitationes
2370 3635 2556 3688 multas
2599 3631 2796 3703 (Eccle.
2830 3650 2932 3700 vn,
2973 3633 3088 3704 '50).
3121 3632 3266 3689 Fecit
3294 3632 3465 3698 Deus,
3513 3633 3598 3690 iu-

2011 3727 2153 3793 quit,
2201 3724 2455 3779 hominem
2496 3734 2715 3789 rectum,
2747 3733 2795 3778 et
2839 3724 2935 3794 ipsi
2966 3740 2984 3777 :
3013 3723 3151 3779 unde
3178 3724 3306 3794 ipsi,
3353 3724 3454 3779 nisi
3500 3739 3598 3798 per

2013 3819 2237 3874 liberant
2259 3822 2271 3832 '
2291 3818 2607 3873 arbitrium?
2649 3816 2717 3872 Et
2765 3818 2881 3890 ipsi
2909 3819 3246 3887 exquisierunt
3269 3817 3596 3893 cogitationes

2013 3908 2217 3965 multas.
2265 3908 2488 3967 Rectum
2517 3906 2725 3969 dixemt
2749 3907 2946 3963 factum
2965 3949 2981 3969 .
3009 3915 3066 3965 et
3104 3916 3285 3963 tamen
3333 3924 3451 3967 non.
3481 3908 3554 3962 ait
3577 3951 3593 3971 .

2015 4002 2078 4056 Et
2107 4000 2207 4071 ipsi
2232 3999 2596 4070 exquisierunt
2614 3999 2961 4070 cogitationes
2990 4014 3178 4069 pravas
3197 4040 3211 4065 ,
3238 3999 3361 4069 quia
3386 3997 3597 4055 dixerat

2014 4109 2243 4157 rectum;
2286 4102 2377 4149 aut
2404 4092 2751 4163 cogitationes
2791 4091 3027 4164 iniquas;
3068 4091 3161 4147 sed
3188 4091 3357 4160 dixit,
3386 4093 3593 4151 multas.

2016 4185 2095 4240 Ah
2122 4187 2221 4241 ista
2248 4187 2613 4251 multitudine,
2633 4202 2827 4254 corpus
2854 4188 2987 4253 quod
3015 4186 3381 4256 corrmupitur,
3408 4201 3595 4257 aggra-

2013 4291 2094 4333 rat
2138 4281 2394 4345 intimam,
2442 4290 2489 4333 et
2535 4280 2769 4349 deprimit
2813 4290 3011 4333 terrena
3057 4277 3355 4332 inhabitatio
3393 4294 3593 4333 sensum

2013 4371 2172 4425 multa
2194 4373 2498 4440 cogitantem
2526 4369 2684 4442 (Sap.
2714 4385 2769 4423 ιι
2789 4409 2805 4433 ,
2842 4368 2955 4441 l5).
3002 4368 3213 4425 Liberet
3239 4383 3336 4425 nos
3361 4368 3503 4424 Deus
3527 4369 3595 4422 ab

2013 4463 2111 4516 ista
2159 4460 2500 4516 multitudine
2537 4460 2915 4530 cogitationum
2961 4458 3344 4525 humanarum,
3374 4468 3429 4514 ct
3455 4458 3592 4514 libe-

2011 4562 2094 4609 ret
2117 4567 2216 4611 uos
2243 4552 2312 4606 ab
2341 4569 2446 4606 uno
2470 4552 2507 4617 ί,
2538 4559 2597 4606 ιιι
2619 4551 2785 4606 simus
2817 4552 2867 4605 iu
2896 4550 2987 4607 illo
3014 4560 3176 4607 unum
3198 4565 3266 4604 ex
3294 4549 3591 4605 multitudi-

2013 4661 2100 4701 ne.
2124 4644 2329 4701 Conﬁet
2366 4660 2463 4701 nos
2510 4645 2632 4714 igne
2655 4643 2961 4711 eharitatis,
2993 4652 3052 4699 ut
3079 4660 3184 4698 uno
3210 4642 3371 4699 corde
3399 4657 3589 4711 sequa-

2013 4752 2132 4790 mur
2178 4752 2376 4801 umuu,
2427 4750 2493 4791 ue
2540 4736 2594 4790 iu
2634 4736 2797 4790 multa
2837 4733 3144 4790 decidamus
3171 4748 3237 4787 ex
3279 4747 3413 4795 uno.
3446 4741 3500 4786 et
3538 4732 3589 4785 iu

2012 4829 2192 4883 multis
2230 4827 2601 4896 dispergamur
2648 4826 2832 4880 relicto
2863 4840 2987 4879 uno.
3036 4822 3256 4878 De'ltoc
3303 4823 3445 4878 enim
3488 4838 3593 4876 uno

2011 4918 2298 4988 Apostolus
2329 4916 2824 4986 loquebatur,.cum
2853 4914 3084 4978 diceret,
3114 4910 3323 4967 Fratres
3342 4953 3357 4978 ,
3388 4928 3482 4983 ego
3519 4930 3596 4965 mc

2011 5011 2179 5080 ipsum
2214 5026 2315 5063 non
2360 5008 2580 5063 arbitror
2618 5007 3012 5081 apprehendi“:
3047 5024 3066 5061 :
3091 5005 3252 5076 quid?
3286 5004 3455 5061 Unum
3497 5022 3594 5060 au-

2010 5112 2148 5157 tem:
2195 5101 2320 5171 quid
2365 5101 2563 5159 unum?
2589 5098 2669 5154 Ea
2718 5114 2832 5170 qua:
2858 5109 2992 5154 retro
3030 5108 3149 5153 sunt
3194 5098 3410 5164 oblitus,
3449 5098 3503 5153 iu
3536 5115 3595 5159 ea

2011 5210 2126 5264 qua
2169 5203 2288 5248 ante
2328 5200 2443 5246 sunt
2488 5199 2751 5255 extentus,
2788 5206 2969 5260 sequor
3024 5188 3280 5261 (Philipp.
3335 5205 3423 5253 ιιι,
3484 5187 3591 5257 :5).

2017 5286 2190 5343 Unum
2229 5297 2458 5354 sequor;
2502 5282 2900 5352 unum,inquit,
2947 5295 3185 5351 sequor:
3215 5279 3311 5336 sed
3356 5296 3463 5337 nun
3508 5295 3595 5334 tne

2012 5376 2242 5433 arbitror
2262 5372 2717 5447 apprehendisse;
2747 5371 2870 5443 quia
2907 5371 3157 5442 deprimit
3196 5386 3426 5443 corpus,
3450 5373 3590 5443 qum]

2013 5465 2404 5536 corrumpitur,
2447 5478 2660 5525 sensum
2709 5462 2872 5518 multa
2919 5463 3260 5534 cogitantem.
3305 5462 3443 5519 Ecce
3485 5479 3592 5533 quo

2013 5559 2160 5615 ibant
2178 5564 2476 5629 martyres;
2499 5553 2709 5624 quando
2740 5552 3041 5620 feriebant,
3068 5553 3290 5609 multum
3311 5552 3590 5623 strepitum

2014 5665 2121 5705 non
2148 5648 2436 5715 curabant,
2481 5645 2604 5715 quia
2646 5659 2807 5700 unum
2844 5642 3112 5699 anteibant.
3145 5644 3472 5699 Desiderium
3514 5643 3590 5699 vi-

2077 5773 2090 5805 '
2113 5776 2281 5844 Forte,
2293 5777 2414 5832 teret
2435 5789 2521 5830 nos
2541 5778 2608 5829 ad
2631 5787 2795 5827 totum.

2772 5862 3211 5937 (Quaraate-u
3220 5874 3312 5917 ns.
3330 5858 3353 5939 ί
