3926 6188
314 365 453 423 12(ὶό

323 498 443 539 unus
489 481 876 553 adiumentum,
924 495 1032 536 non
1080 475 1471 552 pra‘veniendo,
1519 473 1657 529 sicut
1704 472 1895 527 Petrus

314 589 674 644 prmsumcns;
717 572 811 628 sed
850 568 1123 643 sequendo
1163 577 1216 625 et
1252 567 1474 632 orando,
1524 566 1665 622 sicut
1705 564 1894 619 Petrus

312 666 615 736 proficiens.
664 663 889 732 Quando
941 663 1084 719 enim
1133 661 1325 717 Petrus
1371 671 1452 715 ter
1494 657 1731 729 negavit,
1767 655 1893 727 quid

310 757 632 830 evangelista
659 755 809 822 dicit,
838 753 1127 809 attendite:
1159 750 1225 807 Et
1255 751 1472 822 respexit
1494 765 1607 804 eum
1626 748 1890 811 Dominus,

311 857 359 901 et
400 847 689 902 recordatus
742 855 815 901 est
862 845 1047 900 Petrus
1079 842 1228 912 (Luc.
1273 857 1406 909 XXII,
1451 842 1570 913 6i).
1620 839 1758 908 Quid
1786 849 1889 905 est,

312 940 533 1008 respeait
557 937 710 993 eum?
746 937 860 993 Non
896 937 1040 993 enim
1074 934 1329 990 Dominus
1366 933 1420 988 in
1453 931 1589 987 facie
1629 929 1891 1001 corporali

313 1049 436 1088 eum
468 1041 713 1106 tanquam
741 1027 1211 1087 commemorando
1237 1026 1494 1097 respexit.
1515 1025 1635 1081 Non
1665 1025 1743 1080 sic
1769 1030 1889 1079 est:

313 1120 658 1194 Evangeiium
699 1121 876 1191 legite.
926 1120 1183 1175 Dominus
1234 1118 1287 1173 in
1335 1115 1674 1170 interioribus
1700 1117 1892 1169 domus

307 1215 662 1286 indicabatur,
712 1215 900 1270 Petrus
930 1212 981 1268 in
1009 1212 1145 1267 atrio
1193 1210 1513 1266 tentabatur.
1547 1209 1690 1279 Ergo
1723 1223 1893 1278 respe-

304 1308 381 1363 xit
404 1325 519 1362 eum
546 1307 809 1371 Dominus,
851 1321 956 1361 non
1000 1318 1245 1374 corpore,
1289 1301 1386 1358 sed
1427 1301 1733 1372 majestate;
1782 1313 1891 1355 non

302 1399 581 1453 oculorum
608 1382 785 1452 carnis
814 1396 1026 1463 intuitu,
1068 1392 1162 1451 sed
1206 1392 1571 1449 misericordia
1610 1392 1885 1446 altissima.

304 1488 400 1547 Ille
421 1489 544 1559 quia
590 1496 854 1543 averterat
893 1486 1081 1542 faciem
1125 1500 1306 1548 suam.
1351 1486 1591 1554 respexit
1644 1498 1788 1547 eum,
1835 1491 1891 1537 et

305 1579 473 1636 factus
514 1588 595 1634 est
620 1579 891 1634 liberatus.
928 1576 1070 1645 Ergo
1094 1583 1449 1649 praesumptor
1474 1574 1754 1646 periisset,
1785 1575 1888 1631 nisi

304 1671 628 1741 Redemptor
651 1670 993 1740 respexisset.
1019 1668 1227 1724 Etecce
1244 1667 1496 1741 lacrymis
1517 1666 1628 1721 suis
1653 1666 1884 1733 ablutus,

309 1770 589 1833 correptus
628 1771 685 1818 et
717 1773 935 1832 ereptus
979 1759 1236 1832 praedicat
1261 1759 1473 1816 Petrus.
1519 1758 1779 1813 Prredicat
1796 1757 1884 1828 qui

303 1860 587 1924 negaverat
618 1870 631 1906 :
662 1852 889 1909 credunt
911 1851 999 1923 qui
1030 1859 1363 1907 erraverant.
1399 1849 1552 1905 Valet
1572 1849 1625 1904 in
1652 1849 1885 1920 phrene-

302 1944 419 1999 ticis
451 1942 713 1999 medicina
754 1943 844 1997 illa
869 1941 1144 2013 sanguinis
1181 1940 1413 1996 Domini.
1437 1940 1634 1996 Bibunt
1671 1939 1887 1995 creden-

302 2047 383 2091 tes
407 2035 547 2108 quod
572 2035 822 2092 fuderunt
847 2035 1153 2090 strvienles.
1180 2032 1286 2090 Sed
1325 2033 1548 2089 multum
1576 2041 1656 2087 est
1681 2031 1746 2086 ad
1776 2047 1881 2098 me,

303 2128 493 2196 inquit,
536 2127 731 2182 imitari
771 2126 1073 2182 Dominum.
1109 2126 1184 2180 Ex
1224 2125 1396 2197 gratia
1424 2122 1637 2179 Domini
1677 2122 1885 2177 imitare

300 2236 615 2276 cottscrvum
636 2263 652 2290 ,
696 2221 905 2277 imitare
939 2220 1300 2290 Stephanum,
1335 2220 1545 2275 imitare
1588 2218 1882 2274 Marianum

300 2322 354 2364 et
379 2310 655 2366 .lacobum.
678 2311 933 2367 llomines
957 2320 1130 2376 erant,
1158 2311 1400 2366 conservi
1449 2318 1634 2374 erant;
1664 2309 1800 2363 sicut
1828 2316 1883 2362 tu

305 2401 412 2455 nati
434 2442 447 2465 ,
475 2400 570 2456 sed
612 2402 679 2457 ab
708 2401 799 2456 illo
823 2402 914 2473 qui
936 2415 1041 2456 non
1063 2402 1141 2456 sic
1169 2410 1325 2456 natus
1346 2410 1424 2456 est
1448 2444 1461 2466 ,
1489 2401 1749 2454 coronati.

673 2534 912 2593 SERMO
984 2534 1306 2595 CCLXXXV
1348 2542 1365 2559 °
1404 2534 1506 2606 (α).

495 2675 544 2719 lu
575 2669 657 2720 die
688 2668 837 2719 mn
868 2674 1127 2731 martyrum
1156 2667 1281 2719 Casti
1314 2675 1367 2719 et
1398 2666 1553 2717 .mitt
1584 2666 1673 2731 (θ).

372 2775 422 2826 l.
484 2771 772 2844 Martyrum
813 2772 886 2826 sic
928 2770 1225 2825 celebranda
1261 2771 1527 2837 solemnia,
1561 2782 1616 2824 ut
1673 2788 1757 2826 eos
1795 2772 1887 2825 dc-

297 2863 436 2916 lectet
472 2863 678 2917 imitari.
710 2863 1033 2917 Sanctorum
1086 2870 1378 2934 martyrum
1428 2879 1533 2917 non
1571 2878 1763 2932 magna
1793 2878 1882 2917 so-

297 2953 402 3006 lum
427 2995 442 3018 ,
475 2952 567 3008 sed
596 2953 759 3008 etiam
788 2954 872 3025 pia
894 2952 1060 3007 virtus
1087 2952 1222 3023 (ipsa
1242 2960 1327 3007 est
1354 2952 1496 3007 enim
1524 2952 1668 3008 utilis
1689 2954 1877 3021 virtus,

300 3045 408 3098 imo
434 3045 545 3110 ipsa
588 3054 670 3100 est
712 3060 839 3099 vera
882 3052 938 3098 et
982 3042 1095 3098 sola
1139 3041 1360 3099 dicenda
1394 3042 1599 3110 virtus,
1626 3058 1745 3113 qua:
1770 3058 1879 3099 non

296 3135 488 3190 tniiitat
517 3135 699 3206 typho,
726 3134 821 3190 sed
843 3132 974 3205 Deo)
1005 3133 1256 3189 admonet
1285 3149 1383 3189 nos
1406 3134 1663 3191 Charitati
1691 3145 1884 3193 vestrm

296 3228 482 3297 loqui,
531 3240 755 3297 eamque
798 3226 1125 3292 admonere,
1167 3227 1239 3282 ita
1288 3226 1547 3283 solemnia
1590 3238 1882 3301 martyrum

294 3317 570 3374 celebrare
595 3358 609 3383 ,
642 3326 701 3372 ut
729 3316 948 3386 vestigia
995 3326 1289 3389 martyrum
1333 3318 1608 3387 sequendo
1654 3319 1885 3376 delectet

298 3408 515 3463 imitari.
544 3407 661 3463 Non
697 3407 839 3463 enim
862 3415 917 3461 et
946 3407 1046 3477 ipsi
1071 3407 1211 3476 quod
1239 3405 1407 3464 fortes
1434 3410 1749 3465 exstiterunt
1773 3453 1789 3479 ,
1815 3412 1885 3469 de

297 3516 398 3556 suo
441 3501 756 3571 habuerunt.
782 3499 896 3554 Non
941 3514 1108 3571 usque
1135 3500 1200 3555 ad
1228 3501 1349 3556 illos
1376 3499 1493 3556 fons
1514 3504 1607 3559 ille
1629 3506 1881 3562 manavit.

299 3593 400 3661 Qui
445 3592 593 3648 dedit
632 3592 791 3662 ipsis,
823 3599 1011 3663 potens
1034 3600 1119 3648 est
1139 3592 1269 3648 dare
1316 3602 1371 3648 et
1416 3593 1605 3648 nobis:
1634 3596 1881 3664 quoniam

301 3702 462 3743 unum
488 3685 713 3756 pretium
735 3683 917 3740 datum
944 3693 1026 3739 est
1047 3698 1147 3753 pro
1166 3683 1416 3737 omnibus
1442 3683 1616 3739 nobis.

368 3780 424 3834 2.
452 3779 732 3850 Martyrem
751 3793 852 3831 non
887 3776 1008 3846 facit
1040 3792 1207 3847 pinna,
1247 3774 1338 3829 sed
1354 3792 1528 3829 causa.
1557 3774 1798 3833 Latronis
1828 3770 1882 3833 in

307 3887 454 3925 cruce
478 3869 604 3940 [idos
628 3884 833 3922 causam
860 3866 1097 3937 patientis
1118 3864 1343 3919 mutauit.
1368 3863 1493 3920 Tres
1525 3882 1715 3922 cruces.
1745 3866 1884 3924 Crux

305 3962 515 4027 Christi,
544 3959 771 4014 tribunal
785 3956 1001 4029 judicis.
1025 3955 1156 4012 Illud
1182 3971 1312 4027 ergo
1344 3957 1613 4028 prtecipue
1638 3974 1880 4013 commo-

299 4052 456 4110 nendi
480 4050 779 4124 estis,quod
802 4049 1014 4106 assidue
1040 4051 1389 4116 commoneri,
1413 4057 1471 4106 et
1494 4067 1709 4121 semper
1732 4054 1880 4124 cogi-

296 4156 409 4202 tare
436 4144 660 4211 debetis,
692 4142 833 4215 quod
861 4151 1148 4215 martyrem
1173 4142 1264 4200 Dei
1280 4158 1385 4199 non
1408 4143 1532 4199 facit
1559 4160 1713 4216 pinna
1740 4189 1753 4213 ,
1786 4146 1881 4203 sed

295 4252 476 4295 eausa.
494 4236 703 4292 iustitia
723 4236 867 4290 enim
882 4245 1084 4302 nostra,
1105 4251 1209 4290 non
1226 4236 1569 4302 cruciatibus,
1588 4237 1883 4293 delectatur

303 4328 441 4383 Deus
461 4345 474 4381 :
492 4342 588 4382 nec
602 4327 864 4397 quaeritur
880 4325 930 4381 in
946 4326 1326 4396 omnipotentis
1342 4329 1877 4400 veracisqnejudicio,

295 4418 419 4489 quid
435 4419 656 4490 quisque
669 4418 923 4488 patiatur,
942 4417 1034 4473 sed
1051 4428 1214 4489 quare
1231 4418 1474 4488 patiatur.
1486 4416 1550 4476 Ut
1568 4420 1709 4476 enim
1721 4436 1881 4478 cruce

293 4511 560 4567 dominica
591 4526 692 4566 nos
721 4512 1014 4582 signemus,
1047 4526 1150 4567 non
1180 4511 1305 4568 fecit
1330 4513 1432 4568 hoc
1463 4514 1669 4569 Domini
1699 4530 1876 4584 pinna,

295 4598 392 4657 sed
414 4616 597 4658 causa.
632 4599 765 4659 Nam
797 4601 841 4657 si
855 4616 1008 4672 plena
1041 4602 1140 4657 hoc
1154 4601 1386 4670 fecisset,
1414 4604 1519 4661 hoc
1540 4616 1592 4660 et
1616 4606 1877 4661 ialratltlm

296 4693 483 4749 similis
498 4708 652 4763 paena
665 4690 937 4748 valuisset.
954 4693 1100 4749 Unus
1118 4693 1268 4750 locus
1283 4704 1397 4750 erat
1414 4696 1570 4750 trium
1593 4697 1880 4753 cruciﬁxu-

297 4799 435 4847 rum,
455 4783 508 4838 in
528 4782 705 4840 medio
736 4783 1011 4848 Dominus,
1027 4784 1114 4853 qui
1151 4785 1281 4838 inter
1306 4785 1505 4857 iniquos
1522 4787 1788 4857 deputatus
1808 4799 1880 4843 est

297 4870 351 4945 (1
356 4875 432 4928 sai
440 4889 571 4941 .Llll,
588 4872 700 4942 ιε).
719 4873 860 4929 Duos
877 4874 1111 4929 latrones
1123 4872 1415 4945 hincatque
1430 4875 1552 4930 inde
1568 4887 1876 4946 posuerunt:

291 4964 392 5022 sed
416 4980 631 5022 causam
649 4966 878 5023 similem
894 4981 999 5022 non
1018 4965 1331 5023 habuerunt.
1350 4967 1626 5024 Laterihas
1646 4971 1881 5040 penden-

298 5060 364 5115 lis
386 5060 831 5130 adjungehantur,
854 5060 947 5115 sed
967 5060 1120 5132 longe
1134 5060 1534 5128 separabantur.
1556 5062 1880 5119 lilosiacino-

298 5166 355 5209 ra
376 5168 485 5218 sua
509 5153 654 5208 illum
686 5152 1067 5209 erucilixerunt
1099 5153 1684 5212 nostraJerumtamen
1717 5138 1875 5213 etiam

299 5246 357 5301 in
387 5258 495 5300 uno
524 5233 760 5315 ipsorum
788 5246 919 5302 satis
940 5246 1200 5316 apparuit,
1234 5257 1487 5318 quantum
1516 5249 1739 5313 valeret,
1772 5265 1877 5306 non

290 5334 560 5390 cruciatus
584 5335 889 5407 pendentis,
917 5336 1012 5392 sed
1039 5338 1207 5408 pietas
1234 5339 1557 5396 conﬁtentis.
1586 5342 1880 5413 Acquisivit

355 5488 686 5542 ’Μὶν
719 5490 781 5540 ad
818 5497 929 5544 r.t.
955 5491 1295 5545 metatum.
1366 5532 1369 5539 .

354 5549 430 5614 (ιι)
460 5549 616 5613 Alias.
660 5562 690 5600 4
736 5561 865 5605 tuter
898 5553 1056 5607 editos
1087 5566 1148 5603 ex
1185 5553 1378 5618 tristioris
1405 5556 1666 5613 ωώαεὶκ
1706 5571 1849 5613 manu

288 5618 632 5744 "iiiis...
654 5638 1041 5744 manauit;
1070 5676 1272 5744 ιξοιειιιιί
1302 5677 1535 5744 nitente,
1556 5688 1664 5744 cap,
1686 5680 1738 5733 θ,
1763 5689 1880 5734 με-

286 5736 449 5804 trram
469 5738 821 5804 ysrpistorum
852 5736 1064 5804 natantia
1098 5739 1146 5793 in
1178 5736 1529 5804 mrtyrotogtis
1550 5751 1601 5795 et
1617 5736 1673 5793 in
1693 5745 1879 5799 cartha-

282 5797 482 5859 giuensi
501 5796 775 5849 calendario
796 5800 1074 5867 ccursignata
1096 5807 1209 5853 sunt
1227 5815 1276 5851 si
1299 5796 1389 5852 'cal.
1409 5796 1548 5863 Sunii.

1657 352 1886 410 SEMIO
1924 351 2272 412 CCLXXXV.

3448 368 3589 429 ms

2005 469 2140 528 latm
2161 476 2212 530 in
2238 476 2426 533 dolore
2449 520 2464 544 ,
2510 480 2651 551 quod
2693 482 2883 539 Petrus
2930 486 3234 555 perdidenat
3264 488 3318 543 in
3349 488 3542 547 timore
3570 509 3585 527 ι

2002 567 2178 623 scelus
2203 569 2438 636 admisit,
2464 586 2677 629 crucem
2699 575 2960 641 ascendit;
2981 591 3196 632 causam
3220 580 3463 644 mutavi,
3494 594 3583 649 pa-

2002 659 2235 715 radisum
2262 665 2613 735 comparavit.
2632 664 2823 720 Meruit
2846 667 3063 722 omnim
3090 678 3304 724 causam
3332 678 3540 729 multare
3559 712 3577 737 ,

2003 752 2091 819 qui
2118 768 2224 808 non
2254 758 2576 827 contempsit
2618 757 2674 813 in
2718 756 2935 815 Christo
2958 761 3361 817 similitudinem
3385 777 3581 831 poema.

1998 842 2166 901 Judaei
2208 855 2650 920 contempserunt
2673 853 2925 907 miracula
2968 851 3249 909 facientem
3282 897 3296 919 ,
3334 855 3427 911 ille
3456 872 3585 911 cro-

1998 934 2133 992 didit
2178 939 2228 993 in
2282 939 2624 1008 pendentem.
2688 940 3005 999 Consortetn
3072 946 3250 1000 crucis
3300 946 3583 1002 Dominum

1997 1029 2209 1099 agnovit
2230 1071 2244 1096 ,
2274 1039 2332 1085 et
2351 1046 2515 1102 regno
2538 1034 2796 1089 calorum
2825 1035 3095 1093 credendo
3118 1037 3225 1092 vim
3252 1037 3401 1099 fecit.
3430 1039 3584 1094 Tune

1998 1119 2049 1173 in
2078 1121 2349 1178 Christum
2393 1124 2529 1178 latro
2568 1125 2831 1189 credidit,
2860 1128 3074 1196 quantulo
3121 1128 3252 1183 fides
3291 1129 3583 1199 apostolica

1999 1211 2298 1281 trepidavit.
2323 1212 2512 1270 Merito
2539 1215 2725 1270 audire
2752 1218 2949 1272 meruit
2972 1259 2986 1281 ,
3046 1217 3211 1272 Hodie
3246 1236 3444 1278 mecum
3480 1222 3581 1273 eris

1994 1303 2050 1356 in
2095 1305 2358 1375 paradiso.
2399 1306 2512 1363 Hoc
2534 1308 2748 1378 quidem
2778 1309 2878 1367 sibi
2922 1310 3038 1379 ipse
3067 1326 3170 1365 non
3214 1312 3534 1381 promiserat
3566 1330 3580 1364 :

1996 1409 2201 1466 magna
2240 1397 2458 1467 intidem
2496 1413 2559 1454 se
2586 1399 2964 1456 misericordia:
3000 1402 3452 1467 commendabat,
3484 1404 3579 1457 sed

1993 1493 2048 1542 et
2092 1504 2187 1542 sua
2224 1490 2418 1545 merita
2461 1492 2746 1560 cogitabat.
2774 1490 3032 1560 Domine,
3075 1494 3274 1564 inquit,
3333 1507 3582 1549 nterueuto

1993 1578 2089 1632 mei
2113 1620 2127 1644 ,
2175 1579 2299 1634 dum
2326 1582 2518 1637 veneris
2556 1584 2610 1637 in
2650 1599 2857 1655 regnum
2876 1594 3036 1639 tuum.
3062 1584 3352 1656 Quousque
3376 1586 3583 1642 veniret

1993 1672 2250 1728 Dominus
2277 1674 2331 1729 in
2358 1690 2579 1745 regnum
2608 1690 2763 1731 suum
2796 1718 2812 1742 ,
2842 1679 2894 1731 in
2928 1679 3096 1747 panis
3121 1693 3181 1734 se
3204 1678 3436 1736 futurum
3459 1694 3585 1750 spe-

1994 1764 2176 1827 rabat.
2223 1776 2276 1821 et
2318 1767 2508 1822 saltem
2553 1768 2604 1822 in
2649 1768 2766 1837 ejus
2801 1769 3032 1824 adventu
3074 1770 3491 1825 misericordiam
3527 1771 3580 1823 in

1992 1869 2052 1909 se
2075 1854 2187 1909 ﬁeri
2217 1855 2508 1926 flagitabat.
2562 1858 2791 1913 Prohulo
2815 1873 2874 1912 se
2901 1859 3055 1924 latro,
3084 1875 3178 1913 sua
3209 1861 3396 1914 merita
3431 1862 3578 1929 cogi-

1992 1935 2109 1998 tans
2132 1986 2148 2010 ,
2179 1944 2459 2000 differebat
2492 1964 2503 1998 :
2533 1947 2626 2000 sed
2669 1948 2924 2020 Dominus
2950 1948 3179 2015 latroni,
3211 1948 3353 2017 quod
3390 1948 3584 2018 dupe-

1988 2042 2235 2101 raverat,
2277 2034 2574 2099 olferehat;
2630 2045 2883 2107 tanquam
2923 2037 3147 2105 diceret,
3200 2040 3280 2093 Tu
3330 2041 3469 2110 petis
3525 2052 3583 2095 ut

1988 2127 2321 2182 meminerim
2370 2128 2443 2182 tui
2474 2170 2490 2195 ,
2542 2129 2671 2184 dum
2723 2146 2922 2186 venero
2978 2131 3033 2186 in
3083 2148 3304 2203 regnum
3352 2148 3581 2192 meum:

1987 2217 2146 2271 Anton
2170 2260 2185 2284 ,
2216 2219 2373 2273 Amen
2398 2220 2513 2274 dico
2537 2221 2627 2275 tibi
2650 2263 2664 2288 ,
2693 2221 2844 2276 hodie
2882 2238 3076 2277 meeum
3101 2224 3202 2278 eris
3241 2225 3299 2278 in
3340 2226 3581 2295 mendico

1990 2312 2138 2384 (Luc.
2181 2329 2309 2367 χχιιι
2338 2355 2355 2378 ,
2394 2313 2504 2379 42,
2543 2315 2658 2386 45).
2699 2315 2943 2385 Agnosce
2971 2317 3054 2370 cui
3099 2324 3154 2370 te
3198 2317 3578 2378 conmendas;

1989 2418 2149 2473 quem
2190 2405 2369 2460 credis
2411 2415 2695 2462 venturum
2724 2449 2739 2472 ,
2791 2417 3075 2478 antequam
3104 2409 3314 2465 veniam
3339 2450 3354 2475 ,
3387 2411 3583 2482 Ibique

1990 2507 2130 2548 sum.
2166 2493 2290 2549 ideo
2310 2496 2556 2565 quamvis
2601 2497 2653 2550 in
2676 2495 2887 2551 inferna
2912 2497 3268 2553 descensurus
3291 2540 3307 2566 ,
3335 2499 3505 2556 habeo
3531 2510 3583 2556 te

1992 2583 2150 2640 hodie
2186 2585 2243 2639 in
2286 2585 2564 2654 paradiso;
2609 2600 2715 2642 non
2763 2588 2918 2643 alteri
2958 2589 3429 2655 commendatum,
3481 2592 3575 2648 sed

1992 2687 2220 2729 mecum.
2249 2674 2330 2730 Ad
2367 2676 2609 2730 homines
2631 2677 2775 2732 enim
2801 2677 3055 2733 mortales
3079 2690 3135 2734 et
3157 2678 3225 2733 ad
3256 2680 3402 2750 ipsos
3430 2696 3581 2737 mor-

1992 2775 2110 2820 tuos
2155 2765 2430 2821 descendit
2466 2760 2743 2822 humilitas
2784 2784 2900 2824 mea
2925 2809 2942 2836 ,
2986 2768 3055 2824 de
3103 2770 3354 2839 paradiso
3395 2783 3574 2827 autem

1989 2872 2262 2928 nummum
2314 2857 2544 2914 discedit
2569 2859 2818 2916 divinitas
2860 2875 2999 2916 mea.
3031 2861 3105 2916 Ita
3135 2858 3291 2917 facta:
3314 2872 3440 2917 sunt
3468 2873 3581 2919 tros

1987 2964 2199 3015 cruces,
2230 2956 2340 3004 tres
2355 2965 2550 3005 catum.
2572 2948 2722 3007 Unus
2742 2951 3004 3007 latronum
3021 2951 3236 3009 Christo
3268 2954 3575 3018 insultabat,

1989 3046 2129 3103 aiter
2176 3065 2274 3105 sua
2309 3051 2450 3105 mala
2478 3050 2768 3108 confessus
2814 3050 3019 3107 Christi
3074 3067 3133 3107 se
3186 3054 3579 3108 misericordia:

1987 3141 2426 3197 commendabat.
2451 3141 2597 3197 Crux
2618 3143 2821 3199 Christi
2843 3142 2896 3197 in
2918 3142 3099 3198 medio
3122 3159 3231 3199 non
3252 3145 3355 3200 fuit
3374 3146 3578 3213 suppli-

1986 3230 2129 3280 cium
2157 3265 2173 3292 ,
2226 3223 2321 3279 scd
2353 3223 2584 3279 tribunal
2642 3240 2657 3277 :
2703 3227 2773 3279 de
2823 3234 2984 3281 cruce
3006 3227 3202 3296 quippe
3241 3228 3579 3285 insultantem

1986 3315 2277 3381 damnavit,
2315 3315 2625 3372 credentem
2666 3317 2933 3372 liberavit.
2974 3318 3181 3375 Timete
3228 3322 3578 3380 insultantes.

1987 3410 2214 3478 gaudete
2265 3408 2547 3463 credentes
2597 3425 2611 3463 :
2664 3407 2768 3466 hoc
2822 3408 2981 3464 faciet
3019 3409 3074 3464 in
3113 3412 3393 3481 claritate,
3437 3414 3581 3485 quod

1986 3501 2114 3554 fecit
2136 3500 2189 3554 in
2214 3498 2534 3556 humilitate.

2059 3589 2114 3643 5.
2157 3587 2376 3643 Munera
2417 3590 2597 3660 gratia:
2631 3604 2696 3642 ea:
2738 3590 2992 3661 profundo
3023 3590 3119 3646 Dei
3147 3594 3347 3663 judicio
3370 3595 3576 3651 dantur.

1994 3677 2180 3730 Petrus
2219 3688 2558 3747 prmumptor
2583 3679 2841 3749 paulisper
2871 3680 3140 3746 deseritur,
3168 3691 3222 3736 ut
3247 3683 3342 3739 sibi
3365 3684 3579 3740 demon-

1986 3779 2193 3825 stretur.
2238 3768 2641 3839 Prmmptores
2682 3772 2789 3826 odit
2836 3771 2995 3827 Deus.
3035 3771 3252 3830 Himera
3276 3775 3459 3833 divina
3503 3783 3576 3835 de

1986 3861 2256 3935 profundo
2287 3862 2378 3919 Dei
2398 3862 2602 3935 judicio
2636 3864 2855 3920 veniunt
2881 3883 2895 3919 :
2926 3864 3106 3921 mirari
3144 3882 3209 3921 ea
3256 3882 3539 3938 possumus
3561 3912 3577 3935 ,

1987 3954 2311 4025 investigare
2334 3969 2443 4009 non
2474 3969 2777 4024 possumus.
2803 3953 2929 4021 Quis
2948 3956 3093 4011 enim
3122 3960 3352 4030 cognouit
3377 3976 3579 4016 sensum

1987 4045 2241 4101 Domini?
2291 4054 2380 4110 et,
2427 4044 2594 4114 Quam
2643 4045 2992 4101 iusmmbilia
3045 4057 3162 4102 sunt
3195 4049 3396 4139 judicia
3442 4054 3583 4129 ejus,

1984 4147 2034 4192 et
2058 4137 2426 4208 inrestigabiies
2451 4136 2547 4191 vita
2581 4137 2691 4209 ejus
2711 4137 2884 4209 (Reor.
2917 4154 2967 4192 ut
2989 4180 3004 4206 ,
3034 4140 3106 4196 54
3123 4180 3138 4205 ,
3166 4140 3258 4212 33)
3284 4136 3583 4214 [sequens

1988 4243 2084 4298 per
2108 4227 2287 4282 omnia
2315 4226 2535 4297 vestigia
2563 4225 2761 4282 Christi
2791 4227 2981 4282 Petrus
3004 4231 3379 4301 conturbatur,
3407 4244 3460 4287 et
3487 4251 3581 4289 ne-

1984 4328 2075 4389 gat
2103 4336 2119 4374 :
2146 4318 2468 4388 respicitur,
2507 4328 2564 4373 et
2591 4317 2804 4388 piat-at;
2848 4319 3003 4374 θρίω
3040 4316 3198 4392 tergit
3230 4323 3373 4393 quad
3420 4324 3582 4381 timor

1990 4408 2265 4466 infecerat.
2290 4408 2408 4465 Non
2452 4408 2552 4465 iuit
2586 4409 2675 4464 illa
2708 4410 2849 4467 Petri
2890 4412 3161 4476 descruio,
3193 4414 3289 4470 sed
3322 4416 3572 4472 eruditio.

1987 4505 2184 4558 Amare
2220 4503 2418 4574 quippe
2466 4502 2748 4559 Dominum
2777 4505 3133 4577 interrogatus
3163 4508 3179 4541 ⁸
3211 4509 3262 4562 in
3282 4510 3451 4566 corde
3475 4527 3575 4567 Sllu

1986 4603 2399 4667 praemineret
2458 4611 2520 4652 se
2568 4611 2668 4666 pm
2711 4612 2778 4652 eo
2824 4598 2986 4654 etiam
3038 4600 3380 4656 moriturum.
3434 4603 3569 4659 Viri-

1986 4688 2086 4743 bus
2106 4687 2223 4745 suis
2250 4687 2353 4742 hoc
2380 4686 2636 4744 tribuerat
2655 4689 2794 4764 {nisi
2823 4691 3094 4762 paulisper
3114 4708 3146 4750 tt
3172 4703 3391 4764 regente
3413 4693 3574 4751 dese-

1985 4788 2199 4835 reretur
2216 4822 2230 4845 ,
2262 4795 2369 4836 non
2396 4780 2511 4836 sibi
2532 4761 3013 4838 demonstraretur.
3045 4784 3220 4838 Ausus
3356 4785 3532 4841 dicere
3562 4829 3579 4852 ,

1987 4872 2225 4925 Artium
2242 4888 2408 4929 suum
2432 4888 2526 4941 pm
2555 4880 2604 4925 te
2622 4886 2826 4941 ponant.
2856 4856 3100 4927 Animam
3129 4887 3278 4927 suam
3308 4888 3404 4944 pro
3420 4874 3575 4931 Chri-

1986 4973 2073 5016 ειη
2102 4971 2455 5033 prmumer
2478 4976 2543 5017 se
2564 4962 2865 5031 positurum
2894 4977 3013 5017 esse
3035 4963 3268 5032 jactabnt
3286 5005 3301 5029 ,
3332 4979 3430 5034 pro
3456 4980 3575 5037 quo

1984 5053 2226 5109 nandum
2276 5062 2527 5123 posuerat
2574 5053 2868 5109 Libenter.
2918 5053 3156 5124 Denique
3206 5069 3327 5110 eum
3381 5057 3574 5113 timore

1984 5145 2251 5211 armatur,
2287 5144 2427 5200 sicut
2454 5144 2710 5200 Dominus
2737 5145 3055 5216 prtediserat
3076 5188 3092 5214 ,
3121 5156 3205 5203 ter
3222 5157 3388 5220 negat
3412 5165 3531 5205 eum
3553 5194 3570 5212 ,

1988 5251 2083 5306 pro
2122 5250 2233 5306 quo
2273 5250 2334 5291 se
2378 5236 2695 5305 promiserat
2736 5237 3076 5293 amitarum.
3116 5237 3265 5295 Sicut
3314 5240 3572 5311 scriptum

1984 5336 2103 5396 est,
2148 5326 2388 5399 Respexit
2432 5326 2584 5383 illum
2642 5326 2912 5384 Dominus.
2958 5330 3029 5385 Αιι
3077 5331 3165 5387 ille
3208 5346 3385 5387 arum
3436 5334 3575 5403 ﬂet-tt

1983 5418 2140 5490 (bur.
2168 5434 2283 5474 nu
2303 5460 2317 5483 ,
2342 5419 2430 5485 5‘5,
2460 5420 2548 5484 64,
2579 5419 2694 5491 62).
2725 5421 2916 5475 Annua
2941 5429 3060 5477 erat
3083 5422 3383 5479 recordatio
3406 5422 3573 5495 nega-

1987 5508 2169 5574 tionis,
2197 5516 2255 5563 ut
2276 5507 2447 5564 dulcis
2466 5519 2609 5566 esset
2627 5512 2792 5581 gratia
2823 5511 3221 5582 redemptionis.
3256 5514 3366 5570 Nisi
3386 5516 3569 5572 deser-

1988 5613 2073 5656 IIIS
2099 5642 2115 5666 ,
2164 5616 2272 5656 non
2311 5610 2570 5679 negaret;
2613 5603 2713 5665 nisi
2759 5614 3065 5674 respectus,
3111 5621 3218 5663 non
3246 5606 3417 5670 ﬂeret.
3448 5609 3571 5667 Odit

1984 5692 2127 5749 Deus
2142 5702 2560 5772 prmswuptores
2583 5693 2651 5752 de
2680 5694 2880 5755 viribus
2902 5697 3035 5762 suis,
3050 5708 3112 5753 et
3126 5709 3394 5757 unum
3410 5701 3568 5756 istum

2051 5807 2068 5838 ι
2091 5804 2277 5868 Aliquot
2302 5812 2432 5869 Mss”
2470 5817 2677 5858 tutorem
2700 5806 2875 5868 quippe
2903 5808 3098 5863 nomine
3117 5813 3456 5880 interruptum,
