3926 6188
301 353 438 413 1993

303 466 356 521 in
371 460 804 534 eis,quusdiligit,
818 467 1065 527 tanquam
1078 450 1316 508 medicus
1326 452 1489 502 secat.
1504 435 1749 498 Secundo
1760 428 1878 534 qui-

308 556 429 612 dem
445 532 598 610 inlert
617 551 853 606 dolorem
874 547 1001 601 :sed
1042 545 1218 600 firmat
1239 548 1420 611 postea
1452 536 1749 592 sanitatem.
1772 532 1878 587 lta-

307 663 413 718 que
432 657 713 715 resurgens
745 640 999 697 Dominus
1018 633 1357 692 commendat
1394 632 1554 688 Petro
1578 641 1880 695 oves-suas,

310 740 385 795 illi
415 736 686 808 negatori;
716 734 808 789 sed
837 731 1094 803 negaturi,
1122 728 1240 799 quia
1268 723 1672 798 praesumptum;
1701 727 1883 789 postea

313 830 509 901 pastori
534 870 548 889 .
605 826 728 897 quia
780 823 1023 878 amatori.
1082 820 1215 875 Nam
1267 831 1431 887 quare
1476 825 1557 870 ter
1598 814 1889 880 interrogat

311 899 577 977 amantem
598 959 614 984 ,
645 917 744 972 nisi
776 925 831 971 ut
853 922 1168 984 eompungat
1202 918 1281 967 ter
1306 904 1622 979 negantem?
1665 899 1888 958 Proinde

315 1011 536 1083 perfecit
569 1018 753 1080 postea
796 1006 990 1063 Petrus
1030 1003 1198 1074 gratia
1237 1000 1370 1066 Dei,
1412 996 1552 1068 quod
1583 994 1755 1066 primo
1783 1005 1889 1047 non

318 1105 487 1174 potuit
530 1102 718 1157 liducia
746 1099 849 1155 sui.
888 1097 1020 1153 Nam
1062 1102 1402 1165 posteaquam
1447 1087 1521 1142 illi
1566 1099 1737 1151 oves,
1787 1097 1891 1137 non

318 1194 463 1251 Petri
488 1235 503 1261 ,
532 1192 626 1248 sed
667 1204 790 1245 suas
815 1184 1206 1243 toinmendaiit
1227 1224 1241 1249 ,
1274 1192 1328 1237 ut
1349 1198 1452 1235 non
1484 1186 1723 1248 misceret
1752 1174 1850 1232 sibi
1876 1214 1891 1238 ,

318 1289 412 1345 sed
440 1286 686 1349 Domino,
712 1279 1043 1337 amiuntiavit
1060 1278 1107 1333 ei
1137 1276 1439 1347 passionem
1468 1270 1719 1335 futuram,
1738 1281 1895 1336 quam

321 1382 495 1452 primo
536 1375 879 1446 perdiderat;
918 1370 1172 1441 quoniam
1216 1378 1551 1437 pra-propere
1591 1357 1894 1417 festinabat.

324 1472 449 1524 tium
474 1470 641 1525 senior
659 1509 675 1534 ,
717 1465 917 1535 inquit,
955 1458 1123 1534 [altus
1150 1458 1306 1528 fueris
1326 1497 1340 1521 ,
1383 1455 1512 1508 alter
1536 1463 1583 1506 te
1608 1452 1770 1520 cinget
1794 1488 1809 1512 ,
1856 1456 1901 1500 et

328 1569 446 1635 feret
477 1580 574 1633 quo
600 1572 654 1614 tu
688 1576 789 1613 non
830 1558 927 1611 vis.
956 1555 1071 1610 Hoc
1098 1563 1267 1608 autem
1295 1550 1421 1605 dixit
1443 1590 1457 1614 ,
1488 1547 1781 1618 signiﬁcans
1805 1562 1903 1616 qua

327 1671 485 1710 morte
502 1655 633 1726 glori
637 1654 877 1721 [icaturns
888 1657 995 1703 erat
1010 1645 1280 1701 Dominam
1308 1640 1484 1714 (Joan.
1512 1654 1625 1701 XXI,
1644 1637 1713 1692 l8
1731 1646 1777 1689 et
1794 1636 1903 1703 l9).

335 1747 549 1801 Factum
577 1751 659 1796 est
681 1784 697 1807 ,
727 1739 967 1810 pervenit
1009 1737 1202 1792 Petrus
1249 1734 1312 1787 ad
1344 1730 1640 1801 passionem
1668 1769 1682 1792 ,
1712 1727 1801 1796 qui
1829 1726 1906 1780 Ia-

332 1836 529 1905 erymis
555 1832 785 1889 diluerat
814 1829 1170 1899 negationem.
1194 1824 1346 1892 Quod
1372 1823 1418 1877 ei
1452 1821 1768 1892 promiserat
1792 1817 1909 1873 Sal-

334 1937 506 1990 vator,
531 1939 635 1977 non
666 1922 833 1992 potuit
852 1920 1060 1974 auferre
1086 1925 1334 1972 tentator.

405 2020 460 2073 4.
500 2017 679 2071 Castus
729 2024 773 2068 et
828 2011 1076 2066 Aimilins
1103 2010 1154 2063 in
1194 2007 1449 2063 tormentis
1491 2004 1622 2058 unde
1658 2003 1771 2057 victi
1807 2005 1912 2071 pri—

338 2127 510 2175 mum,
552 2108 686 2160 unde
720 2114 849 2176 .post
891 2105 1117 2157 uictores.
1161 2100 1287 2155 Tale
1332 2098 1530 2168 aliquid
1560 2096 1753 2152 laetum
1795 2108 1915 2150 esse

340 2201 571 2265 arbitror
588 2200 747 2252 etiam
774 2197 825 2251 in
845 2194 927 2249 his
944 2192 1261 2264 martyribus
1280 2192 1476 2244 sanctis
1490 2189 1651 2243 Casta
1665 2195 1719 2241 et
1745 2185 1915 2241 tEmi-

343 2292 448 2357 lio,
492 2303 718 2360 quorum
760 2286 900 2340 diem
943 2283 1100 2337 hodie
1144 2281 1474 2336 celebramus
1524 2278 1620 2349 (ιι).
1671 2276 1919 2333 Fortasse

343 2392 399 2437 et
435 2380 532 2450 ipsi
559 2379 625 2434 de
660 2377 771 2434 suis
808 2376 1007 2437 viribus
1031 2383 1182 2428 antea
1212 2376 1689 2442 praisumpseruut,
1721 2376 1775 2423 et
1802 2366 1921 2422 ideo

347 2470 675 2525 defecerunt.
721 2465 967 2523 Ostendit
988 2465 1070 2520 eis
1115 2464 1203 2533 qui
1242 2469 1424 2518 essent
1465 2460 1604 2530 ipsi,
1644 2459 1738 2528 qui
1788 2458 1919 2528 ipse.

350 2562 624 2631 Repressit
666 2564 1068 2629 praesumentes,
1100 2565 1155 2611 et
1182 2554 1389 2609 vocavit
1421 2552 1745 2615 credentes:
1776 2549 1926 2618 adju-

350 2655 428 2708 vit
452 2662 748 2723 pugnantes
772 2694 785 2715 ,
823 2664 1040 2704 corona:
1058 2647 1097 2702 it
1132 2647 1420 2700 vincentes.
1466 2643 1700 2713 Denique
1724 2641 1831 2710 jam
1858 2640 1927 2696 de

356 2745 461 2800 illis
487 2743 749 2816 gaudebat
779 2741 1022 2795 inimicus
1053 2741 1105 2793 in
1132 2755 1179 2808 pi
1195 2739 1297 2792 ima
1324 2736 1699 2806 congressione
1718 2775 1733 2798 ,
1761 2749 1928 2803 quau-

354 2837 425 2890 do
448 2842 724 2891 cesserunt
759 2832 1065 2895 doloribus,
1099 2832 1151 2884 in
1192 2830 1299 2884 suis
1327 2843 1420 2885 eos
1451 2827 1687 2896 partibus
1712 2840 1932 2893 compu-

360 2926 537 2989 tubut;
574 2924 682 2994 jam
712 2922 1012 2978 exsultabat
1034 2962 1048 2987 ,
1078 2921 1185 2989 jam
1217 2934 1344 2973 suos
1371 2918 1597 2975 habebat
1620 2936 1632 2970 :
1657 2916 1749 2971 sed
1768 2930 1934 2983 quatr-

359 3026 466 3071 tum
495 3016 576 3071 eis
598 3028 908 3070 concessum
937 3022 1039 3078 est,
1066 3014 1287 3066 Domino
1316 3013 1636 3073 miserante;
1669 3008 1762 3063 alii
1792 3021 1932 3061 uiar-

363 3118 507 3177 tyres
531 3106 798 3161 diabolum
829 3105 1059 3161 vicerunt
1092 3107 1380 3159 tentantein
1401 3145 1415 3167 ,
1447 3102 1531 3157 isti
1562 3100 1722 3156 etiam
1745 3099 1933 3155 trium-

364 3198 633 3265 phantem.
664 3198 844 3265 itaque
867 3238 880 3259 ,
913 3196 1103 3251 fratres
1130 3197 1263 3259 mei,
1290 3195 1688 3249 meminerimus
1714 3208 1937 3262 quorum

362 3286 722 3345 celebritatem
772 3287 929 3342 hodie
949 3286 1279 3343 celebramus
1310 3304 1324 3341 ;
1356 3300 1455 3340 ure
1494 3284 1717 3339 velimus
1747 3284 1941 3338 imitari

366 3379 504 3449 quod
538 3381 811 3457 victisunt
833 3422 847 3443 .
887 3380 980 3435 sed
1027 3379 1199 3448 potius
1222 3377 1360 3447 quod
1390 3378 1647 3432 vicerunt.
1680 3376 1801 3430 Ideo
1829 3390 1940 3430 uta-

364 3488 587 3543 gnorum
618 3486 773 3527 casus
818 3487 921 3525 non
962 3471 1269 3536 latuerunt,
1302 3480 1356 3523 ut
1399 3471 1622 3524 timeant
1662 3471 1752 3539 qui
1773 3470 1840 3525 de
1882 3485 1943 3526 se

369 3572 838 3633 prmsompscrunr.
903 3562 1106 3631 Ilhique
1169 3563 1321 3616 nobis
1379 3562 1650 3617 humilitas
1709 3562 1943 3634 magistri

371 3656 491 3711 boni
522 3655 928 3724 diligentissime
962 3654 1384 3708 commendatur.
1432 3655 1866 3726 Quandoquidem
1893 3668 1947 3711 et

368 3750 512 3804 salus
541 3756 719 3802 nostra
756 3748 807 3802 in
845 3747 1089 3809 Christo,
1120 3747 1390 3805 humilitas
1418 3748 1615 3803 Christi
1655 3760 1754 3805 est.
1796 3751 1945 3805 Nulla

369 3840 512 3893 ciiiin
552 3847 734 3893 nostra
772 3838 917 3891 salus
946 3847 1133 3902 esset,
1180 3838 1278 3891 nisi
1327 3838 1572 3894 Christus
1599 3840 1812 3894 humilis
1852 3855 1947 3909 pro

373 3932 526 3987 nobis
570 3931 683 3986 ﬂeri
728 3930 980 4001 dignatus
1021 3939 1183 3986 essm.
1234 3930 1625 3986 Meminerimus
1668 3931 1737 3987 de
1794 3934 1947 3988 nobis

375 4008 503 4091 ipsis
569 4038 674 4077 non
721 4036 842 4078 esse
894 4022 1294 4091 prmlidendum.
1352 4023 1460 4077 Deo
1515 4024 1949 4080 commendemus

373 4115 515 4184 mind
542 4114 798 4171 habemus
827 4130 841 4168 :
871 4112 938 4169 ab
967 4113 1058 4168 illo
1087 4113 1597 4183 hutiloreniiaquod
1637 4115 1831 4170 minus
1853 4114 1951 4170 ha-

376 4208 580 4263 bemus.

447 4297 500 4351 5.
545 4295 796 4368 Martyres
820 4296 1050 4350 advocati
1071 4296 1246 4361 nostri,
1273 4306 1317 4352 et
1339 4307 1502 4351 tamen
1528 4314 1657 4353 unus
1685 4299 1953 4353 advocatus

379 4397 546 4444 uoster
566 4387 814 4443 Christus.
855 4387 1139 4459 Martyrum
1185 4387 1347 4457 periei
1367 4396 1414 4442 ta
1439 4388 1639 4458 iustitia
1670 4400 1747 4444 est
1773 4432 1787 4452 ,
1820 4406 1956 4457 quo-

382 4478 523 4533 niam
552 4478 602 4532 in
632 4478 744 4545 ipsa
775 4478 1019 4547 passione
1044 4477 1259 4547 perfecti
1302 4488 1447 4533 sunt.
1481 4480 1603 4535 Ideo
1640 4496 1735 4548 pro
1762 4482 1864 4536 illis
1902 4483 1955 4536 in

382 4567 618 4621 Ecclesia
646 4581 752 4621 non
776 4574 978 4620 oratur.
1004 4567 1109 4620 Pro
1141 4567 1265 4620 aliis
1286 4568 1528 4624 ﬁdelibus
1553 4570 1817 4628 defunctis
1832 4589 1957 4631 ora-

387 4668 487 4724 tur,
515 4672 613 4728 pro
651 4656 971 4727 martyribus
1016 4673 1135 4715 non,
1160 4667 1384 4714 oratur:
1426 4668 1532 4715 tam
1561 4663 1703 4717 enim
1741 4664 1957 4733 perfecti

385 4750 660 4812 exierunt,
693 4757 749 4802 ut
788 4761 893 4802 non
936 4748 1045 4803 sint
1066 4737 1300 4817 suscepti
1330 4749 1529 4816 nostri,
1560 4752 1656 4807 sed
1697 4755 1956 4811 advocati.

382 4841 567 4911 Neque
592 4840 692 4897 hoc
719 4841 770 4895 in
795 4854 873 4904 se,
901 4839 1001 4895 sed
1025 4839 1076 4894 in
1117 4838 1210 4897 illo
1236 4840 1319 4894 eui
1350 4841 1508 4912 capiti
1538 4840 1769 4912 perfecta
1794 4860 1961 4901 mem-

384 4934 476 4987 bra
521 4931 871 4991 cohaeserunt.
913 4928 1005 4986 llle
1040 4939 1121 4989 est
1159 4931 1300 4987 enim
1341 4948 1463 4988 vere
1508 4934 1794 4992 advocatus
1827 4951 1962 4992 unus

387 5026 406 5095 (
431 5025 445 5080 l
470 5022 625 5080 Jsan.
653 5039 709 5087 tt.
744 5024 763 5077 l
794 5026 829 5091 ),
859 5024 947 5093 qui
976 5023 1276 5092 interpellat
1316 5039 1412 5095 pro
1449 5026 1635 5095 nobis,
1682 5028 1873 5084 sedens
1896 5029 1961 5085 ad

383 5114 655 5177 dexteram
685 5112 856 5167 Patris
874 5111 1049 5183 (Rom.
1074 5129 1183 5181 tun,
1208 5114 1297 5186 34)
1333 5134 1347 5171 :
1372 5116 1466 5173 sed
1494 5116 1783 5175 advocatus
1806 5128 1962 5187 tinus,

386 5207 524 5263 sicut
543 5216 597 5263 et
621 5214 801 5276 pastor
829 5220 983 5261 unus.
1006 5205 1137 5261 Nam
1156 5210 1562 5281 oportet,inquit.
1581 5228 1659 5266 me
1681 5225 1726 5266 et
1746 5229 1829 5267 eas
1854 5231 1967 5270 ms

350 5330 359 5359 ,ο
386 5297 657 5363 adducas,
685 5312 800 5367 qua
826 5312 924 5350 non
942 5307 1061 5351 sunt
1088 5298 1151 5351 de
1174 5300 1269 5353 hoc
1288 5301 1405 5355 ovili
1431 5308 1448 5371 (
1472 5301 1628 5357 lacn.
1655 5320 1710 5370 ι,
1742 5302 1865 5377 l6).
1899 5304 1966 5363 Ut

388 5388 630 5445 Christus
660 5395 872 5459 pastor,
904 5386 1092 5444 Petrus
1124 5403 1235 5445 non
1278 5392 1648 5460 pastor?‘luio
1687 5403 1740 5451 et
1781 5395 1969 5454 Petrus

453 5566 531 5640 (tt)
560 5567 816 5639 Cyprianus
839 5568 884 5616 iu
908 5566 1034 5642 libro
1054 5568 1120 5619 de
1140 5571 1332 5682 [ἤρειδε
1362 5589 1386 5617 ι
1400 5573 1490 5632 sic,
1514 5574 1734 5648 siCCasto
1751 5586 1802 5628 et
1829 5581 1971 5631 sum.

453 5628 509 5678 lto
529 5624 784 5682 aliquando
804 5635 1029 5681 Domnus
1043 5631 1187 5682 lgnov
1208 5638 1228 5682 t
1252 5645 1265 5681 :
1295 5633 1432 5682 sicin
1457 5648 1603 5682 prima
1627 5642 1971 5682 congressione

400 5644 420 5673 α
444 5624 1029 5702 senescamus
1043 5624 1228 5702 ίευοῖτι
1252 5645 1265 5681 ε
1295 5634 1366 5702 si;
1384 5633 1432 5682 ιη
1455 5624 1613 5702 iam
1627 5624 1971 5702 obsessae

401 5709 424 5735 .
446 5688 692 5758 carpes,
704 5690 918 5758 victores
936 5688 1224 5758 laseiamdo
1234 5694 1398 5755 praelia
1420 5688 1656 5758 reddidit;
1679 5688 1972 5756 areanis;

401 5770 420 5799 ε
450 5747 645 5827 ιειιιιιυς
664 5748 855 5811 ﬂerent,
879 5753 962 5818 qui
986 5754 1178 5821 ignibus
1200 5747 1312 5808 ante
1335 5747 1660 5813 ορεείεςριιιζί

1538 325 1594 382 S.
1636 307 1999 375 AUGUSTlNl
2036 306 2335 365 EPlSCOPl

3433 306 3570 361 l‘236

1988 432 2185 492 pastor,
2220 431 2275 476 et
2298 421 2475 478 caeteri
2508 421 2639 479 tales
2669 422 2784 478 sine
2819 422 2925 478 ulla
2957 422 3278 481 dubitatione
3306 437 3552 494 pastores
3640 492 3643 493 ν

1984 514 2115 569 Nam
2150 515 2195 569 si
2237 530 2341 569 non
2372 522 2570 584 pastor,
2611 514 2881 584 quomodo
2906 517 2957 571 ei
2997 514 3209 580 dicitur,
3254 512 3417 572 Pasce
3448 537 3562 576 ores
3640 508 3645 547 ξ

1987 625 2121 662 meus
2152 606 2326 680 (Joan.
2351 623 2456 670 xxi,
2476 606 2607 679 l7)?
2632 606 2736 665 Sed
2761 617 2936 664 tamen
2968 623 3127 673 verus
3147 618 3346 678 pastor,
3363 607 3456 679 qui
3485 624 3577 679 ps—

1990 702 2089 755 seit
2114 716 2240 757 oves
2280 717 2425 758 suas.
2473 702 2629 757 Petro
2668 702 2810 757 enim
2842 702 3040 758 dictum
3073 712 3193 767 est,
3236 720 3378 768 non,
3410 704 3579 759 Pasce
3652 702 3659 737 ί

1990 806 2119 849 ores
2147 803 2294 857 ιιιιδς
2326 793 2440 857 sed,
2466 809 2626 851 meas.
2659 793 2846 848 Petrus
2889 808 3015 864 ergo
3062 809 3168 848 non
3199 795 3250 848 in
3288 810 3369 861 se,
3399 794 3493 849 sed
3524 795 3583 849 in

1992 898 2218 953 corpore
2239 883 2467 952 pastoris
2488 893 2570 939 est
2597 894 2792 953 pastor.
2816 882 2946 938 Nam
2965 884 3008 937 si
3026 898 3158 953 ores
3168 899 3296 939 suas
3314 894 3581 954 pasceret,

1994 976 2245 1032 continuo
2272 976 2461 1031 tierent
2489 975 2647 1041 haedi,
2678 990 2812 1045 quos
2841 984 3098 1045 pasceret.

2068 1067 2122 1122 6.
2163 1066 2325 1122 Extra
2365 1064 2645 1121 Ecclesium
2680 1083 2781 1120 non
2814 1083 2925 1121 oves
2964 1067 3168 1132 Christi,
3207 1067 3297 1122 sed
3332 1068 3465 1121 haedi
3490 1084 3588 1138 pa.

1999 1169 2204 1212 scuntur
2232 1174 2263 1211 a
2291 1157 2642 1211 schismalicis.
2684 1156 3061 1211 Donatistarum
3103 1173 3219 1211 vox.
3247 1157 3443 1210 Contra
3485 1159 3587 1211 hoc

2001 1249 2141 1304 enim
2174 1247 2316 1318 quod
2360 1248 2519 1304 Petro
2542 1249 2754 1311 dicitur,
2790 1247 2951 1301 Pasce
2972 1264 3084 1302 oves
3110 1263 3286 1312 meas;
3315 1248 3505 1302 dicitur
3534 1251 3586 1302 in

2001 1340 2239 1414 Canticis
2286 1340 2641 1406 canticorum,
2689 1338 2807 1394 Nisi
2852 1341 3139 1411 cognoveris
3177 1341 3506 1410 temetipsum,
3558 1357 3589 1392 ο

2007 1431 2218 1500 pulchra
2247 1431 2376 1485 inter
2397 1430 2645 1485 mulieres.
2668 1427 2762 1485 Cui
2787 1429 2997 1495 dicitur,
3024 1431 3202 1500 utique
3227 1433 3587 1500 agnoscimus.

2007 1536 2060 1579 et
2090 1525 2139 1579 in
2163 1525 2249 1578 illa
2278 1539 2374 1578 nos
2398 1523 2558 1578 etiam
2580 1523 2841 1578 audimus.
2877 1523 3113 1578 Ecclesia
3140 1523 3336 1593 quippe
3363 1522 3463 1576 hoc
3489 1539 3592 1577 au-

2008 1616 2085 1670 dit
2109 1631 2138 1669 a
2170 1615 2381 1670 Clll'lalo
2402 1657 2416 1681 ,
2444 1629 2638 1684 sponsa
2662 1614 2806 1673 audit
2834 1630 2861 1667 ιι
2886 1630 3083 1683 sponso
3113 1633 3124 1667 ε
3159 1614 3276 1668 Nisi
3302 1617 3599 1687 cognoveris

2012 1708 2337 1779 temetipsum,
2368 1724 2398 1761 ο
2428 1706 2643 1778 pulchra
2679 1706 2808 1763 inter
2853 1707 3102 1773 mulieres,
3147 1708 3227 1760 exi
3252 1716 3306 1761 ιιι
3336 1706 3523 1777 (Cant.
3556 1725 3597 1772 ι,

2012 1798 2087 1871 7).
2128 1799 2295 1867 Quam
2327 1800 2461 1853 mala
2491 1813 2594 1854 vox
2614 1841 2628 1863 ,
2658 1796 2780 1854 Exi.
2814 1800 2857 1852 A
2897 1800 3060 1877 nobis,
3092 1798 3298 1871 inquit,
3330 1803 3561 1857 exierunt
3581 1843 3598 1866 ,

2013 1890 2101 1944 sed
2121 1907 2219 1945 non
2246 1899 2390 1943 erant
2414 1890 2637 1944 anubis
2661 1889 2883 1960 (ιιοαη.
2908 1908 2966 1957 ιι,
2995 1891 3102 1962 19).
3137 1892 3269 1947 lluie
3298 1894 3434 1948 tristi
3459 1895 3601 1960 voci,

2015 1981 2155 2049 quod
2183 1987 2285 2044 est,
2314 1979 2433 2046 Exi,
2456 1982 2723 2041 neutitraria
2753 1992 2833 2049 est
2864 1983 2915 2036 in
2953 1982 3092 2039 bono
3116 1984 3207 2038 illa
3240 2000 3338 2039 rex
3362 1987 3603 2055 gratula-

2016 2073 2155 2149 bilis,
2200 2071 2345 2126 Intra
2374 2072 2426 2129 iu
2461 2074 2703 2144 gaudium
2740 2073 2949 2129 Domini
2977 2077 3049 2130 tui
3079 2077 3094 2139 (
3104 2074 3289 2131 Matth.
3322 2094 3454 2141 xxv,
3484 2077 3604 2147 2|).

2020 2166 2179 2241 Ergo,
2211 2164 2328 2229 Nisi
2351 2167 2635 2238 cognoveris
2665 2167 2993 2236 temetipsum,
3025 2184 3055 2220 ο
3088 2167 3303 2238 pulchra
3331 2169 3460 2222 inter
3485 2186 3603 2223 mu-

2022 2259 2184 2324 lieres,
2213 2273 2246 2313 0
2274 2257 2535 2314 catholica
2563 2258 2779 2328 pulchra
2809 2259 2945 2314 inter
2990 2258 3221 2314 biereses
3250 2278 3262 2313 ;
3293 2260 3391 2315 nisi
3414 2277 3609 2331 cogno-

2021 2351 2148 2403 veris
2176 2350 2503 2419 temetipsum,
2536 2365 2565 2403 ο
2591 2350 2801 2419 pulchra
2827 2351 2958 2407 inter
2983 2352 3232 2415 mulieres,
3265 2354 3344 2406 cxi
3373 2362 3463 2419 tu;
3499 2368 3609 2407 non

2024 2442 2164 2496 enim
2195 2458 2291 2512 ego
2322 2451 2374 2496 te
2395 2441 2568 2513 ejicio,
2592 2443 2684 2497 sed
2713 2444 2793 2497 eri
2818 2453 2889 2497 tu.
2917 2445 2964 2497 Α
2993 2442 3147 2498 nobis
3167 2445 3309 2499 enim
3337 2445 3610 2509 exierunt,

2026 2533 2112 2601 qui
2137 2543 2397 2604 segregant
2421 2535 2731 2605 semetipsos,
2764 2535 3025 2600 animales,
3054 2526 3284 2604 spiritum
3304 2554 3404 2590 non
3425 2538 3617 2591 haben-

2027 2631 2099 2677 tes
2120 2622 2292 2691 (dada:
2326 2623 2433 2695 l9).
2462 2623 2577 2679 Non
2607 2625 2750 2681 enim
2776 2625 2972 2681 dictum
2995 2636 3098 2693 est,
3124 2627 3288 2697 Ejeeti
3310 2638 3463 2692 sunt;
3493 2630 3615 2693 sed,

2022 2712 2296 2768 Exierunt.
2326 2714 2438 2770 Hoc
2471 2724 2526 2770 et
2551 2716 2601 2770 in
2630 2716 2818 2787 primis
2843 2718 3188 2789 peccantibus
3210 2718 3415 2789 justitia
3439 2719 3621 2773 dii-ina

2032 2808 2280 2862 servavit.
2306 2806 2575 2878 Tanquam
2597 2809 2741 2864 enim
2764 2808 2872 2876 jam
2900 2824 3097 2880 pronos
3124 2811 3339 2879 proprio
3358 2811 3622 2880 pondere,

2033 2898 2233 2953 dimisit
2261 2914 2352 2957 eos
2378 2898 2446 2955 de
2472 2899 2739 2976 paradiso,
2763 2915 2867 2955 non
2906 2902 3126 2956 exclusit
3154 2900 3324 2971 (,Gen.
3363 2917 3441 2967 tn,
3482 2901 3557 2957 9.3
3576 2902 3624 2973 ).

2040 2980 2156 3047 Nisi
2180 3007 2305 3062 ριἨο
2325 2993 2609 3065 cognoveris
2638 2994 2969 3063 teritetipsam,
2995 3009 3024 3047 ο
3045 2994 3257 3063 pulchra
3284 2995 3412 3047 inter
3437 2994 3627 3048 mulie-

2037 3101 2137 3150 res,
2165 3085 2245 3138 exi
2265 3092 2315 3137 ιιι
2347 3100 2363 3137 ;
2391 3098 2494 3138 non
2522 3098 2621 3154 ego
2648 3094 2697 3139 te
2727 3085 2902 3153 ejicio,
2931 3085 3009 3137 exi
3036 3095 3109 3138 ιιι.
3142 3084 3255 3155 Ego
3277 3095 3327 3140 te
3354 3086 3407 3139 in
3434 3099 3630 3154 corpo-

2040 3194 2099 3232 re
2131 3192 2249 3232 tneo
2277 3177 2396 3231 volo
2431 3176 2629 3244 sanari,
2663 3186 2716 3259 ιιι
2741 3176 3072 3246 putredinetu
3101 3162 3243 3230 tuam
3275 3177 3483 3247 appetis
3512 3194 3634 3231 am-

2041 3268 2234 3339 putari.
2265 3268 2376 3321 lloe
2420 3267 2524 3321 illis
2560 3266 2758 3321 dictum
2789 3276 2900 3331 est,
2932 3268 3021 3337 qui
3054 3267 3481 3337 prmvidebantur
3530 3283 3633 3322 ex-

2048 3359 2191 3423 ituri,
2214 3368 2268 3412 ut
2287 3357 2490 3427 possint
2518 3373 2576 3412 se
2596 3372 2887 3428 agnoscere
2905 3368 2956 3413 et
2985 3373 3171 3415 carere
3198 3359 3455 3413 mansuri.
3482 3359 3600 3424 Qua
3616 3389 3632 3399 ε

2047 3466 2103 3503 re
2132 3449 2271 3519 enim
2298 3459 2355 3502 et
2381 3448 2452 3502 iiii
2480 3449 2742 3515 exierunt,
2771 3448 2869 3503 nisi
2894 3449 3012 3521 quia
3041 3464 3099 3503 se
3128 3465 3233 3502 non
3264 3450 3635 3517 agnoverunt?

2048 3540 2104 3595 Si
2134 3540 2272 3595 enim
2304 3548 2668 3609 agnoscerent,
2698 3539 2767 3594 ibi
2807 3540 3046 3594 viderent
3077 3556 3178 3593 non
3206 3555 3383 3605 suum,
3416 3539 3509 3592 Sed
3542 3539 3636 3593 Dei

2049 3648 2166 3686 esse
2186 3631 2325 3700 quod
2356 3630 2562 3685 darent.
2590 3630 2786 3702 Egodo
2810 3650 2822 3684 :
2849 3648 3021 3686 meum
3044 3631 3285 3701 estquod
3308 3628 3413 3691 do;
3437 3639 3491 3685 et
3514 3629 3636 3684 ideo

2049 3735 2286 3780 sanetum
2314 3733 2428 3791 est,
2477 3725 2597 3795 quia
2626 3740 2725 3794 ego
2769 3724 2857 3780 du.
2903 3724 3016 3780 Non
3057 3733 3107 3779 te
3132 3724 3414 3790 agnovisti,
3445 3723 3639 3778 merito

2050 3818 2223 3875 existi.
2256 3817 2475 3887 Noluisti
2504 3819 2644 3873 enim
2683 3816 2867 3873 audire
2891 3817 3182 3871 dicentem:
3208 3813 3327 3868 Nisi
3348 3817 3640 3886 cognoveris

2051 3910 2358 3979 tcuu-tipsam
2380 3952 2393 3975 ,
2422 3927 2450 3963 ο
2473 3909 2682 3979 pulchra
2704 3909 2833 3963 inter
2853 3908 3104 3962 mulieres.
3128 3907 3355 3963 Pulchra
3378 3908 3519 3961 enim
3538 3909 3640 3961 ali-

2053 4003 2263 4074 quando
2295 4018 2432 4067 cras,
2470 4002 2680 4071 quando
2722 4002 2899 4071 sponsi
2933 4002 3005 4055 tui
3036 4000 3287 4055 membris
3317 4000 3639 4055 inlimrebas.

2053 4097 2277 4152 Noluisti
2301 4112 2426 4166 ergo
2453 4096 2636 4152 audire
2661 4106 2712 4151 et
2738 4095 3038 4166 appendere
3063 4084 3186 4164 quid
3205 4094 3293 4159 sit,
3322 4092 3440 4146 Nisi
3458 4109 3645 4163 cogno-

2056 4189 2182 4243 veris
2213 4189 2522 4260 temetipsmu
2551 4204 2569 4240 :
2597 4191 2719 4258 quia
2747 4188 2924 4257 utique
2956 4186 3148 4241 fit-dam
3182 4196 3232 4240 te
3264 4185 3487 4250 invenit,
3519 4186 3645 4253 quia

2056 4280 2122 4334 de
2151 4279 2288 4335 fceda
2313 4277 2582 4349 pulchram
2610 4277 2754 4343 fecit,
2787 4279 2906 4348 quia
2929 4277 2994 4332 de
3020 4278 3163 4347 nigra
3192 4275 3481 4330 dealbai'it.
3509 4275 3648 4340 Quid

2057 4374 2189 4426 enim
2214 4371 2364 4425 habes
2389 4372 2522 4438 quod
2554 4387 2652 4424 non
2677 4370 2909 4437 acceiisti
2934 4370 2975 4437 (1
3004 4366 3118 4423 Cor.
3151 4384 3219 4429 iv,
3254 4366 3347 4437 7)?
3372 4365 3490 4421 Non
3518 4381 3647 4437 ergo

2059 4462 2291 4520 advertis
2313 4460 2759 4532 quemadmodum
2785 4461 2982 4514 dictum
3008 4460 3095 4524 sit,
3123 4457 3241 4511 Nisi
3258 4457 3552 4527 cognorcris
3572 4467 3648 4509 te-

2060 4557 2357 4626 metipsum,
2390 4556 2469 4609 cxi
2497 4564 2570 4608 tu.
2606 4554 2671 4608 Et
2705 4553 2901 4623 putasti
2938 4564 2986 4606 te
3028 4566 3245 4621 pascere
3283 4550 3483 4604 debere
3520 4562 3652 4602 ores

2063 4658 2197 4713 tuas,
2226 4660 2329 4699 non
2352 4643 2616 4716 quomodo
2637 4643 2832 4697 dictum
2861 4652 2941 4697 est
2967 4641 3146 4705 Petro,
3173 4637 3337 4693 Pasce
3356 4656 3471 4693 ores
3493 4656 3648 4692 meas.

2063 4736 2168 4793 Sed
2199 4737 2317 4792 ride
2342 4735 2468 4806 quid
2502 4736 2591 4790 tibi
2618 4734 2950 4803 adiunxerit,
2978 4731 3105 4804 quid
3138 4732 3226 4786 tibi
3246 4722 3348 4786 ista
3369 4730 3648 4801 prmdixit:

2064 4830 2167 4887 Exi
2208 4841 2264 4884 ιιι
2303 4831 2355 4885 in
2396 4829 2612 4885 vestigiis
2636 4844 2878 4900 gregum;
2907 4842 3010 4881 non
3040 4826 3247 4896 gregis,
3278 4824 3377 4880 sed
3420 4841 3649 4896 gregum.

2065 4925 2197 4981 Nam
2228 4924 2300 4979 ibi
2329 4910 2615 4994 pascuntur
2639 4936 2771 4978 oves
2797 4920 2993 4977 Christi
3013 4963 3027 4984 ,
3059 4920 3147 4973 ubi
3175 4930 3258 4974 est
3289 4934 3429 4973 unus
3453 4933 3579 4988 grex
3600 4925 3655 4969 et

2067 5032 2203 5075 unus
2232 5027 2429 5087 pastor.
2460 5013 2562 5071 Exi
2585 5029 2712 5086 ergo
2737 5023 2792 5068 tu
2818 5013 2871 5067 in
2900 5011 3116 5083 vestigiis
3152 5027 3384 5082 gregum,
3412 5008 3654 5063 ditisibi~

2066 5112 2154 5179 lis,
2174 5111 2361 5177 divisa,
2384 5109 2684 5185 conscissa;
2706 5108 2787 5162 exi
2810 5117 2863 5161 tu
2884 5106 2936 5160 in
2952 5105 3170 5175 vestigiis
3188 5120 3396 5175 gregum
3413 5113 3492 5156 εει
3508 5117 3655 5174 pasce

2068 5204 2241 5260 lia'dos
2271 5214 2382 5258 tuos
2399 5218 2418 5268 ;
2449 5216 2556 5258 non
2595 5201 2732 5257 sicut
2758 5200 2978 5264 Petrus,
3004 5214 3119 5255 oves
3147 5213 3315 5263 meas,
3349 5197 3447 5251 sed
3485 5195 3657 5248 htcdes

2071 5306 2181 5352 tuos
2207 5313 2226 5351 :
2256 5298 2308 5350 in
2355 5293 2687 5353 tabernaculis
2726 5302 3004 5364 pastorum,
3053 5306 3159 5346 non
3210 5293 3264 5344 in
3315 5286 3657 5345 tabernaculo

2074 5388 2318 5458 pastoris.
2347 5387 2537 5442 Petrus
2558 5387 2721 5440 intrat
2749 5383 3025 5447 eharitate,
3058 5392 3115 5441 tu
3135 5382 3250 5438 exis
3278 5381 3655 5436 animositate:

2074 5478 2195 5550 quia
2225 5479 2413 5534 Petrus
2437 5478 2686 5548 cognovit
2712 5477 3078 5546 semetipsum,
3099 5473 3220 5528 ideo
3243 5489 3304 5529 se
3330 5474 3481 5530 leris
3507 5472 3571 5527 de
3594 5486 3659 5527 se

2076 5580 2505 5643 prtesumeutem,
2537 5580 2590 5626 et
2637 5569 2874 5625 invenire
2906 5567 3099 5635 meruit
3121 5566 3465 5635 adjuvantem
3498 5582 3511 5618 :
3541 5562 3660 5617 ideo

2075 5664 2157 5719 cmi
2183 5673 2255 5718 ιιι.
2284 5663 2378 5718 llle
2402 5677 2515 5717 oves
2554 5678 2688 5716 meas
2708 5704 2723 5727 ,
2755 5668 2811 5714 tu
2836 5659 3012 5713 hmdos
3045 5667 3177 5712 tuos.
3210 5657 3303 5711 llle
3329 5657 3383 5710 in
3417 5656 3661 5710 taberna-

2077 5756 2197 5812 culo
2224 5754 2481 5830 pastoris,
2513 5764 2567 5810 tu
2605 5754 2655 5808 in
2687 5751 3021 5808 tabernaculis
3053 5756 3336 5822 pastorum.
3369 5746 3506 5817 Quid
3536 5756 3665 5813 ergo
