3926 6188
344 417 478 477 1299

343 531 558 604 ligneis,
587 528 664 583 sic
687 521 999 580 incenderis.
1030 513 1187 571 Modo
1216 513 1313 568 ista
1338 505 1616 564 maledicta
1635 503 1755 574 quis
1789 497 1921 556 ﬁde-

344 627 411 678 lis
439 637 544 677 non
572 615 753 686 opim?

412 711 638 769 CAPUT
671 709 733 762 ‘1'.
763 737 836 748 —
860 706 910 759 4.
941 699 1162 756 Protasii
1191 707 1237 752 et
1264 691 1490 750 Gerrasil
1517 688 1724 744 detectio
1767 685 1922 739 mira-
1972 728 1979 732 .

494 804 765 858 illustrant.
792 797 1136 854 Cclebramus
1178 804 1306 861 ergo
1355 786 1611 840 hodierno
1651 782 1766 845 die,
1816 777 1924 832 fra-

342 915 488 964 tres,
545 893 858 952 memoriam
910 891 962 944 in
1011 888 1112 942 hoc
1169 885 1286 938 loco
1341 880 1567 950 positam
1619 885 1923 930 sanaturum

340 989 564 1050 I’rotaSii
586 999 639 1044 et
663 983 902 1042 Gervasii
925 1025 940 1048 ,
971 976 1440 1036 Mediolanensium
1473 980 1783 1042 martyrum.
1809 965 1924 1020 Non

340 1101 462 1142 eum
488 1084 630 1139 diem
657 1095 762 1150 quo
787 1077 872 1130 hic
900 1073 1069 1145 posita
1098 1079 1213 1136 est,
1258 1066 1351 1122 sed
1402 1081 1526 1120 cum
1574 1062 1716 1116 diem
1769 1058 1927 1112 hodie

337 1177 674 1234 celebramus
695 1214 708 1236 ,
737 1168 950 1242 quando
975 1168 1184 1222 inventa
1207 1171 1289 1217 est
1309 1159 1536 1229 pretiosa
1564 1156 1614 1210 in
1637 1163 1926 1222 conSpecm

341 1268 550 1325 Domini
579 1280 726 1320 mors
751 1270 1053 1317 sanctorum
1085 1257 1199 1325 ejus
1223 1271 1319 1324 per
1348 1250 1684 1306 Ambrosium
1713 1246 1926 1315 episco-

342 1377 464 1430 pum
483 1397 499 1428 ,
524 1357 795 1414 hominem
822 1354 912 1409 Dei
945 1371 957 1405 :
990 1352 1142 1419 cujus
1172 1357 1296 1402 tunc
1336 1352 1496 1399 tantm
1521 1340 1702 1412 gloritc
1728 1345 1929 1407 marty-

339 1469 458 1510 rum
486 1451 644 1506 etiam
669 1462 770 1518 ego
801 1445 947 1500 testis
967 1442 1058 1496 lui.
1089 1440 1165 1494 lbi
1190 1449 1337 1493 eram
1363 1476 1376 1498 ,
1409 1431 1686 1490 Mediolani
1729 1444 1876 1484 eram
1911 1468 1924 1492 ,

343 1551 476 1601 tit-ta
519 1540 766 1597 miracula
795 1537 947 1602 novi,
991 1537 1277 1589 attestante
1313 1530 1419 1584 Deo
1448 1525 1695 1595 pretiosis
1744 1520 1929 1576 morti—

342 1641 440 1694 bus
468 1642 770 1693 sanctorum
795 1644 1010 1686 suorum
1045 1643 1059 1682 :
1090 1635 1146 1680 ut
1174 1640 1267 1695 per
1297 1623 1383 1676 illa
1416 1618 1666 1674 miracula
1692 1617 1801 1686 jam
1822 1629 1927 1669 non

343 1735 514 1787 solum
538 1731 591 1784 in
618 1734 907 1797 conspectu
937 1721 1144 1778 Domini
1171 1758 1184 1782 ,
1219 1717 1314 1772 sed
1356 1717 1516 1797 etiam
1549 1713 1598 1766 in
1639 1719 1928 1778 compecto

343 1826 618 1880 hominum
646 1829 790 1877 esset
810 1831 954 1873 mors
983 1815 1069 1870 illa
1087 1812 1343 1884 pretiosa.
1388 1808 1572 1863 Cmces
1621 1803 1930 1858 notissimas

345 1919 605 1972 universa:
655 1911 852 1968 civitati
883 1908 1209 1964 illuminatus
1249 1911 1367 1966 est,
1422 1897 1690 1957 cucurrit,
1739 1893 1928 1946 adduci

343 2027 404 2066 se
433 2010 553 2064 fecit
573 2049 588 2073 ,
617 2008 734 2062 sine
771 2003 908 2058 duce
961 2013 1207 2055 reversus
1236 2005 1318 2048 est
1362 1991 1604 2048 Nondum
1632 1987 1931 2043 audivimus

346 2101 484 2172 quod
513 2098 706 2155 obicrit
735 2114 748 2150 :
776 2095 912 2150 forte
935 2091 1108 2146 adhuc
1136 2087 1281 2142 vivit.
1315 2084 1368 2138 In
1397 2084 1509 2153 ipsa
1555 2093 1737 2136 eorum
1786 2076 1929 2131 basi-

348 2194 444 2246 lica
471 2234 485 2254 ,
516 2190 602 2244 ubi
629 2195 953 2244 simteerum
971 2194 1227 2251 corpora,
1260 2185 1423 2230 totam
1456 2174 1618 2227 vitam
1640 2185 1790 2224 suam
1819 2183 1935 2222 ser.

347 2286 573 2335 vitumm
602 2292 660 2334 se
680 2289 801 2333 esse
840 2272 1072 2329 devovit.
1101 2270 1207 2324 Nos
1237 2268 1381 2322 illum
1412 2262 1574 2335 gavisi
1624 2276 1807 2315 sumus
1855 2257 1932 2310 ti-

347 2378 558 2428 ttentem
583 2410 600 2437 ,
627 2367 941 2438 reliquimus
960 2363 1280 2419 servientem
1315 2359 1410 2430 (a).

417 2467 469 2520 5.
506 2463 606 2517 Per
631 2469 877 2530 martyres
893 2473 992 2510 non
1018 2453 1250 2507 omnibus
1275 2445 1586 2511 sanitas,sed
1624 2459 1795 2498 eorum
1816 2439 1931 2493 imi-

351 2555 592 2611 tntoribns
613 2549 964 2605 immortalitas
988 2546 1159 2598 datur.
1180 2540 1253 2596 ΑΞ
1258 2557 1343 2612 ger
1369 2556 1467 2592 non
1490 2535 1756 2590 exauditur
1775 2532 1842 2584 ad
1859 2547 1936 2584 vo.

351 2653 612 2709 tentarem,
640 2643 728 2698 sed
747 2641 815 2696 atl
840 2638 1124 2696 sarritatem.
1155 2635 1268 2689 Non
1295 2647 1394 2685 ccs-
1414 2641 1464 2684 at
1495 2630 1634 2684 Deus
1654 2623 1892 2680 attestari
1919 2641 1931 2677 :

349 2755 399 2798 et
425 2741 565 2798 novit
593 2734 858 2808 quomodo
884 2734 994 2804 ipsa
1037 2727 1288 2784 miracula
1315 2739 1408 2780 sua
1445 2721 1636 2777 debeat
1658 2731 1935 2775 commen-

349 2836 498 2889 dare.
517 2829 671 2886 Novit
687 2841 862 2897 agere,
883 2833 939 2878 ut
954 2819 1353 2892 magniﬁcentur
1378 2833 1392 2870 :
1419 2813 1564 2869 novit
1579 2825 1756 2883 agere,
1780 2825 1846 2864 ne
1860 2808 1940 2862 vi-

353 2927 572 2980 lescunt.
619 2919 735 2975 Non
757 2916 1005 2971 omnibus
1033 2913 1193 2967 donat
1213 2925 1303 2980 per
1328 2915 1590 2978 martyres
1611 2902 1889 2960 sanitatem
1922 2921 1934 2956 :

352 3017 447 3074 sed
468 3015 714 3070 omnibus
732 3009 988 3083 promittit
1017 3003 1369 3061 imitatoribus
1398 3007 1688 3070 martyrum
1717 2994 1940 3051 immor-

353 3109 628 3161 talitatem.
660 3103 809 3172 Quod
839 3117 942 3154 non
964 3097 1208 3153 omnibus
1227 3093 1336 3158 dat,
1361 3106 1466 3146 non
1491 3097 1686 3159 qumrat
1716 3086 1798 3140 cui
1835 3097 1938 3138 non

353 3202 475 3265 dat;
503 3211 600 3252 nec
627 3199 924 3250 murmuret
937 3188 1190 3244 adversus
1209 3199 1331 3238 eum
1356 3184 1477 3252 quia
1510 3197 1614 3234 non
1635 3179 1747 3246 dat,
1768 3187 1825 3232 ut
1853 3176 1941 3231 det

355 3291 495 3358 quod
523 3290 573 3343 in
601 3288 706 3341 ﬁne
735 3283 995 3355 promisit.
1027 3279 1156 3333 Nam
1196 3285 1252 3332 et
1291 3275 1379 3345 qui
1433 3271 1590 3326 modo
1641 3277 1897 3324 sanantur
1923 3308 1939 3334 ,

359 3393 476 3453 post
497 3379 763 3452 paululum
790 3372 1073 3446 aliquando
1094 3368 1391 3424 moriuntur
1415 3385 1428 3420 :
1459 3363 1619 3436 quiin
1643 3361 1745 3415 ﬁne
1766 3375 1942 3414 resur-

358 3484 486 3543 gunt
505 3515 519 3538 ,
551 3486 670 3527 eum
700 3467 914 3525 Christo
940 3465 1136 3519 virent.

426 3557 654 3623 CAPUT
685 3561 770 3616 \‘l.
801 3583 874 3600 -α-
899 3554 1177 3613 Praecessit
1200 3557 1389 3622 caput,
1413 3554 1684 3617 exspectat
1707 3541 1942 3598 membra

359 3667 602 3715 secutura
635 3672 650 3709 ε
684 3651 987 3724 implebitur
1009 3657 1176 3702 totum
1197 3655 1425 3713 corpus,
1455 3639 1700 3695 Christus
1731 3645 1786 3690 et
1839 3633 1942 3688 Ec-

359 3751 539 3806 t'lcsilt.
567 3746 643 3802 lbi
667 3759 765 3800 nos
784 3749 1057 3811 computet
1081 3738 1310 3806 scriptos
1343 3753 1355 3788 :
1387 3733 1512 3788 etin
1540 3730 1640 3786 hac
1673 3729 1777 3781 vita
1803 3725 1944 3796 quod

360 3840 574 3911 expedit
601 3837 712 3892 det.
742 3833 896 3889 Novit
923 3831 1064 3884 enim
1095 3828 1184 3882 ille
1210 3823 1334 3895 quid
1360 3821 1608 3892 expediat
1638 3819 1760 3873 ﬁliis
1809 3815 1940 3870 suis.

363 3910 563 4005 Siergo
592 3947 707 3994 vos,
738 3927 941 3996 inquit,
963 3939 1072 3977 cum
1102 3922 1212 3976 sitis
1253 3917 1376 3972 muli
1397 3959 1410 3984 ,
1443 3915 1601 3968 nostis
1651 3912 1783 3965 bona
1824 3910 1947 3964 data

362 4030 484 4080 dare
502 4004 625 4096 [illis
650 4021 822 4077 vestris
844 4035 862 4084 ,'
890 4027 1078 4089 quanto
1106 4013 1265 4083 magis
1289 4004 1446 4063 Pater
1469 4015 1627 4061 vester
1643 4005 1729 4076 qui
1765 4005 1818 4056 in
1843 4017 1942 4056 ca:-

362 4125 426 4177 tis
451 4130 519 4176 est
539 4161 552 4184 ,
585 4117 720 4172 dabit
746 4117 874 4170 bona
900 4109 1179 4183 petentibus
1205 4121 1260 4160 se
1287 4103 1496 4177 (Matth.
1527 4115 1628 4167 v11,
1664 4097 1792 4169 ll)?
1818 4096 1946 4164 Quae

365 4211 540 4265 lmna‘l
571 4206 824 4278 tnnnquid
851 4199 1202 4272 temporalia?
1231 4198 1327 4251 Dat
1357 4203 1408 4250 et
1440 4195 1550 4264 ipsa
1575 4209 1589 4256 ;
1624 4190 1716 4245 sed
1743 4198 1796 4244 ct
1824 4187 1946 4242 inﬁ-

361 4302 696 4360 ttelibusdat.
729 4301 826 4353 Dat
859 4296 1082 4366 ctipsa;
1137 4290 1230 4347 sed
1274 4295 1329 4346 et
1377 4285 1550 4356 lmpiis
1575 4284 1704 4350 dat,
1757 4280 1848 4336 sed
1894 4288 1949 4334 et

364 4391 876 4465 litasphematoribus
915 4387 1027 4443 suis
1078 4385 1188 4439 dat.
1244 4381 1387 4436 Bona
1439 4389 1777 4448 quaeramus,
1827 4385 1946 4442 quae

363 4505 468 4542 non
493 4485 644 4540 nobis
666 4483 774 4539 sint
802 4495 923 4535 cum
954 4476 1107 4532 malis
1133 4472 1455 4529 communia.
1482 4469 1641 4524 Novit
1663 4465 1750 4521 ille
1792 4465 1949 4519 Pater

363 4583 490 4634 dare
515 4579 611 4632 ist-1
641 4577 777 4630 bona
807 4571 929 4627 ﬁliis
953 4571 1082 4624 suis.
1111 4567 1264 4621 Modo
1291 4565 1423 4634 petit
1449 4562 1630 4616 abillo
1651 4561 1794 4616 ﬁlius
1821 4573 1950 4614 suus

363 4673 645 4727 inanitatem
675 4663 915 4735 corporis
948 4679 961 4714 :
993 4668 1048 4716 ct
1077 4671 1180 4712 non
1203 4657 1321 4723 dat,
1350 4654 1526 4709 adhuc
1562 4654 1812 4724 ﬂagellat.
1841 4650 1948 4708 Sed

366 4759 620 4834 numquid
650 4768 833 4830 pater,
865 4752 1078 4825 quando
1107 4748 1340 4820 ﬂagellat
1360 4789 1374 4813 ,
1403 4761 1508 4802 non
1537 4747 1791 4816 przestat?
1823 4746 1951 4801 Pro-

364 4869 466 4917 fert
491 4856 791 4929 ﬂagellum,
829 4849 923 4907 sed
956 4845 1128 4919 cogita
1178 4843 1335 4915 quale
1384 4849 1646 4913 praeparet
1700 4840 1949 4911 patrimo-

367 4959 534 5009 nium.
566 4947 821 5021 Flagellat
844 4988 858 5010 ,
889 4942 1059 5014 inquit
1085 4984 1100 5008 ,
1128 4953 1326 4995 omnem
1369 4938 1532 5007 ﬁlium
1561 4949 1706 5006 quem
1752 4935 1947 5006 recipit.

369 5050 537 5112 Quem
555 5043 686 5099 enim
714 5040 879 5111 diligit
927 5035 1202 5101 Dominus,
1244 5031 1451 5103 corripit
1492 5028 1678 5099 (Hebr.
1719 5044 1828 5095 x11,
1868 5027 1947 5099 6).

369 5140 492 5192 Ideo
518 5135 620 5190 ista
638 5135 792 5200 dico,
822 5130 1016 5186 fratres
1047 5127 1148 5182 mei
1174 5168 1189 5190 ,
1236 5139 1304 5180 ne
1331 5121 1715 5179 contristemini
1739 5121 1951 5191 quando

366 5231 577 5305 petitis,
605 5237 659 5284 et
688 5239 791 5282 non
834 5222 1113 5293 accipitis,
1165 5227 1218 5274 et
1262 5215 1593 5273 arbitremini
1640 5214 1782 5286 quod
1829 5222 1953 5270 ante

366 5325 553 5378 «rutilos
582 5331 650 5375 vo
697 5331 802 5374 non
831 5313 1021 5370 habeat
1049 5314 1186 5368 Deus
1205 5352 1219 5375 ,
1241 5310 1289 5364 si
1318 5308 1383 5363 ad
1415 5318 1621 5378 tempus
1659 5323 1762 5362 non
1792 5321 1955 5362 exau-

368 5419 476 5474 uiat
507 5414 831 5471 voluntatem
859 5417 1113 5464 vestram.
1164 5403 1276 5459 Non
1321 5405 1462 5458 enim
1492 5415 1704 5469 semper
1753 5413 1951 5470 a‘grum

369 5507 584 5561 exaudit
611 5503 849 5559 medicus
872 5500 939 5555 ad
978 5499 1336 5556 voluntatem.
1392 5492 1645 5562 quamvis
1675 5491 1790 5560 ejus
1839 5491 1955 5546 sine

369 5599 530 5654 dubio
548 5603 802 5670 procuret
821 5604 979 5664 atque
998 5596 1212 5661 appetat
1233 5586 1533 5640 sanitatem.
1563 5583 1677 5639 Non
1704 5583 1794 5638 dat
1815 5583 1955 5651 quod

373 5693 506 5762 petit
536 5709 549 5748 :
575 5696 669 5746 sed
699 5689 841 5761 quod
875 5704 981 5743 non
1009 5683 1168 5755 petit,
1201 5683 1301 5736 hoc
1331 5687 1596 5751 procurat.
1638 5676 1779 5732 Petit
1809 5673 1957 5745 frigi-

433 5822 639 5941 (a)8\'ide
661 5820 871 5871 confess.
897 5817 978 5868 lib.
1005 5817 1054 5879 9,
1075 5830 1178 5880 cap.
1202 5818 1230 5865 7
1252 5828 1266 5878 ;
1285 5821 1336 5865 et
1359 5819 1424 5863 Dc
1441 5813 1638 5863 Civitate
1655 5808 1757 5871 Dei,
1778 5809 1856 5860 lib.
1879 5807 1954 5872 9.2,

433 5907 477 5941 ιι.
535 5923 546 5938 .

372 5904 477 5958 cap.
501 5904 546 5941 δ.

1553 392 1612 446 S.
1655 381 2020 444 AUGUSTI?"
2061 378 2358 438 EPiSCOPI

3479 376 3619 433 1500

2029 491 2148 546 dam
2170 533 2185 558 ,
2218 507 2322 546 non
2350 491 2459 546 dat.
2489 489 2733 547 Crudelis
2753 490 2926 546 factus
2943 498 3026 547 est
3049 532 3066 558 ,
3093 491 3183 562 qui
3214 491 3362 546 venit
3381 506 3576 546 sanare
3604 497 3628 544 ἲ

2027 584 2170 638 Artis
2198 593 2316 649 est,
2349 598 2455 638 non
2485 579 2831 639 crudelitatis.
2853 581 2972 638 Non
3018 582 3110 638 dat
3156 582 3220 637 ad
3250 583 3441 638 horam
3481 584 3642 654 quod

2028 675 2260 730 delectat
2289 692 2302 726 :
2333 683 2391 730 ut
2411 689 2574 729 sanus
2605 674 2770 744 possit
2815 674 2992 730 omnia
3013 715 3027 741 ,
3070 674 3307 728 nondum
3339 688 3471 728 sano
3527 689 3628 728 ne-

2027 777 2222 840 gantur
2248 769 2445 840 aliqua.

2100 863 2324 918 CAPUT
2357 861 2464 918 VII.
2491 861 2638 916 —-6.
2697 859 3006 932 Martyribus
3058 870 3107 913 et
3153 858 3464 913 Machabaris
3508 858 3630 927 plus

2029 954 2311 1022 prwstitum
2334 993 2350 1018 ,
2379 969 2532 1021 quam
2579 953 2736 1006 tribus
2767 951 2933 1021 pueris
2962 951 3024 1004 ab
3053 952 3169 1022 igne
3219 948 3459 1004 liberatis.
3489 948 3630 1004 Con-

2030 1046 2266 1101 siderate
2320 1045 2704 1116 prontissiones
2761 1044 2876 1098 Dei.
2943 1044 3062 1098 Istis
3112 1043 3242 1113 ipsis
3305 1041 3632 1112 martyribus

2029 1139 2181 1209 quid,
2225 1139 2424 1210 putatis
2448 1138 2570 1208 quia
2609 1152 2769 1192 omne
2818 1135 2958 1207 quod
2987 1137 3386 1206 postulaverunt
3440 1129 3632 1187 dedit?

2029 1231 2166 1287 Non.
2230 1231 2374 1287 Multi
2415 1245 2473 1286 se
2519 1238 2836 1300 optaverunt
2879 1228 3116 1293 dimitti,
3175 1235 3230 1280 ct
3279 1241 3401 1281 cum
3449 1224 3633 1294 aliquo

2031 1322 2286 1377 miraculo
2341 1320 2534 1376 dimitti
2569 1361 2583 1382 ,
2640 1319 2907 1390 quomodo
2934 1317 3136 1372 dimissi
3185 1325 3310 1370 sunt
3341 1325 3450 1369 tres
3477 1315 3626 1382 pueri

2029 1415 2097 1470 de
2163 1414 2392 1469 camino.
2467 1413 2648 1480 Qualis
2721 1427 2823 1466 vox
2890 1411 3030 1480 regis
3082 1407 3629 1463 Nabuchodonosor?

2035 1507 2330 1574 Quoniam,
2383 1505 2590 1574 inquit,
2650 1511 2969 1574 speravrrwtt
3025 1502 3075 1554 in
3128 1508 3274 1567 eum,
3329 1509 3374 1552 et
3428 1499 3631 1552 verbum

2030 1601 2162 1671 regis
2191 1600 2602 1654 inmutaverunt.
2632 1597 2796 1664 Quale
2822 1594 3183 1650 testimonium
3217 1590 3500 1660 perhibet,
3541 1591 3630 1658 qui

2030 1693 2322 1748 conabatur
2345 1690 2633 1746 occidere?
2676 1687 2888 1742 lncendi
2941 1685 3060 1740 illos
3089 1685 3291 1749 voluit,
3324 1683 3413 1752 qui
3445 1691 3629 1751 postea

2033 1799 2126 1852 per
2157 1783 2275 1836 illos
2304 1779 2552 1836 credidit.
2586 1779 2642 1835 Si
2672 1779 2740 1832 illi
2770 1778 2821 1832 in
2851 1776 2970 1847 igne
2999 1783 3335 1829 morerentur
3357 1815 3372 1838 ,
3419 1771 3634 1825 occulte

2030 1880 2447 1936 coronarentur,
2487 1870 2610 1924 huic
2658 1885 2760 1924 non
2799 1867 3099 1938 prodesset.
3137 1865 3258 1919 Ideo
3297 1861 3364 1918 ad
3419 1872 3633 1933 tempus

2033 1964 2225 2018 servati
2249 1972 2372 2018 sunt
2401 1963 2417 1992 ¹
2442 2003 2457 2027 ,
2485 1969 2542 2015 ut
2566 1958 3082 2021 crederetinlidelis,
3104 1965 3162 2012 ut
3180 1955 3418 2009 laudaret
3437 1955 3630 2017 Deum,

2035 2059 2122 2128 qui
2154 2057 2498 2112 damnaverat
2519 2054 2658 2110 illos.
2687 2051 2803 2123 Ipse
2834 2052 2930 2106 fuit
2955 2049 3091 2105 Deus
3121 2050 3279 2104 trium
3301 2063 3628 2118 puerorum,

2033 2149 2121 2218 qui
2145 2147 2245 2202 fuit
2273 2147 2413 2202 Deus
2443 2144 2890 2200 Machabaaorum.
2943 2141 3064 2216 illos
3096 2141 3163 2195 de
3208 2140 3328 2210 igne
3381 2138 3634 2192 liberavit

2035 2240 2198 2310 (Dan.
2230 2255 2310 2306 111,
2328 2239 2450 2308 95),
2483 2238 2600 2292 illos
2632 2237 2683 2290 in
2715 2237 2834 2307 lgna
2861 2235 2994 2288 mori
3011 2233 3136 2288 fecit
3160 2232 3224 2291 (ll
3246 2231 3483 2285 Hachab.
3505 2234 3630 2296 vn).

2036 2331 2266 2387 Mutatus
2293 2331 2416 2386 est?
2461 2329 2586 2384 Plus
2629 2328 2748 2381 illos
2775 2341 2930 2396 quant
2963 2325 3082 2379 illos
3116 2323 3409 2393 diligebat?
3458 2321 3630 2390 κείμην

2035 2437 2234 2480 corona
2255 2423 2375 2478 data
2403 2431 2486 2478 εει
2505 2420 2837 2476 Macbabaeis.
2866 2418 3026 2473 Certe
3052 2417 3127 2471 illi
3147 2423 3435 2471 evaserunt
3460 2415 3630 2484 ignes,

2037 2515 2134 2572 sed
2163 2515 2229 2570 ad
2257 2515 2490 2586 pericula
2515 2514 2666 2568 istius
2697 2510 2875 2566 saeculi
2903 2508 3097 2564 servati
3123 2515 3247 2562 sunt
3274 2524 3287 2559 :
3324 2506 3398 2561 illi
3419 2507 3470 2560 in
3492 2507 3634 2574 igni-

2036 2608 2138 2663 bus
2161 2608 2335 2662 omnia
2375 2605 2611 2676 pericula
2646 2603 2912 2657 ﬁnierunt.
2967 2599 3083 2654 Non
3133 2598 3355 2653 ulterius
3398 2597 3635 2652 restabat

2041 2699 2147 2753 ulla
2180 2698 2401 2752 tentatio
2425 2739 2440 2764 ,
2473 2696 2566 2750 sed
2615 2695 2726 2749 sols
2753 2692 3045 2748 coronatio.
3094 2690 3235 2761 Ergo
3257 2689 3375 2759 plus
3411 2703 3633 2757 accepe-

2043 2801 2166 2845 runt
2188 2789 2494 2844 Machabmi.

2111 2879 2339 2937 CAPUT
2373 2878 2831 2933 \‘lll.—Excutite
2855 2873 3010 2930 ﬁdem
3038 2881 3288 2937 vestram,
3308 2872 3491 2927 oculos
3509 2885 3634 2924 cor-

2040 2973 2389 3044 disprolcrte,
2411 2973 2573 3028 nolite
2592 2974 2883 3024 humanos:
2923 2967 3130 3022 habetis
3153 2965 3293 3020 enim
3320 2963 3633 3024 aliosintus,

2042 3082 2177 3138 quos
2207 3066 2356 3121 vobis
2389 3065 2644 3118 Dominus
2694 3062 2854 3127 fecit,
2910 3059 3002 3128 qui
3047 3057 3201 3112 vobis
3230 3056 3413 3110 oculos
3455 3054 3637 3108 cordis

2045 3159 2255 3228 aperuit
2284 3197 2300 3224 ,
2335 3155 2547 3226 quando
2577 3154 2733 3208 ﬁdem
2766 3150 2930 3206 dedit.
2979 3149 3125 3220 Ipsos
3167 3148 3352 3202 oculos
3408 3147 3638 3200 interro-

2043 3261 2164 3321 gate
2191 3266 2202 3302 :
2236 3249 2326 3318 qui
2355 3249 2471 3318 plus
2492 3255 2834 3315 acceperunt,
2864 3242 3147 3298 Machahtni
3167 3282 3181 3306 ,
3215 3256 3280 3293 an
3314 3250 3419 3294 tres
3441 3239 3638 3308 pueri?

2045 3342 2229 3397 Fidem
2253 3341 2540 3407 interrogo.
2577 3339 2828 3392 llomincs
2859 3334 3038 3389 sceculi
3087 3332 3246 3402 hujus
3292 3340 3558 3385 senatores
3593 3331 3635 3384 si

2044 3435 2374 3502 interrogem
2408 3449 2420 3483 :
2453 3429 2570 3499 Ego
2619 3430 2757 3482 inter
2788 3439 2893 3481 tres
2933 3439 3130 3496 pueros
3179 3423 3425 3479 volebam
3473 3437 3595 3478 esse
3620 3464 3635 3486 ,

2047 3527 2172 3581 dicit
2201 3524 2333 3579 mihi
2365 3523 2540 3576 anima
2571 3521 2801 3575 inﬁrma.
2837 3516 3105 3574 Erubesce
3132 3517 3287 3571 matri
3303 3514 3637 3569 Machahmo-

2045 3631 2184 3682 rum,
2215 3632 2333 3686 qua:
2355 3614 2524 3668 voluit
2553 3609 2689 3667 ﬁlios
2719 3625 2845 3666 suos
2873 3619 2996 3665 ante
3020 3624 3079 3664 se
3101 3609 3238 3664 mori
3261 3644 3275 3675 ,
3298 3607 3425 3679 quia
3441 3607 3639 3663 sciebat

2049 3723 2154 3763 ἢθη
2185 3724 2316 3761 ηὶυτι
2329 3748 2340 3761 .

2117 3803 2168 3855 7.
2217 3798 2396 3852 Libelli
2444 3797 2506 3850 de
2552 3795 2808 3849 miraculis
2850 3801 3130 3863 martyrum
3155 3792 3266 3845 lecti
3303 3793 3358 3844 in
3388 3789 3636 3846 Ecclesia.

2050 3892 2356 3963 Martyrium
2379 3890 2429 3943 in
2453 3891 2598 3943 lecto.
2628 3887 2738 3958 Ego
2763 3883 3050 3956 aliquando
3068 3898 3338 3939 memoror
3359 3882 3430 3937 de
3452 3882 3637 3936 libellis

2050 3983 2426 4040 miraculorum
2478 3991 2768 4050 martyrum
2799 3977 2855 4045 ⁸,
2910 3991 3027 4048 quae
3057 3977 3112 4031 in
3147 3985 3436 4045 conspectu
3466 3984 3637 4029 vestro

2052 4076 2297 4145 leguntur
2324 4075 2421 4142 (a).
2454 4073 2590 4125 Ante
2616 4070 2730 4124 dies
2754 4070 2923 4125 lectus
2938 4076 3023 4123 est
3041 4066 3254 4138 quidam
3278 4065 3492 4120 libellus
3515 4106 3531 4131 ,
3554 4064 3637 4118 ubi

2047 4165 2257 4222 cuidam
2289 4173 2500 4232 a-grota:
2527 4178 2644 4230 qum
2673 4160 2947 4214 doloribus
2964 4157 3242 4214 acerrimis
3270 4156 3635 4226 torquebatur.

2047 4273 2168 4313 cum
2198 4255 2449 4318 dixisset,
2488 4251 2653 4308 Ferre
2681 4267 2786 4306 non
2811 4265 3024 4320 possum
3049 4266 3064 4316 ;
3087 4251 3161 4303 ait
3187 4249 3260 4304 illi
3285 4249 3400 4317 ipse
3443 4257 3639 4318 martyr

2049 4351 2140 4420 qui
2183 4363 2373 4403 sanare
2402 4353 2622 4401 venerat
2654 4363 2668 4398 :
2698 4343 2834 4410 Quid
2856 4385 2869 4408 ,
2899 4345 2942 4397 si
3000 4343 3312 4413 martyrium
3364 4341 3590 4396 duceres
3615 4339 3637 4390 2

2051 4442 2197 4498 Multi
2222 4457 2351 4512 ergo
2367 4440 2572 4494 ducunt
2599 4437 2911 4509 martyrium
2933 4437 2984 4491 in
3005 4436 3143 4491 lecto
3173 4453 3184 4488 :
3220 4450 3438 4505 prorsus
3466 4433 3631 4488 multi.

2052 4537 2146 4590 Est
2169 4534 2411 4604 quzndam
2441 4531 2739 4602 persecutio
2778 4540 2979 4584 sataute
2998 4569 3011 4593 ,
3043 4527 3302 4581 occultior
3333 4535 3389 4579 et
3416 4526 3638 4579 astutiae

2054 4642 2211 4697 quam
2237 4635 2361 4679 tunc
2392 4622 2506 4677 fuit.
2531 4621 2682 4676 Jacet
2710 4619 2884 4674 ﬁdelis
2913 4619 2966 4673 in
2989 4619 3128 4672 lecto
3151 4657 3166 4680 ,
3194 4626 3477 4685 torquetur
3490 4613 3636 4669 dolo-

2054 4719 2230 4779 ribus,
2262 4723 2408 4782 orat,
2463 4728 2568 4768 non
2614 4711 2896 4768 exauditur
2941 4727 2954 4763 :
3002 4709 3108 4763 imo
3150 4707 3508 4772 exauditur‘,
3546 4707 3633 4761 sed

2056 4809 2312 4879 probatur
2332 4849 2347 4873 ,
2372 4805 2465 4861 sed
2491 4811 2797 4868 exercetur,
2825 4800 2919 4856 sed
2949 4809 3004 4854 ut
3031 4799 3319 4868 recipiatur
3352 4799 3510 4862 ﬁlius,
3543 4798 3634 4851 ﬁs-

2051 4902 2298 4971 gellatnr.
2331 4898 2472 4968 Ergo
2497 4911 2617 4950 cum
2639 4901 2916 4964 torquetur
2942 4891 3213 4946 doloribus
3231 4932 3249 4957 ,
3279 4889 3429 4944 venit
3451 4889 3635 4959 lingua:

2055 4991 2309 5052 teutatio,
2351 4987 2552 5044 accedit
2577 4986 2643 5040 ad
2673 4986 2870 5040 lectum
2918 4992 3009 5038 aut
3063 4980 3373 5036 muliercula
3425 4979 3634 5050 aliqua.

2119 5129 2131 5158 ¹
2162 5126 2232 5174 sic
2255 5123 2436 5186 aliquot
2456 5128 2563 5170 Mss.
2598 5126 2653 5170 At
2676 5117 2812 5177 editi,
2836 5114 3050 5166 coronati
3066 5117 3176 5165 stmt
3205 5123 3223 5162 :
3258 5123 3316 5161 ac
3337 5109 3482 5174 paulo
3515 5119 3634 5174 post,

2052 5188 2136 5254 qni
2161 5188 2465 5254 (imminuerat
2493 5192 2659 5254 neten.

2119 5229 2136 5282 ί
2160 5229 2662 5310 Ῑιῖίἶιᾝῇῖίιιῖᾗριὶέᾯέὲζ
2686 5248 2740 5310 at
2769 5241 2816 5289 in
2843 5239 3056 5310 excusis,
3073 5245 3176 5308 ﬁgo
3196 5229 3313 5300 quia
3341 5235 3523 5285 mdo
3542 5248 3634 5284 me-

2053 5310 2221 5363 moriae
2243 5313 2303 5359 de
2320 5298 2495 5360 libellis
2518 5302 2858 5355 miraculorum
2884 5298 3125 5363 martyris;

2119 5358 2139 5405 ³
2162 5358 2430 5434 ὶῖἆίῐὶςιιὲιθ
2451 5370 2959 5434 (ᾷρΐιηίξιιριιδθιιιηῆις.,
2983 5358 3105 5419 orat,
3129 5359 3392 5434 exauditur
3407 5371 3426 5417 ;
3443 5358 3538 5434 imo
3552 5370 3640 5430 ista

2055 5419 2345 5546 lqa'auditit}.
2373 5432 2539 5481 Verior
2575 5431 2675 5478 visa
2699 5434 2776 5476 est
2797 5419 2998 5474 aliorum
3022 5424 3459 5484 manuscripwrum
3481 5419 3640 5476 lectio.

2093 5513 2134 5546 1c
2156 5502 2395 5546 restituta.

2093 5499 2134 5547 ie
2156 5497 2395 5546 restituta.

2120 5543 2203 5622 id;
2218 5543 2768 5622 labellorumejusmodi
2791 5546 3057 5622 dandorum
3081 5553 3132 5622 et
3158 5546 3212 5622 in
3224 5543 3412 5622 populo
3422 5543 3639 5622 3:961:31:

2055 5602 2646 5670 doi'uhtﬁconsuetudiuem
2662 5625 2720 5662 se
2739 5620 2934 5661 auctore
2956 5602 3271 5670 introductam
3283 5602 3577 5668 Augustinus
3594 5602 3641 5650 in

2058 5668 2143 5731 lih.
2169 5681 2230 5730 22
2251 5681 2314 5730 de
2343 5679 2542 5728 civitate
2567 5677 2670 5733 Dei,
2703 5687 2808 5736 cap.
2841 5671 2890 5729 8,
2912 5672 2976 5720 de
3001 5668 3538 5736 mirac111is__s_anitatuur
3539 5675 3640 5736 Iret:

2058 5727 2317 5802 animus
2343 5727 2634 5802 Stephanum
2657 5727 2962 5802 ljactis_agetts
2980 5727 3187 5802 testatur
3195 5743 3208 5802 ξ
3231 5731 3396 5792 ibique

2059 5787 2762 5870 liliel'l'os‘pon—antebiepnium
2785 5787 2884 5849 dari
2918 5796 3138 5857 ett-tisse.
3175 5787 3284 5842 ltzec
3308 5787 3428 5864 ὕφη)
3462 5787 3647 5838 sta-ibe-

2061 5872 2140 5918 hat
2157 5868 2246 5917 sub
2265 5865 2408 5916 tinent
2429 5861 2536 5912 anni
2563 5859 2661 5910 £26.
