3926 6188
352 413 484 471 1509

351 541 441 586 snt
469 528 550 585 vir
571 570 586 595 ,
619 526 663 583 si
705 526 784 581 vir
811 523 1069 581 dicendus
1096 521 1213 586 est;
1276 528 1332 575 et
1367 518 1495 573 dicit
1543 524 1783 587 aegroto,
1827 512 1933 569 Fac

352 621 496 677 illam
523 621 802 693 ligaturam
825 659 840 683 ,
865 625 919 671 et
944 628 1104 670 sanus
1128 611 1234 668 eris
1267 628 1280 664 :
1310 608 1628 665 adhibeatur
1676 606 1766 662 illa
1796 619 1933 675 prte-

349 712 619 778 ca‘nmtio,
647 720 702 766 et
724 724 885 766 sanus
913 708 1040 763 eris.
1066 705 1159 760 Ille
1176 712 1232 760 et
1259 703 1350 759 ille
1376 710 1431 757 et
1460 703 1548 756 ille
1571 743 1586 767 ,
1619 701 1882 768 interroga
1916 739 1932 764 ,

350 806 466 860 sani
497 803 619 859 inde
641 804 765 859 facti
793 810 938 857 sunt.
969 799 1083 855 Non
1106 798 1279 863 cedit,
1310 811 1416 851 non
1437 795 1804 863 obtemperat,
1829 804 1936 845 non

349 911 449 952 cor
487 895 738 959 inclinat;
765 900 938 959 certat
964 901 1162 946 tamen.
1203 882 1352 944 Vires
1374 900 1479 961 non
1510 885 1709 954 habet,
1750 880 1938 938 etdia-

355 987 533 1041 bolttm
554 985 739 1040 vincit.
773 983 858 1038 Fit
878 992 1082 1054 martyr
1103 980 1155 1036 in
1187 980 1325 1035 lecto
1348 1020 1364 1045 ,
1385 983 1675 1033 coronante
1711 974 1802 1029 illo
1847 974 1938 1044 qui

354 1094 449 1149 pro
481 1077 573 1133 illo
602 1076 852 1148 pependit
880 1075 933 1130 in
956 1075 1119 1145 ligno.

741 1211 971 1270 SERMO
997 1209 1369 1279 cccxxxvu
1399 1212 1413 1232 ·
1439 1207 1536 1282 (ιι).

345 1358 402 1402 tu
435 1349 582 1403 Satali
601 1358 645 1399 s.
678 1349 872 1400 Joannis
892 1348 1132 1411 Baptista,
1157 1345 1243 1408 qui
1262 1349 1338 1394 est
1358 1358 1439 1395 vui
1461 1340 1691 1393 calemhs
1712 1337 1824 1402 julil
1845 1335 1939 1401 (ὸ).

319 1538 323 1542 ,
429 1477 655 1534 CAPUT
731 1473 1015 1531 PRIMUM.
1079 1504 1148 1513 —-
1211 1473 1263 1527 1.
1334 1469 1537 1525 Natalis
1591 1462 1711 1523 dies,
1757 1465 1944 1524 Christi

355 1580 551 1626 tantum
583 1579 628 1624 et
650 1567 870 1623 Joannis
889 1566 950 1621 ab
979 1564 1211 1620 Ecclesia
1246 1562 1544 1619 celebratus.
1574 1559 1787 1617 Prolixa
1819 1573 1943 1612 nar-

364 1665 500 1719 ratio
520 1705 534 1729 ,
561 1661 655 1718 sed
671 1669 1048 1731 compensatur
1068 1658 1218 1713 labor
1242 1655 1497 1710 auditoris
1513 1652 1795 1709 dulcedine
1816 1650 1948 1702 veri-

361 1756 509 1810 tatis.
530 1754 793 1823 l'lustrem
819 1752 1149 1806 nativitatem
1182 1746 1472 1811 beatissimi
1497 1744 1716 1802 Joannis
1740 1755 1944 1813 praeco-

359 1848 442 1902 nis
489 1856 543 1902 et
593 1828 942 1916 phecursoris
993 1840 1231 1906 Christi,
1264 1854 1384 1894 cum
1415 1847 1657 1892 sanctum
1701 1836 1944 1904 Evange-

357 1941 489 1996 litnn
539 1941 834 2009 legeretur,
876 1935 1194 1993 audivimus.
1240 1931 1383 1989 ilinc
1420 1930 1659 1986 attendat
1702 1925 1947 1984 Charitas

358 2042 533 2091 vesu'a
553 2073 567 2093 ,
599 2046 757 2102 quam
786 2029 963 2100 magni
991 2026 1221 2082 hominis
1249 2023 1496 2079 nativitas
1536 2020 1680 2078 facta
1725 2020 1815 2077 sit.
1843 2018 1947 2074 Na-

361 2123 482 2179 talis
505 2122 619 2177 dies
639 2122 816 2176 carnis
838 2119 967 2174 nulli
998 2116 1388 2188 Prophetarum
1405 2158 1420 2183 ,
1454 2114 1583 2169 nulli
1606 2111 1947 2169 Patriarcha—

360 2230 509 2276 rum.
533 2214 730 2269 nemini
762 2210 1136 2282 Apostolorum
1165 2208 1454 2264 celebravit
1495 2207 1733 2262 Ecclesia
1763 2222 1777 2258 :
1805 2204 1950 2259 solos

360 2308 497 2363 duos
523 2306 733 2360 Natales
750 2304 1019 2366 celebrat,
1055 2301 1210 2368 hujus
1234 2309 1290 2356 et
1308 2297 1524 2354 Christi.
1552 2296 1815 2366 Tempora
1838 2296 1950 2365 ipsa

361 2396 554 2469 quibus
593 2394 701 2451 nati
722 2403 847 2450 sunt
873 2393 1031 2451 ambo
1052 2434 1067 2460 ,
1095 2405 1347 2463 magnum
1378 2389 1688 2461 mysterium
1717 2386 1953 2457 prmiigu-

364 2499 504 2546 rant.
533 2489 767 2544 Joannes
815 2500 1041 2557 magnus
1077 2492 1193 2540 erat
1224 2482 1387 2537 homo
1410 2522 1426 2548 ,
1459 2480 1553 2535 sed
1592 2480 1773 2535 homo.
1820 2478 1951 2534 Tam

365 2596 588 2652 magnus
614 2588 793 2635 autem
813 2587 926 2634 erat
948 2576 1108 2631 homo
1125 2617 1142 2640 ,
1175 2584 1230 2630 ut
1255 2571 1506 2645 quidquid
1532 2571 1648 2642 plus
1678 2572 1769 2626 illo
1790 2579 1947 2635 esset,

368 2674 507 2729 Deus
527 2680 689 2728 esset.
723 2671 821 2740 Qui
845 2679 955 2741 post
976 2686 1054 2724 me
1072 2669 1201 2723 venit
1225 2709 1241 2735 ,
1266 2666 1432 2736 major
1455 2681 1534 2719 me
1551 2673 1623 2719 est
1656 2661 1862 2734 (.llatth.
1893 2678 1950 2727 tt,

356 2761 476 2837 ΔΙ).
506 2764 652 2819 Dixit
694 2762 797 2818 huc
820 2760 1053 2817 Joannes
1078 2779 1089 2812 :
1127 2756 1253 2831 Ipse
1283 2758 1447 2828 major
1475 2772 1554 2811 me
1579 2764 1668 2810 est.
1699 2753 1756 2811 Si
1785 2754 1955 2824 major

368 2868 419 2913 te
440 2865 556 2922 est,
584 2854 713 2926 quid
741 2861 824 2910 est
864 2851 1005 2922 quod
1034 2850 1206 2921 ipsum
1252 2849 1511 2919 majorem
1539 2855 1588 2900 te
1616 2887 1630 2911 ,
1658 2844 1954 2900 audivimus

367 2950 660 3012 dicentem,
690 2945 759 3003 In
796 2948 930 3001 natis
956 2944 1226 2998 mulierum
1271 2956 1415 2994 nemo
1458 2937 1739 2994 exsurrexit
1790 2937 1958 3006 major

368 3041 569 3096 Joanne
595 3039 829 3112 Baptista
857 3035 967 3110 (Id.
1001 3052 1052 3111 st
1073 3077 1088 3101 ,
1121 3033 1210 3107 ll)
1238 3032 1273 3087 ἶθΔ
1304 3030 1360 3089 Si
1387 3046 1546 3086 nemo
1576 3028 1849 3085 hominum
1874 3036 1957 3084 est

371 3144 423 3189 te
450 3134 655 3200 major,
678 3128 804 3200 quid
833 3136 915 3182 est
944 3127 1033 3181 ille
1050 3126 1142 3196 qui
1167 3133 1221 3179 te
1248 3122 1419 3194 major
1443 3120 1715 3190 cst?Quis
1743 3121 1846 3185 sit,
1876 3119 1956 3175 vis

368 3222 603 3278 audire?
657 3219 723 3274 In
765 3218 1017 3290 principio
1039 3226 1147 3271 erat
1200 3213 1452 3280 Verbum,
1493 3223 1542 3269 et
1579 3211 1795 3271 Verbum
1850 3221 1957 3266 erat

368 3311 510 3385 apud
537 3309 701 3365 Deum
721 3352 736 3372 ,
756 3320 805 3365 et
834 3308 976 3365 Deus
1000 3316 1106 3364 erat
1137 3304 1372 3361 Verbum.

441 3404 495 3459 2.
536 3404 764 3459 Christus
801 3403 882 3455 hic
927 3400 1059 3454 diem
1111 3399 1255 3453 habet
1296 3397 1516 3463 natalem
1549 3406 1603 3450 ut
1632 3397 1815 3462 homo,
1858 3412 1959 3451 non

370 3508 427 3551 ut
455 3494 614 3550 Deus.
645 3495 710 3549 Et
748 3492 1015 3565 quomodo
1053 3490 1286 3548 Verbum
1326 3490 1419 3546 Dei
1461 3491 1600 3547 Deus
1623 3531 1639 3555 ,
1680 3505 1777 3560 per
1817 3489 1960 3561 quod

369 3589 508 3642 iacta
532 3594 657 3639 sunt
694 3576 869 3637 nuntia
890 3625 904 3647 ,
932 3582 1074 3653 quod
1103 3591 1282 3637 natum
1303 3590 1385 3637 est
1410 3580 1527 3636 sine
1555 3579 1707 3635 initio
1753 3587 1960 3648 tempe-

371 3678 447 3732 ris
469 3717 484 3741 ,
512 3691 611 3745 per
637 3673 777 3745 quod
805 3672 939 3728 facta
970 3681 1095 3727 sunt
1134 3684 1372 3741 tempora
1400 3710 1415 3734 ,
1443 3669 1585 3724 diem
1615 3668 1842 3722 natalem
1876 3667 1960 3722 in-

377 3766 523 3821 venit
551 3765 605 3819 in
635 3761 913 3833 tempore?
955 3758 1234 3828 Quomodo
1255 3799 1270 3824 ,
1311 3758 1524 3829 inquam
1548 3798 1564 3824 ,
1594 3755 1827 3811 Verbum
1870 3772 1963 3827 per

373 3858 515 3929 quod
544 3854 684 3915 facta
728 3861 855 3908 sunt
884 3863 1157 3921 tempora,
1188 3848 1331 3904 diem
1389 3848 1616 3902 natalem
1666 3848 1867 3902 invenit
1908 3847 1962 3902 in

375 3947 653 4022 L-mpore?
681 3946 887 4016 Qumris
906 3942 1206 4016 quomodo?
1227 3942 1361 3997 Audi
1384 3942 1554 4011 ipsum
1580 3941 1959 4011 Evangelium:

387 4045 599 4100 Verbum
627 4059 747 4097 caro
785 4043 979 4112 facttmt
1005 4045 1110 4102 est,
1143 4045 1189 4091 et
1219 4034 1457 4090 habitavit
1482 4034 1534 4088 in
1559 4034 1701 4089 nobis
1722 4032 1898 4103 (Joan.
1922 4049 1960 4101 ι,

377 4140 401 4192 1
430 4177 448 4201 .
473 4133 583 4208 Η).
615 4131 817 4189 Natalis
845 4127 1040 4186 Christi
1069 4126 1258 4182 natalis
1279 4132 1362 4181 est
1390 4124 1566 4181 carnis
1590 4167 1605 4190 ,
1634 4140 1738 4178 non
1762 4122 1922 4178 Verbi
1947 4141 1961 4178 :

375 4225 471 4284 sed
500 4225 620 4281 ideo
649 4222 840 4280 natalis
867 4229 953 4276 est
982 4217 1141 4275 Verbi
1165 4260 1181 4286 ,
1212 4218 1334 4287 quia
1373 4212 1587 4271 Verbum
1628 4232 1747 4272 caro
1773 4216 1964 4286 factum

372 4330 468 4376 cst.
496 4319 691 4375 Natum
714 4324 797 4371 est
817 4313 1051 4370 Verbum
1075 4353 1090 4378 ,
1113 4309 1205 4366 sed
1238 4310 1288 4365 in
1319 4325 1480 4367 carne
1510 4318 1690 4364 natum
1719 4317 1828 4376 est,
1860 4324 1965 4363 non

376 4414 431 4468 in
452 4427 532 4469 se.
570 4409 627 4468 in
657 4417 915 4467 secantem
942 4415 1026 4462 est
1052 4404 1266 4477 quidem
1293 4420 1322 4459 a
1349 4401 1506 4460 Patre
1526 4445 1542 4472 ,
1575 4402 1670 4459 sed
1696 4401 1837 4459 diem
1868 4419 1965 4457 na-

382 4505 542 4561 talem
569 4518 676 4558 non
702 4501 862 4559 habet
888 4499 939 4555 in
970 4508 1231 4569 tempore.

447 4593 672 4652 CAPUT
702 4590 770 4649 ll.
791 4622 859 4631 —
880 4591 933 4647 5.
978 4588 1229 4644 Mirabilis
1258 4597 1471 4659 utraque
1494 4588 1750 4655 nativitas,
1783 4587 1967 4644 Christi

379 4698 424 4743 rt
444 4685 691 4755 Joannis,
715 4686 828 4740 licet
851 4691 994 4741 tanta
1019 4682 1082 4738 sit
1110 4670 1240 4735 inter
1266 4696 1348 4735 eos
1378 4681 1638 4735 distantia.
1678 4678 1844 4751 Natus
1885 4689 1970 4735 est

378 4780 644 4845 Joannes,
673 4784 832 4833 natus
866 4781 949 4830 est
974 4781 1031 4828 et
1058 4770 1300 4827 Christus
1330 4786 1342 4822 :
1369 4769 1709 4823 annuutiatus
1735 4768 1970 4826 Joannes

379 4873 449 4930 ab
464 4871 682 4943 angelo,
714 4868 1058 4926 annuntiatus
1084 4863 1328 4920 Christus
1356 4862 1422 4917 ab
1448 4861 1656 4934 angelo.
1676 4861 1971 4933 Utrumque

257 4987 273 5001 ·
384 4978 632 5034 magnum
670 4960 1005 5019 miraculum.
1032 4957 1256 5014 Servum
1286 4968 1669 5027 praecursorem
1699 4954 1834 5023 parit
1857 4963 1967 5011 ste-

383 5056 500 5113 rilis
524 5056 590 5112 de
617 5068 747 5111 sene
773 5052 906 5119 viro,
940 5051 1221 5106 Dominum
1263 5059 1625 5119 possessorem
1658 5046 1793 5115 parit
1822 5046 1971 5117 virgo

302 5152 329 5175 ’
383 5149 500 5205 sine
542 5148 677 5202 viro.
729 5144 947 5214 Magnus
994 5141 1157 5196 homo
1201 5139 1479 5194 Joannes:
1512 5135 1603 5193 sed
1652 5136 1767 5207 plus
1811 5153 1968 5208 quam

387 5243 547 5299 homo
568 5238 845 5304 Christus;
866 5235 988 5306 quia
1017 5242 1070 5288 ct
1096 5233 1255 5287 homo
1275 5238 1331 5285 et
1349 5228 1508 5284 Deus.
1536 5228 1751 5301 Magnus
1774 5227 1968 5295 homo;

384 5332 482 5389 sed
526 5327 883 5387 humiliandus
926 5334 1041 5381 erat
1085 5326 1280 5387 homo,
1332 5330 1388 5375 ut
1440 5319 1763 5375 exaltaretur
1812 5319 1968 5375 Deus.

391 5428 630 5497 Denique
670 5424 793 5496 quia
832 5417 1191 5477 humiliandus
1231 5423 1346 5472 erat
1394 5414 1583 5480 homo,
1625 5412 1746 5467 audi
1799 5411 1971 5484 ipsmn

388 5518 660 5574 hominem
707 5534 721 5570 :
770 5514 891 5571 Non
936 5528 1049 5567 sunt
1098 5509 1281 5581 dignas
1326 5506 1595 5576 corrigiam
1653 5503 1975 5559 calcemnenti

390 5676 409 5697 '
435 5670 722 5722 Emendatu‘i
747 5669 806 5719 ad
838 5680 915 5729 gr.
950 5672 1008 5729 et
1040 5663 1119 5729 ad,
1138 5662 1276 5713 L‘lim.
1319 5668 1421 5710 Par.
1448 5666 1556 5710 Lor.

450 5735 530 5835 ςαξ
561 5733 701 5794 Alias,
733 5733 799 5782 de
831 5726 1151 5800 Diversis“.

480 5796 506 5835 Ιι
546 5803 804 5835 sin-manas
825 5792 888 5835 de
911 5788 1057 5835 Natali
1082 5795 1151 5835 .toa

480 5748 506 5785 α
561 5736 701 5794 Alias,
733 5736 799 5782 de
831 5736 1040 5780 Diversis
1068 5736 1151 5777 ω.

480 5736 530 5861 b3
546 5792 888 5861 sermonesde
911 5788 1057 5841 Natali
1073 5785 1513 5861 goaftttis‘t‘t‘aptistze
1537 5800 1552 5851 ι
1571 5782 1704 5837 lurcs
1719 5790 1853 5837 notat
1874 5792 1985 5838 ros-

388 5847 878 5914 sidiu'sinlndiculo,
902 5865 1036 5913 capp.
1072 5849 1246 5911 eaet
1272 5847 1367 5899 to;
1438 5854 1443 5859 ·
1506 5884 1511 5887 ,

1666 396 1896 456 εειιιιιι
1931 395 2210 454 CCLXIX
2218 395 2325 453 VII.

2042 511 2153 582 ejus
2168 512 2356 567 soluere
2376 511 2555 584 (Joan.
2589 528 2627 578 ι,
2654 512 2769 584 27).
2795 513 2853 570 Si
2873 528 2933 569 se
2965 512 3184 584 dignum
3207 512 3409 569 diceret
3427 527 3630 582 ,qaaa-

2044 612 2161 658 tum
2185 616 2244 659 se
2271 603 2615 661 humiliores?
2639 605 2749 661 Nec
2790 603 2895 661 hoc
2935 619 2995 659 se
3037 602 3171 659 dixit
3214 604 3458 674 digium.
3498 600 3632 659 0m-

2043 696 2171 751 niuo
2217 695 2505 766 prostravit
2542 712 2622 765 se,
2662 707 2717 752 et
2756 697 3048 768 prostravit
3090 710 3152 750 se
3183 694 3286 749 sub
3320 703 3490 764 petra.
3522 693 3632 748 Ln-

2044 801 2205 842 cerua
2216 787 2369 843 enim
2391 797 2505 844 erat
2529 786 2640 845 (Id.
2664 804 2717 855 v,
2739 785 2850 861 '55),
2878 796 2934 844 et
2955 796 3113 843 vento
3128 783 3394 857 superbia:
3416 785 3634 840 timebat

2043 878 2326 946 exstingui.
3430 908 3434 915 .

2115 970 2342 1026 CAPUT
2370 970 2455 1025 Ill.
2478 1002 2547 1012 -
2568 973 2622 1027 4.
2650 970 2838 1028 Christi
2862 981 2909 1026 et
2937 971 3152 1025 Joannis
3191 971 3244 1023 in
3272 969 3358 1024 die
3387 967 3549 1023 natali
3586 977 3634 1021 at

2045 1065 2100 1118 in
2150 1065 2386 1134 passione
2428 1064 2715 1132 diferentia
2742 1064 2863 1135 quid
2891 1063 3209 1134 signiﬁcavit.
3241 1061 3477 1130 Denique
3511 1042 3646 1129 quia

2048 1156 2407 1213 bumiliandus
2444 1165 2560 1213 erat
2602 1157 2777 1213 omnis
2826 1158 2989 1211 homo
3031 1155 3262 1220 Christo,
3308 1168 3374 1217 ac
3421 1167 3517 1223 per
3536 1151 3637 1206 ho~

2047 1257 2102 1303 et
2119 1248 2390 1313 Joannes;
2416 1258 2471 1304 et
2490 1249 2634 1319 quod
2659 1248 2973 1305 exaltandus
2996 1254 3113 1303 erat
3130 1247 3272 1321 Deus
3301 1246 3462 1301 lim
3482 1242 3633 1299 Clu-i-

2049 1348 2186 1405 stus,
2214 1338 2600 1394 demonstravit
2636 1348 2693 1394 et
2728 1339 2848 1395 dies
2890 1338 3108 1401 nautlis.
3136 1349 3185 1392 ct
3213 1351 3409 1408 genera
3438 1336 3626 1406 passio

2049 1445 2197 1484 num.
2227 1428 2392 1486 Natus
2419 1429 2758 1486 estJoannes
2789 1430 2979 1486 hodie:
3008 1430 3077 1482 ab
3106 1428 3364 1484 hodierno
3388 1427 3640 1486 minuun-

2051 1529 2136 1575 tur
2157 1521 2294 1576 dies.
2309 1519 2475 1576 Natus
2492 1529 2577 1577 est
2589 1521 2837 1576 Christus
2855 1529 3042 1576 octavo
3062 1519 3310 1575 calendas
3329 1517 3602 1588 ianuarias
3621 1533 3635 1567 :

2049 1613 2120 1668 ab
2148 1613 2237 1669 illo
2263 1611 2354 1668 die
2376 1621 2630 1668 crescunt
2657 1612 2791 1668 dies.
2823 1611 3057 1666 Joannes
3097 1611 3149 1665 in
3188 1610 3437 1680 passione
3464 1608 3638 1674 capiti:

2051 1712 2133 1758 est
2158 1702 2484 1769 diminutas,
2528 1702 2772 1759 Christus
2797 1703 2848 1756 in
2878 1703 3021 1772 ligno
3046 1709 3129 1756 est
3151 1701 3432 1759 exultans.
3468 1699 3637 1765 Quam

2051 1795 2191 1850 bene
2232 1797 2506 1850 nuntiatus
2530 1804 2615 1850 est
2640 1794 2829 1864 virgini
2862 1793 3071 1855 Mariae,
3096 1807 3254 1864 quam
3292 1807 3455 1858 vero,
3479 1804 3639 1861 quam

2050 1896 2235 1945 sancte
2252 1889 2268 1920 ⁸
2290 1906 2303 1941 :
2323 1887 2590 1954 Quomodo
2612 1887 2699 1956 ﬁet
2726 1886 2882 1950 istud,
2898 1885 3138 1955 quoniam
3152 1884 3315 1939 virum
3329 1899 3430 1941 non
3449 1897 3608 1951 cogno
3620 1909 3640 1920 -

2050 1979 2176 2034 sco.’
2202 1978 2486 2045 Credebat,
2514 1979 2605 2034 sed
2634 1977 2850 2032 modum
2877 1976 3167 2046 querobst.
3183 1975 3248 2030 Et
3263 1974 3386 2045 quid
3404 1971 3642 2031 audivit?

2053 2069 2282 2141 Spiritus
2326 2080 2534 2143 sanctus
2572 2069 2887 2141 superueniet
2926 2069 2980 2123 in
3015 2078 3084 2134 te,
3109 2078 3155 2123 et
3179 2069 3336 2125 virttis
3364 2065 3641 2127 Altissimi,

2052 2161 2168 2231 ipse
2191 2159 2424 2230 Spiritus
2446 2171 2686 2228 sanans,
2716 2159 2766 2215 id
2787 2167 2871 2217 est
2887 2200 2903 2224 ,
2930 2159 3084 2215 virtus
3103 2157 3347 2214 Alduini
3366 2154 3642 2213 obumbra-

2056 2251 2125 2304 bit
2150 2250 2261 2305 tibi.
2294 2249 2362 2303 Et
2387 2259 2656 2321 propterea
2680 2252 2776 2304 hoc
2800 2248 2938 2320 quod
2960 2256 3194 2305 nascetur
3215 2264 3280 2305 ea:
3301 2256 3348 2307 te
3375 2256 3608 2302 sanctum
3627 2286 3642 2308 ,

2055 2340 2312 2394 vocabitur
2340 2339 2504 2395 Filius
2528 2339 2620 2395 Dei
2649 2339 2796 2410 (Luc.
2825 2355 2874 2405 ι,
2893 2338 2964 2395 54
2992 2337 3169 2409 οιδό).
3202 2334 3375 2392 Virtus
3400 2335 3647 2392 Altissimi

2057 2430 2369 2486 obumbrabit
2420 2431 2531 2485 tibi.
2581 2430 2699 2486 Erit
2744 2430 2796 2486 iu
2834 2438 2889 2486 te
2945 2438 3273 2500 conceptu,
3326 2426 3494 2483 libido
3540 2441 3646 2482 non

2057 2525 2161 2579 erit
2181 2523 2648 2595 concupiscentiae.
2678 2523 2794 2580 Non
2817 2522 2923 2580 erit
2940 2531 3124 2588 astus,
3148 2521 3234 2576 ubi
3256 2520 3500 2578 umbram
3525 2517 3651 2575 facit

2061 2616 2294 2688 Spiritus
2318 2626 2557 2675 sanctus.
2580 2617 2685 2674 Sed
2711 2617 2832 2687 quia
2859 2617 3069 2686 corpori
3097 2622 3281 2673 nostra
3308 2619 3433 2671 sunt
3464 2621 3646 2675 astus.

2061 2706 2333 2763 sufﬁciant
2378 2706 2494 2763 lucc
2535 2706 2786 2763 citaritati
2825 2715 3017 2765 vestrae
3042 2723 3056 2757 :
3082 2704 3221 2761 bene
3246 2704 3473 2774 cogitata
3498 2700 3651 2775 plura

2065 2807 2242 2855 erunt.

2438 2867 2666 2925 SERMO
2702 2864 3098 2924 ccuxxvm
3128 2870 3146 2889 -
3176 2864 3272 2939 (a).

2400 2989 2449 3032 tu
2481 2980 2628 3034 καὶαιιὶ
2656 2982 2853 3033 manis
2882 2981 3122 3043 Baptista?1
3155 2995 3184 3029 ιι
3217 2978 3311 3042 (b).

2612 3089 2690 3143 De
2718 3103 2836 3143 vocs
2859 3097 2905 3143 et
2932 3087 3098 3142 verbo.

2137 3204 2156 3258 i
2174 3245 2183 3254 .
2200 3200 2471 3258 Celebritas
2485 3192 2754 3256 nativitatis
2767 3200 2805 3256 S
2816 3242 2828 3255 .
2843 3199 3081 3255 Joannis.
3100 3198 3212 3254 Diei
3232 3196 3506 3252 hodierna:
3517 3195 3658 3252 festi-

2061 3296 2197 3349 vitas
2207 3293 2568 3349 anniversario
2579 3292 2752 3349 reditu
2765 3291 3075 3347 memoriam
3089 3297 3328 3353 renovat,
3344 3295 3525 3343 natum
3535 3300 3658 3342 esse

2067 3384 2275 3440 Domini
2290 3397 2674 3455 prmcursorem
2696 3391 2819 3439 ante
2831 3382 3126 3438 mirabilem
3153 3379 3490 3443 mirabiliter;
3504 3378 3658 3446 cuius

2068 3476 2400 3531 nativitatem
2428 3474 2769 3529 considerare
2795 3487 2895 3527 nos
2919 3480 2975 3527 et
3001 3469 3221 3525 laudare
3240 3469 3473 3523 maxime
3498 3466 3659 3522 hodie

2067 3566 2336 3623 convenit.
2368 3564 2446 3619 Ad
2476 3564 2577 3620 hoc
2596 3564 2739 3619 enim
2759 3570 2814 3618 et
2840 3562 2957 3617 dies
2981 3559 3377 3615 anniversarias
3401 3556 3527 3614 huic
3555 3559 3659 3613 mi-

2069 3659 2253 3712 raculo
2276 3654 2551 3712 dedicatus
2575 3663 2656 3710 est
2674 3695 2688 3717 ,
2714 3662 2772 3708 nt
2798 3651 3052 3708 beneﬁcia
3080 3651 3173 3706 Dei
3214 3657 3270 3704 et
3305 3648 3499 3705 excelsi
3546 3660 3660 3702 ma-

2069 3747 2241 3818 gnalia
2270 3762 2374 3802 non
2395 3744 2570 3801 deleat
2589 3744 2786 3800 oblivio
2805 3743 2872 3798 de
2891 3741 3144 3799 cordibus
3170 3740 3391 3797 nostris.
3421 3739 3657 3798 Joannes

2073 3854 2203 3910 ergo
2232 3850 2410 3909 prteco
2438 3836 2644 3890 Domini
2670 3835 2866 3891 missus
2881 3843 3006 3889 ante
3031 3834 3177 3889 illum
3197 3875 3212 3901 ,
3241 3831 3336 3888 sed
3366 3830 3538 3888 iactus
3563 3845 3659 3901 per

2070 3933 2240 3988 illum.
2274 3931 2459 3986 Omnia
2478 3930 2620 3985 enim
2651 3945 2741 4001 per
2769 3930 2936 3998 ipsum
2966 3930 3102 4000 facta
3125 3935 3241 3981 sunt
3260 3967 3275 3991 ,
3314 3933 3359 3980 et
3403 3926 3513 3980 sine
3550 3926 3657 3995 ipso

2073 4030 2266 4098 factum
2294 4034 2366 4080 est
2393 4021 2541 4079 nihil.
2576 4023 2770 4078 Missus
2813 4021 2975 4076 homo
2998 4031 3123 4075 ante
3152 4020 3421 4074 hominem
3451 4018 3616 4073 Deum
3641 4059 3655 4079 ,

2072 4131 2370 4187 agnoscens
2414 4116 2698 4171 Dominum
2745 4129 2899 4169 suum
2931 4155 2944 4179 ,
2988 4113 3311 4168 annuntians
3350 4113 3657 4167 Creatorem

2072 4223 2225 4262 suum
2248 4225 2262 4274 ;
2284 4207 2394 4278 jam
2438 4207 2492 4261 in
2535 4215 2675 4263 terra
2716 4213 3036 4276 prmsentem
3079 4212 3262 4259 mente
3306 4203 3617 4260 discernens
3641 4247 3656 4267 ,

2074 4297 2238 4368 digito
2280 4296 2588 4353 ostendens.
2624 4295 2792 4368 ipsius
2822 4297 2963 4351 enim
2991 4294 3154 4350 verba
3183 4303 3305 4350 sunt
3328 4293 3660 4350 ostendentis

2075 4388 2360 4443 Dominum
2402 4396 2458 4444 et
2501 4387 2860 4443 testimonium
2909 4385 3273 4457 perhibentis,
3319 4384 3452 4440 Ecce
3486 4385 3660 4455 Agnus

2075 4477 2319 4543 Dci,ecce
2334 4478 2421 4550 qui
2438 4477 2568 4532 tollit
2592 4487 2846 4548 peccatum
2868 4476 3045 4531 mundi
3066 4475 3243 4549 (Joan.
3268 4491 3308 4543 ι,
3325 4476 3379 4542 3,
3411 4475 3525 4548 29).
3553 4477 3660 4531 Me-

2073 4572 2178 4626 rito
2205 4586 2336 4642 ergo
2398 4572 2593 4626 sterilis
2621 4571 2827 4641 peperit
2869 4584 3187 4640 pra'euncm,
3215 4570 3365 4640 virgo
3405 4569 3660 4640 judicent.

2076 4664 2133 4719 in
2174 4672 2344 4719 matre
2368 4662 2587 4719 Joannis
2614 4661 2869 4718 sterilitas
2908 4662 3115 4732 accepit
3164 4660 3541 4717 fecunditatem
3567 4676 3580 4714 :
3608 4661 3666 4715 in

2076 4763 2246 4811 matre
2273 4754 2471 4810 Christi
2511 4753 2809 4811 fecunditas
2845 4769 2951 4810 non
2999 4754 3237 4824 corrupit
3280 4752 3660 4823 integritatem.

2076 4846 2133 4903 Si
2163 4854 2336 4903 vestra
2365 4847 2640 4918 patientia,
2669 4854 2723 4899 et
2748 4845 2987 4914 quietum
3012 4844 3246 4899 studium
3267 4886 3283 4910 ,
3309 4852 3366 4900 et
3402 4851 3663 4898 alienum:

2077 4938 2347 4994 silentium
2392 4937 2628 5005 praebeat
2670 4935 2799 4990 mihi
2841 4935 3387 5006 copiam,adjuvante
3414 4934 3661 5001 Domino.

2078 5028 2260 5084 dicere
2284 5025 2425 5096 quod
2444 5026 2608 5080 donat
2636 5033 2693 5079 ut
2716 5025 2888 5079 dicam
2910 5041 2924 5089 ;
2944 5027 3046 5081 erit
3070 5025 3255 5094 procul
3273 5024 3442 5081 dubio
3460 5024 3667 5081 fructus

2078 5118 2389 5174 attentionis
2413 5127 2625 5182 vestrae,
2654 5127 2710 5172 et
2737 5131 2914 5186 opera:
2942 5119 3168 5188 pretium
3191 5118 3350 5172 studii
3376 5119 3544 5174 nostri
3565 5158 3579 5181 ,
3602 5131 3664 5173 ut

2079 5207 2277 5281 aliquid
2306 5207 2448 5279 quod
2476 5207 2542 5262 ad
2568 5220 2818 5279 magnum
2843 5206 3239 5263 sacramentum
3267 5211 3547 5278 pertineat,
3577 5211 3648 5263 in-

2082 5301 2288 5356 sinuem
2318 5299 2538 5355 auribus
2564 5307 2620 5355 et
2646 5298 2896 5355 cordibus
2920 5301 3130 5355 vestris.

2148 5397 2208 5448 ει.
2247 5392 2473 5447 Joannes
2502 5392 2614 5460 plus
2640 5407 2792 5462 quam
2819 5391 3158 5462 propheta,se
3185 5394 3379 5464 objecta
3409 5393 3666 5449 Christum

2086 5483 2421 5540 commendat.
2480 5482 2716 5537 Fuerunt
2761 5483 3042 5553 PrOpheta:
3087 5491 3213 5539 ante
3259 5484 3515 5541 Joannem
3551 5528 3563 5551 ,
3614 5497 3664 5540 ct

2151 5600 2165 5630 ¹
2192 5602 2656 5662 ϐεηιιειηθιιειε-Μξη
2676 5609 2950 5662 φιαηιλῑνετε
2973 5601 3155 5649 sancta.

2150 5662 2165 5682 ’
2188 5659 2481 5710 amendatos
2498 5659 2561 5709 ad
2582 5659 2632 5708 d.
2655 5658 2698 5708 r.
2725 5658 2853 5710 Ltd.
2877 5661 3014 5711 Sim].
3036 5668 3093 5711 et
3114 5661 3172 5710 ad
3197 5664 3606 5715 Potuimus.

2149 5721 2220 5783 (a)
2254 5721 2396 5783 Alias,
2426 5721 2490 5773 π
2519 5723 2648 5772 inter
2675 5721 3042 5773 sirmondianos.
3682 5756 3687 5762 .

2130 5789 2196 5850 (b)
2238 5791 2463 5841 Μνηιὶιιιι
2507 5790 2757 5844 l‘ossidius
2798 5794 2845 5847 in
2889 5792 3126 5858 Indirulo,
3154 5810 3261 5860 cap.
3300 5798 3357 5861 8;
3393 5804 3445 5847 et
3472 5797 3653 5848 Florus

2064 5851 2125 5903 Id
2145 5853 2236 5904 Phi
2259 5854 2355 5904 lno.
2384 5866 2431 5903 ιι.

2277 5866 2355 5916 pp.
2384 5866 2431 5903 ιι.
