3954 6198
343 476 521 538 multi.
540 483 596 531 et
617 474 819 545 magni,
837 483 894 531 et
918 475 1116 543 sancti,
1142 474 1287 546 digni
1317 473 1447 541 Deo,
1476 472 1586 530 Deo
1609 471 1787 543 pleni,
1814 466 1933 526 Sal-

342 567 541 622 vatoris
566 566 1032 638 pra-nuntiatores;
1058 567 1298 623 veritatis
1322 574 1679 622 attestatores.
1710 564 1935 620 Verum-

341 668 518 713 tamen
543 657 775 714 denullo
801 673 983 714 eorum
1008 658 1110 714 dici
1142 658 1333 729 potuit,
1356 656 1503 729 quod
1530 657 1730 712 dictum
1756 665 1840 711 est
1865 655 1933 710 de

334 748 546 805 domine
586 766 600 803 :
638 748 705 804 In
750 750 884 805 natis
937 751 1200 805 mulierum
1252 766 1398 826 nemo
1442 751 1719 807 exsurrexit
1760 750 1931 821 major

340 838 544 894 Joanne
583 838 814 909 Baptista
856 840 1068 912 (Matth.
1102 857 1153 895 χι
1177 884 1190 907 ,
1231 843 1338 911 ll).
1369 840 1507 910 Quid
1534 857 1660 912 ergo
1688 840 1789 897 sibi
1819 841 1930 913 vult

336 928 436 986 ista
468 933 773 1002 magnitudo
804 935 1074 1003 przcmiss-t
1106 943 1227 989 ante
1255 934 1546 1004 magnum?
1574 934 1655 989 Ad
1684 934 1928 988 testimo-

336 1012 486 1081 nium
509 1041 713 1097 magnze
743 1025 1073 1083 humilitatis.
1108 1027 1235 1081 'l‘am
1262 1028 1405 1082 enim
1445 1042 1667 1097 magnus
1692 1034 1809 1085 erat
1826 1066 1841 1091 ,
1869 1035 1928 1082 ut

338 1118 585 1173 Christus
618 1128 803 1190 posset
844 1120 1036 1190 putari.
1063 1120 1248 1176 Posset
1277 1119 1510 1178 Joannes
1548 1120 1695 1177 abuti
1739 1136 1923 1176 errore

338 1208 632 1279 hominum,
657 1219 715 1266 et
740 1226 845 1267 non
877 1210 1121 1267 laborare
1152 1213 1472 1281 persuadere
1514 1227 1574 1269 se
1613 1228 1735 1269 esse
1763 1212 1920 1269 Chri-

333 1317 475 1359 stum
496 1346 512 1371 ,
532 1307 652 1375 quia
690 1305 793 1360 hoc
821 1306 933 1375 jam
961 1307 1071 1372 illi,
1102 1307 1190 1376 qui
1220 1322 1339 1361 eum
1372 1307 1661 1362 audiebant
1689 1315 1744 1362 et
1771 1308 1919 1364 vidc-

336 1396 499 1458 hant.
530 1396 631 1452 illo
669 1412 774 1451 non
814 1397 1025 1451 dicente
1068 1409 1395 1465 putaverant.
1424 1398 1540 1453 Non
1569 1407 1686 1453 erat
1712 1398 1760 1452 t-i
1783 1414 1919 1467 opus

332 1488 601 1544 somniare
645 1504 922 1551 errorem.
965 1489 1058 1544 sed
1102 1491 1440 1544 conﬁrmare.
1489 1491 1558 1544 At
1601 1490 1688 1545 ille
1737 1491 1917 1561 sponsi

331 1581 537 1636 anticus
565 1579 801 1648 humilis,
842 1596 1043 1652 sponso
1082 1582 1281 1642 zelans.
1328 1597 1436 1637 non
1480 1596 1540 1636 se
1584 1597 1682 1653 pro
1719 1597 1918 1651 sponso

329 1674 628 1730 adulterum
672 1689 1012 1746 supponens,
1053 1674 1299 1745 perhibet
1332 1676 1697 1731 testimonium
1744 1675 1918 1731 amico

331 1781 463 1831 suo,
489 1777 544 1823 et
564 1780 685 1822 eum
713 1768 804 1837 qui
830 1783 957 1823 vere
993 1783 1222 1838 sponsus
1246 1776 1382 1831 erat,
1409 1784 1620 1839 sponsatr
1645 1785 1915 1825 emunien-

328 1861 419 1914 dat
445 1877 461 1916 :
486 1869 545 1915 ttt
571 1871 781 1915 ametur
810 1861 860 1915 in
888 1860 1001 1925 illo,
1029 1860 1142 1915 odit
1166 1875 1226 1915 se
1250 1860 1416 1915 amari
1447 1876 1543 1930 pro
1571 1862 1680 1915 illo.
1713 1863 1808 1927 Qui
1830 1862 1915 1915 Ιιιιο

329 1957 442 2013 bet,
476 1952 667 2022 inquit,
699 1964 967 2021 sponsum,
991 1969 1206 2024 sponsus
1244 1962 1335 2006 est.
1382 1953 1449 2007 Et
1491 1954 1639 2023 quasi
1681 1954 1908 2016 diceres,

325 2042 463 2110 Quid
491 2041 587 2097 tu?
611 2041 819 2099 Amicus
846 2054 1015 2097 autem
1033 2086 1046 2106 ,
1073 2044 1273 2113 inquit,
1303 2045 1478 2114 sponsi
1515 2054 1613 2117 stat
1632 2087 1646 2109 ,
1672 2056 1734 2100 -et
1773 2047 1914 2101 audit

324 2152 439 2186 tum
460 2175 474 2199 ,
502 2145 549 2189 et
574 2135 763 2206 gaudio
789 2135 974 2206 gaudet
1003 2147 1206 2206 propter
1234 2152 1397 2209 vocent
1423 2138 1597 2204 sponsi
1616 2136 1801 2205 .(Joan.
1825 2155 1909 2201 nt,

324 2228 441 2295 29).
471 2228 620 2295 Stat,
648 2238 696 2282 et
718 2229 900 2282 audit:
919 2228 1213 2299 discipulus
1238 2228 1385 2282 audit
1418 2231 1760 2300 magistrum;
1789 2233 1908 2301 quia

322 2319 658 2384 ntulit,stat;
686 2319 811 2389 quia
832 2318 876 2373 si
907 2334 1013 2374 non
1042 2318 1222 2384 audit,
1253 2320 1413 2374 cadit.
1446 2321 1576 2375 llioc
1605 2322 1911 2393 magnitudo

320 2410 542 2466 hannis
570 2410 801 2465 maxime.
843 2410 1275 2475 commendatur;
1301 2412 1424 2482 quia
1448 2428 1569 2467 cum
1603 2424 1780 2483 posset
1810 2429 1908 2484 pu-

323 2503 419 2556 lari
449 2502 719 2570 Christus,
755 2502 938 2558 maluit
965 2502 1177 2559 Christo
1210 2504 1569 2558 testimonium
1607 2506 1906 2574 perhibere,

323 2593 471 2647 illum
495 2594 906 2663 commendare;
932 2610 993 2651 se
1018 2594 1325 2660 humiliore,
1365 2611 1521 2665 quam
1553 2613 1650 2667 pro
1680 2598 1795 2667 ipso
1819 2612 1908 2654 ac-

319 2686 446 2757 cipi,
476 2693 532 2739 et
554 2700 585 2740 α
611 2699 672 2741 se
698 2684 890 2755 decipi.
924 2686 1112 2740 Merito
1150 2684 1322 2742 dictus
1359 2695 1444 2742 est
1480 2689 1706 2758 amplius
1748 2704 1906 2760 quam

319 2776 599 2845 propheta.
630 2776 706 2832 De
730 2775 1011 2846 Prophctis
1039 2779 1180 2832 enim
1207 2820 1220 2844 ,
1252 2778 1341 2849 qui
1389 2778 1600 2834 fuerunt
1646 2792 1770 2837 ante
1809 2781 1906 2837 ad-

317 2879 534 2921 ventum
578 2867 827 2933 Domini,
871 2868 1127 2923 Dominus
1177 2873 1287 2939 ipse
1328 2870 1398 2925 ita
1443 2870 1716 2942 loquitur:
1757 2872 1908 2928 Multi

320 2957 597 3030 Propheta:
629 2969 677 3015 et
700 2960 832 3030 justi
871 2962 1133 3016 voluerunt
1172 2964 1340 3017 ridere
1366 2981 1480 3033 aute
1508 2979 1595 3020 vos
1623 2966 1798 3020 videtis
1817 3008 1831 3026 .
1860 2976 1907 3021 et

316 3067 418 3105 non
445 3051 674 3106 uiderunt
700 3050 911 3126 (Matth.
939 3068 1028 3108 ιιιι
1052 3096 1066 3117 ,
1102 3054 1213 3122 17).
1252 3056 1457 3109 Etenim
1486 3056 1557 3109 illi
1589 3056 1675 3126 qui
1715 3057 1905 3125 imple-

317 3147 516 3202 hantur
544 3146 743 3216 Spiritu
774 3147 868 3202 Dei
891 3190 904 3208 .
930 3157 986 3202 ut
1023 3148 1397 3204 annnntiarent
1421 3148 1689 3203 Christum
1713 3160 1905 3203 ventu-

318 3255 440 3295 rum
460 3279 477 3306 ,
511 3238 991 3308 concupiscebam,
1017 3239 1061 3293 si
1090 3236 1203 3293 fieri
1235 3248 1444 3308 posset,
1474 3238 1524 3292 in
1558 3247 1697 3295 terra
1726 3240 1906 3296 videre

315 3338 660 3401 przesentcm.
691 3329 845 3389 Unde
885 3329 1101 3387 Simeon
1149 3331 1236 3386 ille
1273 3330 1617 3388 dill'ercbatur
1654 3334 1800 3389 exire
1837 3334 1906 3392 de

313 3423 533 3491 teecnlo,
556 3433 617 3479 ut
643 3424 848 3480 videret
872 3433 1075 3489 natum,
1102 3441 1197 3497 per
1225 3442 1384 3493 quem
1414 3426 1682 3483 conditum
1713 3439 1795 3484 est
1815 3448 1907 3485 su:-

313 3514 491 3570 culum
520 3510 791 3585 (Lua-tt,
824 3513 915 3580 25,
957 3513 1072 3583 26).
1120 3515 1189 3571 Et
1241 3516 1330 3571 ille
1382 3516 1596 3585 quidem
1651 3518 1903 3574 infantem

315 3606 444 3660 vidit
472 3604 705 3663 Verbum
756 3606 848 3662 Dei
900 3607 953 3662 in
1002 3621 1200 3662 carne:
1235 3607 1328 3662 sed
1375 3608 1608 3664 nondum
1656 3610 1902 3678 docebat,

314 3697 549 3753 nondum
589 3698 829 3768 magistri
871 3712 1151 3768 personam
1203 3698 1477 3771 professus
1496 3710 1645 3766 erat,
1679 3702 1765 3773 qui
1794 3702 1903 3772 j..m

312 3791 452 3860 apud
505 3790 715 3847 Patrem
765 3792 981 3862 Angelis
1028 3792 1278 3862 magister
1323 3802 1458 3847 erat.
1510 3792 1728 3850 Simeon
1779 3810 1906 3866 ergo

312 3883 476 3946 vidit.
524 3882 619 3938 sed
679 3882 933 3939 infantem
979 3902 991 3936 :
1030 3882 1265 3939 Joannes
1314 3891 1490 3940 autem
1544 3884 1655 3954 jam
1705 3887 1903 3955 pra-di-

312 3985 527 4030 eantem
548 4015 563 4039 ,
589 3974 624 4043 j‘
649 3991 701 4029 nt
731 3974 1024 4044 discipulos
1057 3974 1361 4043 eligentem.
1406 3975 1543 4031 libi?
1586 3978 1665 4031 Ad
1709 3976 1903 4033 lltnuen

313 4067 579 4124 Jortlanis.
633 4066 761 4124 lude
803 4069 949 4123 enim
984 4068 1146 4137 empit
1185 4051 1545 4138 magi~terium
1576 4068 1791 4125 Christi.
1832 4070 1903 4125 lbi

314 4159 618 4230 Bbptismus
662 4159 857 4215 Christi
904 4159 1307 4217 commendatus
1351 4167 1436 4215 est
1477 4158 1685 4217 futurus
1724 4179 1737 4214 ;
1782 4162 1903 4232 quia

313 4262 594 4322 susceptus
619 4261 700 4307 est
731 4250 1024 4321 baptismus
1051 4250 1412 4320 praeveniens,
1444 4261 1498 4305 et
1523 4252 1659 4306 viam
1689 4268 1900 4322 parans,

313 4353 371 4398 rt
394 4342 609 4409 dicens,
653 4341 841 4397 Parata
864 4345 998 4396 viam
1035 4341 1276 4407 Domino,
1308 4352 1469 4398 rectas
1511 4345 1661 4414 facite
1704 4346 1904 4399 semitas

310 4434 424 4501 ejus
456 4432 665 4504 (Matth.
696 4448 750 4489 ιιι
771 4474 785 4498 ,
826 4432 903 4504 5).
933 4432 1195 4504 Baptizari
1228 4434 1370 4488 enim
1397 4434 1562 4490 voluit
1592 4434 1846 4492 Dominus
1872 4451 1902 4490 a

317 4537 508 4587 servo,
552 4531 609 4576 ut
649 4522 892 4577 viderent
930 4522 1057 4592 quid
1102 4523 1370 4591 accipiunt
1395 4525 1483 4593 qui
1515 4526 1848 4595 haptizantur
1871 4544 1900 4581 a

310 4613 560 4669 Domino.
589 4611 713 4668 Inde
736 4626 864 4681 ergo
885 4614 1068 4680 erupit,
1089 4611 1230 4668 unde
1258 4614 1448 4667 merito
1467 4616 1743 4684 prophetia
1768 4634 1901 4687 pra:-

310 4715 543 4764 cesserat
568 4724 582 4761 :
601 4704 952 4761 Dominabitur
972 4722 1002 4759 tt
1026 4705 1156 4760 mari
1175 4721 1329 4776 usque
1343 4705 1410 4759 ad
1427 4723 1581 4769 mare,
1596 4718 1683 4761 cla
1692 4711 1903 4780 [Iuntina

312 4817 467 4872 usque
487 4800 556 4857 ad
576 4799 814 4857 terminos
837 4799 970 4855 orbis
997 4808 1143 4853 tcrrw
1167 4796 1335 4870 (Psal.
1356 4815 1502 4866 Last,
1520 4799 1600 4870 8).
1624 4801 1703 4856 Ad
1728 4803 1898 4873 ipsum

312 4893 533 4957 tlumen,
563 4889 706 4946 unde
728 4889 892 4959 erepit
919 4889 1179 4946 dominari
1205 4889 1482 4955 Christus,
1510 4891 1641 4967 vidit
1667 4891 1901 4950 Joannes

311 4984 604 5050 Christum,
631 4985 900 5057 cognovit,
927 4986 1289 5057 testimonium
1319 4985 1604 5058 perhibuit.
1633 4988 1821 5059 Magno
1839 5005 1899 5045 se

311 5074 641 5142 humiliavit,
675 5085 733 5131 ιιι
772 5091 803 5131 a
846 5091 1040 5147 magno
1083 5077 1410 5132 exaltaretur
1453 5079 1687 5133 humilis.
1735 5079 1803 5137 Et
1840 5096 1898 5136 se

309 5166 540 5221 amicum
578 5167 759 5235 sponsi
788 5165 922 5221 dixit
951 5184 963 5218 :
997 5177 1052 5222 et
1094 5167 1307 5238 qualem
1342 5169 1614 5225 amicum?
1659 5170 1899 5227 fortassis

301 5257 610 5328 aequalem?
634 5258 824 5313 Absit:
853 5259 1006 5328 longe
1036 5257 1192 5313 inira.
1233 5259 1500 5328 Quantnnt
1545 5262 1735 5333 longe?
1775 5263 1896 5319 Non

293 5365 422 5402 sum
463 5349 677 5420 dignus,
716 5349 827 5413 ait,
879 5349 1148 5420 corrigiam
1194 5347 1520 5407 calceantenti
1555 5354 1665 5424 ejus
1708 5355 1899 5411 solvere

314 5439 504 5495 (Marc.
535 5456 585 5507 ι,
612 5439 689 5510 7).
718 5436 819 5497 llic
857 5440 1111 5512 prepheta
1133 5482 1149 5508 ,
1179 5457 1289 5498 uno
1329 5443 1557 5514 amplius
1578 5461 1737 5515 quam
1776 5464 1896 5517 pro-

308 5536 499 5597 pheta,
544 5530 887 5602 prsenuntiari
938 5532 1130 5587 meruit
1179 5548 1275 5603 per
1316 5534 1648 5604 prophetam.
1684 5538 1761 5594 De
1800 5540 1893 5598 illo

310 5635 540 5690 tiannpte
579 5621 715 5678 dixit
757 5622 936 5690 Isaias,
964 5624 1107 5693 quod
1148 5624 1308 5681 hodie
1347 5627 1500 5683 nobis
1539 5629 1734 5686 lectum
1764 5641 1848 5688 cst
1876 5678 1892 5698 ,

312 5729 332 5760 ι
368 5708 479 5765 Vos
519 5714 797 5771 clamantis
844 5717 897 5771 in
945 5717 1193 5781 deserto.
1232 5718 1419 5777 Parata
1463 5723 1601 5778 viam
1649 5726 1892 5795 Domini,

309 5813 482 5857 rectas
521 5799 677 5858 facile
697 5806 914 5862 semitas
938 5808 1076 5878 eius.
1104 5809 1288 5866 Omnis
1313 5813 1465 5869 vallis
1488 5814 1813 5885 implebitur,
1838 5832 1887 5878 et

1577 353 1634 411 S.
1674 346 2039 409 AUCUSTlNl
2080 351 2382 412 EPiSCOPl

3492 374 3627 430 i301

2040 468 2216 525 omnis
2244 485 2400 526 mons
2425 483 2479 527 et
2500 471 2653 531 collis
2684 474 3079 557 huntiliabitttr;
3105 489 3161 537 et
3196 494 3351 540 erum
3392 497 3633 547 totum:

2042 559 2092 615 in
2119 560 2402 630 directum,
2431 575 2485 621 et
2505 581 2695 636 aspera
2728 569 2780 624 in
2809 571 2920 627 vias
2947 572 3170 642 planas;
3211 586 3268 631 et
3291 577 3489 637 videbit
3512 597 3636 637 om-

2040 650 2122 705 nis
2164 666 2291 710 caro
2335 654 2566 712 salutare
2612 657 2728 713 Dei.
2770 660 3017 719 Exclama
3049 683 3061 719 :
3093 665 3229 732 Quid
3277 669 3636 730 exclamabo?

2038 740 2224 798 Omnis
2248 759 2375 801 caro
2402 746 2604 811 l'ennm,
2624 760 2676 806 et
2703 753 2877 807 omnis
2898 754 3112 810 claritas
3124 758 3247 825 cjns
3267 771 3320 814 ut
3344 760 3441 817 ﬂos
3463 762 3577 819 feni
3611 785 3627 819 :

2038 832 2215 892 fenum
2244 839 2404 906 aruit,
2434 839 2531 895 llos
2556 842 2791 898 decidit:
2818 842 3050 901 Verbum
3072 859 3251 905 autem
3281 850 3488 909 Domini
3510 872 3601 910 uta

2036 936 2127 987 net
2174 930 2226 983 in
2274 938 2531 989 aeternum
2555 951 2573 985 ι
2609 930 2762 1006 (lsai.
2793 952 2899 1004 XL,
2928 938 3066 1011 5—8).
3099 942 3351 1018 Atti-mist
3377 944 3630 1002 Charitas

2032 1029 2229 1074 vestra.
2244 1020 2477 1078 Joannes
2503 1024 2858 1097 interrogatus
2871 1029 3161 1099 quisesset,
3183 1045 3359 1090 utrum
3374 1035 3627 1093 Christus

2030 1122 2193 1177 esset,
2212 1125 2388 1169 utrum
2413 1116 2587 1183 Elius,
2618 1128 2792 1175 utrum
2813 1121 3089 1193 propheta,
3123 1125 3243 1181 Non
3267 1145 3400 1196 sum,
3427 1131 3619 1202 inquit.

2029 1204 2285 1271 Christus,
2315 1225 2404 1263 nec
2421 1209 2591 1277 Elius,
2609 1229 2699 1267 nec
2723 1215 2990 1285 propheta.
3014 1216 3083 1272 Ει
3109 1218 3203 1284 illi,
3230 1220 3355 1287 Quis
3381 1240 3502 1294 ergo
3526 1227 3625 1279 es?

2027 1294 2143 1367 Ego
2163 1314 2275 1359 sum
2306 1314 2402 1355 eoa:
2438 1302 2706 1361 clamantis
2750 1305 2806 1359 in
2850 1303 3066 1361 deserto.
3113 1308 3306 1365 Vocem
3354 1329 3415 1367 se
3460 1314 3616 1370 dixit.

2026 1388 2201 1447 llahes
2234 1390 2493 1448 Joannem
2535 1411 2741 1452 vocem.
2772 1397 2910 1465 Quid
2958 1399 3125 1455 habes
3164 1402 3471 1472 Christum,
3516 1410 3619 1463 nisi

2026 1478 2299 1537 Verbum?
2329 1483 2440 1540 Vox
2472 1488 2828 1555 prtemittitur,
2861 1499 2917 1545 ιιι
2948 1490 3180 1547 Verbum
3227 1507 3410 1565 postea
3456 1500 3619 1556 intel-

2024 1572 2232 1642 ligatur.
2258 1572 2325 1629 Et
2345 1576 2501 1645 quale
2527 1576 2801 1634 Verbum?
2822 1581 2959 1636 Audi
2988 1584 3118 1639 illud
3148 1586 3239 1640 tibi
3264 1589 3411 1644 clare
3434 1602 3622 1647 osten-

2021 1664 2257 1731 dentem,
2312 1688 2329 1718 ι
2357 1666 2413 1722 In
2459 1670 2739 1741 principio,
2768 1692 2785 1723 ι
2819 1672 3020 1743 inquit,
3054 1695 3074 1728 t
3098 1690 3213 1732 erat
3254 1678 3489 1736 Verbum
3515 1725 3532 1749 ,
3566 1695 3623 1739 et

2023 1753 2253 1811 Verbum
2280 1768 2396 1813 erat
2423 1760 2562 1831 apud
2588 1758 2789 1828 Deum,
2819 1776 2874 1820 ct
2904 1767 3043 1822 Deus
3064 1779 3177 1823 erat
3205 1769 3438 1827 Verbum
3466 1791 3478 1826 :
3514 1774 3619 1830 huc

2021 1857 2133 1901 erat
2165 1848 2215 1902 in
2245 1849 2507 1921 principio
2546 1852 2684 1932 apud
2721 1856 2905 1911 Deum.
2935 1859 3124 1913 Omnia
3155 1874 3249 1929 per
3277 1863 3451 1932 ipsum
3477 1865 3617 1920 facta

2018 1932 2166 2005 sunt,
2200 1948 2255 1994 et
2282 1940 2398 1995 sine
2429 1941 2545 2011 ipso
2576 1930 2769 1999 factum
2797 1955 2877 2001 est
2905 1949 3035 2003 nihil
3055 1968 3074 2001 ι
3108 1930 3367 2019 (Ιοηηίι,
3394 1954 3488 2019 20,
3514 1954 3615 2016 2|.

2021 2029 2072 2096 Ι,
2098 2029 2154 2097 2,
2181 2029 2259 2105 '5).
2286 2031 2341 2087 Si
2357 2022 2563 2098 omnia,
2591 2045 2640 2090 et
2663 2036 2915 2093 Joannes.
2939 2039 3074 2107 Quid
3107 2042 3381 2105 minuitur,
3405 2045 3452 2099 si
3480 2043 3618 2101 Vcr-

2017 2119 2142 2174 hum
2166 2120 2293 2176 fecit
2310 2123 2409 2178 sibi
2438 2127 2648 2180 vocem?
2667 2126 2818 2193 Vide,
2846 2129 2966 2184 vide
2988 2138 3274 2201 utrumque
3294 2133 3361 2187 ad
3385 2134 3587 2190 ﬂumen
3602 2179 3615 2199 ,

2018 2225 2067 2268 et
2102 2230 2284 2269 vocem
2327 2226 2379 2271 et
2420 2217 2673 2273 Verbum.
2722 2219 2833 2276 Vox
2881 2222 3151 2290 Joannes,
3189 2225 3415 2280 Verbum
3452 2226 3616 2284 Chri-
3678 2262 3685 2267 -

2017 2317 2148 2360 Sltts.

2090 2400 2145 2454 5.
2199 2398 2379 2453 Vocem
2419 2402 2548 2455 inter
2612 2414 2656 2456 et
2684 2403 2884 2459 verbum
2921 2405 3045 2477 quid
3072 2408 3399 2465 discriminis.
3446 2412 3610 2480 Qum-

2016 2503 2199 2544 rimus
2267 2492 2394 2561 quid
2456 2493 2668 2548 intersit
2722 2496 2862 2550 inter
2912 2513 3096 2552 vocem
3154 2509 3209 2553 et
3232 2502 3608 2557 verbum:at-

2016 2583 2147 2638 tenti
2190 2592 2527 2654 quaeramus;
2562 2596 2666 2640 non
2695 2602 2854 2656 parva
2881 2604 2966 2643 res
2999 2600 3107 2651 est.
3139 2606 3238 2646 nec
3277 2607 3495 2662 parvam
3522 2596 3609 2648 in-

2016 2679 2307 2735 tcntionem
2355 2679 2641 2736 desiderat.
2678 2682 2830 2737 Dabit
2862 2684 3149 2751 Dominus,
3182 2695 3239 2739 ut
3280 2701 3381 2741 nec
3423 2703 3525 2757 ego
3555 2690 3607 2744 in

2012 2770 2330 2840 explicando
2378 2770 2586 2843 fatigor,
2616 2789 2715 2829 nec
2757 2788 2853 2829 vos
2893 2776 2944 2829 in
2985 2777 3270 2833 audiendo.
3319 2780 3458 2835 Ecce
3497 2779 3608 2835 duo

2011 2863 2288 2933 quzedam,
2335 2879 2437 2917 vox
2487 2872 2541 2918 et
2584 2864 2823 2919 verbum.
2858 2867 2992 2933 Quid
3041 2877 3122 2923 est
3170 2870 3312 2924 vox?
3350 2870 3477 2940 quid
3518 2883 3607 2927 est

2011 2955 2267 3013 verbum?
2316 2954 2487 3024 Quid?
2513 2956 2703 3012 Audite
2746 2957 2887 3028 quod
2940 2959 2992 3013 in
3036 2961 3187 3014 vobis
3233 2962 3361 3031 ipsis
3409 2978 3607 3033 appro-

2010 3044 2178 3113 betis,
2222 3056 2276 3102 et
2318 3046 2470 3103 vobis
2515 3047 2643 3118 ipsis
2669 3064 2697 3102 a
2727 3050 3115 3120 vobismetipsis
3152 3052 3470 3125 interrogati
3514 3040 3605 3110 rc-

2011 3138 2343 3211 spondeatis.
2378 3140 2608 3196 Verbum
2630 3183 2645 3207 ,
2674 3143 2717 3196 si
2745 3157 2848 3197 non
2881 3144 3074 3199 habeat
3110 3145 3369 3201 rationem
3396 3148 3603 3217 signiﬁ-

2010 3240 2239 3297 cantem,
2263 3232 2483 3288 verbum
2509 3246 2614 3287 non
2643 3233 2852 3287 dicitur.
2880 3234 2993 3290 Vox
3020 3242 3219 3299 autem,
3238 3236 3340 3291 etsi
3366 3247 3606 3291 tantum-

2010 3323 2170 3378 modo
2212 3331 2400 3391 sonet,
2432 3331 2487 3380 et
2528 3325 2963 3381 irrationabiliter
2990 3336 3318 3397 perstrepat,
3351 3339 3605 3398 tanquam

2010 3428 2174 3468 sonus
2203 3414 2505 3481 clamantis,
2538 3431 2646 3469 non
2681 3416 2969 3485 laqueatis,
3003 3432 3102 3472 vox
3134 3417 3236 3471 dici
3269 3427 3462 3487 putt-5t,
3488 3436 3607 3473 vcr-

2009 3504 2132 3560 htmt
2173 3505 2276 3561 dici
2312 3522 2419 3561 non
2460 3516 2650 3577 potest.
2680 3507 2872 3563 Nescio
2902 3511 3020 3579 quis
3048 3511 3324 3581 ingemuit,
3348 3528 3448 3568 vos
3476 3523 3561 3568 est
3587 3533 3602 3568 :

2009 3598 2246 3666 cjulavit,
2278 3614 2381 3655 vox
2408 3607 2509 3655 est.
2538 3599 2783 3655 Informis
2812 3600 3027 3672 quidam
3052 3613 3357 3670 sonus‘est,
3382 3616 3604 3675 gestans

2010 3691 2091 3745 vel
2119 3689 2353 3745 inferens
2377 3692 2655 3761 strepitum
2687 3692 2905 3746 auribus
2934 3694 3050 3749 sine
3066 3695 3240 3765 aliqua
3268 3697 3479 3751 ratione
3503 3698 3591 3751 in-

2015 3783 2279 3837 tellectus.
2309 3782 2542 3839 Verbum
2575 3793 2753 3839 autem
2774 3826 2789 3850 ,
2818 3784 2925 3839 nisi
2951 3785 3149 3856 aliquid
3175 3785 3471 3857 signiﬁcet,
3503 3789 3604 3843 nisi

2009 3875 2149 3929 aliud
2177 3875 2242 3929 ad
2271 3890 2429 3932 aures
2461 3875 2614 3942 lerat,
2636 3877 2776 3932 aliud
2808 3879 2972 3933 mcnti
3005 3879 3215 3944 inferat,
3244 3882 3467 3936 verbum
3495 3897 3601 3937 non

2010 3966 2226 4021 dicitur.
2273 3967 2424 4022 Sicut
2468 3982 2596 4037 ergo
2639 3967 2879 4024 dicebam
2904 4007 2923 4034 ,
2947 3970 2991 4024 si
3019 3971 3251 4037 clames,
3276 3988 3376 4026 vos
3408 3983 3491 4027 est
3517 3992 3531 4026 :
3558 3975 3603 4028 si

2008 4056 2176 4123 dicas,
2208 4056 2401 4123 Homo,
2432 4058 2650 4113 verbum
2682 4067 2796 4125 est;
2830 4059 2874 4113 si
2902 4060 3069 4128 dicas,
3100 4061 3301 4128 Pecus;
3332 4063 3401 4127 si,
3430 4062 3601 4128 Deus;

2010 4152 2078 4219 si,
2112 4151 2461 4221 Mundus,_vel
2490 4152 2685 4223 aliquid
2714 4153 2875 4209 aliud.
2919 4153 3025 4209 llas
3049 4155 3191 4209 enim
3229 4169 3421 4211 omnes
3444 4171 3608 4211 voces

2008 4248 2365 4318 signiﬁcantes
2391 4245 2538 4312 dixi,
2569 4261 2675 4299 non
2718 4246 2931 4310 inanes,
2956 4260 3060 4300 non
3091 4256 3343 4302 sonantes
3376 4255 3434 4302 et
3470 4247 3601 4302 nihil

2008 4336 2284 4392 docentes.
2315 4336 2370 4391 Si
2402 4352 2529 4407 ergo
2553 4336 2662 4406 jam
2690 4336 3007 4391 tlisliltXiSliS
3033 4336 3173 4392 inter
3199 4352 3383 4393 vocem
3409 4348 3465 4393 et
3484 4354 3604 4394 ver-

2008 4429 2132 4483 bum
2156 4471 2170 4494 ,
2199 4426 2377 4497 audite
2403 4427 2547 4497 quod
2583 4428 2850 4482 miremini
2882 4428 2932 4482 in
2959 4427 3044 4483 bis
3067 4426 3296 4494 duobus,
3318 4427 3525 4484 Joanne
3547 4439 3606 4486 et

2007 4494 2499 4577 ChristoTVerbt—tm
2539 4520 2681 4573 valet
2712 4520 2999 4589 plurimum
3041 4530 3093 4576 et
3136 4522 3254 4577 sine
3292 4537 3467 4577 voce:
3494 4539 3600 4579 vox

2008 4615 2181 4669 inanis
2215 4623 2295 4670 est
2329 4615 2446 4668 sine
2484 4612 2668 4668 vet-bo.
2710 4612 3016 4669 Reddamus
3050 4615 3311 4669 rationem
3332 4657 3348 4680 ,
3373 4625 3430 4670 et
3456 4617 3597 4686 quod

2008 4708 2401 4775 proposuimus,
2434 4704 2477 4758 si
2508 4716 2808 4776 possumus,
2836 4704 3179 4773 capticcmns.
3216 4705 3353 4760 Ecce
3384 4707 3599 4762 voluisti

2005 4796 2202 4868 aliquid
2228 4794 2405 4851 dicere
2433 4811 2446 4848 :
2479 4796 2581 4849 hoc
2611 4794 2785 4865 ipsum
2814 4795 2953 4864 qt'od
2979 4796 3057 4851 vis
3076 4795 3275 4865 dicere,
3293 4799 3406 4870 jam
3433 4803 3603 4856 corde

2004 4900 2318 4959 conceptum
2348 4895 2465 4954 est;
2496 4897 2709 4943 tenetur
2737 4891 3016 4957 memoria,
3044 4898 3265 4961 paratur
3292 4893 3598 4957 voluntate.

2006 4978 2134 5034 vivit
2181 4979 2475 5035 intellectu.
2520 4980 2586 5035 Et
2624 4978 2727 5035 hoc
2772 4980 2942 5051 ipsum
2982 4981 3125 5051 quod
3151 4984 3234 5037 vis
3256 4984 3459 5048 dicere,
3490 5002 3597 5041 non

2003 5082 2086 5128 est
2127 5072 2354 5143 alicujus
2392 5073 2609 5145 linguai.
2640 5072 2749 5129 Res
2776 5073 2917 5144 ipsa,
2946 5089 3104 5145 quam
3129 5074 3210 5129 vis
3237 5075 3448 5146 dicere,
3476 5094 3621 5171 quae.

2002 5164 2163 5220 Corde
2182 5172 2440 5235 concepta
2467 5172 2570 5230 est,
2602 5180 2707 5219 non
2735 5172 2827 5219 est'
2846 5165 3070 5237 alicujus
3099 5166 3315 5238 lingutc,
3338 5184 3445 5224 nec
3461 5186 3597 5240 grte-

2003 5275 2101 5324 cm,
2133 5274 2233 5313 nec
2260 5258 2437 5313 latinas
2457 5301 2471 5324 ,
2504 5272 2603 5314 nec
2630 5258 2854 5329 punica,
2885 5274 2983 5315 nec
3005 5259 3253 5328 hebrzeze,
3279 5278 3380 5318 nec
3408 5264 3592 5334 cujus-

2001 5365 2157 5421 quam
2181 5349 2377 5421 gentis.
2411 5348 2519 5405 Res
2543 5358 2627 5405 est
2657 5358 2857 5404 tantum
2886 5350 3049 5406 corde
3094 5362 3382 5423 concepta,
3412 5367 3591 5425 Iurat:

2004 5440 2314 5512 procedere.
2344 5440 2507 5511 Ergo,
2539 5448 2598 5495 ut
2623 5438 2734 5496 dixi
2756 5483 2771 5508 ,
2804 5454 2891 5496 res
2920 5450 3004 5496 est
3027 5443 3293 5513 quadam,
3326 5449 3591 5502 sententia

2001 5530 2242 5602 qumdam
2260 5572 2276 5599 ,
2298 5530 2437 5586 ratio
2462 5530 2626 5586 corde
2661 5539 2946 5601 concepta,
2971 5542 3153 5601 parata
3193 5535 3507 5605 procedere,
3534 5552 3593 5591 ut

2002 5622 2301 5680 insinuetur
2342 5622 2596 5680 audienti.
2628 5623 2719 5681 Sic
2749 5623 2907 5695 igitur
2931 5625 3200 5696 quomodo
3244 5638 3369 5683 nota
3415 5641 3499 5686 cst
3542 5633 3594 5686 ei

2007 5716 2059 5770 in
2081 5716 2233 5786 cujus
2261 5713 2425 5771 corde
2454 5722 2555 5780 est,
2588 5715 2807 5771 verbum
2832 5723 2944 5782 est,
2963 5716 3074 5787 jam
3097 5728 3282 5774 notum
3307 5721 3522 5775 dictum
3549 5726 3589 5787 ο,

2058 5812 2077 5864 “¹
2107 5828 2268 5881 codex
2293 5834 2352 5891 t.,
2371 5830 2427 5883 Si
2443 5841 2557 5890 ergo
2578 5835 2687 5881 nata
2703 5835 2774 5882 est
2796 5828 2842 5883 ei
2858 5828 2907 5884 in
2943 5831 3082 5897 cujus
3117 5833 3264 5885 corde
3281 5852 3310 5892 ε
3326 5842 3376 5895 .t.
3394 5837 3595 5889 eertum
