3926 6188
233 393 376 453 ιωδ

232 509 469 566 nondum
495 509 762 565 audituro.
790 508 931 566 Ecce
954 523 1084 580 ergo
1110 507 1330 564 verbum
1355 506 1465 576 jam
1495 509 1779 559 formatum
1799 540 1815 563 .

228 602 340 671 jam
358 584 656 670 integrum,
683 610 864 656 manet
893 602 947 655 in
969 599 1132 656 corde
1160 618 1179 654 ι
1206 600 1396 669 quierit
1422 596 1733 669 procedere,
1760 605 1823 649 ut

240 691 449 746 dicatur
473 689 730 746 audienti.
766 690 1006 745 Attendit
1048 690 1138 745 ille
1182 689 1271 759 qui
1311 688 1556 757 concepit
1595 685 1820 742 verbum

234 779 379 848 quod
423 780 596 843 dicat,
626 790 682 836 et
719 789 904 835 notum
946 779 1106 834 habet
1150 778 1371 834 verbum
1418 778 1519 832 sibi
1567 778 1619 831 in
1661 776 1823 832 corde

236 885 362 934 suo,
386 870 610 925 attendit
629 870 714 925 cui
736 871 973 926 dicturus
992 878 1092 926 est.
1118 869 1332 940 Loquar
1348 870 1402 923 in
1431 868 1646 923 nomine
1667 867 1818 923 Cltri-

232 961 304 1012 sti
351 961 568 1014 auribus
604 960 834 1016 eruditis
862 961 917 1014 in
948 961 1204 1024 Ecclesia,
1245 970 1301 1015 et
1324 958 1498 1014 audeo
1524 959 1683 1013 etiam
1722 958 1821 1009 ali-

238 1052 366 1119 quid
393 1052 499 1119 jatn
530 1052 670 1121 quod
699 1054 769 1107 sit
796 1052 1042 1108 subtilius
1061 1093 1077 1119 ,
1109 1053 1379 1107 insinuare
1424 1067 1532 1106 non
1582 1050 1820 1104 rudibus.

244 1144 488 1198 lutendat
531 1160 657 1216 ergo
696 1142 939 1199 Charitas
980 1154 1175 1200 vestra.
1204 1144 1391 1198 Videte
1416 1143 1633 1198 verbum
1664 1142 1824 1197 corde

236 1245 552 1305 conceptum
576 1278 590 1303 ,
622 1237 812 1306 quatrit
860 1236 1147 1305 procedere
1168 1279 1181 1300 ,
1226 1244 1284 1288 ut
1324 1234 1530 1291 dieatur
1558 1252 1569 1286 :
1599 1232 1826 1288 attendit

237 1328 319 1381 cui
351 1329 577 1383 dicatur.
605 1326 811 1383 Invenit
841 1327 1118 1383 Grzecnm?
1137 1343 1364 1398 graecam
1395 1342 1580 1381 vocem
1608 1325 1821 1395 quzerit,

242 1431 346 1485 qua
380 1417 631 1485 procedat
668 1417 733 1471 ad
765 1416 1029 1473 Grteeum.
1060 1418 1269 1472 invenit
1296 1416 1581 1471 Latinum?
1604 1416 1823 1470 latinam

242 1520 431 1562 vocem
460 1508 667 1578 qumrit,
702 1524 803 1579 qua
834 1507 1087 1577 procedat
1110 1507 1174 1563 ad
1202 1506 1465 1563 Latinum.
1492 1508 1697 1562 invenit
1722 1507 1826 1585 Ρη-

240 1598 457 1652 uicum?
503 1598 747 1669 punicum
794 1613 979 1654 vocem
1030 1599 1258 1669 quatrit,
1308 1614 1412 1669 qua
1461 1597 1711 1667 procedat
1758 1597 1824 1651 ad

242 1688 520 1744 Punicum.
545 1688 781 1746 Remove
806 1690 1169 1745 diversitatem
1189 1689 1514 1755 auditorum,
1534 1698 1588 1743 et
1606 1689 1824 1744 verbum

242 1780 400 1846 illud,
429 1781 570 1851 quod
601 1781 763 1837 corde.
790 1792 1104 1852 conceptum
1133 1791 1250 1849 est,
1295 1797 1392 1837 nec
1433 1796 1663 1852 graecum
1712 1790 1822 1845 est,

247 1886 348 1926 nec
390 1871 608 1926 latinum
629 1913 647 1939 ,
674 1885 776 1928 nec
801 1871 1049 1942 punicum
1074 1915 1088 1940 ,
1121 1887 1221 1928 nec
1258 1872 1568 1943 cujusquam
1605 1872 1822 1942 lingunt.

247 1962 430 2018 Talem
456 1976 641 2018 vocem
668 1964 857 2033 quzerit
891 1963 1240 2034 procedendi,
1270 1962 1439 2034 qualis
1483 1962 1684 2017 assistit
1730 1978 1824 2015 au-

245 2053 406 2109 ditor.
446 2053 633 2124 Modo,
664 2055 888 2120 fratres,
916 2061 973 2110 ιιι
1000 2055 1196 2127 aliquid
1228 2054 1555 2129 propositum
1587 2055 1655 2110 sit
1684 2053 1825 2124 quod

246 2148 570 2220 intelligatis,
596 2150 815 2219 concepi
842 2147 1003 2205 corde
1029 2157 1088 2203 ut
1113 2148 1285 2205 dicam
1311 2144 1329 2211 ,'
1356 2148 1511 2202 Deus.
1546 2147 1657 2201 lloc
1685 2145 1826 2217 quod

245 2240 467 2313 concepi
512 2240 674 2296 corde
696 2282 712 2308 ,
757 2256 1006 2309 magnum
1034 2240 1228 2311 aliquid
1256 2250 1355 2295 est.
1389 2239 1502 2293 Non
1532 2240 1670 2292 enim
1710 2237 1830 2292 dure

244 2331 467 2403 syllaba:
512 2340 635 2385 sunt
679 2333 847 2394 Deus;
896 2346 1002 2386 non
1050 2331 1193 2385 em’m
1238 2346 1340 2383 vox
1389 2330 1485 2384 ista
1530 2328 1705 2383 brevis
1748 2338 1831 2383 est

246 2421 410 2475 Deus.
440 2420 606 2475 Deum
636 2420 759 2475 volo
788 2419 987 2481 dicere.
1015 2418 1231 2474 intendo
1258 2420 1342 2473 cui
1372 2419 1565 2473 dicant.
1613 2418 1831 2472 Latinus

243 2516 368 2570 ost?
396 2515 559 2570 Deum
598 2515 735 2571 dico.
772 2515 999 2594 Grtecus
1015 2516 1132 2572 est?
1166 2524 1281 2573 Θεὸν
1320 2517 1457 2573 dico.
1491 2517 1677 2571 Latino
1710 2518 1831 2573 dico

249 2606 447 2672 Deum,
493 2605 681 2662 Crxeco
721 2606 842 2662 dico
882 2617 1013 2663 Θιὸν.
1061 2608 1204 2664 inter
1242 2610 1410 2664 Deum
1446 2619 1500 2664 et
1534 2618 1646 2664 Θεὸν
1670 2610 1834 2665 distat

245 2712 410 2753 sonus
434 2717 446 2752 :
477 2699 664 2755 litterae
693 2699 809 2755 aliae
838 2710 960 2755 sunt
988 2699 1075 2755 hic
1094 2744 1107 2765 ,
1141 2701 1258 2756 alite
1302 2709 1426 2756 sunt
1453 2702 1521 2756 ibi
1552 2720 1564 2755 :
1592 2704 1642 2756 in
1671 2684 1833 2758 corde

248 2799 425 2844 autem
456 2804 595 2852 meo,
624 2788 676 2844 iu
705 2805 769 2845 eo
790 2791 931 2859 quod
959 2788 1078 2846 voio
1108 2792 1314 2858 dicere,
1361 2793 1411 2846 in
1451 2808 1517 2847 eo
1558 2774 1699 2862 quod
1736 2807 1833 2848 eo-

249 2883 380 2954 gito,
422 2881 563 2936 nulla
613 2891 695 2937 est
738 2882 1019 2939 diversitas
1068 2884 1397 2949 litterarum,
1449 2885 1626 2941 nullus
1669 2901 1834 2941 sonus

251 2973 429 3028 varius
457 2975 777 3046 syllabarum
805 2992 818 3027 :
852 2975 954 3031 hoc
974 2986 1053 3031 est
1079 2976 1219 3046 quod
1240 2986 1343 3032 est.
1375 2975 1441 3033 Ut
1467 2978 1834 3033 cuuntiaretur

253 3064 464 3134 Latino,
493 3067 591 3121 alia
624 3084 720 3122 vox
760 3064 990 3123 adhibita
1020 3078 1131 3134 est;
1162 3078 1218 3122 ut
1247 3069 1464 3133 Grmco,
1494 3068 1615 3122 alia.
1644 3068 1697 3125 Si
1728 3070 1831 3123 Pu-

254 3157 376 3211 nico
402 3162 680 3212 enuntiare
708 3159 919 3220 vellem,
946 3159 1103 3213 aliam
1134 3159 1472 3224 adhiberent;
1504 3152 1553 3213 si
1580 3159 1828 3225 Hebraeo,

252 3246 412 3300 aliam
435 3264 449 3312 ;
478 3247 520 3301 si
545 3247 814 3319 AZgyptio,
837 3248 1028 3314 aliam;
1054 3250 1098 3303 si
1122 3249 1269 3314 Indo,
1301 3250 1477 3304 aliam.
1504 3249 1670 3316 Quam
1696 3250 1833 3304 mul-

254 3349 338 3391 tas
367 3352 525 3393 voces
551 3336 746 3393 faceret
779 3354 1122 3408 personarum
1154 3339 1445 3394 mutatione
1469 3340 1688 3399 verbum
1714 3356 1834 3395 cor-

248 3428 404 3494 dis’,
436 3430 551 3484 sine
596 3430 700 3484 ulla
746 3431 826 3485 sui
881 3433 1169 3487 mutatione
1206 3432 1287 3486 vel
1330 3433 1617 3489 varietate?
1656 3434 1833 3505 Pergit

248 3520 317 3574 ad
372 3519 619 3576 Latinum
667 3537 799 3577 voce
854 3522 1053 3590 latina,
1108 3524 1174 3578 ad
1231 3524 1473 3580 Grtecum
1504 3542 1715 3597 graeca,
1763 3527 1828 3581 ad

250 3612 536 3668 llebrmum
582 3613 813 3669 liebrma.
847 3616 926 3669 Ad
958 3616 1257 3672 audientem
1306 3619 1563 3685 pervenit,
1590 3636 1729 3673 ncca
1753 3620 1834 3674 lo-

247 3718 443 3771 quente
467 3706 709 3763 discedit.
732 3706 994 3777 Numquid
1039 3709 1179 3763 enim
1222 3709 1361 3778 quod
1407 3709 1631 3766 dicendo
1653 3711 1702 3765 in
1730 3711 1834 3766 alio

250 3799 405 3861 facio,
455 3810 554 3869 ego
598 3797 824 3855 amitto?
868 3799 1042 3853 Sonns
1086 3800 1173 3854 ille
1224 3800 1491 3856 adhibitus
1531 3801 1737 3857 medius
1782 3802 1832 3858 in

252 3900 305 3945 te
346 3890 543 3960 aliquid
595 3892 939 3961 propagavit,
991 3905 1019 3943 a
1063 3907 1148 3945 me
1179 3906 1282 3945 non
1313 3892 1611 3962 emigravit.
1663 3893 1831 3950 Deum

246 3984 358 4049 jam
405 3997 502 4052 ego
556 3983 852 4052 cogitabam
897 3999 910 4034 :
959 3990 1016 4037 tu
1067 3981 1301 4037 nondum
1353 3983 1596 4039 audieras
1649 3999 1832 4039 vocem

244 4089 462 4136 meam;
515 4073 615 4129 bac
659 4072 866 4138 audita,
897 4074 1103 4144 caapisti
1141 4083 1193 4127 et
1230 4082 1281 4128 ιιι
1325 4071 1523 4130 habere
1562 4073 1699 4145 quod
1753 4090 1836 4130 eo-

248 4164 480 4233 gitabam
509 4183 521 4218 :
553 4164 646 4220 sed
672 4181 771 4237 ego
818 4180 921 4220 non
972 4164 1172 4235 perdidi
1212 4165 1353 4235 quod
1390 4165 1669 4221 habebam.
1699 4168 1835 4235 Ergo

249 4253 305 4307 in
334 4269 441 4318 me,
475 4264 722 4324 tanquam
755 4255 807 4309 in
835 4256 1052 4311 cardine
1097 4242 1274 4310 cordis
1312 4257 1451 4320 mei,
1489 4267 1731 4331 tanquam
1782 4261 1832 4311 in

249 4349 543 4403 secretario
591 4348 783 4404 mentis
831 4364 963 4404 mete
997 4392 1011 4414 ,
1061 4349 1335 4419 praecessit
1379 4351 1596 4406 verbum
1650 4370 1832 4409 vocem

251 4453 448 4493 meam.
490 4439 733 4494 Nondum
773 4440 953 4493 sonuit
985 4456 1083 4495 vox
1110 4439 1161 4493 in
1194 4455 1287 4495 ore
1317 4457 1457 4508 meo,
1488 4451 1540 4497 et
1570 4442 1708 4497 inest
1724 4443 1833 4514 jam

251 4530 475 4584 verbum
507 4531 655 4587 cordi
680 4547 819 4587 meo.
854 4530 923 4588 Ut
949 4542 1126 4587 autem
1157 4541 1310 4587 exeat
1334 4531 1400 4589 ad
1433 4541 1481 4588 te
1508 4533 1645 4605 quod
1672 4535 1834 4591 corde

244 4623 493 4693 concepi,
524 4623 877 4678 ministerium
909 4624 1055 4680 vocis
1082 4625 1318 4695 inquirit.

317 4713 372 4768 4.
411 4712 558 4768 Vocis
574 4715 844 4769 ministerio
862 4732 986 4786 Opus
998 4725 1070 4768 est
1088 4726 1142 4769 ut
1164 4718 1365 4770 verbum
1382 4719 1667 4773 insinuetur
1684 4722 1837 4774 menti

245 4807 511 4862 auditoris.
535 4807 589 4862 Si
608 4809 830 4879 possim,
848 4808 1129 4878 adjuvante
1149 4808 1437 4873 intentione
1455 4820 1625 4869 vestra
1644 4822 1692 4866 et
1716 4828 1835 4869 ora-

244 4898 501 4964 tionibus,
531 4898 711 4954 dicere
759 4900 898 4970 quod
946 4900 1086 4966 volo,
1134 4910 1262 4975 puto
1292 4902 1412 4972 quia
1454 4904 1703 4973 gaudebit
1747 4905 1832 4975 qui

247 4990 508 5061 intelliget
538 5007 551 5044 :
586 4992 674 5060 qui
713 5000 890 5046 autem
920 5009 1023 5047 non
1056 4992 1337 5064 intelliget,
1371 4993 1605 5069 ignoscat
1634 4995 1833 5053 homini

245 5079 531 5158 laboranti,
567 5081 676 5137 Deo
717 5082 975 5151 supplicet
1017 5083 1309 5141 miseranti.
1361 5085 1566 5140 Etenim
1598 5095 1651 5142 et
1690 5088 1832 5158 quod

246 5148 439 5241 loquor
462 5171 585 5227 inde
629 5181 729 5226 est.
761 5148 889 5228 lude
918 5172 1059 5228 unde
1086 5173 1295 5245 loquor,
1344 5175 1483 5231 inest
1519 5176 1664 5232 cordi
1694 5148 1832 5249 quod

244 5261 419 5315 dicam
451 5278 464 5313 :
493 5261 587 5316 sed
626 5277 817 5316 vocum
849 5264 1144 5319 ministeria
1182 5264 1420 5320 laborant
1449 5266 1515 5321 ad
1560 5283 1715 5324 aures
1740 5284 1834 5326 ve-

241 5361 405 5407 stras.
424 5352 561 5421 Quid
580 5368 730 5422 ergo,
753 5352 941 5409 fratres
957 5354 983 5408 ?
1006 5355 1131 5425 quid
1154 5371 1279 5426 ergo
1298 5356 1320 5410 ’ἒ
1338 5354 1495 5413 Certe
1511 5358 1831 5427 intendistis,

241 5448 391 5497 certe
405 5441 515 5510 jam
544 5442 860 5514 intelligitis,
882 5445 1005 5513 quia
1036 5444 1259 5500 verbum
1279 5454 1396 5501 erat
1423 5447 1474 5501 in
1504 5448 1666 5504 corde
1687 5466 1828 5518 meo,

240 5541 532 5603 antequam
555 5533 655 5588 sibi
682 5534 959 5607 adhiberet
987 5534 1191 5601 vocem,
1213 5537 1266 5591 in
1296 5553 1397 5603 qua
1426 5538 1739 5607 procederet
1767 5541 1834 5596 ad

244 5618 407 5659 aures
437 5614 663 5659 vestras.
697 5605 833 5660 Puto
860 5606 982 5676 quia
1009 5607 1306 5678 intelligant
1333 5605 1521 5665 omnes
1550 5609 1829 5669 homines:

249 5761 279 5823 ii
299 5770 347 5823 tn
372 5766 534 5823 notum
557 5765 627 5811 est
646 5758 852 5811 dicturo.

302 5822 314 5852 ¹
348 5827 481 5885 3155.,
506 5822 682 5885 faceret
716 5835 805 5887 per
828 5834 1051 5875 sonorum
1073 5823 1352 5878 mutationes
1374 5826 1564 5879 verbum
1588 5828 1763 5881 cordis.

1536 386 1771 447 εειιιιο
1807 382 2032 442 CCLXX
2043 386 2224 444 XVIII.

3367 397 3504 451 i306

1926 523 2048 592 quia
2078 522 2218 594 quod
2249 522 2376 579 mihi
2404 523 2617 589 accidit,
2650 523 2753 580 hoc
2784 526 2928 581 omni
2958 523 3212 597 loquenti.
3247 527 3379 583 Ecce
3401 530 3511 598 jam

1928 616 2040 669 seio
2061 615 2201 681 quod
2231 616 2349 673 volo
2374 615 2574 684 dicere,
2601 617 2773 674 corde
2791 625 2966 683 teneo,
2989 618 3340 674 ministerium
3366 624 3513 677 vet-is

1929 707 2139 777 inquiro
2168 723 2183 774 ;
2217 716 2497 778 antequam
2525 716 2682 764 sonet
2706 724 2807 765 vox
2835 710 2887 764 in
2930 725 3025 766 ore
3051 725 3192 778 meo,
3218 711 3327 778 jam
3361 723 3512 766 tene-

1930 809 2014 853 tur
2057 802 2274 855 verbum
2308 802 2359 856 in
2405 805 2567 858 corde
2614 818 2756 859 meo.
2804 803 3082 859 Praecessit
3124 821 3252 875 ergo
3290 805 3510 859 verbum

1928 906 2111 947 vocem
2140 909 2334 962 meam,
2369 903 2421 948 et
2459 893 2509 948 in
2552 909 2637 949 me
2674 895 2823 963 prius
2852 903 2936 950 est
2963 894 3205 960 verbum,
3251 898 3513 965 posterior

1927 1000 2026 1038 vox
2051 1002 2062 1036 :
2087 983 2152 1039 ad
2171 993 2222 1039 te
2239 994 2433 1048 autem,
2457 994 2513 1039 ιιι
2529 985 2811 1055 intelligas,
2826 986 2970 1055 prior
2984 986 3126 1040 venit
3143 1002 3242 1041 vox
3256 988 3369 1041 auri
3387 999 3513 1048 tum.

1928 1076 2214 1130 utverbum
2236 1075 2531 1131 insinuetur
2546 1077 2843 1131 mentitum.
2860 1075 3027 1133 Nosse
3043 1079 3182 1132 enim
3207 1094 3312 1133 non
3330 1095 3516 1149 posses

1928 1164 2071 1235 quod
2098 1164 2150 1219 in
2169 1180 2255 1220 me
2271 1164 2445 1221 fuerat
2471 1175 2591 1221 ante
2604 1181 2808 1231 vocem,
2830 1167 2931 1222 nisi
2959 1168 3010 1222 in
3027 1176 3077 1222 te
3095 1168 3256 1224 fuerit
3272 1182 3398 1243 post
3427 1184 3515 1222 vo-

1928 1268 2043 1311 cem
2064 1258 2101 1309 ί.
2119 1256 2256 1327 Ergo
2272 1256 2316 1312 si
2329 1271 2427 1311 vox
2445 1256 2695 1323 Joannes,
2712 1257 2927 1313 verbum
2944 1258 3213 1314 Christus:
3230 1269 3349 1315 ante
3363 1259 3513 1315 Joan-

1929 1360 2050 1403 nem
2062 1346 2325 1414 Christus,
2344 1349 2438 1404 sed
2454 1349 2590 1419 apud
2608 1350 2802 1417 Deum;
2842 1360 2962 1421 post
2976 1350 3233 1406 Joannem
3248 1351 3418 1407 Christ
3430 1368 3509 1415 us.

1928 1439 2021 1494 scd
2037 1440 2173 1509 apud
2189 1454 2304 1495 nos.
2320 1439 2563 1511 Magnum
2581 1442 3074 1508 sacrantentuera
3084 1451 3210 1498 tres.
3231 1442 3510 1509 intendite,

1929 1531 2153 1600 accipite
2173 1528 2587 1601 magnitudinem
2608 1532 2680 1586 rei
2706 1534 2863 1610 etiam
2884 1543 3042 1604 atque
3060 1535 3240 1591 etiam.
3279 1535 3515 1590 Delectat

1930 1623 2070 1676 enim
2110 1628 2198 1678 me
2239 1623 2539 1678 intellectus
2578 1635 2772 1689 vester,
2820 1634 2874 1680 et
2915 1626 3251 1681 audaciorem
3285 1626 3407 1681 facit
3445 1627 3513 1681 ad

1929 1727 2045 1781 vos,
2077 1712 2358 1782 adiuvante
2396 1715 2485 1769 illo
2512 1728 2668 1784 quem
2716 1716 2963 1785 praedico,
3008 1717 3241 1772 tantillus
3274 1726 3509 1783 tantum,

1932 1805 2093 1859 homo
2117 1805 2518 1877 qualiscumque
2545 1806 2778 1861 Verbum
2809 1808 2995 1864 Deum.
3044 1809 3164 1879 ipso
3206 1825 3331 1879 ergo
3357 1812 3511 1881 adju-

1930 1903 2108 1961 vante,
2138 1897 2387 1951 audacior
2412 1896 2483 1952 tio
2510 1896 2574 1951 ad
2606 1914 2719 1963 vos,
2751 1906 2805 1953 et
2833 1900 3105 1967 prtemissa
3132 1900 3228 1954 ista
3264 1902 3514 1955 informa-

1931 1989 2075 2043 tione
2116 1988 2471 2044 distinctionis
2513 1991 2660 2043 vocis
2688 1999 2741 2043 et
2769 1991 2939 2055 verbi,
2973 2007 3089 2060 qua:
3119 2003 3517 2062 consequantur

1932 2078 2159 2133 insinuo.
2197 2078 2480 2133 Personam
2524 2081 2740 2149 gerebat
2777 2078 3011 2137 Joannes
3052 2084 3195 2138 vocis
3242 2085 3293 2139 in
3333 2100 3513 2140 sacra-

1932 2178 2155 2225 mento:
2189 2186 2310 2225 nam
2359 2185 2465 2225 non
2505 2173 2618 2241 ipse
2662 2173 2807 2227 solus
2844 2189 2944 2227 vox
2976 2184 3109 2229 erat.
3161 2175 3346 2230 Omnis
3374 2178 3514 2230 enim

1934 2262 2099 2317 homo
2133 2264 2474 2317 annuntiator
2508 2264 2681 2327 Verbi,
2732 2281 2834 2320 vox
2875 2266 3035 2321 Verbi
3066 2275 3163 2321 est.
3194 2268 3342 2337 Quod
3374 2271 3515 2323 enim

1934 2360 2017 2407 est
2042 2366 2204 2406 sonus
2229 2354 2338 2406 oris
2365 2354 2536 2407 nostri
2563 2354 2626 2408 ad
2667 2355 2889 2408 verbum
2919 2357 3057 2424 quod
3084 2359 3133 2411 in
3161 2358 3321 2413 corde
3347 2372 3517 2428 gesta-

1936 2458 2074 2509 mus,
2108 2444 2207 2498 hoe
2232 2445 2402 2498 omnis
2432 2445 2608 2499 anima
2650 2447 2731 2517 pia
2764 2448 3095 2515 perdicatrix
3124 2450 3191 2503 ad
3226 2450 3352 2505 illud
3382 2451 3514 2505 νυν-

1934 2537 2058 2593 bum
2089 2537 2157 2593 de
2182 2554 2285 2609 quo
2310 2539 2509 2594 dictum
2538 2551 2619 2595 est
2649 2560 2661 2594 :
2694 2540 2755 2595 In
2784 2544 3030 2611 principio
3057 2554 3163 2597 erat
3210 2544 3443 2607 Verbum,
3473 2556 3520 2600 et

1946 2626 2157 2682 Verbum
2194 2639 2303 2683 erat
2346 2633 2485 2701 apud
2512 2630 2693 2694 Deum,
2734 2644 2780 2687 et
2808 2632 2943 2688 Deus
2981 2646 3085 2689 erat
3135 2635 3348 2690 Verbum
3380 2653 3397 2691 :
3426 2638 3520 2690 ltoc

1935 2722 2123 2776 eratin
2168 2722 2414 2794 principio
2443 2725 2584 2794 apud
2623 2724 2783 2777 Deum
2817 2724 2992 2797 (Joan.
3027 2744 3063 2791 ι,
3110 2728 3162 2793 1,
3206 2727 3284 2797 2).
3315 2727 3520 2795 Quanta

1939 2812 2125 2879 verba,
2156 2813 2512 2883 imo'quantas
2542 2829 2699 2870 voces
2727 2814 2849 2870 facit
2885 2818 3104 2872 verbum
3136 2818 3296 2873 corde
3325 2835 3520 2875 conce-

1939 2913 2083 2974 ptum
2112 2906 2126 2959 !
2158 2905 2394 2973 Quantos
2426 2907 2801 2977 praedicatores
2843 2909 2965 2964 fecit
2994 2910 3225 2965 Verbum
3253 2904 3391 2980 apud
3420 2912 3521 2965 Pa-

1939 3003 2073 3049 trem
2104 2997 2362 3051 maneus!
2411 2997 2549 3051 Misit
2590 2998 2942 3065 Patriarcltas,
2993 3001 3136 3055 misit
3180 3001 3473 3071 Prophetas
3503 3044 3518 3069 ,

1937 3087 2079 3143 misit
2112 3097 2188 3143 tot
2221 3099 2273 3144 ct
2298 3099 2471 3144 tantos
2495 3092 2932 3159 prmnuntiatorcs
2961 3108 3104 3148 suos.
3144 3093 3377 3150 Verbum
3412 3111 3522 3149 uta-

1937 3195 2070 3236 nens
2112 3196 2272 3236 voces
2298 3181 2461 3247 misit,
2495 3189 2549 3236 et
2590 3190 2707 3251 post
2746 3184 2939 3237 multas
2981 3184 3282 3254 praemissas
3324 3200 3519 3252 voces,

1937 3288 2098 3328 unum
2121 3273 2291 3344 ipsum
2314 3273 2541 3329 Verbum
2560 3275 2705 3329 venit
2727 3283 2972 3345 tanquam
2993 3275 3043 3329 in
3062 3276 3306 3332 vehiculo
3325 3292 3442 3341 suo,
3470 3279 3521 3333 in

1936 3379 2063 3420 voce
2094 3379 2208 3426 sua,
2234 3366 2285 3420 in
2314 3380 2473 3421 carne
2497 3380 2612 3421 sua.
2644 3366 2843 3437 Collige
2859 3382 2988 3436 ergo
3007 3370 3253 3438 tanquam
3277 3369 3327 3422 in
3361 3385 3521 3423 unum

1936 3473 2124 3513 omnes
2143 3471 2321 3521 voces,
2341 3474 2457 3526 quze
2475 3470 2857 3528 prteccsserunt
2875 3459 3103 3514 Verbum
3123 3500 3139 3526 ,
3163 3471 3215 3515 et
3231 3477 3321 3516 cas
3337 3477 3523 3516 omnes

1937 3549 2202 3602 constitue
2240 3549 2293 3601 in
2326 3562 2549 3617 persona
2587 3548 2829 3603 Joannis.
2862 3549 3056 3603 Harum
3083 3552 3316 3604 omnium
3347 3567 3524 3605 sacra-

1939 3652 2174 3693 mentum
2202 3638 2289 3692 ille
2310 3638 2570 3708 gestabat,
2593 3639 2781 3693 harum
2811 3641 3049 3695 omnium
3073 3658 3296 3711 persona
3316 3653 3520 3698 sacrata

1938 3739 1993 3784 et
2018 3735 2241 3801 mystica
2266 3728 2354 3784 ille
2380 3745 2516 3785 unus
2540 3740 2670 3785 erat.
2702 3730 2826 3786 Ideo
2856 3732 3067 3800 proprie
3089 3733 3261 3788 dictus
3285 3742 3368 3788 est
3398 3751 3518 3799 vox,

1938 3832 2187 3893 tanquam
2232 3823 2468 3877 omnium
2512 3837 2701 3879 vocum
2748 3821 3077 3894 signaculum
3118 3835 3276 3896 atque
3324 3839 3522 3900 myste-

1939 3916 2098 3970 rium.

2011 4009 2064 4063 5.
2113 4006 2259 4062 Vocis
2306 4007 2637 4062 ministerium
2684 4008 2961 4073 minuitur,
3011 4019 3257 4064 crescente
3295 4012 3522 4083 profectu

1941 4101 2117 4154 mentis
2143 4100 2209 4153 ad
2250 4100 2482 4155 Verbum.
2524 4100 2663 4172 Ergo
2688 4099 2945 4155 attendite
2971 4100 3078 4170 jam
3109 4117 3212 4171 quo
3242 4103 3519 4171 pertineat,

1941 4188 2098 4243 Illum
2127 4199 2320 4261 oportet
2354 4206 2592 4257 crescere,
2637 4208 2716 4245 me
2750 4200 2917 4245 autent
2944 4192 3121 4244 minui.
3155 4193 3446 4258 Altendite,
3476 4195 3521 4248 si

1941 4284 2137 4353 possim
2166 4282 2377 4352 eloqui;
2410 4284 2454 4337 si
2485 4298 2588 4337 non
2636 4283 2833 4350 dicam,
2878 4283 3168 4349 insinuare,
3198 4285 3288 4339 sed
3334 4285 3520 4340 saltem

1939 4376 2174 4446 cogitare
2200 4375 2477 4439 sufficiam,
2511 4392 2616 4446 quo
2642 4376 2821 4445 modo,
2847 4393 2949 4448 qua
2972 4378 3197 4442 ratione,
3223 4394 3323 4448 qua
3351 4378 3523 4433 inten-

1941 4466 2104 4530 tione,
2135 4482 2234 4536 qua
2274 4481 2455 4533 causa,
2487 4467 2776 4521 secundum
2823 4456 3227 4523 distinctionem.
3257 4483 3411 4535 quam
3441 4469 3549 4521 10--

1938 4565 2094 4611 cutus
2142 4572 2258 4611 sum
2304 4558 2449 4613 vocis
2499 4567 2554 4613 et
2600 4559 2769 4624 verbi,
2824 4558 3019 4614 dixerit
3069 4560 3178 4629 ipsa
3232 4574 3353 4625 vox,
3409 4560 3524 4629 ipse

1938 4648 2189 4711 Joannes,
2234 4647 2388 4739 Illum
2416 4658 2611 4721 oportet
2635 4667 2876 4716 crescere,
2920 4667 3000 4703 tne
3032 4661 3195 4703 autem
3221 4650 3381 4703 minui
3407 4649 3519 4721 (Id.

1940 4758 2017 4806 tu,
2050 4743 2162 4812 30).
2192 4743 2237 4798 Ο
2266 4759 2512 4815 maguum
2543 4754 2599 4799 et
2619 4744 2860 4800 mirabile
2882 4746 3302 4799 sacramentum!
3336 4745 3521 4798 Atten-

1939 4832 2047 4887 dite
2068 4848 2347 4904 personam
2370 4835 2532 4898 vocis,
2559 4833 2609 4886 in
2640 4849 2741 4902 qua
2766 4847 2989 4902 persona
3016 4840 3169 4887 erant
3188 4844 3518 4885 sacramcn'a

1939 4927 2173 4980 omnium
2222 4941 2433 4991 vocum,
2465 4926 2728 4980 dicentem
2768 4923 2836 4979 de
2872 4938 3099 4993 persona
3148 4922 3327 4987 Verbi,
3363 4920 3518 4977 Illum

1939 5025 2131 5087 oportet
2168 5031 2404 5082 crescere,
2448 5031 2525 5068 me
2567 5024 2734 5067 autem
2777 5014 2955 5066 minui.
2986 5012 3199 5080 Quare?
3230 5013 3515 5068 Attcnditc.

1940 5107 2226 5176 Apostolus
2250 5105 2396 5169 dicit,
2452 5104 2534 5158 Ea:
2561 5113 2702 5175 parte
2727 5105 2931 5167 scimus,
2974 5113 3021 5157 et
3044 5120 3106 5157 ex
3130 5114 3271 5173 parte
3298 5104 3520 5174 prophe-

1941 5208 2141 5262 tantus;
2166 5213 2279 5251 cum
2306 5206 2472 5250 autem
2498 5197 2680 5249 venerit
2714 5196 2847 5265 quod
2874 5194 3155 5265 perfectum
3174 5204 3264 5260 est,
3291 5195 3428 5263 quod
3459 5212 3522 5249 et:

1939 5299 2084 5358 parte
2104 5295 2177 5343 est
2200 5286 2520 5342 euucuabitur
2544 5285 2587 5356 (l
2620 5284 2735 5340 Car.
2768 5302 2882 5353 xm,
2901 5286 3094 5356 9.10).
3125 5284 3259 5352 Quid
3288 5296 3368 5340 est
3397 5300 3519 5356 pcr-

1939 5380 2176 5436 fectnm?
2200 5379 2266 5433 In
2284 5379 2529 5449 principio
2555 5388 2662 5432 erat
2686 5376 2923 5443 Verbum,
2949 5386 2999 5431 et
3019 5375 3233 5432 Verbum
3257 5387 3361 5431 erat
3381 5376 3520 5445 apud

1938 5472 2123 5540 Deum,
2145 5481 2192 5526 et
2223 5471 2357 5526 Deus
2384 5481 2492 5525 erat
2532 5469 2763 5525 Verbum.
2799 5470 2909 5525 lloc
2937 5478 3018 5525 est
3045 5468 3352 5540 perfectum.
3381 5467 3518 5535 Quid

1937 5572 2021 5619 est
2047 5562 2381 5633 perfectum?
2408 5562 2558 5618 Dicat
2595 5571 2650 5617 et
2675 5559 2948 5631 apostolus
2992 5558 3208 5626 Paulus,
3265 5557 3367 5626 Qui
3402 5574 3516 5614 cum

1938 5655 1989 5709 in
2016 5655 2181 5725 forma
2199 5653 2290 5709 Dei
2308 5664 2452 5720 esset,
2473 5670 2573 5708 non
2594 5653 2825 5724 rapinam
2846 5652 3119 5707 arbitrattts
3139 5660 3211 5706 est
3234 5666 3339 5707 csse
3358 5662 3466 5722 atqu
3475 5667 3537 5705 a-

2010 5834 2022 5864 ·
2063 5832 2253 5897 Aliquot
2268 5839 2398 5896 ηδε»,
2423 5829 2513 5884 nisi
2532 5829 2579 5881 in
2601 5835 2645 5881 te
2657 5826 2796 5895 ﬁeret
2815 5834 2918 5896 post
2938 5842 3113 5881 rorem.
