3926 6188
423 358 556 415 1307

417 473 482 526 lis
515 471 622 527 Deo
647 470 901 544 (Philipp.
930 488 988 538 ii,
1015 468 1091 543 ϐ).
1125 472 1274 527 Hunc
1297 472 1554 543 aequalem
1578 472 1689 528 Deo
1708 471 1874 537 Patri,
1904 472 2003 527 hoc

425 562 651 615 Verbum
681 561 772 616 Dei
809 561 947 631 apud
976 562 1164 622 Deum.
1202 578 1295 635 per
1323 563 1463 633 quod
1494 563 1627 618 facta
1654 571 1779 619 sunt
1801 562 2000 630 omnia,

420 651 712 707 videbimus
751 653 905 709 siculi
934 664 1036 717 est,
1077 655 1168 713 sed
1216 656 1266 709 in
1312 656 1433 710 fine.
1479 654 1613 710 Nam
1654 672 1816 721 nunc,
1861 655 2003 726 quod

416 742 739 813 evangelista
769 742 1001 800 Joannes
1027 744 1179 808 dicit,
1218 763 1237 796 ‹
1278 745 1636 808 Dilectissimi,
1669 744 1761 799 filii
1790 746 1879 800 Dei
1908 761 2002 800 su-

418 849 555 898 mus,
594 842 649 887 ct
677 835 909 888 nondum
940 836 1186 906 apparuit
1214 835 1342 906 quid
1374 836 1591 891 erimus.
1626 837 1997 903 Dilectissimi,

416 925 635 991 scimus,
661 927 785 994 quia
811 942 930 981 cum
965 929 1290 998 apparuerit,
1322 929 1523 983 similes
1547 929 1595 983 ci
1622 929 1840 991 erimus,
1865 943 2001 999 quo-

419 1015 563 1072 niam
587 1015 888 1075 videbimus
911 1034 1033 1073 cuin
1055 1019 1208 1073 sicuti
1236 1028 1315 1074 est
1351 1039 1369 1071 ι
1406 1018 1459 1088 (1
1482 1018 1638 1074 Ιοιιη.
1662 1035 1740 1084 ut,
1767 1020 1843 1090 Ξ).
1878 1020 2003 1075 llzcc

416 1108 550 1162 visio
581 1109 733 1164 nobis
764 1112 1108 1181 promittitur,
1144 1113 1208 1167 ad
1240 1112 1378 1168 hanc
1404 1114 1661 1170 visionem
1691 1116 1995 1181 erudimur,

413 1202 479 1251 ad
509 1198 645 1254 hanc
682 1201 940 1257 visionem
966 1204 1125 1259 corda
1151 1204 1494 1260 mundamus.
1521 1204 1667 1260 Beati
1690 1207 1852 1271 enim,
1882 1208 1997 1262 iii--

414 1291 548 1360 quit,
573 1294 761 1348 mundo
783 1294 951 1360 corde,
971 1298 1206 1367 quoniam
1230 1298 1327 1367 ipsi
1351 1297 1510 1352 Deum
1530 1299 1764 1354 videbunt
1785 1299 1996 1372 (Matth.

412 1401 466 1446 γ,
510 1383 585 1458 8).
634 1386 880 1443 Ostendit
906 1404 1120 1447 carnem
1175 1405 1346 1457 suam,
1399 1393 1631 1448 ostendit
1670 1393 1860 1459 servis,
1903 1393 1999 1448 sed

414 1477 638 1532 formam
666 1481 806 1534 servi
832 1497 846 1545 ;
879 1491 1127 1552 tanquam
1159 1485 1428 1554 propriam
1454 1500 1637 1540 vocem
1659 1500 1830 1551 suam,
1862 1488 2001 1543 inter

415 1569 607 1625 multas
644 1586 822 1638 voces,
867 1588 999 1642 quas
1043 1575 1322 1644 praemisit,
1369 1576 1534 1647 ipsam
1577 1577 1736 1631 etiam
1780 1593 1995 1633 carnem

413 1674 562 1716 suam
594 1662 844 1716 ostendit.
873 1664 1032 1720 Pater
1053 1667 1407 1733 qumrebatur,
1437 1668 1587 1738 quasi
1611 1669 1720 1735 jam
1752 1670 1865 1740 ipse
1887 1671 1996 1726 sic—

415 1752 490 1806 uti
518 1760 601 1807 est
628 1753 895 1809 videretur
930 1775 942 1810 :
979 1757 1069 1825 qui
1107 1758 1324 1827 aqualis
1350 1757 1494 1813 Patri
1523 1758 1707 1826 Filius,
1746 1761 1797 1816 in
1827 1761 1997 1817 forma

414 1842 554 1896 servi
597 1845 767 1898 servis
811 1846 1142 1914 loquebatur.
1193 1847 1424 1910 Domine,
1455 1851 1530 1904 ait
1576 1851 1646 1904 illi
1683 1851 1995 1920 Philippus,

414 1935 619 1990 ostende
657 1937 796 1991 nobis
843 1937 1071 2005 Patrem,
1105 1950 1152 1994 et
1187 1942 1365 2011 sit/ﬁcit
1397 1944 1557 1997 nobis.
1588 1943 1776 2000 Omnis
1820 1945 1998 2001 inten-

416 2024 575 2079 tionis
622 2040 731 2080 smn
782 2026 938 2083 finem
982 2031 1274 2099 qumrebat,
1324 2032 1426 2086 hoc
1463 2042 1564 2099 est,
1602 2034 1870 2104 profectus
1915 2037 1995 2092 sui

415 2116 722 2183 terminum,
768 2134 875 2188 quo
909 2135 1028 2175 cum
1061 2123 1411 2191 pervenisset,
1463 2126 1591 2181 nihil
1621 2128 1850 2197 amplius
1885 2130 1996 2198 jam

415 2206 733 2276 requireret.
757 2210 998 2276 Ostende,
1029 2212 1216 2283 inquit,
1247 2216 1389 2271 nobis
1407 2216 1882 2292 I’atrem,etsuﬂicit
1907 2240 1998 2278 no-

414 2297 507 2351 bis.
552 2297 713 2361 Bene,
740 2299 1000 2371 Philippe,
1036 2302 1194 2372 bene,
1225 2306 1427 2375 optime
1456 2308 1704 2380 intelligis
1731 2312 1870 2381 quod
1903 2314 1998 2369 tibi

416 2386 615 2443 sufficit
640 2390 814 2447 Pater.
860 2393 997 2462 Quid
1039 2404 1124 2451 est
1162 2398 1384 2469 sufficit?
1411 2400 1552 2456 Nihil
1581 2401 1716 2457 ultra
1746 2419 1953 2473 qumvcs
1981 2424 1994 2459 :

416 2479 651 2548 implebit
689 2490 760 2547 te,
790 2485 1004 2539 satiabit
1031 2495 1101 2554 te,
1129 2478 1368 2557 perficiet
1393 2499 1465 2555 te,
1495 2491 1601 2547 Sed
1624 2492 1744 2549 vide
1770 2510 1836 2549 ne
1863 2494 1999 2551 forte

415 2566 644 2626 sufficiat
672 2572 763 2628 tibi
789 2583 843 2628 et
869 2562 973 2630 iste
988 2592 1145 2646 quem
1168 2579 1337 2636 audis.
1370 2581 1525 2639 Solus
1547 2584 1760 2652 sufficit,
1779 2601 1846 2640 an
1876 2602 1996 2642 cum

416 2660 617 2716 Patre?
647 2664 754 2719 Sed
782 2668 1049 2736 quomodo
1077 2671 1245 2737 solus,
1277 2675 1491 2743 quando
1516 2693 1785 2749 nunquam
1826 2680 2001 2738 disce-

414 2752 495 2805 dit
518 2767 548 2806 a
574 2752 773 2810 Patre?
804 2758 941 2829 Ergo
960 2762 1280 2831 respondeat
1296 2758 1542 2839 Philippo
1562 2771 1758 2827 volenti
1785 2772 1996 2831 videre:

416 2842 584 2899 Tanto
623 2856 845 2918 tempore
872 2851 1123 2907 vobiscum
1147 2873 1280 2923 sum,
1313 2868 1359 2912 et
1390 2877 1489 2915 non
1535 2865 1835 2934 cognoristis
1878 2867 2001 2920 me?

420 2933 679 3010 Philippe,
711 2941 797 3011 qui
817 2943 943 3025 vidit
985 2963 1082 3012 ine,
1123 2950 1248 3003 vidit
1276 2960 1322 3006 et
1354 2949 1558 3008 Patrem
1589 2933 1767 3026 (locis.
1795 2975 1908 3023 xw,
1941 2961 1996 3027 8,

415 3028 495 3098 9).
528 3029 666 3098 Quid
696 3018 1093 3108 est,'PhiIippe,
1135 3041 1221 3111 qui
1247 3043 1368 3101 vidit
1399 3061 1493 3110 me,
1528 3018 1648 3100 vidit
1674 3058 1720 3103 et
1752 3018 1956 3107 Patrem

418 3119 544 3187 nisi,
591 3120 670 3177 Tu
715 3140 800 3178 me
830 3143 932 3182 non
964 3130 1161 3195 vidisti,
1196 3133 1314 3188 ideo
1344 3138 1537 3204 qumris
1578 3139 1828 3197 Patrem?
1867 3143 2000 3199 Phi-

415 3209 570 3277 lippe,
619 3214 703 3283 qui
749 3232 828 3270 me
869 3218 1008 3284 vidit,
1040 3221 1162 3275 vidit
1190 3233 1234 3276 et
1266 3223 1489 3280 Patrem.
1524 3228 1603 3284 Tu
1648 3239 1825 3287 autem
1856 3235 2001 3290 vides

418 3316 524 3364 ine.
548 3311 606 3385 et
630 3319 734 3358 non
764 3306 913 3363 vides
940 3325 1044 3365 me.
1076 3310 1191 3369 Non
1222 3316 1369 3372 vides
1393 3319 1534 3375 enim
1559 3337 1645 3378 me
1667 3325 1756 3393 qui
1787 3324 1884 3381 feci
1910 3337 1995 3392 te;

414 3391 508 3446 sed
543 3384 691 3449 vides
710 3397 850 3467 quod
878 3399 1045 3455 factus
1068 3417 1184 3460 sum
1215 3418 1432 3477 propter
1462 3419 1531 3466 te.
1564 3413 1665 3481 Qui
1684 3384 1780 3480 ine,
1806 3416 1996 3489 inquit,

416 3484 558 3550 vidit,
582 3487 703 3542 vidit
728 3499 772 3543 et
792 3484 1019 3548 Patrem.
1050 3493 1222 3564 Unde,
1251 3499 1350 3554 nisi
1377 3502 1496 3568 quia
1520 3505 1572 3557 in
1594 3510 1758 3576 forma
1784 3484 2001 3566 θείειοή

413 3576 649 3647 rapinam
679 3581 949 3637 arbitratus
990 3596 1062 3639 est
1106 3604 1212 3642 esse
1249 3593 1455 3661 (aqualis
1501 3593 1652 3650 Deo?
1693 3598 1826 3667 Quid
1870 3618 2000 3674 ergo

416 3670 693 3742 Philippus
715 3673 959 3730 videbat?
986 3677 1134 3746 Quod
1156 3683 1474 3753 semetipsum
1491 3690 1761 3745 exinanivit
1780 3670 1999 3761 formam

414 3762 542 3815 servi
585 3765 854 3834 accipiens,
904 3768 957 3825 in
1001 3769 1381 3828 similitudinem
1428 3778 1687 3834 hominum
1727 3786 1911 3855 factus,
1953 3797 1999 3841 et

415 3852 586 3907 habitu
614 3856 842 3912 inventus
867 3869 920 3912 ut
951 3861 1100 3917 homo
1141 3862 1396 3937 (Philipp.
1431 3884 1489 3935 ii,
1518 3870 1571 3932 6,
1606 3873 1684 3943 7).
1713 3852 1827 3931 Hoc
1853 3878 1998 3935 vidc-

415 3945 505 3999 hat
533 3946 829 4018 Philippus,
855 3949 1078 4009 formam
1101 3956 1263 4023 sei-vi,
1291 3958 1428 4015 fiber
1450 3960 1657 4027 futurus
1678 3966 1745 4021 ad
1773 3968 1995 4027 formam

414 4035 531 4090 Dei.
574 4037 716 4109 Ergo
758 4043 993 4098 omnium
1044 4061 1234 4103 vocum
1271 4066 1497 4119 persona
1537 4054 1793 4125 Joannes,
1839 4062 1995 4120 Verbi

413 4142 638 4195 persona
685 4130 948 4188 Christus.
982 4134 1179 4194 Omnes
1205 4155 1365 4198 voces
1393 4158 1613 4205 necesse
1640 4157 1726 4205 est
1749 4151 1995 4208 minuan-

414 4227 531 4285 tur,
585 4222 796 4291 quando
861 4226 926 4281 ad
980 4227 1253 4289 Christum
1316 4234 1601 4293 videndum
1668 4245 1992 4312 proficimus.

412 4313 622 4382 Quanto
664 4317 805 4371 enim
839 4320 1051 4389 proficis
1076 4323 1140 4378 ad
1170 4326 1446 4383 videndam
1483 4333 1816 4402 sapientiam,
1851 4348 1997 4396 tanto

413 4403 591 4458 minus
616 4404 706 4459 tibi
733 4422 834 4462 vox
873 4421 956 4465 est
985 4416 1305 4470 necessnria.
1341 4417 1450 4473 Vox
1481 4420 1531 4474 iu
1562 4421 1866 4496 PrOpbetis,
1893 4445 1994 4485 vox

414 4493 465 4544 in
486 4495 773 4562 Apostolis,
802 4513 901 4552 vox
925 4501 978 4554 in
998 4500 1242 4574 Psalmis,
1265 4522 1366 4562 vox
1392 4509 1444 4563 in
1470 4493 1778 4585 Evangelia.
1808 4493 1997 4577 veniat

414 4581 564 4647 illud,
594 4582 659 4638 In
689 4588 937 4657 principio
966 4601 1070 4645 erat
1110 4590 1344 4659 Verbum.
1385 4609 1432 4653 et
1475 4581 1685 4660 Verbum
1724 4621 1830 4665 erat
1854 4616 1996 4684 apud

413 4670 594 4740 Deum,
623 4686 668 4730 et
692 4672 829 4731 Deus
855 4690 962 4733 erat
995 4676 1233 4738 Verbum.
1266 4686 1397 4742 Cum
1427 4706 1549 4747 eum
1578 4697 1865 4757 viderimus
1890 4670 1994 4762 sic—

411 4765 482 4820 uti
522 4777 626 4836 est,
659 4771 914 4842 numquid
964 4773 1034 4829 ibi
1063 4777 1371 4837 recitabitur
1396 4783 1789 4858 Evangeliuin?
1822 4795 1991 4853 Num-

407 4858 533 4928 quid
566 4862 871 4933 prophetias
901 4867 1128 4924 audituri
1160 4875 1383 4930 sumus?
1420 4876 1684 4950 Numquid
1733 4886 1991 4955 Epistolas

407 4955 784 5025 Apostolorum
830 4959 1012 5025 lecturi
1058 4966 1279 5024 sumus?
1317 4968 1529 5038 Quare?
1556 4973 1687 5041 Quia
1734 4979 1991 5039 deficiunt

405 5062 586 5114 voces,
620 5060 893 5107 crescente
931 5056 1094 5112 verbo
1126 5075 1139 5112 :
1172 5062 1294 5130 quia
1319 5059 1480 5118 Illum
1514 5078 1707 5139 oportet
1749 5087 1984 5142 crescere,

407 5159 486 5196 me
519 5152 686 5198 autem
737 5148 913 5202 minui.
963 5149 1030 5204 Et
1061 5150 1290 5210 Verbum
1333 5158 1546 5227 quidem
1590 5177 1685 5231 per
1711 5180 1770 5220 se
1810 5167 1983 5236 ipsum

404 5248 504 5288 nec
526 5235 741 5302 crescit,
770 5253 866 5293 nec
892 5238 1071 5295 deficit
1096 5241 1146 5297 in
1177 5258 1255 5300 se.
1290 5247 1346 5301 In
1368 5249 1520 5306 nobis
1540 5260 1715 5308 autem
1734 5235 1986 5314 crescere

403 5325 616 5393 dicitur,
665 5343 784 5384 cum
827 5331 1150 5400 proﬁciendo
1192 5337 1245 5392 in
1294 5339 1442 5395 illum
1483 5345 1817 5402 crescimus:
1849 5350 1988 5407 sicut

402 5418 597 5473 crescit
625 5418 677 5477 in
706 5421 875 5476 oculis
905 5431 1016 5490 tux,
1045 5438 1165 5480 eum
1200 5429 1316 5484 acie
1343 5433 1747 5492 convalescente
1777 5439 1983 5496 videtur

401 5510 652 5583 amplius,
683 5529 802 5584 quae
820 5514 935 5570 acie
961 5516 1242 5589 languente
1272 5522 1450 5581 minus
1475 5528 1656 5600 utique
1683 5531 1978 5589 videbatur.

402 5599 468 5654 t-Zt
499 5602 673 5661 minor
716 5615 830 5661 erat
858 5609 1026 5665 oculis
1054 5613 1230 5683 :rgris,
1272 5617 1442 5688 major
1470 5599 1763 5681 estoculis
1800 5628 1977 5683 sanis:

399 5706 519 5744 rum
563 5694 675 5764 ipsa
718 5713 812 5766 per
859 5715 918 5755 se
965 5701 1132 5772 ipsam
1162 5721 1261 5762 nec
1288 5719 1412 5766 ante
1457 5712 1732 5770 imminuta
1762 5718 1849 5784 sit,
1884 5735 1981 5775 nec

399 5786 736 5851 postmodum
783 5794 1028 5851 creverit.
1056 5795 1310 5857 Minuitur
1335 5818 1462 5871 ergo
1500 5807 1851 5867 ministerium
1880 5826 1974 5869 vo-

1642 357 1702 415 S.
1744 352 2105 412 AUGUS’I‘iNl
2144 355 2448 415 ιριεαοιιι

3561 370 3707 430 ιῖιω

2108 470 2207 538 cis,
2237 485 2358 527 cuni
2395 471 2453 527 fit
2481 473 2675 529 mentis
2700 473 2971 545 profectus
2997 478 3065 533 ad
3099 478 3353 539 Verbum.
3381 482 3465 538 ita
3486 499 3709 555 oportet

2107 562 2378 618 Christum
2393 556 2660 630 crescere,
2680 565 2942 625 Joannem
2963 580 3142 626 autem
3164 575 3355 631 uniuni.
3380 576 3493 633 Hoc
3511 595 3706 635 eorum

2111 654 2346 710 indicant
2373 658 2669 726 passiones.
2696 657 2831 713 Nam
2857 659 3094 718 Joannes
3119 664 3357 721 minutus
3379 678 3485 735 est,
3528 685 3708 727 usus

2106 747 2317 816 capite;
2347 745 2589 803 Christus
2612 750 2882 807 exalentus
2917 762 3020 818 est,
3055 756 3226 810 crevit
3254 766 3504 827 tanquam
3538 758 3627 832 (α)
3655 764 3706 817 in

2106 853 2287 894 cruce.
2328 838 2439 895 Hoc
2466 855 2653 895 eorum
2685 843 2921 899 indicant
2959 848 3166 903 natales
3202 849 3339 905 dies.
3370 851 3505 907 Nam
3532 870 3565 908 a
3598 855 3705 909 Na-

2109 930 2198 983 tali
2223 929 2443 986 Joannis
2491 932 2753 1003 incipiunt
2789 934 2999 990 dierum
3035 937 3393 1008 detrimenta;
3434 960 3465 997 a
3502 945 3706 1002 Christi

2106 1028 2304 1087 autem,
2350 1033 2677 1078 renovantur
2703 1035 3009 1094 augmenta.

2513 1134 2746 1193 δεηΜο
2768 1137 3120 1197 cccxxxux
3154 1148 3174 1169 ο
3204 1144 3299 1218 (b).

2491 1252 2540 1299 In
2570 1250 2717 1300 Natali
2747 1255 2942 1304 Joannis
2972 1260 3210 1318 Baptista,
3243 1273 3309 1308 ni.

2177 1351 2229 1405 1.
2276 1350 2501 1408 Joannes
2547 1370 2648 1409 non
2698 1357 2806 1410 sine
2848 1374 3001 1412 causa
3046 1368 3152 1414 tam
3195 1363 3494 1419 mirabiliter
3538 1377 3686 1423 natas

2104 1449 2149 1493 et
2190 1450 2293 1495 tant
2333 1459 2565 1513 magnus.
2608 1444 2779 1500 Causa
2827 1447 3099 1504 hodierna:
3134 1452 3362 1507 celebris
3403 1470 3699 1529 congrega-

2109 1531 2272 1587 tionis
2314 1544 2547 1602 noslrae,
2598 1536 2782 1592 Natale
2826 1548 2910 1594 est
2950 1540 3171 1598 Joannis
3209 1545 3497 1616 Baptistae,
3544 1554 3699 1619 cujus

2104 1622 2402 1678 mirabilem
2443 1636 2761 1698 conceptum
2808 1636 2864 1686 ct
2909 1643 3152 1702 partum,
3195 1651 3317 1692 cum
3347 1639 3697 1710 Evangeliusn

2103 1713 2409 1787 legeretur,
2458 1719 2778 1778 audivimus.
2835 1723 3081 1796 Magnum
3113 1732 3461 1800 mysterium,
3506 1732 3698 1790 fratres

2104 1807 2208 1862 mei
2244 1826 2256 1861 :
2290 1821 2461 1885 mater
2489 1806 2709 1871 Joannis
2744 1826 2798 1871 et
2847 1819 3044 1874 sterilis
3078 1831 3193 1877 erat
3230 1832 3284 1878 et
3328 1840 3504 1889 anus,
3550 1838 3700 1897 pater

2104 1912 2297 1967 senex;
2332 1918 2550 1972 prorsus
2591 1906 2643 1960 in
2680 1916 2904 1977 utroque
2931 1910 3212 1981 desperata
3244 1917 3553 1984 posteritas.
3596 1920 3699 1983 Sed

2103 1992 2225 2062 quia
2256 1993 2366 2051 Deo
2396 1996 2725 2069 impossibile
2771 2001 2899 2056 nihil
2928 2013 3040 2069 est,
3096 2008 3389 2075 promissus
3422 2020 3515 2065 est
3560 2012 3697 2067 ﬁlius

2105 2100 2209 2138 non
2237 2086 2499 2143 credenti.
2555 2088 2671 2145 Vox
2699 2091 2875 2148 ablata
2902 2104 2985 2149 est
3012 2097 3182 2164 patri,
3211 2098 3295 2153 cui
3323 2099 3495 2157 defuit
3522 2101 3657 2158 fides
3681 2122 3692 2155 :

2098 2175 2207 2246 jam
2236 2179 2376 2233 enim
2409 2181 2579 2237 fuerat
2603 2185 2860 2255 scriptum
2887 2227 2902 2252 ,
2937 2185 3176 2255 Credidi,
3221 2203 3424 2262 propter
3448 2196 3595 2265 quod
3623 2199 3697 2251 Ιο-

2102 2277 2247 2322 eutus
2273 2285 2386 2322 sum
2416 2268 2587 2343 (Psal.
2614 2289 2736 2342 cxv,
2769 2274 2878 2347 10).
2904 2276 3019 2333 Non
3052 2280 3294 2347 credidit,
3324 2294 3376 2338 et
3402 2299 3514 2340 non
3546 2286 3695 2342 locu-

2107 2366 2189 2411 tus
2216 2368 2317 2414 est.
2351 2359 2560 2419 Interea
2582 2365 2741 2420 etiam
2763 2368 2913 2438 virgo
2938 2372 3216 2441 concepit,
3249 2383 3304 2430 et
3330 2375 3436 2431 hoc
3463 2378 3693 2434 sublime

2105 2448 2417 2507 miraculum
2463 2453 2725 2527 longeque
2772 2463 3135 2529 praestantius.
3206 2466 3453 2538 Concipit
3501 2471 3699 2527 sterilis

2106 2543 2442 2607 prteconem‘,
2477 2545 2626 2617 virgo
2666 2547 2921 2617 judicem.
2975 2550 3209 2609 Joannes
3249 2556 3317 2611 de
3360 2560 3608 2615 masculo
3647 2572 3702 2615 et

2110 2631 2338 2701 femina,
2387 2634 2630 2694 Christus
2658 2639 2726 2696 de
2753 2641 2864 2696 sola
2908 2641 3125 2699 femina.
3173 2646 3585 2719 Comparandus
3620 2662 3704 2708 est

2109 2724 2245 2780 forte
2273 2724 2507 2783 Joannes
2536 2728 2782 2787 Christo?
2809 2732 2982 2789 Absit.
3010 2735 3122 2790 Non
3156 2747 3331 2794 tamen
3364 2739 3563 2797 frustra
3590 2752 3702 2797 tam

2114 2824 2198 2869 ius
2239 2814 2439 2872 tantum
2472 2822 2765 2890 prmeessit.
2816 2825 2871 2881 Si
2914 2827 3091 2892 enim,
3133 2840 3453 2899 potestatem
3483 2838 3698 2892 conatui

2109 2923 2229 2962 meo
2263 2909 2377 2980 ipso
2398 2910 2648 2981 dignantc
2673 2924 2831 2983 atque
2847 2915 3077 2972 donante
3105 2919 3329 2974 Domino
3349 2920 3460 2975 Deo
3486 2940 3577 2978 non
3595 2934 3699 2987 tro.

2108 2990 2328 3065 potuero
2355 3000 2623 3070 explicare
2651 3002 2792 3071 quod
2821 3007 3027 3071 sentio,
3058 3023 3158 3062 nec
3186 3025 3302 3064 mea
3332 3011 3514 3065 vilitas
3542 3014 3701 3071 desc-

2105 3100 2255 3146 rctur
2279 3131 2294 3155 ,
2345 3107 2444 3147 nec
2471 3096 2801 3163 exSpectatio
2833 3108 3007 3152 vestra
3040 3096 3387 3156 fraudabitur.
3432 3101 3492 3157 Si
3521 3113 3701 3160 autem

2107 3182 2280 3237 minus
2308 3194 2529 3263 potuero
2546 3187 2814 3256 explicare
2836 3190 2979 3258 quod
3004 3191 3197 3259 sentio,
3213 3193 3481 3263 snpplebit
3506 3196 3561 3250 in
3582 3212 3703 3252 cor-

2105 3273 2258 3327 dibus
2285 3258 2480 3331 vestris
2508 3275 2766 3333 Dmninns
2800 3278 2938 3334 Deus
2967 3293 3149 3337 noster
3168 3324 3183 3348 ,
3213 3284 3355 3353 quod
3394 3286 3528 3341 mihi
3564 3290 3704 3345 forte

2106 3377 2202 3431 pro
2247 3362 2556 3421 infirmitate
2607 3384 2727 3423 mea
2778 3369 3126 3427 subtraxerit.
3179 3372 3289 3428 Hoc
3334 3375 3459 3430 ideo
3513 3380 3705 3447 pnrlo—

2104 3464 2257 3510 cutus
2285 3470 2438 3524 sum,
2486 3461 2736 3529 quoniam
2784 3462 2916 3532 quid
2965 3465 3121 3520 velim
3162 3466 3376 3533 dicere,
3426 3486 3535 3541 ego
3566 3473 3698 3538 scio,

2107 3560 2200 3600 vos
2230 3548 2446 3603 nescitis
2471 3564 2484 3609 ;
2528 3560 2583 3604 et
2609 3567 2726 3621 qua:
2753 3553 2822 3608 sit
2850 3552 3137 3613 difficultas
3164 3559 3215 3614 in
3244 3563 3573 3633 exponendo
3600 3580 3702 3636 ego

2098 3640 2207 3710 jam
2235 3644 2428 3698 sentio.
2474 3643 2962 3703 Commendandum
2993 3660 3171 3707 autem
3197 3665 3311 3707 erat
3338 3655 3495 3711 vobis
3516 3700 3533 3724 ,
3565 3671 3625 3713 ut
3647 3660 3698 3713 in

2106 3735 2217 3804 ipsa
2238 3736 2540 3793 intentione
2567 3748 2745 3794 vestra
2773 3741 2988 3811 possitis
3018 3760 3172 3801 orare
3202 3761 3297 3815 pro
3322 3746 3506 3803 nobis.

2170 3827 2227 3883 2.
2267 3828 2491 3885 Joannes
2533 3831 2682 3886 homo
2720 3842 2944 3902 tantum,
2992 3835 3222 3893 Christus
3261 3838 3401 3895 Deus
3432 3852 3483 3896 et
3522 3844 3698 3898 homo.

2104 3916 2381 3974 llomincm
2410 3923 2654 3990 concepit
2684 3923 2955 3979 Elisaheth
2978 3967 2993 3993 ,
3038 3927 3307 3985 hominem
3340 3932 3506 3987 Maria
3538 3952 3552 3987 :
3584 3935 3698 3990 Eli-

2103 4010 2287 4064 sabeth
2320 4020 2491 4067 mater
2516 4011 2737 4067 Joannis
2757 4057 2772 4080 ,
2804 4013 2964 4071 Maria
2996 4029 3167 4074 mater
3193 4018 3388 4078 Christi
3421 4041 3437 4078 :
3466 4027 3562 4080 sed
3594 4027 3705 4081 Eli-

2101 4100 2287 4154 saheth
2329 4102 2502 4158 solum
2545 4102 2849 4176 hominem,
2904 4107 3065 4165 Maria
3107 4111 3272 4167 Deum
3303 4123 3357 4167 et
3396 4114 3700 4173 hominem.

2101 4189 2227 4245 Mira
2257 4208 2343 4247 res
2369 4203 2486 4263 est,
2535 4197 2803 4266 quomodo
2850 4204 3081 4270 potuerit
3117 4206 3401 4275 Concipere
3445 4220 3701 4265 creatura

2099 4280 2428 4338 Creatorem.
2452 4285 2587 4353 Quid
2613 4297 2689 4341 est
2719 4304 2846 4360 ergo
2871 4290 3266 4363 intelligendum
3293 4338 3307 4361 ,
3340 4298 3534 4356 fratres
3564 4304 3699 4362 mei.

2101 4371 2200 4426 nisi
2239 4373 2360 4443 quia
2406 4374 2518 4444 ipse
2561 4377 2660 4430 sibi
2690 4377 2814 4433 fecit
2853 4396 3068 4437 carnem
3107 4383 3175 4439 de
3202 4387 3314 4440 sola
3343 4401 3556 4455 matre,
3608 4395 3701 4463 qui

2102 4461 2227 4517 fecit
2253 4465 2478 4536 primum
2507 4466 2777 4524 hominem
2804 4470 2919 4526 sine
2950 4482 3099 4542 patre
3136 4485 3190 4531 ct
3213 4480 3434 4536 matre?
3482 4481 3697 4540 Primus

2101 4553 2191 4608 ille
2219 4564 2401 4610 noster
2428 4572 2583 4613 casus
2607 4559 2704 4615 fuit
2726 4603 2740 4628 ,
2773 4563 2983 4633 quando
3011 4562 3204 4622 femina
3234 4585 3333 4639 per
3361 4589 3522 4643 quam
3540 4593 3701 4633 nios-

2101 4647 2177 4700 tui
2208 4663 2424 4712 sumus,
2456 4650 2510 4705 in
2550 4652 2711 4707 corde
2738 4655 2983 4727 concepit
3007 4673 3207 4735 venena
3234 4666 3530 4733 serpentis.
3560 4668 3697 4723 Per-

2099 4739 2266 4793 suasit
2303 4741 2443 4795 cnim
2483 4758 2705 4813 serpens
2739 4758 3035 4816 peccatum,
3067 4758 3120 4804 ct
3148 4750 3420 4810 admissus
3444 4768 3530 4812 est
3554 4762 3697 4815 male

2098 4829 2346 4885 suadens.
2398 4831 2453 4887 Si
2505 4833 2706 4902 primus
2746 4845 2928 4893 noster
2965 4852 3123 4895 casus
3163 4839 3295 4911 fuit,
3342 4862 3466 4901 cum
3497 4849 3693 4904 femina

2097 4931 2342 4993 concepit
2384 4926 2548 4982 corde
2592 4943 2797 4984 venena
2863 4935 3159 5001 serpentis;
3220 4953 3325 4991 non
3381 4942 3692 4998 mirandum

2096 5015 2236 5085 quod
2268 5018 2414 5071 salus
2458 5029 2637 5073 nostra
2683 5020 2816 5076 facta
2868 5033 2988 5091 est,
3030 5042 3153 5083 cum
3200 5028 3399 5086 femina
3444 5038 3696 5105 concepit

2096 5103 2148 5157 in
2194 5114 2347 5161 utero
2394 5123 2609 5164 carnem
2660 5110 3073 5184 Omnipotcntis.
3127 5116 3370 5192 Uterque
3419 5103 3694 5184 ceciderat

2095 5210 2253 5251 sexus
2274 5238 2289 5263 ,
2328 5206 2553 5270 uterque
2585 5202 2758 5258 fuerat
2788 5208 3134 5276 rcparandus.
3189 5211 3291 5268 Per
3320 5217 3605 5272 mulieri-ni
3638 5220 3691 5272 ia

2084 5285 2364 5342 interitum
2389 5291 2534 5346 missi
2567 5307 2809 5362 eramus,
2861 5312 2955 5367 per
2992 5302 3268 5358 mulierem
3299 5307 3456 5365 nobis
3478 5310 3689 5366 reddita

2091 5387 2175 5434 est
2203 5380 2365 5436 salus.
2942 5398 3008 5423 βλ

2162 5472 2214 5528 5.
2245 5471 2469 5530 Joannes
2511 5488 2611 5531 tant
2638 5481 2884 5537 excellens
2912 5484 3061 5543 homo
3081 5526 3095 5554 ,
3128 5499 3181 5543 ut
3210 5488 3443 5549 Christus
3485 5508 3687 5563 putan-

2090 5574 2190 5620 tur.
2219 5566 2436 5623 Joannis
2463 5572 2525 5625 de
2553 5588 2607 5626 se
2632 5572 2743 5645 ipso
2765 5593 2824 5630 ac
2841 5578 2903 5634 de
2927 5577 3124 5636 Christo
3149 5584 3515 5645 mummium.
3543 5591 3682 5656 Quid

2150 5700 2168 5780 ς
2192 5708 2447 5780 correctus
2468 5703 2592 5780 add.
2620 5704 2681 5780 cl.
2705 5720 2796 5757 rm.
2823 5717 2857 5759 t.
2886 5720 2936 5762 et
2968 5714 3027 5762 ad
3047 5718 3181 5780 \‘gn.

2151 5761 2223 5826 (ᾳ)
2256 5769 2412 5826 t-‘ortc,
2434 5765 2715 5817 exstinctus.

2151 5822 2220 5882 (fi)
2254 5822 2451 5884 Alias.'3
2477 5828 2604 5880 inter
2631 5829 2953 5892 vigncrianos.
