3926 6188
264 533 373 589 sibi
410 544 542 604 ergo
578 532 690 590 vnit
733 530 1011 589 Joannes?
1061 531 1217 588 Unde
1264 531 1654 602 interpositus?
1696 530 1841 585 nudo

260 622 606 693 ιπειοιιιιεαιςῖ
628 621 807 679 [licam
832 623 879 679 sl
914 632 1159 693 palmo.
1197 622 1453 677 Dominus
1475 630 1662 677 noster
1686 620 1845 675 Jesus

258 718 507 773 Christus
553 716 621 774 de
647 717 855 774 Joanne
894 716 1071 772 dixit:
1105 714 1172 771 In
1215 717 1351 771 natis
1398 715 1666 770 mulierum
1695 726 1848 768 nano

256 809 543 864 usum-it
566 809 731 881 major
770 808 975 862 Joanne
1011 806 1244 877 Baptista
1269 806 1482 878 (lauit.
1511 822 1563 861 ιι
1584 849 1601 867 ,
1629 806 1740 874 ll).
1786 805 1846 859 Si

258 910 601 968 comparetur
631 899 935 954 hominibus
981 898 1253 965 Joannes,
1292 912 1481 953 omnes
1516 904 1733 964 superat
1757 895 1847 951 ille

256 990 444 1057 homo,
472 1004 579 1046 non
609 1004 732 1046 eum
756 991 920 1045 vincit
943 990 1046 1045 nisi
1074 984 1215 1045 Deus
1238 989 1423 1044 homo.
1454 988 1687 1045 Joannes
1712 1000 1847 1055 pran-

258 1083 456 1138 ntissus
480 1091 564 1137 est
596 1091 722 1137 ante
762 1078 1067 1138 Dominum.
1111 1076 1281 1136 Tanta
1325 1079 1378 1134 in
1412 1080 1506 1133 illo
1530 1074 1846 1133 excellentia

257 1178 377 1226 erat
393 1212 411 1240 ,
445 1181 588 1227 tanta
607 1172 776 1244 gratis
793 1213 808 1239 ,
841 1180 901 1227 nt
926 1173 1040 1242 ipse
1069 1174 1285 1242 pomus
1307 1170 1378 1226 sit
1394 1168 1664 1223 Christus.
1690 1166 1847 1223 Chri-

257 1273 399 1319 stutn
425 1265 568 1320 enim
598 1264 980 1334 exspectabant
1004 1260 1211 1327 Judazi;
1239 1261 1362 1332 quia
1391 1266 1448 1316 et
1475 1259 1526 1315 in
1556 1259 1687 1330 ipsis
1717 1258 1848 1313 Pro-

256 1356 436 1426 pltetis
456 1396 472 1420 ,
500 1370 636 1426 quos
667 1365 723 1411 et
749 1354 851 1427 ipsi
878 1359 1141 1426 legerunt,
1171 1353 1556 1423 praenuntiatus
1582 1360 1664 1407 est
1694 1349 1848 1405 Chri-

259 1458 398 1502 stus.
429 1445 821 1518 Exspectabam
843 1448 1136 1511 absentem,
1159 1446 1469 1503 occiderunt
1493 1453 1841 1515 prmsentem:

261 1554 389 1595 cum
417 1547 602 1609 putant
628 1552 735 1593 non
759 1552 881 1595 esse
909 1540 1104 1608 ipsum,
1135 1536 1446 1594 defecerunt
1472 1538 1593 1605 Ipsi,
1620 1543 1676 1590 ct
1699 1546 1849 1590 man.

257 1631 331 1685 sit
351 1630 485 1699 ipse.
530 1627 643 1684 Non
672 1641 847 1685 tamen
879 1645 1070 1685 attines
1090 1628 1398 1685 defecerunt
1417 1666 1433 1695 ,
1472 1637 1528 1685 et
1556 1627 1623 1683 de
1648 1624 1847 1682 Judteis

259 1722 416 1777 multi
436 1720 803 1776 crediderunt.
836 1721 979 1791 Ergo
996 1722 1118 1792 quia
1145 1720 1391 1777 Christus
1411 1718 1843 1790 exspectabatur;

256 1811 436 1869 videte
457 1811 680 1883 gloriam
704 1810 926 1867 Joannis
957 1824 1120 1868 :cum
1146 1812 1288 1867 enim
1321 1812 1373 1865 in
1413 1808 1505 1865 illo
1539 1810 1845 1865 advertere-

257 1911 345 1957 tur
375 1911 519 1959 tanta
541 1903 711 1973 gratia
736 1943 752 1970 ,
799 1915 924 1959 cum
966 1902 1261 1973 baptisaret
1302 1902 1355 1956 in
1397 1899 1744 1973 penitentia,
1793 1908 1848 1956 et

256 2002 470 2065 pararet
497 1993 636 2048 viam
669 1992 893 2047 Domino
928 1993 1073 2047 velut
1111 1993 1420 2062 prtemissus
1448 1999 1679 2047 metator
1697 2031 1713 2055 ,
1741 1989 1845 2044 uti-

255 2093 444 2141 serunt
466 2084 534 2139 ad
559 2085 705 2140 illum
721 2083 914 2152 Judaei,
945 2092 998 2139 et
1022 2085 1292 2148 dixerunt,
1340 2083 1466 2149 Quis
1484 2100 1537 2137 es
1560 2084 1654 2139 tu?
1681 2081 1848 2136 Nunt-

254 2177 379 2247 quid
404 2187 458 2230 ιιι
496 2175 676 2242 Elius,
702 2185 792 2230 aut
818 2177 1102 2247 praplteta?
1136 2185 1223 2229 aut
1248 2185 1302 2229 tu
1336 2192 1386 2229 es
1411 2173 1681 2230 Christus?
1725 2171 1847 2228 Non

254 2283 368 2322 sunt
390 2305 408 2334 ,
442 2268 632 2337 inquit,
658 2264 906 2332 Christus,
937 2282 1028 2321 nec
1052 2265 1218 2332 Elius,
1247 2283 1337 2321 nec
1360 2266 1626 2337 propheta.
1668 2263 1738 2318 Et
1770 2273 1845 2332 tu,

256 2359 540 2430 inquiunt,
569 2360 680 2430 quis
702 2359 797 2414 es?
827 2358 940 2430 Ego
970 2376 1083 2413 sunt
1101 2400 1117 2425 ,
1152 2359 1359 2429 inquit,
1389 2374 1486 2413 vox
1512 2358 1777 2413 clamantis
1795 2357 1850 2410 in

256 2465 431 2505 eremo
471 2447 651 2520 (lauit.
692 2465 747 2514 ι,
790 2450 1008 2521 21-25).
1051 2448 1287 2505 Joannes
1327 2448 1604 2519 respondit
1648 2446 1850 2502 Judaeis

255 2543 625 2614 quaerentibus
647 2543 767 2613 quis
791 2551 972 2609 esset,
1013 2552 1071 2597 et
1106 2542 1218 2612 jam
1248 2549 1436 2612 putare
1476 2540 1850 2611 incipientibus

260 2636 405 2706 quod
432 2636 547 2705 ipse
570 2644 716 2691 esset
741 2635 1005 2701 Christus,
1038 2632 1151 2706 Ego
1175 2650 1274 2689 eoa:
1293 2634 1561 2689 clantantis
1585 2634 1640 2687 in
1660 2647 1846 2686 eretno.

260 2728 537 2793 Audistis,
576 2728 621 2782 si
662 2727 851 2782 intenti
891 2727 1089 2790 fuistis.
1132 2707 1416 2782 lectionem
1463 2723 1847 2795 propheticum,

260 2837 382 2891 qua:
416 2822 590 2892 primo
615 2824 834 2877 recitata
861 2828 963 2877 est.
1000 2819 1077 2874 Ibi
1101 2818 1357 2888 scriptum
1385 2826 1469 2874 cst
1501 2836 1515 2874 :
1550 2836 1571 2871 ‹
1603 2816 1715 2873 Vos
1742 2818 1852 2872 cla-

264 2914 460 2968 mantis
485 2913 538 2967 in
569 2925 790 2980 ereum,
822 2911 1012 2966 Parate
1038 2910 1176 2964 viam
1208 2909 1463 2977 Domino,
1495 2917 1669 2964 rectas
1695 2908 1851 2963 facite

258 3007 484 3062 semitas
509 3005 646 3076 eius.
674 3004 863 3060 Omnis
884 3005 1036 3059 vallis
1063 3002 1387 3074 implebitur,
1419 3011 1475 3057 et
1501 3002 1677 3058 omnis
1690 3016 1850 3059 mons

260 3107 319 3152 et
340 3097 493 3153 collis
527 3096 933 3156 liumiliabitur.
978 3104 1031 3150 et
1070 3103 1228 3150 erunt
1266 3103 1500 3149 tortuosa
1543 3093 1596 3147 in
1623 3092 1847 3162 directa,

259 3199 313 3245 et
333 3205 521 3260 aspera
547 3190 600 3243 in
628 3191 741 3242 vias
772 3188 991 3257 planas;
1036 3195 1092 3242 et
1112 3185 1313 3241 videbit
1340 3186 1515 3240 omnis
1549 3174 1677 3240 caro
1701 3185 1849 3240 salu-

260 3292 376 3337 tarc
417 3282 530 3336 Dei.
562 3300 581 3333 ι
634 3280 838 3335 Deinde
870 3280 1004 3334 dixit
1047 3278 1301 3335 Dominus
1345 3293 1444 3349 per
1489 3278 1847 3349 Prophetam:

259 3371 551 3437 Exclamo,-
578 3381 623 3425 et
651 3369 758 3426 dixi
780 3410 798 3436 ,
848 3368 983 3437 Quid
1017 3370 1309 3426 exclamatio
1329 3371 1356 3425 ?
1399 3370 1465 3425 Et
1490 3370 1747 3426 Dominus
1774 3369 1848 3424 ibi

258 3463 400 3533 apud
423 3461 747 3533 Prophclam
782 3479 794 3514 :
831 3460 1007 3516 Omnis
1036 3478 1155 3516 caro
1185 3462 1387 3532 fenum,
1432 3472 1481 3516 et
1509 3462 1671 3518 omnis
1696 3462 1849 3516 clari-

262 3566 344 3609 tas
386 3553 553 3609 carnis
582 3564 634 3608 ut
672 3555 769 3625 ﬂos
813 3554 918 3624 feni
945 3569 964 3607 :
987 3556 1158 3625 fenum
1206 3555 1373 3623 aruit,
1412 3565 1459 3609 et
1501 3557 1599 3627 flos
1629 3553 1851 3620 decidit;

270 3644 491 3702 Verbum
536 3657 704 3701 autem
752 3644 959 3701 Domini
998 3656 1165 3701 manet
1213 3647 1267 3701 in
1310 3656 1551 3700 teter-num
1577 3644 1727 3718 (Isat.
1760 3661 1849 3710 xt.,

271 3738 419 3813 3-8).
447 3738 680 3794 Joannes
704 3732 872 3804 dixit,
904 3735 1015 3808 Ego
1035 3752 1132 3790 vox
1160 3735 1427 3790 clamantis
1450 3737 1502 3789 in
1523 3752 1707 3798 eremo,
1747 3734 1854 3789 Pa-

270 3839 378 3884 rare
403 3831 535 3885 riam
562 3827 782 3883 Domino
809 3842 827 3882 :
854 3826 959 3882 hoc
982 3835 1060 3881 est
1092 3825 1297 3890 dicere,
1333 3825 1407 3881 De
1429 3840 1516 3880 me
1544 3825 1851 3897 praedictum

264 3929 348 3976 est
384 3930 415 3974 a
454 3919 719 3989 Propheta
769 3914 913 3988 quod
952 3931 1052 3988 ego
1093 3914 1299 3971 iuturus
1334 3931 1480 3971 eram
1525 3916 1760 3972 clamans
1800 3918 1851 3971 in

267 4024 473 4068 eremo.
521 4011 604 4066 Ad
648 4008 910 4066 Joannem
958 4024 1086 4080 ergo
1131 4009 1364 4079 pertinet
1403 4008 1622 4075 dicere,
1676 4006 1855 4064 Omnis

264 4116 385 4156 caro
415 4102 608 4172 fenum,
641 4111 688 4156 et
716 4101 879 4155 omnis
901 4100 1106 4154 claritas
1132 4100 1298 4153 carnis
1317 4100 1481 4169 utﬂos
1508 4100 1610 4172 feni
1638 4116 1656 4154 :
1682 4099 1857 4171 fenum

264 4194 398 4247 aruit
419 4234 434 4259 ,
468 4202 516 4247 et
545 4191 642 4264 [los
671 4191 901 4257 decidit;
936 4187 1156 4245 Verbum
1181 4199 1347 4243 autent
1374 4190 1579 4243 Domini
1618 4199 1783 4244 manet
1803 4190 1857 4244 in

265 4295 530 4338 meritum.
566 4281 800 4338 Verbum
826 4281 1124 4352 concipitur
1160 4281 1212 4336 iu
1252 4289 1407 4337 utero
1442 4281 1693 4353 virginis;
1742 4282 1857 4339 cla-

270 4386 382 4431 mat
412 4375 468 4431 in
506 4388 687 4432 eremo
718 4391 817 4430 vox
856 4372 1114 4431 Verbum.
1161 4372 1274 4429 Vox
1311 4373 1356 4429 si
1382 4374 1602 4429 verbum
1629 4391 1735 4431 non
1764 4377 1852 4443 sit,

266 4468 521 4538 strepitus
555 4466 869 4543 estlaurium
914 4465 1082 4532 forte;
1129 4482 1253 4521 nam
1298 4482 1397 4523 nec
1432 4464 1535 4523 hoc
1571 4465 1710 4524 forte
1752 4467 1857 4523 dici

270 4568 476 4631 posset.
503 4559 680 4614 Omne
708 4559 927 4615 verbum
956 4574 1058 4613 vox
1079 4601 1095 4625 ,
1132 4543 1241 4614 non.
1282 4558 1457 4614 omnis
1484 4575 1586 4615 vox
1611 4560 1854 4616 verbum.

270 4650 333 4708 Si
348 4652 519 4709 homo
545 4667 641 4707 ore
666 4658 884 4722 patente
909 4651 1104 4706 clamet
1123 4659 1378 4722 quantum
1408 4660 1602 4722 potcst,
1628 4668 1733 4707 vox
1753 4661 1856 4721 est,

269 4745 494 4800 verbum
538 4759 645 4799 non
687 4750 789 4812 est.
836 4741 968 4809 Quae
1016 4751 1100 4797 est
1139 4750 1317 4797 autem
1358 4757 1460 4798 vox
1507 4760 1626 4814 qua:
1665 4744 1861 4801 dicitur

272 4834 531 4890 verbum?
558 4834 655 4890 Ubi
688 4832 1002 4903 intelligitur
1028 4832 1249 4902 aliquid,
1282 4847 1381 4889 vox
1408 4834 1713 4906 signiﬁcans
1742 4852 1859 4891 ver-

272 4928 400 4983 lnnn
429 4934 530 4981 est.
558 4925 665 4982 Sed
687 4941 813 4981 ecce
838 4923 1061 4980 necdum
1084 4932 1261 4990 sonat,
1281 4923 1459 4980 dicere
1487 4936 1607 4981 voto
1633 4926 1855 4997 aliquid,

266 5020 379 5090 jam
407 5017 626 5072 verbum
654 5016 812 5073 estin
842 5014 1004 5071 corde
1035 5030 1177 5070 meo.
1226 5012 1462 5071 Verbum
1487 5025 1570 5071 est
1596 5018 1647 5072 in
1674 5017 1856 5084 corde,

267 5120 326 5175 et
370 5108 606 5165 nondum
654 5123 755 5163 vox
804 5107 855 5162 in
899 5122 1014 5162 ore.
1071 5105 1258 5162 Potest
1301 5121 1431 5177 ergo
1472 5121 1593 5164 esse
1637 5109 1859 5166 verbum

270 5204 393 5259 sine
420 5216 576 5269 voce,
598 5211 653 5256 et
681 5208 856 5271 potest
878 5214 998 5255 esse
1024 5214 1121 5254 vox
1150 5199 1267 5254 sine
1289 5198 1472 5256 verbo.
1505 5200 1656 5257 Adde
1674 5216 1859 5257 vocem

276 5292 449 5351 verbo
468 5336 482 5360 ,
516 5293 761 5365 procedit
786 5292 839 5347 in
866 5292 1105 5347 notitiam
1128 5292 1369 5348 verbum.
1394 5293 1531 5363 Quid
1556 5310 1682 5366 ergo
1705 5294 1862 5351 Citri-

277 5395 395 5441 stus
435 5383 503 5441 ad
547 5382 804 5440 Mariam?
848 5382 1082 5439 Verbum
1125 5383 1416 5439 occultum.
1458 5385 1734 5441 Prtemissa
1778 5394 1865 5443 est

271 5490 381 5534 vux
419 5487 476 5532 ut
516 5476 849 5548 prmcederet
870 5474 1122 5531 Verbum.
1153 5474 1292 5542 Quid
1327 5485 1410 5532 est
1445 5476 1716 5534 Joannes?
1754 5478 1865 5534 Vua:

273 5570 542 5624 clamantis
579 5568 633 5622 in
662 5584 848 5622 eremo.
906 5566 1042 5635 Quid
1074 5577 1158 5621 est
1193 5566 1475 5624 Christus?
1519 5568 1585 5623 In
1613 5572 1864 5643 principio

275 5671 384 5716 erat
409 5656 626 5715 Verbum
656 5657 836 5730 (Joan.
861 5672 899 5726 I,
930 5656 1005 5729 ι).
1032 5657 1173 5727 Quid
1201 5667 1255 5714 tu
1274 5659 1413 5715 vox?
1441 5660 1567 5732 quid
1594 5670 1648 5717 tu
1666 5658 1864 5718 homo?

285 5754 465 5809 Omnis
490 5768 609 5806 anno
637 5751 845 5821 fenum,
889 5759 936 5805 et
977 5750 1141 5805 omnis
1183 5735 1390 5805 ciaritas
1429 5753 1644 5807 hominis
1683 5764 1734 5808 nt
1769 5755 1865 5823 flos

286 5840 393 5906 [cui
419 5862 433 5899 :
462 5850 633 5918 [cuum
659 5846 793 5900 aruit
817 5886 832 5914 ,
865 5854 910 5899 et
943 5844 1039 5915 ﬂos
1068 5844 1277 5900 decidit:
1327 5845 1538 5903 Verbum
1566 5858 1733 5906 autent
1763 5847 1863 5904 Dos

1581 408 1806 474 ’δι-εωιο
1841 411 2219 473 ςειχχχιι.

3402 422 3535 480 «διο

1953 528 2078 585 nnni
2102 538 2273 586 manet
2313 533 2367 586 in
2395 542 2656 587 ctsrnum.
2689 533 2837 590 Tene
2883 545 2934 590 te
2969 533 3038 588 ad
3060 532 3325 600 Verbum;
3362 552 3458 606 pm
3486 548 3537 592 te

1953 623 2100 677 enim
2149 624 2387 693 suscepit
2426 623 2606 681 fenum
2642 622 2892 682 Verbum.
2937 613 3266 681 Incantatnut
3308 626 3539 685 Verlnnn

1953 714 2215 771 Christus.
2253 716 2359 772 Sed
2400 719 2564 771 anatis
2599 733 2720 772 caro
2748 722 2920 789 fenum
2944 760 2959 784 ,
2988 729 3034 772 et
3057 722 3219 775 omnis
3240 722 3399 775 honor
3423 738 3539 776 car-

1953 805 2035 858 nis
2068 814 2126 858 st
2147 804 2246 874 ﬂos
2290 807 2393 876 feni
2424 822 2444 861 :
2467 816 2873 863 contemnamus
2904 810 3186 879 praesentia
3207 852 3222 875 ,
3264 822 3543 881 speremus

1952 897 2149 951 Mum.
2185 896 2365 953 Omnis
2388 900 2537 955 vallis
2562 901 2870 972 implebitur,
2899 904 3071 955 omnis
3098 900 3372 958 humilitas
3398 904 3546 971 exal-

1955 989 2156 1044 tabitttr
2183 1007 2198 1044 :
2233 999 2281 1044 et
2307 993 2471 1047 omnis
2507 1009 2681 1057 mons,
2708 1001 2753 1047 et
2778 993 2922 1046 collis
2959 992 3338 1059 Itttmiliabitur,
3367 993 3545 1050 otnnis

1953 1081 2202 1150 superbia
2231 1081 2530 1152 dejicietur.
2568 1084 2783 1153 Depone
2809 1092 3018 1138 montes
3038 1126 3052 1149 ,
3087 1084 3250 1155 imple
3272 1084 3462 1153 valles,
3489 1095 3545 1139 et

1953 1171 2091 1229 facta
2106 1182 2193 1229 est
2220 1177 2392 1245 campi
2433 1177 2728 1246 aequalitas.
2758 1177 2831 1230 Da
2857 1178 2983 1231 mihi
3008 1177 3199 1232 divites
3225 1186 3278 1232 et
3308 1177 3543 1231 bonora-
3567 1233 3574 1240 ,

1953 1271 2038 1318 tos
2062 1263 2130 1318 de
2155 1264 2286 1321 dore
2312 1265 2455 1336 feni;
2505 1267 2604 1335 ipsi
2636 1267 2851 1322 audiant
2873 1309 2888 1334 ,
2924 1266 3064 1322 Dens
3087 1268 3315 1337 superbis
3334 1266 3541 1334 resistit,

1952 1354 2229 1411 mulius
2250 1366 2417 1411 autem
2458 1357 2547 1411 dat
2587 1358 2804 1429 gratiam
2837 1358 3037 1431 (Jacobi
3063 1374 3145 1423 tv,
3169 1360 3245 1430 6).
3304 1359 3376 1413 Da
3412 1358 3543 1415 mihi

1951 1462 2217 1518 pauperes
2245 1444 2559 1520 desperatos
2584 1492 2597 1517 ,
2629 1452 2875 1506 conscios
2900 1450 3221 1505 inﬁrmitatis
3248 1466 3393 1516 suae;
3437 1466 3542 1507 non

1951 1538 2270 1609 desperent,
2300 1541 2525 1595 credant
2561 1542 2612 1594 in
2641 1555 2764 1596 eum
2793 1542 2882 1612 qui
2910 1542 3055 1597 venit
3077 1553 3297 1611 propter
3328 1558 3540 1598 omnes.

1955 1629 2033 1683 Illi
2058 1631 2331 1702 erigantur
2350 1673 2366 1696 ,
2396 1631 2469 1687 illi
2502 1642 2832 1702 premantur.
2867 1630 3139 1688 Venturus
3170 1633 3258 1689 ille
3287 1648 3537 1704 campum

1952 1721 2209 1790 inveniat,
2243 1737 2351 1778 nos)
2379 1724 2611 1794 lapidem
2634 1726 2721 1780 ubi
2745 1724 2933 1795 pedem
2962 1725 3217 1780 oll’endat.
3251 1725 3373 1781 ideo
3401 1726 3543 1780 enim

1951 1812 2166 1868 dicebat
2215 1814 2332 1883 ipse
2378 1814 2655 1882 Joannes,
2711 1815 2905 1869 Parate
2946 1817 3080 1870 uiam
3125 1815 3389 1878 Domino;
3436 1832 3543 1870 non

1952 1905 2123 1970 mihi,
2167 1905 2263 1961 sed
2303 1906 2571 1973 Domino;
2622 1922 2652 1962 a
2680 1922 2788 1978 quo
2832 1909 3028 1963 missus
3068 1921 3223 1977 sum,
3270 1922 3378 1964 non
3403 1908 3545 1978 quod

1948 2008 2067 2067 ego
2087 2006 2236 2050 sum:
3088 2003 3093 2009 ’

2022 2088 2075 2141 4.
2108 2086 2338 2144 Joannes
2379 2090 2600 2145 nominis
2637 2087 2825 2146 Christi
2867 2092 3134 2163 superbam
3168 2094 3546 2163 usurpationem

1951 2187 2109 2232 cauet.
2156 2178 2264 2234 Sed
2307 2179 2494 2234 dicunt
2529 2180 2741 2248 Judci,
2782 2180 3053 2252 Numquid
3091 2193 3147 2236 ttt
3180 2200 3235 2237 es
3275 2181 3547 2237 Christus?

1953 2269 2063 2324 ista
2087 2269 2130 2323 si
2155 2285 2261 2323 non
2289 2281 2437 2326 esset
2458 2272 2615 2327 vallis
2640 2273 2929 2342 implenda,
2951 2273 3045 2328 sed
3073 2288 3229 2330 mons
3259 2273 3514 2329 bumilian
3534 2305 3547 2316 -

1953 2360 2056 2416 dus
2079 2402 2094 2424 .
2128 2362 2410 2418 invenerat
2446 2364 2781 2418 occasionem
2809 2364 3130 2433 decipiendi.
3179 2365 3256 2420 Illi
3283 2367 3423 2420 enim
3453 2381 3547 2419 au-

1952 2451 2073 2507 dire
2097 2451 2167 2507 ab
2205 2467 2272 2507 eo
2312 2452 2562 2509 volebant
2597 2453 2739 2524 quod
2784 2456 3084 2509 crederent.
3141 2454 3367 2509 Tantum
3403 2455 3547 2511 enim

1953 2542 2289 2598 mirabantur
2312 2544 2431 2613 ejus
2466 2544 2713 2614 gratiam,
2746 2552 2804 2600 ut
2828 2544 2971 2616 quod
2993 2546 3216 2613 diceret,
3247 2548 3363 2602 sine
3387 2546 3548 2602 dubio

1953 2634 2256 2691 crederent.
2286 2637 2427 2693 Ecce
2462 2636 2740 2693 invenerat
2766 2638 3101 2693 occasionem
3126 2637 3429 2708 decipiendi
3454 2652 3548 2708 ge-

1954 2729 2101 2782 neris
2126 2726 2345 2782 humaui
2375 2744 2389 2780 :
2422 2729 2467 2783 si
2502 2728 2741 2797 diceret,
2769 2726 2881 2799 Ego
2911 2742 3030 2784 sum
3060 2728 3329 2793 Christus,
3362 2729 3549 2783 erute-

1953 2828 2078 2875 rent
2102 2820 2201 2875 illi.
2231 2820 2289 2876 Si
2313 2821 2544 2892 jactarct
2569 2838 2628 2878 se
2658 2836 2753 2893 per
2778 2837 2973 2879 nomen
3000 2821 3233 2877 alienum
3252 2866 3266 2890 ,
3296 2824 3549 2893 perderet

1955 2913 2206 2967 meritam
2256 2915 2550 2984 proprium.
2606 2914 2663 2971 Si
2708 2915 2937 2986 iactaret
2983 2929 3043 2971 se
3086 2917 3238 2987 quasi
3281 2915 3545 2984 Christus,

1954 3016 2139 3059 nonne
2167 3004 2281 3074 ipse
2307 3005 2406 3059 sibi
2437 3005 2804 3076 responderet,
2837 3005 2974 3075 Quid
3004 3016 3054 3061 te
3092 3005 3341 3061 extollis?
3369 3006 3548 3062 Omnis

1953 3108 2077 3147 care
2100 3094 2272 3163 fenum
2291 3137 2307 3162 ,
2334 3106 2381 3149 et
2413 3096 2622 3151 claritas
2657 3098 2767 3168 ejus
2791 3107 2845 3150 ut
2880 3098 2979 3168 ﬂos
3009 3098 3112 3168 feni
3138 3114 3158 3152 :
3187 3103 3361 3169 fenum
3389 3100 3545 3165 aruit,

1952 3185 2052 3254 ﬂos
2075 3183 2281 3240 decidit.
2324 3186 2564 3257 intelligo
2603 3187 2729 3257 quid
2761 3195 2940 3243 manet
2969 3188 3022 3242 in
3060 3196 3320 3244 mternum
3358 3207 3371 3244 :
3414 3188 3540 3243 Ver-

1953 3275 2073 3330 bum
2106 3289 2277 3333 autem
2319 3277 2527 3333 Domini
2565 3290 2733 3334 manet
2769 3281 2825 3334 in
2856 3289 3118 3336 internum.
3177 3281 3408 3353 Agnovit
3443 3297 3545 3338 se:

1954 3369 2149 3424 merito
2195 3370 2453 3425 Dominus
2493 3372 2769 3427 lucernam
2812 3387 2934 3427 eum
2983 3373 3138 3428 dixit.
3192 3374 3447 3429 Dominus
3481 3375 3551 3430 de

1953 3460 2165 3516 Joanne
2188 3459 2290 3515 hoc
2313 3461 2390 3516 ait
2420 3479 2433 3515 :
2466 3461 2571 3517 Ille
2607 3472 2716 3516 erat
2741 3461 2948 3516 lucerna
2971 3465 3157 3519 ardens
3185 3472 3231 3519 et
3265 3466 3437 3520 lucens
3458 3508 3472 3531 ,
3502 3477 3548 3520 et

1956 3568 2042 3606 ros
2063 3552 2288 3606 voluistis
2314 3553 2569 3607 (noluere
2600 3553 2669 3606 ad
2708 3552 2885 3607 lteram
2918 3555 2973 3627 in
2998 3555 3191 3608 lumine
3225 3557 3337 3627 ejus
3364 3555 3546 3627 (Joan.

1958 3658 2012 3708 ν,
2035 3642 2151 3713 '55).
2196 3642 2432 3697 Joannes
2457 3651 2635 3697 autem
2665 3620 2990 3713 evangelista
3022 3644 3148 3714 quid
3174 3620 3549 3702 devillo'dicit?

1959 3735 2084 3789 Fuit
2103 3735 2255 3789 homo
2280 3734 2463 3789 missus
2491 3749 2522 3787 a
2548 3733 2659 3789 Deo
2677 3776 2692 3801 ,
2727 3736 2813 3789 cui
2835 3751 3015 3790 nomen
3038 3746 3145 3791 erat
3171 3735 3397 3793 Joannes
3422 3754 3440 3792 :
3467 3739 3550 3794 hic

1961 3828 2090 3880 venit
2128 3827 2183 3880 in
2207 3827 2567 3892 testimonium,
2610 3838 2664 3881 ut
2690 3828 3026 3881 testimonium
3053 3829 3334 3898 perhiberet
3373 3833 3436 3885 de
3464 3831 3549 3886 lu-

1958 3916 2130 3981 mine;
2163 3932 2268 3971 non
2303 3924 2412 3970 erat
2454 3917 2543 3971 ille
2580 3918 2770 3971 tuinen.
2820 3918 2985 3984 Quis?
3029 3918 3264 3975 Joannes
3290 3920 3549 3992 Baptista.

1959 4006 2090 4075 Quis
2124 4006 2226 4062 hoc
2255 4006 2422 4062 dicit?
2472 4006 2707 4063 Joannes
2746 4009 3079 4079 Evangeiisla
3112 4027 3127 4066 :
3162 4010 3282 4065 Non
3316 4022 3425 4067 erat
3462 4014 3552 4070 ille

1960 4099 2158 4164 tumeat,
2206 4098 2296 4153 sed
2323 4108 2380 4153 ut
2425 4099 2767 4154 testimonium
2807 4101 3088 4172 perhiberet
3118 4103 3182 4156 de
3218 4104 3423 4159 tantine.
3469 4105 3550 4162 Tu

1959 4190 2116 4258 dicis,
2144 4190 2269 4246 Non
2293 4201 2401 4245 erat
2424 4191 2515 4246 ille
2541 4191 2707 4246 tamen
2739 4208 2759 4247 :
2786 4193 2853 4248 de
2872 4208 2979 4264 quo
3001 4194 3129 4249 dicit
3154 4196 3323 4265 ipsum
3349 4197 3548 4265 lumen,

1960 4282 2066 4338 Ille
2096 4293 2205 4337 erat
2240 4283 2447 4338 lucerna
2479 4283 2664 4339 ardens
2696 4294 2742 4338 et
2779 4286 2971 4340 lucens.
3011 4285 3117 4342 Sed
3159 4288 3280 4342 novi
3304 4331 3318 4352 ,
3358 4289 3549 4361 inquit,

1964 4376 2121 4445 quale
2154 4375 2334 4429 lumen
2361 4375 2567 4441 dicam;
2599 4377 2721 4431 novi
2761 4377 2817 4432 in
2857 4379 3009 4449 cuius
3036 4380 3251 4436 luminis
3270 4397 3551 4454 compara-

1963 4470 2245 4525 tione'non
2286 4477 2371 4523 est
2410 4469 2627 4525 lucerna
2672 4471 2875 4526 lumen.
2928 4472 3068 4528 Audi
3108 4474 3233 4545 quid
3272 4477 3548 4547 sequitur:

1964 4559 2095 4614 Erat
2142 4560 2311 4615 tamen
2355 4574 2525 4615 rerum
2567 4561 2705 4632 quod
2754 4562 3011 4617 illuminat
3061 4581 3259 4620 onmem
3302 4569 3551 4624 hominem

1963 4654 2236 4708 venientem
2283 4653 2337 4707 in
2375 4652 2511 4707 hanc
2546 4653 2793 4708 modum
2828 4653 3007 4727 (Joan.
3047 4671 3098 4723 ι,
3137 4658 3283 4732 6-9).
3319 4658 3553 4716 Joannes

1964 4761 2069 4801 non
2118 4762 2333 4801 omnem
2382 4746 2647 4802 illuminat
2694 4744 2999 4816 hominem,
3054 4749 3296 4808 Christus
3337 4769 3550 4810 omnem

1964 4836 2261 4894 hominem.
2293 4838 2364 4893 Et
2389 4838 2629 4894 Joannes
2645 4840 2865 4909 agitavit
2883 4854 2944 4896 se
2972 4841 3264 4908 lucernam,
3292 4859 3365 4901 ne
3392 4858 3554 4902 vento

1965 4933 2230 5002 superbiat
2253 4930 2703 5001 exstingueret».
2735 4931 2976 4988 Lucerna
3007 4944 3062 4989 et
3086 4938 3301 4992 accendi
3328 4980 3343 5003 ,
3371 4947 3425 4993 et
3454 4956 3552 4995 ex-

1964 5022 2161 5093 θιίνϐυί
2211 5030 2405 5091 polest.
2478 5020 2713 5076 Verbum
2752 5022 2848 5078 Dei
2889 5024 3152 5094 exstingui
3200 5042 3305 5081 non
3354 5037 3531 5099 pote-3

1965 5114 2184 5169 lucerna
2214 5128 2427 5183 semper
2456 5120 2646 5182 potest.

2039 5206 2093 5260 5.
2123 5202 2352 5258 Joannes
2380 5218 2662 5274 precatur
2705 5208 2958 5261 mimus
3004 5208 3188 5277 homo,
3235 5221 3285 5270 ut
3329 5210 3557 5270 Christus

1969 5304 2272 5368 agnoscatur
2299 5294 2416 5366 ptas
2444 5309 2597 5365 quam
2622 5295 2793 5361 homo.
2825 5295 3014 5352 Missus
3042 5308 3125 5354 est
3147 5314 3274 5372 ergo
3294 5314 3554 5373 summus,

1970 5386 2132 5442 homo
2150 5426 2166 5453 ,
2195 5386 2286 5456 qui
2317 5384 2626 5455 perhiberet
2653 5388 3016 5444 testimonium
3047 5391 3095 5444 ei
3125 5394 3214 5463 qui
3258 5395 3375 5463 plus
3417 5407 3557 5451 esset

1969 5494 2128 5551 quam
2154 5479 2336 5535 homo.
2362 5478 2590 5547 Quando
2611 5481 2756 5535 enim
2796 5480 2887 5537 ille
2906 5523 2921 5549 ,
2949 5498 3055 5554 quo
3081 5499 3239 5542 nemo
3264 5489 3435 5559 major
3463 5504 3558 5545 ex-

1970 5573 2206 5630 surrexit
2232 5573 2286 5627 in
2308 5571 2452 5628 natis
2480 5564 2759 5628 mulierum
2784 5617 2797 5641 ,
2825 5574 2971 5643 dicit,
3006 5575 3127 5633 Non
3153 5597 3266 5635 sum
3295 5599 3385 5654 ego
3408 5581 3559 5641 Chri.

1971 5678 2110 5730 sm,
2137 5674 2194 5720 et
2220 5662 2464 5719 humilint
2486 5677 2552 5719 se
2577 5661 2792 5722 Christo
2812 5710 2824 5733 ,
2857 5669 3056 5740 aliquid
3088 5673 3203 5743 plus
3232 5675 3447 5732 homine
3474 5678 3554 5733 in-

1976 5756 2296 5827 telligendns
2336 5762 2439 5810 est.
2485 5753 2617 5810 Nam
2660 5758 2705 5812 si
2744 5761 2941 5829 quarris
2982 5778 3247 5821 summum
3290 5766 3560 5827 hominem

1976 5849 2261 5916 Joannem,
2291 5848 2408 5919 plus
2433 5844 2647 5906 homine
2670 5848 2912 5911 Christus
2932 5866 3011 5913 ρει
3036 5874 3048 5911 :
3076 5859 3153 5917 sic
3176 5860 3407 5930 intelligo
3429 5878 3561 5931 pra:-
