3974 6170
428 347 558 406 t3”

423 478 728 524 cursorem.
764 473 821 521 ut
864 481 1074 536 quaeras
1109 466 1377 538 judicem;
1413 467 1494 525 sic
1527 468 1650 525 andi
1690 483 2008 540 Nasonem,

423 562 485 608 ut
509 555 695 610 tinteas
715 556 970 627 judicent.
1002 561 1193 617 Missus
1218 570 1319 623 est,
1350 562 1593 631 pardi-xit
1618 571 1918 625 venturum.
1945 562 2013 618 Et

421 647 575 715 quale
591 650 946 706 teStimonium
965 652 1196 709 Joannes
1218 654 1456 724 perhibet
1476 654 1727 710 Christo?
1743 656 1911 722 Quale
1925 670 2012 710 au-

420 740 474 794 di
500 759 511 792 :
539 738 696 815 Cujus
721 761 819 798 non
834 764 944 799 sum
971 747 1153 818 dignus
1180 750 1447 818 corrigiam
1473 750 1795 803 calceantenti
1819 750 2011 804 solvere

419 834 437 897 (
464 830 601 887 Joan
628 850 677 899 ι,
700 834 768 889 27
792 834 832 906 ).
861 838 1193 905 Intellexisti,
1219 840 1396 903 homo,
1422 840 1547 909 quid
1566 842 1790 909 ageres?
1832 841 2010 899 Omnis

418 925 507 993 qui
544 942 598 981 se
634 926 885 991 Itumiliat,
930 932 1232 985 cxaltabitur
1269 931 1418 1003 (Luc.
1454 951 1563 999 xw,
1600 934 1708 1006 Η).
1747 935 1882 1003 Quid
1913 937 2007 1006 igi-

420 1026 505 1071 tur
519 1017 847 1076 deChristo?
873 1022 981 1076 Nos
1001 1040 1170 1077 omnes
1188 1025 1250 1077 de
1267 1026 1576 1093 plenitudine
1592 1030 1703 1097 ejus
1722 1029 2007 1098 accepimus

419 1111 597 1170 (Joan.
623 1129 661 1177 ι,
691 1115 802 1184 lli).
834 1115 969 1182 Quid
995 1125 1097 1175 est.
1132 1116 1244 1171 Nos
1265 1121 1475 1185 omnes?
1501 1119 1640 1190 Ergo
1660 1121 2001 1188 Patriarchae,

386 1184 389 1187 ’
416 1209 473 1253 et
494 1201 776 1272 Pmphetic
800 1214 854 1260 et
871 1208 1105 1276 Apustoli
1129 1184 1317 1273 sancti,
1343 1210 1423 1263 vel
1444 1220 1567 1265 ante
1587 1212 2004 1269 incarnationem

418 1293 701 1359 praemissi,
734 1294 818 1347 vel
844 1295 911 1347 ab
943 1296 1218 1354 incarnato
1244 1299 1412 1366 missi,
1441 1317 1613 1356 onlnes
1646 1319 1736 1357 nos
1760 1303 1823 1357 de
1845 1303 2007 1372 pleni-

417 1382 590 1436 tudine
624 1384 734 1453 cjus
763 1386 1063 1454 αεερρξυιιιε.
1106 1388 1214 1443 Nos
1241 1404 1364 1445 vasa
1397 1406 1608 1457 sumus,
1643 1393 1731 1448 ille
1759 1394 1875 1447 fons
1900 1405 2002 1449 est.

420 1476 560 1543 Ergo
584 1483 626 1530 si
654 1478 1011 1536 intelleximus
1041 1484 1370 1555 mysterium,
1406 1488 1593 1541 fratres
1620 1487 1744 1551 mei,
1772 1487 2006 1542 Joannes

417 1568 579 1623 boum
621 1580 729 1636 est.
767 1571 1013 1629 Christus
1050 1577 1189 1632 Deus
1226 1588 1347 1633 est:
1380 1579 1685 1634 humilictur
1730 1581 1919 1641 homo,
1952 1588 2007 1635 et

415 1661 679 1717 exaltetnr
700 1664 867 1720 Deus.
902 1667 970 1723 Ut
1001 1652 1304 1726 humilietur
1334 1672 1514 1736 homo,
1535 1690 1610 1727 eo
1630 1673 1720 1727 die
1747 1684 1901 1729 natus
1923 1684 2007 1730 est

415 1750 681 1818 Joannes,
712 1770 818 1823 quo
856 1758 971 1812 dies
1002 1760 1254 1829 incipiunt
1288 1764 1617 1819 decrescere.
1652 1765 1719 1820 Ut
1743 1767 2007 1821 cxaltetur

419 1842 591 1909 Deus,
622 1859 687 1899 eo
714 1847 800 1900 die
831 1860 984 1902 natus
1014 1861 1095 1906 est
1120 1853 1366 1908 Christus
1386 1897 1398 1919 ,
1445 1872 1550 1925 quo
1578 1856 1706 1910 dies
1752 1858 2007 1927 imipinnt

415 1948 679 1989 crescere.
737 1938 979 2008 Magum
1029 1954 1440 1998 sacramentum.
1504 1948 1623 2001 Ideo
1671 1951 2007 2013 colubram

416 2022 658 2079 Natalem
679 2027 918 2091 Joannis,
943 2032 1084 2087 sicut
1103 2033 1320 2101 Christi,
1350 2039 1596 2105 quoniam
1622 2041 1734 2107 ipsa
1760 2043 2006 2097 nativitas

416 2112 571 2178 plena
599 2125 681 2170 est
705 2121 981 2188 mysterio.
1004 2123 1121 2190 Quo
1142 2128 1434 2196 mysterio?
1459 2130 1764 2187 Altitudiuis
1786 2145 2000 2188 nostra.

418 2202 471 2257 Ιιι
514 2205 729 2262 homine
768 2211 1097 2280 minuantur,
1140 2216 1194 2271 in
1234 2218 1346 2272 Deo
1385 2234 1706 2277 crescamus.
1755 2225 1808 2279 In
1851 2227 2004 2283 nobis

417 2295 789 2359 humiliantur.
823 2312 877 2355 nt
907 2304 959 2357 in
990 2304 1079 2359 illo
1104 2308 1417 2368 exaltcmnr.
1451 2312 1729 2381 lmpletmn
1767 2328 1848 2371 est
1888 2335 2006 2387 pas-

414 2385 652 2441 sionihns
689 2390 966 2448 amborum
1005 2397 1161 2464 hujus
1192 2407 1349 2455 tanta:
1376 2403 1450 2456 rei
1482 2416 1893 2462 sacramentum.
1938 2409 2005 2464 Ut

416 2478 743 2547 minueretur
770 2483 951 2551 homo,
976 2501 1131 2557 caput
1162 2492 1393 2560 perdidit
1415 2494 1648 2553 Joannes
1678 2516 1690 2551 :
1720 2510 1774 2553 ut
1801 2504 2002 2556 exalta-

415 2580 563 2625 retur
584 2572 746 2637 Deus,
772 2575 1017 2634 Christus
1042 2582 1184 2651 ligno
1211 2600 1500 2654 suspensus
1526 2600 1626 2644 est.
1653 2591 1732 2645 Ad
1757 2593 1856 2647 hoc
1879 2597 2004 2650 mis.

415 2673 507 2716 sus
530 2674 614 2720 est
638 2665 891 2732 Joannes.
927 2682 984 2725 ut
1006 2688 1130 2730 eum
1157 2676 1443 2744 imitemur,
1473 2689 1527 2734 et
1552 2682 1617 2735 ad
1650 2681 1879 2738 Verbum
1906 2702 2002 2741 nos

414 2762 711 2811 teneamus.
744 2760 1240 2836 Quantumcumque
1275 2784 1334 2823 se
1369 2770 1531 2837 jactct
1563 2772 1787 2830 lmmana
1817 2793 2003 2848 snper-

415 2844 532 2912 hia,
558 2847 627 2903 de
656 2856 843 2917 quavis
871 2856 1184 2913 excellentia
1218 2864 1541 2928 sanctitatis,
1584 2869 1703 2935 quis
1734 2872 1832 2925 erit
1860 2844 1998 2940 quod

412 2936 686 2994 Joannes?
713 2941 964 3014 Quisquis
991 2963 1051 3002 es
1078 2952 1172 3019 qui
1203 2961 1253 3007 te
1282 2969 1529 3025 magnum
1559 2966 1731 3028 putas,
1762 2936 2000 3018 noueris

414 3029 553 3096 quod
574 3030 823 3088 Joannes.
848 3035 1095 3093 Nondum
1120 3052 1273 3097 natus
1297 3055 1428 3111 crat,
1459 3057 1511 3103 et
1533 3049 1642 3118 jam
1674 3054 1997 3109 nasciturum

413 3118 694 3191 Dominum
726 3126 997 3183 exsultans
1024 3130 1076 3184 in
1130 3141 1281 3187 utero
1307 3141 1712 3205 praenuntiabat.
1744 3144 1879 3211 Quid
1906 3164 2001 3201 es-

412 3211 691 3269 rellentius
719 3216 813 3269 ista
842 3220 1159 3276 sanctitate?
1188 3222 1396 3281 Imitare
1427 3244 1442 3282 :
1468 3231 1590 3285 audi
1616 3233 1740 3302 quid
1768 3236 1907 3291 dicat
1931 3240 1999 3294 de

412 3302 644 3358 Christo.
671 3305 780 3359 Nos
800 3308 863 3361 de
882 3310 1194 3379 plenitudine
1218 3318 1325 3385 ejus
1351 3322 1649 3391 accepimus.
1681 3325 1916 3383 Lucerna
1946 3331 1996 3385 in

410 3405 568 3450 nocte
595 3394 793 3452 fontem
828 3400 921 3454 tibi
966 3404 1231 3469 Ostendit,
1280 3408 1400 3464 inde
1439 3420 1493 3465 et
1529 3413 1641 3482 ipse
1679 3416 1809 3472 bibit
1843 3418 1998 3475 :‘Nos

409 3485 560 3552 enim,
596 3488 782 3556 inquit,
811 3490 875 3545 de
898 3493 1209 3559 plenitudine
1233 3499 1343 3567 ejus
1364 3517 1532 3556 omnes
1551 3508 1854 3575 accepimus.
1887 3510 1997 3566 Nos

408 3594 581 3632 omnes
608 3594 627 3633 :
655 3580 741 3633 ille
784 3579 933 3647 lotis,
966 3600 1065 3639 nos
1093 3602 1214 3641 vasa
1248 3607 1260 3643 :
1291 3591 1376 3646 ille
1416 3592 1558 3655 dies.
1607 3613 1703 3652 nos
1740 3598 1991 3657 lucernae.

410 3668 593 3740 Magna
638 3671 918 3729 inﬁrmitas
963 3675 1235 3733 hominnm
1278 3699 1290 3735 :
1338 3698 1433 3751 per
1478 3686 1748 3744 lucernam
1796 3695 1994 3763 quieri-

410 3770 495 3815 tur
523 3762 658 3818 dies.

479 3852 531 3907 6.
570 3851 691 3908 Non
716 3855 940 3915 Joannes
964 3863 1118 3928 solus,
1150 3866 1239 3919 sed
1267 3877 1311 3919 et
1342 3868 1569 3937 Apostoli
1594 3873 1828 3930 lucernis.
1861 3876 1994 3931 Can-

406 3944 665 3999 delabrum
695 3948 943 4018 lucernis,
972 3969 1097 4008 crux
1125 3955 1329 4012 Christi.
1362 3961 1466 4015 Sed
1498 3972 1551 4017 et
1574 3964 1813 4033 Apostoli
1835 4011 1850 4034 ,
1880 3968 1989 4025 ira-

406 4045 515 4089 trcs
534 4037 659 4103 mei,
683 4039 912 4096 lucernae
933 4053 1055 4098 sunt
1075 4045 1200 4101 diei.
1218 4047 1392 4104 Nolite
1416 4061 1600 4120 putare
1620 4056 1739 4120 quia
1759 4057 1992 4118 Joannes

356 4168 367 4177 .
404 4128 551 4183 solus
576 4140 658 4185 est
685 4132 932 4200 lucerna,
964 4145 1018 4192 et
1045 4137 1283 4207 Apostoli
1317 4159 1420 4198 non
1450 4155 1591 4201 sunt.
1628 4149 1718 4205 Ait
1750 4151 1857 4207 illis
1882 4154 1990 4208 Do-

405 4221 580 4278 minus
612 4242 624 4276 :
662 4223 761 4280 Vos
785 4228 901 4282 estis
927 4227 1016 4284 tua:
1039 4234 1233 4288 mundi.
1270 4236 1335 4290 Lt
1358 4252 1425 4290 ne
1453 4251 1699 4306 putarent
1724 4245 1844 4314 quia
1872 4248 1989 4301 talis

403 4310 493 4365 lux
528 4322 713 4382 erant,
747 4318 918 4387 qualis
944 4319 1115 4381 dictus
1144 4335 1225 4379 est
1257 4326 1341 4382 lux
1364 4369 1377 4392 ,
1405 4328 1474 4384 de
1509 4348 1616 4400 quo
1652 4310 1854 4390 dictum
1883 4348 1985 4406 est,

404 4399 531 4454 Erat
555 4403 723 4459 lumen
750 4423 948 4476 verum,
977 4412 1112 4482 quod
1134 4415 1385 4473 illuminat
1411 4435 1607 4477 omnem
1633 4425 1883 4482 Immineat
1907 4445 1989 4484 ve-

403 4491 616 4545 nientem
643 4494 694 4547 in
720 4495 852 4551 hunc
872 4502 1151 4564 mundum;
1176 4508 1430 4564 continuo
1457 4511 1634 4568 docuit
1662 4516 1783 4571 illos
1807 4534 1985 4576 veram

401 4584 569 4651 ipsam
596 4587 792 4644 lucem.
821 4591 951 4646 Cum
981 4594 1231 4663 dixisset,
1278 4601 1376 4657 Vos
1397 4608 1512 4660 estis
1536 4610 1631 4665 lux
1655 4617 1866 4685 mundi;
1893 4620 1988 4673 ad-

394 4675 568 4746 jnnxit
589 4719 603 4745 ,
633 4688 687 4733 et
714 4680 825 4748 ait,
864 4681 1029 4739 Nemo
1058 4691 1286 4745 accendit
1324 4694 1577 4753 lucernam
1597 4744 1612 4768 ,
1641 4715 1689 4757 et
1716 4675 1985 4773 ponticam

398 4767 488 4821 sub
517 4769 705 4825 modio.
733 4771 882 4840 Quod
922 4771 1015 4832 vos
1042 4777 1152 4834 dixi
1179 4780 1382 4849 lucem,
1414 4787 1680 4847 lucernam
1707 4812 1802 4853 vos
1829 4802 1936 4857 dixi
1965 4823 1981 4860 :

398 4860 560 4915 nolite
597 4863 863 4921 exsultare
899 4867 950 4922 in
978 4872 1225 4940 superbia
1255 4887 1428 4934 vestra
1450 4923 1464 4946 ,
1496 4898 1563 4939 ne
1596 4884 1860 4946 llammula
1891 4911 1982 4950 ex-

395 4952 716 5025 stinguatur.
744 4958 856 5016 Non
880 4976 973 5019 vos
1008 4980 1148 5033 pono
1170 4969 1276 5025 sub
1301 4974 1479 5028 modio
1503 4994 1515 5029 ;
1538 4979 1635 5033 sed
1663 4990 1719 5036 ut
1740 4983 1976 5056 luce-mis,

394 5043 446 5096 in
470 5045 792 5103 eartdelabro
820 5052 986 5108 eritis.
1024 5056 1173 5122 Quod
1200 5069 1283 5116 est
1308 5065 1683 5127 candelabrum
1714 5043 1980 5137 lucernae?

317 5124 323 5132 ’
393 5134 585 5191 Audite
620 5141 995 5200 candelabrum
1039 5168 1052 5205 :
1094 5160 1265 5209 estote
1308 5154 1572 5228 lucernas,
1599 5174 1669 5219 et
1716 5166 1977 5229 habebitis

388 5227 789 5287 candelabrum.
814 5234 955 5291 Crux
978 5239 1172 5296 Christi
1198 5253 1278 5299 est
1305 5227 1971 5321 magnumcandelahrum:

387 5318 485 5383 Qui
515 5320 623 5375 vult
650 5320 858 5392 lucere,
895 5341 1000 5382 non
1031 5331 1308 5389 erubescat
1333 5318 1604 5411 deligneo
1628 5318 1971 5412 candelabro.

387 5408 549 5503 sum,
580 5420 640 5467 ut
664 5412 924 5486 intelligas
946 5419 1067 5488 quia
1092 5408 1625 5493 candelabrumvcrux
1646 5440 1843 5499 Christi
1868 5408 1967 5503 is};

392 5494 556 5554 Nemo
586 5504 813 5559 accendit
838 5507 1123 5579 lucernam,
1152 5523 1199 5568 et
1235 5519 1377 5586 ponit
1407 5537 1516 5578 eam
1540 5528 1630 5583 sub
1651 5535 1819 5589 modio
1837 5579 1851 5602 ,
1882 5540 1972 5594 sed

386 5602 537 5655 super
558 5594 934 5667 candelabrum,
958 5612 1010 5655 ut
1036 5602 1200 5660 luceat
1224 5611 1454 5668 omnibus
1476 5619 1560 5685 qui
1584 5622 1636 5675 in
1660 5623 1809 5681 duino
1828 5594 1963 5685 sunt.

388 5675 478 5729 Sic
506 5678 667 5737 luceat
695 5686 864 5743 lumen
896 5702 1106 5747 oestrum
1136 5712 1307 5753 coram
1334 5698 1615 5764 hominibus
1633 5752 1649 5778 ,
1678 5724 1732 5769 ut
1770 5719 1965 5776 videant

385 5765 514 5832 bona
541 5772 677 5843 {acta
707 5788 897 5846 vestra,
926 5790 972 5835 et
1006 5783 1288 5856 glori/irent
1317 5808 1336 5846 ε
1366 5808 1473 5854 non
1512 5765 1648 5860 sicui
1679 5810 1734 5861 tu
1770 5814 1963 5879 qna-ris

1685 352 1743 409 s.
1784 348 2147 410 AUGUSTlNl
2193 352 2497 435 EPISCOPI

2119 466 2436 537 glorilicari,
2475 473 2672 542 quatris
2711 475 2978 550 exstingui
3022 496 3036 536 :

2119 569 2280 614 strum
2320 564 2409 630 qui
2443 575 2518 619 est
2558 566 2613 620 in
2655 569 2792 622 catis
2837 570 3049 638 (Matth.
3078 590 3129 640 v,
3162 577 3405 651 ἰαί-16).
3446 581 3717 645 Pabula

2120 664 2282 719 opera
2311 662 2488 710 vestra
2525 657 2827 727 gloriﬁcent
2854 662 3064 719 Patrem
3095 677 3351 724 vestrum.
3385 670 3454 728 Ut
3482 673 3719 733 lucerna:

2119 757 2241 799 esse
2268 747 2502 813 possitis,
2532 750 2831 809 accendere
2857 768 2952 809 vos
2975 770 3081 812 non
3104 760 3370 827 potuistis,
3399 778 3611 832 ponere
3626 784 3722 824 vos

2117 848 2276 903 supra
2298 836 2677 895 candelabrum
2706 858 2811 896 non
2834 847 3079 912 potuistis
3104 866 3117 901 :
3142 850 3603 925 illeglorilicetur,
3627 863 3719 929 qui

2117 928 2267 982 vobis
2315 930 2415 988 hoe
2458 936 2727 1002 prmstitit.
2770 937 2906 992 Audi
2944 956 3072 1011 ergo
3106 943 3328 999 Paulum
3370 928 3716 1017 Apostoluin,

2115 1022 2237 1077 audi
2278 1024 2546 1082 lucernam
2591 1029 2642 1083 in
2682 1030 3004 1089 Candelahro
3038 1037 3419 1095 exsultantem.
3455 1042 3592 1097 Mihi
3617 1063 3716 1099 au-

2114 1125 2213 1170 tem
2231 1158 2245 1180 ,
2272 1118 2348 1171 ait
2377 1119 2645 1187 (clamant
2667 1122 2759 1192 qui
2788 1135 3054 1179 noverunt
3080 1128 3207 1196 quid
3236 1131 3511 1203 sequitur)
3531 1177 3547 1198 ,
3584 1136 3718 1190 Mihi

2112 1215 2326 1261 autem:
2351 1208 2476 1278 quid
2517 1209 2608 1264 tibi
2648 1214 2866 1267 autem?
2901 1215 3039 1269 Absit
3077 1217 3288 1287 gloriari
3331 1222 3431 1275 nisi
3470 1224 3527 1278 in
3566 1243 3713 1282 ante

2116 1294 2322 1351 Domini
2357 1301 2514 1353 nostri
2538 1299 2665 1357 Iesu
2690 1302 2896 1358 Christi.
2939 1304 2997 1359 in
3037 1308 3357 1364 candelabro
3391 1314 3594 1379 glorior
3626 1320 3706 1375 ξεί

2114 1398 2177 1442 se
2200 1389 2578 1445 candelabrum
2608 1393 2905 1459 subtrahat,
2937 1397 3095 1452 cado.
3128 1399 3266 1454 Absit
3295 1404 3510 1472 gloriari
3537 1408 3632 1461 nisi
3657 1410 3707 1462 is

2113 1498 2259 1536 crure
2284 1482 2486 1539 Domini
2511 1488 2669 1540 nostri
2684 1487 2810 1541 Jrsu
2832 1487 3039 1555 Christi,
3068 1510 3155 1560 per
3174 1498 3318 1562 queui
3345 1496 3473 1550 mihi
3494 1501 3709 1555 mundus

2112 1574 2386 1641 cruciﬁxus
2405 1584 2497 1639 est,
2527 1587 2572 1630 et
2596 1594 2688 1648 ego
2713 1579 2899 1633 mundo
2928 1579 3126 1648 (Galat.
3153 1599 3203 1638 Vt
3221 1625 3235 1647 ,
3263 1586 3375 1655 Η).
3404 1587 3707 1656 Laudastis,

2112 1672 2166 1716 et
2194 1661 2418 1719 favistis.
2451 1665 2804 1738 Cruciligatur
2839 1672 2987 1727 vobis
3022 1675 3250 1730 mundus
3271 1718 3286 1741 ,
3331 1681 3706 1749 cruciﬁgimini

2112 1754 2331 1809 mundo.
2381 1757 2518 1823 Quid
2566 1768 2648 1813 est
2686 1759 2824 1815 hoc?
2864 1762 3191 1821 Felicitatem
3223 1783 3326 1822 non
3357 1773 3615 1839 quaeratis
3640 1775 3707 1829 de

2111 1848 2312 1901 mundo
2345 1866 2357 1902 :
2387 1850 2651 1907 abstinete
2681 1869 2775 1908 vos
2815 1871 2844 1909 ιι
2892 1855 3141 1913 felicitate
3176 1862 3379 1916 mundi.
3431 1865 3707 1945 Blandita:

2111 1939 2372 2005 mundus,
2401 1953 2653 1998 caveatur
2677 1957 2958 2017 corruptor
2994 1968 3006 2005 :
3040 1952 3270 2007 minatur
3296 1957 3531 2012 mundus
3552 2000 3567 2021 ,
3600 1977 3705 2043 nou

2111 2034 2359 2089 timeatur
2386 2040 2736 2108 oppdgnator.
2767 2040 2822 2097 Si
2851 2042 2987 2099 bona
3019 2047 3336 2103 mundivnoa
3369 2059 3421 2105 te
3450 2034 3705 2122 corr-ape;

2110 2129 2235 2193 rint,
2267 2131 2310 2183 si
2338 2132 2473 2185 mala
2504 2135 2687 2188 mundi
2717 2152 2818 2190 non
2852 2145 2905 2195 te
2930 2142 3285 2209 corruperint,
3312 2145 3601 2200 cruciﬁxus
3625 2158 3704 2202 est

2113 2219 2202 2272 tibi
2223 2240 2227 2243 ·
2248 2222 2510 2286 mundus,
2541 2226 2825 2280 cruciﬁxus
2858 2244 2915 2283 es
2952 2231 3170 2284 mundo.
3202 2232 3444 2290 Gloriare
3481 2238 3534 2289 in
3568 2254 3700 2291 can-

2108 2311 2327 2366 delabro
2354 2332 2367 2367 :
2389 2328 2561 2381 Serva,
2594 2319 2828 2383 lucerna,
2861 2322 2910 2374 in
2936 2324 3259 2379 candelabro
3287 2344 3504 2397 semper
3529 2331 3702 2385 humi-

2110 2406 2333 2471 litatem,
2365 2418 2421 2461 ut
2451 2418 2633 2465 teneas
2655 2413 2992 2481 splendorem
3025 2435 3038 2469 :
3067 2417 3321 2485 observa,
3354 2437 3425 2476 ne
3454 2426 3698 2491 superbia

2106 2500 2478 2570 cxslinguaris.
2520 2502 2787 2559 Conserva
2819 2507 2958 2575 quod
2992 2507 3162 2563 factus
3191 2525 3285 2577 es,
3321 2523 3378 2565 ut
3404 2512 3475 2569 de
3502 2513 3699 2571 factore

2106 2592 2367 2655 glorieris.
2395 2593 2533 2661 Quid
2559 2598 2700 2651 enim
2727 2613 2867 2662 eras,
2893 2600 3091 2655 homo?
3119 2604 3307 2659 Otnnis
3331 2606 3518 2674 liomo,
3539 2620 3699 2665 auem

2107 2681 2172 2735 de
2200 2683 2326 2751 quid
2355 2695 2510 2738 natus
2536 2701 2597 2741 es
2627 2706 2640 2740 :
2668 2689 2768 2743 etsi
2806 2691 3004 2744 nobilis
3037 2703 3188 2747 natus
3215 2710 3308 2763 es,
3339 2698 3520 2753 nudus
3548 2714 3699 2753 natus

2103 2789 2182 2827 es.
2216 2774 2350 2841 Quid
2393 2788 2475 2831 est
2518 2779 2805 2836 nobilitas?
2834 2782 3091 2840 Nativitas
3130 2790 3380 2857 pauperis
3423 2802 3479 2845 et
3525 2793 3701 2848 divitis

2105 2866 2321 2933 :cqnalis
2348 2868 2695 2923 est-nuditas.
2731 2873 2809 2925 An
2857 2872 2993 2929 forte
3030 2877 3150 2945 quia
3193 2879 3384 2934 nobilis
3423 2891 3583 2937 natus
3618 2900 3696 2947 es,

2102 2966 2357 3023 quantum
2386 2959 2465 3012 vis
2488 2960 2660 3015 vivis?
2684 2962 2907 3030 Quando
2937 2970 3174 3031 nescisti,
3204 2971 3412 3028 intrasti
3444 2994 3456 3028 :
3486 2979 3697 3046 quando

2106 3061 2209 3099 non
2234 3048 2331 3109 vis,
2360 3049 2494 3103 exis.
2524 3050 2804 3108 Postremo
2826 3057 3073 3125 sepulcra
3105 3061 3471 3131 inspiciuntur,
3502 3078 3556 3123 et
3578 3083 3699 3124 ossa

2103 3130 2323 3191 divitu'm
2356 3155 2728 3209 agnoscantur.

2578 3255 2812 3313 summ
2849 3260 3028 3318 ccxc
3055 3269 3073 3287 ο
3106 3265 3201 3337 (η).

2483 3370 2531 3412 ιιι
2563 3367 2707 3417 Μιέηί
2739 3373 2934 3421 Joannis
2966 3376 3204 3436 Baptista,
3237 3392 3299 3427 tv.

2171 3465 2396 3522 CAPUT
2436 3468 2719 3526 PRIMUM.
2764 3504 2836 3513 --
2883 3477 2934 3530 1.
2969 3476 3335 3537 Testimonium
3373 3484 3596 3543 Joannis
3634 3493 3699 3546 de

2102 3554 2319 3619 Christo,
2352 3568 2396 3611 ct
2425 3558 2612 3613 Christi
2634 3562 2696 3617 de
2724 3563 2944 3622 Joanne.
2991 3570 3218 3649 sanctus
3246 3575 3485 3633 Joannes
3514 3582 3555 3648 ι,
3588 3598 3692 3649 non

2102 3646 2472 3718 Evangelista,
2513 3653 2607 3707 sed
2651 3646 2916 3727 Baptista,
2964 3644 3159 3719 missus
3202 3678 3285 3723 est
3327 3683 3454 3726 ante
3504 3644 3691 3730 faciem

2100 3737 2292 3794 Christi
2335 3757 2638 3827 praeparare
2674 3748 2786 3801 vias
2816 3751 2949 3819 ejus.
2983 3753 3368 3816 Testimonium
3398 3762 3601 3822 Christi
3629 3768 3694 3822 de

2099 3831 2302 3890 Joanne
2323 3842 2424 3902 eSt,
2453 3828 2519 3891 In
2545 3841 2675 3896 natis
2702 3843 2968 3899 mulierum
2990 3865 3088 3903 non
3108 3855 3324 3907 surrexit
3341 3858 3510 3925 major
3528 3859 3695 3913 Joan-

2098 3940 2159 3976 nc
2186 3923 2415 3994 Baptista
2445 3926 2653 4000 (Matth.
2682 3948 2733 3985 ιιι
2755 3975 2768 3997 ,
2804 3933 2914 4005 Η).
2955 3934 3339 3997 Testimonium
3371 3923 3596 4004 Joannis
3624 3950 3692 4005 de

2097 4014 2308 4071 Christo
2332 4027 2430 4085 est,
2463 4019 2562 4087 Qui
2588 4024 2718 4076 venit
2744 4036 2857 4094 post
2880 4043 2978 4094 ine,
3004 4033 3168 4103 major
3193 4051 3271 4088 me
3294 4046 3386 4101 est,
3416 4041 3567 4109 cujus
3590 4059 3691 4096 non

2096 4123 2206 4159 sum
2232 4108 2412 4178 dignus
2437 4113 2705 4183 corrigiam
2733 4117 3056 4175 calceamenti
3077 4110 3268 4179 solvere
3297 4125 3474 4197 (Joan.
3503 4147 3543 4195 ι,
3570 4133 3687 4192 27).

2095 4194 2392 4268 Utrumque
2421 4203 2777 4259 testimonium
2806 4210 3225 4274 consideremus.
3252 4194 3393 4286 quod
3418 4194 3692 4288 perhibuit

2096 4285 2349 4343 Dominus
2392 4307 2580 4354 servo,
2625 4305 2680 4349 et
2723 4298 2863 4367 quod
2907 4302 3169 4369 perhibuit
3210 4322 3396 4365 servus
3432 4313 3684 4373 Domino.

2092 4369 2242 4445 Quod
2271 4390 2354 4435 est
2385 4384 2744 4441 testimonium
2774 4390 2978 4446 Domini
3007 4393 3072 4449 de
3097 4400 3292 4453 servo?
3316 4399 3387 4455 In
3415 4406 3551 4459 natis
3576 4426 3688 4461 mu-

2094 4468 2273 4523 licrum
2311 4489 2411 4525 non
2450 4478 2666 4530 surrexit
2695 4481 2873 4549 unajor
2904 4481 3105 4541 Joanne
3136 4486 3387 4561 Baptista.
3421 4494 3576 4562 Quod
3603 4509 3688 4555 est

2093 4560 2454 4618 testimonium
2504 4567 2643 4621 servi
2689 4569 2757 4624 de
2801 4571 3059 4629 Domino?
3101 4578 3201 4647 Qui
3216 4560 3376 4637 reenit
3422 4560 3538 4656 post
3582 4608 3681 4657 me,

2091 4654 2256 4723 major
2284 4671 2362 4708 me
2386 4667 2474 4710 est.
2509 4656 2563 4713 Si
2599 4674 2726 4730 ergo
2755 4663 2806 4716 in
2836 4667 2972 4720 natis
3002 4669 3281 4726 mulierum
3314 4691 3422 4731 non
3451 4683 3684 4736 surrexit

2089 4744 2259 4811 major
2287 4745 2490 4802 Joanne
2518 4749 2784 4821 Baptista;
2818 4757 2905 4825 qui
2947 4760 3117 4831 major
3146 4762 3234 4817 illo
3259 4775 3373 4836 est,
3406 4773 3536 4840 quid
3565 4777 3682 4830 est?

2087 4831 2318 4890 Joannes
2356 4852 2576 4909 magnus
2616 4841 2775 4897 homo
2795 4886 2810 4911 ,
2844 4848 2937 4903 sed
2970 4849 3128 4906 homo
3160 4873 3171 4908 :
3202 4854 3448 4915 Christus
3472 4863 3679 4924 Joanne

2085 4929 2290 4997 major,
2336 4924 2456 5000 quia
2499 4932 2637 4988 Deus
2667 4945 2720 4992 et
2749 4937 2926 4995 homo.
2977 4944 3149 5000 Ambo
3189 4950 3508 5011 mirabiliter
3546 4961 3669 5025 nati,

2086 5031 2263 5085 prmco
2292 5028 2345 5074 et
2368 5020 2558 5086 Judex,
2585 5025 2797 5082 lucerna
2824 5041 2878 5087 et
2903 5032 3036 5102 dies,
3066 5052 3168 5091 vox
3198 5050 3249 5093 et
3282 5041 3541 5114 Verbum,
3564 5064 3675 5105 sero

2083 5124 2182 5164 vus
2203 5118 2257 5165 et
2275 5110 2547 5170 Dominus.
2573 5117 2647 5173 De
2669 5122 2833 5176 sterili
2857 5139 3062 5191 servus,
3083 5128 3149 5184 de
3169 5132 3372 5201 virgine
3394 5138 3670 5197 Dominus.

2085 5198 2200 5269 ipse
2220 5200 2477 5259 Dominus
2500 5203 2625 5262 fecit
2644 5211 2742 5266 sibi
2766 5227 2976 5270 servum
3001 5218 3049 5271 in
3074 5229 3221 5276 utero
3242 5226 3437 5295 sterili,
3456 5231 3527 5287 de
3546 5249 3672 5290 sene

2083 5298 2232 5360 patre
2252 5335 2265 5359 ,
2293 5301 2347 5349 et
2371 5295 2439 5350 de
2462 5299 2667 5353 anicula
2695 5313 2862 5359 matre
2887 5324 2900 5359 :
2924 5316 2978 5363 et
3006 5308 3145 5366 idem
3175 5313 3287 5383 ipse
3315 5317 3572 5377 Dominus
3599 5326 3675 5380 le—

2080 5382 2151 5436 cit
2180 5384 2277 5439 sibi
2308 5400 2527 5444 carnem
2555 5391 2607 5444 in
2642 5403 2791 5449 utero
2819 5396 3068 5468 virginis,
3101 5404 3216 5460 sine
3247 5406 3465 5466 homine
3493 5426 3668 5485 μήτε,

2142 5518 2429 5597 ‘Exordium
2452 5525 2695 5597 credimus
2716 5528 3019 5597 decurtatum
3051 5550 3062 5583 :
3092 5544 3144 5585 et
3163 5547 3303 5590 certe
3337 5545 3583 5596 ampullis
3618 5549 3667 5597 in

2076 5581 2411 5692 manuum-iliis
2434 5594 2541 5646 post
2563 5587 2751 5638 titulum
2777 5581 3266 5662 ιτιιξιιιίιιὶιιιὲξὲιξᾶέ

2076 5653 2180 5691 mus
2196 5648 2308 5692 nata
2327 5656 2402 5692 em
2433 5645 2561 5692 (titan
2583 5661 2898 5692 armatu-mm
2937 5656 3122 5692 ηηηηιηε

2074 5653 2180 5712 inus
2196 5646 2402 5712 natalem
2433 5646 2561 5712 (titan
2583 5646 2898 5712 prmursoris
2930 5646 3135 5709 Domini.

2138 5705 2153 5725 ’
2178 5706 2443 5770 tastigatus
2463 5710 2522 5757 ad
2548 5705 2651 5761 tr'es
2671 5712 2733 5762 ci.
2758 5713 2817 5766 ad
2838 5728 2915 5779 gr.
2941 5730 2981 5766 r.
3006 5705 3156 5773 uilli.
3185 5731 3233 5776 et
3253 5726 3312 5777 ad
3341 5737 3437 5780 tm.
3459 5736 3534 5781 tu.
3561 5740 3660 5785 Par.

2073 5771 2206 5883 Lnlt!)
2240 5826 2378 5884 Alias.
2416 5830 2471 5879 εΗ
2506 5833 2632 5884 inter
2665 5839 2892 5891 Homilies
2914 5841 2994 5891 50.
