3974 6170
267 346 400 406 1513

262 462 351 532 qui
380 459 499 514 fecit
528 459 751 530 primum
780 457 1047 511 hominem
1076 455 1190 507 sine
1215 458 1360 520 patre
1385 457 1437 502 et
1461 453 1646 501 matre.
1684 441 1847 495 Nemo

261 553 481 607 surreait
503 552 565 607 in
584 553 716 606 natis
742 551 1005 605 mulierum
1028 547 1192 616 major
1210 543 1410 598 Joanne
1434 539 1683 610 Baptista;
1716 536 1847 589 Tam

267 659 487 715 magnus
517 646 660 698 visus
689 654 771 697 est
800 641 1050 705 Joannes,
1081 646 1138 691 ut
1165 652 1192 690 a
1221 633 1485 689 nonnullis
1509 630 1668 686 etiam
1697 626 1850 683 Chri-

265 748 382 790 stus
413 741 706 805 putaretur.
736 732 845 787 Nec
874 733 925 786 in
953 728 1199 799 superbia
1224 740 1316 781 sua
1337 724 1565 779 alienum
1593 728 1675 775 cst
1698 732 1850 773 sectio

267 836 354 881 tus
375 840 631 889 errorem,
665 838 763 880 nec
787 837 948 878 ausus
972 829 1053 875 est
1078 819 1274 883 dicere,
1301 816 1427 872 Sum
1454 811 1595 884 quod
1624 810 1846 881 putatis:

263 919 383 985 sed,
415 918 555 988 quod
582 918 776 973 bonum
801 922 915 969 erat
939 913 1008 977 ei,
1037 922 1097 967 se
1121 909 1353 980 agnovit,
1376 915 1437 961 ut
1464 905 1529 960 ad
1561 903 1722 973 pedes
1748 902 1854 954 Do-

267 1009 421 1071 mini.
438 1020 489 1063 et
511 1006 577 1062 ad
599 1005 880 1076 cerrigiam
896 998 1241 1059 ealceamehti
1259 1012 1444 1053 servus
1460 995 1677 1049 humilia
1686 1000 1848 1058 retur,

267 1110 349 1154 ne'
362 1106 521 1153 vento
551 1095 811 1166 superbia:
841 1095 1071 1149 lucerna'
1086 1091 1528 1159 exstingueretnr.

340 1188 570 1245 CAPUT
601 1188 663 1243 ll.
684 1217 756 1228 -—
777 1187 834 1241 2.
865 1183 1071 1239 Natalis
1096 1181 1282 1237 Christi
1307 1190 1352 1235 et
1376 1178 1593 1232 Joannis
1618 1191 1710 1229 cur
1726 1173 1855 1226 cele-

270 1283 470 1349 bretur,
503 1295 602 1335 non
643 1280 879 1334 aliorum.
917 1275 1151 1344 Denique
1184 1273 1306 1343 quia
1352 1271 1403 1324 in
1443 1283 1633 1338 magno
1670 1280 1853 1320 sacra-

272 1384 456 1429 mento
486 1384 642 1426 natus
670 1378 751 1425 est
774 1369 1023 1428 Joannes,
1056 1365 1222 1435 ipsius
1245 1362 1407 1415 solius
1431 1359 1559 1429 justi
1582 1360 1596 1389 ¹
1626 1357 1853 1410 natalem

269 1465 423 1519 diem
444 1462 675 1518 celebrat
705 1458 961 1515 Ecclesia.
996 1456 1063 1510 Et
1083 1454 1280 1510 Natalis
1303 1451 1506 1505 Domini
1534 1448 1852 1511 celebratur,

272 1556 367 1610 sed
401 1564 649 1623 tanquam
676 1550 901 1605 Domini.
936 1548 1066 1602 Date
1093 1544 1217 1599 mihi
1243 1543 1401 1596 alium
1429 1555 1639 1595 servum
1664 1544 1858 1606 praeter

271 1649 533 1704 Joannem
576 1645 713 1698 inter
751 1639 1119 1703 Patriarchas,
1166 1636 1305 1691 inter
1346 1630 1675 1701 Prophetas,
1721 1630 1858 1683 inter

275 1739 582 1809 Apostolos,
605 1733 757 1805 cujus
778 1732 1009 1787 natalem
1033 1728 1173 1784 diem
1201 1726 1436 1781 celebret
1459 1722 1693 1778 Ecclesia
1712 1718 1860 1774 Chri-

275 1832 364 1884 sti.
398 1828 708 1884 Passienum
736 1824 875 1878 diem
902 1821 1075 1876 servis
1099 1817 1338 1890 plurimis
1366 1814 1697 1870 celebramus
1727 1828 1740 1865 :
1768 1825 1861 1864 na-

279 1919 494 1974 tivitatis
534 1916 675 1971 diem
717 1912 949 1973 nemini.
996 1910 1096 1964 nisi
1133 1906 1346 1965 Joanui.
1384 1903 1619 1959 Audistis
1647 1898 1860 1971 quando

284 2008 623 2079 Evangelium
663 2002 962 2075 legebatur,
996 2000 1086 2070 qui
1115 1997 1245 2053 ordo
1272 1990 1429 2051 fuerit
1454 1993 1728 2047 amborum
1761 2004 1860 2044 na-

250 2098 559 2163 ‘scentium,
592 2094 935 2166 praecursoris
963 2102 1017 2145 et
1046 2088 1422 2151 Dominatoris,
1454 2095 1507 2140 et
1534 2085 1675 2154 quod
1704 2083 1861 2153 paulo

281 2198 403 2244 ante
423 2188 553 2255 dixi,
575 2185 837 2258 praeconis
858 2194 908 2237 et
929 2181 1151 2247 Judicis,
1180 2178 1324 2234 vocis
1350 2187 1402 2232 et
1424 2176 1602 2231 Verbi.
1627 2174 1862 2243 Angelus

281 2280 495 2338 Gabriel
536 2278 738 2333 nuntiat
769 2276 1060 2339 Joannem,
1092 2270 1231 2327 idem
1262 2270 1375 2341 ipse
1403 2266 1621 2336 angelus
1651 2263 1861 2319 Gabriel

280 2373 491 2428 nuntiat
519 2369 799 2424 Dominum
826 2366 1005 2421 Jesum
1035 2363 1325 2418 Christum.
1359 2357 1616 2413 Praecedit
1646 2354 1750 2418 ille,
1781 2367 1865 2406 sc-

280 2466 464 2535 quitur
505 2462 594 2516 ille
635 2479 649 2513 :
692 2458 780 2513 ille
820 2454 1072 2527 pnecedit
1107 2449 1481 2521 obsequendo,
1513 2447 1749 2516 sequitur
1778 2444 1867 2498 ille

283 2553 517 2627 regendo
536 2554 580 2607 ¹.
610 2550 861 2619 Sequitur
890 2546 1031 2601 enim
1060 2542 1346 2609 nascendo,
1375 2538 1641 2594 antecedit
1674 2551 1865 2606 regen-

284 2650 354 2701 do
387 2664 398 2699 :
431 2644 553 2714 quia
590 2650 648 2697 et
689 2642 860 2710 ipsum
906 2637 1164 2691 Joannem
1207 2632 1405 2688 creavit
1441 2631 1717 2693 Christus,
1751 2636 1870 2696 post

286 2753 444 2809 quem
463 2744 676 2792 creatus
698 2741 777 2787 est
800 2730 1065 2792 Christus,
1090 2736 1139 2782 et
1161 2734 1368 2781 ercator
1387 2735 1439 2778 et
1458 2732 1667 2779 creatus
1685 2737 1700 2787 ;
1722 2734 1870 2774 crea-

289 2838 373 2883 tor
392 2834 514 2881 ante
535 2834 781 2885 matrem,
808 2829 1018 2874 creator
1044 2815 1246 2880 matris,
1277 2821 1485 2868 creatus
1511 2813 1564 2866 in
1587 2819 1776 2865 matre.
1805 2809 1871 2864 Et

289 2918 413 2989 quid
438 2918 608 2971 dicam
626 2954 641 2981 ,
669 2922 878 2968 creator
904 2918 1027 2964 ante
1056 2908 1322 2961 matrem?
1348 2905 1476 2959 Ante
1505 2903 1757 2956 Abraham
1780 2916 1871 2973 ego

290 3027 424 3073 sum,
443 3009 556 3078 ipse
584 3006 737 3067 dixit,
770 3001 1112 3070 Evangeliqu
1145 2998 1373 3068 loquitur
1390 2995 1566 3068 (Joan.
1597 3009 1707 3058 vni,
1740 2991 1866 3061 δεμ

290 3103 489 3165 audite,
520 3099 605 3153 vel
631 3097 810 3166 legite.
837 3093 944 3149 Sed
968 3106 1149 3161 parum
1171 3098 1272 3155 est,
1295 3098 1417 3143 ante
1438 3085 1704 3141 Abraham
1725 3099 1874 3140 crea-

295 3203 379 3245 tur
403 3208 415 3244 :
444 3198 565 3242 ante
593 3187 760 3241 Adam
790 3192 1018 3245 creator,
1051 3190 1175 3234 ante
1200 3179 1393 3234 etelum
1425 3184 1479 3230 ct
1505 3186 1698 3230 terram
1725 3188 1873 3228 crea-

294 3296 407 3345 tor,
453 3290 574 3335 ante
620 3292 805 3332 omnes
848 3273 1080 3343 Angelos
1125 3272 1528 3337 universumque
1576 3275 1873 3321 creaturam

293 3372 625 3450 spiritualem
644 3412 657 3434 ,
689 3367 934 3422 Tln'onos
954 3405 968 3429 ,
1013 3362 1433 3426 Dominationes,
1464 3359 1791 3427 Principatus
1821 3365 1876 3411 et

298 3449 613 3528 ιίοιρειαίρς,
646 3471 770 3519 ante
791 3458 964 3511 omnia
987 3464 1213 3509 creator.
1244 3452 1373 3519 Quia
1399 3452 1450 3505 in
1478 3449 1743 3520 principio,
1768 3462 1874 3501 non

295 3572 379 3618 est
407 3561 600 3615 factum
632 3555 894 3618 Verbum,
923 3547 1013 3605 sel
1045 3553 1150 3604 erat
1182 3544 1426 3611 Verbum,
1458 3553 1502 3595 et
1531 3540 1746 3600 Verbum
1772 3546 1876 3595 erat

296 3652 437 3724 apud
465 3649 646 3711 Deum,
676 3657 721 3700 et
742 3646 877 3699 Deus
903 3655 1008 3699 erat
1040 3642 1252 3696 Verbum
1276 3659 1294 3693 :
1314 3642 1407 3693 ltoc
1427 3650 1529 3692 erat
1556 3639 1607 3690 in
1630 3636 1877 3706 principio

298 3745 437 3814 apud
460 3742 640 3798 Deum.
667 3738 850 3794 Omnia
877 3753 962 3807 per
984 3736 1150 3803 ipsum
1173 3733 1306 3800 facta
1327 3740 1440 3784 sunt
1469 3728 1645 3800 (Joan.
1672 3744 1708 3794 t,
1734 3725 1877 3797 1-5).

296 3839 354 3891 Si
386 3835 594 3898 omnia,
626 3830 851 3885 visibilia
881 3835 935 3880 et
964 3822 1281 3888 invisibilia,
1312 3820 1504 3875 omium
1535 3826 1588 3872 et
1626 3827 1794 3881 terra,
1826 3823 1881 3870 et

302 3930 449 3998 virgo
473 3923 631 3981 Maria
659 3920 814 3990 :quia
841 3926 896 3971 et
921 3916 1067 3986 virgo
1092 3914 1251 3968 Maria
1278 3912 1345 3967 de
1375 3920 1536 3975 terra,
1566 3920 1615 3964 et
1642 3908 1881 3963 Christus

305 4025 471 4076 l'actor
501 4028 657 4074 terra:
689 4016 855 4068 factus
882 4018 965 4066 est
992 4009 1059 4064 dc
1090 4017 1222 4063 terra
1241 4049 1256 4075 ,
1298 4007 1418 4077 quia
1456 4005 1635 4058 veritas
1663 4003 1726 4058 de
1751 4012 1882 4055 terra

265 4177 269 4181 ,
304 4125 412 4169 orta
439 4123 509 4166 est
541 4107 707 4180 (Psal.
738 4119 955 4170 Lxxxw,
986 4102 1093 4174 12).
1762 4082 1767 4086 ’

374 4201 601 4259 CAPUT
622 4198 858 4253 ιιι-δ.
890 4196 1114 4250 Joannes
1141 4193 1253 4247 ideo
1281 4200 1445 4246 tantus
1468 4193 1638 4254 homo,
1660 4200 1713 4243 ut
1739 4188 1881 4243 Chri-

304 4306 379 4351 sto
401 4311 454 4348 se
495 4292 766 4346 humilians
788 4330 803 4355 ,
835 4304 947 4341 cum
987 4284 1102 4356 plus
1126 4300 1273 4356 quant
1299 4282 1548 4337 hominem
1580 4298 1686 4337 esse
1722 4291 1885 4335 osten-

303 4390 410 4441 dat.
461 4384 697 4439 Breviter
725 4396 852 4449 ergo
886 4376 1201 4432 commendo
1234 4375 1486 4431 Charitati
1530 4383 1718 4429 vestra:
1769 4389 1887 4427 ma-

302 4493 465 4549 gnum
490 4482 901 4530 sacramentum.
929 4468 1186 4535 Quoniam
1216 4466 1363 4520 nmlli
1391 4465 1546 4520 futuri
1586 4473 1735 4519 erant
1756 4507 1771 4532 ,
1797 4465 1885 4534 qui

307 4574 552 4638 putarent
580 4563 848 4618 Christum
876 4574 980 4614 non
1011 4573 1129 4612 esse
1170 4558 1266 4611 nisi
1300 4556 1589 4622 hominem,
1615 4555 1742 4609 nihil
1768 4570 1887 4610 esse

305 4661 534 4731 amplius
574 4671 731 4727 quam
770 4653 1040 4709 hominem
1074 4670 1085 4704 :
1116 4650 1234 4705 ideo
1278 4664 1500 4720 magnus
1541 4649 1732 4710 homo,
1784 4662 1888 4718 quo

306 4768 477 4822 major
514 4751 565 4806 in
607 4746 909 4801 hominibus
956 4759 1057 4796 non
1090 4741 1218 4803 fuit,
1247 4740 1516 4810 perhibuit
1556 4741 1604 4794 ei
1647 4738 1886 4792 testimo-

307 4847 455 4901 nium
499 4841 763 4901 Joannes,
799 4835 1079 4898 subditus,
1123 4833 1419 4895 inclinatus,
1465 4830 1791 4884 humiliatus.
1831 4826 1887 4882 In

310 4944 562 5007 quantum
608 4946 665 4985 sc
712 4924 965 4982 humilem
1013 4920 1427 4988 reddidisset,si
1471 4921 1677 4975 solvere
1725 4920 1892 4974 corri-

308 5028 450 5098 giam
492 5019 834 5079 calceameuti
862 5019 1006 5086 ejus,
1033 5014 1250 5084 dignum
1280 5028 1337 5067 se
1365 5026 1486 5068 esse
1525 5010 1779 5066 dixisset?
1799 5009 1891 5064 At-

313 5117 514 5174 tendite
539 5117 592 5171 in
618 5126 809 5182 magno
829 5116 1164 5164 sacramento
1185 5106 1205 5136 ³
1224 5106 1501 5175 corrigiam
1522 5103 1887 5159 calceamenti.

309 5213 576 5278 Quantum
608 5202 823 5259 humilis
859 5199 1149 5255 exstitisset
1175 5241 1188 5263 ,
1222 5208 1274 5252 et
1301 5199 1343 5251 si
1379 5212 1437 5251 se
1460 5197 1693 5252 Joannes
1722 5197 1889 5251 dixis-

311 5312 395 5359 set
421 5297 671 5370 dignum?
696 5294 831 5363 Quid
862 5293 982 5347 fecit
1006 5333 1018 5356 ,
1047 5289 1271 5345 dicendo
1298 5304 1355 5344 se
1386 5289 1654 5360 indignum
1678 5289 1733 5343 ’Ὗ
1762 5289 1893 5361 Pro:-

382 5480 401 5510 '
418 5476 495 5528 sic
514 5484 619 5526 uss.
643 5472 763 5523 Editt
791 5483 929 5529 vei-0,
949 5469 1096 5531 justo.

376 5541 399 5572 ⁸
422 5526 519 5589 hoc
554 5537 659 5588 loco
682 5543 786 5587 tres
805 5526 1132 5594 manusuam,
1154 5526 1400 5594 rogitando
1412 5541 1431 5591 ,'
1451 5527 1543 5580 sed
1562 5539 1734 5580 omnes
1754 5526 1893 5589 inira,

314 5612 615 5713 rcges’i‘tiot'res
648 5665 755 5708 Mss.
797 5655 881 5707 Αιίἰ
916 5661 1079 5706 autem
1101 5666 1210 5704 cum
1235 5652 1396 5713 editis,
1414 5650 1465 5702 in
1485 5664 1657 5713 magno
1678 5650 1879 5704 Christo.

378 5725 402 5755 δ
424 5725 497 5773 sic
518 5717 959 5785 melioresMss._Alii
976 5730 1110 5785 vero,
1124 5714 1206 5780 qui
1215 5712 1402 5785 _se[ecil
1418 5712 1625 5765 dicendo
1634 5712 1896 5785 indignum.

317 5794 375 5837 Δι
397 5792 529 5842 ιον..
553 5782 677 5845 quod
703 5782 907 5832 dicendo
929 5782 988 5836 [ιί
1004 5779 1114 5831 isset
1136 5777 1186 5828 se
1207 5777 1476 5841 indignum.

1642 318 1876 382 SERMU
1912 316 2111 376 CCXC.

3402 316 3536 373 ’διδ

1956 446 2135 507 pterea
2161 446 2373 492 notatus
2401 446 2486 494 est
2507 438 2622 493 dies
2652 436 2947 492 nativitatis
2967 437 3101 506 ejus,
3126 443 3175 488 et
3198 431 3539 488 celebrationi

1955 529 2210 584 Ecclesia:
2239 528 2661 584 commendatus.

2023 618 2247 676 CAPUT
2286 619 2372 674 iV.
2388 621 2519 674 -4.
2540 618 2805 674 Zacharite
2828 627 2876 672 et
2896 617 3081 670 Maria:
3104 615 3275 669 eodem
3303 613 3403 678 [ere
3428 627 3540 664 vcr-

1956 709 2037 775 ba,
2068 726 2167 764 non
2193 710 2369 765 eadem
2395 710 2739 765 incredulitas.
2767 710 2963 763 Verum
2992 709 3212 762 interest
3233 704 3538 774 plurimum,

1958 817 2064 856 non
2093 803 2265 856 solum
2303 801 2358 856 in
2386 800 2677 866 matribus,
2707 802 2851 869 quod
2886 798 2970 852 illa
3013 798 3160 866 virgo
3183 836 3200 863 ,
3231 795 3319 848 illa
3350 791 3541 847 mulier

1958 891 2117 948 fuerit
2163 893 2393 958 sterilis;
2418 892 2505 946 illa
2534 891 2602 947 de
2643 890 2842 960 Spiritu
2886 899 3072 944 saneto
3105 891 3319 957 pariens
3348 886 3543 941 Filium

1961 985 2053 1039 Dei
2076 985 2356 1038 Dominum
2379 991 2621 1039 nostrum
2644 1023 2659 1047 ,
2689 982 2777 1036 illa
2804 981 2872 1037 de
2899 981 3015 1035 viro
3048 994 3147 1034 suo
3174 993 3303 1034 sene
3328 976 3544 1048 pariens

1960 1091 2341 1145 prmeursorem
2385 1076 2612 1131 Domini.
2647 1075 2715 1129 Et
2744 1075 2871 1129 illud
2899 1072 3175 1129 attendite.
3223 1071 3339 1127 Non
3363 1070 3539 1125 credi-

1958 1170 2036 1225 dit
2070 1169 2375 1223 Zacharias.
2421 1168 2700 1236 Quomodo
2735 1181 2840 1222 non
2880 1166 3141 1222 credidit?
3182 1164 3438 1231 Quaesivit
3469 1163 3545 1217 ab

1959 1262 2147 1332 angelo
2171 1276 2267 1332 per
2289 1260 2414 1331 quid
2449 1270 2795 1331 cognosceret
2832 1259 2972 1329 quod
3004 1257 3380 1327 promittebat,
3409 1270 3544 1326 quo-

1962 1356 2103 1409 niam
2126 1354 2238 1423 ipse
2266 1363 2382 1408 erat
2402 1368 2593 1417 senex,
2624 1360 2677 1407 et
2702 1367 2835 1405 uxor
2855 1352 2971 1418 ejus
2998 1357 3329 1418 processerat
3351 1348 3402 1401 in
3430 1347 3545 1401 dic-

1963 1444 2061 1499 hus
2089 1446 2220 1500 suis.
2255 1446 2317 1498 Et
2338 1445 2476 1498 dixit
2500 1445 2574 1497 illi
2598 1442 2814 1512 angelus
2845 1460 2857 1494 :
2890 1439 3022 1495 Ecce
3047 1441 3143 1494 eris
3167 1450 3356 1503 tacens,
3379 1451 3424 1492 et
3447 1455 3547 1492 non

1963 1538 2151 1607 poteris
2179 1537 2315 1605 loqui
2345 1552 2500 1607 usque
2524 1536 2577 1588 in
2607 1534 2739 1587 diem
2764 1548 2863 1603 quo
2890 1532 2996 1585 haec
3022 1533 3166 1599 ﬁant,
3189 1538 3394 1602 prapter
3411 1529 3547 1598 quod

1959 1646 2061 1697 non
2088 1629 2346 1682 credidisti
2370 1628 2528 1682 verbis
2558 1627 2710 1689 meis,
2741 1641 2853 1696 quae
2873 1625 3208 1694 implebantur
3241 1623 3294 1676 in
3328 1633 3551 1691 tempore

1961 1738 2071 1775 suo.
2108 1720 2245 1776 Idem
2274 1720 2387 1787 ipse
2413 1718 2631 1788 angelus
2658 1717 2799 1772 venit
2819 1714 2884 1769 ad
2909 1714 3147 1778 Mariam,
3172 1714 3377 1767 nuntiat
3395 1711 3549 1767 (ξιιγί-

1963 1822 2102 1866 stum
2134 1812 2458 1868 nasciturum
2485 1826 2552 1864 ex
2578 1825 2640 1863 ea
2671 1809 2723 1862 in
2753 1823 2931 1870 carne,
2959 1815 3013 1859 et
3034 1805 3192 1858 Maria
3220 1804 3323 1857 tale
3347 1802 3549 1872 aliquid

1965 1903 2107 1958 dicit.
2139 1904 2229 1957 Ille
2265 1903 2406 1956 enim
2442 1901 2573 1956 dixit
2603 1919 2614 1953 :
2654 1899 2752 1952 Per
2781 1900 2901 1971 quid
2924 1912 3237 1967 cognoscam,
3277 1895 3409 1948 hoc?
3441 1893 3553 1963 Ego

1965 1997 2095 2051 alia!
2126 2012 2237 2050 sum
2257 2010 2409 2049 senex
2429 2036 2441 2056 ,
2469 2003 2517 2047 et
2550 2009 2678 2046 uxor
2706 2007 2815 2044 mea
2856 1994 3093 2058 processit
3130 1988 3182 2041 in
3215 1986 3388 2041 diebus
3423 1987 3543 2039 suis.

1966 2090 2035 2144 Et
2062 2087 2260 2143 dicitur
2283 2088 2332 2141 ei
2368 2105 2381 2140 :
2414 2084 2546 2139 Ecce
2590 2085 2690 2138 eris
2728 2093 2899 2136 tacens
2925 2099 2942 2135 :
2967 2092 3014 2135 ct
3045 2098 3143 2135 non
3190 2080 3378 2150 poteris
3417 2078 3553 2147 loqui

1965 2196 2124 2251 usque
2151 2181 2202 2233 in
2232 2179 2363 2233 diem
2405 2194 2504 2247 quo
2529 2178 2636 2231 haec
2674 2176 3032 2245 implebantur,
3070 2183 3270 2244 praptcr
3294 2170 3428 2241 quod
3452 2186 3555 2223 non

1968 2270 2225 2325 credidisti
2248 2271 2404 2322 verbis
2436 2269 2578 2321 meis.
2622 2266 2686 2320 Et
2714 2266 2917 2333 accepit
2943 2264 3258 2332 supplicium
3286 2260 3558 2315 taciturnu-

1972 2363 2126 2425 tatis,
2162 2361 2352 2414 merito
2389 2357 2733 2412 inﬁdelitatis.
2767 2356 2904 2423 Quid
2947 2353 3155 2408 dixerat
3202 2349 3460 2420 propheta
3489 2348 3559 2401 de

1969 2449 2205 2505 Joanne?
2248 2448 2356 2504 Vos:
2391 2447 2657 2502 clamantis
2690 2442 3099 2515 ineromo(1sai.
3135 2457 3205 2495 xt.
3227 2480 3244 2506 ,
3272 2441 3348 2510 ὅ).
3394 2438 3558 2493 Tacet

1971 2541 2252 2597 Zacharias
2282 2548 2627 2609 generaturus
2657 2549 2862 2590 vocem.
2893 2533 3025 2601 Quia
3050 2547 3155 2586 non
3193 2528 3451 2593 credidit,
3480 2536 3555 2581 ta-

1972 2636 2116 2688 cuit:
2151 2634 2342 2687 merito
2366 2631 2627 2686 obmutuit
2669 2641 2944 2699 quousque
2984 2642 3085 2679 vox
3125 2632 3453 2679 nasceretur.
3499 2620 3558 2675 Si

1973 2728 2114 2781 enim
2155 2737 2296 2780 recte
2333 2725 2530 2778 dictum
2557 2736 2636 2778 est
2659 2765 2672 2789 ,
2706 2723 2812 2775 imo
2826 2706 2970 2789 'quia
3005 2718 3156 2773 valde
3189 2727 3334 2771 recte
3359 2715 3560 2771 dictum

1974 2830 2054 2874 εει
2083 2817 2133 2870 in
2164 2825 2350 2871 sancto
2397 2816 2601 2884 psalmo
2625 2854 2640 2878 ,
2672 2812 2872 2866 Credidi
2894 2853 2908 2874 ,
2957 2817 3159 2879 propter
3191 2808 3324 2875 quod
3366 2805 3561 2861 locutus

1974 2926 2085 2964 sum
2112 2908 2283 2980 (Paul.
2324 2923 2448 2973 ειν,
2485 2905 2572 2976 10)
2604 2924 2615 2961 :
2648 2905 2768 2975 quia
2796 2920 2902 2957 non
2933 2901 3202 2964 credebat,
3235 2898 3424 2954 merito
3454 2913 3561 2951 non

1978 3003 2311 3073 loquebatur.
2345 3002 2449 3056 Sed
2477 3016 2606 3071 rogo
2625 3040 2640 3065 ,
2677 3001 2896 3053 Domine
2918 3039 2932 3061 ,
2965 3012 3083 3051 cum
3113 2994 3452 3049 audientibus
3477 3007 3564 3070 nte

1980 3064 2177 3165 pariter
2202 3093 2374 3162 pulso,
2405 3064 2754 3160 aper-inobis,
2788 3102 2995 3158 expone
3028 3085 3181 3140 nobis
3203 3085 3327 3155 quid
3349 3083 3449 3138 sibi
3477 3064 3564 3137 ve-

1980 3188 2041 3241 lit
2066 3188 2181 3241 hmc
2207 3187 2455 3256 quaastjo.
2488 3186 2687 3237 Causas
2711 3182 2901 3250 qua-rit
2940 3178 3225 3233 Zacharias
3248 3178 3316 3232 ab
3341 3176 3563 3246 angelo,

1978 3292 2079 3347 per
2097 3276 2222 3348 quid
2246 3283 2594 3346 cognosceret
2621 3271 2763 3344 quod
2789 3271 2862 3324 illi
2900 3271 3265 3323 annuntiatum
3296 3279 3396 3332 est,
3429 3282 3565 3338 quo-

1983 3371 2121 3423 niam
2170 3384 2333 3422 senex
2357 3376 2504 3430 erat,
2535 3377 2589 3419 et
2633 3381 2764 3418 uxor
2799 3363 2917 3432 ejus
2956 3375 3232 3431 progressa
3284 3361 3334 3413 in
3376 3358 3568 3414 diebus

1980 3462 2092 3517 suis
2122 3478 2132 3512 :
2166 3460 2362 3512 dicitur
2383 3458 2431 3510 ci
2459 3496 2473 3520 ,
2514 3456 2765 3522 Quoniam
2812 3470 2914 3507 non
2943 3452 3200 3504 credidisti
3220 3492 3235 3515 ,
3258 3451 3354 3503 eris
3377 3460 3565 3504 tacens.

1978 3551 2261 3612 Nuntiatur
2285 3546 2523 3600 Christus
2546 3544 2735 3614 virgini
2758 3542 2959 3604 Mariae,
2987 3552 3040 3595 et
3062 3543 3171 3610 ipsa
3193 3554 3403 3594 causam
3426 3556 3567 3609 quae-

1980 3658 2070 3716 rit,
2103 3656 2159 3704 et
2181 3647 2307 3701 dicit
2334 3645 2542 3713 angelo,
2570 3634 2835 3708 Quomodo
2855 3634 2939 3704 [iet
2960 3632 3093 3685 istud
3109 3632 3381 3700 ?quoniaut
3406 3632 3568 3684 virum

1983 3757 2084 3795 non
2113 3754 2376 3810 cognosco.
2410 3735 2477 3790 Et
2516 3734 2631 3797 ille,
2664 3732 2765 3786 Per
2801 3730 2922 3804 quid
2959 3738 3258 3801 cognoscam
3301 3722 3429 3776 hoc?
3454 3720 3570 3792 Ego

1985 3831 2115 3885 enim
2140 3841 2251 3883 sum
2274 3842 2446 3892 senem,
2471 3834 2515 3879 et
2529 3840 2656 3879 uxor
2672 3840 2780 3877 mea
2796 3837 3058 3893 progressa
3084 3821 3141 3873 in
3160 3820 3335 3879 diebus
3355 3811 3476 3873 suis.
3506 3813 3573 3866 Et

1987 3926 2096 3992 illa,
2144 3923 2410 3991 Quomodo
2458 3921 2541 3989 ﬁet
2603 3917 2780 3972 istud?
2829 3916 3081 3983 Quoniam
3131 3915 3292 3966 virum
3340 3930 3438 3967 non
3487 3931 3570 3966 co—

1986 4030 2193 4090 gnosco.
2221 4014 2298 4069 Illi
2327 4013 2542 4077 dicitur,
2565 4008 2809 4074 Tacebis,
2839 4007 2961 4077 quia
2987 4020 3092 4061 non
3135 4004 3311 4060 credis
3342 4022 3356 4056 :
3385 4005 3459 4058 illi
3479 4020 3571 4058 au-

1990 4121 2092 4164 tem
2124 4122 2281 4163 causa
2307 4105 2591 4175 exponitur
2613 4144 2628 4168 ,
2652 4101 2921 4154 silentium
2945 4113 3050 4153 non
3092 4097 3400 4167 imponitur.
3431 4096 3570 4160 ρηο-

1988 4201 2139 4256 modo
2163 4201 2249 4268 [iet
2275 4196 2457 4251 istud?
2488 4194 2739 4260 Quoniam
2765 4193 2926 4245 virum
2951 4206 3049 4244 non
3088 4204 3352 4258 cognosco.
3385 4187 3449 4241 Et
3470 4202 3569 4241 an-
3652 4200 3659 4207 ’

1991 4294 2141 4365 gelus
2170 4309 2183 4344 :
2219 4290 2445 4359 Spiritus
2470 4296 2672 4341 sanctus
2707 4282 3017 4353 superveniet
3042 4281 3199 4344 inte,
3223 4288 3267 4332 et
3294 4280 3447 4332 virtus
3478 4277 3570 4331 Al-

1993 4384 2171 4439 tissimi
2193 4378 2508 4435 obumbrabit
2545 4376 2649 4430 tibi.
2684 4374 2824 4428 Ecce
2847 4370 3115 4443 quomodo
3144 4371 3230 4423 lict
3260 4367 3398 4438 quod
3424 4381 3573 4437 qum-

1990 4477 2065 4533 ris
2086 4516 2100 4541 ,
2131 4487 2258 4530 ecce
2293 4468 2559 4541 quomodo
2597 4467 2766 4521 virum
2799 4479 2903 4518 non
2949 4462 3223 4532 cognoscis
3264 4471 3317 4515 et
3363 4458 3572 4529 paries,

1993 4581 2118 4622 ecce
2138 4563 2407 4635 quomodo
2432 4580 2443 4615 :
2469 4560 2591 4629 quia
2624 4558 2851 4628 Spiritus
2870 4563 3070 4611 sanctus
3094 4553 3401 4624 superveniet
3426 4553 3476 4604 in
3506 4561 3572 4613 te,

1994 4669 2039 4714 et
2060 4658 2216 4711 virtus
2236 4652 2481 4707 Altissimi
2517 4648 2828 4705 obnmbrabit
2857 4645 2963 4699 tibi.
3009 4644 3123 4699 Non
3171 4644 3359 4698 timeas
3384 4651 3571 4696 uastum

1998 4750 2253 4816 libidinis,
2276 4747 2376 4804 sub
2397 4753 2557 4800 tanta:
2578 4741 2888 4798 umbraculo
2913 4737 3227 4795 sanctitatis.
3249 4739 3422 4803 Quare
3439 4734 3574 4787 huc?

1995 4844 2051 4900 Si
2093 4843 2252 4899 verba
2306 4837 2678 4900 attendamus,
2724 4841 2815 4887 aut
2854 4832 3010 4886 ambo
3056 4828 3436 4891 crediderunt,
3482 4834 3574 4879 aut

1994 4935 2153 4990 ambo
2190 4932 2581 4993 dubitaverunt,
2639 4924 2920 4978 Zacharias
2972 4929 3026 4975 et
3084 4918 3263 4973 Maria.
3316 4916 3420 4972 Sed
3478 4932 3593 4975 tios.

1995 5026 2157 5081 verba
2200 5022 2436 5076 valemus
2478 5017 2665 5072 audire
2697 5032 2711 5067 :
2745 5014 2884 5068 Deus
2912 5019 3088 5081 potest
3115 5018 3169 5065 et
3204 5008 3363 5063 corda
3408 5007 3576 5060 inter-

1996 5131 2208 5187 rogare.

2067 5204 2291 5262 CAPUT
2332 5202 2394 5256 ν.
2422 5230 2495 5241 -
2519 5200 2573 5255 5.
2603 5196 2881 5252 Zacharias
2917 5194 3227 5265 desperando
3265 5192 3571 5261 interrogat,

2002 5299 2175 5354 Mario
2195 5293 2516 5365 inquirendo.
2554 5288 2733 5345 Gratia
2761 5286 2857 5340 Dei
2885 5301 3037 5355 quam
3065 5283 3286 5338 monium
3313 5282 3364 5335 in
3411 5283 3579 5334 incar-

2000 5390 2201 5444 natione
2238 5382 2402 5442 Verbi.
2433 5379 2808 5450 lntelligimus,
2836 5372 3169 5439 eharissimi,
3196 5370 3445 5441 quoniam
3480 5370 3579 5422 Za.

2001 5480 2212 5537 chnrias
2239 5474 2449 5547 quando
2474 5473 2570 5537 ait,
2596 5469 2699 5525 Per
2715 5467 2837 5538 quid
2861 5480 3158 5537 cognoscam
3181 5464 3312 5517 hoc?
3333 5478 3425 5533 ego
3443 5463 3579 5515 enim

2003 5592 2114 5631 sum
2141 5587 2293 5629 senes:
2311 5612 2323 5635 ,
2355 5578 2400 5624 et
2427 5584 2557 5623 uxor
2591 5580 2702 5620 mea
2743 5576 3006 5633 progressa
3030 5559 3081 5613 in
3111 5558 3282 5612 diebus
3319 5557 3452 5620 suis,
3482 5555 3577 5611 de-

2006 5664 2269 5737 sperando
2297 5662 2466 5724 dixit,
2498 5674 2604 5714 non
2646 5653 2959 5725 inquirendo
2984 5669 3001 5707 ηε
3028 5650 3191 5706 Maria
3214 5663 3343 5704 vero
3370 5646 3580 5718 quando

2008 5784 2039 5821 e
2072 5769 2255 5818 contra
2283 5758 2377 5820 ait,
2407 5752 2668 5822 Quomodo
2695 5749 2780 5818 [tet
2805 5748 2984 5803 istud?
3010 5747 3243 5819 quoniam
3272 5744 3428 5812 rjrutn
3480 5755 3576 5796 non
