3954 6198
412 285 554 345 ωδ

412 415 678 474 cognosco,
707 394 1022 466 inquirendo
1049 392 1203 458 dixit,
1229 407 1334 446 non
1363 389 1720 460 desperando.
1764 387 1896 443 Dum
1921 389 1994 443 in-

411 492 718 561 terrogavit,
751 501 854 540 non
881 485 948 540 de
976 483 1328 554 promissione
1354 480 1633 536 dubitavit.
1660 479 1705 537 Ο
1729 495 1853 537 vere
1872 494 1995 550 gra-

410 582 478 637 tia
511 583 664 652 plena
693 581 706 633 !
739 578 829 636 Sic
851 585 938 631 est
960 575 1103 630 enim
1129 573 1197 628 ab
1217 573 1407 643 angelo
1437 574 1685 637 salutata,
1716 572 1837 636 Are,
1869 587 1992 642 gra-

374 676 475 726 'tia
516 673 683 742 plena.
738 667 866 736 Quis
919 667 1056 722 hanc
1110 665 1341 734 explicet
1383 663 1644 732 gratiam?
1687 663 1817 730 Quis
1871 661 1996 716 huic

404 765 589 833 gratim
614 763 812 832 gratias
839 760 1043 831 agendo
1059 756 1320 813 sufﬁciat?
1346 756 1428 812 Fit
1450 757 1630 821 homo,
1649 764 1704 810 et
1734 771 1828 824 per
1855 754 1994 808 libe-

404 873 520 911 rmn
552 856 828 914 arbitrium
858 856 992 924 perit
1015 853 1176 906 homo
1197 894 1212 918 ,
1243 862 1296 907 et
1324 851 1592 908 invenitur
1627 851 1788 905 homo
1823 848 1994 905 lactus

405 950 492 1018 qui
527 949 669 1012 fecit,
703 964 770 1002 ne
797 948 992 1015 periret
1021 961 1177 1016 quem
1206 944 1349 999 fecit.
1379 943 1433 999 In
1469 943 1730 1014 principio
1759 943 1992 998 Verbum

408 1045 547 1096 Deus
589 1041 730 1110 apud
776 1040 963 1103 Deum,
1017 1055 1109 1108 per
1152 1038 1292 1108 quod
1319 1038 1497 1092 omnia
1543 1037 1675 1090 facta
1721 1044 1877 1100 sunt,
1936 1036 1994 1089 lit

404 1149 529 1187 caro
551 1152 562 1186 :
594 1133 805 1187 Verbum
820 1149 938 1185 caro
959 1137 1142 1202 factum
1157 1141 1246 1190 est.
1261 1139 1308 1184 et
1325 1130 1564 1183 habitavit
1579 1129 1630 1183 in
1648 1128 1788 1183 nobis
1810 1127 1988 1196 (Joan.

407 1243 442 1289 ι,
478 1226 583 1294 Η).
614 1225 750 1280 Caro
779 1228 834 1277 tit
864 1223 1112 1287 Verbum,
1148 1222 1241 1275 sed
1263 1238 1388 1276 caro
1416 1221 1706 1276 acoeditad
1733 1221 1988 1288 Verbum,

408 1332 510 1369 non
543 1316 676 1384 perit
704 1317 756 1369 in
783 1331 942 1369 carne
971 1313 1223 1368 Verbum.
1251 1313 1297 1367 0
1317 1314 1482 1384 gratia
1505 1314 1518 1367 !
1551 1312 1617 1368 Ut
1645 1313 1744 1368 hoc
1769 1312 1994 1368 habere-

408 1423 547 1471 mus,
575 1407 700 1474 quid
721 1407 860 1476 digni
883 1421 1097 1460 eramus
1121 1406 1176 1459 “l

474 1498 702 1553 CAPUT
735 1498 818 1551 VI.
843 1528 912 1537 —
933 1499 986 1551 6.
1021 1497 1230 1562 Diriles,
1259 1497 1314 1550 id
1337 1506 1408 1550 est
1428 1495 1648 1566 superbi.
1671 1495 1991 1550 cxinanirndi

403 1600 555 1652 sunt;
580 1600 626 1642 et
665 1589 965 1652 esurientes,
1011 1588 1065 1641 id
1094 1598 1165 1642 est
1202 1589 1415 1641 humiles
1439 1629 1455 1654 ,
1495 1587 1757 1656 implendi.
1802 1585 1993 1640 Phari-

401 1699 552 1748 stcus,
579 1683 748 1746 dives;
773 1681 1086 1735 Publicnnus
1105 1722 1120 1745 ,
1149 1698 1361 1752 pauper.
1407 1680 1515 1736 Sed
1543 1679 1716 1734 videte
1754 1679 1878 1748 quid
1909 1679 1993 1732 di-

402 1784 484 1826 rat
514 1775 624 1843 ipsa
652 1783 830 1828 sancta
857 1772 1016 1826 Maria
1038 1814 1052 1835 ,
1085 1773 1240 1842 plena
1266 1771 1386 1834 title,
1422 1772 1576 1840 plena
1605 1771 1792 1839 gratia.
1821 1779 1991 1825 mater

391 1865 598 1930 futura,
633 1865 778 1934 virgo
809 1878 1172 1932 permansura.
1206 1862 1340 1930 Quid
1370 1862 1498 1916 dicit
1523 1863 1661 1916 inter
1685 1871 1898 1926 czrtera,
1921 1860 1990 1918 de

401 1956 590 2021 quibus
638 1955 860 2024 singulis
906 1954 1078 2023 loqui,
1111 1954 1264 2007 valdc
1305 1953 1526 2006 multum
1566 1951 1681 2007 est?
1701 1951 1836 2018 Quid
1881 1951 1989 2010 ait?

403 2044 695 2099 Esurientes
720 2045 942 2114 implevit
971 2045 1134 2108 bonis,
1159 2053 1205 2098 et
1225 2044 1403 2097 divites
1423 2044 1614 2096 dimisit
1635 2044 1809 2097 inanes
1835 2042 1986 2115 (Luc.

401 2137 464 2203 ι).
497 2134 594 2200 Qui
627 2145 748 2190 sunt
773 2135 1107 2190 esurientes?
1133 2135 1390 2197 llumiles,
1410 2134 1722 2204 indigentes.
1748 2133 1844 2202 Qui
1868 2144 1992 2193 sunt

400 2226 628 2280 divites?
675 2225 900 2295 Superbi
945 2235 998 2280 et
1047 2225 1231 2280 inﬂati.
1294 2224 1410 2281 Non
1454 2240 1550 2279 vos
1592 2225 1747 2294 longe
1790 2226 1985 2282 mitto:

399 2316 625 2370 ostendo
651 2316 799 2370 vobis
826 2315 985 2370 modo
1015 2321 1068 2369 in
1096 2329 1200 2369 uno
1226 2315 1424 2384 templo
1443 2314 1659 2370 divitem
1681 2315 1748 2371 dc
1771 2316 1874 2370 illis
1899 2316 1989 2386 qui

399 2409 735 2462 dimittuntur
759 2408 945 2462 manes
966 2449 982 2474 ,
1009 2416 1066 2463 ct
1095 2423 1382 2478 pauperem
1410 2407 1479 2462 de
1505 2407 1610 2462 illis
1635 2409 1725 2477 qui
1767 2409 1991 2477 impleu-

401 2503 679 2556 turbonis.
722 2501 1064 2555 Ascenderunt
1099 2501 1201 2554 duo
1238 2501 1292 2554 in
1340 2499 1587 2570 templum
1629 2515 1818 2564 orare;
1859 2517 1990 2558 unus

400 2595 700 2662 pliaristeus,
729 2603 774 2648 et
798 2595 926 2648 alter
953 2594 1270 2663 publicanus.
1304 2592 1597 2647 Pharisaei“
1617 2592 1828 2647 diccbat.
1851 2593 1989 2661 Quid

394 2686 642 2739 diccbat?
668 2685 898 2740 Attende
935 2685 1151 2740 divitem
1194 2684 1454 2754 indigesta
1502 2693 1800 2739 rnctantem
1825 2725 1840 2748 ,
1869 2699 1992 2738 cra-

398 2777 576 2846 pulam
601 2778 961 2844 exhalantem,
987 2778 1078 2832 sed
1108 2778 1392 2846 superbiae,
1418 2792 1521 2831 non
1547 2776 1800 2847 justitite:
1830 2775 1984 2842 Deus,

398 2868 584 2937 inquit,
613 2869 801 2939 gratias
839 2869 925 2922 tibi
948 2883 1044 2938 ago
1063 2909 1076 2934 ,
1109 2869 1227 2939 quia
1254 2884 1354 2922 non
1390 2884 1502 2922 sum
1542 2868 1670 2922 sicut
1699 2867 1865 2921 caeteri
1889 2866 1986 2920 lto-

397 2961 575 3026 inines,
606 2969 854 3030 raptores,
881 2959 1079 3028 injusti,
1110 2958 1360 3024 adulteri,
1384 2958 1516 3011 sicut
1550 2957 1848 3028 publicanus
1871 2957 1986 3014 iste.

393 3049 590 3122 Jejuno
638 3054 712 3106 bis
749 3053 799 3106 in
843 3051 1046 3107 sabbato
1067 3094 1079 3116 ,
1111 3052 1330 3105 decimas
1367 3050 1432 3104 do
1473 3050 1696 3104 omnium
1732 3066 1845 3120 quat
1872 3068 1986 3120 pos-

396 3142 555 3194 sidro.
583 3143 788 3211 Rogare
829 3157 1056 3198 veneras
1075 3184 1092 3207 ,
1116 3157 1182 3196 an
1211 3150 1261 3196 te
1293 3141 1550 3196 laudare?
1578 3141 1770 3196 Totum
1813 3153 1865 3198 te
1895 3143 1988 3198 ha-

396 3235 525 3288 bere
553 3235 735 3288 dixisti
767 3253 780 3288 :
815 3235 947 3287 nihil
979 3244 1226 3302 tanquam
1257 3247 1420 3301 egens
1465 3233 1662 3302 petisti.
1707 3233 1986 3300 Quomodo

396 3340 527 3394 ergo
553 3339 708 3378 orare
729 3325 960 3380 venisti?
989 3323 1194 3379 Gratias
1223 3324 1310 3378 tibi
1334 3341 1430 3394 ago
1451 3365 1467 3390 ,
1494 3324 1725 3378 Domine.
1765 3323 1881 3379 Non
1905 3326 1986 3379 div

397 3425 510 3469 cit:
548 3416 800 3482 Domine,
826 3415 893 3470 da
923 3415 1052 3470 milii
1093 3415 1341 3485 gratiam.
1385 3414 1518 3480 Quia
1557 3431 1656 3470 non
1698 3433 1809 3472 sum
1856 3417 1985 3476 sicut

395 3508 562 3561 τίετενὶ
588 3508 829 3570 homines,
861 3517 1088 3575 raptores
1113 3548 1127 3573 ,
1156 3507 1350 3577 injusti,
1381 3507 1618 3562 adulteri.
1651 3507 1788 3577 Ergo
1813 3515 1870 3564 tu
1899 3524 1988 3564 so—

397 3601 481 3653 lus
501 3600 706 3668 justus?
736 3599 868 3664 Quia
894 3615 996 3652 non
1021 3615 1134 3652 sum
1175 3599 1302 3655 sicut
1329 3597 1623 3668 publicanus
1665 3599 1775 3652 iste.
1815 3599 1983 3656 lusul-

399 3703 478 3746 tas
498 3733 512 3756 ,
542 3708 644 3746 non
689 3693 943 3747 exsultas.
979 3691 1166 3762 Jejuno
1197 3693 1270 3746 bis
1297 3693 1350 3748 in
1383 3691 1590 3747 sabbato
1609 3733 1625 3757 ,
1653 3693 1875 3748 decimas
1915 3695 1982 3752 de

397 3785 628 3836 omuium
657 3799 772 3852 qua
793 3783 1044 3854 possideo.
1073 3782 1116 3838 0
1144 3783 1361 3838 divitem
1402 3783 1840 3839 exinanieodum!
1877 3783 1980 3838 νο.

397 3879 471 3939 ni,
509 3877 626 3930 veni
651 3891 867 3945 pauper,
895 3876 1136 3932 esuriens
1169 3875 1447 3944 publicane
1477 3892 1492 3928 :
1526 3876 1632 3928 imo
1659 3875 1730 3930 ibi
1758 3883 1859 3942 sta,
1889 3877 1979 3932 ubi

395 3973 524 4020 stas.
561 3964 868 4020 Pnblicanus
891 3967 1034 4022 enim
1055 3965 1118 4019 de
1144 3966 1416 4036 longinquo
1437 3966 1619 4020 stabat.
1651 3967 1757 4022 Sed
1788 3967 1975 4022 Domi-

394 4071 494 4109 nus
533 4055 717 4110 humili
755 4055 1232 4126 appropinquabnt.
1264 4054 1376 4109 Nec
1402 4055 1574 4110 oculos
1601 4057 1653 4111 in
1683 4059 1861 4113 cazlum
1887 4075 1982 4113 ait-

391 4148 540 4202 debat
583 4151 764 4204 levare.
800 4149 918 4217 Quo
949 4149 1135 4205 oculos
1185 4164 1293 4204 non
1334 4148 1563 4215 levabat,
1593 4149 1662 4203 ibi
1692 4165 1786 4205 eor
1820 4150 1984 4208 habe-

394 4239 502 4292 bat.
535 4239 642 4294 Sed
689 4238 994 4308 percutiebat
1035 4253 1204 4309 peetus
1249 4256 1431 4305 suum,
1472 4239 1643 4294 dicens
1685 4255 1702 4294 :
1743 4240 1975 4309 Dandae,

391 4331 641 4402 propitius
665 4342 770 4386 esto
797 4333 920 4387 milii
951 4333 1218 4402 peccotori.
1246 4331 1292 4390 0
1320 4331 1644 4389 esurientem
1687 4331 1842 4394 bonis
1877 4333 1978 4388 int-

391 4424 640 4492 plaudunt
661 4425 674 4478 ἰ

462 4515 516 4568 7.
557 4514 872 4569 Dominicum
909 4515 1164 4586 judicium
1210 4515 1273 4569 de
1299 4514 1564 4570 Pharium
1592 4527 1639 4570 et
1678 4516 1973 4574 Publicano.

395 4603 705 4674 Pelagianos
753 4605 1009 4674 redarguit
1038 4605 1150 4672 ipso
1190 4603 1451 4660 Phariaca
1491 4606 1825 4675 superbiores.
1863 4609 1974 4668 Au-

391 4695 518 4750 disti
543 4736 560 4760 ,
597 4695 861 4761 Domine,
904 4695 1356 4761 controversiam;
1408 4711 1590 4764 prome
1635 4699 1973 4755 sententiam.

395 4787 590 4844 Audite
619 4787 934 4842 sententiam
984 4787 1120 4844 inter
1145 4797 1320 4856 partes
1352 4788 1628 4856 prolatare.
1659 4787 1774 4844 Non
1793 4791 1978 4858 appel-

393 4881 472 4934 lat
506 4879 677 4936 victus
698 4921 714 4944 ,
739 4879 861 4950 quia
887 4893 990 4936 non
1021 4887 1102 4935 est
1128 4878 1194 4936 ad
1225 4895 1404 4949 quem.
1435 4879 1550 4935 Non
1574 4881 1718 4936 enim
1743 4883 1978 4952 appellat

391 4988 421 5024 ι
447 4971 580 5026 Filio
607 4971 674 5026 ad
695 4971 929 5028 Patrem.
961 4971 1098 5028 Dens
1126 4971 1268 5027 ertim
1295 4969 1453 5025 Pater
1473 4989 1572 5026 non
1586 4972 1786 5045 judicat
1805 4989 1977 5044 quem—

390 5078 568 5133 quam;
593 5062 682 5118 sed
705 5079 850 5118 onum
867 5063 1121 5134 judicium
1141 5063 1277 5116 dedit
1301 5062 1438 5118 Filio
1457 5062 1636 5133 (Joan.
1663 5082 1715 5130 v,
1745 5064 1861 5136 ξε).
1888 5066 1974 5120 Di-

390 5165 477 5211 nt
495 5170 626 5225 ergo
640 5155 951 5210 sententiam
975 5157 1112 5211 inter
1133 5166 1308 5224 partes
1331 5155 1556 5212 Veritas.
1578 5158 1756 5222 Amen,
1782 5157 1970 5229 inquit,

387 5245 508 5302 «κεο
535 5248 674 5302 vobis
696 5287 713 5314 ,
743 5247 861 5316 quia
899 5243 1153 5302 descendit
1191 5244 1272 5301 ltic
1307 5248 1618 5318 justiﬁcatus
1646 5249 1709 5303 de
1745 5250 1931 5320 templo
1955 5291 1968 5310 .

393 5339 554 5410 magis
584 5355 736 5407 quam
749 5335 842 5392 ille
879 5335 1177 5407 phwisteus.
1221 5340 1396 5406 Quare
1427 5342 1554 5405 hoc,
1585 5355 1716 5410 rogo
1753 5343 1839 5397 te?
1871 5357 1972 5412 qua

392 5429 630 5498 iustitia?
681 5429 770 5485 Vis
794 5428 1012 5484 milite?
1049 5429 1298 5494 Quom'ant
1340 5433 1501 5486 cuntis
1530 5448 1618 5501 qur
1657 5447 1712 5486 se
1750 5431 1969 5497 exultat,

1633 277 1688 332 ε.
1732 274 2098 335 AUCUSTINI
2135 275 2434 334 EPISCOI‘I

3561 286 3698 344 i3t6

2104 391 2332 446 liabitur.
2365 391 2497 457 Quia
2529 387 2799 448 esurientes
2820 393 3042 464 implertt
3078 397 3236 464 bonis,
3268 408 3314 453 et
3341 398 3517 458 divites
3549 403 3698 456 limi-

2099 489 2161 542 sit
2186 481 2381 538 inanes.
2416 483 2559 538 Vade
2597 500 2736 540 nunc
2762 527 2777 550 ,
2805 495 2861 540 et
2903 487 3098 542 ventila
3130 487 3344 545 divitias
3373 500 3493 547 tuas
3515 510 3531 545 :
3555 493 3696 564 jacta

2103 586 2176 641 te,
2205 587 2260 634 et
2289 577 2409 645 dic,
2440 579 2602 636 Dives
2639 594 2778 636 sum.
2809 580 2980 648 Quam
3024 579 3212 638 dives?
3236 581 3292 639 Si
3333 584 3454 642 volo
3478 629 3496 652 ,
3527 587 3696 656 iustus

2099 679 2251 733 sum;
2287 667 2330 725 si
2359 668 2502 734 nolo,
2525 659 2700 737 iustus
2721 683 2827 724 non
2856 685 2996 724 sum.
3029 670 3083 725 In
3125 681 3386 744 potestate
3420 674 3694 747 balienjn.

2100 765 2240 811 stum
2267 771 2407 823 esse,
2439 767 2492 814 et
2513 757 2714 828 justum
2740 774 2846 814 non
2868 774 3010 815 esse.
3040 760 3156 818 Non
3179 763 3331 818 audis
3357 765 3409 819 in
3442 767 3654 823 Psalmo
3672 808 3689 832 ,

2102 847 2204 912 Qui
2240 848 2500 916 conﬁdunt
2540 849 2594 902 ia
2631 850 2810 904 uirtute
2846 867 2938 906 sua
2976 851 3151 921 (Psat.
3195 869 3382 920 nvrn,
3424 855 3520 928 7)?
3552 857 3691 929 Ergo

2100 936 2239 992 Deus
2267 937 2361 992 tibi
2405 952 2657 1006 carnem,
2683 940 2828 998 Deus
2856 941 2949 997 tibi
2993 959 3243 1014 sensum,
3275 945 3417 1004 Deus
3457 949 3550 1004 tibi
3575 951 3690 1007 aui-

2099 1045 2264 1098 mam,
2294 1031 2436 1086 Deus
2457 1032 2549 1087 tibi
2573 1043 2807 1088 utentem
2829 1075 2845 1102 ,
2872 1036 3008 1091 Deus
3038 1037 3131 1092 tibi
3159 1039 3566 1108 intelligentiam
3593 1044 3687 1099 de-

2097 1122 2215 1176 dit:
2246 1133 2300 1178 tu
2344 1124 2440 1180 das
2495 1126 2587 1181 tibi
2620 1128 2716 1196 ipsi
2756 1127 3056 1196 justitiam?
3083 1131 3220 1197 Quid
3243 1141 3326 1188 est
3366 1148 3528 1200 caro,
3557 1137 3681 1206 quid

2096 1225 2222 1270 sunt
2247 1231 2456 1284 sensus,
2491 1218 2616 1288 quid
2639 1227 2723 1276 est
2751 1221 2926 1276 anima
2951 1262 2966 1290 ,
2991 1224 3116 1293 quid
3141 1235 3224 1280 est
3251 1243 3423 1293 mens,
3449 1232 3578 1299 quid
3603 1243 3684 1288 cst

2099 1303 2443 1376 intelligentia
2464 1309 2582 1364 sine
2601 1308 2840 1379 iustitia?
2869 1311 3056 1370 Nonne
3089 1319 3270 1373 omnia
3297 1319 3427 1385 ista,
3455 1322 3500 1375 si
3524 1322 3679 1389 justi-

2098 1395 2166 1448 tia
2193 1407 2430 1464 careant,
2458 1399 2524 1454 ad
2553 1414 2762 1469 pinnam
2788 1403 3075 1460 valebunt?
3105 1407 3242 1478 Ergo
3273 1417 3376 1463 tam
3407 1411 3560 1470 dives
3583 1430 3678 1481 es,

2097 1495 2155 1540 ut
2182 1502 2302 1542 cum
2343 1488 2483 1545 Deus
2519 1489 2610 1546 tibi
2653 1490 2862 1547 dederit
2901 1495 3174 1564 inferiora,
3201 1498 3297 1554 des
3321 1501 3413 1554 tibi
3438 1505 3683 1571 potiora?

2096 1577 2233 1634 Male
2259 1578 2429 1647 dives,
2451 1582 2804 1642 cxinaniende
2840 1585 3027 1653 dives;
3056 1589 3100 1643 si
3135 1599 3310 1648 tamen
3337 1591 3502 1649 habes
3540 1599 3681 1666 quod

2098 1677 2148 1723 te
2205 1668 2402 1730 habere
2443 1670 2619 1728 dixisti
2675 1690 2691 1729 :
2749 1674 2888 1741 Quid
2944 1678 3094 1735 habes
3149 1682 3286 1750 quod
3343 1700 3443 1740 non
3493 1691 3680 1754 accepi-

2093 1765 2155 1813 sti
2183 1759 2227 1830 (Ι
2248 1759 2364 1816 Cor.
2407 1778 2480 1826 IV,
2509 1765 2604 1834 '1)?
2629 1764 2741 1824 Nec
2771 1768 2961 1825 saltem
2989 1785 3019 1823 a
3041 1773 3270 1842 superbo
3305 1784 3360 1830 et
3388 1776 3554 1832 divite
3595 1779 3685 1833 iilo

2095 1851 2386 1918 pharisa'o,
2412 1853 2478 1908 de
2506 1853 2588 1908 his
2617 1871 2735 1925 qua:
2769 1868 2819 1916 lc
2856 1858 3055 1918 habere
3084 1863 3263 1926 dixisti
3286 1906 3303 1931 ,
3329 1869 3531 1937 gratias
3579 1870 3684 1924 Do-

2094 1943 2238 2000 mino
2255 1959 2412 2015 agere
2435 1946 2686 2004 didicisti.

2549 2081 2777 2136 SERMO
2815 2083 3051 2141 ccxcr
3084 2090 3176 2158 (τι).

2440 2235 2446 2243 ,
2473 2195 2522 2237 In
2556 2189 2703 2241 Natali
2735 2195 2928 2244 Joannis
2962 2199 3199 2258 Baptista',
3234 2217 3280 2251 v.

2167 2301 2218 2352 l.
2274 2299 2491 2357 Joannis
2551 2305 2783 2360 natiuitas
2833 2309 3078 2366 mirabilis
3130 2325 3334 2384 propter
3395 2318 3671 2380 Christum.

2092 2388 2260 2482 Quem
2277 2390 2416 2446 diem
2436 2394 2774 2454 celebramus
2794 2397 3104 2458 hodiernum
3133 2405 3281 2461 vobis
3295 2406 3402 2463 dici
3420 2427 3526 2466 non
3546 2428 3680 2482 opta

2092 2476 2194 2544 est,
2218 2483 2340 2552 quia
2370 2499 2578 2553 omnes,
2601 2503 2721 2544 cum
2746 2489 3087 2562 Evangelium
3114 2495 3404 2569 legeretur,
3431 2476 3674 2561 audistis.

2095 2571 2262 2630 llodie
2305 2579 2607 2647 accepimus
2634 2592 2878 2651 sanctum
2923 2584 3182 2642 Joannem
3211 2591 3419 2648 Domini
3444 2611 3681 2664 precar-

2093 2680 2292 2732 sorcm,
2317 2670 2513 2726 sterilis
2537 2672 2704 2727 lilium
2744 2675 3074 2732 nuntiantem
3107 2680 3322 2751 virginis
3348 2685 3517 2740 tilium
3538 2731 3555 2755 ,
3583 2692 3680 2747 sed

2095 2766 2270 2813 tamen
2297 2775 2508 2817 servum
2545 2765 2874 2822 nuntiantem
2907 2768 3208 2827 Dominum.
3236 2775 3368 2842 Quia
3393 2779 3539 2834 enim
3561 2799 3684 2838 ren-

2093 2855 2244 2903 turus
2271 2860 2386 2906 erat
2409 2867 2505 2920 per
2525 2855 2782 2925 virginem
2807 2859 2944 2916 Deus
2967 2860 3147 2927 homo.
3176 2870 3442 2932 praecessit
3465 2886 3591 2926 cum
3613 2875 3682 2931 de

2090 2943 2257 2997 sterili
2283 2943 2538 3002 mirabilis
2563 2947 2725 3003 bonto
2757 2969 2770 3004 :
2794 2961 2850 3005 ut
2871 2967 2993 3007 cum
3021 2969 3080 3010 se
3108 2957 3378 3028 indignum
3404 2962 3557 3031 dicit,
3588 2982 3682 3021 cu-

2085 3032 2175 3102 jus
2221 3035 2566 3096 calceamenti
2622 3041 2905 3112 corrigiam
2950 3046 3123 3104 solvat
3167 3049 3426 3106 mirabilis
3482 3053 3677 3123 homo,

2089 3138 2408 3196 agnoscatur
2445 3131 2585 3188 Deus
2631 3131 2814 3188 boum.
2856 3136 3046 3194 liirare
3093 3139 3352 3200 Joannem
3377 3188 3392 3211 ,
3420 3160 3678 3215 quantum

2091 3227 2242 3308 putes
2261 3235 2272 3271 :
2292 3219 2505 3276 Christo
2523 3224 2731 3292 prolicit
2757 3228 2898 3296 quod
2921 3229 3150 3284 miraris.
3174 3231 3412 3300 Proﬁcit,
3435 3238 3675 3308 inquam,

2087 3307 2322 3378 Christo,
2356 3328 2460 3369 non
2486 3317 2608 3386 quia
2645 3326 2701 3372 tu
2730 3331 2950 3388 pmstas
2976 3321 3176 3392 aliquid
3214 3325 3467 3396 Christo,
3622 3345 3680 3393 ut

2090 3410 2144 3456 tu
2179 3403 2422 3471 proﬁcias
2443 3405 2493 3458 in
2523 3406 2758 3462 Christo.
2796 3409 2988 3468 Mirare
3015 3429 3144 3484 ergo
3185 3415 3470 3486 Joannem,
3504 3438 3678 3492 quan.

2088 3499 2198 3545 tum
2247 3502 2414 3562 potes.
2461 3496 2669 3552 Audisti
2719 3500 2860 3569 quod
2898 3503 3126 3558 mireris.
3175 3508 3542 3567 Annuntiatur
3582 3529 3680 3583 per

2087 3583 2332 3653 angelum
2356 3587 2490 3656 patri
2528 3589 2792 3646 sacerdoti
2826 3610 2838 3646 :
2868 3607 3055 3648 vocem
3091 3596 3262 3652 aufert
3285 3603 3512 3669 angelus
3541 3608 3676 3672 patri

2086 3691 2194 3734 non
2235 3679 2506 3744 credenti;
2533 3692 2775 3740 remanet
2814 3695 3027 3754 mutus,
3053 3687 3103 3741 in
3131 3687 3223 3744 lilii
3262 3693 3542 3749 nativitate
3579 3712 3679 3751 ex-

2085 3778 2332 3841 spectans
2356 3769 2613 3842 linguam.
2639 3773 2900 3846 Concepit
2918 3779 3134 3845 sterilis,
3161 3787 3408 3852 concepit
3426 3795 3482 3842 et
3501 3803 3636 3844 anus
3659 3810 3675 3844 :

2085 3860 2293 3928 gemina
2321 3861 2693 3932 intecunditas,
2725 3868 2977 3923 sterilitas
3002 3879 3057 3926 et
3075 3882 3230 3930 artas.
3255 3873 3458 3931 Dicitur
3488 3879 3556 3934 ab
3575 3896 3677 3934 an-

2081 3948 2204 4018 gelo
2227 3950 2400 4020 qualis
2428 3952 2634 4010 futurus
2661 3955 2729 4010 sit
2755 3974 2766 4010 :
2797 3958 3044 4028 impletur
3067 3961 3122 4016 in
3151 3977 3217 4017 eo
3263 3966 3406 4034 quod
3433 3967 3632 4025 dicitur
3659 3991 3673 4033 ;

2084 4041 2298 4109 etquod
2320 4042 2551 4097 maxime
2581 4045 2878 4102 mirandum
2901 4058 3011 4115 est,
3042 4050 3290 4122 impletur
3315 4054 3518 4124 Spiritu
3545 4075 3676 4114 sau-

2088 4140 2176 4185 cto
2204 4132 2378 4188 adhuc
2404 4150 2470 4190 ex
2511 4145 2660 4192 utero
2689 4139 2870 4196 matris
2899 4155 3028 4196 suae.
3064 4144 3266 4200 Deinde
3295 4149 3543 4206 veniente
3568 4151 3680 4205 Ila-

2081 4223 2160 4278 ria
2211 4236 2425 4294 saucui,
2456 4231 2688 4286 exsultat
2722 4232 2774 4288 in
2822 4242 3000 4302 utero;
3028 4246 3082 4292 et
3123 4254 3281 4309 quem
3327 4258 3434 4298 non
3461 4258 3677 4313 poterat

2083 4319 2320 4383 vocibus,
2347 4321 2543 4376 salutat
2573 4325 2822 4381 motibus.
2849 4325 3094 4384 Nascitur
3117 4369 3133 4394 ,
3161 4330 3250 4384 dat
3275 4336 3408 4402 patri
3440 4351 3634 4391 vocem
3657 4357 3672 4398 ;

2082 4419 2234 4480 pater
2264 4412 2486 4483 loquens
2509 4414 2599 4470 dat
2636 4415 2745 4472 lilio
2776 4433 2968 4474 nomen
3001 4438 3014 4472 :
3045 4426 3307 4478 mirantur
3329 4439 3526 4483 omnes
3551 4437 3676 4482 tan.

2084 4508 2190 4554 tam
2216 4503 2436 4573 gratiam
2475 4502 2625 4575 (Luc.
2651 4506 2713 4577 l).
2747 4508 2881 4574 Quid
2908 4511 3050 4564 enim
3086 4512 3227 4570 aliud
3254 4530 3414 4582 quam
3451 4520 3626 4587 gratia
3653 4521 3676 4572 ?

2083 4589 2182 4647 Ubi
2232 4594 2373 4646 enim
2419 4594 2652 4650 Joannes
2694 4597 2793 4652 iste
2833 4601 3128 4668 promeruit
3163 4603 3371 4658 Deum?
3403 4606 3506 4662 Ubi
3558 4626 3676 4678 pro-

2086 4683 2282 4736 meruit
2314 4683 2498 4750 Deum,
2534 4695 2818 4757 antequam
2849 4699 2992 4744 esset
3035 4691 3124 4760 qui
3154 4700 3597 4764 promet-eretur?
3626 4705 3676 4755 υ

2077 4772 2245 4842 gratia
2269 4775 2434 4842 gratis
2454 4774 2573 4829 data
2597 4777 2610 4830 !

2149 4863 2202 4917 ‘2.
2246 4861 2332 4917 Ea:
2355 4865 2701 4936 magnitudine
2735 4866 2954 4925 Joannis
2980 4873 3213 4943 maiestas
3238 4873 3430 4930 Christi
3475 4880 3673 4936 intelli-

2079 4957 2265 5026 genda.
2289 4957 2543 5014 Mirantur
2565 4974 2773 5024 omnes,
2801 4961 3204 5033 obstupescunt,
3234 4977 3287 5022 et
3317 4981 3465 5024 motu
3488 4976 3674 5028 cordis

2078 5047 2159 5102 sui
2185 5047 2388 5116 dicunt,
2411 5059 2467 5105 ut
2486 5051 2808 5106 scriberetur
2831 5053 2983 5110 nobis
3008 5057 3147 5129 quod
3179 5059 3443 5128 legeretur
3469 5081 3485 5115 :
3509 5064 3670 5131 Quia,

2079 5151 2260 5209 putas.
2291 5144 2384 5196 erit
2423 5160 2547 5214 puer
2590 5144 2723 5199 iste?
2764 5144 2904 5200 Nam
2933 5165 3118 5205 manus
3156 5149 3360 5207 Domini
3403 5173 3522 5211 cum
3555 5161 3670 5212 illo.

2080 5232 2247 5299 Quid,
2279 5243 2458 5302 putas,
2490 5236 2592 5302 erit,
2613 5253 2739 5306 puer
2777 5239 2908 5292 istc?
2942 5239 3160 5296 Excedit
3203 5253 3372 5299 metas
3419 5248 3674 5305 humanm.

2077 5334 2301 5378 natum.
2333 5324 2585 5380 Novimus
2607 5342 2801 5397 pueros
2835 5347 2846 5382 :
2878 5329 2972 5384 sed
2993 5372 3009 5397 ,
3032 5334 3181 5402 quid.
3215 5347 3395 5402 putas,
3427 5342 3527 5393 erit
3547 5360 3676 5409 pur

2074 5416 2170 5470 iste
2187 5418 2213 5471 .9
2237 5416 2410 5485 Quare
2446 5417 2578 5472 dicis
2597 5459 2611 5480 .
2645 5418 2798 5483 Quid,
2823 5431 2974 5489 putas
2995 5465 3012 5488 ,
3041 5425 3130 5478 erit
3159 5442 3284 5494 puer
3318 5428 3454 5485 ista!
3481 5429 3674 5488 Unius

393 5521 768 5590 liumiliebitur;
795 5533 842 5578 et
860 5523 948 5594 qui
969 5523 1290 5589 sebundliut.
1315 5526 1614 5583 exaltabitur
1634 5526 1782 5598 (Luc.
1815 5542 1970 5593 xvnt,

2092 5509 2207 5562 mini
2255 5508 2462 5564 Βοηήηὶ
2485 5526 2601 5564 cum
2625 5511 2758 5565 illo!
2788 5511 2921 5578 Qui:
2961 5530 3149 5570 manus
3175 5517 3388 5574 Dmnini
3423 5537 3546 5576 cum
3579 5522 3674 5577 illo

397 5616 601 5685 Ki-M).
631 5619 673 5671 Α
701 5631 809 5688 quo
835 5617 936 5673 istc
963 5617 1301 5680 esaltabitur,
1329 5627 1377 5671 et
1399 5619 1487 5687 qui
1511 5633 1568 5674 se
1587 5617 1786 5674 ωιωι
1807 5617 1972 5672 itumi-

459 5727 473 5758 '
502 5727 573 5775 sic
599 5736 694 5776 am.
720 5736 793 5778 τε.
822 5738 873 5780 et
897 5737 1002 5779 Mss.
1033 5739 1083 5781 At
1107 5737 1186 5780 tet
1208 5764 1234 5786 .,
1253 5739 1350 5791 quo
1372 5727 1508 5794 tlijm'
1530 5742 1621 5781 non
1652 5742 1843 5782 crta-us

2143 5666 2518 5734 fastigatus“
2544 5665 2679 5734 cl._d.
2715 5681 2805 5716 rm.
2832 5676 2868 5717 ι.
2896 5674 3022 5734 atad
3057 5671 3191 5734 \‘ign.

2140 5732 2211 5792 (α)
2246 5729 2384 5788 Alias,
2418 5730 2544 5778 inter
2579 5731 2895 5789 \‘iguerianus
2926 5733 2971 5781 4.
