3974 6170
233 358 372 414 lii?

236 481 339 537 est,
358 471 470 542 jam
498 468 716 530 scimus;
738 463 832 520 sed
858 459 981 533 quid
1008 459 1130 523 erit,
1156 454 1442 511 nescimus.
1461 450 1653 520 Utique
1678 447 1830 542 valde

233 576 459 634 magnus
482 559 582 617 erit
601 601 616 625 ,
648 559 738 629 qui
782 567 889 611 tam
933 564 1155 623 magnus
1196 549 1378 617 coepit.
1408 543 1544 613 Quid
1572 543 1675 598 erit
1696 584 1711 607 ,
1740 541 1829 611 qui

230 659 473 718 tantillus
503 663 677 710 tantus
704 652 822 706 est?
847 647 972 719 quid
1002 645 1106 702 erit
1132 662 1146 700 :
1177 640 1426 699 licbeseit
1472 640 1702 693 humana
1750 636 1832 689 iu-

234 752 496 811 llrmitas,
545 745 783 801 omnium
832 736 1287 796 considerantium
1326 731 1488 787 corda
1533 725 1830 784 contremi-

231 854 391 904 scunt
412 860 432 898 ’ἶ
465 840 597 908 Quid
618 881 632 903 ,
665 845 813 909 putas
834 877 848 898 ,
889 832 988 917 erit
1012 845 1137 900 puer
1162 826 1291 917 iste?
1314 823 1536 917 ilagnus
1558 820 1658 875 erit
1692 836 1706 874 :
1736 814 1831 917 sed

232 936 359 1005 qttid
388 934 484 989 erit
517 931 605 1001 qui
636 926 808 996 major
835 923 924 978 illo
948 911 1093 976 erit?
1123 916 1284 971 Valde
1312 915 1412 968 iste
1440 911 1791 1005 magnus-erit

232 996 329 1083 sed
374 1021 499 1094 quid
535 996 645 1076 erit
672 1017 760 1087 qui
804 1015 908 1070 isto
953 1025 1146 1082 magno
1176 1006 1346 1076 major
1373 1001 1514 1060 erit?
1538 1001 1595 1057 Si
1624 1000 1712 1094 ille
1739 996 1830 1094 qui

235 1087 405 1175 modo
425 1114 584 1183 erepit
608 1125 748 1175 esse,
770 1117 874 1161 tam
898 1116 1123 1173 magnus
1151 1100 1272 1161 erit,
1294 1094 1418 1168 quid
1439 1094 1543 1150 erit
1569 1087 1833 1183 quierat?

233 1209 340 1267 Sed
372 1206 495 1278 quid
514 1182 631 1260 dixi
654 1246 668 1267 ,
700 1201 790 1270 qui
836 1196 987 1254 erat?
1017 1194 1155 1249 Ante
1182 1190 1441 1247 Joannem
1467 1194 1523 1278 et
1547 1182 1833 1278 lacltarias

238 1274 403 1363 erat;
439 1295 608 1350 multo
656 1291 824 1360 magis
872 1297 996 1341 ante
1045 1282 1304 1339 Joannem
1357 1287 1412 1333 et
1459 1274 1725 1331 Abrahaut
1780 1279 1836 1326 et

238 1390 382 1447 Isaac
421 1397 475 1442 ct
514 1382 678 1440 Jacob
703 1387 874 1435 erant.
906 1379 1042 1431 Ante
1081 1372 1339 1428 Joannem
1380 1374 1529 1423 certe
1558 1363 1751 1419 coelum
1781 1368 1836 1415 et

236 1494 375 1538 terra
405 1488 578 1534 erant.
606 1465 742 1543 Quid
771 1474 874 1527 erit
903 1469 991 1540 qui
1024 1468 1074 1520 in
1121 1461 1379 1535 principio
1404 1458 1555 1515 erat?
1594 1455 1659 1510 In
1686 1454 1834 1527 prin-

235 1573 368 1643 cipio
399 1571 539 1625 enim
562 1610 576 1633 ,
605 1564 748 1637 quod
786 1570 873 1617 cst
895 1567 1018 1615 ante
1056 1558 1337 1619 Joannem,
1360 1560 1416 1608 ct
1457 1559 1581 1605 ante
1620 1560 1833 1643 uitta—em-

238 1637 534 1722 ltominem.
562 1660 681 1735 fecit
715 1657 846 1711 Deus
867 1655 1046 1709 ctutum
1073 1663 1120 1706 ct
1152 1659 1336 1735 terram
1365 1643 1518 1716 (Cen.
1585 1684 1600 1707 ,
1625 1637 1835 1735 l)._Sed

238 1774 335 1829 per
373 1756 500 1826 quid
547 1729 671 1813 fecit
709 1745 949 1819 qttzcris?
998 1742 1056 1797 In
1101 1732 1362 1809 principio
1384 1749 1505 1829 non
1545 1731 1669 1829 feeit
1698 1729 1837 1829 Detts
1875 1757 1883 1765 -

244 1818 473 1903 Verbum
493 1885 509 1911 ,
541 1840 635 1898 sed
658 1818 773 1895 erat
795 1834 1027 1892 Verbum
1052 1850 1067 1887 :
1092 1830 1159 1885 lu
1180 1827 1427 1899 principio
1456 1834 1562 1879 erat
1599 1818 1835 1911 Verbum,

240 1953 286 1996 rt
318 1908 527 1993 verbum
556 1942 684 1995 erat,
709 1947 811 1986 non
841 1926 1223 1998 qualecumque
1249 1961 1264 1985 ,
1293 1917 1388 1974 sed
1415 1914 1549 1969 Deus
1573 1922 1679 1968 erat
1711 1908 1837 1965 Ver-

240 2033 377 2086 lmm.
405 2027 588 2083 Omnia
628 2026 715 2095 'per
745 2023 909 2093 ipsum
935 2021 1071 2089 facta
1095 2021 1233 2069 sunt.
1261 2010 1327 2065 Et
1372 2005 1662 2095 novissimo
1706 2010 1839 2057 tem-

242 2134 372 2193 pore
423 2119 592 2173 iactus
629 2093 720 2171 cst
763 2111 852 2183 qui
895 2116 1047 2174 erat,
1095 2121 1162 2161 ne
1202 2101 1399 2199 periret
1439 2097 1579 2199 quod
1618 2093 1835 2199 iecerat.

248 2186 404 2282 Quid,
439 2218 585 2280 putus
607 2248 624 2274 ,
645 2207 737 2260 erit
767 2218 892 2275 puer
931 2199 1064 2254 istc?
1094 2195 1281 2251 Manus
1317 2191 1450 2247 enim
1490 2186 1696 2242 Domini
1725 2199 1841 2282 cum

250 2275 343 2359 illo
373 2275 466 2356 est.
494 2300 547 2355 Si
577 2312 710 2369 puer
736 2305 842 2350 tam
872 2303 1096 2362 magnus
1121 2286 1223 2343 erit
1247 2327 1262 2348 ,
1304 2282 1425 2353 quia
1464 2287 1563 2369 est
1588 2291 1721 2369 cum
1751 2275 1843 2328 illo

242 2407 437 2451 manus
486 2367 729 2451 Domini;
773 2383 899 2455 quid
930 2383 1042 2453 ipsa
1092 2389 1283 2433 manus
1324 2368 1574 2427 Domini?
1602 2367 1843 2421 Christus

244 2485 387 2541 enim
414 2494 605 2537 manus
634 2474 880 2541 Domini,
915 2471 1081 2527 Filius
1110 2466 1205 2522 Dei
1234 2478 1423 2518 manus
1451 2459 1577 2523 Dei,
1607 2455 1843 2512 Verbum

248 2575 346 2632 Dei
392 2586 583 2629 manus
610 2568 723 2624 Dei.
753 2567 883 2633 Qua:
922 2571 1006 2618 est
1050 2560 1192 2616 enim
1237 2568 1429 2612 manus
1456 2551 1587 2616 Dei,
1619 2548 1719 2604 nisi
1749 2561 1846 2617 per

246 2681 407 2735 quam
453 2664 588 2717 facta
626 2669 751 2715 sunt
776 2654 993 2712 omnia?
1023 2650 1179 2718 Quid,
1210 2655 1387 2721 putas,
1419 2644 1511 2700 erit
1550 2656 1674 2714 puer
1710 2638 1848 2735 iste?

250 2733 439 2811 dianus
470 2754 602 2809 enim
631 2750 836 2806 Domini
870 2758 984 2801 cum
1025 2744 1135 2799 illo.
1167 2739 1212 2797 0
1249 2740 1480 2794 humana
1528 2733 1841 2799 inlirtnitas,

249 2846 376 2920 quid
407 2845 608 2901 factura
638 2857 699 2898 es
740 2841 791 2895 in
817 2838 996 2910 judice
1021 2878 1036 2901 ,
1081 2849 1198 2905 qua:
1226 2832 1302 2886 sic
1351 2829 1565 2920 ltzesitas
1610 2827 1680 2920 in-
1705 2839 1849 2920 prm-

249 2914 420 2995 eonc?
446 2936 552 2993 Sed
583 2934 743 2991 etiam
776 2930 862 2985 hic
890 2927 1015 3000 quid
1055 2924 1200 2980 dixi?
1236 2920 1419 2976 Redeo
1444 2917 1510 2973 ad
1536 2914 1846 2972 considera-

251 3032 447 3086 tionem
473 3022 873 3083 consnetudinis
918 3019 1184 3073 humanm.
1217 3013 1282 3068 Et
1310 3007 1435 3082 quid
1462 3005 1613 3063 dixi?
1639 3005 1850 3060 Prmen—

251 3137 374 3179 ncm
418 3120 563 3184 dixi,
602 3117 835 3189 judicetn
873 3112 978 3166 dixi
1025 3118 1080 3165 et
1122 3119 1297 3178 prmco
1329 3123 1342 3159 :
1371 3102 1566 3167 homo,
1605 3095 1848 3189 ctjudex

253 3204 437 3271 homo.
467 3187 619 3279 Quod
648 3204 936 3278 apparebat
970 3201 1077 3256 dixi
1104 3241 1120 3266 ,
1150 3195 1290 3267 quod
1328 3193 1527 3247 latebat
1555 3188 1675 3279 quis
1696 3187 1847 3242 dixe-

252 3308 361 3363 rit?
401 3278 619 3359 Verbum
655 3314 773 3353 caro
810 3299 1001 3368 factum
1024 3300 1095 3345 est
1122 3288 1298 3358 (Joan.
1321 3300 1369 3351 ι,
1397 3284 1450 3350 l,
1477 3280 1545 3347 9.,
1577 3278 1669 3351 M)
1699 3295 1712 3331 :
1741 3293 1845 3333 non

253 3410 433 3455 tamen
460 3393 694 3449 Verbum
741 3390 792 3443 in
833 3400 1046 3442 carnem
1074 3395 1287 3436 versum
1315 3384 1413 3433 est.
1447 3374 1676 3429 Verbum
1724 3385 1850 3428 caro

256 3489 454 3545 factum
483 3493 585 3551 est,
610 3477 919 3549 accipiendo
943 3473 1082 3546 quod
1113 3487 1219 3527 non
1249 3477 1392 3533 erat;
1425 3481 1531 3522 non
1559 3460 1851 3519 amittendo

252 3579 397 3653 quod
425 3584 559 3635 erat.
595 3575 730 3630 Ecce
756 3568 998 3626 admirati
1025 3581 1208 3622 smnus
1236 3562 1493 3653 pmcouis
1522 3560 1638 3628 ejus
1664 3555 1854 3611 nativi-

257 3651 420 3728 tatem
445 3711 459 3735 ,
512 3680 668 3738 quam
704 3662 861 3718 hodie
898 3657 1264 3719 celebramus,
1313 3651 1406 3708 scd
1450 3657 1669 3720 promer
1695 3660 1851 3717 quem

257 3764 390 3819 facta
417 3767 501 3817 est
529 3758 822 3813 videamus.

333 3854 387 3909 3.
415 3849 640 3924 Angelus
661 3848 727 3900 ad
750 3843 1055 3899 Zachariam
1082 3849 1127 3894 et
1150 3836 1219 3891 ad
1248 3834 1467 3890 Marium
1500 3832 1697 3924 missus.
1723 3828 1854 3884 Ora-

260 3948 329 4002 tio
355 3922 621 4000 lac/toria:
657 3940 909 4012 quomodo
929 3931 1190 4009 exaudita.
1212 3929 1372 3987 Venit
1396 3926 1614 3997 angelus
1641 3922 1852 3981 Gabriel

259 4041 326 4097 ad
348 4038 681 4099 Zachariam,
701 4049 806 4088 non
837 4030 904 4086 ad
930 4025 1202 4085 Eiisabetlt
1232 4037 1454 4079 uxorem
1476 4020 1611 4091 ejus,
1631 4028 1852 4072 matrem

258 4128 481 4187 Joannis
511 4146 525 4182 :
556 4127 734 4191 venit,
775 4123 1022 4192 inquam,
1065 4116 1284 4189 angelus
1321 4111 1534 4169 Gabriel
1559 4109 1624 4165 ad
1656 4109 1858 4164 Zacltao

259 4223 435 4285 riam,
485 4233 591 4274 non
618 4214 686 4270 ad
728 4211 1022 4268 Elisabeth.
1069 4205 1281 4276 Quare?
1329 4203 1459 4273 Quia
1487 4202 1720 4258 Joannes
1763 4214 1859 4269 per

261 4310 574 4368 Zachariam
603 4306 812 4362 iuturus
854 4309 971 4357 erat
1018 4300 1073 4355 in
1118 4295 1413 4354 Elisabetlt.
1459 4295 1600 4365 Ergo
1637 4293 1859 4364 angelus

261 4405 586 4464 annuntians
615 4408 898 4457 venturum
943 4394 1206 4452 Joannem
1245 4388 1514 4446 nascendo
1538 4431 1552 4456 ,
1581 4402 1686 4443 non
1716 4387 1860 4441 venit

263 4502 331 4559 ad
360 4496 722 4569 exceptoriutn
749 4490 972 4556 ventris,
1000 4487 1094 4544 sed
1123 4484 1189 4541 ad
1220 4483 1419 4539 fontem
1447 4481 1686 4539 seminis.
1712 4479 1858 4536 Nun—

264 4594 414 4651 tiavit
438 4591 715 4647 amborum
746 4586 977 4642 futurum
1020 4581 1185 4636 lilium
1208 4622 1224 4646 ,
1265 4577 1358 4635 sed
1408 4577 1541 4648 patri
1578 4576 1855 4632 nuntiavit.

269 4687 536 4744 Vcnturus
564 4681 706 4738 enim
737 4684 854 4735 erat
878 4675 1112 4733 Joannes
1148 4672 1217 4729 de
1255 4671 1519 4727 connubio
1561 4669 1777 4727 masculi
1809 4677 1865 4724 et

264 4778 501 4840 (entiam.
527 4773 666 4830 Ecce
696 4772 886 4828 iterum
926 4769 1040 4838 ipse
1071 4763 1286 4821 Gabriel
1315 4761 1458 4817 venit
1495 4761 1561 4815 ad
1602 4760 1817 4815 Mariam
1845 4800 1859 4824 ,

267 4886 374 4927 non
403 4868 471 4925 ad
510 4863 708 4936 Joseph
739 4881 752 4916 :
784 4859 926 4917 unde
952 4864 1070 4915 erat
1113 4869 1240 4911 caro
1284 4853 1369 4908 illa
1411 4861 1650 4922 coeptura
1675 4894 1690 4919 ,
1726 4850 1866 4906 unde

268 4970 387 5021 crat
419 4959 628 5015 initium
666 4954 908 5010 habitura
932 4991 952 5018 ,
979 4948 1047 5006 ad
1090 4948 1261 5019 ipsam
1286 4944 1504 5017 angelus
1530 4943 1691 4999 venit.
1722 4941 1864 4997 Patri

267 5063 449 5110 autem
496 5046 759 5106 sacerdoti
789 5041 1060 5098 Zacharizc
1082 5035 1351 5110 quomodo
1383 5033 1604 5106 angelus
1635 5034 1864 5088 futurum

268 5144 439 5200 lilium
464 5130 880 5212 prmuuntiavit?
906 5128 1035 5185 Noli
1055 5171 1071 5198 ,
1100 5125 1269 5196 inquit
1293 5169 1307 5191 ,
1331 5126 1502 5180 timere
1522 5166 1536 5189 ρ
1574 5122 1825 5178 Zacharia
1851 5164 1865 5189 ,

274 5233 517 5290 exaudita
546 5239 616 5285 est
644 5226 807 5282 oratio
834 5235 939 5278 tua.
964 5219 1099 5288 Quid
1123 5220 1287 5284 enim,
1314 5216 1504 5272 fratres
1540 5215 1666 5283 mei,
1690 5230 1870 5270 sacer-

273 5326 374 5381 dos
406 5323 499 5380 ille
524 5320 645 5377 ideo
665 5318 965 5373 intraverat
989 5312 1041 5367 in
1054 5309 1249 5367 Sancta
1277 5318 1580 5364 sanctorum
1607 5348 1624 5374 ,
1652 5315 1709 5361 ut
1736 5305 1873 5361 ﬁlios

275 5422 587 5488 precaretur
612 5426 644 5468 a
679 5407 938 5465 Domino:
967 5400 1144 5458 Absit!
1170 5398 1305 5455 Dicit
1328 5397 1520 5469 aliquis
1547 5414 1560 5451 :
1594 5394 1745 5453 Unde
1776 5395 1876 5451 hoc

275 5503 511 5575 probas?
537 5518 648 5561 non
676 5501 819 5558 enim
850 5494 1100 5553 indicavit
1128 5490 1415 5547 Zacharias
1438 5488 1563 5561 quid
1589 5488 1871 5560 rogaverit.

277 5600 457 5659 Unum
480 5603 564 5656 est
577 5592 722 5668 quod
748 5591 984 5647 breviter
1009 5585 1129 5642 dico
1156 5602 1169 5637 :
1200 5580 1255 5638 Si
1282 5581 1501 5653 petisset
1530 5579 1695 5635 lilium
1714 5622 1730 5648 ,
1755 5594 1873 5635 cre-

279 5693 440 5750 deret
461 5687 855 5747 aununtiatum.
877 5678 1113 5752 Angelus
1133 5674 1264 5732 dicit
1287 5671 1427 5745 quod
1449 5674 1499 5729 ei
1530 5672 1667 5727 lilius
1688 5686 1875 5729 nasce-

280 5798 464 5846 retur.
490 5782 581 5844 ille
607 5794 714 5837 non
737 5774 951 5835 credit?
976 5779 1121 5829 certe
1146 5769 1249 5825 hoc
1270 5765 1588 5839 rogaverat?
1628 5762 1755 5832 Quis
1781 5781 1872 5823 ro-

1646 332 1879 393 θετικιο
1914 330 2136 389 CCXCI.

3391 334 3531 396 l3i8

1936 454 2027 515 gat
2050 418 2183 502 sine‘
2195 445 2328 517 spe?
2350 456 2443 501 aut
2479 447 2598 518 quis
2618 461 2724 503 non
2764 448 2934 506 credit
2956 451 3009 505 in
3034 452 3166 522 spe?
3195 451 3249 509 Si
3277 424 3381 509 non
3409 471 3530 525 spe-

1939 553 2025 594 ras
2044 579 2061 602 ,
2094 554 2261 610 quare
2290 539 2467 609 petis?
2490 540 2537 594 si
2569 555 2754 613 speras
2778 582 2792 608 ,
2820 558 2985 614 quare
3010 554 3114 599 non
3154 545 3368 600 credis?
3391 546 3531 617 Quid

1939 629 2108 700 ergo?
2134 629 2397 685 Κωπαῖαι
2421 641 2512 699 est,
2537 632 2726 703 inquit,
2751 636 2910 689 oratio
2927 644 3014 688 tua
3043 650 3061 690 .'
3084 652 3201 689 nam
3229 654 3342 692 ecce
3363 641 3531 694 conci-

1940 720 2041 789 piet
2065 719 2321 776 Elisabctlt
2343 764 2356 786 ,
2392 733 2440 777 et
2466 727 2625 794 pariet
2651 725 2740 779 tibi
2768 727 2950 795 filium.
2974 728 3189 794 Quare?
3216 729 3347 795 Quia
3370 746 3525 784 carmi-

1938 808 2047 863 dita
2074 818 2147 865 cst
2184 812 2347 867 oratio
2377 821 2481 868 tua.
2510 811 2569 869 Si
2595 813 2796 870 diceret
2822 815 3108 871 Zacharias
3128 858 3144 885 ,
3179 817 3392 886 Quare?
3430 821 3532 877 hoc

1940 901 2163 971 rogavi?
2190 901 2384 973 Utique
2425 906 2643 969 angelus
2670 920 2767 962 nec
2799 906 3099 974 falleretur,
3139 925 3237 965 nec
3282 911 3487 968 falleret
3512 954 3532 978 ,

1937 993 2151 1062 quando
2173 994 2383 1050 dicebat
2409 995 2433 1048 ?
2462 994 2719 1051 Exaudite
2742 1008 2815 1051 est
2838 1000 3000 1053 oratio
3021 1010 3108 1053 tua
3132 1016 3152 1055 :
3168 1017 3286 1055 nam
3311 1019 3422 1056 ecce
3441 1021 3533 1066 pa-

1937 1087 2100 1140 ritura
2124 1098 2198 1142 est
2228 1104 2357 1142 uxor
2390 1097 2498 1143 tua.
2539 1089 2643 1144 Sed
2683 1106 2850 1161 quare
2876 1091 2976 1148 hoc
3010 1093 3208 1148 dictum
3248 1094 3368 1149 est?
3396 1096 3529 1161 Quia

1938 1178 2026 1232 ille
2053 1194 2146 1248 pro
2175 1181 2368 1251 populo
2399 1182 2731 1237 sacrificabat
2758 1200 2772 1237 :
2816 1183 3068 1240 sacerdos
3100 1199 3199 1255 pro
3225 1188 3416 1255 populo
3445 1203 3502 1240 sa

1938 1270 2250 1337 criticabat,
2298 1273 2521 1343 populus
2567 1273 2835 1330 Christum
2880 1277 3255 1347 exspectabat;
3296 1277 3530 1333 Joannes

1938 1359 2213 1417 Christum
2244 1364 2608 1419 annuntiabat.
3094 1372 3103 1389 '

2009 1453 2066 1509 4.
2089 1453 2260 1509 Maria
2280 1456 2410 1510 inter
2434 1455 2663 1511 mulieres
2684 1457 2959 1511 benedicta.
2979 1459 3213 1529 Angelus
3234 1475 3362 1514 vero
3389 1460 3529 1516 idem

1941 1543 2055 1614 ipse
2094 1544 2158 1599 ad
2187 1545 2403 1601 Mariam
2430 1546 2685 1620 virginem
2719 1565 2734 1602 :
2762 1549 2895 1615 Are,
2924 1549 3123 1618 inquit,
3152 1551 3317 1621 gratia
3344 1554 3527 1621 plena,

1943 1635 2190 1692 Dominus
2218 1648 2378 1692 tecum
2408 1654 2427 1693 :
2447 1641 2557 1708 jam
2586 1648 2760 1695 tecum
2805 1648 2887 1695 est
2916 1641 3003 1711 qui
3037 1641 3138 1695 erit
3166 1641 3216 1695 itt
3266 1651 3336 1697 te.
3373 1643 3531 1698 Βωκ-

1942 1729 2078 1783 dicta
2111 1740 2166 1783 tu
2205 1730 2333 1785 inter
2371 1730 2624 1785 mulieres.
2656 1730 2986 1800 Proprietate
3028 1732 3289 1787 ltebraicze
3338 1733 3531 1804 liuguze
3595 1741 3601 1747 ‘

1942 1834 2131 1877 omnes
2158 1820 2380 1876 feminas
2424 1823 2676 1877 mulieres
2700 1822 2803 1878 diei
2833 1823 3007 1879 solere
3049 1822 3320 1895 Scriptura
3349 1837 3531 1882 sancta

1946 1921 2169 1968 testatur
2197 1930 2211 1966 :
2246 1929 2315 1967 ne
2347 1912 2483 1969 forte
2517 1913 2777 1969 mirentur
2816 1924 2907 1969 aut
2945 1914 3406 1983 scandalizentur,
3443 1918 3529 1988 qui

1942 2019 2049 2060 non
2090 2005 2263 2061 solent
2287 2004 2585 2076 Scriptores
2606 2006 2809 2062 audire.
2859 2006 3112 2063 Dominus
3131 2011 3358 2079 quodam
3386 2010 3534 2066 Scri-

1950 2105 2223 2167 pturartun
2257 2097 2374 2152 loco
2413 2106 2595 2167 aperte
2632 2098 2793 2165 dicit,
2825 2097 3098 2171 Segregutc
3122 2101 3387 2168 mulieres,
3423 2117 3537 2174 quia

1944 2205 2046 2244 non
2075 2199 2409 2261 cogitat-erunt
2444 2190 2608 2271 virum
2652 2188 2842 2260 (Nam.
2875 2207 3001 2249 xxxt
3030 2233 3041 2255 ,
3076 2192 3142 2247 ΓΙ
3165 2234 3180 2257 ,
3209 2208 3310 2247 scc.
3345 2192 3530 2259 LXX).

1947 2281 2117 2351 lpsam
2160 2266 2639 2352 denique‘t'ecolite
2678 2283 2935 2353 originem
2978 2294 3277 2339 ttostt-aut-:
3323 2284 3537 2355 quando

1948 2375 2082 2439 facta
2114 2384 2199 2429 est
2228 2375 2334 2429 Era
2357 2375 2425 2430 de
2448 2375 2615 2431 latere
2632 2375 2731 2430 viri
2753 2417 2768 2442 ,
2790 2376 2916 2446 quid
2947 2376 3075 2430 dicit
3099 2375 3410 2447 Scriptura?
3439 2376 3538 2431 De-

1949 2466 2104 2519 traxi!
2149 2466 2196 2520 ei
2233 2476 2421 2520 costam
2443 2507 2459 2532 ,
2501 2476 2546 2521 ct
2574 2467 2841 2535 redi/icavit
2866 2483 2975 2522 eam
3001 2468 3052 2521 in
3095 2469 3350 2522 mulierem
3385 2469 3534 2541 (Cen.

1949 2570 2008 2623 η,
2037 2555 2150 2627 22).
2191 2555 2307 2611 Jatn
2334 2557 2524 2612 mulier
2546 2567 2763 2612 vocatur
2784 2600 2799 2624 ,
2827 2559 2893 2613 de
2915 2559 3028 2612 viro
3051 2559 3263 2629 quidem
3286 2572 3496 2631 smupta
3519 2604 3533 2625 ,

1950 2647 2044 2702 sed
2074 2647 2307 2702 nondum
2338 2648 2455 2702 viro
2476 2649 2776 2717 conjuncta.
2808 2649 2926 2704 Jam
2959 2665 3085 2720 ergo
3112 2664 3231 2706 cum
3252 2651 3447 2706 auditis
3472 2653 3539 2705 ah

1951 2736 2165 2806 angelo,
2194 2734 2464 2791 Bmedicta
2490 2748 2542 2790 tu
2573 2738 2700 2792 inter
2727 2739 2961 2792 mulieres
2980 2758 3000 2805 ;
3022 2740 3098 2795 sic
3118 2740 3342 2810 accipite
3362 2782 3376 2806 ,
3406 2755 3468 2796 ac
3494 2742 3537 2796 si

1951 2842 2104 2885 more
2148 2839 2331 2885 uestro
2369 2830 2669 2898 diceretur,
2704 2831 2983 2887 Benedicta
3027 2841 3080 2887 tn
3113 2832 3250 2887 ittter
3294 2833 3538 2890 feminas.

2023 2922 2075 2976 5.
2120 2919 2388 2975 Zachariae
2429 2932 2478 2977 et
2503 2920 2688 2976 Maria:
2713 2923 2894 2977 similis
2928 2923 3253 2996 interrogatio
3276 2970 3290 2992 ,
3341 2927 3542 2980 animus

1953 3014 2231 3070 dissimilis.
2262 3014 2587 3086 Propositum
2615 3015 2933 3089 virginitatis.
2968 3016 3304 3073 Promittitur
3336 3018 3542 3073 Zacha-

1953 3107 2047 3161 ria:
2073 3106 2211 3161 ﬁlius
2230 3148 2245 3171 ,
2276 3108 2602 3176 promittitur
2621 3118 2675 3165 ct
2702 3118 2902 3164 sancta:
2924 3109 3100 3164 Maria:
3131 3109 3268 3164 lilitts
3287 3152 3301 3174 ,
3335 3120 3388 3167 ct
3417 3111 3545 3167 dicit

1953 3198 2112 3253 etiam
2160 3200 2271 3268 ipsa
2320 3215 2456 3270 pene
2507 3201 2618 3270 ipsa
2648 3201 2806 3256 verba
2854 3218 2973 3272 quae
3002 3203 3204 3258 dixerat
3241 3203 3542 3283 Zacharias.

1954 3288 2089 3357 Quid
2132 3290 2275 3345 enim
2315 3290 2520 3346 dixerat
2549 3290 2872 3347 Zacharias?
2920 3291 3068 3348 Unde
3095 3294 3217 3363 nti/ti
3260 3295 3395 3350 hoc?
3435 3295 3547 3368 Ego

1954 3382 2086 3434 enim
2112 3398 2222 3435 sum
2262 3397 2415 3435 aenea:
2435 3422 2453 3448 ,
2486 3393 2532 3436 et
2563 3400 2692 3437 uxor
2711 3401 2821 3436 mra
2857 3384 3075 3450 sterilis,
3117 3395 3163 3438 et
3192 3402 3456 3456 progressa
3494 3387 3548 3441 in

1956 3473 2129 3527 diebus
2156 3474 2279 3526 suis.
2300 3473 2436 3541 Quid
2466 3482 2519 3529 et
2545 3474 2707 3529 Maria
2733 3475 2950 3529 sancta?
2977 3474 3241 3540 Quomodo
3261 3478 3346 3545 ﬁet
3371 3474 3550 3532 istud?

1957 3562 2156 3619 Similis
2178 3578 2304 3627 vox,
2322 3564 2581 3620 dissimile
2601 3581 2712 3619 cor.
2740 3565 2935 3620 Vocem
2959 3566 3184 3621 similem
3212 3583 3340 3624 aure
3360 3569 3547 3625 audia-

1959 3667 2107 3719 mus,
2135 3667 2229 3708 cor
2253 3664 2428 3708 autem
2450 3655 2709 3710 dissimile
2729 3655 2924 3726 angelo
2951 3657 3327 3725 pronuntiante
3355 3675 3548 3715 nosca-

1960 3759 2098 3798 mus.
2136 3744 2378 3799 Pecearit
2404 3745 2601 3811 David,
2632 3753 2686 3800 ct
2713 3761 2741 3798 a
2773 3746 3029 3816 propheta
3067 3757 3345 3818 correptus
3380 3749 3547 3819 dixit,

1960 3832 2176 3889 Peccavi
2210 3850 2230 3890 :
2257 3836 2510 3890 continuo
2539 3836 2587 3890 ei
2627 3835 2825 3890 dictum
2873 3844 2994 3904 est,
3025 3836 3300 3892 Dimissum
3343 3849 3415 3894 est
3463 3842 3552 3897 tibi

1962 3940 2221 3999 peccatum
2238 3929 2302 4003 (ll
2325 3930 2446 4001 Reg.
2468 3946 2567 3996 xu,
2592 3930 2701 4003 l5).
2722 3919 2966 3987 Peccavit
2989 3933 3054 3988 Sa
3064 3935 3134 3998 id,
3160 3944 3213 3989 et
3233 3951 3263 3989 a
3284 3935 3551 4006 Propheta

1963 4032 2237 4091 correptus
2265 4022 2433 4087 dixit,
2463 4019 2673 4077 Peccavi
2702 4038 2721 4077 :
2750 4038 2849 4078 nec
2877 4023 2925 4079 ci
2954 4024 3230 4079 dimissum
3258 4037 3341 4081 est
3367 4041 3553 4097 pecca-

1963 4120 2104 4179 tum,
2134 4111 2228 4169 scd
2258 4112 2454 4168 mansit
2495 4114 2570 4168 ira
2604 4115 2695 4169 Dei
2739 4130 2899 4185 super
2925 4131 3045 4170 cum
3073 4103 3122 4186 ’(1
3155 4115 3281 4187 Reg.
3326 4132 3413 4178 xv,
3442 4116 3511 4173 50
3534 4159 3552 4184 ,

1964 4204 2076 4277 35).
2108 4204 2244 4270 Quid
2274 4214 2356 4260 est
2383 4204 2485 4259 hoc
2507 4246 2523 4271 ,
2565 4205 2665 4259 nisi
2693 4206 2832 4275 quod
2871 4207 3060 4262 similis
3104 4223 3207 4262 rex
3234 4249 3247 4271 ,
3294 4206 3556 4264 dissimile

1964 4296 2092 4351 eor?
2118 4295 2289 4350 llomo
2333 4296 2473 4350 enim
2501 4304 2582 4351 est
2608 4297 2751 4352 vocis
2788 4296 3033 4362 auditor,
3075 4297 3214 4352 Deus
3254 4299 3431 4354 cordis
3471 4300 3554 4354 in-

1965 4399 2196 4459 spector.
2239 4387 2294 4443 In
2339 4389 2445 4443 illis
2487 4403 2614 4459 ergo
2655 4389 2828 4444 verbis
2867 4389 3139 4444 Zachariae
3169 4405 3273 4445 non
3305 4389 3470 4447 fuisse
3496 4392 3555 4446 li-

1967 4479 2087 4534 dem
2108 4520 2123 4545 ,
2155 4478 2250 4534 sed
2280 4478 2661 4534 dubitationem
2690 4488 2743 4534 et
2769 4480 3194 4551 deSperationcm
3222 4483 3441 4552 angelus
3482 4484 3559 4536 vi-

1968 4570 2065 4637 dit,
2093 4570 2315 4641 angelus
2343 4570 2623 4634 indicavit,
2663 4585 2850 4627 vocem
2884 4572 3119 4627 tollendo
3141 4613 3157 4638 ,
3189 4572 3558 4628 infidelitatem

1968 4662 2292 4718 damnando.
2334 4660 2521 4718 Sancta
2552 4678 2693 4718 vero
2721 4663 2883 4719 Maria
2915 4684 2928 4719 :
2962 4663 3227 4730 Quomodo
3264 4667 3351 4736 ﬁet
3379 4662 3559 4732 istud,

1966 4755 2085 4826 quia
2104 4755 2264 4808 virum
2291 4772 2389 4809 non
2418 4757 2702 4827 cogitasco?
2730 4758 3014 4827 Agnoscitc
3036 4759 3364 4827 propositum
3394 4758 3561 4829 virgi-

1971 4846 2074 4900 nis.
2100 4845 2326 4914 Quando
2349 4846 2570 4908 dicerct,
2602 4849 2945 4901 concubitura
2972 4862 3092 4902 eum
3125 4848 3258 4915 viro,
3295 4848 3565 4916 Quomodo

1973 4938 2059 5007 ﬁet
2088 4938 2223 4991 istud
2240 4937 2339 4992 ?Si
2362 4938 2503 4991 enim
2535 4940 2706 5000 lieret,
2738 4937 3002 5007 quomodo
3029 4937 3095 4993 de
3116 4939 3364 4994 omnibus
3385 4938 3562 4995 infau-

1976 5028 2116 5082 tibus
2145 5027 2258 5082 ﬁeri
2289 5027 2423 5082 solet
2443 5069 2458 5093 ,
2491 5043 2595 5082 non
2627 5027 2846 5093 diceret,
2873 5026 3152 5096 Quotuodo
3184 5028 3310 5083 lict?
3334 5029 3439 5085 Sed
3471 5029 3560 5084 illa

1976 5120 2232 5192 propositi
2263 5121 2341 5174 sui
2371 5135 2597 5187 memor,
2629 5129 2683 5176 et
2709 5121 2875 5175 sancti
2908 5120 3013 5175 voti
3037 5105 3252 5176 conscia
3274 5164 3288 5186 ,
3320 5123 3439 5193 quia
3469 5140 3565 5178 no-

1977 5222 2125 5269 verat
2172 5211 2297 5284 quid
2345 5208 2902 5280 voveratfdiccndo,
2952 5214 3217 5279 Quomodo
3257 5217 3343 5287 fiet
3385 5217 3562 5281 istud,

1977 5306 2215 5376 quoniam
2257 5305 2416 5358 virum
2459 5320 2558 5360 non
2596 5305 2882 5377 cognosco?
2921 5307 3171 5377 quoniam
3212 5323 3316 5362 non
3347 5318 3573 5365 noverat

1980 5396 2084 5452 hoc
2110 5394 2223 5450 ﬁeri
2248 5436 2263 5459 ,
2304 5405 2364 5450 ut
2390 5392 2483 5450 lilii
2514 5405 2857 5452 nascerentur
2883 5397 2983 5452 nisi
3010 5398 3304 5470 conjugatis
3341 5409 3395 5455 et
3440 5414 3568 5454 cou-

1981 5487 2353 5544 cumbeutibns
2375 5502 2496 5544 cum
2540 5489 2669 5545 rit-is
2700 5490 2846 5554 suis,
2887 5489 3028 5561 quod
3072 5490 3184 5561 ipsa
3218 5502 3571 5562 proposuerat

1982 5579 2230 5651 iguomre
2249 5619 2264 5645 ,
2286 5576 2539 5647 dicendo,
2567 5578 2831 5648 Quomodo
2859 5580 2946 5651 ﬁet
2965 5581 3141 5636 istud?
3166 5582 3381 5639 modum
3420 5599 3569 5654 qua:-

1983 5671 2138 5735 sivit.
2170 5685 2279 5726 non
2323 5670 2390 5726 de
2435 5671 2532 5727 Dei
2569 5672 2951 5743 omnipotentia
2996 5674 3275 5731 dubitarit.
3306 5675 3574 5745 Quomodo

1988 5767 2073 5835 ﬁet
2114 5765 2290 5820 istud?
2315 5764 2439 5833 Quis
2479 5765 2662 5821 modus
2707 5776 2801 5822 est.
2832 5783 2931 5841 quo
2959 5768 3046 5824 lict
3073 5769 3251 5826 istud?
3278 5773 3576 5826 Auttmttias
