3974 6170
417 302 555 361 1319

422 414 549 471 mihi
574 414 770 478 tilium,
803 413 965 467 habes
984 426 1161 466 meum
1193 420 1431 481 paratum
1464 410 1698 465 animum
1725 452 1738 474 ,
1770 394 1856 466 die
1882 407 2011 464 mihi

422 510 651 566 modum.
682 508 856 562 Potuit
881 506 1025 562 enim
1057 505 1209 576 virgo
1233 514 1412 560 sancta
1441 514 1678 558 metuere
1697 542 1712 567 ,
1739 513 1830 557 aut
1854 513 2001 556 certe

417 600 657 668 ignorare
683 597 968 652 consilium
997 597 1088 652 Dei
1114 637 1129 663 ,
1169 595 1436 665 quomodo
1474 610 1591 649 eam
1618 593 1783 648 vellet
1813 592 2009 646 habere

430 688 590 742 filium
613 729 629 753 ,
659 687 809 756 quasi
848 686 1202 757 improbasset
1230 685 1446 755 virginis
1474 695 1672 740 votum.
1700 681 1837 751 Quid
1864 681 2007 736 enim

442 777 456 831 i
480 779 700 840 diceret,
728 776 880 832 Nube
899 820 914 843 ,
940 776 1263 846 conjungere
1287 776 1440 830 viro?
1468 775 1586 830 Non
1616 775 1818 830 diceret
1845 776 2005 834 Deus;

409 868 614 937 acet-pit
643 868 785 925 enim
807 877 989 922 votum
1019 868 1258 938 virginis,
1287 867 1553 935 quomodo
1582 867 1719 921 Deus
1748 866 1785 917 ⁸.
1816 865 1877 919 Et
1902 864 2003 919 hoc

412 960 479 1014 ab
528 960 611 1013 illa
654 960 853 1029 accepit
880 1002 894 1027 ,
926 959 1069 1028 quod
1096 960 1209 1028 ipse
1236 958 1469 1012 donavit.
1522 957 1614 1012 Dic
1658 956 1784 1011 mihi
1830 972 1998 1025 ergo,

413 1050 597 1104 nuutie
613 1049 723 1113 Dei,
746 1049 1007 1116 Quomodo
1023 1050 1108 1118 [iet
1126 1048 1294 1104 istud?
1316 1048 1442 1103 Vide
1459 1049 1701 1118 angelum
1724 1048 2001 1113 scientem,

414 1141 557 1195 illam
604 1150 931 1210 quaerentem
956 1182 970 1205 ,
1022 1157 1127 1195 non
1177 1140 1521 1195 difﬁdentem.
1549 1140 1682 1207 Quia
1709 1155 1837 1208 ergo
1874 1137 2005 1193 vidit

413 1248 531 1286 eam
562 1241 909 1302 quaerentem,
938 1247 1041 1286 non
1072 1230 1422 1297 difﬁdentem,
1451 1225 1557 1286 non
1579 1248 1637 1285 se
1676 1231 1888 1299 negavit
1913 1228 1997 1282 in-

415 1332 730 1379 struentem.
783 1325 916 1378 Audi
963 1324 1273 1393 quomodo:
1306 1324 1409 1381 etit
1450 1323 1723 1393 virginitas
1772 1331 1856 1376 tua
1885 1362 1898 1385 ,
1949 1330 2006 1376 tu

414 1424 619 1470 tantum
656 1415 814 1471 crede
844 1416 1115 1469 veritatem
1145 1457 1157 1478 ,
1191 1430 1342 1469 serva
1381 1415 1769 1483 virginitatem,
1817 1412 2000 1481 accipe

415 1507 791 1577 integritatem.
822 1507 1080 1573 Quoniam
1107 1507 1309 1576 integra
1346 1516 1430 1561 est
1466 1505 1598 1560 lides
1643 1516 1764 1571 tua,
1802 1505 2001 1561 intacta

414 1598 517 1653 erit
565 1607 620 1653 et
660 1597 934 1668 integritas
988 1608 1095 1653 tua.
1138 1600 1373 1669 Denique
1419 1599 1540 1652 anili
1590 1597 1858 1668 quomodo
1912 1599 2005 1652 lict

415 1690 586 1745 istud:
620 1689 847 1760 Spiritus
871 1702 1072 1746 sanctus
1098 1693 1407 1762 superveniet
1435 1695 1487 1746 in
1517 1701 1580 1756 te,
1605 1702 1651 1744 et
1675 1692 1829 1745 virtus
1847 1691 2001 1746 Altis-

416 1781 526 1834 simi
551 1780 859 1838 obumbrabit
884 1782 992 1835 tibi.
1016 1782 1142 1837 Tale
1171 1783 1536 1837 umbraculum
1568 1782 1739 1838 nescit
1768 1782 2025 1853 libidinis

414 1881 622 1925 aestum.
652 1871 958 1943 PrOpterea,
985 1875 1106 1944 quia
1133 1873 1358 1943 Spiritus
1386 1884 1587 1927 sanctus
1607 1874 1916 1943 superveniet
1948 1874 2003 1927 in

414 1972 462 2016 te
479 2005 493 2027 ,
517 1974 561 2017 et
592 1965 747 2018 virtus
773 1964 1017 2020 Altissimi
1040 1944 1353 2020 obrimbrabit
1389 1967 1508 2031 tibi;
1536 1967 1655 2035 quia
1689 1966 1793 2023 lide
1818 1966 2000 2020 conci-

416 2054 496 2122 pis
515 2094 530 2118 ,
558 2056 676 2123 quia
707 2054 974 2110 credendo
993 2098 1006 2120 ,
1042 2057 1093 2110 in
1121 2065 1271 2111 utero
1290 2098 1303 2123 ,
1338 2071 1441 2111 non
1467 2056 1868 2111 concuiubendo
1899 2056 1999 2110 ha-

417 2143 566 2197 bebis
592 2162 605 2197 :
638 2156 903 2215 propterea
928 2147 1062 2216 quod
1089 2156 1321 2201 nascetur
1347 2146 1409 2202 de
1427 2157 1474 2202 te
1499 2145 1742 2201 Sanctum
1765 2187 1781 2212 ,
1804 2145 2002 2200 vocabi-

416 2243 498 2286 tur
526 2233 693 2288 Filius
717 2234 832 2287 Dei.
1404 2256 1405 2259 η

484 2327 537 2382 6.
572 2326 741 2380 Maria
769 2345 831 2383 ea:
869 2330 1033 2398 gratia
1072 2339 1228 2383 mater
1270 2327 1394 2383 Filii
1434 2329 1549 2384 Dei.
1585 2330 1721 2399 Quid
1750 2347 1839 2396 es,
1881 2349 2003 2403 qua:

416 2427 596 2486 postea
629 2420 859 2489 paritura
888 2420 984 2475 es?
1014 2420 1164 2475 Unde
1195 2422 1475 2476 meruisti?
1522 2423 1661 2478 unde
1705 2423 1806 2479 hoc
1848 2439 2002 2480 acce-

415 2510 537 2578 pisti
559 2510 583 2562 2'
609 2510 747 2567 unde
775 2511 864 2565 (iet
890 2512 941 2566 in
970 2520 1021 2567 te
1048 2514 1135 2581 qui
1170 2512 1294 2567 fecit
1321 2513 1411 2568 te?
1440 2513 1588 2569 Unde
1610 2556 1625 2580 ,
1648 2516 1881 2585 inquam,
1906 2514 1999 2572 tibi

413 2599 516 2653 hoc
542 2609 741 2655 tantum
768 2601 961 2655 bonum
984 2604 1007 2656 1’
1040 2601 1199 2672 Virgo
1224 2618 1282 2658 es
1307 2644 1320 2664 .
1360 2613 1540 2657 sancta
1572 2620 1629 2657 es
1653 2646 1669 2671 ,
1701 2614 1879 2659 votum
1909 2621 2000 2660 γορ

410 2691 569 2756 visti;
599 2692 690 2748 sed
722 2694 943 2747 multum
984 2694 1122 2763 quin]
1155 2695 1389 2750 meruisti
1417 2737 1430 2763 ,
1474 2696 1579 2750 imo
1609 2714 1733 2752 vero
1774 2680 2009 2756 multan

411 2783 551 2851 quod
590 2784 860 2855 accepisti.
907 2783 1036 2838 Nam
1083 2786 1223 2840 unde
1270 2786 1371 2841 hoc
1413 2787 1690 2842 meruisti?
1722 2788 1807 2843 Fit
1851 2791 1902 2845 in
1946 2801 2000 2847 te

408 2876 498 2944 qui
529 2873 654 2930 fecit
690 2884 740 2931 te
762 2917 776 2939 ,
823 2876 881 2929 lit
919 2877 970 2930 in
1021 2885 1071 2931 te
1102 2894 1195 2946 per
1221 2894 1378 2948 quem
1407 2878 1539 2935 facta
1579 2898 1639 2937 es
1680 2898 1693 2935 :
1737 2883 1844 2939 into
1872 2900 1997 2939 vero

412 2980 506 3033 per
531 2980 686 3035 quem
719 2964 913 3020 fat-tuin
938 2977 1019 3022 est.
1049 2970 1240 3023 cmlum
1271 2979 1324 3024 et
1357 2980 1516 3037 terra,
1550 2988 1644 3042 per
1673 2989 1829 3042 quem
1860 2974 1995 3030 facta

408 3064 532 3110 sunt
568 3059 745 3112 omnia
767 3100 781 3126 ,
817 3060 873 3112 lit
917 3059 969 3113 in
1004 3070 1052 3114 te
1104 3060 1331 3116 Verbum
1361 3063 1452 3118 Dei
1491 3079 1617 3119 caro
1641 3107 1656 3130 ,
1688 3068 1999 3136 accipiendo

407 3163 648 3217 carnem,
686 3166 790 3205 non
821 3152 1112 3208 amittendo
1143 3154 1489 3211 divinitatem.
1518 3158 1582 3213 Et
1614 3158 1839 3214 Verbum
1872 3162 1998 3229 jun-

406 3238 549 3308 gitur
573 3240 740 3305 earni,
766 3249 821 3295 et
850 3242 1078 3298 Verbum
1100 3245 1377 3315 copulatur
1396 3248 1574 3314 carni;
1605 3258 1658 3304 ct
1684 3250 1838 3318 hujus
1865 3254 1994 3308 tanti

408 3329 635 3400 conjugii
662 3330 940 3396 thalamus,
964 3343 1144 3391 uterus
1172 3346 1318 3406 tuus;
1342 3350 1392 3392 et
1410 3339 1583 3409 hujus.
1610 3342 1840 3412 inquam,
1867 3348 1993 3399 tanti

407 3421 657 3492 conjugii.
689 3422 738 3477 id
759 3433 840 3479 est
869 3424 1025 3482 Verbi
1057 3436 1111 3482 et
1135 3429 1311 3483 carnis
1340 3431 1601 3487 thalamus
1627 3444 1807 3489 uterus
1830 3444 1948 3491 tuus
1977 3457 1990 3491 :

408 3513 548 3568 unde
576 3516 684 3585 ipse
705 3532 918 3585 sponsus
939 3518 1164 3586 procedit
1186 3519 1249 3573 de
1275 3520 1498 3575 thalamo
1519 3540 1609 3577 suo
1631 3523 1799 3590 (Psal.
1828 3542 1955 3580 xvttt
1972 3568 1989 3591 ,

407 3604 488 3671 6).
523 3602 731 3659 Invenit
763 3615 812 3660 te
850 3607 1106 3677 virginem
1134 3621 1424 3680 conceptus
1446 3654 1461 3679 ,
1496 3612 1711 3669 dimittit
1738 3616 1993 3685 virginem

408 3704 582 3750 natus.
603 3695 701 3751 Dat
728 3696 1122 3765 fecunditatem,
1145 3717 1250 3756 non
1275 3703 1407 3757 tollit
1437 3704 1812 3775 integritatem.
1842 3707 1995 3764 Unde

408 3786 499 3840 tibi
528 3784 667 3841 hoc?
709 3787 960 3843 Protcrve
1006 3790 1265 3859 virginem
1309 3792 1489 3848 videor
1524 3795 1890 3867 interrogare,
1940 3810 1994 3855 et

406 3879 556 3949 quasi
589 3879 887 3950 importune
914 3895 1069 3936 aures
1099 3883 1426 3938 verecundos
1456 3884 1553 3939 ista
1580 3901 1696 3941 mea
1724 3903 1856 3944 voce
1880 3891 1993 3958 pul-

408 3985 548 4029 sare.
597 3969 699 4026 Sed
734 3971 885 4027 video
911 3972 1167 4044 virginem
1194 3973 1637 4032 verecundantem
1661 4018 1677 4045 ,
1722 3988 1795 4045 et
1814 3988 1990 4035 tamen

409 4060 816 4132 respondentem
840 4104 854 4127 ,
899 4078 1088 4133 meque
1115 4063 1490 4120 admonentem
1537 4083 1550 4120 :
1591 4066 1795 4135 Quaeris
1822 4084 1851 4122 a
1903 4085 1993 4127 me

409 4153 550 4211 unde
578 4155 707 4210 mihi
750 4155 894 4211 hoc?
923 4154 1264 4213 Verecundor
1293 4157 1384 4213 tibi
1425 4160 1749 4228 respondere
1792 4160 1988 4217 bonum

409 4262 623 4316 meum,
665 4249 836 4319 angeli
878 4248 998 4303 andi
1051 4249 1214 4320 ipsius
1261 4249 1653 4317 salutationem,
1704 4263 1758 4307 et
1802 4253 1852 4309 in
1904 4270 1990 4308 me

407 4356 636 4419 agnosce
665 4350 806 4396 tuam
836 4342 1078 4397 salutem.
1106 4342 1277 4399 Crede
1318 4343 1402 4399 cui
1428 4343 1648 4399 credidi.
1680 4345 1831 4402 Unde
1859 4346 1987 4401 mihi

407 4430 507 4487 hoc
536 4432 766 4502 quaeris?
791 4434 1025 4502 Angelus
1057 4434 1395 4505 respondeat.
1435 4435 1531 4492 Dic
1574 4436 1701 4491 mihi
1722 4478 1736 4503 ,
1763 4440 1985 4510 angelo,

410 4524 546 4577 unde
573 4523 747 4578 Maria:
776 4524 913 4578 hoc?
937 4524 1052 4577 Jam
1080 4525 1211 4591 disi,
1238 4541 1359 4581 cum
1391 4527 1612 4582 salutavi
1646 4544 1659 4580 :
1694 4531 1796 4583 Ave
1819 4571 1834 4595 ,
1864 4547 1985 4600 gra-

407 4614 477 4667 tia
515 4613 665 4685 plena
689 4612 841 4683 (an.
876 4615 925 4676 1,
954 4614 1065 4683 ‘28).

858 4704 1084 4761 SERMO
1122 4706 1343 4762 ccxcu
1377 4713 1391 4730 ο
1424 4707 1523 4778 (α).

791 4804 841 4849 ιιι
872 4797 1016 4849 Natali
1047 4798 1241 4850 Joannis
1270 4801 1509 4862 Baptista,
1540 4814 1603 4850 vt.

621 4878 683 4934 In
710 4896 807 4947 quo
834 4881 1120 4950 disputatur
1142 4891 1315 4935 contra
1344 4880 1635 4936 Donatistas
1673 4881 1770 4955 (ιι).

476 4970 701 5028 CAPUT
741 4971 1109 5028 PlilMUil.—-
1140 4974 1189 5027 1.
1229 4971 1445 5028 Joannis
1487 4973 1719 5029 nativitas
1773 4991 1864 5029 cur
1907 4992 1986 5031 ce-

404 5063 657 5130 naretur,
689 5081 788 5119 non
817 5065 1050 5119 aliorum.
1096 5064 1211 5120 Diei
1255 5064 1525 5121 hodiernae
1552 5067 1861 5122 solemuitas
1900 5083 1988 5124 so-

407 5158 637 5213 lemnem
685 5155 953 5211 desiderat
1005 5162 1148 5210 tanta
1206 5158 1605 5227 exspectatione
1658 5172 1980 5215 sermonem.

405 5250 567 5320 Ergo,
599 5247 879 5319 adjuvante
908 5247 1154 5318 Domino,
1203 5248 1619 5305 ministrabimus
1662 5250 1814 5306 vobis
1845 5252 1986 5322 quod

404 5340 634 5408 dederit,
687 5341 983 5397 recolentes
1023 5351 1078 5398 et
1116 5342 1292 5398 animo
1340 5351 1581 5399 tenentes
1626 5352 1821 5400 nostra:
1865 5344 1986 5400 orti-

471 5476 488 5555 ἶ
510 5478 876 5588 mea
889 5472 1773 5588 ωἪοΕὝαηειἪιΨεῖἒῖια
1786 5483 1909 5588 fui?

472 5539 487 5555 '
510 5535 1107 5601 (astigatusadduoscb.
1132 5536 1275 5588 adcl.
1312 5535 1362 5588 «ι.
1387 5551 1425 5587 ι·.
1452 5535 1576 5589 t.'v.
1613 5539 1745 5590 etad
1786 5548 1885 5589 Am.
1912 5546 1983 5589 Er.

409 5599 509 5661 Par.
526 5596 658 5661 tor."
671 5603 722 5647 et
743 5596 804 5661 ad
822 5598 957 5661 Vlgn.

470 5657 543 5782 (αέ
576 5659 715 5718 Alias,
747 5660 811 5709 de
840 5657 1022 5711 Sanctis
1050 5659 1128 5710 35.

470 5717 521 5779 (ι)
574 5724 692 5771 citat
716 5720 877 5771 t-lorus
898 5722 956 5771 ad
981 5722 1128 5782 Philip

469 5717 543 5782 (li)
574 5724 692 5771 citat
716 5720 877 5771 t-lorus
898 5722 956 5771 ad
981 5722 1177 5786 Philipp.
1203 5736 1253 5773 ιι.

1648 296 1706 353 S.
1752 294 2109 352 AUCUSTINI
2152 290 2455 351 EHSCOPI

3542 296 3687 355 1320

2116 408 2254 463 ciunt
2306 407 2606 473 servitutis,
2665 417 2720 462 ut
2765 407 3077 479 loquamur,
3131 424 3236 464 non
3291 420 3546 482 tanquam
3591 430 3706 470 ω.-

2111 499 2295 569 gistri,
2345 499 2438 553 sed
2491 509 2738 569 tanquam
2787 500 3049 566 ministri;
3089 515 3195 555 non
3241 500 3552 573 discipulis.
3607 508 3700 561 sed

2113 591 2517 659 condiscipulis;
2546 592 2669 663 quia
2719 606 2819 647 nec
2866 593 3059 661 servis,
3111 593 3207 649 sed
3250 598 3552 655 conservis.
3593 598 3704 655 Ma-

2111 683 2278 753 gister
2305 693 2483 739 autem
2527 699 2662 739 unus
2702 694 2786 740 est
2820 687 3004 752 nobis,
3044 687 3201 757 cujus
3236 689 3416 744 schola
3462 689 3517 744 itt
3565 698 3701 746 tem

2113 786 2227 843 est,
2283 787 2337 832 et
2373 777 2627 833 cathedra
2670 778 2721 832 iu
2774 779 2954 835 caelo:
2994 781 3149 850 cujus
3194 796 3497 850 praecarsor
3537 781 3701 839 Joan-

2115 882 2210 922 nes
2234 878 2316 921 est
2350 877 2526 933 natus,
2554 869 2706 937 cujus
2735 870 3020 925 nativitatis
3045 871 3164 927 dies
3205 872 3497 929 hodiernus
3528 874 3694 928 tradi-

2115 960 2220 1017 tur,
2253 952 2409 1005 hodie
2424 952 2741 1007 celebratur.
2772 953 2883 1008 lloc
2907 954 3167 1024 majorum
3195 956 3481 1014 traditione
3508 974 3699 1015 susce-

2113 1046 2305 1114 pimus,
2338 1044 2439 1100 hoc
2464 1046 2527 1100 ad
2557 1055 2798 1115 posteros
2826 1046 3074 1102 imitanda
3100 1047 3386 1105 devotione
3414 1053 3690 1107 transmit-

2112 1135 2290 1189 timus.
2319 1135 2538 1190 Joannis
2577 1150 2705 1205 ergo
2734 1150 2840 1190 non
2883 1135 3258 1207 Evsngelistte,
3302 1139 3400 1195 sed
3445 1140 3694 1210 Baptistae

2109 1225 2348 1284 Natalem
2381 1224 2539 1281 hodie
2564 1226 2916 1283 celebramus.
2959 1227 3072 1294 Qua
3102 1229 3271 1298 prima
3296 1245 3357 1285 re
3383 1232 3578 1299 posita.
3601 1248 3691 1287 oe-

2108 1317 2273 1372 currit
2314 1316 2536 1388 qumstio
2563 1331 2667 1371 non
2698 1318 3084 1386 praetereunda,
3112 1335 3277 1389 quare
3298 1320 3566 1387 Natalem,
3590 1339 3693 1393 quo

2108 1420 2188 1465 est
2217 1420 2368 1465 ortus
2395 1425 2463 1464 ex
2494 1421 2643 1464 utero
2666 1410 2919 1477 Joannes,
2949 1414 3124 1481 potius
3149 1413 3507 1477 celebremus,
3533 1431 3690 1485 quam

2108 1499 2391 1570 cujuslibet
2415 1499 2643 1569 apostoli
2678 1499 2760 1555 vel
2795 1502 3044 1572 martyris
3072 1501 3152 1556 vel
3183 1503 3460 1572 prepltetz
3489 1505 3575 1558 vel
3606 1520 3695 1573 pa-

2109 1589 2398 1645 triarchae?
2447 1589 2503 1646 Si
2558 1590 2974 1662 interrogentur,
3026 1591 3153 1662 quid
3200 1592 3696 1663 respondebimus?

2107 1682 2369 1749 Quantum
2402 1683 2531 1737 tuibi
2557 1682 2782 1751 videtur,
2805 1695 3061 1754 quantum
3090 1701 3328 1741 mearum
3349 1688 3546 1743 virium
3584 1705 3686 1743 me

2106 1775 2371 1839 diocritati
2411 1776 2663 1840 occurrit,
2710 1776 2824 1832 haec
2861 1791 3018 1833 causa
3049 1787 3170 1833 est:
3195 1777 3451 1851 Discipuli
3484 1781 3692 1835 Domini

2107 1869 2238 1933 nati,
2262 1877 2317 1923 et
2342 1883 2438 1939 per
2462 1870 2633 1927 aetatis
2660 1884 2933 1925 accessum
2958 1870 3024 1925 ad
3048 1886 3218 1926 annos
3243 1873 3558 1942 capaciores
3585 1890 3689 1941 per-

2105 1959 2270 2023 ducti,
2301 1958 2352 2013 in
2378 1957 2751 2029 discipulatum
2787 1961 3043 2031 assumpti
3067 1972 3219 2027 sunt;
3261 1963 3476 2017 illorum
3512 1972 3690 2034 postea

2108 2049 2239 2104 lides
2284 2048 2508 2105 Domino
2552 2050 2798 2116 adhaesit,
2842 2051 2937 2107 sed
2978 2053 3174 2108 nullius
3203 2054 3415 2109 illorum
3445 2057 3690 2113 nativitas

2110 2142 2332 2197 Domino
2372 2142 2639 2197 militavit.
2668 2141 3032 2199 Recordemur
3059 2156 3113 2201 et
3141 2146 3460 2218 Prophetas,
3493 2151 3687 2204 recola-

2106 2249 2224 2289 mus
2250 2233 2584 2290 Patriarcbas
2607 2252 2623 2287 :
2646 2235 2753 2288 nati
2782 2244 2908 2291 sunt
2942 2236 3204 2303 homines,
3250 2239 3424 2293 anatis
3468 2254 3688 2295 accessu

2106 2325 2293 2395 repleti
2316 2323 2514 2394 Spiritu
2545 2335 2730 2380 sancto
2751 2326 3205 2397 prophetaveruut
3241 2328 3551 2395 Christum;
3582 2333 3688 2386 nati

2104 2427 2250 2482 sunt,
2282 2427 2339 2472 ut
2367 2429 2545 2488 postea
2573 2419 2974 2492 prophetarent.
2995 2420 3215 2485 Joannis
3239 2432 3418 2477 autem
3448 2423 3562 2492 ipsa
3588 2439 3686 2478 na-

2106 2507 2280 2562 tivitas
2316 2488 2595 2563 Dominum
2625 2488 2893 2564 Christum
2923 2488 3276 2581 prophetavit,
3304 2528 3467 2583 quem
3491 2528 3688 2570 conca.

2104 2606 2250 2666 plum
2274 2614 2336 2651 ex
2366 2606 2518 2653 utero
2548 2598 2815 2653 salutavit.

2173 2688 2399 2744 CAPUT
2440 2689 2503 2743 ll.
2525 2721 2590 2730 —
2607 2690 2659 2745 2.
2702 2690 2805 2745 Cur
2826 2702 2993 2747 tantus
3013 2693 3162 2747 homo
3180 2692 3430 2761 Joannes,
3452 2713 3543 2751 nec
3561 2697 3696 2752 inter

2102 2780 2375 2851 discipulos
2404 2780 2627 2846 Domini,
2661 2782 2751 2835 sed
2787 2782 3064 2853 discipulos
3089 2784 3277 2839 habens
3300 2802 3414 2838 cum
3443 2784 3694 2844 Domino.

2102 2869 2486 2926 Donatistarum
2518 2888 2658 2926 voces
2686 2874 2929 2944 ευμεν-ὑφ.
2960 2874 3080 2937 Ista,
3112 2887 3168 2929 ut
3192 2877 3479 2945 potuimus,
3512 2878 3694 2933 soluta

2103 2964 2419 3032 quaestione,
2466 2965 2689 3018 alteram
2735 2950 3125 3035 aggrediamur,
3174 2982 3270 3036 pro
3315 2968 3518 3023 viribus
3555 2984 3691 3038 quas

2101 3053 2306 3108 dederit
2340 3054 2609 3108 Dominus.
2636 3054 2881 3109 Occurrit
2903 3056 3043 3111 enim
3069 3056 3170 3111 alia
3194 3059 3419 3128 quaestio
3446 3060 3693 3130 aliquan-

2104 3155 2177 3209 to,
2209 3153 2265 3198 ιιι
2305 3144 2430 3199 mihi
2460 3145 2686 3212 videtur,
2717 3146 3032 3210 abstrusior,
3060 3154 3115 3202 et
3140 3146 3206 3202 ad
3243 3149 3690 3217 perscrutandutn

2106 3235 2437 3300 laboriosior,
2459 3237 2508 3289 in
2526 3251 2628 3306 qua
2651 3251 2737 3289 me
2763 3235 2987 3291 multum
3009 3236 3279 3307 adjuvabit
3302 3249 3475 3293 vestra
3504 3240 3689 3295 inten-

2101 3327 2194 3387 tio,
2237 3337 2291 3380 ct
2338 3343 2429 3396 pro
2461 3342 2577 3381 mea
2622 3328 2906 3396 exiguitate
2945 3328 3011 3383 ad
3043 3329 3324 3383 Dominum
3358 3312 3690 3401 deprecaiio.

2097 3418 2328 3472 Joannes
2353 3418 2453 3473 istc
2483 3426 2622 3471 tanta
2644 3418 2916 3474 excellens
2932 3419 3119 3489 gratia,
3149 3428 3208 3473 ut
3231 3421 3691 3488 quemadmodum

2098 3509 2295 3563 dictum
2323 3518 2426 3572 est,
2457 3508 2736 3563 Dominum
2765 3508 2924 3562 etiam
2957 3525 3020 3562 ex
3052 3517 3202 3563 utero
3243 3492 3524 3576 salutaret,
3554 3528 3686 3565 Duil-

2098 3599 2223 3652 dutn
2249 3597 2533 3668 loquendo,
2566 3596 2659 3653 scd
2682 3598 3027 3665 exsultando;
3050 3601 3200 3669 cujus
3223 3600 3393 3669 gratia
3433 3600 3487 3655 in
3520 3601 3685 3656 Deum

2093 3693 2203 3761 jam
2235 3701 2357 3746 tunc
2381 3701 2495 3746 erat
2521 3700 2723 3760 aperta,
2751 3691 2963 3760 quando
2991 3692 3105 3761 ejus
3127 3708 3254 3746 caro
3289 3693 3339 3745 in
3368 3707 3536 3748 carne
3571 3704 3685 3748 erat

2098 3784 2334 3839 inclusa:
2363 3782 2449 3837 hic
2476 3797 2601 3853 ergo
2626 3782 2859 3838 Joannes
2888 3800 2991 3839 non
3037 3785 3302 3838 invenitur
3341 3785 3480 3840 inter
3522 3787 3686 3841 disci—

2098 3875 2249 3944 pulos
2266 3873 2496 3939 Domini,
2529 3874 2620 3928 sed
2648 3874 2915 3928 invenitur
2933 3874 3107 3943 potius
3121 3876 3412 3945 discipulos
3430 3876 3683 3933 habuisse

2095 3982 2217 4021 cum
2246 3965 2489 4023 Domino.
2511 3965 2645 4032 Quid
2662 3965 2893 4021 esthoc?
2912 3966 3038 4035 Quis
3062 3976 3145 4045 est
3162 3969 3261 4022 iste
3283 3967 3481 4023 homo?
3515 3968 3685 4024 llomo

2101 4068 2277 4113 tantus
2290 4058 2333 4123 ³,
2361 4057 2479 4127 quis
2498 4057 2655 4112 homo
2682 4056 2893 4112 tantus?
2911 4068 3135 4127 quantus
3163 4069 3338 4113 tantus
3369 4059 3686 4115 honto?Ta-

2099 4165 2220 4206 tncn
2250 4165 2355 4204 non
2385 4147 2704 4220 sequebatur
2726 4149 2862 4203 inter
2883 4150 3169 4219 discipulos
3191 4149 3501 4212 Dominum.
3525 4162 3579 4206 et
3600 4168 3684 4205 se-

2096 4239 2391 4309 quebantur
2411 4254 2530 4294 eum
2566 4238 2842 4309 discipuli:
2872 4240 3009 4295 absit
3039 4251 3095 4294 ut
3119 4240 3313 4307 dicam,
3345 4254 3539 4297 contra
3568 4244 3675 4298 Do-

2096 4334 2325 4397 minum;
2359 4332 2451 4386 sed
2484 4342 2658 4386 tamen
2689 4332 2836 4401 quasi
2867 4342 3013 4386 extra
3039 4333 3339 4390 Dominum.
3384 4335 3684 4406 Discipulos

2096 4423 2323 4478 habebat
2338 4422 2598 4488 Christus,
2617 4422 2900 4491 discipulos
2919 4422 3141 4477 habebat
3157 4418 3390 4479 Joannes
3409 4446 3422 4478 :
3448 4427 3681 4483 docebat

2092 4514 2350 4577 Christus,
2369 4512 2853 4567 docebatJoannes.
2870 4511 3003 4580 Quid
3022 4514 3129 4583 jam
3148 4513 3354 4569 dicam?
3373 4516 3679 4587 Baptizahat

2088 4602 2343 4669 Joannes,
2357 4603 2650 4672 baptizabat
2662 4602 2926 4657 Christus.
2941 4604 3065 4658 Plus
3079 4603 3162 4659 hic
3175 4604 3240 4660 de
3257 4605 3527 4675 baptismo
3538 4610 3681 4676 dico,

2093 4712 2120 4749 ιι
2153 4696 2357 4750 Joanne
2385 4694 2674 4765 baptizatus
2691 4693 3045 4749 estChristus.
3069 4694 3162 4751 Ubi
3181 4706 3305 4752 sunt
3321 4700 3412 4768 qui
3431 4700 3503 4755 de
3519 4704 3673 4757 mini-

2089 4790 2255 4844 sterio
2281 4788 2531 4859 Baptismi
2555 4791 2852 4859 arrogantia
2878 4790 3461 4846 tmnidzeauitnositatis
3490 4793 3673 4847 inﬂan-

2089 4879 2208 4934 tur?
2225 4879 2322 4935 Ubi
2339 4887 2462 4935 suut
2478 4894 2632 4934 voces
2649 4890 2891 4935 carentes
2904 4879 3219 4948 humilitate,
3236 4881 3674 4954 elatmsuperbia,

2094 4971 2208 5042 Ego
2232 4970 2459 5041 baptizo,
2490 4986 2588 5042 ego
2618 4970 2863 5041 baptizo?
2895 4971 3031 5039 Quid
3060 4973 3305 5041 dixisses,
3333 4976 3378 5029 si
3400 4976 3671 5032 Christum

2092 5059 2357 5131 baptizare
2372 5060 2683 5116 meruisses?
2697 5060 2878 5132 Magna
2892 5062 3022 5131 jam,
3035 5072 3287 5133 quantum
3303 5064 3534 5121 advertit
3553 5068 3667 5121 San-

2090 5151 2245 5205 ctitas
2274 5159 2466 5214 vestra,
2496 5165 2751 5222 apparere
2777 5162 2828 5205 et
2857 5151 3095 5209 eminere
3144 5171 3301 5209 causa
3351 5164 3539 5226 coepit,
3569 5174 3668 5228 qua

2090 5236 2257 5289 fuerat
2273 5245 2325 5290 et
2339 5235 2581 5292 Christus
2599 5254 2627 5292 a
2648 5241 2803 5295 Patre
2819 5241 3132 5312 mittendus,
3151 5255 3207 5300 et
3220 5246 3461 5306 Joannes
3477 5267 3509 5305 a
3525 5249 3674 5308 Chrio

2088 5335 2174 5381 sto
2192 5328 2618 5398 praemittendus.
2643 5329 2797 5386 Prior
2816 5333 3013 5389 missus
3033 5344 3117 5390 est
3136 5336 3396 5407 Joannes,
3420 5341 3518 5396 sed
3545 5344 3678 5399 sicut

2086 5418 2154 5474 ab
2175 5419 2591 5491 obsequentibus
2630 5423 2966 5481 anteceditur
2985 5425 3170 5498 judex.
3213 5429 3491 5489 Posterior
3519 5432 3677 5489 homo

2085 5524 2300 5569 creatus
2327 5523 2408 5568 est
2436 5512 2703 5581 Christus,
2731 5516 2823 5573 sed
2850 5517 3110 5576 Joannem
3137 5527 3339 5581 creavit
3361 5525 3501 5584 Deus
3524 5525 3673 5583 Chri-

2086 5615 2219 5658 stus.
2252 5603 2381 5659 Erat
2424 5605 2583 5675 igitur
2609 5605 2843 5664 Joannes
2869 5609 3033 5667 homo
3059 5613 3328 5685 perfectus
3353 5619 3591 5690 quidem,
3620 5630 3675 5675 et

2164 5730 2176 5759 ³
2203 5737 2275 5779 sic
2296 5733 2400 5778 Mss.
2427 5733 2483 5776 At
2504 5724 2641 5788 edin,
2664 5729 2864 5775 teritum.
