3974 6170
290 393 422 449 1321

286 508 438 577 cujus
470 516 610 561 tanta
640 506 804 578 gratia
832 504 1202 560 commendata
1234 511 1335 566 est,
1360 512 1418 555 ut
1437 502 1547 570 ipse
1568 501 1634 553 de
1658 500 1747 553 illo
1770 500 1871 553 Do-

287 600 463 654 minus
489 599 709 659 diceret,
743 596 809 650 In
840 596 968 649 natis
994 594 1261 649 mulierum
1291 611 1433 647 nemo
1460 591 1740 646 exsurrexit
1768 608 1872 643 ma-

275 693 365 761 jor
382 689 582 742 Joanne
606 686 835 756 Baptista
863 685 1073 755 (Matth.
1099 702 1168 749 si,
1202 684 1308 755 11).
1339 683 1441 737 iste
1468 698 1594 753 ergo
1618 693 1721 735 tam
1753 698 1866 734 ma-

281 796 418 850 gnus
447 779 683 848 agnoscit
710 778 991 832 Dominum
1021 776 1072 830 in
1104 791 1268 846 parvo
1314 790 1598 845 magnum:
1630 773 1870 843 agnoscit

285 875 444 925 homo
473 886 595 925 eum
622 869 713 940 qui
739 878 959 925 venerat
986 868 1147 922 homo
1184 868 1344 922 Deus.
1373 867 1428 921 Si
1460 866 1599 921 enim
1647 867 1697 919 in
1732 865 1869 919 natis

283 965 592 1029 mulierum,
627 963 726 1017 hoc
759 970 861 1026 est,
900 961 953 1016 in
996 960 1323 1023 hominibus,
1372 974 1528 1013 nemo
1566 958 1868 1013 exsurrexit

281 1055 449 1124 major
468 1053 672 1108 Joanne
702 1053 966 1122 Baptista;
989 1052 1231 1122 quisquis
1249 1049 1455 1105 Joanne
1485 1049 1603 1118 plus
1628 1059 1727 1111 est,
1757 1062 1864 1102 non

282 1155 484 1198 tantum
514 1143 692 1209 homo,
725 1142 818 1199 sed
862 1151 917 1198 et
952 1142 1094 1197 Deus
1136 1150 1238 1196 est.
1284 1140 1476 1195 Debuit
1516 1156 1644 1209 etgn
1687 1149 1865 1193 tantus

280 1236 397 1299 iste,
431 1242 484 1288 et
505 1235 792 1304 discipulos
818 1234 1061 1305 proprios
1095 1232 1315 1294 habere,
1358 1240 1556 1287 etcum
1588 1228 1865 1299 discipulis

278 1328 391 1382 suis
417 1330 728 1398 magistrum
757 1327 997 1381 omnium
1027 1325 1299 1381 Christum
1333 1338 1674 1394 cognoscere.
1709 1319 1863 1391 Quod

277 1418 420 1471 enim
456 1427 537 1472 est
571 1416 742 1486 majus
784 1416 1144 1470 testimonium
1181 1414 1441 1478 veritatis,
1473 1428 1631 1483 quam
1671 1428 1727 1467 se
1761 1412 1862 1467 hu-

279 1508 531 1562 miliando
550 1524 670 1561 cum
701 1522 1012 1577 agnoscere,
1044 1506 1128 1560 cui
1168 1502 1469 1559 aemulando
1494 1513 1701 1574 poterat
1728 1503 1863 1557 invi-

276 1599 438 1655 dere?
469 1599 651 1654 Putari
687 1600 928 1653 Christus
972 1599 1168 1669 potuit,
1211 1607 1263 1651 et
1318 1599 1485 1653 noluit
1517 1615 1530 1650 :
1570 1596 1860 1651 existimari

274 1689 517 1744 Christus
540 1689 727 1758 potuit,
762 1699 816 1745 et
840 1690 1026 1743 noluit.
1053 1688 1310 1743 Dixerunt
1329 1689 1591 1749 homines.
1623 1704 1743 1741 cum
1767 1688 1862 1741 fal-

276 1783 511 1835 lerentur
541 1781 591 1833 iu
621 1797 717 1833 eo:
745 1779 878 1844 Non)
909 1779 1044 1832 forte
1070 1780 1155 1833 hic
1183 1788 1266 1831 est
1309 1778 1585 1833 Christus?
1615 1778 1859 1846 Respon-

274 1870 353 1926 dit
388 1872 475 1924 ille
509 1871 648 1940 quod
685 1888 787 1923 non
817 1879 951 1936 erat,
995 1879 1055 1923 ut
1084 1879 1320 1923 maneret
1365 1869 1506 1938 quod
1548 1878 1681 1922 erat.
1735 1868 1861 1922 lude

275 1962 469 2031 quippe
493 1961 661 2014 Adam
688 1962 869 2030 lapsus
902 1959 1128 2029 perdidit
1157 1959 1297 2029 quod
1325 1967 1460 2020 erat.
1486 1960 1606 2028 quia
1637 1958 1686 2013 id
1716 1958 1857 2029 quod

275 2069 378 2107 non
409 2061 526 2108 erat
553 2055 843 2122 usurpavit.
878 2052 1161 2106 Rccolebat
1189 2052 1287 2105 hoe
1311 2055 1471 2104 homo
1493 2053 1591 2105 iste
1614 2066 1856 2120 magnus,

274 2143 366 2198 sed
394 2153 450 2197 ut
475 2159 638 2214 parvo
657 2142 873 2198 Christo
894 2142 1144 2196 minimus
1167 2160 1179 2194 :
1206 2152 1425 2196 noverat
1450 2142 1571 2206 hoc,
1592 2141 1858 2195 recolebat

276 2234 396 2298 hoc,
441 2243 495 2287 et
543 2233 785 2298 tenebat;
817 2234 939 2301 quia
970 2233 1210 2301 recipere
1254 2231 1394 2300 quod
1440 2230 1527 2284 ille
1556 2230 1860 2299 perdiderat

272 2325 554 2394 cogitabat.
592 2324 761 2378 llomo
808 2340 935 2393 ergo
960 2324 1080 2388 iste,
1116 2332 1170 2375 ut
1194 2324 1322 2386 dixi,
1353 2336 1576 2391 magnus
1601 2320 1856 2387 Joamtes,

269 2417 354 2470 cui
381 2398 634 2469 Dominus
664 2415 1022 2469 testimonium
1053 2415 1157 2468 ta‘le
1186 2413 1470 2481 perhibuit,
1497 2429 1654 2483 quem
1673 2414 1749 2465 sic
1777 2430 1859 2467 ve-

269 2509 399 2563 ritas
419 2506 830 2572 commendant,
858 2516 913 2561 ut
934 2506 1153 2567 diceret,
1190 2504 1254 2558 In
1295 2506 1424 2559 natis
1457 2507 1720 2559 mulierum
1756 2523 1857 2558 non

269 2598 550 2652 exsurrexit
572 2599 737 2669 major
752 2597 951 2651 Joanne
967 2596 1228 2667 Baptista;
1249 2598 1415 2666 potuit
1434 2597 1577 2651 credi
1591 2597 1853 2661 Christus,

268 2692 376 2745 imo
398 2691 508 2760 jam
538 2690 606 2745 ab
629 2691 709 2746 eis
736 2691 825 2761 qui
853 2691 969 2760 ejus
995 2690 1377 2760 magnitudinis
1402 2691 1569 2759 gratia
1603 2689 1857 2744 falleban-

269 2790 370 2847 tur,
395 2781 712 2837 credebatur
735 2781 981 2836 Christus
1002 2799 1014 2837 :
1044 2791 1099 2835 et
1115 2782 1163 2835 in
1186 2782 1272 2834 illo
1290 2796 1472 2835 errore
1496 2793 1851 2844 morerentur,

268 2873 367 2926 nisi
396 2873 464 2928 ab
493 2873 586 2927 illo
611 2873 899 2926 conﬁtente
939 2873 1350 2941 corrigerentur.
1406 2871 1698 2941 Respondit
1724 2886 1853 2939 ergo

268 2964 337 3017 ita
368 2965 696 3034 potantibus,
724 2973 779 3019 et
805 2963 914 3018 ait:
942 2962 1062 3016 Non
1087 2980 1199 3017 sunt
1227 2980 1316 3033 ego
1344 2958 1569 3016 Christus
1604 2958 1783 3029 (Joan.
1814 2979 1851 3025 t,

267 3053 378 3127 20).
408 3054 679 3126 Tanquam
720 3053 955 3110 diceret:
988 3052 1146 3109 Certe
1188 3052 1237 3107 in
1281 3054 1535 3108 honorem
1572 3068 1747 3109 meum
1781 3053 1851 3107 ita

271 3146 540 3213 fallimini;
570 3156 624 3202 et
648 3156 796 3201 certe
834 3146 965 3200 mihi
998 3145 1098 3201 hoc
1128 3146 1359 3215 putando
1388 3160 1631 3216 magnam
1659 3142 1852 3198 additis

269 3237 482 3291 laudem
504 3255 516 3289 :
542 3236 636 3291 sed
662 3250 762 3305 ego
788 3251 874 3290 me
894 3216 1065 3289 debeo
1088 3250 1396 3304 agnoscere,
1422 3246 1477 3289 ut
1501 3234 1654 3289 vobis
1677 3250 1851 3291 erran-

266 3328 409 3381 tibus
442 3327 530 3379 ille
558 3328 725 3396 possit
751 3326 1046 3394 ignoscere.
1078 3323 1131 3379 Si
1158 3325 1298 3378 enim
1327 3324 1464 3394 quod
1495 3340 1598 3378 non
1628 3333 1742 3378 erat
1765 3322 1852 3377 lal-

264 3419 450 3473 laciter
467 3426 761 3487 putaretur,
774 3415 1042 3485 abilloqui
1056 3425 1166 3469 erat
1189 3414 1445 3470 veraciter
1463 3424 1845 3484 amputaretur.

334 3507 560 3564 CAPUT
591 3506 676 3561 ΙΙΙ.
694 3536 763 3547 -—
782 3507 834 3561 5.
877 3505 1104 3560 Christus
1139 3516 1189 3559 ut
1218 3490 1511 3560 [inutilitatis
1544 3507 1674 3559 riam
1702 3506 1849 3557 dore-

262 3610 355 3662 ret,
392 3599 674 3667 baptizatus
695 3608 741 3649 et
764 3597 1073 3650 incarnatus.
1093 3596 1408 3650 Prwmissus
1425 3609 1505 3649 cst
1530 3611 1657 3664 ergo
1682 3596 1846 3647 Joan-

261 3704 376 3752 nes,
404 3698 463 3741 ut
484 3688 760 3741 Dominum
791 3686 1043 3741 humilem
1070 3687 1379 3755 baptizaret.
1420 3685 1677 3753 Baptizari
1705 3688 1843 3737 enim

267 3780 521 3834 Dominus
549 3788 763 3849 propter
787 3777 1346 3839 humilitatenrvolnit,
1375 3792 1475 3827 non
1504 3787 1717 3844 propter
1750 3777 1849 3828 ini-

262 3873 533 3939 quitatem.
563 3872 817 3925 Dominus
842 3870 1085 3923 Christus
1111 3886 1271 3939 quare
1292 3882 1373 3923 est
1403 3870 1727 3938 baptizatus?
1748 3871 1847 3923 Do-

264 3963 436 4018 minus
462 3962 703 4017 Christus
733 3962 824 4016 Dei
846 3960 1009 4015 Filius
1035 3961 1354 4031 unigenitus,
1378 3974 1543 4030 quare
1564 3970 1644 4015 est
1677 3960 1847 4029 bapti-

261 4056 443 4110 zatus?
470 4055 648 4109 Inveni
677 4070 842 4124 quare
856 4064 937 4109 est
957 4062 1132 4119 natus,
1161 4062 1214 4107 et
1241 4053 1312 4107 ibi
1340 4052 1575 4107 invenies
1599 4067 1762 4122 quare
1778 4052 1846 4105 sit

262 4146 573 4216 baptizatus.
604 4145 676 4200 ibi
697 4145 889 4215 quippe
911 4143 1145 4198 invenies
1168 4141 1480 4196 humilitatis
1500 4142 1658 4206 viam,
1685 4158 1841 4211 quant

262 4238 393 4307 pede
424 4236 657 4306 superbo
680 4252 782 4291 non
813 4236 1022 4304 carpis:
1046 4249 1205 4305 quam
1234 4233 1332 4287 nisi
1361 4232 1545 4287 humili
1567 4234 1703 4302 pede
1731 4232 1842 4286 cai-

257 4331 485 4393 eaveris,
518 4328 585 4384 ad
610 4328 1003 4391 celsitudinem,
1022 4342 1128 4397 quo
1146 4324 1406 4396 perducit,
1436 4327 1715 4396 pervenire
1737 4343 1840 4381 non

260 4427 477 4497 poteris.
513 4426 815 4495 Baptizatus
844 4434 929 4479 est
957 4433 1172 4494 propter
1194 4434 1266 4488 te,
1292 4423 1379 4494 qui
1415 4421 1691 4478 descendit
1721 4436 1843 4489 pro-

260 4531 376 4588 pter
407 4529 478 4573 te.
510 4519 637 4573 Vide
664 4526 895 4587 quantus
924 4515 1094 4570 factus
1129 4516 1200 4570 sit
1224 4516 1489 4570 tantillus:
1527 4514 1760 4581 Quicum
1788 4515 1841 4567 in

257 4616 424 4681 [arma
448 4609 541 4663 Dei
569 4619 714 4675 esset,
738 4626 836 4662 non
863 4608 1097 4677 rapinam
1121 4609 1391 4661 arbitratus
1415 4616 1613 4675 estesse
1631 4606 1841 4675 aequalis

262 4703 390 4756 Deo.
424 4702 537 4756 Non
558 4703 701 4755 enim
732 4710 846 4755 erat
866 4701 1068 4771 rapina,
1094 4700 1187 4754 sed
1211 4710 1326 4754 erat
1355 4708 1539 4754 natura
1566 4698 1841 4769 arqualitas

261 4796 377 4849 Filii
400 4811 521 4849 cum
551 4796 723 4849 Patre.
748 4794 982 4849 Joannes
1010 4795 1054 4848 si
1082 4808 1141 4849 se
1166 4793 1431 4849 Christum
1458 4796 1626 4864 putari
1658 4795 1837 4860 vellet,

259 4888 333 4941 illi
362 4887 542 4954 rapina
582 4896 741 4941 esset.
771 4885 818 4939 Ν
829 4903 891 4940 οη
921 4902 1047 4957 ergo
1073 4887 1304 4955 rapinam
1330 4887 1599 4939 arbitratus
1626 4900 1695 4939 est
1734 4902 1841 4939 esse

256 4980 467 5049 aqualis
492 4978 615 5033 Deo.
648 4978 777 5033 Erat
803 4980 969 5044 enim,
997 4988 1052 5033 et
1074 4978 1188 5033 sine
1227 4979 1407 5047 rapina
1445 4987 1580 5043 erat,
1618 4987 1840 5033 coaeter-

257 5085 359 5123 nus
384 5070 453 5123 ab
479 5079 683 5123 mterno
712 5077 866 5122 natus
888 5077 1021 5125 erat.
1043 5068 1243 5124 Tamen
1260 5070 1581 5139 semetipsum
1603 5071 1836 5123 annoni-

254 5155 328 5207 vit
359 5155 586 5225 fortnam
611 5159 746 5211 servi
775 5161 1036 5229 accipiens
1068 5162 1392 5234 (ΡΙιὶΙὶρρ.ιι,
1421 5168 1476 5230 6,
1506 5169 1582 5240 7);
1610 5169 1715 5226 hoc
1735 5152 1835 5240 eat,

258 5241 490 5299 fortnam
524 5245 759 5303 hominis
783 5250 1076 5318 accipiens.
1100 5256 1202 5318 Qui
1225 5274 1342 5309 cum
1368 5258 1611 5330 informa
1640 5264 1735 5318 Dei
1756 5282 1841 5322 es-

255 5347 356 5399 set,
393 5353 502 5391 non
537 5340 762 5396 formam
806 5344 896 5397 Dei
922 5347 1221 5416 accepisset
1246 5368 1258 5402 :
1288 5367 1418 5421 ergo
1436 5369 1555 5406 cum
1587 5357 1641 5409 in
1665 5358 1838 5427 forma

266 5429 361 5482 Dii
387 5441 535 5495 esset,
569 5436 903 5504 semetipsum
931 5439 1248 5501 exinaniuit,
1275 5443 1504 5511 formam
1534 5450 1668 5501 servi
1693 5453 1837 5503 arci-

255 5520 425 5588 piens.
460 5523 549 5577 Sic
575 5529 788 5597 accepit
813 5529 957 5597 quod
990 5546 1098 5585 non
1142 5542 1280 5593 erat,
1314 5544 1374 5588 ut
1421 5552 1529 5591 non
1586 5542 1841 5605 perdi-ret

254 5616 400 5682 quod
426 5628 562 5670 erat.
593 5617 814 5673 Manens
852 5619 1015 5685 Deus,
1050 5624 1323 5679 hominem
1356 5632 1651 5700 assumpsit
1718 5631 1869 5685 For--

258 5723 399 5760 niani
434 5711 574 5763 servi
607 5714 840 5780 accepit,
872 5722 928 5767 et
958 5712 1134 5769 factus
1165 5725 1251 5770 est
1283 5721 1423 5771 Deus
1457 5721 1638 5788 homo,
1671 5740 1837 5793 aquo

257 5797 367 5856 Deo
389 5802 457 5856 lar
479 5811 564 5857 tus
593 5816 672 5859 est
707 5805 888 5861 homo.

537 5901 801 5961 Parnm.
847 5903 1195 5966 ‘TXXVlll.

1648 385 1876 442 SEliMO
1912 385 2155 441 CCXCll.

3428 400 3446 452 1
3456 398 3560 453 393

2053 500 2279 557 CAPUT
2320 502 2490 556 ιν;-ο
2518 503 2649 558 Vide
2676 521 2821 574 ergo,
2849 522 2963 576 qu.e
2993 506 3266 575 utajestas,
3308 526 3427 580 qua:
3467 527 3560 579 po-

1978 598 2159 657 testas,
2189 608 2308 662 qute
2334 594 2649 659 sublimitas,
2680 612 2795 665 qua:
2824 611 2945 650 eum
2986 597 3139 652 Patre
3160 600 3440 668 aequalitas
3465 618 3558 655 ve-

1975 684 2054 737 nit
2080 695 2295 753 propter
2324 700 2420 739 nos
2446 687 2510 739 ad
2536 687 2897 743 indumentum
2929 689 3114 744 forma:
3149 693 3356 747 servilis
3380 697 3557 749 :etin-

1976 772 2152 842 tellige
2181 773 2320 829 illam
2350 792 2381 831 a
2412 777 2662 845 magistro
2706 787 2850 832 tanto
2889 779 3198 835 lnnnilitatis
3224 781 3396 849 viam;
3426 800 3558 854 quo-

1975 861 2115 918 niam
2136 865 2253 934 plus
2272 875 2355 921 est
2373 867 2514 937 quod
2532 868 2693 923 voluit
2718 868 2876 924 homo
2900 868 3034 934 ﬁeri,
3052 887 3208 940 quam
3236 872 3376 943 quod
3392 873 3554 931 voluit

1970 954 2039 1008 ab
2077 956 2290 1011 homine
2319 958 2591 1027 baptizari.
2836 1008 2841 1013 ν
3548 1020 3555 1029 ,

2042 1044 2097 1098 4.
2136 1044 2399 1114 Baptizari
2424 1063 2515 1100 cur
2538 1064 2571 1100 a
2597 1046 2799 1103 Joanne
2824 1050 3001 1104 notuit.
3034 1046 3272 1121 Baptizat
3292 1068 3439 1124 ergo,
3474 1054 3557 1108 in-

1968 1148 2149 1204 quam,
2177 1133 2409 1191 Joannes
2433 1136 2724 1204 Christum,
2756 1155 2940 1196 servus
2969 1142 3274 1210 Dominum,
3296 1160 3395 1198 vos
3429 1144 3557 1199 Ver-

1972 1227 2114 1281 bum.
2144 1226 2467 1284 Mementote
2495 1229 2658 1295 cnim,
2690 1229 2804 1307 Ego
2825 1249 2938 1287 sum
2966 1251 3063 1288 vox
3083 1234 3349 1289 clamantis
3369 1235 3421 1290 in
3441 1254 3553 1290 ere-

1968 1332 2050 1368 mo
2067 1333 2086 1371 :
2108 1325 2162 1371 et
2188 1327 2509 1375 mementote
2530 1320 2654 1390 quia
2691 1319 2907 1376 Verbum
2927 1341 3045 1378 raro
3065 1328 3256 1396 factum
3276 1336 3365 1391 est,
3392 1337 3437 1380 et
3459 1326 3553 1381 Ita-

1966 1404 2140 1459 bitarit
2158 1407 2211 1459 in
2233 1407 2373 1461 nobis
2402 1406 2577 1480 (Ioan.
2598 1425 2634 1473 ι,
2653 1409 2740 1475 25,
2764 1411 2873 1475 id).
2896 1411 3131 1482 Baptizat
3145 1430 3293 1486 ergo,
3313 1415 3546 1486 inquam,

1964 1496 2195 1552 Joannes
2237 1496 2532 1564 Christum,
2584 1515 2767 1555 servus
2815 1502 3116 1566 Dominum,
3149 1521 3248 1561 vox
3294 1505 3547 1575 Verbum,

1966 1595 2207 1640 creatura
2231 1585 2563 1650 Creatorem,
2606 1589 2819 1645 lucerna
2859 1592 3056 1657 solem;
3102 1595 3196 1649 sed
3235 1596 3422 1661 solem,
3454 1599 3545 1668 qui

1923 1676 1933 1687 '
1967 1676 2089 1730 fecit
2110 1676 2248 1731 lnmc
2277 1679 2476 1742 solem;
2506 1680 2672 1734 solem
2702 1681 2769 1736 de
2795 1698 2901 1752 quo
2931 1683 3130 1738 dictum
3157 1693 3257 1751 est,
3293 1684 3446 1741 Ortus
3476 1700 3547 1740 est

1966 1767 2091 1819 milii
2114 1767 2193 1820 sol
2211 1770 2446 1838 justitiw,
2473 1781 2519 1824 et
2539 1773 2728 1826 sanitas
2753 1774 2805 1826 in
2837 1774 3013 1841 pennis
3038 1776 3145 1846 eius
3191 1777 3441 1845 (dlaluclt.
3474 1796 3544 1839 ιγ,

1965 1855 2041 1925 2).
2070 1858 2141 1912 lle
2169 1850 2273 1927 ιῇο
2304 1860 2446 1928 impii
2469 1876 2589 1915 sero
2615 1863 2934 1931 puenitcntes
2960 1866 3011 1918 in
3043 1867 3145 1919 line
3164 1868 3213 1919 in
3237 1868 3437 1937 judicio
3454 1869 3544 1922 Dei

1964 1947 2155 2001 dicturi
2182 1961 2335 2002 sunt:
2371 1953 2504 2014 Quid
2524 1954 2664 2006 nobis
2692 1957 2884 2025 profuit
2912 1958 3185 2025 superbia!
3213 1969 3298 2012 aut
3323 1962 3444 2030 quid
3468 1962 3547 2013 (ti-

1964 2039 2199 2093 vitiarum
2212 2041 2461 2109 jm‘tautia
2477 2044 2687 2097 contulit
2703 2045 2881 2099 nobis?
2900 2044 3333 2103 Transieruntan
3352 2052 3520 2104 omni"

1967 2138 2206 2197 tanquam
2243 2132 2419 2183 umbra
2444 2149 2461 2185 :
2488 2143 2540 2187 et
2569 2150 2688 2187 cum
2721 2136 2922 2189 umbris
2946 2138 3035 2207 qui
3064 2118 3231 2194 secuti
3275 2152 3399 2195 sunt
3428 2160 3544 2195 um-

1967 2220 2107 2273 bras.
2140 2220 2301 2292 Ergo,
2323 2224 2585 2293 inquiunt,
2609 2227 2884 2303 erravimus
2910 2246 2941 2280 a
2963 2230 3041 2282 via
3057 2232 3299 2298 veritatis,
3328 2243 3372 2285 et
3392 2234 3542 2298 iusti-

1965 2314 2049 2366 tia:
2085 2314 2252 2367 lunten
2282 2331 2378 2368 non
2419 2318 2544 2369 luxit
2580 2317 2741 2385 nobis,
2785 2329 2833 2373 et
2870 2320 2985 2374 sol‘
3011 2338 3112 2374 non
3149 2333 3381 2378 estortus
3404 2325 3544 2379 nobis

1964 2403 2118 2471 (Sap.
2160 2420 2214 2467 γ,
2259 2404 2394 2475 ϐοδ).
2434 2405 2541 2459 Illis
2572 2423 2674 2460 non
2703 2417 2964 2465 estortus
3002 2409 3264 2481 Christus,
3298 2430 3324 2466 a
3356 2414 3544 2484 quibus

1965 2510 2068 2546 non
2100 2504 2182 2547 est
2211 2497 2419 2564 agnitus
2436 2497 2699 2553 Christus.
2729 2501 2820 2555 Sol
2850 2502 2937 2557 ille
2957 2502 3196 2571 justitite,
3229 2508 3343 2561 sine
3380 2506 3540 2566 nube.

1963 2587 2078 2641 sine
2107 2599 2287 2654 nocte;
2315 2590 2427 2659 ipse
2453 2607 2556 2645 non
2597 2592 2764 2647 oritur
2794 2594 2968 2658 malis,
3002 2612 3107 2650 non
3146 2598 3314 2652 Oritur
3343 2598 3538 2669 impiis,

1964 2697 2067 2735 non
2095 2684 2263 2736 utitur
2289 2684 2610 2739 infidelibus.
2643 2685 2773 2739 Nam
2806 2687 2972 2741 solem
3000 2687 3156 2743 istum
3178 2689 3244 2744 de
3264 2691 3401 2745 caelo
3420 2707 3542 2744 eor~

1964 2788 2180 2839 pureum
2223 2774 2457 2842 quotidie
2506 2776 2627 2829 facit
2673 2776 2801 2830 oriri
2854 2794 3014 2847 super
3062 2779 3231 2834 bonos
3278 2791 3331 2835 ct
3376 2783 3543 2835 tnalos

1964 2860 1985 2931 (
1997 2862 2176 2917 ναίω.
2203 2881 2255 2929 v,
2274 2866 2385 2935 45).
2412 2866 2477 2919 Ba
2486 2867 2699 2935 ptizavit
2714 2883 2861 2938 ergo,
2892 2879 2951 2923 ut
2976 2868 3105 2937 dixi,
3122 2880 3363 2926 creatura
3378 2870 3507 2927 Crea
3525 2903 3542 2913 -

1962 2965 2153 3021 torem,
2185 2957 2397 3011 lucerna
2428 2958 2592 3014 solem
2625 2970 2719 3015 :et
2750 2977 2854 3015 non
2897 2977 2955 3017 se
2995 2964 3183 3017 extulit
3226 2963 3537 3037 baptizatur,

1959 3046 2051 3101 sed
2081 3047 2314 3102 subdidit
2337 3050 2655 3119 baptizando
2685 3050 2781 3124 (a).
2804 3051 2935 3108 Nam
2965 3056 3193 3110 venienti
3218 3056 3285 3112 ad
3308 3073 3366 3113 se
3385 3042 3557 3115 ante

1959 3137 2035 3191 Tu
2055 3140 2186 3192 renis
2200 3139 2267 3192 ad
2280 3158 2357 3194 me
2372 3142 2652 3212 baptizari?
2670 3143 2779 3216 Ego
2795 3164 2825 3198 a
2842 3156 2889 3200 te
2904 3146 3055 3201 debeo
3068 3147 3333 3219 baptizari.
3356 3124 3537 3221 Magna

1957 3230 2240 3291 confessio,
2270 3242 2322 3285 ct
2350 3246 2536 3288 secura
2586 3233 2818 3291 lucernae
2846 3235 2896 3291 in
2928 3237 3227 3296 humilitate
3253 3239 3534 3312 professio.

1957 3320 2048 3374 illa
2072 3321 2115 3373 si
2143 3334 2325 3376 contra
2367 3325 2532 3379 solem
2565 3326 2928 3395 extolleretur,
2963 3340 3115 3384 \cnto
3143 3331 3406 3400 superbiat
3432 3338 3539 3387 cito

1955 3412 2396 3482 exstingueretur.
2426 3413 2534 3469 Hoc
2561 3426 2640 3469 est
2668 3432 2794 3486 ergo
2821 3418 2959 3486 quod
2983 3419 3237 3475 Dominus
3262 3421 3499 3489 prmvidit
3522 3466 3534 3481 .

1956 3502 2096 3570 quod
2144 3503 2404 3573 baptismo
2430 3521 2525 3558 suo
2558 3507 2809 3561 Dominus
2838 3508 3036 3563 docuit.
3071 3511 3330 3582 Baptizari
3372 3517 3536 3582 voluit

1956 3602 2131 3646 tantos
2168 3609 2197 3646 a
2240 3595 2471 3659 tantillo;
2507 3606 2560 3649 ut
2586 3597 2746 3652 breve
2784 3600 3069 3669 explicem,
3109 3598 3340 3658 salvator
3368 3622 3396 3659 a
3427 3611 3535 3660 sal-

1953 3684 2146 3739 vando.
2187 3685 2316 3740 Natu
2371 3690 2685 3744 meminerat
2728 3691 2963 3746 Joannes
3008 3695 3228 3765 alicujus
3272 3697 3531 3762 fortassis,

1952 3777 2194 3844 quamvis
2221 3786 2393 3832 tantus
2426 3791 2587 3843 esset,
2638 3783 2965 3851 agritudinis
3010 3800 3139 3861 sum.
3191 3786 3319 3842 Nam
3370 3792 3529 3855 unde,

1953 3866 2063 3936 ligo
2088 3885 2119 3919 α
2146 3879 2191 3921 te
2211 3869 2361 3923 debeo
2388 3870 2666 3942 baptizari?
2693 3874 2849 3928 Certe
2884 3875 3088 3931 Domini
3120 3878 3419 3948 Baptismus
3444 3897 3497 3933 sa

1953 3957 2036 4011 lus
2057 3978 2066 4010 :
2088 3962 2206 4029 quia
2232 3959 2435 4015 Domini
2461 3974 2530 4016 est
2556 3966 2691 4018 salus
2722 3967 2893 4035 (l’sal.
2928 3954 3109 4037 m,’9).
3136 3969 3275 4025 Nam
3298 3988 3425 4027 vana
3446 3993 3526 4027 su-

1951 4052 2032 4103 lus
2060 4052 2317 4105 hominum
2352 4054 2517 4126 (Psal.
2549 4073 2658 4123 LIX,
2692 4061 2801 4130 15).
2837 4059 2984 4116 Unde
3009 4078 3156 4133 ergo,
3189 4064 3301 4135 Ego
3329 4084 3359 4120 a
3388 4078 3435 4122 te
3453 4072 3529 4123 de.

1950 4142 2038 4196 beo
2067 4143 2333 4211 baptizari,
2363 4147 2405 4203 si
2430 4163 2531 4201 non
2561 4166 2691 4217 opus
2723 4151 2950 4206 habebat
2974 4156 3183 4208 curari?
3203 4157 3330 4213 Mira
3352 4171 3527 4216 autem

1950 4233 2001 4286 in
2030 4235 2138 4303 ipsa
2162 4235 2365 4291 Domini
2391 4237 2683 4296 humilitate
2710 4243 2971 4297 medicina
2995 4261 3009 4297 :
3038 4246 3124 4301 ille
3141 4247 3456 4316 baptizabat,
3477 4264 3531 4306 rt

1948 4322 2038 4378 ille
2065 4325 2303 4379 sanabat.
2330 4327 2384 4382 Si
2414 4331 2554 4382 enim
2586 4330 2827 4386 Christus
2862 4334 3083 4389 salvator
3110 4340 3331 4397 omnium
3362 4342 3521 4395 lmini-

1948 4431 2087 4479 num,
2116 4418 2332 4472 maxime
2373 4420 2598 4488 ﬁdelium
2629 4420 2672 4493 (1
2698 4421 2830 4477 Tim.
2878 4442 2947 4491 tv,
2997 4412 3121 4500 10):
3158 4434 3446 4499 apostolica
3476 4449 3527 4487 et

1946 4522 2069 4561 vera
2095 4509 2356 4567 sententia
2383 4521 2482 4574 est,
2506 4512 2626 4581 quia
2654 4513 2901 4571 Christus
2927 4519 3159 4577 salvator
3177 4524 3410 4577 omnium
3436 4525 3501 4576 ho

1946 4597 2183 4651 minam:
2213 4614 2369 4653 nemo
2397 4600 2557 4667 dicat,
2588 4601 2701 4657 Non
2740 4622 2874 4676 opus
2906 4606 3075 4663 habeo
3099 4592 3395 4667 salvatore:
3426 4618 3526 4680 Qui

1944 4685 2048 4739 hoc
2075 4687 2222 4754 dicit,
2254 4705 2313 4744 se
2343 4691 2547 4746 medico
2579 4709 2681 4748 non
2714 4695 2975 4766 humiliat,
3006 4700 3098 4755 sed
3128 4704 3179 4755 in
3217 4707 3403 4760 morbo
3431 4726 3529 4761 suo

1948 4780 2100 4847 perit.
2130 4780 2185 4834 Si
2206 4770 2441 4838 salvator
2460 4786 2696 4841 omnium
2725 4788 3019 4857 hominum,
3051 4809 3180 4865 ergo
3204 4798 3525 4856 etJoaunts:

1947 4890 2118 4945 neque
2159 4879 2300 4932 enim
2329 4877 2560 4935 Joannes
2590 4896 2694 4935 non
2726 4882 2905 4940 homo.
2935 4888 3152 4955 Magnus
3179 4891 3390 4960 quidem
3430 4894 3525 4946 hu-

1945 4982 2054 5030 mo,
2084 4969 2177 5024 sed
2207 4978 2379 5026 tamen
2413 4972 2592 5043 homo.
2618 4972 2710 5029 Ille
2726 4977 2956 5033 salvator
2970 4982 3207 5037 omnium
3232 4985 3523 5042 hominum:

1945 5060 2183 5128 agnoscit
2223 5061 2397 5131 itaque
2438 5064 2526 5118 ille
2572 5067 2889 5129 salvatorem
2942 5056 3117 5127 suum.
3164 5075 3346 5144 Neque
3386 5098 3526 5133 enun

1943 5152 2162 5207 Joannis
2206 5169 2309 5207 non
2353 5165 2468 5209 erat
2511 5156 2744 5214 salvator
2791 5161 3052 5218 Christus.
3087 5164 3201 5221 Non
3250 5168 3353 5223 hoc
3402 5172 3527 5226 illul

1947 5245 2078 5312 ipse,
2117 5248 2204 5315 qui
2234 5246 2501 5305 humiliter
2537 5252 2836 5319 conﬁtetur,
2861 5254 3080 5313 dicens:
3112 5261 3219 5333 Ego
3242 5279 3275 5317 α
3303 5275 3350 5319 te
3377 5269 3528 5321 debeo

1945 5339 2206 5410 baptizari.
2254 5340 2322 5395 Et
2364 5341 2647 5399 Dominus:
2678 5346 2803 5403 Sine
2845 5351 3017 5419 modo,
3069 5354 3339 5425 impleatur
3365 5364 3527 5414 ornatis

1943 5514 2277 5641 ηυᾙῦἒιὶἒωι
2301 5516 2640 5585 imettigeutiaz.
2670 5531 2786 5584 vox,
2827 5524 3166 5593 intelligentia,
3209 5535 3349 5586 abest
3379 5552 3407 5587 ιι
3431 5506 3555 5588 ιιιθ·⁸

2005 5640 2079 5701 (a)
2109 5640 2193 5690 Hic
2207 5641 2336 5713 Aulim
2358 5655 2528 5713 sermo
2541 5644 2799 5713 desinebat
2821 5651 2955 5713 apud
2975 5658 3079 5702 Am.
3100 5661 3173 5704 Er.
3193 5666 3247 5707 et
3277 5663 3386 5709 tor.
3412 5664 3519 5711 ue’i-

1940 5715 2085 5769 quam
2117 5709 2304 5776 partem
2338 5709 2592 5781 Vignerius
2622 5710 2670 5759 in
2702 5709 3046 5821 supplemento
3074 5717 3295 5777 dederat,
3318 5724 3405 5772 sed
3425 5709 3521 5784 ria.

1940 5765 2070 5813 lecto
2102 5774 2315 5821 graviter
2349 5781 2557 5818 sanetam
2588 5771 2752 5820 multis
2802 5787 2832 5821 n
2865 5774 3000 5821 locis.
3034 5791 3142 5821 mm“.
3177 5794 3302 5821 litum
3332 5789 3521 5821 .ι....ι.·,..

1940 5765 2070 5813 tecto
2093 5767 2315 5840 graviter
2349 5765 2557 5840 sauciam
2588 5771 2752 5820 multis
2765 5765 2844 5840 '_i'n_
2865 5774 3000 5840 locis,
3034 5765 3302 5840 quiritqu
3319 5765 3524 5834 ἱῖιὶὶιῖιὶειι

1942 5835 2168 5878 satiantur
2201 5836 2423 5880 veterum
2457 5831 2684 5882 librorum
2714 5836 2944 5886 subsidio.

2716 5922 3308 5997 (Qttarante-tlettx-l
