  <div class='ocr_page' id='page_1' title='image "/cluster/home/n/w/nwhite01/storage/ocr_20150623/38/hvd.32044096580600/667.png"; bbox 0 0 3974 6170; ppageno 0'>
   <div class='ocr_carea' id='block_1_1' title="bbox 412 405 544 462">
    <p class='ocr_par' dir='ltr' id='par_1_1' title="bbox 412 405 544 462">
     <span class='ocr_line' id='line_1_1' title="bbox 412 405 544 462; baseline -0.008 -1"><span class='ocrx_word' id='word_1_1' title='bbox 412 408 432 461; x_wconf 81' lang='lat' dir='ltr'><strong>l</strong></span> <span class='ocrx_word' id='word_1_2' title='bbox 444 405 544 462; x_wconf 67' lang='lat'><strong>39.3</strong></span> 
     </span>
    </p>
   </div>
   <div class='ocr_carea' id='block_1_2' title="bbox 399 509 1983 589">
    <p class='ocr_par' dir='ltr' id='par_1_2' title="bbox 399 509 1983 589">
     <span class='ocr_line' id='line_1_2' title="bbox 399 509 1983 589; baseline -0.007 -17"><span class='ocrx_word' id='word_1_3' title='bbox 399 519 596 589; x_wconf 67' lang='lat' dir='ltr'><strong>iustitia</strong></span> <span class='ocrx_word' id='word_1_4' title='bbox 625 516 837 589; x_wconf 75' lang='lat' dir='ltr'><strong>(Matth.</strong></span> <span class='ocrx_word' id='word_1_5' title='bbox 887 530 962 572; x_wconf 85' lang='lat' dir='ltr'><strong>In.</strong></span> <span class='ocrx_word' id='word_1_6' title='bbox 1017 513 1094 575; x_wconf 63' lang='lat' dir='ltr'><strong>l4,</strong></span> <span class='ocrx_word' id='word_1_7' title='bbox 1126 513 1233 585; x_wconf 72' lang='grc'><strong>15).</strong></span> <span class='ocrx_word' id='word_1_8' title='bbox 1265 511 1401 578; x_wconf 81' lang='lat' dir='ltr'><strong>Quid</strong></span> <span class='ocrx_word' id='word_1_9' title='bbox 1439 523 1540 577; x_wconf 82' lang='lat' dir='ltr'><strong>est,</strong></span> <span class='ocrx_word' id='word_1_10' title='bbox 1569 513 1728 565; x_wconf 82' lang='lat' dir='ltr'><strong>omnis</strong></span> <span class='ocrx_word' id='word_1_11' title='bbox 1746 509 1983 582; x_wconf 80' lang='lat' dir='ltr'><strong>justitiu?</strong></span> 
     </span>
    </p>
   </div>
   <div class='ocr_carea' id='block_1_3' title="bbox 411 599 1985 676">
    <p class='ocr_par' dir='ltr' id='par_1_3' title="bbox 411 599 1985 676">
     <span class='ocr_line' id='line_1_3' title="bbox 411 599 1985 676; baseline -0.006 -13"><span class='ocrx_word' id='word_1_12' title='bbox 411 609 714 663; x_wconf 69' lang='lat' dir='ltr'><strong>Eluinilitate</strong></span> <span class='ocrx_word' id='word_1_13' title='bbox 759 604 1151 660; x_wconf 88' lang='lat' dir='ltr'><strong>commendavit</strong></span> <span class='ocrx_word' id='word_1_14' title='bbox 1191 603 1446 676; x_wconf 78' lang='lat' dir='ltr'><strong>juStitiam</strong></span> <span class='ocrx_word' id='word_1_15' title='bbox 1485 621 1495 655; x_wconf 95' lang='lat'>:</span> <span class='ocrx_word' id='word_1_16' title='bbox 1539 603 1792 671; x_wconf 84' lang='lat' dir='ltr'><strong>justitiam</strong></span> <span class='ocrx_word' id='word_1_17' title='bbox 1834 599 1985 654; x_wconf 86' lang='lat' dir='ltr'><strong>nobis</strong></span> 
     </span>
    </p>
   </div>
   <div class='ocr_carea' id='block_1_4' title="bbox 410 693 1984 768">
    <p class='ocr_par' dir='ltr' id='par_1_4' title="bbox 410 693 1984 768">
     <span class='ocr_line' id='line_1_4' title="bbox 410 693 1984 768; baseline -0.006 -13"><span class='ocrx_word' id='word_1_18' title='bbox 410 701 638 756; x_wconf 78' lang='lat' dir='ltr'><strong>maxime</strong></span> <span class='ocrx_word' id='word_1_19' title='bbox 666 699 962 756; x_wconf 72' lang='lat' dir='ltr'><strong>humilitate</strong></span> <span class='ocrx_word' id='word_1_20' title='bbox 988 699 1238 768; x_wconf 89' lang='lat' dir='ltr'><strong>magister</strong></span> <span class='ocrx_word' id='word_1_21' title='bbox 1265 697 1498 751; x_wconf 60' lang='lat' dir='ltr'><strong>caelestis</strong></span> <span class='ocrx_word' id='word_1_22' title='bbox 1533 703 1587 750; x_wconf 92' lang='lat' dir='ltr'><strong>et</strong></span> <span class='ocrx_word' id='word_1_23' title='bbox 1622 709 1780 751; x_wconf 89' lang='lat' dir='ltr'><strong>verus</strong></span> <span class='ocrx_word' id='word_1_24' title='bbox 1809 693 1984 747; x_wconf 85' lang='lat' dir='ltr'><strong>Domi-</strong></span> 
     </span>
    </p>
   </div>
   <div class='ocr_carea' id='block_1_5' title="bbox 406 783 1982 858">
    <p class='ocr_par' dir='ltr' id='par_1_5' title="bbox 406 783 1982 858">
     <span class='ocr_line' id='line_1_5' title="bbox 406 783 1982 858; baseline -0.008 -10"><span class='ocrx_word' id='word_1_25' title='bbox 406 807 510 848; x_wconf 87' lang='lat' dir='ltr'><strong>nus</strong></span> <span class='ocrx_word' id='word_1_26' title='bbox 531 790 941 846; x_wconf 82' lang='lat' dir='ltr'><strong>commendavit.</strong></span> <span class='ocrx_word' id='word_1_27' title='bbox 973 789 1124 858; x_wconf 85' lang='lat' dir='ltr'><strong>Quod</strong></span> <span class='ocrx_word' id='word_1_28' title='bbox 1145 790 1284 843; x_wconf 90' lang='lat' dir='ltr'><strong>enim</strong></span> <span class='ocrx_word' id='word_1_29' title='bbox 1304 788 1687 856; x_wconf 88' lang='lat' dir='ltr'><strong>baptizabalur,</strong></span> <span class='ocrx_word' id='word_1_30' title='bbox 1715 783 1782 841; x_wconf 90' lang='lat' dir='ltr'><strong>ad</strong></span> <span class='ocrx_word' id='word_1_31' title='bbox 1805 784 1982 839; x_wconf 87' lang='lat' dir='ltr'><strong>humi-</strong></span> 
     </span>
    </p>
   </div>
   <div class='ocr_carea' id='block_1_6' title="bbox 407 878 1985 955">
    <p class='ocr_par' dir='ltr' id='par_1_6' title="bbox 407 878 1985 955">
     <span class='ocr_line' id='line_1_6' title="bbox 407 878 1985 955; baseline -0.006 -16"><span class='ocrx_word' id='word_1_32' title='bbox 407 884 610 939; x_wconf 83' lang='lat' dir='ltr'><strong>litatem</strong></span> <span class='ocrx_word' id='word_1_33' title='bbox 639 883 976 955; x_wconf 81' lang='lat' dir='ltr'><strong>pertinebat:</strong></span> <span class='ocrx_word' id='word_1_34' title='bbox 1004 889 1057 938; x_wconf 91' lang='lat' dir='ltr'><strong>et</strong></span> <span class='ocrx_word' id='word_1_35' title='bbox 1082 881 1202 936; x_wconf 87' lang='lat' dir='ltr'><strong>ideo</strong></span> <span class='ocrx_word' id='word_1_36' title='bbox 1228 880 1367 950; x_wconf 91' lang='lat' dir='ltr'><strong>quod</strong></span> <span class='ocrx_word' id='word_1_37' title='bbox 1395 879 1459 933; x_wconf 91' lang='lat' dir='ltr'><strong>ad</strong></span> <span class='ocrx_word' id='word_1_38' title='bbox 1486 878 1836 932; x_wconf 88' lang='lat' dir='ltr'><strong>humilitatem</strong></span> <span class='ocrx_word' id='word_1_39' title='bbox 1863 889 1985 942; x_wconf 88' lang='lat' dir='ltr'><strong>per-</strong></span> 
     </span>
    </p>
   </div>
   <div class='ocr_carea' id='block_1_7' title="bbox 408 969 1804 1042">
    <p class='ocr_par' dir='ltr' id='par_1_7' title="bbox 408 969 1804 1042">
     <span class='ocr_line' id='line_1_7' title="bbox 408 969 1804 1042; baseline -0.008 -11"><span class='ocrx_word' id='word_1_40' title='bbox 408 975 609 1031; x_wconf 86' lang='lat' dir='ltr'><strong>tinebat</strong></span> <span class='ocrx_word' id='word_1_41' title='bbox 639 973 890 1038; x_wconf 84' lang='lat' dir='ltr'><strong>facturus,</strong></span> <span class='ocrx_word' id='word_1_42' title='bbox 920 973 1084 1028; x_wconf 86' lang='lat' dir='ltr'><strong>dixit:</strong></span> <span class='ocrx_word' id='word_1_43' title='bbox 1109 971 1392 1042; x_wconf 69' lang='lat' dir='ltr'><strong>Implentur</strong></span> <span class='ocrx_word' id='word_1_44' title='bbox 1411 970 1572 1024; x_wconf 86' lang='lat' dir='ltr'><strong>omnis</strong></span> <span class='ocrx_word' id='word_1_45' title='bbox 1582 969 1804 1040; x_wconf 83' lang='lat' dir='ltr'><strong>justitia.</strong></span> 
     </span>
    </p>
   </div>
   <div class='ocr_carea' id='block_1_8' title="bbox 367 1058 1986 1134">
    <p class='ocr_par' dir='ltr' id='par_1_8' title="bbox 367 1058 1986 1134">
     <span class='ocr_line' id='line_1_8' title="bbox 367 1058 1986 1134; baseline -0.008 -11"><span class='ocrx_word' id='word_1_46' title='bbox 367 1129 374 1133; x_wconf 47' lang='grc'>,</span> <span class='ocrx_word' id='word_1_47' title='bbox 476 1067 531 1122; x_wconf 81' lang='lat'><strong>5.</strong></span> <span class='ocrx_word' id='word_1_48' title='bbox 565 1065 845 1120; x_wconf 63' lang='lat' dir='ltr'><strong>Donatista</strong></span> <span class='ocrx_word' id='word_1_49' title='bbox 870 1065 1035 1118; x_wconf 80' lang='lat' dir='ltr'><strong>locum</strong></span> <span class='ocrx_word' id='word_1_50' title='bbox 1061 1061 1325 1134; x_wconf 78' lang='lat' dir='ltr'><strong>Evangelii</strong></span> <span class='ocrx_word' id='word_1_51' title='bbox 1346 1062 1406 1116; x_wconf 91' lang='lat' dir='ltr'><strong>de</strong></span> <span class='ocrx_word' id='word_1_52' title='bbox 1427 1062 1602 1114; x_wconf 87' lang='lat' dir='ltr'><strong>arbore</strong></span> <span class='ocrx_word' id='word_1_53' title='bbox 1625 1069 1669 1114; x_wconf 89' lang='lat' dir='ltr'><strong>et</strong></span> <span class='ocrx_word' id='word_1_54' title='bbox 1690 1060 1797 1130; x_wconf 84' lang='lat' dir='ltr'><strong>ejus</strong></span> <span class='ocrx_word' id='word_1_55' title='bbox 1816 1058 1986 1128; x_wconf 77' lang='lat' dir='ltr'><strong>fructu</strong></span> 
     </span>
    </p>
   </div>
   <div class='ocr_carea' id='block_1_9' title="bbox 408 1150 1986 1228">
    <p class='ocr_par' dir='ltr' id='par_1_9' title="bbox 408 1150 1986 1228">
     <span class='ocr_line' id='line_1_9' title="bbox 408 1150 1986 1228; baseline -0.007 -15"><span class='ocrx_word' id='word_1_56' title='bbox 408 1161 476 1214; x_wconf 83' lang='lat' dir='ltr'><strong>ad</strong></span> <span class='ocrx_word' id='word_1_57' title='bbox 508 1160 790 1214; x_wconf 77' lang='lat' dir='ltr'><strong>ministrum</strong></span> <span class='ocrx_word' id='word_1_58' title='bbox 818 1156 1068 1228; x_wconf 86' lang='lat' dir='ltr'><strong>Baptismi</strong></span> <span class='ocrx_word' id='word_1_59' title='bbox 1093 1173 1353 1228; x_wconf 76' lang='lat' dir='ltr'><strong>perperam</strong></span> <span class='ocrx_word' id='word_1_60' title='bbox 1377 1154 1702 1223; x_wconf 74' lang='lat' dir='ltr'><strong>transferunt.</strong></span> <span class='ocrx_word' id='word_1_61' title='bbox 1734 1150 1986 1206; x_wconf 69' lang='lat' dir='ltr'><strong>Prtevidit</strong></span> 
     </span>
    </p>
   </div>
   <div class='ocr_carea' id='block_1_10' title="bbox 409 1240 1982 1314">
    <p class='ocr_par' dir='ltr' id='par_1_10' title="bbox 409 1240 1982 1314">
     <span class='ocr_line' id='line_1_10' title="bbox 409 1240 1982 1314; baseline -0.008 -8"><span class='ocrx_word' id='word_1_62' title='bbox 409 1253 606 1307; x_wconf 77' lang='lat' dir='ltr'><strong>multos</strong></span> <span class='ocrx_word' id='word_1_63' title='bbox 649 1249 924 1307; x_wconf 89' lang='lat' dir='ltr'><strong>inllaturos</strong></span> <span class='ocrx_word' id='word_1_64' title='bbox 953 1265 1011 1303; x_wconf 91' lang='lat' dir='ltr'><strong>se</strong></span> <span class='ocrx_word' id='word_1_65' title='bbox 1050 1247 1118 1303; x_wconf 91' lang='lat' dir='ltr'><strong>de</strong></span> <span class='ocrx_word' id='word_1_66' title='bbox 1144 1245 1437 1301; x_wconf 88' lang='lat' dir='ltr'><strong>ministerio</strong></span> <span class='ocrx_word' id='word_1_67' title='bbox 1482 1243 1732 1314; x_wconf 85' lang='lat' dir='ltr'><strong>Baptismi</strong></span> <span class='ocrx_word' id='word_1_68' title='bbox 1757 1283 1774 1308; x_wconf 91' lang='lat'><strong>,</strong></span> <span class='ocrx_word' id='word_1_69' title='bbox 1814 1251 1868 1296; x_wconf 92' lang='lat' dir='ltr'><strong>et</strong></span> <span class='ocrx_word' id='word_1_70' title='bbox 1901 1240 1982 1294; x_wconf 88' lang='lat' dir='ltr'><strong>di-</strong></span> 
     </span>
    </p>
   </div>
   <div class='ocr_carea' id='block_1_11' title="bbox 411 1333 1980 1413">
    <p class='ocr_par' dir='ltr' id='par_1_11' title="bbox 411 1333 1980 1413">
     <span class='ocr_line' id='line_1_11' title="bbox 411 1333 1980 1413; baseline -0.008 -14"><span class='ocrx_word' id='word_1_71' title='bbox 411 1353 609 1407; x_wconf 88' lang='lat' dir='ltr'><strong>cturos,</strong></span> <span class='ocrx_word' id='word_1_72' title='bbox 641 1342 752 1413; x_wconf 86' lang='lat' dir='ltr'><strong>Ego</strong></span> <span class='ocrx_word' id='word_1_73' title='bbox 781 1341 991 1412; x_wconf 86' lang='lat' dir='ltr'><strong>baptizo</strong></span> <span class='ocrx_word' id='word_1_74' title='bbox 1014 1357 1028 1405; x_wconf 91' lang='lat'><strong>;</strong></span> <span class='ocrx_word' id='word_1_75' title='bbox 1056 1348 1129 1406; x_wconf 90' lang='lat' dir='ltr'><strong>et,</strong></span> <span class='ocrx_word' id='word_1_76' title='bbox 1159 1339 1340 1408; x_wconf 85' lang='lat' dir='ltr'><strong>Qualis</strong></span> <span class='ocrx_word' id='word_1_77' title='bbox 1360 1353 1479 1392; x_wconf 89' lang='lat' dir='ltr'><strong>sum</strong></span> <span class='ocrx_word' id='word_1_78' title='bbox 1507 1352 1604 1406; x_wconf 90' lang='lat' dir='ltr'><strong>ego</strong></span> <span class='ocrx_word' id='word_1_79' title='bbox 1628 1335 1716 1406; x_wconf 86' lang='lat' dir='ltr'><strong>qui</strong></span> <span class='ocrx_word' id='word_1_80' title='bbox 1751 1333 1980 1403; x_wconf 90' lang='lat' dir='ltr'><strong>baptizo,</strong></span> 
     </span>
    </p>
   </div>
   <div class='ocr_carea' id='block_1_12' title="bbox 413 1424 1981 1504">
    <p class='ocr_par' dir='ltr' id='par_1_12' title="bbox 413 1424 1981 1504">
     <span class='ocr_line' id='line_1_12' title="bbox 413 1424 1981 1504; baseline -0.005 -18"><span class='ocrx_word' id='word_1_81' title='bbox 413 1435 571 1489; x_wconf 85' lang='lat' dir='ltr'><strong>talem</strong></span> <span class='ocrx_word' id='word_1_82' title='bbox 603 1435 734 1489; x_wconf 88' lang='lat' dir='ltr'><strong>facio</strong></span> <span class='ocrx_word' id='word_1_83' title='bbox 760 1449 917 1504; x_wconf 91' lang='lat' dir='ltr'><strong>quem</strong></span> <span class='ocrx_word' id='word_1_84' title='bbox 947 1432 1177 1502; x_wconf 89' lang='lat' dir='ltr'><strong>baptizo.</strong></span> <span class='ocrx_word' id='word_1_85' title='bbox 1205 1429 1357 1486; x_wconf 83' lang='lat' dir='ltr'><strong>Unde</strong></span> <span class='ocrx_word' id='word_1_86' title='bbox 1387 1429 1489 1483; x_wconf 89' lang='lat' dir='ltr'><strong>hoc</strong></span> <span class='ocrx_word' id='word_1_87' title='bbox 1516 1427 1756 1498; x_wconf 87' lang='lat' dir='ltr'><strong>probas?</strong></span> <span class='ocrx_word' id='word_1_88' title='bbox 1786 1424 1981 1489; x_wconf 87' lang='lat' dir='ltr'><strong>Probo,</strong></span> 
     </span>
    </p>
   </div>
   <div class='ocr_carea' id='block_1_13' title="bbox 411 1515 1984 1596">
    <p class='ocr_par' dir='ltr' id='par_1_13' title="bbox 411 1515 1984 1596">
     <span class='ocr_line' id='line_1_13' title="bbox 411 1515 1984 1596; baseline -0.006 -17"><span class='ocrx_word' id='word_1_89' title='bbox 411 1526 595 1596; x_wconf 79' lang='lat' dir='ltr'><strong>inquit.</strong></span> <span class='ocrx_word' id='word_1_90' title='bbox 637 1524 838 1594; x_wconf 87' lang='lat' dir='ltr'><strong>Quibus</strong></span> <span class='ocrx_word' id='word_1_91' title='bbox 874 1521 1234 1578; x_wconf 80' lang='lat' dir='ltr'><strong>testimoniis?</strong></span> <span class='ocrx_word' id='word_1_92' title='bbox 1271 1518 1618 1590; x_wconf 83' lang='lat' dir='ltr'><strong>Evangelicis,</strong></span> <span class='ocrx_word' id='word_1_93' title='bbox 1653 1517 1840 1588; x_wconf 88' lang='lat' dir='ltr'><strong>inquit.</strong></span> <span class='ocrx_word' id='word_1_94' title='bbox 1872 1515 1984 1570; x_wconf 82' lang='lat' dir='ltr'><strong>Au-</strong></span> 
     </span>
    </p>
   </div>
   <div class='ocr_carea' id='block_1_14' title="bbox 408 1606 1986 1686">
    <p class='ocr_par' dir='ltr' id='par_1_14' title="bbox 408 1606 1986 1686">
     <span class='ocr_line' id='line_1_14' title="bbox 408 1606 1986 1686; baseline -0.005 -18"><span class='ocrx_word' id='word_1_95' title='bbox 408 1617 616 1670; x_wconf 86' lang='lat' dir='ltr'><strong>diamus</strong></span> <span class='ocrx_word' id='word_1_96' title='bbox 641 1616 824 1671; x_wconf 90' lang='lat' dir='ltr'><strong>nescio</strong></span> <span class='ocrx_word' id='word_1_97' title='bbox 853 1629 1010 1686; x_wconf 86' lang='lat' dir='ltr'><strong>quem</strong></span> <span class='ocrx_word' id='word_1_98' title='bbox 1035 1628 1227 1667; x_wconf 85' lang='lat' dir='ltr'><strong>novum</strong></span> <span class='ocrx_word' id='word_1_99' title='bbox 1248 1611 1624 1681; x_wconf 77' lang='lat' dir='ltr'><strong>evangelistam</strong></span> <span class='ocrx_word' id='word_1_100' title='bbox 1651 1618 1834 1664; x_wconf 89' lang='lat' dir='ltr'><strong>contra</strong></span> <span class='ocrx_word' id='word_1_101' title='bbox 1859 1606 1986 1661; x_wconf 85' lang='lat' dir='ltr'><strong>anti-</strong></span> 
     </span>
    </p>
   </div>
   <div class='ocr_carea' id='block_1_15' title="bbox 409 1697 1986 1778">
    <p class='ocr_par' dir='ltr' id='par_1_15' title="bbox 409 1697 1986 1778">
     <span class='ocr_line' id='line_1_15' title="bbox 409 1697 1986 1778; baseline -0.006 -18"><span class='ocrx_word' id='word_1_102' title='bbox 409 1724 571 1778; x_wconf 84' lang='lat' dir='ltr'><strong>quum</strong></span> <span class='ocrx_word' id='word_1_103' title='bbox 597 1707 905 1776; x_wconf 87' lang='lat' dir='ltr'><strong>Baptistam.</strong></span> <span class='ocrx_word' id='word_1_104' title='bbox 948 1705 1152 1773; x_wconf 87' lang='lat' dir='ltr'><strong>Quibus</strong></span> <span class='ocrx_word' id='word_1_105' title='bbox 1180 1719 1310 1774; x_wconf 83' lang='lat' dir='ltr'><strong>ergo</strong></span> <span class='ocrx_word' id='word_1_106' title='bbox 1333 1699 1649 1757; x_wconf 86' lang='lat' dir='ltr'><strong>testimoniis</strong></span> <span class='ocrx_word' id='word_1_107' title='bbox 1668 1697 1986 1768; x_wconf 89' lang='lat' dir='ltr'><strong>evangelicis</strong></span> 
     </span>
    </p>
   </div>
   <div class='ocr_carea' id='block_1_16' title="bbox 408 1788 1987 1868">
    <p class='ocr_par' dir='ltr' id='par_1_16' title="bbox 408 1788 1987 1868">
     <span class='ocr_line' id='line_1_16' title="bbox 408 1788 1987 1868; baseline -0.006 -16"><span class='ocrx_word' id='word_1_108' title='bbox 408 1800 620 1868; x_wconf 85' lang='lat' dir='ltr'><strong>probas,</strong></span> <span class='ocrx_word' id='word_1_109' title='bbox 651 1798 790 1868; x_wconf 88' lang='lat' dir='ltr'><strong>quod</strong></span> <span class='ocrx_word' id='word_1_110' title='bbox 820 1797 992 1867; x_wconf 84' lang='lat' dir='ltr'><strong>qualis</strong></span> <span class='ocrx_word' id='word_1_111' title='bbox 1019 1811 1076 1852; x_wconf 92' lang='lat' dir='ltr'><strong>es</strong></span> <span class='ocrx_word' id='word_1_112' title='bbox 1101 1837 1114 1861; x_wconf 95' lang='lat'><strong>,</strong></span> <span class='ocrx_word' id='word_1_113' title='bbox 1147 1794 1304 1850; x_wconf 86' lang='lat' dir='ltr'><strong>talem</strong></span> <span class='ocrx_word' id='word_1_114' title='bbox 1335 1792 1464 1848; x_wconf 89' lang='lat' dir='ltr'><strong>facis</strong></span> <span class='ocrx_word' id='word_1_115' title='bbox 1487 1807 1608 1847; x_wconf 90' lang='lat' dir='ltr'><strong>eum</strong></span> <span class='ocrx_word' id='word_1_116' title='bbox 1634 1805 1789 1861; x_wconf 90' lang='lat' dir='ltr'><strong>quem</strong></span> <span class='ocrx_word' id='word_1_117' title='bbox 1818 1788 1987 1858; x_wconf 79' lang='lat' dir='ltr'><strong>bapti-</strong></span> 
     </span>
    </p>
   </div>
   <div class='ocr_carea' id='block_1_17' title="bbox 407 1879 1985 1957">
    <p class='ocr_par' dir='ltr' id='par_1_17' title="bbox 407 1879 1985 1957">
     <span class='ocr_line' id='line_1_17' title="bbox 407 1879 1985 1957; baseline -0.006 -16"><span class='ocrx_word' id='word_1_118' title='bbox 407 1889 533 1942; x_wconf 81' lang='lat' dir='ltr'><strong>zas?</strong></span> <span class='ocrx_word' id='word_1_119' title='bbox 553 1887 814 1957; x_wconf 86' lang='lat' dir='ltr'><strong>Quoniam</strong></span> <span class='ocrx_word' id='word_1_120' title='bbox 843 1887 1095 1956; x_wconf 90' lang='lat' dir='ltr'><strong>scriptum</strong></span> <span class='ocrx_word' id='word_1_121' title='bbox 1124 1895 1226 1950; x_wconf 90' lang='lat' dir='ltr'><strong>est,</strong></span> <span class='ocrx_word' id='word_1_122' title='bbox 1258 1883 1458 1954; x_wconf 89' lang='lat' dir='ltr'><strong>inquit,</strong></span> <span class='ocrx_word' id='word_1_123' title='bbox 1497 1881 1657 1936; x_wconf 83' lang='lat' dir='ltr'><strong><em>Arbor</em></strong></span> <span class='ocrx_word' id='word_1_124' title='bbox 1680 1881 1808 1934; x_wconf 85' lang='lat' dir='ltr'><strong>bona</strong></span> <span class='ocrx_word' id='word_1_125' title='bbox 1832 1879 1985 1932; x_wconf 84' lang='lat' dir='ltr'><strong>bonos</strong></span> 
     </span>
    </p>
   </div>
   <div class='ocr_carea' id='block_1_18' title="bbox 407 1968 1983 2048">
    <p class='ocr_par' dir='ltr' id='par_1_18' title="bbox 407 1968 1983 2048">
     <span class='ocr_line' id='line_1_18' title="bbox 407 1968 1983 2048; baseline -0.007 -18"><span class='ocrx_word' id='word_1_126' title='bbox 407 1982 604 2048; x_wconf 81' lang='lat' dir='ltr'><strong>[ructus</strong></span> <span class='ocrx_word' id='word_1_127' title='bbox 633 1977 777 2047; x_wconf 78' lang='lat' dir='ltr'><strong>facit.</strong></span> <span class='ocrx_word' id='word_1_128' title='bbox 809 1975 1078 2044; x_wconf 85' lang='lat' dir='ltr'><strong>Scriptum</strong></span> <span class='ocrx_word' id='word_1_129' title='bbox 1108 1973 1294 2036; x_wconf 88' lang='lat' dir='ltr'><strong>recito,</strong></span> <span class='ocrx_word' id='word_1_130' title='bbox 1332 1971 1672 2042; x_wconf 84' lang='lat' dir='ltr'><strong>Evangelium</strong></span> <span class='ocrx_word' id='word_1_131' title='bbox 1699 1969 1812 2024; x_wconf 91' lang='lat' dir='ltr'><strong>fero</strong></span> <span class='ocrx_word' id='word_1_132' title='bbox 1840 1986 1852 2020; x_wconf 90' lang='lat'>:</span> <span class='ocrx_word' id='word_1_133' title='bbox 1883 1968 1983 2020; x_wconf 87' lang='lat' dir='ltr'><strong>Ar-</strong></span> 
     </span>
    </p>
   </div>
   <div class='ocr_carea' id='block_1_19' title="bbox 406 2059 1986 2135">
    <p class='ocr_par' dir='ltr' id='par_1_19' title="bbox 406 2059 1986 2135">
     <span class='ocr_line' id='line_1_19' title="bbox 406 2059 1986 2135; baseline -0.006 -16"><span class='ocrx_word' id='word_1_134' title='bbox 406 2068 498 2121; x_wconf 75' lang='lat' dir='ltr'><strong>bor</strong></span> <span class='ocrx_word' id='word_1_135' title='bbox 517 2066 647 2121; x_wconf 83' lang='lat' dir='ltr'><strong>bona</strong></span> <span class='ocrx_word' id='word_1_136' title='bbox 673 2065 829 2119; x_wconf 84' lang='lat' dir='ltr'><strong>bonos</strong></span> <span class='ocrx_word' id='word_1_137' title='bbox 855 2068 1050 2135; x_wconf 77' lang='lat' dir='ltr'><strong>fructus</strong></span> <span class='ocrx_word' id='word_1_138' title='bbox 1078 2063 1234 2132; x_wconf 77' lang='lat' dir='ltr'><strong>facit,</strong></span> <span class='ocrx_word' id='word_1_139' title='bbox 1272 2061 1421 2115; x_wconf 82' lang='lat' dir='ltr'><strong>arbor</strong></span> <span class='ocrx_word' id='word_1_140' title='bbox 1446 2062 1581 2114; x_wconf 82' lang='lat' dir='ltr'><strong>mala</strong></span> <span class='ocrx_word' id='word_1_141' title='bbox 1607 2059 1767 2113; x_wconf 83' lang='lat' dir='ltr'><strong>malos</strong></span> <span class='ocrx_word' id='word_1_142' title='bbox 1791 2060 1986 2129; x_wconf 78' lang='lat' dir='ltr'><strong>fructus</strong></span> 
     </span>
    </p>
   </div>
   <div class='ocr_carea' id='block_1_20' title="bbox 407 2148 1982 2230">
    <p class='ocr_par' dir='ltr' id='par_1_20' title="bbox 407 2148 1982 2230">
     <span class='ocr_line' id='line_1_20' title="bbox 407 2148 1982 2230; baseline -0.006 -20"><span class='ocrx_word' id='word_1_143' title='bbox 407 2157 528 2227; x_wconf 79' lang='lat' dir='ltr'><strong>facit</strong></span> <span class='ocrx_word' id='word_1_144' title='bbox 557 2154 667 2230; x_wconf 88' lang='lat' dir='ltr'><strong>(Id.</strong></span> <span class='ocrx_word' id='word_1_145' title='bbox 692 2172 795 2222; x_wconf 89' lang='lat' dir='ltr'><strong>vn,</strong></span> <span class='ocrx_word' id='word_1_146' title='bbox 843 2155 957 2224; x_wconf 82' lang='lat' dir='ltr'><strong>l7).</strong></span> <span class='ocrx_word' id='word_1_147' title='bbox 987 2154 1234 2224; x_wconf 88' lang='lat' dir='ltr'><strong>Agnosco</strong></span> <span class='ocrx_word' id='word_1_148' title='bbox 1263 2151 1607 2220; x_wconf 83' lang='lat' dir='ltr'><strong>Evangelium</strong></span> <span class='ocrx_word' id='word_1_149' title='bbox 1637 2166 1654 2204; x_wconf 71' lang='grc' dir='ltr'><strong>ι</strong></span> <span class='ocrx_word' id='word_1_150' title='bbox 1685 2148 1778 2204; x_wconf 92' lang='lat' dir='ltr'><strong>sed</strong></span> <span class='ocrx_word' id='word_1_151' title='bbox 1807 2157 1860 2202; x_wconf 92' lang='lat' dir='ltr'><strong>tu</strong></span> <span class='ocrx_word' id='word_1_152' title='bbox 1901 2156 1982 2209; x_wconf 92' lang='lat' dir='ltr'><strong>te,</strong></span> 
     </span>
    </p>
   </div>
   <div class='ocr_carea' id='block_1_21' title="bbox 405 2239 1987 2318">
    <p class='ocr_par' dir='ltr' id='par_1_21' title="bbox 405 2239 1987 2318">
     <span class='ocr_line' id='line_1_21' title="bbox 405 2239 1987 2318; baseline -0.006 -17"><span class='ocrx_word' id='word_1_153' title='bbox 405 2256 661 2318; x_wconf 89' lang='lat' dir='ltr'><strong>quantum</strong></span> <span class='ocrx_word' id='word_1_154' title='bbox 688 2245 938 2310; x_wconf 83' lang='lat' dir='ltr'><strong>arbitror,</strong></span> <span class='ocrx_word' id='word_1_155' title='bbox 963 2261 1068 2298; x_wconf 89' lang='lat' dir='ltr'><strong>non</strong></span> <span class='ocrx_word' id='word_1_156' title='bbox 1090 2243 1354 2314; x_wconf 82' lang='lat' dir='ltr'><strong>agnoscis.</strong></span> <span class='ocrx_word' id='word_1_157' title='bbox 1383 2243 1448 2296; x_wconf 85' lang='lat' dir='ltr'><strong>Et</strong></span> <span class='ocrx_word' id='word_1_158' title='bbox 1472 2251 1527 2296; x_wconf 91' lang='lat' dir='ltr'><strong>ut</strong></span> <span class='ocrx_word' id='word_1_159' title='bbox 1549 2250 1598 2295; x_wconf 90' lang='lat' dir='ltr'><strong>te</strong></span> <span class='ocrx_word' id='word_1_160' title='bbox 1623 2241 1881 2311; x_wconf 90' lang='lat' dir='ltr'><strong>patienter</strong></span> <span class='ocrx_word' id='word_1_161' title='bbox 1899 2239 1987 2292; x_wconf 87' lang='lat' dir='ltr'><strong>ali-</strong></span> 
     </span>
    </p>
   </div>
   <div class='ocr_carea' id='block_1_22' title="bbox 406 2334 1987 2414">
    <p class='ocr_par' dir='ltr' id='par_1_22' title="bbox 406 2334 1987 2414">
     <span class='ocr_line' id='line_1_22' title="bbox 406 2334 1987 2414; baseline -0.007 -17"><span class='ocrx_word' id='word_1_162' title='bbox 406 2353 660 2414; x_wconf 79' lang='lat' dir='ltr'><strong>quantum</strong></span> <span class='ocrx_word' id='word_1_163' title='bbox 690 2340 853 2397; x_wconf 89' lang='lat' dir='ltr'><strong>feram</strong></span> <span class='ocrx_word' id='word_1_164' title='bbox 881 2382 898 2408; x_wconf 96' lang='lat'><strong>,</strong></span> <span class='ocrx_word' id='word_1_165' title='bbox 929 2355 1137 2411; x_wconf 78' lang='lat' dir='ltr'><strong>expone</strong></span> <span class='ocrx_word' id='word_1_166' title='bbox 1166 2339 1307 2408; x_wconf 89' lang='lat' dir='ltr'><strong>quod</strong></span> <span class='ocrx_word' id='word_1_167' title='bbox 1346 2337 1610 2408; x_wconf 87' lang='lat' dir='ltr'><strong>loqueris,</strong></span> <span class='ocrx_word' id='word_1_168' title='bbox 1653 2350 1756 2390; x_wconf 91' lang='lat' dir='ltr'><strong>non</strong></span> <span class='ocrx_word' id='word_1_169' title='bbox 1798 2349 1883 2388; x_wconf 90' lang='lat' dir='ltr'><strong>me</strong></span> <span class='ocrx_word' id='word_1_170' title='bbox 1909 2334 1987 2386; x_wconf 84' lang='lat' dir='ltr'><strong>in-</strong></span> 
     </span>
    </p>
   </div>
   <div class='ocr_carea' id='block_1_23' title="bbox 408 2428 1988 2504">
    <p class='ocr_par' dir='ltr' id='par_1_23' title="bbox 408 2428 1988 2504">
     <span class='ocr_line' id='line_1_23' title="bbox 408 2428 1988 2504; baseline -0.004 -15"><span class='ocrx_word' id='word_1_171' title='bbox 408 2437 676 2491; x_wconf 83' lang='lat' dir='ltr'><strong>tellexisse</strong></span> <span class='ocrx_word' id='word_1_172' title='bbox 714 2434 928 2491; x_wconf 81' lang='lat' dir='ltr'><strong>interim</strong></span> <span class='ocrx_word' id='word_1_173' title='bbox 969 2433 1186 2504; x_wconf 90' lang='lat' dir='ltr'><strong>deputa.</strong></span> <span class='ocrx_word' id='word_1_174' title='bbox 1230 2432 1326 2486; x_wconf 93' lang='lat' dir='ltr'><strong>Dic</strong></span> <span class='ocrx_word' id='word_1_175' title='bbox 1366 2430 1492 2485; x_wconf 90' lang='lat' dir='ltr'><strong>mihi</strong></span> <span class='ocrx_word' id='word_1_176' title='bbox 1536 2443 1642 2500; x_wconf 89' lang='lat' dir='ltr'><strong>quo</strong></span> <span class='ocrx_word' id='word_1_177' title='bbox 1690 2428 1988 2498; x_wconf 84' lang='lat' dir='ltr'><strong>pertineant</strong></span> 
     </span>
    </p>
   </div>
   <div class='ocr_carea' id='block_1_24' title="bbox 409 2507 1988 2594">
    <p class='ocr_par' dir='ltr' id='par_1_24' title="bbox 409 2507 1988 2594">
     <span class='ocr_line' id='line_1_24' title="bbox 409 2507 1988 2594; baseline -0.005 -16"><span class='ocrx_word' id='word_1_178' title='bbox 409 2525 522 2579; x_wconf 75' lang='lat' dir='ltr'><strong>lucc</strong></span> <span class='ocrx_word' id='word_1_179' title='bbox 569 2526 871 2580; x_wconf 85' lang='lat' dir='ltr'><strong>testimonia</strong></span> <span class='ocrx_word' id='word_1_180' title='bbox 896 2565 913 2591; x_wconf 95' lang='lat'><strong>,</strong></span> <span class='ocrx_word' id='word_1_181' title='bbox 946 2507 1073 2594; x_wconf 86' lang='lat' dir='ltr'><strong>quid</strong></span> <span class='ocrx_word' id='word_1_182' title='bbox 1100 2521 1350 2592; x_wconf 83' lang='lat' dir='ltr'><strong>adjuveut</strong></span> <span class='ocrx_word' id='word_1_183' title='bbox 1378 2521 1442 2575; x_wconf 87' lang='lat' dir='ltr'><strong>ad</strong></span> <span class='ocrx_word' id='word_1_184' title='bbox 1471 2518 1774 2574; x_wconf 78' lang='lat' dir='ltr'><strong>solvendam</strong></span> <span class='ocrx_word' id='word_1_185' title='bbox 1806 2517 1988 2587; x_wconf 87' lang='lat' dir='ltr'><strong>hujus-</strong></span> 
     </span>
    </p>
   </div>
   <div class='ocr_carea' id='block_1_25' title="bbox 409 2609 1981 2688">
    <p class='ocr_par' dir='ltr' id='par_1_25' title="bbox 409 2609 1981 2688">
     <span class='ocr_line' id='line_1_25' title="bbox 409 2609 1981 2688; baseline -0.006 -17"><span class='ocrx_word' id='word_1_186' title='bbox 409 2617 549 2671; x_wconf 91' lang='lat' dir='ltr'><strong>modi</strong></span> <span class='ocrx_word' id='word_1_187' title='bbox 573 2616 639 2671; x_wconf 91' lang='lat' dir='ltr'><strong>de</strong></span> <span class='ocrx_word' id='word_1_188' title='bbox 663 2613 983 2688; x_wconf 83' lang='lat' dir='ltr'><strong>Baptismate</strong></span> <span class='ocrx_word' id='word_1_189' title='bbox 1003 2615 1368 2686; x_wconf 66' lang='lat' dir='ltr'><strong>quaestionem.</strong></span> <span class='ocrx_word' id='word_1_190' title='bbox 1393 2611 1588 2676; x_wconf 83' lang='lat' dir='ltr'><strong>Arbor,</strong></span> <span class='ocrx_word' id='word_1_191' title='bbox 1614 2609 1803 2679; x_wconf 88' lang='lat' dir='ltr'><strong>inquit,</strong></span> <span class='ocrx_word' id='word_1_192' title='bbox 1827 2609 1981 2672; x_wconf 89' lang='lat' dir='ltr'><strong>bona,</strong></span> 
     </span>
    </p>
   </div>
   <div class='ocr_carea' id='block_1_26' title="bbox 408 2703 1987 2777">
    <p class='ocr_par' dir='ltr' id='par_1_26' title="bbox 408 2703 1987 2777">
     <span class='ocr_line' id='line_1_26' title="bbox 408 2703 1987 2777; baseline -0.002 -16"><span class='ocrx_word' id='word_1_193' title='bbox 408 2707 578 2761; x_wconf 86' lang='lat' dir='ltr'><strong>bonus</strong></span> <span class='ocrx_word' id='word_1_194' title='bbox 608 2705 903 2777; x_wconf 83' lang='lat' dir='ltr'><strong>baptizator</strong></span> <span class='ocrx_word' id='word_1_195' title='bbox 925 2713 1029 2761; x_wconf 91' lang='lat' dir='ltr'><strong>est.</strong></span> <span class='ocrx_word' id='word_1_196' title='bbox 1062 2704 1237 2758; x_wconf 84' lang='lat' dir='ltr'><strong>Arbor</strong></span> <span class='ocrx_word' id='word_1_197' title='bbox 1256 2745 1271 2769; x_wconf 96' lang='lat'><strong>,</strong></span> <span class='ocrx_word' id='word_1_198' title='bbox 1316 2703 1516 2773; x_wconf 90' lang='lat' dir='ltr'><strong>inquit,</strong></span> <span class='ocrx_word' id='word_1_199' title='bbox 1551 2703 1685 2757; x_wconf 92' lang='lat' dir='ltr'><strong>bona</strong></span> <span class='ocrx_word' id='word_1_200' title='bbox 1707 2744 1722 2769; x_wconf 91' lang='lat'><strong>,</strong></span> <span class='ocrx_word' id='word_1_201' title='bbox 1751 2703 1887 2758; x_wconf 86' lang='lat' dir='ltr'><strong>sicut</strong></span> <span class='ocrx_word' id='word_1_202' title='bbox 1914 2703 1987 2758; x_wconf 89' lang='lat' dir='ltr'><strong>illi</strong></span> 
     </span>
    </p>
   </div>
   <div class='ocr_carea' id='block_1_27' title="bbox 403 2792 1984 2865">
    <p class='ocr_par' dir='ltr' id='par_1_27' title="bbox 403 2792 1984 2865">
     <span class='ocr_line' id='line_1_27' title="bbox 403 2792 1984 2865; baseline -0.004 -13"><span class='ocrx_word' id='word_1_203' title='bbox 403 2798 588 2852; x_wconf 80' lang='lat' dir='ltr'><strong>dicunt</strong></span> <span class='ocrx_word' id='word_1_204' title='bbox 623 2815 637 2852; x_wconf 92' lang='lat'><strong>:</strong></span> <span class='ocrx_word' id='word_1_205' title='bbox 667 2798 827 2852; x_wconf 87' lang='lat' dir='ltr'><strong>arbor</strong></span> <span class='ocrx_word' id='word_1_206' title='bbox 874 2796 1014 2852; x_wconf 90' lang='lat' dir='ltr'><strong>bona</strong></span> <span class='ocrx_word' id='word_1_207' title='bbox 1037 2835 1054 2861; x_wconf 88' lang='lat'><strong>,</strong></span> <span class='ocrx_word' id='word_1_208' title='bbox 1105 2794 1311 2865; x_wconf 91' lang='lat' dir='ltr'><strong>inquit,</strong></span> <span class='ocrx_word' id='word_1_209' title='bbox 1353 2793 1523 2848; x_wconf 91' lang='lat' dir='ltr'><strong>bonus</strong></span> <span class='ocrx_word' id='word_1_210' title='bbox 1548 2792 1842 2865; x_wconf 86' lang='lat' dir='ltr'><strong>baptizator</strong></span> <span class='ocrx_word' id='word_1_211' title='bbox 1866 2803 1984 2856; x_wconf 89' lang='lat' dir='ltr'><strong>est;</strong></span> 
     </span>
    </p>
   </div>
   <div class='ocr_carea' id='block_1_28' title="bbox 409 2885 1986 2958">
    <p class='ocr_par' dir='ltr' id='par_1_28' title="bbox 409 2885 1986 2958">
     <span class='ocr_line' id='line_1_28' title="bbox 409 2885 1986 2958; baseline -0.001 -16"><span class='ocrx_word' id='word_1_212' title='bbox 409 2891 612 2943; x_wconf 70' lang='lat' dir='ltr'><strong>hctus</strong></span> <span class='ocrx_word' id='word_1_213' title='bbox 634 2887 751 2958; x_wconf 83' lang='lat' dir='ltr'><strong>ejus</strong></span> <span class='ocrx_word' id='word_1_214' title='bbox 775 2887 964 2952; x_wconf 89' lang='lat' dir='ltr'><strong>bonus,</strong></span> <span class='ocrx_word' id='word_1_215' title='bbox 998 2885 1089 2957; x_wconf 89' lang='lat' dir='ltr'><strong>qui</strong></span> <span class='ocrx_word' id='word_1_216' title='bbox 1118 2886 1184 2940; x_wconf 90' lang='lat' dir='ltr'><strong>ab</strong></span> <span class='ocrx_word' id='word_1_217' title='bbox 1211 2885 1300 2940; x_wconf 91' lang='lat' dir='ltr'><strong>illo</strong></span> <span class='ocrx_word' id='word_1_218' title='bbox 1329 2885 1625 2955; x_wconf 81' lang='lat' dir='ltr'><strong>baptizatur</strong></span> <span class='ocrx_word' id='word_1_219' title='bbox 1653 2902 1664 2937; x_wconf 89' lang='lat'>:</span> <span class='ocrx_word' id='word_1_220' title='bbox 1700 2895 1823 2940; x_wconf 91' lang='lat' dir='ltr'><strong>tunc</strong></span> <span class='ocrx_word' id='word_1_221' title='bbox 1846 2885 1986 2940; x_wconf 92' lang='lat' dir='ltr'><strong>enim</strong></span> 
     </span>
    </p>
   </div>
   <div class='ocr_carea' id='block_1_29' title="bbox 406 2973 1988 3043">
    <p class='ocr_par' dir='ltr' id='par_1_29' title="bbox 406 2973 1988 3043">
     <span class='ocr_line' id='line_1_29' title="bbox 406 2973 1988 3043; baseline -0.003 -10"><span class='ocrx_word' id='word_1_222' title='bbox 406 2979 510 3034; x_wconf 78' lang='lat' dir='ltr'><strong>erit</strong></span> <span class='ocrx_word' id='word_1_223' title='bbox 532 2978 741 3033; x_wconf 62' lang='lat' dir='ltr'><strong>fructus</strong></span> <span class='ocrx_word' id='word_1_224' title='bbox 765 2978 958 3043; x_wconf 77' lang='lat' dir='ltr'><strong>bonus,</strong></span> <span class='ocrx_word' id='word_1_225' title='bbox 979 2975 1024 3032; x_wconf 88' lang='lat' dir='ltr'><strong>si</strong></span> <span class='ocrx_word' id='word_1_226' title='bbox 1051 2975 1139 3032; x_wconf 81' lang='lat' dir='ltr'><strong>ille</strong></span> <span class='ocrx_word' id='word_1_227' title='bbox 1161 2973 1323 3030; x_wconf 88' lang='lat' dir='ltr'><strong>fuerit</strong></span> <span class='ocrx_word' id='word_1_228' title='bbox 1340 2975 1497 3030; x_wconf 88' lang='lat' dir='ltr'><strong>arbor</strong></span> <span class='ocrx_word' id='word_1_229' title='bbox 1519 2975 1676 3029; x_wconf 88' lang='lat' dir='ltr'><strong>bona.</strong></span> <span class='ocrx_word' id='word_1_230' title='bbox 1701 2973 1835 3042; x_wconf 88' lang='lat' dir='ltr'><strong>Quid</strong></span> <span class='ocrx_word' id='word_1_231' title='bbox 1857 2975 1988 3030; x_wconf 89' lang='lat' dir='ltr'><strong>dicis</strong></span> 
     </span>
    </p>
   </div>
   <div class='ocr_carea' id='block_1_30' title="bbox 405 3062 1987 3138">
    <p class='ocr_par' dir='ltr' id='par_1_30' title="bbox 405 3062 1987 3138">
     <span class='ocr_line' id='line_1_30' title="bbox 405 3062 1987 3138; baseline -0.002 -14"><span class='ocrx_word' id='word_1_232' title='bbox 405 3070 475 3124; x_wconf 91' lang='lat' dir='ltr'><strong>de</strong></span> <span class='ocrx_word' id='word_1_233' title='bbox 517 3062 734 3126; x_wconf 82' lang='lat' dir='ltr'><strong>Christo</strong></span> <span class='ocrx_word' id='word_1_234' title='bbox 781 3077 838 3124; x_wconf 80' lang='lat' dir='ltr'><strong>et</strong></span> <span class='ocrx_word' id='word_1_235' title='bbox 871 3068 1118 3125; x_wconf 78' lang='lat' dir='ltr'><strong>Joanne?</strong></span> <span class='ocrx_word' id='word_1_236' title='bbox 1145 3067 1348 3138; x_wconf 86' lang='lat' dir='ltr'><strong>Evigila</strong></span> <span class='ocrx_word' id='word_1_237' title='bbox 1375 3107 1388 3131; x_wconf 96' lang='lat'><strong>,</strong></span> <span class='ocrx_word' id='word_1_238' title='bbox 1417 3067 1786 3136; x_wconf 77' lang='lat' dir='ltr'><strong>expergiscere</strong></span> <span class='ocrx_word' id='word_1_239' title='bbox 1807 3107 1824 3133; x_wconf 95' lang='lat'><strong>,</strong></span> <span class='ocrx_word' id='word_1_240' title='bbox 1865 3082 1987 3136; x_wconf 88' lang='lat' dir='ltr'><strong>per-</strong></span> 
     </span>
    </p>
   </div>
   <div class='ocr_carea' id='block_1_31' title="bbox 407 3159 1990 3230">
    <p class='ocr_par' dir='ltr' id='par_1_31' title="bbox 407 3159 1990 3230">
     <span class='ocr_line' id='line_1_31' title="bbox 407 3159 1990 3230; baseline 0.001 -15"><span class='ocrx_word' id='word_1_241' title='bbox 407 3161 618 3230; x_wconf 85' lang='lat' dir='ltr'><strong>stringit</strong></span> <span class='ocrx_word' id='word_1_242' title='bbox 635 3161 820 3216; x_wconf 78' lang='lat' dir='ltr'><strong>o¢ulos</strong></span> <span class='ocrx_word' id='word_1_243' title='bbox 847 3169 966 3216; x_wconf 91' lang='lat' dir='ltr'><strong>tuos</strong></span> <span class='ocrx_word' id='word_1_244' title='bbox 987 3159 1240 3230; x_wconf 87' lang='lat' dir='ltr'><strong>splendor</strong></span> <span class='ocrx_word' id='word_1_245' title='bbox 1264 3161 1556 3230; x_wconf 68' lang='lat' dir='ltr'><strong>perspicua:</strong></span> <span class='ocrx_word' id='word_1_246' title='bbox 1576 3159 1845 3224; x_wconf 84' lang='lat' dir='ltr'><strong>veritatis;</strong></span> <span class='ocrx_word' id='word_1_247' title='bbox 1871 3160 1990 3216; x_wconf 91' lang='lat' dir='ltr'><strong>vide</strong></span> 
     </span>
    </p>
   </div>
   <div class='ocr_carea' id='block_1_32' title="bbox 407 3249 1985 3322">
    <p class='ocr_par' dir='ltr' id='par_1_32' title="bbox 407 3249 1985 3322">
     <span class='ocr_line' id='line_1_32' title="bbox 407 3249 1985 3322; baseline 0.001 -18"><span class='ocrx_word' id='word_1_248' title='bbox 407 3250 532 3322; x_wconf 76' lang='grc' dir='ltr'>ιιιιίιι</span> <span class='ocrx_word' id='word_1_249' title='bbox 580 3249 916 3319; x_wconf 68' lang='grc' dir='ltr'>ριίἁεὴιίεειιιιι</span> <span class='ocrx_word' id='word_1_250' title='bbox 959 3259 1045 3305; x_wconf 87' lang='lat' dir='ltr'><strong>est</strong></span> <span class='ocrx_word' id='word_1_251' title='bbox 1089 3258 1214 3304; x_wconf 87' lang='lat' dir='ltr'><strong>ante</strong></span> <span class='ocrx_word' id='word_1_252' title='bbox 1258 3265 1389 3314; x_wconf 89' lang='lat' dir='ltr'><strong>nos;</strong></span> <span class='ocrx_word' id='word_1_253' title='bbox 1435 3249 1551 3319; x_wconf 87' lang='lat' dir='ltr'><strong>lege</strong></span> <span class='ocrx_word' id='word_1_254' title='bbox 1588 3249 1933 3320; x_wconf 86' lang='lat' dir='ltr'><strong>Evangelium</strong></span> <span class='ocrx_word' id='word_1_255' title='bbox 1971 3268 1985 3306; x_wconf 92' lang='lat'><strong>:</strong></span> 
     </span>
    </p>
   </div>
   <div class='ocr_carea' id='block_1_33' title="bbox 406 3339 1988 3412">
    <p class='ocr_par' dir='ltr' id='par_1_33' title="bbox 406 3339 1988 3412">
     <span class='ocr_line' id='line_1_33' title="bbox 406 3339 1988 3412; baseline -0.001 -13"><span class='ocrx_word' id='word_1_256' title='bbox 406 3343 640 3399; x_wconf 82' lang='lat' dir='ltr'><strong>Joannes</strong></span> <span class='ocrx_word' id='word_1_257' title='bbox 684 3341 970 3412; x_wconf 83' lang='lat' dir='ltr'><strong>baptizavit</strong></span> <span class='ocrx_word' id='word_1_258' title='bbox 1001 3339 1294 3396; x_wconf 86' lang='lat' dir='ltr'><strong>Christum.</strong></span> <span class='ocrx_word' id='word_1_259' title='bbox 1343 3340 1586 3395; x_wconf 88' lang='lat' dir='ltr'><strong>Dicturus</strong></span> <span class='ocrx_word' id='word_1_260' title='bbox 1618 3355 1676 3395; x_wconf 88' lang='lat' dir='ltr'><strong>es</strong></span> <span class='ocrx_word' id='word_1_261' title='bbox 1699 3382 1714 3406; x_wconf 96' lang='lat'><strong>,</strong></span> <span class='ocrx_word' id='word_1_262' title='bbox 1758 3341 1988 3397; x_wconf 85' lang='lat' dir='ltr'><strong>Joannes</strong></span> 
     </span>
    </p>
   </div>
   <div class='ocr_carea' id='block_1_34' title="bbox 405 3431 1985 3500">
    <p class='ocr_par' dir='ltr' id='par_1_34' title="bbox 405 3431 1985 3500">
     <span class='ocr_line' id='line_1_34' title="bbox 405 3431 1985 3500; baseline -0.003 -10"><span class='ocrx_word' id='word_1_263' title='bbox 405 3435 585 3500; x_wconf 89' lang='lat' dir='ltr'><strong>arbor,</strong></span> <span class='ocrx_word' id='word_1_264' title='bbox 617 3433 818 3488; x_wconf 90' lang='lat' dir='ltr'><strong>fructus</strong></span> <span class='ocrx_word' id='word_1_265' title='bbox 843 3432 1084 3488; x_wconf 90' lang='lat' dir='ltr'><strong>Christus</strong></span> <span class='ocrx_word' id='word_1_266' title='bbox 1103 3431 1127 3485; x_wconf 89' lang='lat'><strong>?</strong></span> <span class='ocrx_word' id='word_1_267' title='bbox 1145 3431 1454 3486; x_wconf 91' lang='lat' dir='ltr'><strong>Creaturam</strong></span> <span class='ocrx_word' id='word_1_268' title='bbox 1476 3431 1692 3486; x_wconf 89' lang='lat' dir='ltr'><strong>vocabis</strong></span> <span class='ocrx_word' id='word_1_269' title='bbox 1719 3432 1985 3497; x_wconf 89' lang='lat' dir='ltr'><strong>arborem,</strong></span> 
     </span>
    </p>
   </div>
   <div class='ocr_carea' id='block_1_35' title="bbox 405 3520 1988 3580">
    <p class='ocr_par' dir='ltr' id='par_1_35' title="bbox 405 3520 1988 3580">
     <span class='ocr_line' id='line_1_35' title="bbox 405 3520 1988 3580; baseline 0.001 -2"><span class='ocrx_word' id='word_1_270' title='bbox 405 3535 460 3580; x_wconf 85' lang='lat' dir='ltr'><strong>et</strong></span> <span class='ocrx_word' id='word_1_271' title='bbox 487 3525 714 3579; x_wconf 80' lang='lat' dir='ltr'><strong>fructum</strong></span> <span class='ocrx_word' id='word_1_272' title='bbox 741 3521 1091 3578; x_wconf 85' lang='lat' dir='ltr'><strong>Creatorem?</strong></span> <span class='ocrx_word' id='word_1_273' title='bbox 1115 3520 1242 3577; x_wconf 91' lang='lat' dir='ltr'><strong>ldeo</strong></span> <span class='ocrx_word' id='word_1_274' title='bbox 1271 3521 1439 3577; x_wconf 80' lang='lat' dir='ltr'><strong>voluit</strong></span> <span class='ocrx_word' id='word_1_275' title='bbox 1468 3521 1724 3577; x_wconf 87' lang='lat' dir='ltr'><strong>Dominus</strong></span> <span class='ocrx_word' id='word_1_276' title='bbox 1747 3521 1988 3579; x_wconf 85' lang='lat' dir='ltr'><strong>Christus</strong></span> 
     </span>
    </p>
   </div>
   <div class='ocr_carea' id='block_1_36' title="bbox 407 3611 1990 3682">
    <p class='ocr_par' dir='ltr' id='par_1_36' title="bbox 407 3611 1990 3682">
     <span class='ocr_line' id='line_1_36' title="bbox 407 3611 1990 3682; baseline -0.001 -12"><span class='ocrx_word' id='word_1_277' title='bbox 407 3633 437 3670; x_wconf 78' lang='grc' dir='ltr'><strong>ιι</strong></span> <span class='ocrx_word' id='word_1_278' title='bbox 466 3614 672 3671; x_wconf 85' lang='lat' dir='ltr'><strong>Joanne</strong></span> <span class='ocrx_word' id='word_1_279' title='bbox 702 3613 985 3682; x_wconf 82' lang='lat' dir='ltr'><strong>baptizari,</strong></span> <span class='ocrx_word' id='word_1_280' title='bbox 1012 3627 1120 3668; x_wconf 92' lang='lat' dir='ltr'><strong>non</strong></span> <span class='ocrx_word' id='word_1_281' title='bbox 1145 3621 1202 3667; x_wconf 89' lang='lat' dir='ltr'><strong>ut</strong></span> <span class='ocrx_word' id='word_1_282' title='bbox 1236 3627 1331 3682; x_wconf 89' lang='lat' dir='ltr'><strong>per</strong></span> <span class='ocrx_word' id='word_1_283' title='bbox 1356 3611 1674 3682; x_wconf 90' lang='lat' dir='ltr'><strong>baptismum</strong></span> <span class='ocrx_word' id='word_1_284' title='bbox 1713 3612 1990 3682; x_wconf 88' lang='lat' dir='ltr'><strong>iniquitate</strong></span> 
     </span>
    </p>
   </div>
   <div class='ocr_carea' id='block_1_37' title="bbox 406 3701 2016 3775">
    <p class='ocr_par' dir='ltr' id='par_1_37' title="bbox 406 3701 2016 3775">
     <span class='ocr_line' id='line_1_37' title="bbox 406 3701 2016 3775; baseline -0.002 -14"><span class='ocrx_word' id='word_1_285' title='bbox 406 3713 635 3772; x_wconf 88' lang='lat' dir='ltr'><strong>careret,</strong></span> <span class='ocrx_word' id='word_1_286' title='bbox 662 3703 756 3760; x_wconf 84' lang='lat' dir='ltr'><strong>sed</strong></span> <span class='ocrx_word' id='word_1_287' title='bbox 780 3713 836 3759; x_wconf 90' lang='lat' dir='ltr'><strong>ut</strong></span> <span class='ocrx_word' id='word_1_288' title='bbox 856 3703 1120 3775; x_wconf 90' lang='lat' dir='ltr'><strong>iniquitati</strong></span> <span class='ocrx_word' id='word_1_289' title='bbox 1141 3717 1202 3758; x_wconf 87' lang='lat' dir='ltr'><strong>os</strong></span> <span class='ocrx_word' id='word_1_290' title='bbox 1227 3701 1520 3758; x_wconf 88' lang='lat' dir='ltr'><strong>clauderet.</strong></span> <span class='ocrx_word' id='word_1_291' title='bbox 1546 3702 1686 3759; x_wconf 88' lang='lat' dir='ltr'><strong>Ecce</strong></span> <span class='ocrx_word' id='word_1_292' title='bbox 1705 3703 1794 3774; x_wconf 90' lang='lat' dir='ltr'><strong>qui</strong></span> <span class='ocrx_word' id='word_1_293' title='bbox 1814 3704 2016 3775; x_wconf 85' lang='lat' dir='ltr'><strong>bapti-&#39;</strong></span> 
     </span>
    </p>
   </div>
   <div class='ocr_carea' id='block_1_38' title="bbox 409 3793 1988 3865">
    <p class='ocr_par' dir='ltr' id='par_1_38' title="bbox 409 3793 1988 3865">
     <span class='ocr_line' id='line_1_38' title="bbox 409 3793 1988 3865; baseline -0.001 -14"><span class='ocrx_word' id='word_1_294' title='bbox 409 3805 515 3862; x_wconf 83' lang='lat' dir='ltr'><strong>zat,</strong></span> <span class='ocrx_word' id='word_1_295' title='bbox 547 3795 771 3851; x_wconf 88' lang='lat' dir='ltr'><strong>inferior</strong></span> <span class='ocrx_word' id='word_1_296' title='bbox 798 3803 916 3860; x_wconf 87' lang='lat' dir='ltr'><strong>est;</strong></span> <span class='ocrx_word' id='word_1_297' title='bbox 947 3795 1037 3865; x_wconf 87' lang='lat' dir='ltr'><strong>qui</strong></span> <span class='ocrx_word' id='word_1_298' title='bbox 1063 3793 1382 3864; x_wconf 84' lang='lat' dir='ltr'><strong>baptizatur,</strong></span> <span class='ocrx_word' id='word_1_299' title='bbox 1416 3793 1654 3850; x_wconf 90' lang='lat' dir='ltr'><strong>dicturus</strong></span> <span class='ocrx_word' id='word_1_300' title='bbox 1680 3811 1796 3850; x_wconf 89' lang='lat' dir='ltr'><strong>sum</strong></span> <span class='ocrx_word' id='word_1_301' title='bbox 1822 3835 1837 3860; x_wconf 91' lang='lat'><strong>,</strong></span> <span class='ocrx_word' id='word_1_302' title='bbox 1875 3811 1988 3850; x_wconf 82' lang='lat' dir='ltr'><strong>me-</strong></span> 
     </span>
    </p>
   </div>
   <div class='ocr_carea' id='block_1_39' title="bbox 410 3885 1986 3956">
    <p class='ocr_par' dir='ltr' id='par_1_39' title="bbox 410 3885 1986 3956">
     <span class='ocr_line' id='line_1_39' title="bbox 410 3885 1986 3956; baseline 0 -14"><span class='ocrx_word' id='word_1_303' title='bbox 410 3888 556 3943; x_wconf 89' lang='lat' dir='ltr'><strong>lior?</strong></span> <span class='ocrx_word' id='word_1_304' title='bbox 595 3887 707 3942; x_wconf 92' lang='lat' dir='ltr'><strong>lloc</strong></span> <span class='ocrx_word' id='word_1_305' title='bbox 733 3887 867 3941; x_wconf 86' lang='lat' dir='ltr'><strong>forte</strong></span> <span class='ocrx_word' id='word_1_306' title='bbox 893 3885 957 3940; x_wconf 90' lang='lat' dir='ltr'><strong>ad</strong></span> <span class='ocrx_word' id='word_1_307' title='bbox 985 3901 1070 3941; x_wconf 91' lang='lat' dir='ltr'><strong>me</strong></span> <span class='ocrx_word' id='word_1_308' title='bbox 1096 3885 1318 3940; x_wconf 92' lang='lat' dir='ltr'><strong>multum</strong></span> <span class='ocrx_word' id='word_1_309' title='bbox 1342 3893 1426 3940; x_wconf 91' lang='lat' dir='ltr'><strong>est</strong></span> <span class='ocrx_word' id='word_1_310' title='bbox 1445 3885 1686 3956; x_wconf 89' lang='lat' dir='ltr'><strong>intelligi.</strong></span> <span class='ocrx_word' id='word_1_311' title='bbox 1711 3887 1790 3942; x_wconf 85' lang='lat' dir='ltr'><strong>Ad</strong></span> <span class='ocrx_word' id='word_1_312' title='bbox 1815 3888 1986 3942; x_wconf 84' lang='lat' dir='ltr'><strong>homi-</strong></span> 
     </span>
    </p>
   </div>
   <div class='ocr_carea' id='block_1_40' title="bbox 409 3977 1991 4050">
    <p class='ocr_par' dir='ltr' id='par_1_40' title="bbox 409 3977 1991 4050">
     <span class='ocr_line' id='line_1_40' title="bbox 409 3977 1991 4050; baseline 0 -15"><span class='ocrx_word' id='word_1_313' title='bbox 409 3995 506 4036; x_wconf 86' lang='lat' dir='ltr'><strong>nes</strong></span> <span class='ocrx_word' id='word_1_314' title='bbox 532 3979 668 4046; x_wconf 92' lang='lat' dir='ltr'><strong>redi,</strong></span> <span class='ocrx_word' id='word_1_315' title='bbox 691 3979 877 4034; x_wconf 79' lang='lat' dir='ltr'><strong>ambas</strong></span> <span class='ocrx_word' id='word_1_316' title='bbox 901 3978 1019 4034; x_wconf 87' lang='lat' dir='ltr'><strong>vide</strong></span> <span class='ocrx_word' id='word_1_317' title='bbox 1042 3978 1305 4034; x_wconf 86' lang='lat' dir='ltr'><strong>homines.</strong></span> <span class='ocrx_word' id='word_1_318' title='bbox 1331 3978 1563 4032; x_wconf 84' lang='lat' dir='ltr'><strong>Ananias</strong></span> <span class='ocrx_word' id='word_1_319' title='bbox 1582 3977 1803 4034; x_wconf 86' lang='lat' dir='ltr'><strong>Paulum</strong></span> <span class='ocrx_word' id='word_1_320' title='bbox 1822 3979 1991 4050; x_wconf 86' lang='lat' dir='ltr'><strong>bapti-</strong></span> 
     </span>
    </p>
   </div>
   <div class='ocr_carea' id='block_1_41' title="bbox 410 4066 1991 4148">
    <p class='ocr_par' dir='ltr' id='par_1_41' title="bbox 410 4066 1991 4148">
     <span class='ocr_line' id='line_1_41' title="bbox 410 4066 1991 4148; baseline -0.001 -22"><span class='ocrx_word' id='word_1_321' title='bbox 410 4072 570 4126; x_wconf 83' lang='lat' dir='ltr'><strong>zavit.</strong></span> <span class='ocrx_word' id='word_1_322' title='bbox 607 4070 806 4125; x_wconf 87' lang='lat' dir='ltr'><strong>Auania</strong></span> <span class='ocrx_word' id='word_1_323' title='bbox 853 4069 1048 4124; x_wconf 78' lang='lat' dir='ltr'><strong>Paulus</strong></span> <span class='ocrx_word' id='word_1_324' title='bbox 1090 4068 1282 4123; x_wconf 89' lang='lat' dir='ltr'><strong>melior</strong></span> <span class='ocrx_word' id='word_1_325' title='bbox 1316 4067 1430 4122; x_wconf 85' lang='lat' dir='ltr'><strong>fuit.</strong></span> <span class='ocrx_word' id='word_1_326' title='bbox 1477 4066 1754 4148; x_wconf 84' lang='lat' dir='ltr'><strong>Nunquam</strong></span> <span class='ocrx_word' id='word_1_327' title='bbox 1793 4069 1991 4124; x_wconf 87' lang='lat' dir='ltr'><strong>fructus</strong></span> 
     </span>
    </p>
   </div>
   <div class='ocr_carea' id='block_1_42' title="bbox 415 4159 1988 4231">
    <p class='ocr_par' dir='ltr' id='par_1_42' title="bbox 415 4159 1988 4231">
     <span class='ocr_line' id='line_1_42' title="bbox 415 4159 1988 4231; baseline 0.001 -15"><span class='ocrx_word' id='word_1_328' title='bbox 415 4164 608 4218; x_wconf 87' lang='lat' dir='ltr'><strong>arbore</strong></span> <span class='ocrx_word' id='word_1_329' title='bbox 643 4162 835 4218; x_wconf 90' lang='lat' dir='ltr'><strong>melior</strong></span> <span class='ocrx_word' id='word_1_330' title='bbox 861 4161 972 4216; x_wconf 86' lang='lat' dir='ltr'><strong>fuit.</strong></span> <span class='ocrx_word' id='word_1_331' title='bbox 1008 4159 1182 4216; x_wconf 83' lang='lat' dir='ltr'><strong>Arbor</strong></span> <span class='ocrx_word' id='word_1_332' title='bbox 1209 4161 1350 4216; x_wconf 89' lang='lat' dir='ltr'><strong>enim</strong></span> <span class='ocrx_word' id='word_1_333' title='bbox 1378 4159 1578 4231; x_wconf 88' lang='lat' dir='ltr'><strong>profert</strong></span> <span class='ocrx_word' id='word_1_334' title='bbox 1604 4159 1852 4227; x_wconf 68' lang='lat' dir='ltr'><strong>ﬁ&#39;uctum,</strong></span> <span class='ocrx_word' id='word_1_335' title='bbox 1883 4178 1988 4218; x_wconf 89' lang='lat' dir='ltr'><strong>non</strong></span> 
     </span>
    </p>
   </div>
   <div class='ocr_carea' id='block_1_43' title="bbox 413 4253 965 4325">
    <p class='ocr_par' dir='ltr' id='par_1_43' title="bbox 413 4253 965 4325">
     <span class='ocr_line' id='line_1_43' title="bbox 413 4253 965 4325; baseline 0.004 -19"><span class='ocrx_word' id='word_1_336' title='bbox 413 4255 679 4325; x_wconf 70' lang='lat' dir='ltr'><strong>profertur</strong></span> <span class='ocrx_word' id='word_1_337' title='bbox 708 4270 736 4308; x_wconf 88' lang='lat' dir='ltr'><strong>a</strong></span> <span class='ocrx_word' id='word_1_338' title='bbox 770 4253 965 4309; x_wconf 89' lang='lat' dir='ltr'><strong>fructu.</strong></span> 
     </span>
    </p>
   </div>
   <div class='ocr_carea' id='block_1_44' title="bbox 481 4342 1988 4418">
    <p class='ocr_par' dir='ltr' id='par_1_44' title="bbox 481 4342 1988 4418">
     <span class='ocr_line' id='line_1_44' title="bbox 481 4342 1988 4418; baseline -0.001 -16"><span class='ocrx_word' id='word_1_339' title='bbox 481 4347 534 4402; x_wconf 78' lang='grc'><strong>6.</strong></span> <span class='ocrx_word' id='word_1_340' title='bbox 566 4345 845 4400; x_wconf 75' lang='lat' dir='ltr'><strong>Donatista:</strong></span> <span class='ocrx_word' id='word_1_341' title='bbox 879 4363 932 4401; x_wconf 86' lang='lat' dir='ltr'><strong>se</strong></span> <span class='ocrx_word' id='word_1_342' title='bbox 975 4359 1068 4418; x_wconf 80' lang='lat' dir='ltr'><strong>pro</strong></span> <span class='ocrx_word' id='word_1_343' title='bbox 1118 4342 1318 4400; x_wconf 82' lang='lat' dir='ltr'><strong>Christo</strong></span> <span class='ocrx_word' id='word_1_344' title='bbox 1357 4345 1558 4416; x_wconf 78' lang='lat' dir='ltr'><strong>jactare</strong></span> <span class='ocrx_word' id='word_1_345' title='bbox 1603 4347 1988 4401; x_wconf 79' lang='lat' dir='ltr'><strong>convincuntur.</strong></span> 
     </span>
    </p>
   </div>
   <div class='ocr_carea' id='block_1_45' title="bbox 409 4437 1987 4510">
    <p class='ocr_par' dir='ltr' id='par_1_45' title="bbox 409 4437 1987 4510">
     <span class='ocr_line' id='line_1_45' title="bbox 409 4437 1987 4510; baseline 0.001 -18"><span class='ocrx_word' id='word_1_346' title='bbox 409 4438 488 4493; x_wconf 87' lang='lat' dir='ltr'><strong>&#39;l&#39;u</strong></span> <span class='ocrx_word' id='word_1_347' title='bbox 513 4437 640 4510; x_wconf 86' lang='lat' dir='ltr'><strong>quid</strong></span> <span class='ocrx_word' id='word_1_348' title='bbox 671 4438 762 4493; x_wconf 90' lang='lat' dir='ltr'><strong>tibi</strong></span> <span class='ocrx_word' id='word_1_349' title='bbox 788 4452 1032 4492; x_wconf 87' lang='lat' dir='ltr'><strong>assumas</strong></span> <span class='ocrx_word' id='word_1_350' title='bbox 1053 4479 1065 4500; x_wconf 91' lang='lat'><strong>,</strong></span> <span class='ocrx_word' id='word_1_351' title='bbox 1098 4451 1203 4493; x_wconf 91' lang='lat' dir='ltr'><strong>non</strong></span> <span class='ocrx_word' id='word_1_352' title='bbox 1233 4437 1420 4493; x_wconf 83' lang='lat' dir='ltr'><strong>vides?</strong></span> <span class='ocrx_word' id='word_1_353' title='bbox 1448 4438 1562 4508; x_wconf 82' lang='lat' dir='ltr'><strong>Ipse</strong></span> <span class='ocrx_word' id='word_1_354' title='bbox 1591 4438 1843 4494; x_wconf 83' lang='lat' dir='ltr'><strong>Dominus</strong></span> <span class='ocrx_word' id='word_1_355' title='bbox 1869 4441 1940 4492; x_wconf 89' lang='lat' dir='ltr'><strong>ait</strong></span> <span class='ocrx_word' id='word_1_356' title='bbox 1975 4458 1987 4494; x_wconf 92' lang='lat'><strong>:</strong></span> 
     </span>
    </p>
   </div>
   <div class='ocr_carea' id='block_1_46' title="bbox 411 4527 1992 4600">
    <p class='ocr_par' dir='ltr' id='par_1_46' title="bbox 411 4527 1992 4600">
     <span class='ocr_line' id='line_1_46' title="bbox 411 4527 1992 4600; baseline 0.001 -18"><span class='ocrx_word' id='word_1_357' title='bbox 411 4528 563 4582; x_wconf 75' lang='lat' dir='ltr'><strong>Multi</strong></span> <span class='ocrx_word' id='word_1_358' title='bbox 589 4530 787 4581; x_wconf 76' lang='lat' dir='ltr'><strong>venient</strong></span> <span class='ocrx_word' id='word_1_359' title='bbox 830 4529 880 4582; x_wconf 89' lang='lat' dir='ltr'><strong>in</strong></span> <span class='ocrx_word' id='word_1_360' title='bbox 909 4529 1110 4580; x_wconf 84' lang='lat' dir='ltr'><strong>nomine</strong></span> <span class='ocrx_word' id='word_1_361' title='bbox 1134 4544 1242 4580; x_wconf 80' lang='lat' dir='ltr'><strong>meo</strong></span> <span class='ocrx_word' id='word_1_362' title='bbox 1277 4529 1520 4592; x_wconf 85' lang='lat' dir='ltr'><strong>dicentes,</strong></span> <span class='ocrx_word' id='word_1_363' title='bbox 1567 4527 1677 4600; x_wconf 82' lang='lat' dir='ltr'><strong>Ego</strong></span> <span class='ocrx_word' id='word_1_364' title='bbox 1702 4547 1814 4584; x_wconf 88' lang='lat' dir='ltr'><strong>sum</strong></span> <span class='ocrx_word' id='word_1_365' title='bbox 1845 4529 1992 4584; x_wconf 74' lang='lat' dir='ltr'><strong>Clu-i-</strong></span> 
     </span>
    </p>
   </div>
   <div class='ocr_carea' id='block_1_47' title="bbox 407 4616 1991 4688">
    <p class='ocr_par' dir='ltr' id='par_1_47' title="bbox 407 4616 1991 4688">
     <span class='ocr_line' id='line_1_47' title="bbox 407 4616 1991 4688; baseline 0.003 -16"><span class='ocrx_word' id='word_1_366' title='bbox 407 4631 513 4674; x_wconf 74' lang='lat' dir='ltr'><strong>stus</strong></span> <span class='ocrx_word' id='word_1_367' title='bbox 545 4617 657 4688; x_wconf 85' lang='lat' dir='ltr'><strong>(Id.</strong></span> <span class='ocrx_word' id='word_1_368' title='bbox 683 4632 828 4679; x_wconf 80' lang='lat' dir='ltr'><strong>xxiv,</strong></span> <span class='ocrx_word' id='word_1_369' title='bbox 861 4617 939 4688; x_wconf 85' lang='lat'><strong>5).</strong></span> <span class='ocrx_word' id='word_1_370' title='bbox 971 4616 1119 4670; x_wconf 69' lang='lat' dir='ltr'><strong>hlulti</strong></span> <span class='ocrx_word' id='word_1_371' title='bbox 1141 4627 1386 4671; x_wconf 89' lang='lat' dir='ltr'><strong>errantes</strong></span> <span class='ocrx_word' id='word_1_372' title='bbox 1413 4628 1468 4671; x_wconf 91' lang='lat' dir='ltr'><strong>et</strong></span> <span class='ocrx_word' id='word_1_373' title='bbox 1491 4619 1806 4675; x_wconf 88' lang='lat' dir='ltr'><strong>seducentes</strong></span> <span class='ocrx_word' id='word_1_374' title='bbox 1831 4636 1991 4676; x_wconf 88' lang='lat' dir='ltr'><strong>vene-</strong></span> 
     </span>
    </p>
   </div>
   <div class='ocr_carea' id='block_1_48' title="bbox 410 4707 1986 4778">
    <p class='ocr_par' dir='ltr' id='par_1_48' title="bbox 410 4707 1986 4778">
     <span class='ocr_line' id='line_1_48' title="bbox 410 4707 1986 4778; baseline -0.001 -12"><span class='ocrx_word' id='word_1_375' title='bbox 410 4722 534 4766; x_wconf 85' lang='lat' dir='ltr'><strong>runt</strong></span> <span class='ocrx_word' id='word_1_376' title='bbox 565 4711 615 4764; x_wconf 91' lang='lat' dir='ltr'><strong>in</strong></span> <span class='ocrx_word' id='word_1_377' title='bbox 649 4708 863 4765; x_wconf 83' lang='lat' dir='ltr'><strong>nomine</strong></span> <span class='ocrx_word' id='word_1_378' title='bbox 893 4707 1110 4772; x_wconf 85' lang='lat' dir='ltr'><strong>Christi,</strong></span> <span class='ocrx_word' id='word_1_379' title='bbox 1143 4707 1346 4762; x_wconf 90' lang='lat' dir='ltr'><strong>nullum</strong></span> <span class='ocrx_word' id='word_1_380' title='bbox 1374 4707 1675 4763; x_wconf 88' lang='lat' dir='ltr'><strong>audivimus</strong></span> <span class='ocrx_word' id='word_1_381' title='bbox 1701 4711 1986 4778; x_wconf 89' lang='lat' dir='ltr'><strong>dicentem,</strong></span> 
     </span>
    </p>
   </div>
   <div class='ocr_carea' id='block_1_49' title="bbox 409 4797 1992 4874">
    <p class='ocr_par' dir='ltr' id='par_1_49' title="bbox 409 4797 1992 4874">
     <span class='ocr_line' id='line_1_49' title="bbox 409 4797 1992 4874; baseline -0.002 -15"><span class='ocrx_word' id='word_1_382' title='bbox 409 4803 522 4874; x_wconf 71' lang='lat' dir='ltr'><strong>ligo</strong></span> <span class='ocrx_word' id='word_1_383' title='bbox 547 4819 664 4858; x_wconf 78' lang='lat' dir='ltr'><strong>sum</strong></span> <span class='ocrx_word' id='word_1_384' title='bbox 691 4801 954 4858; x_wconf 86' lang='lat' dir='ltr'><strong>Christus.</strong></span> <span class='ocrx_word' id='word_1_385' title='bbox 1001 4798 1420 4855; x_wconf 83' lang='lat' dir='ltr'><strong>Innumerabiles</strong></span> <span class='ocrx_word' id='word_1_386' title='bbox 1454 4797 1690 4854; x_wconf 71' lang='lat' dir='ltr'><strong>hmretici</strong></span> <span class='ocrx_word' id='word_1_387' title='bbox 1731 4815 1992 4857; x_wconf 86' lang='lat' dir='ltr'><strong>venerunt</strong></span> 
     </span>
    </p>
   </div>
   <div class='ocr_carea' id='block_1_50' title="bbox 408 4889 1990 4956">
    <p class='ocr_par' dir='ltr' id='par_1_50' title="bbox 408 4889 1990 4956">
     <span class='ocr_line' id='line_1_50' title="bbox 408 4889 1990 4956; baseline 0.001 -11"><span class='ocrx_word' id='word_1_388' title='bbox 408 4909 598 4950; x_wconf 76' lang='lat' dir='ltr'><strong>omnes</strong></span> <span class='ocrx_word' id='word_1_389' title='bbox 622 4894 676 4948; x_wconf 89' lang='lat' dir='ltr'><strong>iu</strong></span> <span class='ocrx_word' id='word_1_390' title='bbox 704 4893 919 4948; x_wconf 87' lang='lat' dir='ltr'><strong>nomine</strong></span> <span class='ocrx_word' id='word_1_391' title='bbox 943 4891 1140 4947; x_wconf 84' lang='lat' dir='ltr'><strong>Christi</strong></span> <span class='ocrx_word' id='word_1_392' title='bbox 1166 4932 1181 4956; x_wconf 95' lang='lat'><strong>,</strong></span> <span class='ocrx_word' id='word_1_393' title='bbox 1225 4889 1276 4944; x_wconf 91' lang='lat' dir='ltr'><strong>id</strong></span> <span class='ocrx_word' id='word_1_394' title='bbox 1316 4899 1397 4945; x_wconf 89' lang='lat' dir='ltr'><strong>est</strong></span> <span class='ocrx_word' id='word_1_395' title='bbox 1442 4891 1494 4944; x_wconf 91' lang='lat' dir='ltr'><strong>in</strong></span> <span class='ocrx_word' id='word_1_396' title='bbox 1536 4891 1749 4945; x_wconf 89' lang='lat' dir='ltr'><strong>nomine</strong></span> <span class='ocrx_word' id='word_1_397' title='bbox 1791 4889 1990 4946; x_wconf 79' lang='lat' dir='ltr'><strong>Christi</strong></span> 
     </span>
    </p>
   </div>
   <div class='ocr_carea' id='block_1_51' title="bbox 410 4981 1990 5061">
    <p class='ocr_par' dir='ltr' id='par_1_51' title="bbox 410 4981 1990 5061">
     <span class='ocr_line' id='line_1_51' title="bbox 410 4981 1990 5061; baseline -0.002 -19"><span class='ocrx_word' id='word_1_398' title='bbox 410 4989 608 5061; x_wconf 80' lang='lat' dir='ltr'><strong>palliati</strong></span> <span class='ocrx_word' id='word_1_399' title='bbox 643 4995 920 5050; x_wconf 86' lang='lat' dir='ltr'><strong>venerunt,</strong></span> <span class='ocrx_word' id='word_1_400' title='bbox 953 4986 1209 5054; x_wconf 84' lang='lat' dir='ltr'><strong>parietem</strong></span> <span class='ocrx_word' id='word_1_401' title='bbox 1237 4983 1436 5038; x_wconf 89' lang='lat' dir='ltr'><strong>luteum</strong></span> <span class='ocrx_word' id='word_1_402' title='bbox 1473 4981 1751 5052; x_wconf 88' lang='lat' dir='ltr'><strong>splendido</strong></span> <span class='ocrx_word' id='word_1_403' title='bbox 1776 4984 1990 5039; x_wconf 89' lang='lat' dir='ltr'><strong>nomine</strong></span> 
     </span>
    </p>
   </div>
   <div class='ocr_carea' id='block_1_52' title="bbox 409 5073 1992 5143">
    <p class='ocr_par' dir='ltr' id='par_1_52' title="bbox 409 5073 1992 5143">
     <span class='ocr_line' id='line_1_52' title="bbox 409 5073 1992 5143; baseline -0.003 -11"><span class='ocrx_word' id='word_1_404' title='bbox 409 5083 717 5135; x_wconf 81' lang='lat' dir='ltr'><strong>deathantes</strong></span> <span class='ocrx_word' id='word_1_405' title='bbox 743 5084 1042 5143; x_wconf 89' lang='lat' dir='ltr'><strong>venerunt,</strong></span> <span class='ocrx_word' id='word_1_406' title='bbox 1088 5083 1146 5130; x_wconf 89' lang='lat' dir='ltr'><strong>et</strong></span> <span class='ocrx_word' id='word_1_407' title='bbox 1183 5075 1452 5130; x_wconf 90' lang='lat' dir='ltr'><strong>neminem</strong></span> <span class='ocrx_word' id='word_1_408' title='bbox 1478 5074 1778 5128; x_wconf 86' lang='lat' dir='ltr'><strong>audivimus</strong></span> <span class='ocrx_word' id='word_1_409' title='bbox 1811 5073 1992 5128; x_wconf 87' lang='lat' dir='ltr'><strong>dicen-</strong></span> 
     </span>
    </p>
   </div>
   <div class='ocr_carea' id='block_1_53' title="bbox 407 5163 2002 5241">
    <p class='ocr_par' dir='ltr' id='par_1_53' title="bbox 407 5163 2002 5241">
     <span class='ocr_line' id='line_1_53' title="bbox 407 5163 2002 5241; baseline -0.003 -15"><span class='ocrx_word' id='word_1_410' title='bbox 407 5186 537 5237; x_wconf 86' lang='lat' dir='ltr'><strong>tem,</strong></span> <span class='ocrx_word' id='word_1_411' title='bbox 568 5171 677 5241; x_wconf 67' lang='lat' dir='ltr'><strong>ligo</strong></span> <span class='ocrx_word' id='word_1_412' title='bbox 704 5183 822 5224; x_wconf 89' lang='lat' dir='ltr'><strong>sum</strong></span> <span class='ocrx_word' id='word_1_413' title='bbox 851 5168 1112 5223; x_wconf 84' lang='lat' dir='ltr'><strong>Christus.</strong></span> <span class='ocrx_word' id='word_1_414' title='bbox 1142 5163 1277 5236; x_wconf 90' lang='lat' dir='ltr'><strong>Quid</strong></span> <span class='ocrx_word' id='word_1_415' title='bbox 1298 5167 1467 5239; x_wconf 83' lang='lat' dir='ltr'><strong>ergo?</strong></span> <span class='ocrx_word' id='word_1_416' title='bbox 1491 5167 1746 5221; x_wconf 90' lang='lat' dir='ltr'><strong>Dominus</strong></span> <span class='ocrx_word' id='word_1_417' title='bbox 1771 5168 2002 5222; x_wconf 84' lang='lat' dir='ltr'><strong>nescivit</strong></span> 
     </span>
    </p>
   </div>
   <div class='ocr_carea' id='block_1_54' title="bbox 407 5259 1994 5334">
    <p class='ocr_par' dir='ltr' id='par_1_54' title="bbox 407 5259 1994 5334">
     <span class='ocr_line' id='line_1_54' title="bbox 407 5259 1994 5334; baseline -0.003 -15"><span class='ocrx_word' id='word_1_418' title='bbox 407 5265 532 5333; x_wconf 90' lang='lat' dir='ltr'><strong>quid</strong></span> <span class='ocrx_word' id='word_1_419' title='bbox 562 5261 846 5334; x_wconf 64' lang='lat' dir='ltr'><strong>praedixit?</strong></span> <span class='ocrx_word' id='word_1_420' title='bbox 889 5263 969 5316; x_wconf 85' lang='lat' dir='ltr'><strong>An</strong></span> <span class='ocrx_word' id='word_1_421' title='bbox 1018 5261 1192 5331; x_wconf 74' lang='lat' dir='ltr'><strong>petitis</strong></span> <span class='ocrx_word' id='word_1_422' title='bbox 1237 5271 1334 5314; x_wconf 88' lang='lat' dir='ltr'><strong>nos</strong></span> <span class='ocrx_word' id='word_1_423' title='bbox 1364 5259 1429 5314; x_wconf 87' lang='lat' dir='ltr'><strong>ad</strong></span> <span class='ocrx_word' id='word_1_424' title='bbox 1472 5259 1869 5329; x_wconf 81' lang='lat' dir='ltr'><strong>intelligendum</strong></span> <span class='ocrx_word' id='word_1_425' title='bbox 1909 5275 1994 5315; x_wconf 90' lang='lat' dir='ltr'><strong>se-</strong></span> 
     </span>
    </p>
   </div>
   <div class='ocr_carea' id='block_1_55' title="bbox 407 5351 1990 5426">
    <p class='ocr_par' dir='ltr' id='par_1_55' title="bbox 407 5351 1990 5426">
     <span class='ocr_line' id='line_1_55' title="bbox 407 5351 1990 5426; baseline -0.003 -17"><span class='ocrx_word' id='word_1_426' title='bbox 407 5367 554 5412; x_wconf 69' lang='lat' dir='ltr'><strong>i-reta</strong></span> <span class='ocrx_word' id='word_1_427' title='bbox 586 5357 699 5426; x_wconf 86' lang='lat' dir='ltr'><strong>ipsa</strong></span> <span class='ocrx_word' id='word_1_428' title='bbox 725 5355 793 5408; x_wconf 88' lang='lat' dir='ltr'><strong>ad</strong></span> <span class='ocrx_word' id='word_1_429' title='bbox 822 5353 1150 5423; x_wconf 87' lang='lat' dir='ltr'><strong>apertioncm</strong></span> <span class='ocrx_word' id='word_1_430' title='bbox 1183 5352 1373 5408; x_wconf 86' lang='lat' dir='ltr'><strong>secreti</strong></span> <span class='ocrx_word' id='word_1_431' title='bbox 1397 5351 1463 5406; x_wconf 90' lang='lat' dir='ltr'><strong>de</strong></span> <span class='ocrx_word' id='word_1_432' title='bbox 1487 5363 1678 5406; x_wconf 90' lang='lat' dir='ltr'><strong>somno</strong></span> <span class='ocrx_word' id='word_1_433' title='bbox 1707 5352 1954 5405; x_wconf 87' lang='lat' dir='ltr'><strong>excitavit</strong></span> <span class='ocrx_word' id='word_1_434' title='bbox 1975 5393 1990 5416; x_wconf 91' lang='lat'><strong>,</strong></span> 
     </span>
    </p>
   </div>
   <div class='ocr_carea' id='block_1_56' title="bbox 410 5442 1991 5516">
    <p class='ocr_par' dir='ltr' id='par_1_56' title="bbox 410 5442 1991 5516">
     <span class='ocr_line' id='line_1_56' title="bbox 410 5442 1991 5516; baseline -0.004 -14"><span class='ocrx_word' id='word_1_435' title='bbox 410 5461 465 5501; x_wconf 83' lang='lat' dir='ltr'><strong>ut</strong></span> <span class='ocrx_word' id='word_1_436' title='bbox 491 5456 885 5516; x_wconf 82' lang='lat' dir='ltr'><strong>perscrutemur</strong></span> <span class='ocrx_word' id='word_1_437' title='bbox 909 5454 962 5500; x_wconf 92' lang='lat' dir='ltr'><strong>et</strong></span> <span class='ocrx_word' id='word_1_438' title='bbox 989 5442 1279 5515; x_wconf 84' lang='lat' dir='ltr'><strong>pulsemus,</strong></span> <span class='ocrx_word' id='word_1_439' title='bbox 1304 5452 1362 5497; x_wconf 91' lang='lat' dir='ltr'><strong>ut</strong></span> <span class='ocrx_word' id='word_1_440' title='bbox 1386 5442 1538 5497; x_wconf 91' lang='lat' dir='ltr'><strong>nobis</strong></span> <span class='ocrx_word' id='word_1_441' title='bbox 1557 5443 1826 5514; x_wconf 89' lang='lat' dir='ltr'><strong>aperiatur</strong></span> <span class='ocrx_word' id='word_1_442' title='bbox 1851 5443 1991 5512; x_wconf 85' lang='lat' dir='ltr'><strong>quod</strong></span> 
     </span>
    </p>
   </div>
   <div class='ocr_carea' id='block_1_57' title="bbox 417 5532 1989 5607">
    <p class='ocr_par' dir='ltr' id='par_1_57' title="bbox 417 5532 1989 5607">
     <span class='ocr_line' id='line_1_57' title="bbox 417 5532 1989 5607; baseline -0.002 -17"><span class='ocrx_word' id='word_1_443' title='bbox 417 5548 609 5593; x_wconf 85' lang='lat' dir='ltr'><strong>tectum</strong></span> <span class='ocrx_word' id='word_1_444' title='bbox 635 5547 736 5602; x_wconf 82' lang='lat' dir='ltr'><strong>est,</strong></span> <span class='ocrx_word' id='word_1_445' title='bbox 761 5545 1019 5607; x_wconf 86' lang='lat' dir='ltr'><strong>etaperto</strong></span> <span class='ocrx_word' id='word_1_446' title='bbox 1041 5541 1182 5591; x_wconf 89' lang='lat' dir='ltr'><strong>tecto</strong></span> <span class='ocrx_word' id='word_1_447' title='bbox 1201 5534 1266 5588; x_wconf 89' lang='lat' dir='ltr'><strong>ad</strong></span> <span class='ocrx_word' id='word_1_448' title='bbox 1293 5534 1572 5588; x_wconf 89' lang='lat' dir='ltr'><strong>Dominum</strong></span> <span class='ocrx_word' id='word_1_449' title='bbox 1597 5532 1989 5598; x_wconf 84' lang='lat' dir='ltr'><strong>submittamur,</strong></span> 
     </span>
    </p>
   </div>
   <div class='ocr_carea' id='block_1_58' title="bbox 412 5625 1994 5700">
    <p class='ocr_par' dir='ltr' id='par_1_58' title="bbox 412 5625 1994 5700">
     <span class='ocr_line' id='line_1_58' title="bbox 412 5625 1994 5700; baseline -0.002 -19"><span class='ocrx_word' id='word_1_450' title='bbox 412 5631 629 5684; x_wconf 80' lang='lat' dir='ltr'><strong>utsicut</strong></span> <span class='ocrx_word' id='word_1_451' title='bbox 654 5629 744 5684; x_wconf 87' lang='lat' dir='ltr'><strong>ille</strong></span> <span class='ocrx_word' id='word_1_452' title='bbox 776 5627 1098 5700; x_wconf 81' lang='lat' dir='ltr'><strong>paralyticus</strong></span> <span class='ocrx_word' id='word_1_453' title='bbox 1120 5668 1136 5693; x_wconf 93' lang='lat'><strong>,</strong></span> <span class='ocrx_word' id='word_1_454' title='bbox 1164 5641 1192 5680; x_wconf 87' lang='lat' dir='ltr'><strong>a</strong></span> <span class='ocrx_word' id='word_1_455' title='bbox 1223 5625 1450 5682; x_wconf 81' lang='lat' dir='ltr'><strong>Domino</strong></span> <span class='ocrx_word' id='word_1_456' title='bbox 1474 5625 1649 5681; x_wconf 84' lang='lat' dir='ltr'><strong>sanari</strong></span> <span class='ocrx_word' id='word_1_457' title='bbox 1691 5639 1994 5680; x_wconf 86' lang='lat' dir='ltr'><strong>mereamur</strong></span> 
     </span>
    </p>
   </div>
   <div class='ocr_carea' id='block_1_59' title="bbox 441 5715 1988 5789">
    <p class='ocr_par' dir='ltr' id='par_1_59' title="bbox 441 5715 1988 5789">
     <span class='ocr_line' id='line_1_59' title="bbox 441 5715 1988 5789; baseline 0.001 -20"><span class='ocrx_word' id='word_1_458' title='bbox 441 5716 602 5771; x_wconf 77' lang='lat' dir='ltr'><strong>Marc.</strong></span> <span class='ocrx_word' id='word_1_459' title='bbox 633 5735 701 5777; x_wconf 87' lang='grc' dir='ltr'>ιι.</span> <span class='ocrx_word' id='word_1_460' title='bbox 733 5717 889 5789; x_wconf 70' lang='grc'><strong>5-12)</strong></span> <span class='ocrx_word' id='word_1_461' title='bbox 916 5719 938 5757; x_wconf 74' lang='grc' dir='ltr'><strong>ν</strong></span> <span class='ocrx_word' id='word_1_462' title='bbox 964 5717 1191 5772; x_wconf 81' lang='lat' dir='ltr'><strong>Prorsus</strong></span> <span class='ocrx_word' id='word_1_463' title='bbox 1235 5717 1533 5774; x_wconf 88' lang='lat' dir='ltr'><strong>invenimus</strong></span> <span class='ocrx_word' id='word_1_464' title='bbox 1558 5717 1688 5772; x_wconf 85' lang='lat' dir='ltr'><strong>istos</strong></span> <span class='ocrx_word' id='word_1_465' title='bbox 1713 5715 1952 5773; x_wconf 88' lang='lat' dir='ltr'><strong>dicentes</strong></span> <span class='ocrx_word' id='word_1_466' title='bbox 1973 5759 1988 5782; x_wconf 88' lang='lat'><strong>,</strong></span> 
     </span>
    </p>
   </div>
   <div class='ocr_carea' id='block_1_60' title="bbox 416 5807 1992 5880">
    <p class='ocr_par' dir='ltr' id='par_1_60' title="bbox 416 5807 1992 5880">
     <span class='ocr_line' id='line_1_60' title="bbox 416 5807 1992 5880; baseline -0.003 -15"><span class='ocrx_word' id='word_1_467' title='bbox 416 5807 519 5880; x_wconf 66' lang='lat' dir='ltr'><strong>Ego</strong></span> <span class='ocrx_word' id='word_1_468' title='bbox 545 5824 660 5866; x_wconf 84' lang='lat' dir='ltr'><strong>sum</strong></span> <span class='ocrx_word' id='word_1_469' title='bbox 689 5809 970 5865; x_wconf 85' lang='lat' dir='ltr'><strong>Christus:</strong></span> <span class='ocrx_word' id='word_1_470' title='bbox 1000 5823 1104 5862; x_wconf 91' lang='lat' dir='ltr'><strong>non</strong></span> <span class='ocrx_word' id='word_1_471' title='bbox 1140 5807 1221 5862; x_wconf 83' lang='lat' dir='ltr'><strong>his</strong></span> <span class='ocrx_word' id='word_1_472' title='bbox 1263 5808 1438 5865; x_wconf 79' lang='lat' dir='ltr'><strong>verbis</strong></span> <span class='ocrx_word' id='word_1_473' title='bbox 1460 5849 1475 5878; x_wconf 93' lang='lat'><strong>,</strong></span> <span class='ocrx_word' id='word_1_474' title='bbox 1523 5807 1617 5864; x_wconf 86' lang='lat' dir='ltr'><strong>sed</strong></span> <span class='ocrx_word' id='word_1_475' title='bbox 1657 5807 1795 5879; x_wconf 87' lang='lat' dir='ltr'><strong>quod</strong></span> <span class='ocrx_word' id='word_1_476' title='bbox 1842 5809 1992 5878; x_wconf 65' lang='lat' dir='ltr'><strong>pejus</strong></span> 
     </span>
    </p>
   </div>
   <div class='ocr_carea' id='block_1_61' title="bbox 1609 395 2396 452">
    <p class='ocr_par' dir='ltr' id='par_1_61' title="bbox 1609 395 2396 452">
     <span class='ocr_line' id='line_1_61' title="bbox 1609 395 2396 452; baseline -0.003 0"><span class='ocrx_word' id='word_1_477' title='bbox 1609 398 1664 452; x_wconf 90' lang='lat' dir='ltr'><strong>S.</strong></span> <span class='ocrx_word' id='word_1_478' title='bbox 1702 395 2064 452; x_wconf 70' lang='lat' dir='ltr'><strong>AUCUSTINI</strong></span> <span class='ocrx_word' id='word_1_479' title='bbox 2100 396 2396 452; x_wconf 71' lang='lat' dir='ltr'><strong>EPISCOI‘I</strong></span> 
     </span>
    </p>
   </div>
   <div class='ocr_carea' id='block_1_62' title="bbox 3546 407 3682 462">
    <p class='ocr_par' dir='ltr' id='par_1_62' title="bbox 3546 407 3682 462">
     <span class='ocr_line' id='line_1_62' title="bbox 3546 407 3682 462; baseline 0.015 -2"><span class='ocrx_word' id='word_1_480' title='bbox 3546 407 3682 462; x_wconf 58' lang='lat'><strong>1325</strong></span> 
     </span>
    </p>
   </div>
   <div class='ocr_carea' id='block_1_63' title="bbox 2097 509 3684 586">
    <p class='ocr_par' dir='ltr' id='par_1_63' title="bbox 2097 509 3684 586">
     <span class='ocr_line' id='line_1_63' title="bbox 2097 509 3684 586; baseline 0.008 -24"><span class='ocrx_word' id='word_1_481' title='bbox 2097 521 2195 566; x_wconf 87' lang='lat' dir='ltr'><strong>est.</strong></span> <span class='ocrx_word' id='word_1_482' title='bbox 2227 511 2392 563; x_wconf 79' lang='lat' dir='ltr'><strong>factis.</strong></span> <span class='ocrx_word' id='word_1_483' title='bbox 2422 509 2534 564; x_wconf 74' lang='lat' dir='ltr'><strong>Non</strong></span> <span class='ocrx_word' id='word_1_484' title='bbox 2564 513 2780 566; x_wconf 80' lang='lat' dir='ltr'><strong>audacia</strong></span> <span class='ocrx_word' id='word_1_485' title='bbox 2808 513 3090 568; x_wconf 87' lang='lat' dir='ltr'><strong>verborum</strong></span> <span class='ocrx_word' id='word_1_486' title='bbox 3119 516 3360 570; x_wconf 90' lang='lat' dir='ltr'><strong>istorum.</strong></span> <span class='ocrx_word' id='word_1_487' title='bbox 3388 516 3521 586; x_wconf 86' lang='lat' dir='ltr'><strong>Quis</strong></span> <span class='ocrx_word' id='word_1_488' title='bbox 3541 523 3684 574; x_wconf 88' lang='lat' dir='ltr'><strong>enim</strong></span> 
     </span>
    </p>
   </div>
   <div class='ocr_carea' id='block_1_64' title="bbox 2096 601 3681 679">
    <p class='ocr_par' dir='ltr' id='par_1_64' title="bbox 2096 601 3681 679">
     <span class='ocr_line' id='line_1_64' title="bbox 2096 601 3681 679; baseline 0.008 -26"><span class='ocrx_word' id='word_1_489' title='bbox 2096 615 2188 653; x_wconf 71' lang='lat' dir='ltr'><strong>eos</strong></span> <span class='ocrx_word' id='word_1_490' title='bbox 2216 601 2399 653; x_wconf 79' lang='lat' dir='ltr'><strong>audit?</strong></span> <span class='ocrx_word' id='word_1_491' title='bbox 2439 601 2572 668; x_wconf 87' lang='lat' dir='ltr'><strong>Quis</strong></span> <span class='ocrx_word' id='word_1_492' title='bbox 2601 602 2666 655; x_wconf 91' lang='lat' dir='ltr'><strong>ad</strong></span> <span class='ocrx_word' id='word_1_493' title='bbox 2697 618 2850 657; x_wconf 82' lang='lat' dir='ltr'><strong>aures</strong></span> <span class='ocrx_word' id='word_1_494' title='bbox 2878 604 2958 658; x_wconf 90' lang='lat' dir='ltr'><strong>vel</strong></span> <span class='ocrx_word' id='word_1_495' title='bbox 2994 605 3060 658; x_wconf 89' lang='lat' dir='ltr'><strong>ad</strong></span> <span class='ocrx_word' id='word_1_496' title='bbox 3082 622 3195 671; x_wconf 89' lang='lat' dir='ltr'><strong>cor,</strong></span> <span class='ocrx_word' id='word_1_497' title='bbox 3226 617 3334 662; x_wconf 87' lang='lat' dir='ltr'><strong>tam</strong></span> <span class='ocrx_word' id='word_1_498' title='bbox 3365 609 3681 679; x_wconf 89' lang='lat' dir='ltr'><strong>insipientes</strong></span> 
     </span>
    </p>
   </div>
   <div class='ocr_carea' id='block_1_65' title="bbox 2094 688 3682 769">
    <p class='ocr_par' dir='ltr' id='par_1_65' title="bbox 2094 688 3682 769">
     <span class='ocr_line' id='line_1_65' title="bbox 2094 688 3682 769; baseline 0.008 -29"><span class='ocrx_word' id='word_1_499' title='bbox 2094 688 2349 769; x_wconf 82' lang='lat' dir='ltr'><strong>deceptus</strong></span> <span class='ocrx_word' id='word_1_500' title='bbox 2390 689 2660 744; x_wconf 83' lang='lat' dir='ltr'><strong>admittit?</strong></span> <span class='ocrx_word' id='word_1_501' title='bbox 2682 691 2734 746; x_wconf 89' lang='lat' dir='ltr'><strong>Si</strong></span> <span class='ocrx_word' id='word_1_502' title='bbox 2778 692 2918 746; x_wconf 90' lang='lat' dir='ltr'><strong>dicat</strong></span> <span class='ocrx_word' id='word_1_503' title='bbox 2954 694 3002 747; x_wconf 89' lang='lat' dir='ltr'><strong>ei</strong></span> <span class='ocrx_word' id='word_1_504' title='bbox 3034 696 3124 763; x_wconf 89' lang='lat' dir='ltr'><strong>qui</strong></span> <span class='ocrx_word' id='word_1_505' title='bbox 3151 711 3273 750; x_wconf 89' lang='lat' dir='ltr'><strong>eum</strong></span> <span class='ocrx_word' id='word_1_506' title='bbox 3319 698 3682 768; x_wconf 83' lang='lat' dir='ltr'><strong>baptizaturus</strong></span> 
     </span>
    </p>
   </div>
   <div class='ocr_carea' id='block_1_66' title="bbox 2094 778 3682 851">
    <p class='ocr_par' dir='ltr' id='par_1_66' title="bbox 2094 778 3682 851">
     <span class='ocr_line' id='line_1_66' title="bbox 2094 778 3682 851; baseline 0.008 -20"><span class='ocrx_word' id='word_1_507' title='bbox 2094 789 2194 842; x_wconf 85' lang='lat' dir='ltr'><strong>est,</strong></span> <span class='ocrx_word' id='word_1_508' title='bbox 2239 778 2350 850; x_wconf 84' lang='lat' dir='ltr'><strong>Ego</strong></span> <span class='ocrx_word' id='word_1_509' title='bbox 2376 796 2491 833; x_wconf 89' lang='lat' dir='ltr'><strong>sum</strong></span> <span class='ocrx_word' id='word_1_510' title='bbox 2520 779 2762 837; x_wconf 90' lang='lat' dir='ltr'><strong>Christus</strong></span> <span class='ocrx_word' id='word_1_511' title='bbox 2796 801 2809 836; x_wconf 91' lang='lat'>:</span> <span class='ocrx_word' id='word_1_512' title='bbox 2843 786 3033 839; x_wconf 87' lang='lat' dir='ltr'><strong>avertit</strong></span> <span class='ocrx_word' id='word_1_513' title='bbox 3061 786 3247 840; x_wconf 80' lang='lat' dir='ltr'><strong>faciem</strong></span> <span class='ocrx_word' id='word_1_514' title='bbox 3274 803 3424 842; x_wconf 86' lang='lat' dir='ltr'><strong>suam</strong></span> <span class='ocrx_word' id='word_1_515' title='bbox 3453 791 3520 842; x_wconf 91' lang='lat' dir='ltr'><strong>ab</strong></span> <span class='ocrx_word' id='word_1_516' title='bbox 3550 793 3641 842; x_wconf 89' lang='lat' dir='ltr'><strong>illo</strong></span> <span class='ocrx_word' id='word_1_517' title='bbox 3668 833 3682 851; x_wconf 87' lang='lat'><strong>.</strong></span> 
     </span>
    </p>
   </div>
   <div class='ocr_carea' id='block_1_67' title="bbox 2095 871 3680 948">
    <p class='ocr_par' dir='ltr' id='par_1_67' title="bbox 2095 871 3680 948">
     <span class='ocr_line' id='line_1_67' title="bbox 2095 871 3680 948; baseline 0.006 -26"><span class='ocrx_word' id='word_1_518' title='bbox 2095 871 2346 939; x_wconf 90' lang='lat' dir='ltr'><strong>relinquit</strong></span> <span class='ocrx_word' id='word_1_519' title='bbox 2389 871 2620 927; x_wconf 87' lang='lat' dir='ltr'><strong>hominis</strong></span> <span class='ocrx_word' id='word_1_520' title='bbox 2661 878 3020 942; x_wconf 80' lang='lat' dir='ltr'><strong>arrogantiam</strong></span> <span class='ocrx_word' id='word_1_521' title='bbox 3067 876 3442 943; x_wconf 86' lang='lat' dir='ltr'><strong>manifestam,</strong></span> <span class='ocrx_word' id='word_1_522' title='bbox 3485 882 3680 948; x_wconf 67' lang='lat' dir='ltr'><strong>QIlJtt&#39;il</strong></span> 
     </span>
    </p>
   </div>
   <div class='ocr_carea' id='block_1_68' title="bbox 2095 961 3681 1039">
    <p class='ocr_par' dir='ltr' id='par_1_68' title="bbox 2095 961 3681 1039">
     <span class='ocr_line' id='line_1_68' title="bbox 2095 961 3681 1039; baseline 0.008 -24"><span class='ocrx_word' id='word_1_523' title='bbox 2095 961 2186 1017; x_wconf 88' lang='lat' dir='ltr'><strong>Dei</strong></span> <span class='ocrx_word' id='word_1_524' title='bbox 2212 963 2456 1033; x_wconf 87' lang='lat' dir='ltr'><strong>gratiam.</strong></span> <span class='ocrx_word' id='word_1_525' title='bbox 2481 965 2594 1018; x_wconf 80' lang='lat' dir='ltr'><strong>Non</strong></span> <span class='ocrx_word' id='word_1_526' title='bbox 2623 981 2748 1037; x_wconf 83' lang='lat' dir='ltr'><strong>ergo</strong></span> <span class='ocrx_word' id='word_1_527' title='bbox 2777 968 2845 1020; x_wconf 85' lang='lat' dir='ltr'><strong>ita</strong></span> <span class='ocrx_word' id='word_1_528' title='bbox 2876 968 2983 1032; x_wconf 90' lang='lat' dir='ltr'><strong>ille,</strong></span> <span class='ocrx_word' id='word_1_529' title='bbox 3008 968 3120 1039; x_wconf 81' lang='lat' dir='ltr'><strong>Ego</strong></span> <span class='ocrx_word' id='word_1_530' title='bbox 3141 985 3258 1024; x_wconf 87' lang='lat' dir='ltr'><strong>sum</strong></span> <span class='ocrx_word' id='word_1_531' title='bbox 3285 969 3552 1026; x_wconf 87' lang='lat' dir='ltr'><strong>Christus.</strong></span> <span class='ocrx_word' id='word_1_532' title='bbox 3577 974 3681 1027; x_wconf 86' lang='lat' dir='ltr'><strong>Sed</strong></span> 
     </span>
    </p>
   </div>
   <div class='ocr_carea' id='block_1_69' title="bbox 2091 1055 3681 1134">
    <p class='ocr_par' dir='ltr' id='par_1_69' title="bbox 2091 1055 3681 1134">
     <span class='ocr_line' id='line_1_69' title="bbox 2091 1055 3681 1134; baseline 0.007 -29"><span class='ocrx_word' id='word_1_533' title='bbox 2091 1055 2338 1123; x_wconf 89' lang='lat' dir='ltr'><strong>quoniam</strong></span> <span class='ocrx_word' id='word_1_534' title='bbox 2370 1057 2473 1110; x_wconf 91' lang='lat' dir='ltr'><strong>alio</strong></span> <span class='ocrx_word' id='word_1_535' title='bbox 2496 1057 2674 1123; x_wconf 92' lang='lat' dir='ltr'><strong>modo,</strong></span> <span class='ocrx_word' id='word_1_536' title='bbox 2705 1059 2813 1128; x_wconf 80' lang='lat' dir='ltr'><strong>Ego</strong></span> <span class='ocrx_word' id='word_1_537' title='bbox 2835 1077 2953 1114; x_wconf 87' lang='lat' dir='ltr'><strong>sum</strong></span> <span class='ocrx_word' id='word_1_538' title='bbox 2981 1059 3254 1126; x_wconf 86' lang='lat' dir='ltr'><strong>Christus;</strong></span> <span class='ocrx_word' id='word_1_539' title='bbox 3279 1064 3456 1119; x_wconf 87' lang='lat' dir='ltr'><strong>videte</strong></span> <span class='ocrx_word' id='word_1_540' title='bbox 3484 1081 3681 1134; x_wconf 81' lang='lat' dir='ltr'><strong>quem-</strong></span> 
     </span>
    </p>
   </div>
   <div class='ocr_carea' id='block_1_70' title="bbox 2092 1145 3678 1217">
    <p class='ocr_par' dir='ltr' id='par_1_70' title="bbox 2092 1145 3678 1217">
     <span class='ocr_line' id='line_1_70' title="bbox 2092 1145 3678 1217; baseline 0.008 -20"><span class='ocrx_word' id='word_1_541' title='bbox 2092 1145 2397 1200; x_wconf 90' lang='lat' dir='ltr'><strong>admodum.</strong></span> <span class='ocrx_word' id='word_1_542' title='bbox 2437 1147 2680 1203; x_wconf 89' lang='lat' dir='ltr'><strong>Christus</strong></span> <span class='ocrx_word' id='word_1_543' title='bbox 2723 1161 2894 1215; x_wconf 86' lang='lat' dir='ltr'><strong>sanat,</strong></span> <span class='ocrx_word' id='word_1_544' title='bbox 2936 1153 3180 1206; x_wconf 83' lang='lat' dir='ltr'><strong>Christus</strong></span> <span class='ocrx_word' id='word_1_545' title='bbox 3220 1154 3476 1217; x_wconf 89' lang='lat' dir='ltr'><strong>mundat,</strong></span> <span class='ocrx_word' id='word_1_546' title='bbox 3522 1155 3678 1209; x_wconf 64' lang='lat' dir='ltr'><strong>Chrto</strong></span> 
     </span>
    </p>
   </div>
   <div class='ocr_carea' id='block_1_71' title="bbox 2092 1239 3679 1315">
    <p class='ocr_par' dir='ltr' id='par_1_71' title="bbox 2092 1239 3679 1315">
     <span class='ocr_line' id='line_1_71' title="bbox 2092 1239 3679 1315; baseline 0.004 -23"><span class='ocrx_word' id='word_1_547' title='bbox 2092 1248 2205 1292; x_wconf 89' lang='lat' dir='ltr'><strong>stus</strong></span> <span class='ocrx_word' id='word_1_548' title='bbox 2229 1239 2485 1309; x_wconf 75' lang='lat' dir='ltr'><strong>justiticat</strong></span> <span class='ocrx_word' id='word_1_549' title='bbox 2514 1260 2525 1294; x_wconf 89' lang='lat'>:</span> <span class='ocrx_word' id='word_1_550' title='bbox 2559 1241 2717 1297; x_wconf 93' lang='lat' dir='ltr'><strong>homo</strong></span> <span class='ocrx_word' id='word_1_551' title='bbox 2745 1260 2848 1296; x_wconf 87' lang='lat' dir='ltr'><strong>non</strong></span> <span class='ocrx_word' id='word_1_552' title='bbox 2880 1244 3155 1312; x_wconf 85' lang='lat' dir='ltr'><strong>justilicat.</strong></span> <span class='ocrx_word' id='word_1_553' title='bbox 3187 1244 3324 1312; x_wconf 86' lang='lat' dir='ltr'><strong>Quid</strong></span> <span class='ocrx_word' id='word_1_554' title='bbox 3359 1257 3442 1300; x_wconf 83' lang='lat' dir='ltr'><strong>est</strong></span> <span class='ocrx_word' id='word_1_555' title='bbox 3483 1247 3679 1315; x_wconf 82' lang='lat' dir='ltr'><strong>justiﬁ-</strong></span> 
     </span>
    </p>
   </div>
   <div class='ocr_carea' id='block_1_72' title="bbox 2091 1332 3674 1404">
    <p class='ocr_par' dir='ltr' id='par_1_72' title="bbox 2091 1332 3674 1404">
     <span class='ocr_line' id='line_1_72' title="bbox 2091 1332 3674 1404; baseline 0.004 -18"><span class='ocrx_word' id='word_1_556' title='bbox 2091 1333 2252 1387; x_wconf 87' lang='lat' dir='ltr'><strong>care?</strong></span> <span class='ocrx_word' id='word_1_557' title='bbox 2277 1332 2484 1387; x_wconf 90' lang='lat' dir='ltr'><strong>Justum</strong></span> <span class='ocrx_word' id='word_1_558' title='bbox 2513 1332 2706 1389; x_wconf 89' lang='lat' dir='ltr'><strong>facere.</strong></span> <span class='ocrx_word' id='word_1_559' title='bbox 2730 1335 3006 1401; x_wconf 82' lang='lat' dir='ltr'><strong>Quomodo</strong></span> <span class='ocrx_word' id='word_1_560' title='bbox 3033 1336 3372 1404; x_wconf 82' lang='lat' dir='ltr'><strong>mortiﬁcare,</strong></span> <span class='ocrx_word' id='word_1_561' title='bbox 3409 1347 3674 1391; x_wconf 88' lang='lat' dir='ltr'><strong>mortuum</strong></span> 
     </span>
    </p>
   </div>
   <div class='ocr_carea' id='block_1_73' title="bbox 2091 1422 3675 1498">
    <p class='ocr_par' dir='ltr' id='par_1_73' title="bbox 2091 1422 3675 1498">
     <span class='ocr_line' id='line_1_73' title="bbox 2091 1422 3675 1498; baseline 0.004 -22"><span class='ocrx_word' id='word_1_562' title='bbox 2091 1422 2296 1487; x_wconf 86' lang='lat' dir='ltr'><strong>facere;</strong></span> <span class='ocrx_word' id='word_1_563' title='bbox 2328 1425 2598 1480; x_wconf 76' lang='lat' dir='ltr'><strong>vivificare</strong></span> <span class='ocrx_word' id='word_1_564' title='bbox 2624 1469 2638 1492; x_wconf 92' lang='lat'><strong>,</strong></span> <span class='ocrx_word' id='word_1_565' title='bbox 2681 1427 2856 1480; x_wconf 88' lang='lat' dir='ltr'><strong>vivum</strong></span> <span class='ocrx_word' id='word_1_566' title='bbox 2888 1425 3064 1481; x_wconf 81' lang='lat' dir='ltr'><strong>facere</strong></span> <span class='ocrx_word' id='word_1_567' title='bbox 3095 1445 3107 1480; x_wconf 77' lang='grc' dir='ltr'>ε</span> <span class='ocrx_word' id='word_1_568' title='bbox 3139 1428 3216 1482; x_wconf 89' lang='lat' dir='ltr'><strong>sic</strong></span> <span class='ocrx_word' id='word_1_569' title='bbox 3258 1437 3312 1482; x_wconf 91' lang='lat' dir='ltr'><strong>et</strong></span> <span class='ocrx_word' id='word_1_570' title='bbox 3335 1428 3637 1498; x_wconf 83' lang='lat' dir='ltr'><strong>justiﬁcare</strong></span> <span class='ocrx_word' id='word_1_571' title='bbox 3661 1470 3675 1490; x_wconf 83' lang='lat'><strong>,</strong></span> 
     </span>
    </p>
   </div>
   <div class='ocr_carea' id='block_1_74' title="bbox 2087 1515 3676 1589">
    <p class='ocr_par' dir='ltr' id='par_1_74' title="bbox 2087 1515 3676 1589">
     <span class='ocr_line' id='line_1_74' title="bbox 2087 1515 3676 1589; baseline 0.001 -19"><span class='ocrx_word' id='word_1_572' title='bbox 2087 1515 2286 1585; x_wconf 87' lang='lat' dir='ltr'><strong>justum</strong></span> <span class='ocrx_word' id='word_1_573' title='bbox 2309 1516 2502 1572; x_wconf 85' lang='lat' dir='ltr'><strong>facere.</strong></span> <span class='ocrx_word' id='word_1_574' title='bbox 2533 1518 2668 1574; x_wconf 88' lang='lat' dir='ltr'><strong>Ecce</strong></span> <span class='ocrx_word' id='word_1_575' title='bbox 2694 1519 2760 1574; x_wconf 91' lang='lat' dir='ltr'><strong>de</strong></span> <span class='ocrx_word' id='word_1_576' title='bbox 2785 1528 3089 1574; x_wconf 90' lang='lat' dir='ltr'><strong>transverso</strong></span> <span class='ocrx_word' id='word_1_577' title='bbox 3118 1520 3413 1589; x_wconf 85' lang='lat' dir='ltr'><strong>baptizator</strong></span> <span class='ocrx_word' id='word_1_578' title='bbox 3436 1520 3676 1588; x_wconf 88' lang='lat' dir='ltr'><strong>quidam,</strong></span> 
     </span>
    </p>
   </div>
   <div class='ocr_carea' id='block_1_75' title="bbox 2038 1607 3678 1678">
    <p class='ocr_par' dir='ltr' id='par_1_75' title="bbox 2038 1607 3678 1678">
     <span class='ocr_line' id='line_1_75' title="bbox 2038 1607 3678 1678; baseline -0.001 -18"><span class='ocrx_word' id='word_1_579' title='bbox 2038 1646 2043 1651; x_wconf 74' lang='lat'><strong>.</strong></span> <span class='ocrx_word' id='word_1_580' title='bbox 2091 1621 2198 1660; x_wconf 91' lang='lat' dir='ltr'><strong>non</strong></span> <span class='ocrx_word' id='word_1_581' title='bbox 2228 1622 2322 1676; x_wconf 83' lang='lat' dir='ltr'><strong>per</strong></span> <span class='ocrx_word' id='word_1_582' title='bbox 2355 1607 2571 1676; x_wconf 84' lang='lat' dir='ltr'><strong>januam</strong></span> <span class='ocrx_word' id='word_1_583' title='bbox 2603 1609 2805 1662; x_wconf 89' lang='lat' dir='ltr'><strong>intrans</strong></span> <span class='ocrx_word' id='word_1_584' title='bbox 2833 1650 2847 1672; x_wconf 92' lang='lat'><strong>,</strong></span> <span class='ocrx_word' id='word_1_585' title='bbox 2892 1609 2986 1663; x_wconf 88' lang='lat' dir='ltr'><strong>sed</strong></span> <span class='ocrx_word' id='word_1_586' title='bbox 3017 1625 3109 1678; x_wconf 88' lang='lat' dir='ltr'><strong>per</strong></span> <span class='ocrx_word' id='word_1_587' title='bbox 3133 1609 3419 1662; x_wconf 82' lang='lat' dir='ltr'><strong>maceriam</strong></span> <span class='ocrx_word' id='word_1_588' title='bbox 3447 1610 3678 1662; x_wconf 86' lang='lat' dir='ltr'><strong>descen-</strong></span> 
     </span>
    </p>
   </div>
   <div class='ocr_carea' id='block_1_76' title="bbox 2089 1696 3682 1768">
    <p class='ocr_par' dir='ltr' id='par_1_76' title="bbox 2089 1696 3682 1768">
     <span class='ocr_line' id='line_1_76' title="bbox 2089 1696 3682 1768; baseline 0 -17"><span class='ocrx_word' id='word_1_589' title='bbox 2089 1696 2223 1752; x_wconf 91' lang='lat' dir='ltr'><strong>dens</strong></span> <span class='ocrx_word' id='word_1_590' title='bbox 2245 1714 2260 1763; x_wconf 91' lang='lat'><strong>;</strong></span> <span class='ocrx_word' id='word_1_591' title='bbox 2287 1714 2389 1752; x_wconf 94' lang='lat' dir='ltr'><strong>non</strong></span> <span class='ocrx_word' id='word_1_592' title='bbox 2415 1709 2596 1768; x_wconf 90' lang='lat' dir='ltr'><strong>pastor</strong></span> <span class='ocrx_word' id='word_1_593' title='bbox 2617 1709 2671 1754; x_wconf 91' lang='lat' dir='ltr'><strong>et</strong></span> <span class='ocrx_word' id='word_1_594' title='bbox 2690 1707 2890 1762; x_wconf 82' lang='lat' dir='ltr'><strong>custos,</strong></span> <span class='ocrx_word' id='word_1_595' title='bbox 2913 1699 3006 1754; x_wconf 87' lang='lat' dir='ltr'><strong>sed</strong></span> <span class='ocrx_word' id='word_1_596' title='bbox 3032 1701 3112 1754; x_wconf 82' lang='lat' dir='ltr'><strong>fur</strong></span> <span class='ocrx_word' id='word_1_597' title='bbox 3133 1711 3188 1755; x_wconf 88' lang='lat' dir='ltr'><strong>et</strong></span> <span class='ocrx_word' id='word_1_598' title='bbox 3216 1703 3381 1766; x_wconf 89' lang='lat' dir='ltr'><strong>latro;</strong></span> <span class='ocrx_word' id='word_1_599' title='bbox 3413 1700 3481 1755; x_wconf 90' lang='lat' dir='ltr'><strong>de</strong></span> <span class='ocrx_word' id='word_1_600' title='bbox 3509 1713 3682 1754; x_wconf 81' lang='lat' dir='ltr'><strong>trans—</strong></span> 
     </span>
    </p>
   </div>
   <div class='ocr_carea' id='block_1_77' title="bbox 2091 1784 3680 1860">
    <p class='ocr_par' dir='ltr' id='par_1_77' title="bbox 2091 1784 3680 1860">
     <span class='ocr_line' id='line_1_77' title="bbox 2091 1784 3680 1860; baseline 0.001 -18"><span class='ocrx_word' id='word_1_601' title='bbox 2091 1803 2246 1843; x_wconf 90' lang='lat' dir='ltr'><strong>verso</strong></span> <span class='ocrx_word' id='word_1_602' title='bbox 2272 1788 2383 1856; x_wconf 90' lang='lat' dir='ltr'><strong>ait,</strong></span> <span class='ocrx_word' id='word_1_603' title='bbox 2417 1789 2528 1860; x_wconf 85' lang='lat' dir='ltr'><strong>Ego</strong></span> <span class='ocrx_word' id='word_1_604' title='bbox 2557 1789 2784 1860; x_wconf 88' lang='lat' dir='ltr'><strong>baptizo.</strong></span> <span class='ocrx_word' id='word_1_605' title='bbox 2831 1790 2888 1845; x_wconf 91' lang='lat' dir='ltr'><strong>Si</strong></span> <span class='ocrx_word' id='word_1_606' title='bbox 2919 1784 3053 1846; x_wconf 81' lang='lat' dir='ltr'><strong>sicut</strong></span> <span class='ocrx_word' id='word_1_607' title='bbox 3083 1791 3323 1846; x_wconf 86' lang='lat' dir='ltr'><strong>minister</strong></span> <span class='ocrx_word' id='word_1_608' title='bbox 3344 1834 3358 1856; x_wconf 89' lang='lat'><strong>,</strong></span> <span class='ocrx_word' id='word_1_609' title='bbox 3411 1792 3587 1846; x_wconf 91' lang='lat' dir='ltr'><strong>audeo</strong></span> <span class='ocrx_word' id='word_1_610' title='bbox 3616 1795 3629 1823; x_wconf 81' lang='grc'>¹</span> <span class='ocrx_word' id='word_1_611' title='bbox 3664 1809 3680 1844; x_wconf 91' lang='lat'><strong>:</strong></span> 
     </span>
    </p>
   </div>
   <div class='ocr_carea' id='block_1_78' title="bbox 2093 1878 3678 1952">
    <p class='ocr_par' dir='ltr' id='par_1_78' title="bbox 2093 1878 3678 1952">
     <span class='ocr_line' id='line_1_78' title="bbox 2093 1878 3678 1952; baseline 0.003 -20"><span class='ocrx_word' id='word_1_612' title='bbox 2093 1879 2198 1933; x_wconf 89' lang='lat' dir='ltr'><strong>noli</strong></span> <span class='ocrx_word' id='word_1_613' title='bbox 2230 1878 2458 1946; x_wconf 88' lang='lat' dir='ltr'><strong>addere;</strong></span> <span class='ocrx_word' id='word_1_614' title='bbox 2491 1880 2745 1950; x_wconf 90' lang='lat' dir='ltr'><strong>quidquid</strong></span> <span class='ocrx_word' id='word_1_615' title='bbox 2774 1883 3002 1952; x_wconf 88' lang='lat' dir='ltr'><strong>amplius</strong></span> <span class='ocrx_word' id='word_1_616' title='bbox 3021 1893 3103 1936; x_wconf 87' lang='lat' dir='ltr'><strong>est</strong></span> <span class='ocrx_word' id='word_1_617' title='bbox 3123 1898 3153 1935; x_wconf 92' lang='lat' dir='ltr'><strong>a</strong></span> <span class='ocrx_word' id='word_1_618' title='bbox 3185 1884 3323 1936; x_wconf 82' lang='lat' dir='ltr'><strong>malo</strong></span> <span class='ocrx_word' id='word_1_619' title='bbox 3346 1894 3428 1937; x_wconf 89' lang='lat' dir='ltr'><strong>est</strong></span> <span class='ocrx_word' id='word_1_620' title='bbox 3457 1882 3678 1948; x_wconf 74' lang='lat' dir='ltr'><strong>(Matth.</strong></span> 
     </span>
    </p>
   </div>
   <div class='ocr_carea' id='block_1_79' title="bbox 2095 1968 3680 2046">
    <p class='ocr_par' dir='ltr' id='par_1_79' title="bbox 2095 1968 3680 2046">
     <span class='ocr_line' id='line_1_79' title="bbox 2095 1968 3680 2046; baseline 0.004 -24"><span class='ocrx_word' id='word_1_621' title='bbox 2095 1985 2148 2035; x_wconf 91' lang='lat' dir='ltr'><strong>v,</strong></span> <span class='ocrx_word' id='word_1_622' title='bbox 2175 1968 2285 2041; x_wconf 77' lang='lat'><strong>37).</strong></span> <span class='ocrx_word' id='word_1_623' title='bbox 2310 1970 2377 2026; x_wconf 84' lang='lat' dir='ltr'><strong>Et</strong></span> <span class='ocrx_word' id='word_1_624' title='bbox 2403 1981 2578 2027; x_wconf 89' lang='lat' dir='ltr'><strong>tamen</strong></span> <span class='ocrx_word' id='word_1_625' title='bbox 2603 1973 2770 2037; x_wconf 89' lang='lat' dir='ltr'><strong>addit,</strong></span> <span class='ocrx_word' id='word_1_626' title='bbox 2801 1990 2906 2028; x_wconf 91' lang='lat' dir='ltr'><strong>non</strong></span> <span class='ocrx_word' id='word_1_627' title='bbox 2937 1974 3161 2030; x_wconf 88' lang='lat' dir='ltr'><strong>dubitat.</strong></span> <span class='ocrx_word' id='word_1_628' title='bbox 3189 1975 3324 2042; x_wconf 91' lang='lat' dir='ltr'><strong>Quid</strong></span> <span class='ocrx_word' id='word_1_629' title='bbox 3347 1975 3541 2030; x_wconf 84' lang='lat' dir='ltr'><strong>addit?</strong></span> <span class='ocrx_word' id='word_1_630' title='bbox 3571 1977 3680 2046; x_wconf 78' lang='lat' dir='ltr'><strong>Ego</strong></span> 
     </span>
    </p>
   </div>
   <div class='ocr_carea' id='block_1_80' title="bbox 2087 2064 3675 2140">
    <p class='ocr_par' dir='ltr' id='par_1_80' title="bbox 2087 2064 3675 2140">
     <span class='ocr_line' id='line_1_80' title="bbox 2087 2064 3675 2140; baseline 0.004 -23"><span class='ocrx_word' id='word_1_631' title='bbox 2087 2064 2350 2133; x_wconf 87' lang='lat' dir='ltr'><strong>justilico,</strong></span> <span class='ocrx_word' id='word_1_632' title='bbox 2389 2081 2488 2136; x_wconf 88' lang='lat' dir='ltr'><strong>ego</strong></span> <span class='ocrx_word' id='word_1_633' title='bbox 2514 2065 2716 2134; x_wconf 84' lang='lat' dir='ltr'><strong>justum</strong></span> <span class='ocrx_word' id='word_1_634' title='bbox 2760 2067 2916 2121; x_wconf 85' lang='lat' dir='ltr'><strong>facio.</strong></span> <span class='ocrx_word' id='word_1_635' title='bbox 2951 2069 3061 2123; x_wconf 90' lang='lat' dir='ltr'><strong>lloc</strong></span> <span class='ocrx_word' id='word_1_636' title='bbox 3086 2080 3170 2124; x_wconf 89' lang='lat' dir='ltr'><strong>est</strong></span> <span class='ocrx_word' id='word_1_637' title='bbox 3197 2071 3337 2124; x_wconf 84' lang='lat' dir='ltr'><strong>enim</strong></span> <span class='ocrx_word' id='word_1_638' title='bbox 3364 2114 3378 2132; x_wconf 87' lang='lat'><strong>,</strong></span> <span class='ocrx_word' id='word_1_639' title='bbox 3415 2071 3532 2140; x_wconf 81' lang='lat' dir='ltr'><strong>Ego</strong></span> <span class='ocrx_word' id='word_1_640' title='bbox 3559 2087 3675 2124; x_wconf 89' lang='lat' dir='ltr'><strong>sum</strong></span> 
     </span>
    </p>
   </div>
   <div class='ocr_carea' id='block_1_81' title="bbox 2092 2153 3676 2228">
    <p class='ocr_par' dir='ltr' id='par_1_81' title="bbox 2092 2153 3676 2228">
     <span class='ocr_line' id='line_1_81' title="bbox 2092 2153 3676 2228; baseline 0.004 -21"><span class='ocrx_word' id='word_1_641' title='bbox 2092 2153 2255 2209; x_wconf 87' lang='lat' dir='ltr'><strong>arbor</strong></span> <span class='ocrx_word' id='word_1_642' title='bbox 2283 2153 2439 2220; x_wconf 75' lang='lat' dir='ltr'><strong>bona,</strong></span> <span class='ocrx_word' id='word_1_643' title='bbox 2472 2171 2534 2210; x_wconf 90' lang='lat' dir='ltr'><strong>ex</strong></span> <span class='ocrx_word' id='word_1_644' title='bbox 2567 2171 2652 2211; x_wconf 89' lang='lat' dir='ltr'><strong>me</strong></span> <span class='ocrx_word' id='word_1_645' title='bbox 2681 2168 2929 2212; x_wconf 90' lang='lat' dir='ltr'><strong>nascatur</strong></span> <span class='ocrx_word' id='word_1_646' title='bbox 2955 2160 3044 2228; x_wconf 89' lang='lat' dir='ltr'><strong>qui</strong></span> <span class='ocrx_word' id='word_1_647' title='bbox 3069 2159 3180 2214; x_wconf 88' lang='lat' dir='ltr'><strong>vult</strong></span> <span class='ocrx_word' id='word_1_648' title='bbox 3203 2175 3324 2214; x_wconf 87' lang='lat' dir='ltr'><strong>esse</strong></span> <span class='ocrx_word' id='word_1_649' title='bbox 3353 2162 3557 2214; x_wconf 82' lang='lat' dir='ltr'><strong>fructus</strong></span> <span class='ocrx_word' id='word_1_650' title='bbox 3583 2162 3676 2213; x_wconf 88' lang='lat' dir='ltr'><strong>bo-</strong></span> 
     </span>
    </p>
   </div>
   <div class='ocr_carea' id='block_1_82' title="bbox 2095 2245 3676 2318">
    <p class='ocr_par' dir='ltr' id='par_1_82' title="bbox 2095 2245 3676 2318">
     <span class='ocr_line' id='line_1_82' title="bbox 2095 2245 3676 2318; baseline 0.003 -21"><span class='ocrx_word' id='word_1_651' title='bbox 2095 2259 2212 2298; x_wconf 91' lang='lat' dir='ltr'><strong>nus.</strong></span> <span class='ocrx_word' id='word_1_652' title='bbox 2252 2245 2530 2300; x_wconf 83' lang='lat' dir='ltr'><strong>Paululum</strong></span> <span class='ocrx_word' id='word_1_653' title='bbox 2555 2288 2570 2312; x_wconf 92' lang='lat'><strong>,</strong></span> <span class='ocrx_word' id='word_1_654' title='bbox 2613 2248 2656 2300; x_wconf 92' lang='lat' dir='ltr'><strong>si</strong></span> <span class='ocrx_word' id='word_1_655' title='bbox 2700 2249 2970 2317; x_wconf 77' lang='lat' dir='ltr'><strong>sapienter</strong></span> <span class='ocrx_word' id='word_1_656' title='bbox 3006 2248 3266 2312; x_wconf 89' lang='lat' dir='ltr'><strong>admittis,</strong></span> <span class='ocrx_word' id='word_1_657' title='bbox 3318 2250 3471 2312; x_wconf 89' lang='lat' dir='ltr'><strong>audi;</strong></span> <span class='ocrx_word' id='word_1_658' title='bbox 3508 2265 3676 2318; x_wconf 83' lang='lat' dir='ltr'><strong>pauca</strong></span> 
     </span>
    </p>
   </div>
   <div class='ocr_carea' id='block_1_83' title="bbox 2093 2337 3678 2409">
    <p class='ocr_par' dir='ltr' id='par_1_83' title="bbox 2093 2337 3678 2409">
     <span class='ocr_line' id='line_1_83' title="bbox 2093 2337 3678 2409; baseline 0.002 -20"><span class='ocrx_word' id='word_1_659' title='bbox 2093 2337 2257 2390; x_wconf 86' lang='lat' dir='ltr'><strong>verba</strong></span> <span class='ocrx_word' id='word_1_660' title='bbox 2286 2346 2429 2401; x_wconf 89' lang='lat' dir='ltr'><strong>sunt,</strong></span> <span class='ocrx_word' id='word_1_661' title='bbox 2461 2347 2515 2392; x_wconf 90' lang='lat' dir='ltr'><strong>et</strong></span> <span class='ocrx_word' id='word_1_662' title='bbox 2540 2338 2637 2391; x_wconf 88' lang='lat' dir='ltr'><strong>nisi</strong></span> <span class='ocrx_word' id='word_1_663' title='bbox 2669 2338 2825 2393; x_wconf 85' lang='lat' dir='ltr'><strong>fallor</strong></span> <span class='ocrx_word' id='word_1_664' title='bbox 2849 2382 2864 2404; x_wconf 85' lang='lat'><strong>,</strong></span> <span class='ocrx_word' id='word_1_665' title='bbox 2894 2340 3066 2394; x_wconf 89' lang='lat' dir='ltr'><strong>lucida</strong></span> <span class='ocrx_word' id='word_1_666' title='bbox 3092 2350 3234 2394; x_wconf 90' lang='lat' dir='ltr'><strong>sunt.</strong></span> <span class='ocrx_word' id='word_1_667' title='bbox 3265 2341 3344 2394; x_wconf 83' lang='lat' dir='ltr'><strong>Tu</strong></span> <span class='ocrx_word' id='word_1_668' title='bbox 3369 2356 3498 2409; x_wconf 80' lang='lat' dir='ltr'><strong>ergo</strong></span> <span class='ocrx_word' id='word_1_669' title='bbox 3521 2341 3678 2407; x_wconf 80' lang='lat' dir='ltr'><strong>justi-</strong></span> 
     </span>
    </p>
   </div>
   <div class='ocr_carea' id='block_1_84' title="bbox 2096 2427 3679 2501">
    <p class='ocr_par' dir='ltr' id='par_1_84' title="bbox 2096 2427 3679 2501">
     <span class='ocr_line' id='line_1_84' title="bbox 2096 2427 3679 2501; baseline 0.003 -22"><span class='ocrx_word' id='word_1_670' title='bbox 2096 2427 2221 2480; x_wconf 83' lang='lat' dir='ltr'><strong>ficas</strong></span> <span class='ocrx_word' id='word_1_671' title='bbox 2245 2468 2259 2490; x_wconf 91' lang='lat'><strong>,</strong></span> <span class='ocrx_word' id='word_1_672' title='bbox 2294 2437 2348 2482; x_wconf 91' lang='lat' dir='ltr'><strong>tu</strong></span> <span class='ocrx_word' id='word_1_673' title='bbox 2382 2429 2584 2496; x_wconf 86' lang='lat' dir='ltr'><strong>justum</strong></span> <span class='ocrx_word' id='word_1_674' title='bbox 2618 2428 2785 2483; x_wconf 84' lang='lat' dir='ltr'><strong>facis?</strong></span> <span class='ocrx_word' id='word_1_675' title='bbox 2828 2431 2964 2499; x_wconf 67' lang='lat' dir='ltr'><strong>Ergo</strong></span> <span class='ocrx_word' id='word_1_676' title='bbox 2989 2471 3003 2497; x_wconf 93' lang='lat'><strong>,</strong></span> <span class='ocrx_word' id='word_1_677' title='bbox 3046 2433 3214 2501; x_wconf 87' lang='lat' dir='ltr'><strong>inquit</strong></span> <span class='ocrx_word' id='word_1_678' title='bbox 3241 2434 3292 2497; x_wconf 84' lang='grc'><strong>²,</strong></span> <span class='ocrx_word' id='word_1_679' title='bbox 3329 2432 3509 2485; x_wconf 82' lang='lat' dir='ltr'><strong>credat</strong></span> <span class='ocrx_word' id='word_1_680' title='bbox 3545 2433 3595 2485; x_wconf 93' lang='lat' dir='ltr'><strong>in</strong></span> <span class='ocrx_word' id='word_1_681' title='bbox 3626 2442 3679 2484; x_wconf 88' lang='lat' dir='ltr'><strong>te</strong></span> 
     </span>
    </p>
   </div>
   <div class='ocr_carea' id='block_1_85' title="bbox 2094 2516 3677 2590">
    <p class='ocr_par' dir='ltr' id='par_1_85' title="bbox 2094 2516 3677 2590">
     <span class='ocr_line' id='line_1_85' title="bbox 2094 2516 3677 2590; baseline 0.004 -22"><span class='ocrx_word' id='word_1_682' title='bbox 2094 2532 2250 2584; x_wconf 89' lang='lat' dir='ltr'><strong>quem</strong></span> <span class='ocrx_word' id='word_1_683' title='bbox 2273 2516 2554 2586; x_wconf 83' lang='lat' dir='ltr'><strong>justiiicas.</strong></span> <span class='ocrx_word' id='word_1_684' title='bbox 2590 2517 2704 2584; x_wconf 92' lang='lat' dir='ltr'><strong>Dic,</strong></span> <span class='ocrx_word' id='word_1_685' title='bbox 2739 2519 2875 2574; x_wconf 88' lang='lat' dir='ltr'><strong>aude</strong></span> <span class='ocrx_word' id='word_1_686' title='bbox 2906 2520 3084 2575; x_wconf 88' lang='lat' dir='ltr'><strong>dicere</strong></span> <span class='ocrx_word' id='word_1_687' title='bbox 3105 2562 3118 2585; x_wconf 87' lang='lat'><strong>,</strong></span> <span class='ocrx_word' id='word_1_688' title='bbox 3147 2521 3321 2575; x_wconf 90' lang='lat' dir='ltr'><strong>Crede</strong></span> <span class='ocrx_word' id='word_1_689' title='bbox 3349 2521 3400 2575; x_wconf 91' lang='lat' dir='ltr'><strong>iu</strong></span> <span class='ocrx_word' id='word_1_690' title='bbox 3445 2538 3559 2586; x_wconf 89' lang='lat' dir='ltr'><strong>me;</strong></span> <span class='ocrx_word' id='word_1_691' title='bbox 3587 2523 3677 2590; x_wconf 89' lang='lat' dir='ltr'><strong>qui</strong></span> 
     </span>
    </p>
   </div>
   <div class='ocr_carea' id='block_1_86' title="bbox 2094 2606 3679 2674">
    <p class='ocr_par' dir='ltr' id='par_1_86' title="bbox 2094 2606 3679 2674">
     <span class='ocr_line' id='line_1_86' title="bbox 2094 2606 3679 2674; baseline 0.004 -16"><span class='ocrx_word' id='word_1_692' title='bbox 2094 2621 2197 2659; x_wconf 89' lang='lat' dir='ltr'><strong>non</strong></span> <span class='ocrx_word' id='word_1_693' title='bbox 2227 2606 2437 2661; x_wconf 85' lang='lat' dir='ltr'><strong>dubitas</strong></span> <span class='ocrx_word' id='word_1_694' title='bbox 2467 2608 2662 2673; x_wconf 83' lang='lat' dir='ltr'><strong>dicere,</strong></span> <span class='ocrx_word' id='word_1_695' title='bbox 2695 2608 3009 2664; x_wconf 82' lang='lat' dir='ltr'><strong>Jttstilicaris</strong></span> <span class='ocrx_word' id='word_1_696' title='bbox 3035 2626 3062 2662; x_wconf 90' lang='lat' dir='ltr'><strong>a</strong></span> <span class='ocrx_word' id='word_1_697' title='bbox 3092 2627 3196 2664; x_wconf 89' lang='lat' dir='ltr'><strong>me.</strong></span> <span class='ocrx_word' id='word_1_698' title='bbox 3226 2611 3492 2666; x_wconf 83' lang='lat' dir='ltr'><strong>Turbatur</strong></span> <span class='ocrx_word' id='word_1_699' title='bbox 3515 2654 3530 2674; x_wconf 91' lang='lat'><strong>,</strong></span> <span class='ocrx_word' id='word_1_700' title='bbox 3575 2611 3679 2665; x_wconf 78' lang='lat' dir='ltr'><strong>llu-</strong></span> 
     </span>
    </p>
   </div>
   <div class='ocr_carea' id='block_1_87' title="bbox 2092 2699 3677 2769">
    <p class='ocr_par' dir='ltr' id='par_1_87' title="bbox 2092 2699 3677 2769">
     <span class='ocr_line' id='line_1_87' title="bbox 2092 2699 3677 2769; baseline 0.003 -19"><span class='ocrx_word' id='word_1_701' title='bbox 2092 2707 2256 2761; x_wconf 88' lang='lat' dir='ltr'><strong>ctuat,</strong></span> <span class='ocrx_word' id='word_1_702' title='bbox 2288 2709 2522 2752; x_wconf 80' lang='lat' dir='ltr'><strong>excusat.</strong></span> <span class='ocrx_word' id='word_1_703' title='bbox 2555 2699 2688 2767; x_wconf 89' lang='lat' dir='ltr'><strong>Quid</strong></span> <span class='ocrx_word' id='word_1_704' title='bbox 2718 2700 2858 2753; x_wconf 80' lang='lat' dir='ltr'><strong>enim</strong></span> <span class='ocrx_word' id='word_1_705' title='bbox 2891 2716 3025 2769; x_wconf 86' lang='lat' dir='ltr'><strong>opus</strong></span> <span class='ocrx_word' id='word_1_706' title='bbox 3051 2710 3164 2761; x_wconf 86' lang='lat' dir='ltr'><strong>est,</strong></span> <span class='ocrx_word' id='word_1_707' title='bbox 3196 2701 3386 2769; x_wconf 87' lang='lat' dir='ltr'><strong>inquit,</strong></span> <span class='ocrx_word' id='word_1_708' title='bbox 3421 2711 3475 2753; x_wconf 91' lang='lat' dir='ltr'><strong>ut</strong></span> <span class='ocrx_word' id='word_1_709' title='bbox 3499 2701 3677 2755; x_wconf 84' lang='lat' dir='ltr'><strong>dicam</strong></span> 
     </span>
    </p>
   </div>
   <div class='ocr_carea' id='block_1_88' title="bbox 2096 2787 3682 2856">
    <p class='ocr_par' dir='ltr' id='par_1_88' title="bbox 2096 2787 3682 2856">
     <span class='ocr_line' id='line_1_88' title="bbox 2096 2787 3682 2856; baseline 0.001 -14"><span class='ocrx_word' id='word_1_710' title='bbox 2096 2788 2166 2842; x_wconf 89' lang='lat' dir='ltr'><strong>illi</strong></span> <span class='ocrx_word' id='word_1_711' title='bbox 2191 2831 2204 2853; x_wconf 97' lang='lat'><strong>,</strong></span> <span class='ocrx_word' id='word_1_712' title='bbox 2237 2787 2408 2844; x_wconf 87' lang='lat' dir='ltr'><strong>Crede</strong></span> <span class='ocrx_word' id='word_1_713' title='bbox 2439 2791 2489 2843; x_wconf 92' lang='lat' dir='ltr'><strong>in</strong></span> <span class='ocrx_word' id='word_1_714' title='bbox 2522 2793 2650 2844; x_wconf 75' lang='lat' dir='ltr'><strong>me?</strong></span> <span class='ocrx_word' id='word_1_715' title='bbox 2669 2789 2839 2845; x_wconf 84' lang='lat' dir='ltr'><strong>Crede</strong></span> <span class='ocrx_word' id='word_1_716' title='bbox 2868 2790 2919 2844; x_wconf 91' lang='lat' dir='ltr'><strong>in</strong></span> <span class='ocrx_word' id='word_1_717' title='bbox 2953 2791 3250 2856; x_wconf 81' lang='lat' dir='ltr'><strong>Christum,</strong></span> <span class='ocrx_word' id='word_1_718' title='bbox 3277 2791 3416 2845; x_wconf 87' lang='lat' dir='ltr'><strong>dico.</strong></span> <span class='ocrx_word' id='word_1_719' title='bbox 3450 2790 3682 2845; x_wconf 71' lang='lat' dir='ltr'><strong>[hesita-</strong></span> 
     </span>
    </p>
   </div>
   <div class='ocr_carea' id='block_1_89' title="bbox 2093 2883 3686 2955">
    <p class='ocr_par' dir='ltr' id='par_1_89' title="bbox 2093 2883 3686 2955">
     <span class='ocr_line' id='line_1_89' title="bbox 2093 2883 3686 2955; baseline 0.002 -20"><span class='ocrx_word' id='word_1_720' title='bbox 2093 2884 2182 2945; x_wconf 91' lang='lat' dir='ltr'><strong>sti,</strong></span> <span class='ocrx_word' id='word_1_721' title='bbox 2211 2883 2460 2938; x_wconf 84' lang='lat' dir='ltr'><strong>dubitasti</strong></span> <span class='ocrx_word' id='word_1_722' title='bbox 2491 2902 2503 2937; x_wconf 88' lang='lat'>:</span> <span class='ocrx_word' id='word_1_723' title='bbox 2536 2885 2862 2955; x_wconf 88' lang='lat' dir='ltr'><strong>aliquantum</strong></span> <span class='ocrx_word' id='word_1_724' title='bbox 2890 2883 2957 2938; x_wconf 91' lang='lat' dir='ltr'><strong>ad</strong></span> <span class='ocrx_word' id='word_1_725' title='bbox 2981 2899 3077 2938; x_wconf 89' lang='lat' dir='ltr'><strong>nos</strong></span> <span class='ocrx_word' id='word_1_726' title='bbox 3102 2883 3349 2955; x_wconf 86' lang='lat' dir='ltr'><strong>dignatus</strong></span> <span class='ocrx_word' id='word_1_727' title='bbox 3377 2899 3434 2938; x_wconf 87' lang='lat' dir='ltr'><strong>es</strong></span> <span class='ocrx_word' id='word_1_728' title='bbox 3459 2884 3686 2938; x_wconf 83' lang='lat' dir='ltr'><strong>descen-</strong></span> 
     </span>
    </p>
   </div>
   <div class='ocr_carea' id='block_1_90' title="bbox 2094 2975 3682 3048">
    <p class='ocr_par' dir='ltr' id='par_1_90' title="bbox 2094 2975 3682 3048">
     <span class='ocr_line' id='line_1_90' title="bbox 2094 2975 3682 3048; baseline 0.001 -19"><span class='ocrx_word' id='word_1_729' title='bbox 2094 2975 2240 3029; x_wconf 91' lang='lat' dir='ltr'><strong>dere.</strong></span> <span class='ocrx_word' id='word_1_730' title='bbox 2271 2975 2558 3031; x_wconf 82' lang='lat' dir='ltr'><strong>Confessus</strong></span> <span class='ocrx_word' id='word_1_731' title='bbox 2587 2993 2646 3032; x_wconf 90' lang='lat' dir='ltr'><strong>es</strong></span> <span class='ocrx_word' id='word_1_732' title='bbox 2675 2977 2872 3048; x_wconf 89' lang='lat' dir='ltr'><strong>aliquid</strong></span> <span class='ocrx_word' id='word_1_733' title='bbox 2890 3019 2906 3045; x_wconf 93' lang='lat'><strong>,</strong></span> <span class='ocrx_word' id='word_1_734' title='bbox 2937 2977 3078 3032; x_wconf 89' lang='lat' dir='ltr'><strong>unde</strong></span> <span class='ocrx_word' id='word_1_735' title='bbox 3104 2978 3330 3033; x_wconf 89' lang='lat' dir='ltr'><strong>saneris.</strong></span> <span class='ocrx_word' id='word_1_736' title='bbox 3360 2977 3550 3031; x_wconf 87' lang='lat' dir='ltr'><strong>Dixisti</strong></span> <span class='ocrx_word' id='word_1_737' title='bbox 3577 2978 3682 3030; x_wconf 86' lang='lat' dir='ltr'><strong>ali—</strong></span> 
     </span>
    </p>
   </div>
   <div class='ocr_carea' id='block_1_91' title="bbox 2095 3065 3676 3138">
    <p class='ocr_par' dir='ltr' id='par_1_91' title="bbox 2095 3065 3676 3138">
     <span class='ocr_line' id='line_1_91' title="bbox 2095 3065 3676 3138; baseline 0.001 -21"><span class='ocrx_word' id='word_1_738' title='bbox 2095 3065 2218 3133; x_wconf 89' lang='lat' dir='ltr'><strong>quid</strong></span> <span class='ocrx_word' id='word_1_739' title='bbox 2269 3075 2505 3131; x_wconf 87' lang='lat' dir='ltr'><strong>reetum,</strong></span> <span class='ocrx_word' id='word_1_740' title='bbox 2552 3066 2694 3122; x_wconf 90' lang='lat' dir='ltr'><strong>unde</strong></span> <span class='ocrx_word' id='word_1_741' title='bbox 2743 3083 2903 3138; x_wconf 88' lang='lat' dir='ltr'><strong>prava</strong></span> <span class='ocrx_word' id='word_1_742' title='bbox 2956 3079 3043 3122; x_wconf 90' lang='lat' dir='ltr'><strong>tua</strong></span> <span class='ocrx_word' id='word_1_743' title='bbox 3087 3077 3280 3122; x_wconf 67' lang='lat' dir='ltr'><strong>caetera</strong></span> <span class='ocrx_word' id='word_1_744' title='bbox 3319 3068 3676 3136; x_wconf 85' lang='lat' dir='ltr'><strong>corrigantur.</strong></span> 
     </span>
    </p>
   </div>
   <div class='ocr_carea' id='block_1_92' title="bbox 2095 3157 3680 3226">
    <p class='ocr_par' dir='ltr' id='par_1_92' title="bbox 2095 3157 3680 3226">
     <span class='ocr_line' id='line_1_92' title="bbox 2095 3157 3680 3226; baseline 0.001 -17"><span class='ocrx_word' id='word_1_745' title='bbox 2095 3157 2230 3210; x_wconf 82' lang='lat' dir='ltr'><strong>Audi</strong></span> <span class='ocrx_word' id='word_1_746' title='bbox 2255 3158 2362 3226; x_wconf 83' lang='lat' dir='ltr'><strong>jam</strong></span> <span class='ocrx_word' id='word_1_747' title='bbox 2395 3175 2499 3212; x_wconf 90' lang='lat' dir='ltr'><strong>non</strong></span> <span class='ocrx_word' id='word_1_748' title='bbox 2530 3174 2648 3224; x_wconf 90' lang='lat' dir='ltr'><strong>me,</strong></span> <span class='ocrx_word' id='word_1_749' title='bbox 2679 3158 2772 3214; x_wconf 86' lang='lat' dir='ltr'><strong>sed</strong></span> <span class='ocrx_word' id='word_1_750' title='bbox 2804 3168 2875 3214; x_wconf 87' lang='lat' dir='ltr'><strong>te.</strong></span> <span class='ocrx_word' id='word_1_751' title='bbox 2905 3157 3062 3214; x_wconf 83' lang='lat' dir='ltr'><strong>Certe</strong></span> <span class='ocrx_word' id='word_1_752' title='bbox 3088 3160 3230 3213; x_wconf 89' lang='lat' dir='ltr'><strong>enim</strong></span> <span class='ocrx_word' id='word_1_753' title='bbox 3261 3174 3364 3213; x_wconf 90' lang='lat' dir='ltr'><strong>non</strong></span> <span class='ocrx_word' id='word_1_754' title='bbox 3397 3158 3561 3212; x_wconf 84' lang='lat' dir='ltr'><strong>audes</strong></span> <span class='ocrx_word' id='word_1_755' title='bbox 3596 3158 3680 3211; x_wconf 83' lang='lat' dir='ltr'><strong>di-</strong></span> 
     </span>
    </p>
   </div>
   <div class='ocr_carea' id='block_1_93' title="bbox 2094 3247 3678 3319">
    <p class='ocr_par' dir='ltr' id='par_1_93' title="bbox 2094 3247 3678 3319">
     <span class='ocr_line' id='line_1_93' title="bbox 2094 3247 3678 3319; baseline 0.001 -19"><span class='ocrx_word' id='word_1_756' title='bbox 2094 3261 2235 3309; x_wconf 85' lang='lat' dir='ltr'><strong>cere,</strong></span> <span class='ocrx_word' id='word_1_757' title='bbox 2263 3247 2433 3302; x_wconf 86' lang='lat' dir='ltr'><strong>Crede</strong></span> <span class='ocrx_word' id='word_1_758' title='bbox 2461 3248 2511 3302; x_wconf 92' lang='lat' dir='ltr'><strong>in</strong></span> <span class='ocrx_word' id='word_1_759' title='bbox 2543 3265 2646 3302; x_wconf 92' lang='lat' dir='ltr'><strong>me.</strong></span> <span class='ocrx_word' id='word_1_760' title='bbox 2678 3248 2848 3313; x_wconf 85' lang='lat' dir='ltr'><strong>Absit,</strong></span> <span class='ocrx_word' id='word_1_761' title='bbox 2879 3249 3066 3319; x_wconf 90' lang='lat' dir='ltr'><strong>inquit.</strong></span> <span class='ocrx_word' id='word_1_762' title='bbox 3101 3247 3167 3303; x_wconf 86' lang='lat' dir='ltr'><strong>Et</strong></span> <span class='ocrx_word' id='word_1_763' title='bbox 3197 3259 3375 3303; x_wconf 90' lang='lat' dir='ltr'><strong>tamen</strong></span> <span class='ocrx_word' id='word_1_764' title='bbox 3395 3248 3561 3302; x_wconf 87' lang='lat' dir='ltr'><strong>audes</strong></span> <span class='ocrx_word' id='word_1_765' title='bbox 3591 3248 3678 3302; x_wconf 90' lang='lat' dir='ltr'><strong>di-</strong></span> 
     </span>
    </p>
   </div>
   <div class='ocr_carea' id='block_1_94' title="bbox 2094 3338 3678 3410">
    <p class='ocr_par' dir='ltr' id='par_1_94' title="bbox 2094 3338 3678 3410">
     <span class='ocr_line' id='line_1_94' title="bbox 2094 3338 3678 3410; baseline 0.003 -20"><span class='ocrx_word' id='word_1_766' title='bbox 2094 3353 2234 3395; x_wconf 86' lang='lat' dir='ltr'><strong>cere.</strong></span> <span class='ocrx_word' id='word_1_767' title='bbox 2263 3338 2502 3393; x_wconf 84' lang='lat' dir='ltr'><strong>Justitico</strong></span> <span class='ocrx_word' id='word_1_768' title='bbox 2534 3349 2603 3394; x_wconf 89' lang='lat' dir='ltr'><strong>te.</strong></span> <span class='ocrx_word' id='word_1_769' title='bbox 2638 3340 2802 3402; x_wconf 87' lang='lat' dir='ltr'><strong>Audi,</strong></span> <span class='ocrx_word' id='word_1_770' title='bbox 2831 3349 2884 3394; x_wconf 90' lang='lat' dir='ltr'><strong>et</strong></span> <span class='ocrx_word' id='word_1_771' title='bbox 2912 3340 3077 3404; x_wconf 89' lang='lat' dir='ltr'><strong>disce,</strong></span> <span class='ocrx_word' id='word_1_772' title='bbox 3119 3342 3238 3410; x_wconf 90' lang='lat' dir='ltr'><strong>quia</strong></span> <span class='ocrx_word' id='word_1_773' title='bbox 3271 3341 3412 3395; x_wconf 85' lang='lat' dir='ltr'><strong>unde</strong></span> <span class='ocrx_word' id='word_1_774' title='bbox 3439 3358 3542 3395; x_wconf 90' lang='lat' dir='ltr'><strong>non</strong></span> <span class='ocrx_word' id='word_1_775' title='bbox 3578 3356 3678 3394; x_wconf 87' lang='lat' dir='ltr'><strong>au-</strong></span> 
     </span>
    </p>
   </div>
   <div class='ocr_carea' id='block_1_95' title="bbox 2094 3427 3683 3494">
    <p class='ocr_par' dir='ltr' id='par_1_95' title="bbox 2094 3427 3683 3494">
     <span class='ocr_line' id='line_1_95' title="bbox 2094 3427 3683 3494; baseline 0 -12"><span class='ocrx_word' id='word_1_776' title='bbox 2094 3427 2189 3482; x_wconf 92' lang='lat' dir='ltr'><strong>des</strong></span> <span class='ocrx_word' id='word_1_777' title='bbox 2219 3429 2427 3494; x_wconf 88' lang='lat' dir='ltr'><strong>diecre,</strong></span> <span class='ocrx_word' id='word_1_778' title='bbox 2462 3427 2633 3484; x_wconf 88' lang='lat' dir='ltr'><strong>Crede</strong></span> <span class='ocrx_word' id='word_1_779' title='bbox 2660 3430 2709 3484; x_wconf 90' lang='lat' dir='ltr'><strong>in</strong></span> <span class='ocrx_word' id='word_1_780' title='bbox 2745 3447 2863 3494; x_wconf 92' lang='lat' dir='ltr'><strong>me;</strong></span> <span class='ocrx_word' id='word_1_781' title='bbox 2900 3431 3022 3485; x_wconf 93' lang='lat' dir='ltr'><strong>inde</strong></span> <span class='ocrx_word' id='word_1_782' title='bbox 3051 3431 3214 3485; x_wconf 90' lang='lat' dir='ltr'><strong>debes</strong></span> <span class='ocrx_word' id='word_1_783' title='bbox 3247 3447 3355 3485; x_wconf 91' lang='lat' dir='ltr'><strong>non</strong></span> <span class='ocrx_word' id='word_1_784' title='bbox 3383 3431 3580 3486; x_wconf 86' lang='lat' dir='ltr'><strong>audere</strong></span> <span class='ocrx_word' id='word_1_785' title='bbox 3606 3431 3683 3483; x_wconf 89' lang='lat' dir='ltr'><strong>di-</strong></span> 
     </span>
    </p>
   </div>
   <div class='ocr_carea' id='block_1_96' title="bbox 2093 3518 3678 3591">
    <p class='ocr_par' dir='ltr' id='par_1_96' title="bbox 2093 3518 3678 3591">
     <span class='ocr_line' id='line_1_96' title="bbox 2093 3518 3678 3591; baseline 0.002 -20"><span class='ocrx_word' id='word_1_786' title='bbox 2093 3532 2238 3577; x_wconf 86' lang='lat' dir='ltr'><strong>cere.</strong></span> <span class='ocrx_word' id='word_1_787' title='bbox 2264 3518 2503 3572; x_wconf 83' lang='lat' dir='ltr'><strong>Justitico</strong></span> <span class='ocrx_word' id='word_1_788' title='bbox 2531 3529 2600 3574; x_wconf 92' lang='lat' dir='ltr'><strong>te.</strong></span> <span class='ocrx_word' id='word_1_789' title='bbox 2629 3521 2916 3589; x_wconf 88' lang='lat' dir='ltr'><strong>Apostolus</strong></span> <span class='ocrx_word' id='word_1_790' title='bbox 2945 3522 3174 3591; x_wconf 90' lang='lat' dir='ltr'><strong>loquitur</strong></span> <span class='ocrx_word' id='word_1_791' title='bbox 3196 3563 3211 3586; x_wconf 91' lang='lat'><strong>,</strong></span> <span class='ocrx_word' id='word_1_792' title='bbox 3255 3523 3339 3576; x_wconf 92' lang='lat' dir='ltr'><strong>cui</strong></span> <span class='ocrx_word' id='word_1_793' title='bbox 3365 3523 3524 3577; x_wconf 89' lang='lat' dir='ltr'><strong>cedes</strong></span> <span class='ocrx_word' id='word_1_794' title='bbox 3548 3565 3565 3588; x_wconf 92' lang='lat'><strong>,</strong></span> <span class='ocrx_word' id='word_1_795' title='bbox 3592 3525 3678 3576; x_wconf 88' lang='lat' dir='ltr'><strong>cui</strong></span> 
     </span>
    </p>
   </div>
   <div class='ocr_carea' id='block_1_97' title="bbox 2093 3608 3677 3684">
    <p class='ocr_par' dir='ltr' id='par_1_97' title="bbox 2093 3608 3677 3684">
     <span class='ocr_line' id='line_1_97' title="bbox 2093 3608 3677 3684; baseline 0.004 -24"><span class='ocrx_word' id='word_1_796' title='bbox 2093 3608 2224 3661; x_wconf 86' lang='lat' dir='ltr'><strong>velis</strong></span> <span class='ocrx_word' id='word_1_797' title='bbox 2269 3609 2436 3674; x_wconf 90' lang='lat' dir='ltr'><strong>nolis,</strong></span> <span class='ocrx_word' id='word_1_798' title='bbox 2480 3610 2740 3664; x_wconf 84' lang='lat' dir='ltr'><strong>subderis.</strong></span> <span class='ocrx_word' id='word_1_799' title='bbox 2792 3611 2906 3666; x_wconf 88' lang='lat' dir='ltr'><strong>Non</strong></span> <span class='ocrx_word' id='word_1_800' title='bbox 2951 3615 3092 3666; x_wconf 89' lang='lat' dir='ltr'><strong>enim</strong></span> <span class='ocrx_word' id='word_1_801' title='bbox 3131 3613 3388 3682; x_wconf 91' lang='lat' dir='ltr'><strong>Apostolo</strong></span> <span class='ocrx_word' id='word_1_802' title='bbox 3427 3621 3677 3684; x_wconf 84' lang='lat' dir='ltr'><strong>tanquam</strong></span> 
     </span>
    </p>
   </div>
   <div class='ocr_carea' id='block_1_98' title="bbox 2096 3699 3674 3773">
    <p class='ocr_par' dir='ltr' id='par_1_98' title="bbox 2096 3699 3674 3773">
     <span class='ocr_line' id='line_1_98' title="bbox 2096 3699 3674 3773; baseline 0.003 -21"><span class='ocrx_word' id='word_1_803' title='bbox 2096 3699 2317 3766; x_wconf 84' lang='lat' dir='ltr'><strong>homini,</strong></span> <span class='ocrx_word' id='word_1_804' title='bbox 2350 3701 2441 3755; x_wconf 86' lang='lat' dir='ltr'><strong>sed</strong></span> <span class='ocrx_word' id='word_1_805' title='bbox 2471 3702 2518 3756; x_wconf 91' lang='lat' dir='ltr'><strong>ei</strong></span> <span class='ocrx_word' id='word_1_806' title='bbox 2555 3702 2622 3757; x_wconf 91' lang='lat' dir='ltr'><strong>de</strong></span> <span class='ocrx_word' id='word_1_807' title='bbox 2647 3718 2752 3773; x_wconf 88' lang='lat' dir='ltr'><strong>quo</strong></span> <span class='ocrx_word' id='word_1_808' title='bbox 2780 3703 2910 3758; x_wconf 83' lang='lat' dir='ltr'><strong>dicit</strong></span> <span class='ocrx_word' id='word_1_809' title='bbox 2950 3703 3236 3772; x_wconf 83' lang='lat' dir='ltr'><strong>Apostolus</strong></span> <span class='ocrx_word' id='word_1_810' title='bbox 3258 3745 3274 3770; x_wconf 95' lang='lat'><strong>,</strong></span> <span class='ocrx_word' id='word_1_811' title='bbox 3305 3704 3381 3757; x_wconf 79' lang='lat' dir='ltr'><strong>An</strong></span> <span class='ocrx_word' id='word_1_812' title='bbox 3410 3707 3566 3759; x_wconf 78' lang='lat' dir='ltr'><strong>vultis</strong></span> <span class='ocrx_word' id='word_1_813' title='bbox 3592 3723 3674 3758; x_wconf 71' lang='lat' dir='ltr'><strong>ex-</strong></span> 
     </span>
    </p>
   </div>
   <div class='ocr_carea' id='block_1_99' title="bbox 2096 3795 3680 3865">
    <p class='ocr_par' dir='ltr' id='par_1_99' title="bbox 2096 3795 3680 3865">
     <span class='ocr_line' id='line_1_99' title="bbox 2096 3795 3680 3865; baseline 0.003 -19"><span class='ocrx_word' id='word_1_814' title='bbox 2096 3796 2420 3865; x_wconf 81' lang='lat' dir='ltr'><strong>perimentum</strong></span> <span class='ocrx_word' id='word_1_815' title='bbox 2446 3795 2672 3864; x_wconf 80' lang='lat' dir='ltr'><strong>accipere</strong></span> <span class='ocrx_word' id='word_1_816' title='bbox 2695 3797 2803 3865; x_wconf 82' lang='lat' dir='ltr'><strong>ejus</strong></span> <span class='ocrx_word' id='word_1_817' title='bbox 2825 3838 2839 3862; x_wconf 94' lang='lat'><strong>,</strong></span> <span class='ocrx_word' id='word_1_818' title='bbox 2878 3797 2963 3860; x_wconf 82' lang='lat' dir='ltr'><strong>qui</strong></span> <span class='ocrx_word' id='word_1_819' title='bbox 3003 3801 3054 3848; x_wconf 85' lang='lat' dir='ltr'><strong>in</strong></span> <span class='ocrx_word' id='word_1_820' title='bbox 3084 3814 3162 3850; x_wconf 91' lang='lat' dir='ltr'><strong>me</strong></span> <span class='ocrx_word' id='word_1_821' title='bbox 3189 3798 3405 3864; x_wconf 78' lang='lat' dir='ltr'><strong>loquitur</strong></span> <span class='ocrx_word' id='word_1_822' title='bbox 3450 3796 3680 3850; x_wconf 71' lang='lat' dir='ltr'><strong>Christus</strong></span> 
     </span>
    </p>
   </div>
   <div class='ocr_carea' id='block_1_100' title="bbox 2096 3885 3678 3957">
    <p class='ocr_par' dir='ltr' id='par_1_100' title="bbox 2096 3885 3678 3957">
     <span class='ocr_line' id='line_1_100' title="bbox 2096 3885 3678 3957; baseline 0.001 -18"><span class='ocrx_word' id='word_1_823' title='bbox 2096 3885 2162 3955; x_wconf 94' lang='lat' dir='ltr'><strong>(ll</strong></span> <span class='ocrx_word' id='word_1_824' title='bbox 2195 3885 2310 3940; x_wconf 89' lang='lat' dir='ltr'><strong>Cor.</strong></span> <span class='ocrx_word' id='word_1_825' title='bbox 2341 3902 2452 3949; x_wconf 68' lang='grc' dir='ltr'>λιιι,</span> <span class='ocrx_word' id='word_1_826' title='bbox 2481 3886 2534 3956; x_wconf 75' lang='grc'><strong>5)</strong></span> <span class='ocrx_word' id='word_1_827' title='bbox 2556 3887 2580 3939; x_wconf 87' lang='lat'><strong>?</strong></span> <span class='ocrx_word' id='word_1_828' title='bbox 2605 3887 2738 3940; x_wconf 86' lang='lat' dir='ltr'><strong>Audi</strong></span> <span class='ocrx_word' id='word_1_829' title='bbox 2766 3903 2895 3955; x_wconf 82' lang='lat' dir='ltr'><strong>ergo</strong></span> <span class='ocrx_word' id='word_1_830' title='bbox 2917 3905 3020 3941; x_wconf 87' lang='lat' dir='ltr'><strong>non</strong></span> <span class='ocrx_word' id='word_1_831' title='bbox 3049 3891 3384 3957; x_wconf 81' lang='lat' dir='ltr'><strong>Apostolum,</strong></span> <span class='ocrx_word' id='word_1_832' title='bbox 3410 3889 3504 3942; x_wconf 85' lang='lat' dir='ltr'><strong>sed</strong></span> <span class='ocrx_word' id='word_1_833' title='bbox 3527 3889 3678 3942; x_wconf 70' lang='lat' dir='ltr'><strong>(ibri-</strong></span> 
     </span>
    </p>
   </div>
   <div class='ocr_carea' id='block_1_101' title="bbox 2095 3975 3681 4048">
    <p class='ocr_par' dir='ltr' id='par_1_101' title="bbox 2095 3975 3681 4048">
     <span class='ocr_line' id='line_1_101' title="bbox 2095 3975 3681 4048; baseline 0.001 -19"><span class='ocrx_word' id='word_1_834' title='bbox 2095 3986 2234 4029; x_wconf 88' lang='lat' dir='ltr'><strong>stum</strong></span> <span class='ocrx_word' id='word_1_835' title='bbox 2267 3991 2360 4045; x_wconf 86' lang='lat' dir='ltr'><strong>per</strong></span> <span class='ocrx_word' id='word_1_836' title='bbox 2384 3975 2720 4045; x_wconf 85' lang='lat' dir='ltr'><strong>Apostolum.</strong></span> <span class='ocrx_word' id='word_1_837' title='bbox 2755 3976 2891 4044; x_wconf 91' lang='lat' dir='ltr'><strong>Quid</strong></span> <span class='ocrx_word' id='word_1_838' title='bbox 2932 3977 3061 4032; x_wconf 85' lang='lat' dir='ltr'><strong>dicit</strong></span> <span class='ocrx_word' id='word_1_839' title='bbox 3089 3975 3375 4048; x_wconf 88' lang='lat' dir='ltr'><strong>Apostolus</strong></span> <span class='ocrx_word' id='word_1_840' title='bbox 3396 3980 3421 4031; x_wconf 87' lang='lat'><strong>?</strong></span> <span class='ocrx_word' id='word_1_841' title='bbox 3447 3980 3681 4034; x_wconf 81' lang='lat' dir='ltr'><strong>Credenti</strong></span> 
     </span>
    </p>
   </div>
   <div class='ocr_carea' id='block_1_102' title="bbox 2094 4067 3685 4141">
    <p class='ocr_par' dir='ltr' id='par_1_102' title="bbox 2094 4067 3685 4141">
     <span class='ocr_line' id='line_1_102' title="bbox 2094 4067 3685 4141; baseline 0.001 -21"><span class='ocrx_word' id='word_1_842' title='bbox 2094 4068 2148 4121; x_wconf 77' lang='lat' dir='ltr'><strong>in</strong></span> <span class='ocrx_word' id='word_1_843' title='bbox 2170 4085 2280 4121; x_wconf 85' lang='lat' dir='ltr'><strong>eum</strong></span> <span class='ocrx_word' id='word_1_844' title='bbox 2307 4069 2392 4138; x_wconf 80' lang='lat' dir='ltr'><strong>qui</strong></span> <span class='ocrx_word' id='word_1_845' title='bbox 2412 4067 2662 4137; x_wconf 76' lang='lat' dir='ltr'><strong>justiﬁcat</strong></span> <span class='ocrx_word' id='word_1_846' title='bbox 2683 4069 2914 4138; x_wconf 83' lang='lat' dir='ltr'><strong>impium,</strong></span> <span class='ocrx_word' id='word_1_847' title='bbox 2943 4071 3216 4141; x_wconf 76' lang='lat' dir='ltr'><strong>deputatur</strong></span> <span class='ocrx_word' id='word_1_848' title='bbox 3237 4071 3362 4138; x_wconf 76' lang='lat' dir='ltr'><strong>ﬁdes</strong></span> <span class='ocrx_word' id='word_1_849' title='bbox 3384 4073 3493 4140; x_wconf 76' lang='lat' dir='ltr'><strong>ejus</strong></span> <span class='ocrx_word' id='word_1_850' title='bbox 3514 4072 3685 4140; x_wconf 82' lang='lat' dir='ltr'><strong>adju-</strong></span> 
     </span>
    </p>
   </div>
   <div class='ocr_carea' id='block_1_103' title="bbox 2097 4158 3682 4230">
    <p class='ocr_par' dir='ltr' id='par_1_103' title="bbox 2097 4158 3682 4230">
     <span class='ocr_line' id='line_1_103' title="bbox 2097 4158 3682 4230; baseline -0.003 -18"><span class='ocrx_word' id='word_1_851' title='bbox 2097 4159 2284 4212; x_wconf 83' lang='lat' dir='ltr'><strong>stitium</strong></span> <span class='ocrx_word' id='word_1_852' title='bbox 2312 4158 2485 4230; x_wconf 80' lang='lat' dir='ltr'><strong>(Rom.</strong></span> <span class='ocrx_word' id='word_1_853' title='bbox 2513 4175 2588 4224; x_wconf 81' lang='lat' dir='ltr'><strong>tv,</strong></span> <span class='ocrx_word' id='word_1_854' title='bbox 2613 4158 2693 4230; x_wconf 81' lang='grc'><strong>5).</strong></span> <span class='ocrx_word' id='word_1_855' title='bbox 2719 4158 2999 4222; x_wconf 89' lang='lat' dir='ltr'><strong>lnteudite,</strong></span> <span class='ocrx_word' id='word_1_856' title='bbox 3027 4162 3286 4226; x_wconf 87' lang='lat' dir='ltr'><strong>obsecro;</strong></span> <span class='ocrx_word' id='word_1_857' title='bbox 3319 4159 3497 4215; x_wconf 85' lang='lat' dir='ltr'><strong>videte</strong></span> <span class='ocrx_word' id='word_1_858' title='bbox 3521 4179 3682 4229; x_wconf 81' lang='lat' dir='ltr'><strong>quam</strong></span> 
     </span>
    </p>
   </div>
   <div class='ocr_carea' id='block_1_104' title="bbox 2099 4251 3684 4321">
    <p class='ocr_par' dir='ltr' id='par_1_104' title="bbox 2099 4251 3684 4321">
     <span class='ocr_line' id='line_1_104' title="bbox 2099 4251 3684 4321; baseline 0.001 -19"><span class='ocrx_word' id='word_1_859' title='bbox 2099 4252 2311 4321; x_wconf 89' lang='lat' dir='ltr'><strong>planum</strong></span> <span class='ocrx_word' id='word_1_860' title='bbox 2345 4261 2455 4317; x_wconf 88' lang='lat' dir='ltr'><strong>est,</strong></span> <span class='ocrx_word' id='word_1_861' title='bbox 2499 4266 2655 4320; x_wconf 88' lang='lat' dir='ltr'><strong>quam</strong></span> <span class='ocrx_word' id='word_1_862' title='bbox 2686 4260 2926 4320; x_wconf 89' lang='lat' dir='ltr'><strong>apertum</strong></span> <span class='ocrx_word' id='word_1_863' title='bbox 2955 4264 3034 4306; x_wconf 81' lang='lat' dir='ltr'><strong>est</strong></span> <span class='ocrx_word' id='word_1_864' title='bbox 3069 4271 3080 4306; x_wconf 96' lang='lat'>:</span> <span class='ocrx_word' id='word_1_865' title='bbox 3110 4251 3343 4306; x_wconf 86' lang='lat' dir='ltr'><strong>(.‘redenti</strong></span> <span class='ocrx_word' id='word_1_866' title='bbox 3372 4253 3426 4305; x_wconf 87' lang='lat' dir='ltr'><strong>in</strong></span> <span class='ocrx_word' id='word_1_867' title='bbox 3451 4268 3567 4305; x_wconf 76' lang='lat' dir='ltr'><strong>eum</strong></span> <span class='ocrx_word' id='word_1_868' title='bbox 3599 4255 3684 4320; x_wconf 77' lang='lat' dir='ltr'><strong>qni</strong></span> 
     </span>
    </p>
   </div>
   <div class='ocr_carea' id='block_1_105' title="bbox 2089 4341 3680 4414">
    <p class='ocr_par' dir='ltr' id='par_1_105' title="bbox 2089 4341 3680 4414">
     <span class='ocr_line' id='line_1_105' title="bbox 2089 4341 3680 4414; baseline 0.001 -22"><span class='ocrx_word' id='word_1_869' title='bbox 2089 4343 2338 4414; x_wconf 78' lang='lat' dir='ltr'><strong>justi/ient</strong></span> <span class='ocrx_word' id='word_1_870' title='bbox 2381 4341 2626 4413; x_wconf 84' lang='lat' dir='ltr'><strong>impium,</strong></span> <span class='ocrx_word' id='word_1_871' title='bbox 2671 4343 2942 4411; x_wconf 83' lang='lat' dir='ltr'><strong>deputatur</strong></span> <span class='ocrx_word' id='word_1_872' title='bbox 2990 4343 3108 4411; x_wconf 73' lang='lat' dir='ltr'><strong>ﬁdes</strong></span> <span class='ocrx_word' id='word_1_873' title='bbox 3149 4345 3258 4412; x_wconf 78' lang='lat' dir='ltr'><strong>ejus</strong></span> <span class='ocrx_word' id='word_1_874' title='bbox 3302 4343 3370 4395; x_wconf 84' lang='lat' dir='ltr'><strong>ad</strong></span> <span class='ocrx_word' id='word_1_875' title='bbox 3405 4344 3680 4412; x_wconf 78' lang='lat' dir='ltr'><strong>justitiam.</strong></span> 
     </span>
    </p>
   </div>
   <div class='ocr_carea' id='block_1_106' title="bbox 2097 4434 3685 4504">
    <p class='ocr_par' dir='ltr' id='par_1_106' title="bbox 2097 4434 3685 4504">
     <span class='ocr_line' id='line_1_106' title="bbox 2097 4434 3685 4504; baseline -0.002 -15"><span class='ocrx_word' id='word_1_876' title='bbox 2097 4435 2344 4504; x_wconf 87' lang='lat' dir='ltr'><strong>Quisquis</strong></span> <span class='ocrx_word' id='word_1_877' title='bbox 2371 4434 2656 4489; x_wconf 85' lang='lat' dir='ltr'><strong>crediderit</strong></span> <span class='ocrx_word' id='word_1_878' title='bbox 2686 4435 2736 4488; x_wconf 92' lang='lat' dir='ltr'><strong>in</strong></span> <span class='ocrx_word' id='word_1_879' title='bbox 2763 4451 2886 4490; x_wconf 91' lang='lat' dir='ltr'><strong>eum</strong></span> <span class='ocrx_word' id='word_1_880' title='bbox 2919 4436 3005 4504; x_wconf 91' lang='lat' dir='ltr'><strong>qui</strong></span> <span class='ocrx_word' id='word_1_881' title='bbox 3032 4435 3288 4504; x_wconf 88' lang='lat' dir='ltr'><strong>justilieat</strong></span> <span class='ocrx_word' id='word_1_882' title='bbox 3315 4435 3563 4504; x_wconf 86' lang='lat' dir='ltr'><strong>impium,</strong></span> <span class='ocrx_word' id='word_1_883' title='bbox 3593 4438 3685 4503; x_wconf 85' lang='lat' dir='ltr'><strong>qui</strong></span> 
     </span>
    </p>
   </div>
   <div class='ocr_carea' id='block_1_107' title="bbox 2096 4526 3681 4598">
    <p class='ocr_par' dir='ltr' id='par_1_107' title="bbox 2096 4526 3681 4598">
     <span class='ocr_line' id='line_1_107' title="bbox 2096 4526 3681 4598; baseline -0.001 -17"><span class='ocrx_word' id='word_1_884' title='bbox 2096 4527 2163 4582; x_wconf 90' lang='lat' dir='ltr'><strong>de</strong></span> <span class='ocrx_word' id='word_1_885' title='bbox 2193 4527 2352 4594; x_wconf 91' lang='lat' dir='ltr'><strong>impio</strong></span> <span class='ocrx_word' id='word_1_886' title='bbox 2383 4526 2503 4581; x_wconf 85' lang='lat' dir='ltr'><strong>facit</strong></span> <span class='ocrx_word' id='word_1_887' title='bbox 2536 4528 2676 4598; x_wconf 87' lang='lat' dir='ltr'><strong>pium</strong></span> <span class='ocrx_word' id='word_1_888' title='bbox 2709 4546 2720 4582; x_wconf 94' lang='lat'>:</span> <span class='ocrx_word' id='word_1_889' title='bbox 2751 4528 2988 4596; x_wconf 91' lang='lat' dir='ltr'><strong>quisquis</strong></span> <span class='ocrx_word' id='word_1_890' title='bbox 3013 4541 3138 4596; x_wconf 84' lang='lat' dir='ltr'><strong>ergo</strong></span> <span class='ocrx_word' id='word_1_891' title='bbox 3161 4526 3448 4580; x_wconf 73' lang='lat' dir='ltr'><strong>crediderit</strong></span> <span class='ocrx_word' id='word_1_892' title='bbox 3481 4529 3532 4580; x_wconf 91' lang='lat' dir='ltr'><strong>in</strong></span> <span class='ocrx_word' id='word_1_893' title='bbox 3563 4544 3681 4580; x_wconf 76' lang='lat' dir='ltr'><strong>eum</strong></span> 
     </span>
    </p>
   </div>
   <div class='ocr_carea' id='block_1_108' title="bbox 2096 4614 3682 4690">
    <p class='ocr_par' dir='ltr' id='par_1_108' title="bbox 2096 4614 3682 4690">
     <span class='ocr_line' id='line_1_108' title="bbox 2096 4614 3682 4690; baseline 0 -19"><span class='ocrx_word' id='word_1_894' title='bbox 2096 4619 2185 4689; x_wconf 89' lang='lat' dir='ltr'><strong>qui</strong></span> <span class='ocrx_word' id='word_1_895' title='bbox 2211 4618 2462 4690; x_wconf 82' lang='lat' dir='ltr'><strong>justiﬁcat</strong></span> <span class='ocrx_word' id='word_1_896' title='bbox 2492 4619 2707 4689; x_wconf 87' lang='lat' dir='ltr'><strong>impium</strong></span> <span class='ocrx_word' id='word_1_897' title='bbox 2730 4659 2744 4681; x_wconf 88' lang='lat'><strong>,</strong></span> <span class='ocrx_word' id='word_1_898' title='bbox 2789 4619 2878 4687; x_wconf 89' lang='lat' dir='ltr'><strong>qui</strong></span> <span class='ocrx_word' id='word_1_899' title='bbox 2918 4617 3121 4686; x_wconf 85' lang='lat' dir='ltr'><strong>justum</strong></span> <span class='ocrx_word' id='word_1_900' title='bbox 3151 4614 3274 4669; x_wconf 81' lang='lat' dir='ltr'><strong>facit</strong></span> <span class='ocrx_word' id='word_1_901' title='bbox 3302 4632 3426 4669; x_wconf 86' lang='lat' dir='ltr'><strong>eum</strong></span> <span class='ocrx_word' id='word_1_902' title='bbox 3457 4619 3549 4684; x_wconf 87' lang='lat' dir='ltr'><strong>qui</strong></span> <span class='ocrx_word' id='word_1_903' title='bbox 3583 4620 3682 4671; x_wconf 70' lang='lat' dir='ltr'><strong>im~</strong></span> 
     </span>
    </p>
   </div>
   <div class='ocr_carea' id='block_1_109' title="bbox 2096 4706 3679 4780">
    <p class='ocr_par' dir='ltr' id='par_1_109' title="bbox 2096 4706 3679 4780">
     <span class='ocr_line' id='line_1_109' title="bbox 2096 4706 3679 4780; baseline -0.005 -16"><span class='ocrx_word' id='word_1_904' title='bbox 2096 4711 2214 4780; x_wconf 88' lang='lat' dir='ltr'><strong>pius</strong></span> <span class='ocrx_word' id='word_1_905' title='bbox 2243 4721 2376 4773; x_wconf 89' lang='lat' dir='ltr'><strong>erat,</strong></span> <span class='ocrx_word' id='word_1_906' title='bbox 2406 4709 2686 4777; x_wconf 84' lang='lat' dir='ltr'><strong>deputatur</strong></span> <span class='ocrx_word' id='word_1_907' title='bbox 2708 4708 2836 4762; x_wconf 82' lang='lat' dir='ltr'><strong>fides</strong></span> <span class='ocrx_word' id='word_1_908' title='bbox 2859 4707 2973 4775; x_wconf 80' lang='lat' dir='ltr'><strong>ejus</strong></span> <span class='ocrx_word' id='word_1_909' title='bbox 3003 4707 3067 4760; x_wconf 88' lang='lat' dir='ltr'><strong>ad</strong></span> <span class='ocrx_word' id='word_1_910' title='bbox 3091 4707 3368 4776; x_wconf 88' lang='lat' dir='ltr'><strong>justitiam.</strong></span> <span class='ocrx_word' id='word_1_911' title='bbox 3398 4706 3555 4760; x_wconf 72' lang='lat' dir='ltr'><strong>Modo</strong></span> <span class='ocrx_word' id='word_1_912' title='bbox 3577 4710 3679 4767; x_wconf 69' lang='lat' dir='ltr'><strong>die,</strong></span> 
     </span>
    </p>
   </div>
   <div class='ocr_carea' id='block_1_110' title="bbox 2096 4796 3676 4866">
    <p class='ocr_par' dir='ltr' id='par_1_110' title="bbox 2096 4796 3676 4866">
     <span class='ocr_line' id='line_1_110' title="bbox 2096 4796 3676 4866; baseline -0.003 -12"><span class='ocrx_word' id='word_1_913' title='bbox 2096 4800 2141 4854; x_wconf 86' lang='lat' dir='ltr'><strong>si</strong></span> <span class='ocrx_word' id='word_1_914' title='bbox 2171 4798 2356 4862; x_wconf 69' lang='grc' dir='ltr'>ιιιιιιαιε,</span> <span class='ocrx_word' id='word_1_915' title='bbox 2382 4798 2623 4852; x_wconf 84' lang='lat' dir='ltr'><strong>Justilleo</strong></span> <span class='ocrx_word' id='word_1_916' title='bbox 2649 4807 2719 4851; x_wconf 91' lang='lat' dir='ltr'><strong>te.</strong></span> <span class='ocrx_word' id='word_1_917' title='bbox 2759 4798 2884 4850; x_wconf 70' lang='lat' dir='ltr'><strong>Vide</strong></span> <span class='ocrx_word' id='word_1_918' title='bbox 2915 4797 3180 4866; x_wconf 86' lang='lat' dir='ltr'><strong>quomodo</strong></span> <span class='ocrx_word' id='word_1_919' title='bbox 3211 4796 3301 4850; x_wconf 90' lang='lat' dir='ltr'><strong>tibi</strong></span> <span class='ocrx_word' id='word_1_920' title='bbox 3329 4800 3582 4865; x_wconf 71' lang='grc' dir='ltr'>ΓρςιμιιιιΙι</span> <span class='ocrx_word' id='word_1_921' title='bbox 3615 4817 3676 4850; x_wconf 73' lang='lat' dir='ltr'><strong>ex</strong></span> 
     </span>
    </p>
   </div>
   <div class='ocr_carea' id='block_1_111' title="bbox 2099 4887 3683 4958">
    <p class='ocr_par' dir='ltr' id='par_1_111' title="bbox 2099 4887 3683 4958">
     <span class='ocr_line' id='line_1_111' title="bbox 2099 4887 3683 4958; baseline -0.002 -15"><span class='ocrx_word' id='word_1_922' title='bbox 2099 4888 2356 4958; x_wconf 69' lang='lat' dir='ltr'><strong>Apostolo</strong></span> <span class='ocrx_word' id='word_1_923' title='bbox 2390 4906 2401 4941; x_wconf 89' lang='lat'><strong>:</strong></span> <span class='ocrx_word' id='word_1_924' title='bbox 2433 4889 2484 4942; x_wconf 90' lang='lat' dir='ltr'><strong>Si</strong></span> <span class='ocrx_word' id='word_1_925' title='bbox 2511 4887 2769 4957; x_wconf 73' lang='lat' dir='ltr'><strong>justilii-as</strong></span> <span class='ocrx_word' id='word_1_926' title='bbox 2799 4903 2882 4942; x_wconf 89' lang='lat' dir='ltr'><strong>me</strong></span> <span class='ocrx_word' id='word_1_927' title='bbox 2903 4929 2916 4953; x_wconf 96' lang='lat'><strong>,</strong></span> <span class='ocrx_word' id='word_1_928' title='bbox 2950 4889 3161 4941; x_wconf 86' lang='lat' dir='ltr'><strong>credam</strong></span> <span class='ocrx_word' id='word_1_929' title='bbox 3192 4888 3242 4941; x_wconf 88' lang='lat' dir='ltr'><strong>itt</strong></span> <span class='ocrx_word' id='word_1_930' title='bbox 3287 4898 3371 4952; x_wconf 88' lang='lat' dir='ltr'><strong>te;</strong></span> <span class='ocrx_word' id='word_1_931' title='bbox 3417 4889 3544 4958; x_wconf 81' lang='lat' dir='ltr'><strong>quia</strong></span> <span class='ocrx_word' id='word_1_932' title='bbox 3573 4907 3683 4942; x_wconf 76' lang='lat' dir='ltr'><strong>cre-</strong></span> 
     </span>
    </p>
   </div>
   <div class='ocr_carea' id='block_1_112' title="bbox 2098 4977 3652 5050">
    <p class='ocr_par' dir='ltr' id='par_1_112' title="bbox 2098 4977 3652 5050">
     <span class='ocr_line' id='line_1_112' title="bbox 2098 4977 3652 5050; baseline -0.001 -18"><span class='ocrx_word' id='word_1_933' title='bbox 2098 4979 2236 5032; x_wconf 65' lang='lat' dir='ltr'><strong>denti</strong></span> <span class='ocrx_word' id='word_1_934' title='bbox 2256 4980 2306 5032; x_wconf 82' lang='lat' dir='ltr'><strong>in</strong></span> <span class='ocrx_word' id='word_1_935' title='bbox 2336 4993 2447 5032; x_wconf 84' lang='lat' dir='ltr'><strong>eum</strong></span> <span class='ocrx_word' id='word_1_936' title='bbox 2476 4979 2559 5046; x_wconf 81' lang='lat' dir='ltr'><strong>qui</strong></span> <span class='ocrx_word' id='word_1_937' title='bbox 2570 4977 2820 5049; x_wconf 77' lang='lat' dir='ltr'><strong>justi/ient</strong></span> <span class='ocrx_word' id='word_1_938' title='bbox 2846 4978 3056 5047; x_wconf 85' lang='lat' dir='ltr'><strong>impium</strong></span> <span class='ocrx_word' id='word_1_939' title='bbox 3075 5017 3092 5043; x_wconf 92' lang='lat'><strong>,</strong></span> <span class='ocrx_word' id='word_1_940' title='bbox 3123 4979 3397 5046; x_wconf 71' lang='lat' dir='ltr'><strong>deputatur</strong></span> <span class='ocrx_word' id='word_1_941' title='bbox 3418 4981 3549 5048; x_wconf 78' lang='lat' dir='ltr'><strong>ﬁdes</strong></span> <span class='ocrx_word' id='word_1_942' title='bbox 3575 4980 3652 5050; x_wconf 80' lang='lat' dir='ltr'><strong>eju</strong></span> 
     </span>
    </p>
   </div>
   <div class='ocr_carea' id='block_1_113' title="bbox 2097 5067 3666 5141">
    <p class='ocr_par' dir='ltr' id='par_1_113' title="bbox 2097 5067 3666 5141">
     <span class='ocr_line' id='line_1_113' title="bbox 2097 5067 3666 5141; baseline 0.001 -18"><span class='ocrx_word' id='word_1_943' title='bbox 2097 5072 2166 5123; x_wconf 84' lang='lat' dir='ltr'><strong>ad</strong></span> <span class='ocrx_word' id='word_1_944' title='bbox 2181 5070 2452 5141; x_wconf 79' lang='lat' dir='ltr'><strong>justitiam.</strong></span> <span class='ocrx_word' id='word_1_945' title='bbox 2483 5067 2751 5124; x_wconf 76' lang='lat' dir='ltr'><strong>Jttstilicns</strong></span> <span class='ocrx_word' id='word_1_946' title='bbox 2778 5085 2862 5123; x_wconf 87' lang='lat' dir='ltr'><strong>me</strong></span> <span class='ocrx_word' id='word_1_947' title='bbox 2882 5070 2906 5122; x_wconf 74' lang='grc' dir='ltr'><em>ἳ</em></span> <span class='ocrx_word' id='word_1_948' title='bbox 2929 5069 3142 5124; x_wconf 81' lang='lat' dir='ltr'><strong>credam</strong></span> <span class='ocrx_word' id='word_1_949' title='bbox 3173 5071 3224 5124; x_wconf 83' lang='lat' dir='ltr'><strong>in</strong></span> <span class='ocrx_word' id='word_1_950' title='bbox 3261 5081 3335 5126; x_wconf 90' lang='lat' dir='ltr'><strong>te.</strong></span> <span class='ocrx_word' id='word_1_951' title='bbox 3367 5071 3424 5127; x_wconf 84' lang='lat' dir='ltr'><strong>Si</strong></span> <span class='ocrx_word' id='word_1_952' title='bbox 3455 5074 3598 5127; x_wconf 85' lang='lat' dir='ltr'><strong>enim</strong></span> <span class='ocrx_word' id='word_1_953' title='bbox 3635 5085 3666 5124; x_wconf 65' lang='lat' dir='ltr'><strong>tv</strong></span> 
     </span>
    </p>
   </div>
   <div class='ocr_carea' id='block_1_114' title="bbox 2100 5160 3675 5233">
    <p class='ocr_par' dir='ltr' id='par_1_114' title="bbox 2100 5160 3675 5233">
     <span class='ocr_line' id='line_1_114' title="bbox 2100 5160 3675 5233; baseline -0.003 -17"><span class='ocrx_word' id='word_1_954' title='bbox 2100 5179 2185 5217; x_wconf 70' lang='lat' dir='ltr'><strong>nte</strong></span> <span class='ocrx_word' id='word_1_955' title='bbox 2211 5161 2500 5231; x_wconf 84' lang='lat' dir='ltr'><strong>justifieas,</strong></span> <span class='ocrx_word' id='word_1_956' title='bbox 2531 5178 2632 5229; x_wconf 83' lang='lat' dir='ltr'><strong>ego</strong></span> <span class='ocrx_word' id='word_1_957' title='bbox 2659 5175 2750 5216; x_wconf 86' lang='lat' dir='ltr'><strong>ero</strong></span> <span class='ocrx_word' id='word_1_958' title='bbox 2777 5160 3005 5216; x_wconf 89' lang='lat' dir='ltr'><strong>credens</strong></span> <span class='ocrx_word' id='word_1_959' title='bbox 3041 5162 3092 5216; x_wconf 92' lang='lat' dir='ltr'><strong>in</strong></span> <span class='ocrx_word' id='word_1_960' title='bbox 3131 5177 3253 5218; x_wconf 90' lang='lat' dir='ltr'><strong>eum</strong></span> <span class='ocrx_word' id='word_1_961' title='bbox 3294 5165 3384 5232; x_wconf 87' lang='lat' dir='ltr'><strong>qui</strong></span> <span class='ocrx_word' id='word_1_962' title='bbox 3426 5165 3675 5233; x_wconf 65' lang='lat' dir='ltr'><strong>jusdfu-a:</strong></span> 
     </span>
    </p>
   </div>
   <div class='ocr_carea' id='block_1_115' title="bbox 2099 5250 3673 5322">
    <p class='ocr_par' dir='ltr' id='par_1_115' title="bbox 2099 5250 3673 5322">
     <span class='ocr_line' id='line_1_115' title="bbox 2099 5250 3673 5322; baseline -0.003 -16"><span class='ocrx_word' id='word_1_963' title='bbox 2099 5267 2217 5317; x_wconf 87' lang='lat' dir='ltr'><strong>me,</strong></span> <span class='ocrx_word' id='word_1_964' title='bbox 2271 5251 2320 5305; x_wconf 90' lang='lat' dir='ltr'><strong>id</strong></span> <span class='ocrx_word' id='word_1_965' title='bbox 2365 5260 2446 5305; x_wconf 88' lang='lat' dir='ltr'><strong>est</strong></span> <span class='ocrx_word' id='word_1_966' title='bbox 2470 5292 2483 5314; x_wconf 90' lang='lat'><strong>,</strong></span> <span class='ocrx_word' id='word_1_967' title='bbox 2513 5251 2600 5319; x_wconf 90' lang='lat' dir='ltr'><strong>qui</strong></span> <span class='ocrx_word' id='word_1_968' title='bbox 2637 5250 2893 5320; x_wconf 83' lang='lat' dir='ltr'><strong>jnstillcat</strong></span> <span class='ocrx_word' id='word_1_969' title='bbox 2929 5251 3146 5322; x_wconf 90' lang='lat' dir='ltr'><strong>impium</strong></span> <span class='ocrx_word' id='word_1_970' title='bbox 3177 5269 3190 5305; x_wconf 90' lang='lat'>:</span> <span class='ocrx_word' id='word_1_971' title='bbox 3221 5267 3442 5306; x_wconf 83' lang='lat' dir='ltr'><strong>securus</strong></span> <span class='ocrx_word' id='word_1_972' title='bbox 3483 5255 3673 5315; x_wconf 65' lang='lat' dir='ltr'><strong>rreitu,</strong></span> 
     </span>
    </p>
   </div>
   <div class='ocr_carea' id='block_1_116' title="bbox 2098 5341 3675 5414">
    <p class='ocr_par' dir='ltr' id='par_1_116' title="bbox 2098 5341 3675 5414">
     <span class='ocr_line' id='line_1_116' title="bbox 2098 5341 3675 5414; baseline 0.001 -17"><span class='ocrx_word' id='word_1_973' title='bbox 2098 5344 2218 5413; x_wconf 82' lang='lat' dir='ltr'><strong>quia</strong></span> <span class='ocrx_word' id='word_1_974' title='bbox 2265 5344 2546 5412; x_wconf 87' lang='lat' dir='ltr'><strong>deputatur</strong></span> <span class='ocrx_word' id='word_1_975' title='bbox 2588 5341 2721 5394; x_wconf 77' lang='lat' dir='ltr'><strong>fides</strong></span> <span class='ocrx_word' id='word_1_976' title='bbox 2757 5357 2872 5396; x_wconf 86' lang='lat' dir='ltr'><strong>mea</strong></span> <span class='ocrx_word' id='word_1_977' title='bbox 2917 5343 2982 5396; x_wconf 89' lang='lat' dir='ltr'><strong>ad</strong></span> <span class='ocrx_word' id='word_1_978' title='bbox 3009 5343 3288 5414; x_wconf 87' lang='lat' dir='ltr'><strong>justitiam.</strong></span> <span class='ocrx_word' id='word_1_979' title='bbox 3323 5344 3378 5397; x_wconf 90' lang='lat' dir='ltr'><strong>Si</strong></span> <span class='ocrx_word' id='word_1_980' title='bbox 3408 5361 3536 5412; x_wconf 76' lang='lat' dir='ltr'><strong>ergo</strong></span> <span class='ocrx_word' id='word_1_981' title='bbox 3577 5363 3675 5398; x_wconf 79' lang='lat' dir='ltr'><strong>tum</strong></span> 
     </span>
    </p>
   </div>
   <div class='ocr_carea' id='block_1_117' title="bbox 2100 5431 3672 5498">
    <p class='ocr_par' dir='ltr' id='par_1_117' title="bbox 2100 5431 3672 5498">
     <span class='ocr_line' id='line_1_117' title="bbox 2100 5431 3672 5498; baseline -0.001 -12"><span class='ocrx_word' id='word_1_982' title='bbox 2100 5436 2262 5487; x_wconf 73' lang='lat' dir='ltr'><strong>audes</strong></span> <span class='ocrx_word' id='word_1_983' title='bbox 2293 5433 2493 5498; x_wconf 83' lang='lat' dir='ltr'><strong>dicere,</strong></span> <span class='ocrx_word' id='word_1_984' title='bbox 2523 5431 2765 5486; x_wconf 70' lang='grc' dir='ltr'><strong>ειυς)ιὶίίεο</strong></span> <span class='ocrx_word' id='word_1_985' title='bbox 2792 5442 2874 5496; x_wconf 89' lang='lat' dir='ltr'><strong>te;</strong></span> <span class='ocrx_word' id='word_1_986' title='bbox 2918 5433 3026 5486; x_wconf 90' lang='lat' dir='ltr'><strong>imo</strong></span> <span class='ocrx_word' id='word_1_987' title='bbox 3054 5436 3094 5486; x_wconf 80' lang='lat' dir='ltr'><strong>si</strong></span> <span class='ocrx_word' id='word_1_988' title='bbox 3129 5451 3232 5487; x_wconf 85' lang='lat' dir='ltr'><strong>non</strong></span> <span class='ocrx_word' id='word_1_989' title='bbox 3261 5437 3430 5489; x_wconf 84' lang='lat' dir='ltr'><strong>audes</strong></span> <span class='ocrx_word' id='word_1_990' title='bbox 3458 5438 3635 5489; x_wconf 81' lang='lat' dir='ltr'><strong>dicen-</strong></span> <span class='ocrx_word' id='word_1_991' title='bbox 3659 5476 3672 5498; x_wconf 92' lang='lat'><strong>,</strong></span> 
     </span>
    </p>
   </div>
   <div class='ocr_carea' id='block_1_118' title="bbox 2106 5524 3675 5595">
    <p class='ocr_par' dir='ltr' id='par_1_118' title="bbox 2106 5524 3675 5595">
     <span class='ocr_line' id='line_1_118' title="bbox 2106 5524 3675 5595; baseline 0 -15"><span class='ocrx_word' id='word_1_992' title='bbox 2106 5527 2277 5580; x_wconf 74' lang='lat' dir='ltr'><strong>Crede</strong></span> <span class='ocrx_word' id='word_1_993' title='bbox 2314 5525 2365 5578; x_wconf 92' lang='lat' dir='ltr'><strong>in</strong></span> <span class='ocrx_word' id='word_1_994' title='bbox 2410 5539 2494 5578; x_wconf 91' lang='lat' dir='ltr'><strong>me</strong></span> <span class='ocrx_word' id='word_1_995' title='bbox 2526 5542 2538 5576; x_wconf 87' lang='lat'>:</span> <span class='ocrx_word' id='word_1_996' title='bbox 2567 5539 2696 5579; x_wconf 88' lang='lat' dir='ltr'><strong>cave</strong></span> <span class='ocrx_word' id='word_1_997' title='bbox 2719 5524 2828 5595; x_wconf 79' lang='lat' dir='ltr'><strong>jam</strong></span> <span class='ocrx_word' id='word_1_998' title='bbox 2859 5541 2925 5579; x_wconf 91' lang='lat' dir='ltr'><strong>ne</strong></span> <span class='ocrx_word' id='word_1_999' title='bbox 2956 5525 3132 5582; x_wconf 69' lang='lat' dir='ltr'><strong>dii-as,</strong></span> <span class='ocrx_word' id='word_1_1000' title='bbox 3164 5527 3406 5583; x_wconf 69' lang='lat' dir='ltr'><strong>Justitico</strong></span> <span class='ocrx_word' id='word_1_1001' title='bbox 3435 5537 3505 5582; x_wconf 80' lang='lat' dir='ltr'><strong>te.</strong></span> <span class='ocrx_word' id='word_1_1002' title='bbox 3550 5524 3675 5582; x_wconf 63' lang='grc' dir='ltr'>ιδεμ</span> 
     </span>
    </p>
   </div>
   <div class='ocr_carea' id='block_1_119' title="bbox 2105 5615 3259 5686">
    <p class='ocr_par' dir='ltr' id='par_1_119' title="bbox 2105 5615 3259 5686">
     <span class='ocr_line' id='line_1_119' title="bbox 2105 5615 3259 5686; baseline -0.007 -15"><span class='ocrx_word' id='word_1_1003' title='bbox 2105 5620 2234 5679; x_wconf 84' lang='lat' dir='ltr'><strong>dile.</strong></span> <span class='ocrx_word' id='word_1_1004' title='bbox 2267 5618 2439 5671; x_wconf 88' lang='lat' dir='ltr'><strong>iuveni</strong></span> <span class='ocrx_word' id='word_1_1005' title='bbox 2473 5626 2522 5670; x_wconf 88' lang='lat' dir='ltr'><strong>te</strong></span> <span class='ocrx_word' id='word_1_1006' title='bbox 2548 5632 2562 5679; x_wconf 87' lang='lat'><strong>;</strong></span> <span class='ocrx_word' id='word_1_1007' title='bbox 2597 5631 2664 5671; x_wconf 91' lang='lat' dir='ltr'><strong>ne</strong></span> <span class='ocrx_word' id='word_1_1008' title='bbox 2692 5615 2882 5686; x_wconf 81' lang='lat' dir='ltr'><strong>perdas</strong></span> <span class='ocrx_word' id='word_1_1009' title='bbox 2907 5625 2961 5669; x_wconf 85' lang='lat' dir='ltr'><strong>et</strong></span> <span class='ocrx_word' id='word_1_1010' title='bbox 2998 5631 3081 5670; x_wconf 85' lang='lat' dir='ltr'><strong>tne</strong></span> <span class='ocrx_word' id='word_1_1011' title='bbox 3112 5635 3160 5669; x_wconf 67' lang='lat' dir='ltr'><strong>c.</strong></span> <span class='ocrx_word' id='word_1_1012' title='bbox 3192 5630 3259 5666; x_wconf 79' lang='lat' dir='ltr'><strong>te.</strong></span> 
     </span>
    </p>
   </div>
   <div class='ocr_carea' id='block_1_120' title="bbox 2168 5745 2750 5812">
    <p class='ocr_par' dir='ltr' id='par_1_120' title="bbox 2168 5745 2750 5812">
     <span class='ocr_line' id='line_1_120' title="bbox 2168 5745 2750 5812; baseline -0.01 -14"><span class='ocrx_word' id='word_1_1013' title='bbox 2168 5757 2182 5784; x_wconf 75' lang='grc' dir='ltr'><strong>ι</strong></span> <span class='ocrx_word' id='word_1_1014' title='bbox 2214 5750 2398 5812; x_wconf 73' lang='lat' dir='ltr'><strong>Aliquot</strong></span> <span class='ocrx_word' id='word_1_1015' title='bbox 2421 5757 2547 5807; x_wconf 58' lang='lat' dir='ltr'><strong>Mss,</strong></span> <span class='ocrx_word' id='word_1_1016' title='bbox 2585 5745 2750 5798; x_wconf 76' lang='lat' dir='ltr'><strong>audio.</strong></span> 
     </span>
    </p>
   </div>
   <div class='ocr_carea' id='block_1_121' title="bbox 2165 5812 2609 5876">
    <p class='ocr_par' dir='ltr' id='par_1_121' title="bbox 2165 5812 2609 5876">
     <span class='ocr_line' id='line_1_121' title="bbox 2165 5812 2609 5876; baseline -0.005 -15"><span class='ocrx_word' id='word_1_1017' title='bbox 2165 5816 2185 5846; x_wconf 73' lang='grc'>³</span> <span class='ocrx_word' id='word_1_1018' title='bbox 2206 5820 2364 5873; x_wconf 69' lang='lat' dir='ltr'><strong>Forte,</strong></span> <span class='ocrx_word' id='word_1_1019' title='bbox 2389 5812 2582 5876; x_wconf 80' lang='lat' dir='ltr'><strong>inquam</strong></span> <span class='ocrx_word' id='word_1_1020' title='bbox 2598 5847 2609 5859; x_wconf 94' lang='lat'><strong>.</strong></span> 
     </span>
    </p>
   </div>
  </div>
