3954 6198
318 387 454 446 1525

383 506 432 561 7.
471 501 635 556 Locus
663 501 922 573 Evangelii
948 500 1009 553 de
1034 499 1209 552 arbore
1245 510 1289 552 et
1332 501 1499 571 fructu
1541 496 1787 567 quomodo
1813 496 1892 547 in-

314 595 634 668 telligendus.
662 595 793 649 Nam
824 594 951 651 illud
985 593 1124 662 quod
1163 593 1481 662 proposuisti
1522 592 1590 649 de
1618 590 1807 644 arbore
1840 598 1895 643 et

314 687 381 741 de
407 687 600 751 fructu,
625 702 864 757 propono
886 687 977 740 tibi
1006 685 1203 755 aliquid
1232 686 1299 740 de
1325 685 1604 754 exemplis,
1635 693 1691 738 ut
1719 683 1893 736 disras

316 778 618 848 intelligere
642 779 781 848 quod
813 778 1014 832 dictum
1044 769 1146 840 est,
1176 776 1340 830 Arbor
1367 777 1498 829 bona
1522 776 1675 829 bonos
1701 777 1895 846 fructus

306 870 459 940 facit,
486 878 533 925 et
562 869 710 923 arbor
739 869 874 923 mala
902 870 1063 924 malos
1088 874 1283 940 fructus
1310 869 1453 939 facit.
1495 866 1607 936 Ego
1632 867 1774 920 enim
1817 866 1894 919 sic

314 960 579 1031 intelligo,
624 960 891 1029 quomodo
929 969 984 1015 et
1028 961 1141 1029 ipse
1189 959 1444 1013 Dominus
1480 957 1717 1025 exponit.
1757 954 1893 1022 Quid

310 1061 427 1119 est,
461 1054 621 1108 Arbor
650 1053 779 1108 bona
805 1055 959 1108 bonos
993 1058 1187 1124 fructus
1228 1052 1349 1121 facit
1376 1050 1590 1121 (Matth.
1616 1063 1686 1101 vu
1711 1090 1724 1108 ,
1758 1045 1893 1118 l‘i)?

314 1141 481 1197 Bonus
515 1143 665 1199 homo
691 1143 754 1201 de
779 1142 907 1197 bono
932 1144 1162 1197 thesauro
1190 1142 1357 1195 cordis
1387 1140 1466 1194 sui
1495 1139 1684 1209 profert
1721 1137 1891 1201 bona;

310 1243 357 1285 et
387 1234 548 1288 malus
573 1234 722 1288 homo
747 1234 811 1289 de
836 1235 970 1287 malo
995 1234 1230 1288 thesauro
1252 1233 1418 1287 cordis
1436 1232 1517 1284 sui
1543 1229 1735 1300 profert
1757 1228 1892 1281 uiola

305 1321 421 1395 (Id.
446 1340 538 1388 xu,
563 1326 675 1395 '55).
701 1325 956 1381 Homines
980 1325 1198 1381 arbores
1220 1326 1412 1395 posuit,
1439 1324 1714 1378 thesauros
1741 1331 1892 1377 actus

306 1414 507 1482 posuit.
537 1414 723 1483 Qualis
750 1417 910 1471 homo
931 1424 1013 1471 cst
1036 1457 1049 1480 ,
1082 1415 1213 1470 tales
1234 1424 1384 1469 actus
1412 1414 1589 1471 habet.
1630 1415 1684 1470 Si
1720 1415 1894 1473 bonus

306 1503 470 1560 homo
498 1516 614 1574 est,
660 1507 832 1563 bonos
856 1518 1008 1565 actus
1039 1508 1237 1574 habet;
1277 1507 1322 1563 si
1364 1509 1535 1563 malus
1574 1507 1733 1563 homo
1770 1517 1887 1572 est,

307 1598 480 1653 malos
505 1608 656 1655 actus
695 1599 898 1655 habet:
928 1616 1034 1656 non
1083 1610 1258 1670 potest
1299 1602 1471 1669 bonus
1516 1600 1677 1661 homo
1720 1600 1892 1657 malos

303 1695 456 1741 actus
486 1687 720 1755 habere,
764 1705 864 1745 nec
894 1690 1069 1745 malus
1099 1690 1260 1745 ltomo
1300 1690 1471 1745 bonos
1495 1699 1646 1747 actus
1669 1691 1885 1751 luthcrc.

302 1776 442 1843 Quid
473 1778 798 1835 evidentius?
819 1780 945 1850 quid
967 1780 1258 1850 liquidius?
1279 1781 1403 1851 quid
1429 1781 1707 1853 apertius?
1730 1782 1887 1839 Modo

305 1878 482 1924 autem
509 1879 560 1924 te
590 1870 835 1926 arborem
868 1870 1001 1928 facis
1040 1872 1234 1927 bonam
1260 1874 1348 1941 qui
1378 1873 1613 1941 haptizas
1632 1914 1647 1939 ,
1686 1882 1741 1928 et
1769 1872 1884 1928 fru-

302 1970 444 2014 ctum
476 1960 604 2016 facis
627 1976 750 2016 eum
778 1978 938 2032 quem
956 1962 1227 2032 baptizas;
1261 1973 1317 2017 ut
1344 1964 1519 2033 qualis
1552 1978 1614 2019 es
1643 1974 1698 2019 tu
1716 2005 1735 2028 ,
1764 1964 1883 2025 talis

301 2049 371 2102 sit
396 2049 502 2103 ille.
526 2050 681 2105 Absit
698 2052 766 2106 ab
787 2052 896 2115 illo,
920 2060 975 2107 et
1002 2053 1121 2107 vide
1146 2068 1302 2123 quam
1331 2068 1585 2124 perverse
1610 2053 1878 2123 intelligis.

303 2139 400 2195 Est
426 2141 565 2210 apud
597 2156 690 2199 vos
717 2143 944 2215 aliquis,
972 2153 1063 2198 aut
1101 2144 1201 2199 fuit
1237 2144 1523 2215 aliquando
1549 2144 1757 2201 adulter
1795 2145 1882 2201 vel

300 2231 564 2286 occultus.
596 2231 701 2288 Sed
732 2233 873 2303 quod
903 2234 1106 2299 nescio,
1135 2234 1338 2305 inquit,
1374 2250 1482 2290 non
1507 2249 1594 2292 me
1616 2235 1880 2291 contami-

302 2330 413 2374 nat.
463 2321 576 2376 Non
625 2323 747 2377 inde
791 2339 917 2393 ago;
959 2324 1062 2380 alia
1107 2324 1332 2395 quaestio
1355 2334 1440 2380 est
1469 2342 1484 2381 :
1515 2324 1583 2379 de
1610 2325 1882 2396 Baptismo

302 2410 424 2463 Volo
451 2412 646 2481 aliquid
673 2413 881 2479 dicere;
923 2415 1023 2468 hoc
1064 2415 1206 2469 enim
1245 2417 1598 2485 suscepimus.
1629 2414 1881 2473 Occultos

301 2500 514 2555 adulter
536 2513 617 2556 est
649 2521 660 2556 :
692 2519 821 2573 ergo
851 2502 1003 2560 ﬁctus
1032 2513 1151 2569 est;
1186 2519 1290 2559 non
1330 2506 1540 2562 adulter
1563 2505 1718 2561 fictus
1737 2548 1754 2573 ,
1784 2507 1880 2563 sed

298 2591 508 2647 adulter
532 2608 709 2660 verus,
736 2595 887 2649 ﬁctus
906 2607 1104 2649 castus.
1128 2595 1289 2650 Istum
1311 2612 1440 2666 ergo
1459 2597 1756 2651 adulterum
1783 2596 1882 2652 bo-

211 2687 221 2695 '
301 2681 497 2734 minem
528 2684 706 2736 lictum
732 2724 747 2748 ,
777 2684 1047 2754 magisque
1088 2687 1265 2740 lictum
1291 2728 1306 2752 ,
1335 2688 1455 2756 quia
1496 2688 1652 2753 latet;
1684 2702 1807 2742 nam
1833 2690 1877 2744 si

297 2784 513 2840 apertus
537 2774 607 2827 sit
646 2774 882 2838 adulter,
921 2776 1030 2844 jam
1072 2776 1225 2831 fictus
1267 2794 1372 2833 non
1401 2787 1483 2834 est
1515 2798 1529 2833 :
1563 2780 1720 2835 istum
1752 2796 1879 2851 ergo

297 2862 594 2918 adulterum
635 2866 797 2935 fugiet
843 2866 1081 2934 profecto
1110 2867 1341 2936 Spiritus
1366 2878 1601 2923 sanctus.
1643 2870 1877 2925 Evidens

295 2953 492 3021 quippe
524 2962 608 3009 est
651 2956 852 3024 prolata
882 2959 1142 3012 sententia
1176 2976 1188 3010 :
1224 2958 1443 3014 Sanctus
1483 2966 1615 3014 enim
1652 2961 1877 3033 Spiritus

294 3043 576 3113 disciplina:
619 3046 821 3117 effugiet
860 3049 1032 3116 fictum
1078 3049 1230 3121 (Sap.
1267 3065 1319 3117 1,
1348 3052 1423 3120 5).
1469 3052 1598 3106 Cum
1645 3067 1773 3121 ergo
1805 3054 1875 3106 sit

295 3135 394 3189 iste
418 3136 627 3192 adulter
647 3140 907 3204 occultus,
937 3142 1119 3211 utique
1156 3142 1407 3212 baptizat.
1438 3146 1571 3199 Ecce
1594 3146 1748 3199 video
1773 3146 1873 3201 ho-

296 3225 492 3279 minem
538 3228 859 3297 baptizatum
905 3230 973 3284 ab
1020 3232 1265 3288 adultero
1306 3235 1559 3290 occulto:
1593 3245 1746 3291 natus
1793 3248 1876 3294 est

293 3315 531 3381 fructus;
554 3319 642 3373 ubi
666 3330 748 3374 est
772 3320 932 3376 arbor
957 3323 1137 3378 bona?
1164 3324 1466 3394 Baptizatus
1486 3337 1585 3393 est,
1618 3330 1872 3385 innocens

291 3415 396 3471 est,
430 3407 564 3462 facta
595 3419 676 3464 est
708 3410 758 3464 in
791 3412 882 3466 illo
908 3414 1153 3469 remissio
1174 3426 1551 3487 peccatorum;
1573 3422 1874 3491 ergojusti-

297 3497 484 3551 licatus
503 3506 585 3552 est
604 3499 816 3570 impius,
844 3512 999 3558 natus
1017 3514 1101 3560 est
1118 3504 1320 3562 fructus
1348 3508 1520 3566 bonus
1551 3530 1563 3566 :
1594 3527 1776 3581 quaero
1803 3513 1872 3570 de

292 3601 394 3654 qua
435 3588 664 3645 arbore?
694 3591 804 3659 Dic,
831 3594 1098 3663 responde
1128 3596 1256 3651 mihi
1287 3617 1299 3650 :
1330 3599 1490 3654 arbor
1515 3601 1603 3653 illa
1629 3603 1869 3659 occultus

290 3679 498 3734 adulter
518 3690 620 3747 est,
651 3684 785 3737 mala
810 3686 971 3740 arbor
993 3696 1077 3741 est
1098 3702 1113 3751 ;
1145 3689 1189 3741 si
1220 3688 1378 3757 hujus
1404 3691 1608 3745 arboris
1632 3692 1732 3747 iste
1755 3693 1868 3748 fru-

290 3778 431 3834 ctus,
472 3771 644 3825 malus
678 3771 880 3828 fructus
908 3785 1008 3829 est.
1036 3775 1307 3831 Sententia
1337 3778 1546 3833 Domini
1572 3790 1674 3844 est,
1706 3782 1870 3837 Arbor

288 3860 426 3913 mala
450 3864 611 3916 malos
641 3866 836 3934 fructus
860 3865 1000 3934 facit.
1036 3867 1402 3938 Respondebis
1424 3911 1439 3937 ,
1472 3881 1529 3927 ut
1555 3873 1713 3928 istum
1754 3873 1864 3930 fru-

283 3960 428 4005 ctum
454 3952 651 4008 bonum
673 3969 793 4009 esse
811 3958 1174 4027 commendes,
1203 3976 1307 4016 non
1332 3978 1453 4018 eum
1473 3964 1541 4019 de
1568 3967 1650 4019 illa
1674 3968 1866 4024 arbore

287 4050 488 4095 natum.
536 4041 652 4097 Non
682 4044 821 4098 enim
852 4046 971 4115 quia
1009 4049 1186 4104 nescis
1217 4060 1268 4104 tu
1300 4052 1441 4107 illam
1469 4054 1715 4113 arborem
1743 4073 1862 4112 ma-

284 4129 408 4194 lam,
435 4131 554 4186 ideo
584 4148 688 4187 non
718 4144 800 4189 est
828 4137 960 4191 mala
992 4157 1005 4190 :
1038 4148 1185 4194 tanto
1210 4151 1293 4196 est
1320 4141 1489 4213 pejor,
1520 4156 1720 4215 quanto
1746 4164 1860 4204 nta~

280 4221 362 4289 gis
393 4222 683 4292 ignoratur.
721 4225 889 4281 Tanto
916 4229 1057 4282 cuitu
1103 4233 1271 4302 magis
1316 4234 1589 4302 ignoratur
1612 4279 1626 4302 ,
1664 4250 1861 4309 quanto

282 4312 490 4381 perdita
510 4316 700 4370 astutia
730 4318 959 4374 occultat
989 4319 1182 4377 factum
1209 4340 1382 4379 suum.
1419 4325 1549 4382 Nam
1575 4330 1619 4383 si
1646 4347 1860 4399 apertus

280 4404 489 4460 adulter
506 4418 668 4474 esset,
700 4409 781 4464 vel
809 4413 1144 4468 confessione
1164 4402 1417 4471 sanabilis
1435 4429 1594 4474 esset.
1624 4422 1857 4481 Pessima

284 4497 466 4562 arbor,
495 4506 551 4553 et
576 4510 749 4556 tamen
787 4518 911 4559 erce
932 4503 1136 4562 fructus
1160 4507 1350 4564 bonus.
1383 4511 1534 4568 liiule
1563 4528 1717 4572 natus
1739 4519 1762 4571 ?
1788 4537 1856 4574 an

288 4586 426 4643 forte
453 4605 558 4644 non
585 4594 779 4647 natus?
804 4594 969 4651 Natus
992 4638 1007 4662 ,
1042 4598 1234 4668 inquis.
1283 4601 1476 4669 Quer
1517 4607 1659 4663 unde
1687 4627 1700 4662 :
1730 4613 1853 4680 quid

281 4679 522 4736 dicturus
546 4699 606 4738 es
625 4685 648 4738 ?
680 4684 827 4741 Unde
850 4698 1003 4744 natus
1021 4701 1105 4747 est
1130 4693 1269 4750 iste?
1297 4696 1410 4753 Non
1439 4706 1525 4754 est
1545 4703 1671 4772 quid
1688 4679 1852 4773 dicat,

276 4769 400 4833 nisi,
433 4771 508 4827 De
533 4773 643 4829 Deo
677 4794 690 4830 :
722 4780 901 4835 nescio
923 4791 1095 4839 utrum
1116 4785 1255 4841 aliud
1279 4787 1517 4846 dicturus
1542 4769 1646 4862 est,
1671 4769 1851 4866 quam,

278 4860 365 4917 Ex
394 4863 523 4920 Deo.
554 4865 609 4922 Si
646 4868 745 4924 hoc
767 4871 835 4926 de
859 4876 1106 4931 omnibus
1129 4877 1350 4945 diceret,
1393 4891 1447 4938 et
1486 4900 1594 4941 non
1617 4860 1702 4955 se,
1731 4860 1851 4946 cum

270 4954 342 5007 sit
362 4954 520 5011 arbor
545 4959 702 5025 mala,
723 4961 967 5033 fingendo
988 4967 1292 5025 ostenderet
1310 4971 1523 5040 bonam,
1551 4974 1853 5050 iacentque

270 5044 529 5115 pejorem,
555 5047 622 5104 de
644 5052 892 5108 omnibus
912 5055 1111 5111 diceret
1129 5060 1271 5128 quod
1297 5076 1361 5116 ex
1388 5062 1497 5118 Deo
1525 5044 1848 5136 nascuntur;

269 5135 435 5192 habet
464 5139 735 5213 Evangelii
762 5144 1061 5202 evidentem
1092 5154 1411 5210 sententiam
1445 5175 1457 5205 τ
1489 5155 1641 5215 Dedit
1660 5163 1734 5216 cis
1758 5179 1851 5232 po-

270 5237 498 5286 testatem
527 5234 662 5304 filios
682 5233 782 5289 Dei
808 5238 941 5307 fieri,
972 5242 1060 5311 qui
1088 5259 1187 5297 non
1227 5261 1290 5298 ex
1317 5263 1486 5313 carne,
1519 5267 1620 5305 non
1646 5270 1710 5309 ea:
1731 5272 1850 5311 san-

264 5325 439 5395 guine,
468 5344 568 5383 non
598 5345 662 5386 ex
685 5329 937 5387 voluntate
965 5335 1077 5396 uiri,
1110 5353 1269 5408 neque
1295 5355 1358 5395 ea:
1384 5343 1635 5401 voluntate
1657 5351 1843 5416 carnis,

263 5418 352 5472 sed
378 5433 440 5474 ex
472 5416 581 5474 Deo
612 5423 719 5477 noti
743 5435 872 5478 sunt
901 5424 1075 5495 (Joon.
1104 5443 1153 5484 ι.
1188 5430 1289 5497 l2,
1322 5433 1431 5503 13).
1465 5434 1605 5508 Ergo
1638 5442 1748 5496 redi
1778 5445 1844 5499 ad

259 5508 419 5563 istum
451 5527 465 5563 :
497 5526 574 5567 ex
620 5513 730 5568 Deo
770 5523 923 5571 natus
967 5519 1092 5572 est?
1133 5520 1211 5575 Ex
1263 5523 1390 5578 Deo.
1434 5527 1613 5592 Qmire
1649 5530 1749 5589 iste
1778 5548 1847 5590 ex

260 5600 414 5655 Deo?
454 5603 585 5669 Quia
615 5603 820 5660 fructus
847 5606 1017 5663 bonus
1043 5609 1111 5667 de
1142 5612 1334 5669 arbore
1375 5618 1511 5673 mala
1547 5624 1690 5676 nasci
1738 5640 1841 5680 non

266 5691 456 5761 potuit.
501 5694 692 5749 Castus
725 5697 1017 5766 baptizatur
1043 5703 1203 5758 arbor
1231 5705 1365 5760 bona
1393 5718 1501 5774 est,
1536 5728 1639 5767 non
1668 5724 1752 5769 est
1783 5717 1841 5769 ll-

261 5796 411 5851 stus;
445 5802 567 5842 vere
594 5801 771 5843 casms
813 5791 1110 5861 baptizatit,
1143 5798 1339 5852 fruetus
1362 5799 1531 5858 bonus
1556 5805 1622 5859 de
1646 5809 1825 5874 arbor,-

1652 380 1878 438 SERMU
1916 380 2160 439 CC.\Cll.

3450 399 3590 456 1528

2006 494 2163 549 lmna.
2201 499 2333 554 liceo
2362 510 2414 555 et
2450 502 2550 557 iste
2575 503 2772 558 fructus
2799 490 2969 560 fumus
2987 547 3001 569 ,
3029 505 3099 562 de
3138 522 3241 578 qua
3265 510 3458 569 arbore
3482 529 3586 568 na-

2004 595 2087 640 tus
2114 592 2237 642 est?
2269 590 2358 646 hic
2384 591 2450 646 de
2476 594 2612 646 mala
2636 636 2653 657 ,
2684 596 2728 648 si
2767 595 2954 653 audes.
2998 596 3119 653 Non
3153 598 3322 657 audeo
3342 643 3357 666 ,
3396 605 3582 674 inquit.

2002 678 2140 753 Ergo
2177 689 2231 734 et
2271 682 2384 750 ipse
2423 683 2491 739 de
2530 684 2704 739 bona?
2749 686 2824 740 De
2853 686 3011 742 bona.
3044 688 3120 744 De
3157 705 3259 757 qua
3288 690 3466 749 bona?
3507 697 3581 752 Ex

2004 768 2130 822 Deo.
2163 770 2449 840 lllequid?
2479 774 2554 828 Ex
2583 775 2797 831 homine
2817 787 2986 832 casto.
3014 776 3293 843 Paululum
3323 781 3538 842 intende
3565 807 3581 844 :

2001 859 2361 931 intelligamus
2380 865 2525 934 quod
2542 866 2790 922 dicimus.
2824 868 2926 923 Istc
2953 869 3024 926 ab
3048 870 3267 933 homine
3295 884 3443 930 casto
3490 876 3597 931 ha-_

1999 950 2245 1021 ptizatus,
2273 968 2337 1006 ex
2363 954 2553 1009 arbore
2580 955 2737 1023 bona,
2762 958 2814 1011 id
2835 967 2939 1022 est,
2960 976 3028 1015 ex
3049 959 3267 1019 homine
3294 963 3457 1032 bono,
3489 982 3588 1024 ua-

1998 1049 2085 1095 tus
2111 1051 2193 1096 est
2219 1042 2423 1097 fruetus
2451 1046 2636 1101 bonus.
2674 1047 2767 1102 Ille
2796 1048 2862 1104 ab
2886 1050 3130 1108 adultero
3164 1055 3374 1113 occulto
3406 1056 3585 1124 banti.

1996 1142 2166 1198 latus,
2196 1151 2260 1190 ex
2290 1138 2485 1191 arbore
2516 1139 2653 1194 mala
2701 1152 2855 1197 natus
2885 1151 2969 1199 est
2993 1142 3233 1213 fruetus,
3260 1147 3433 1219 quid?
3475 1150 3582 1206 Bo-

1996 1240 2115 1279 nus.
2141 1226 2255 1281 Non
2283 1238 2461 1299 potest
2489 1230 2623 1285 fieri.
2654 1231 2709 1287 Si
2743 1232 2919 1290 bonus
2944 1243 3029 1290 est
3055 1234 3260 1295 fructus
3293 1257 3306 1292 :
3335 1253 3465 1309 ergo
3490 1256 3583 1299 ar-

1994 1318 2176 1373 borem
2209 1327 2372 1375 muta.
2404 1319 2654 1378 Fructum
2683 1324 2849 1381 istum
2876 1326 3073 1383 bonum
3098 1329 3399 1396 confiteris,
3428 1331 3579 1391 illum

1996 1408 2267 1466 hominem
2294 1412 2518 1481 malum,
2542 1416 2665 1489 quia
2689 1417 2932 1474 occultus
2957 1419 3167 1483 adulter
3186 1432 3309 1478 est:
3333 1423 3583 1482 arborem

1996 1509 2141 1556 muta
2186 1503 2308 1558 huic
2357 1504 2573 1562 fructui.
2610 1505 2853 1576 Mutavi,
2904 1510 3082 1581 inquis
3110 1529 3125 1565 :
3156 1511 3279 1573 ideo
3312 1512 3460 1581 dixi,
3497 1514 3581 1573 Ex

1996 1592 2124 1646 Deo.
2152 1591 2271 1650 Jam
2294 1608 2546 1665 compara
2574 1596 2706 1655 istos
2738 1599 2875 1659 duos
2894 1610 3051 1663 natos
3078 1622 3094 1659 :
3120 1604 3269 1665 illum
3294 1606 3581 1678 baptizavit

1989 1693 2168 1739 castus
2194 1685 2538 1755 manifestus;
2570 1687 2715 1747 hunc
2740 1691 3031 1764 baptizavit
3058 1694 3267 1755 adulter
3289 1699 3531 1757 occultus
3558 1718 3574 1754 :

1990 1773 2077 1828 ille
2089 1792 2154 1831 es
2173 1775 2406 1849 homine,
2426 1777 2527 1837 iste
2538 1794 2602 1836 ex
2621 1780 2730 1839 Deo
2744 1793 2897 1841 natus
2914 1795 3018 1843 est.
3037 1787 3266 1845 Felicius
3280 1805 3410 1860 ergo
3420 1803 3582 1851 natus

1989 1874 2073 1917 cst
2091 1880 2156 1921 ex
2179 1866 2427 1943 adultero
2451 1870 2687 1939 occulto,
2713 1887 2871 1943 quam
2897 1875 2987 1935 ille
3013 1893 3077 1933 ex
3098 1887 3247 1937 casto
3265 1881 3574 1943 manifesto.

2057 1954 2111 2010 8.
2151 1955 2238 2009 Ea:
2274 1954 2493 2015 Joannis
2529 1970 2574 2015 et
2594 1962 2825 2033 Apostoli
2864 1965 3023 2020 verbis
3060 1966 3358 2025 Donatistae
3395 1970 3575 2026 redar-

1983 2046 2112 2114 guit.
2155 2046 2340 2103 Melius
2385 2064 2512 2120 ergo
2535 2050 2798 2110 Joannem
2842 2056 3030 2125 audis,
3061 2073 3095 2114 o
3125 2059 3408 2128 hzeretice;
3455 2081 3572 2122 me-

1984 2138 2086 2194 lius
2108 2141 2261 2197 audis
2288 2158 2672 2212 praecursorem
2700 2163 2947 2206 recursor
2966 2153 3019 2217 ις
3057 2154 3249 2210 melius
3281 2157 3434 2212 audis
3471 2158 3573 2213 hu-

1985 2230 2201 2296 milem,
2246 2248 2280 2286 o
2318 2235 2583 2305 superbe;
2625 2240 2814 2294 melius
2862 2241 3014 2307 audis
3065 2244 3337 2300 lucernam
3375 2248 3571 2304 arden-

1987 2314 2093 2375 tem
2113 2363 2128 2386 ,
2159 2337 2194 2377 o
2224 2323 2438 2379 lucerna
2468 2328 2748 2385 exstincta.
2781 2331 2919 2385 Audi
2945 2332 3205 2389 Joannem
3226 2377 3241 2399 ,
3276 2352 3397 2392 cum
3424 2341 3571 2394 veni-

1984 2421 2130 2467 retur
2171 2413 2238 2468 ad
2272 2432 2427 2501 eum:
2470 2435 2490 2469 ι
2515 2419 2625 2484 Ego
2656 2420 2869 2492 quidem
2905 2422 3116 2494 baptiso
3151 2440 3246 2481 vos
3273 2427 3323 2482 in
3359 2444 3511 2501 aqua.
3544 2450 3563 2481 ι

1984 2502 2054 2558 Ει
2081 2513 2134 2559 ιιι
2155 2547 2172 2573 ,
2194 2506 2239 2561 si
2267 2495 2319 2563 te
2344 2523 2602 2579 agnoscas
2620 2552 2635 2577 ,
2659 2512 2905 2569 minister
2929 2530 2987 2570 es
3011 2531 3184 2588 aqum.
3224 2537 3242 2570 ι
3273 2495 3456 2591 Εεηίι
3490 2522 3571 2577 in-

1985 2596 2135 2665 quit,
2171 2615 2191 2647 ι
2220 2598 2431 2668 baptiso
2458 2617 2554 2657 vos
2589 2602 2642 2658 in
2669 2618 2838 2674 aqua;
2868 2606 2957 2677 qui
2989 2608 3168 2663 veniet
3204 2619 3384 2666 autem
3405 2652 3420 2678 ,
3450 2629 3568 2667 ma-

1975 2687 2063 2756 jor
2089 2706 2172 2744 me
2191 2701 2291 2745 est.
2323 2709 2343 2743 ι
2377 2692 2645 2760 Quantum
2664 2699 2836 2768 major
2861 2706 2915 2757 te
2936 2699 3057 2761 θειῖ
3089 2718 3109 2751 ι
3136 2699 3300 2771 Cuius
3322 2718 3426 2759 non
3447 2719 3566 2759 sum

1981 2777 2173 2849 dignus
2198 2781 2485 2853 corrigiam
2517 2785 2864 2843 calceameuti
2896 2790 3129 2847 solvere.
3158 2810 3177 2844 ι
3210 2792 3474 2861 Quantum
3508 2811 3567 2849 se

1983 2870 2305 2940 humiliaret,
2324 2875 2366 2929 si
2394 2890 2453 2931 se
2478 2875 2695 2948 dignum
2720 2878 2956 2938 diceret?
2975 2881 3052 2938 Ne
3078 2882 3183 2940 hoc
3205 2884 3417 2957 quidem
3433 2886 3562 2941 dixit

1979 2960 2200 3031 dignum
2228 2978 2287 3015 so
2314 2979 2434 3021 esse
2452 3007 2469 3032 ,
2500 2967 2781 3039 corrigiam
2810 2970 3159 3029 calceamcnli
3183 2974 3413 3030 solvere.
3444 2973 3566 3045 Ipse

1978 3061 2050 3105 est
2074 3053 2160 3121 qui
2185 3053 2408 3123 baptizat
2433 3057 2489 3113 in
2513 3057 2715 3130 Spiritu
2738 3061 3081 3137 sancto(Luc.
3109 3080 3188 3130 ut,
3223 3065 3310 3129 l6,
3329 3076 3378 3120 et
3403 3066 3561 3121 Joau.

1979 3161 2017 3210 I,
2048 3144 2138 3211 27,
2172 3148 2286 3219 55).
2317 3148 2452 3221 Quid
2484 3160 2537 3209 te
2576 3166 2673 3220 pro
2698 3152 2910 3229 Christo
2938 3157 3230 3231 supponis?
3259 3156 3380 3230 Ipso
3400 3158 3565 3230 bapti-

1977 3247 2058 3289 zat
2084 3238 2137 3291 in
2169 3236 2366 3308 Spiritu
2392 3251 2585 3297 sancto.
2613 3243 2754 3314 Ergo
2784 3244 2899 3315 ipse
2915 3244 3192 3315 justiticat.
3220 3248 3299 3304 Tu
3321 3249 3451 3321 quid
3475 3250 3562 3307 di-

1975 3327 2087 3382 cis?
2109 3329 2217 3398 Ego
2243 3331 2451 3402 haptizo
2478 3334 2530 3389 in
2553 3333 2755 3405 Spiritu
2775 3346 2980 3399 sancto,
3005 3354 3104 3409 ego
3127 3340 3380 3409 justifico.
3402 3342 3562 3403 Certe

1977 3433 2082 3472 non
2115 3419 2247 3474 dicis
2265 3462 2281 3487 ,
2316 3421 2426 3488 Ego
2454 3438 2574 3478 sum
2600 3424 2883 3483 Christus?
2912 3428 3070 3485 Certe
3106 3444 3211 3485 non
3236 3445 3296 3487 es
3327 3431 3396 3488 de
3421 3433 3523 3486 illis
3541 3474 3557 3499 ,

1974 3507 2041 3563 de
2066 3510 2255 3577 quibus
2280 3510 2477 3568 dictum
2502 3523 2617 3581 est,
2650 3515 2806 3573 Multi
2830 3519 3023 3574 venient
3046 3519 3099 3574 in
3127 3522 3328 3578 nomine
3352 3539 3460 3577 meo
3482 3528 3561 3577 di-

1975 3608 2158 3664 centes,
2183 3597 2295 3670 Ego
2322 3618 2435 3655 sum
2459 3601 2686 3665 Christus
2712 3605 2926 3675 (Manli.
2954 3624 3098 3675 sxw,
3121 3611 3217 3681 5)?
3245 3610 3440 3684 Captus
3459 3630 3517 3669 es
3542 3635 3555 3668 :

1973 3697 2132 3759 atque
2162 3691 2361 3747 utinam
2402 3694 2485 3749 vel
2528 3703 2715 3765 captus
2752 3697 3072 3766 inveniaris,
3114 3703 3201 3770 qui
3233 3718 3336 3759 non
3373 3714 3558 3773 caputs

1975 3782 2228 3848 perieras.
2260 3784 2461 3839 Bonum
2490 3797 2570 3842 est
2598 3788 2666 3843 ad
2701 3805 2876 3845 escam
2907 3794 3082 3861 magni
3116 3796 3253 3863 regis
3280 3798 3396 3870 capi
3429 3799 3555 3852 reti-

1971 3872 2072 3928 bus
2100 3875 2357 3931 veritatis.
2392 3877 2511 3933 Noli
2541 3895 2671 3951 ergo
2690 3881 2800 3953 jam
2826 3882 3025 3951 dieare,
3051 3887 3159 3958 ligo
3182 3889 3432 3961 justilico,
3458 3907 3557 3959 ego

1970 3966 2246 4021 sauctilico
2276 3986 2289 4022 :
2324 3985 2389 4024 uc
2418 3973 2752 4030 convincaris
2778 3975 2976 4046 dicere,
3012 3979 3121 4051 Ego
3147 3995 3262 4039 sum
3291 3983 3551 4039 Christus.

1973 4055 2075 4112 Dic.
2105 4060 2278 4128 potius
2307 4062 2449 4132 quod
2483 4064 2685 4120 amicus
2711 4069 2930 4137 sponsi,
2965 4087 3068 4127 nou
3096 4072 3185 4142 qui
3226 4081 3277 4127 te
3301 4074 3436 4129 velis
3466 4076 3549 4145 jao

1965 4158 2112 4204 ctare
2139 4167 2233 4223 pro
2259 4166 2459 4221 sponso
2490 4173 2504 4209 :
2539 4154 2714 4229 Neque
2736 4160 2824 4228 qui
2844 4161 3037 4233 plantat
3062 4172 3133 4219 est
3155 4164 3367 4235 aliquid,
3396 4182 3555 4235 neque

1965 4240 2053 4308 qui
2081 4241 2247 4319 rigat;
2273 4245 2362 4299 sed
2385 4246 2472 4314 qui
2494 4246 2853 4306 incrementum
2882 4251 2969 4307 dat
3000 4252 3135 4311 Deus
3165 4254 3205 4327 (Ι
3231 4255 3349 4312 Cor.
3373 4273 3450 4322 Ill,
3474 4259 3548 4329 7}.

1965 4331 2102 4385 Audi
2129 4335 2286 4387 etiam
2316 4346 2370 4392 ct
2394 4338 2586 4407 ipsum,
2611 4339 2681 4397 de
2708 4355 2813 4413 quo
2838 4344 3063 4415 agimus,
3086 4348 3314 4407 amicum
3344 4353 3547 4418 sponsi.

1964 4422 2121 4478 Certe
2141 4436 2260 4478 cum
2285 4425 2498 4483 Christo
2521 4434 2670 4501 quasi
2696 4432 2984 4503 discipulos
3010 4435 3257 4505 habebat,
3279 4449 3333 4495 et
3350 4439 3549 4494 Christi

1963 4516 2258 4589 discipulus
2284 4536 2388 4593 non
2411 4533 2526 4577 erat
2550 4542 2563 4578 :
2588 4525 2709 4581 audi
2740 4527 2887 4583 illum
2913 4529 3255 4588 conﬁtentem
3275 4549 3333 4589 se
3354 4534 3545 4592 Christi

1964 4610 2302 4681 disripulum.
2351 4612 2482 4669 Vide
2524 4616 2666 4672 illum
2709 4619 2847 4674 inter
2887 4620 3084 4679 Christi
3121 4623 3446 4696 discipulos,
3495 4640 3547 4683 (ιι

1963 4710 2110 4754 tanto
2135 4703 2451 4769 certiorem,
2480 4717 2679 4777 quanto
2707 4708 3078 4777 humiliorem;
3122 4723 3269 4779 tanto
3295 4715 3545 4772 humiliu-

1961 4784 2108 4852 rem,
2155 4803 2354 4863 quanto
2394 4792 2668 4869 majorem.
2716 4797 2847 4857 Vide
2887 4799 3032 4857 illum
3078 4800 3358 4860 facientem
3402 4810 3542 4876 quod

1958 4883 2213 4953 scriptum
2244 4895 2356 4952 est,
2395 4886 2596 4952 Quanto
2640 4905 2851 4959 magnus
2879 4908 2964 4954 es,
2998 4904 3137 4948 tanto
3178 4896 3389 4959 Intmilia
3415 4910 3462 4957 te
3490 4904 3542 4955 in

1958 4976 2204 5041 omnibus,
2225 4985 2272 5030 et
2293 4993 2464 5031 coram
2493 4977 2601 5034 Deo
2626 4980 2842 5041 invenies
2864 4985 3080 5057 gratiam
3108 4986 3297 5059 (Eccli.
3328 5007 3403 5057 ut,
3422 4993 3538 5063 illi).

1955 5066 2071 5122 Jam
2102 5067 2255 5131 dixit,
2290 5066 2413 5123 Non
2442 5086 2554 5124 sum
2584 5071 2769 5142 dignus
2796 5075 3067 5149 corrigiam
3092 5080 3419 5147 ωλι-εμπιφυὶ
3438 5086 3541 5141 sol-

1955 5174 2070 5214 uere
2090 5176 2108 5213 :
2129 5159 2223 5216 sed
2252 5176 2356 5216 non
2382 5160 2437 5216 in
2463 5160 2564 5217 hoc
2589 5177 2649 5219 se
2666 5163 2985 5236 discipulum
3010 5168 3411 5233 demonstravit.
3438 5175 3539 5244 Qui

1956 5248 2019 5302 de
2047 5251 2190 5317 caelo,
2224 5250 2414 5322 inquit,
2445 5253 2597 5321 venit,
2618 5270 2769 5325 super
2793 5273 2967 5313 omnes
2990 5270 3062 5316 est
3093 5259 3271 5332 (Joan.
3300 5281 3380 5331 ut,
3403 5267 3463 5323 51
3474 5266 3493 5337 )
3523 5287 3535 5325 :

1956 5355 2046 5395 nos
2069 5350 2237 5396 autem
2261 5358 2432 5397 omnes
2457 5342 2522 5398 de
2554 5344 2866 5414 plenitudine
2892 5349 3002 5419 ejus
3029 5352 3313 5422 accepimus
3342 5353 3452 5424 (Id.
3485 5372 3535 5421 t,

1958 5429 2065 5502 16).
2088 5430 2229 5502 Ergo
2246 5443 2299 5487 rt
2321 5433 2434 5504 ipse
2453 5434 2592 5490 inter
2609 5435 2899 5508 discipulos
2918 5448 3053 5507 erat,
3071 5442 3161 5511 qui
3182 5458 3303 5499 cum
3324 5445 3537 5503 Christo

1952 5520 2236 5592 discipulos
2277 5524 2579 5596 colligebat.
2612 5526 2751 5582 Audi
2789 5530 3024 5599 apertius
3058 5531 3311 5591 fatentem
3352 5552 3412 5594 se
3450 5541 3530 5594 di-

1953 5614 2211 5682 scipulum
2248 5631 2260 5667 :
2297 5614 2398 5680 Qui
2435 5618 2580 5672 habet
2621 5635 2896 5690 sponsam,
2940 5639 3156 5692 sponsus
3193 5636 3303 5693 est;
3344 5630 3549 5685 emitur

1948 5718 2112 5760 autem
2141 5708 2314 5776 sponsi
2350 5718 2481 5771 stat,
2512 5720 2558 5763 et
2592 5711 2733 5764 audit
2762 5729 2873 5766 eum
2900 5711 3009 5783 (Id.
3048 5731 3137 5781 ιιι,
3169 5715 3285 5790 ‘29).
3320 5719 3383 5778 Et
3415 5721 3537 5779 idm

2012 5824 2025 5854 ι
2054 5821 2169 5883 ιίει
2196 5856 2211 5873 .
2236 5836 2526 5885 πιαίνων.
2554 5832 2608 5876 At
2630 5826 2854 5890 plerique
2876 5834 3006 5895 Mss,
3030 5842 3270 5888 recuraor.
