3974 6170
360 382 508 442 431⁸1

369 510 473 555 stat
494 542 508 567 ,
541 517 663 571 quia
694 501 842 558 audit
874 518 1019 559 cum.
1058 505 1176 563 Stat
1203 517 1250 562 et
1286 508 1464 574 audit;
1492 509 1611 580 quia
1639 510 1681 565 si
1712 526 1816 565 non
1847 527 1946 564 att-

368 590 513 657 diat,
537 582 704 647 cadit.
746 591 935 649 Merito
977 595 1102 665 ille,
1132 597 1341 652 Λιιάὶιαὶ
1378 615 1486 654 meo
1528 599 1702 667 dabis,
1742 601 1941 669 inquit,

368 684 746 739 exsultatimtem
770 696 814 740 et
842 686 1088 742 latitiam.
1118 689 1254 757 Quid
1284 698 1366 747 est
1384 733 1397 755 ,
1427 691 1623 745 auditur"
1657 693 1806 747 meo?
1833 693 1946 747 Au-

367 774 483 829 dire
520 775 668 830 iilum
690 817 705 842 ,
737 792 842 832 non
881 779 1051 833 audiri
1091 780 1226 835 velle
1262 796 1358 850 pro
1402 782 1512 836 illo.
1547 783 1611 836 Et
1639 790 1696 835 ut
1733 781 1945 837 noverio

368 878 485 916 mus
513 867 636 934 quia
677 866 729 921 in
758 883 826 923 eo
866 868 1005 940 quod
1034 869 1180 924 audit
1215 886 1334 924 emn
1359 911 1372 935 ,
1418 871 1765 926 humilitatem
1796 886 1946 925 com-

362 956 582 1012 mendat
613 976 627 1011 :
659 973 780 1015 cum
817 959 1075 1028 dixisset,
1108 962 1318 1016 Αναὶιυὶ
1341 979 1449 1017 meo
1479 963 1621 1017 dabis
1650 964 1947 1018 exsultatio-

368 1064 480 1101 nem
509 1060 555 1103 et
578 1048 837 1117 twtitiam;
858 1053 1108 1107 continuo
1124 1052 1413 1122 subjunxit,
1429 1064 1475 1106 et
1497 1054 1812 1107 exsultabant
1835 1070 1948 1107 ossa

366 1138 632 1193 humiliora
652 1139 823 1213 (Psat.
858 1158 923 1207 ι,
958 1141 1072 1212 10).
1110 1141 1227 1199 Stat
1251 1158 1379 1212 ergo
1403 1151 1457 1197 et
1485 1144 1630 1197 audit
1659 1159 1801 1198 eum.
1834 1143 1944 1198 Ea:-

364 1229 618 1284 sultabunt
645 1247 758 1285 ossa
784 1230 1080 1298 humilium,
1114 1233 1235 1304 quia
1274 1232 1588 1304 franguntur
1613 1233 1769 1288 elata.
1811 1232 1944 1287 Nul-

365 1319 448 1374 lus
473 1335 601 1388 ergo
621 1320 724 1375 sibi
749 1336 936 1376 servus
956 1330 1272 1392 potestatem
1294 1323 1503 1379 Domini
1526 1334 1780 1378 assumat.
1804 1322 1945 1379 Gau-

364 1408 488 1464 deat
513 1425 573 1465 se
598 1426 719 1467 esse
755 1413 805 1467 in
830 1411 1053 1481 familia,
1085 1423 1140 1470 et
1159 1415 1205 1469 si
1230 1424 1313 1471 est
1341 1415 1673 1486 pnepositus,
1710 1415 1947 1485 proferat

364 1500 417 1554 in
450 1510 687 1572 tempore
714 1504 987 1561 conservis
1026 1506 1224 1562 cibaria
1252 1504 1462 1578 (ﬂuuit.
1498 1523 1659 1573 xxiv,
1690 1507 1817 1579 45);
1849 1507 1943 1563 sed

364 1593 504 1650 unde
531 1603 587 1650 et
625 1596 736 1666 ipse
772 1597 948 1665 vivat,
982 1614 1087 1655 non
1126 1607 1186 1654 ut
1221 1599 1288 1654 de
1306 1598 1434 1671 ipso
1463 1600 1538 1655 illi
1575 1600 1772 1655 vivant.
1810 1599 1944 1655 Nam

305 1691 308 1694 ’
362 1686 488 1756 quid
530 1695 612 1743 est
646 1688 891 1759 proferre
930 1691 983 1745 in
1024 1699 1265 1762 tempore
1292 1692 1524 1760 cibaria,
1570 1693 1669 1749 nisi
1700 1692 1943 1765 proferre

362 1777 651 1846 Christum,
682 1780 899 1836 laudare
925 1781 1217 1852 Christum,
1244 1785 1621 1842 commendare
1638 1785 1939 1855 Christum,

363 1869 653 1938 pnrdicare
672 1869 976 1927 Christum?
997 1873 1100 1930 hoc
1124 1884 1224 1941 est,
1250 1875 1492 1946 proferre
1522 1877 1572 1932 in
1603 1888 1847 1948 tempore
1866 1878 1942 1933 ci-

362 1960 525 2015 baria.
556 1961 688 2017 Nam
717 1974 774 2017 ut
798 1975 941 2020 esset
962 1965 1077 2035 ipse
1095 1964 1338 2021 Christus
1362 1967 1556 2023 cibaria
1579 1969 1938 2041 jumentorum

358 2067 596 2118 suorum,
620 2064 774 2112 natus
794 2057 857 2112 in
870 2059 1094 2129 praesepi
1118 2060 1320 2130 positus
1340 2069 1442 2116 est.

722 2221 737 2233 ρ
796 2192 1028 2249 saeuo
1063 2194 1311 2251 ccxcut
1341 2200 1359 2221 ο
1402 2194 1499 2269 (a).

677 2307 728 2351 In
759 2301 908 2353 natali
936 2304 1133 2355 Joannis
1160 2306 1379 2370 Baptista:
1409 2306 1500 2371 to),
1534 2323 1613 2359 vn.

433 2429 482 2480 1.
515 2424 734 2481 Joannis
762 2438 810 2483 et
838 2428 1030 2485 Christi
1052 2432 1106 2485 in
1146 2434 1403 2487 nativitate
1431 2435 1758 2506 comparatio.
1800 2433 1937 2490 San-

356 2517 426 2570 cti
464 2516 721 2585 Joannis,
754 2518 915 2588 cujus
936 2522 1262 2577 nativitatem
1285 2563 1300 2590 ,
1336 2538 1458 2577 cum
1488 2523 1830 2596 Evangelium
1862 2527 1937 2582 le-

355 2614 605 2675 geretur,
656 2608 911 2664 mirantes
957 2610 1289 2677 audivimus,
1342 2614 1731 2670 solemnitatem
1779 2616 1938 2673 hodie

355 2694 706 2750 celebramus.
727 2696 930 2764 Quanta
958 2707 1041 2753 est
1062 2701 1228 2770 gloria
1251 2701 1462 2770 iudicis,
1481 2703 1525 2757 si
1544 2713 1685 2758 tanta
1712 2713 1793 2760 est
1808 2721 1939 2776 pra:-

355 2787 544 2842 conis'!
572 2788 755 2856 Qualis
776 2797 876 2845 ’est
903 2799 1157 2847 venturus
1185 2793 1266 2848 via
1288 2835 1302 2861 ,
1335 2794 1378 2850 si
1423 2795 1542 2851 talis
1570 2808 1653 2852 est
1679 2797 1769 2868 qui
1797 2814 1934 2869 prte-

358 2889 505 2947 parat
543 2881 720 2935 viam?
748 2881 1084 2939 Nativitatem
1114 2883 1336 2942 Joannis
1362 2888 1592 2958 quodam
1625 2889 1784 2945 modo
1809 2906 1937 2946 con-

356 2982 614 3026 secratam
653 2973 901 3029 observat
938 2975 1175 3032 Ecclesia
1210 2996 1223 3032 :
1256 2993 1357 3034 nec
1397 2980 1664 3036 invenitur
1701 2982 1841 3038 ullus
1881 2983 1933 3037 in

356 3061 636 3126 Patribus,
665 3064 820 3134 cujus
853 3068 1179 3123 nativitatem
1216 3070 1527 3125 solemniter
1563 3072 1933 3130 celebremus:

355 3151 686 3209 celebramus
712 3155 966 3224 Joannis,
998 3159 1329 3217 celebramus
1355 3170 1418 3216 vet
1442 3161 1633 3217 Christi
1668 3180 1682 3215 :
1715 3164 1816 3220 hoc
1840 3181 1934 3219 va-

355 3259 478 3296 care
501 3258 606 3299 non
637 3255 840 3314 potest,
871 3257 926 3303 ct
951 3248 997 3305 si
1026 3248 1160 3305 forte
1187 3266 1217 3305 a
1247 3253 1400 3309 nobis
1428 3268 1523 3324 pro
1551 3264 1711 3311 tanta;
1739 3257 1814 3311 rei
1849 3258 1932 3313 di-

354 3334 555 3402 gmitate
588 3336 764 3392 minus
786 3338 1112 3409 explicatur,
1145 3341 1466 3400 fructuosius
1493 3355 1667 3403 tamen
1698 3356 1754 3403 et
1775 3348 1934 3405 altius

355 3427 634 3497 cogitatur.
663 3427 911 3487 Nascitur
932 3431 1165 3489 Joannes
1188 3434 1253 3491 de
1289 3437 1495 3492 anicula
1523 3439 1724 3505 sterili,
1758 3422 1932 3497 nasci-

358 3530 442 3573 tur
466 3517 707 3575 Christus
735 3520 802 3576 de
825 3522 1108 3592 juvencula
1133 3526 1355 3597 virgine.
1381 3527 1638 3585 Joannem
1671 3532 1806 3600 parit
1828 3544 1935 3587 ste-

357 3611 544 3677 rilitas,
562 3611 830 3669 Christum
850 3616 1157 3687 integritas.
1186 3618 1243 3673 in
1267 3619 1540 3677 nativitate
1564 3621 1784 3678 Joannis
1804 3634 1933 3680 tetas

354 3716 587 3774 congrua
612 3719 718 3759 non
745 3715 861 3761 erat
883 3709 1188 3776 parenta’lis,
1211 3711 1262 3763 in
1285 3712 1557 3767 nativitate
1577 3713 1770 3768 Christi
1789 3730 1935 3769 com-

356 3795 543 3865 plexus
581 3811 684 3853 non
714 3800 917 3855 exstitit
942 3803 1219 3859 maritalis.
1250 3805 1345 3862 Ille
1382 3807 1572 3878 angelo
1612 3810 1933 3879 praedicante

357 3886 626 3942 nuntiatur
643 3930 658 3956 ,
691 3889 791 3945 iste
810 3893 1000 3963 angelo
1026 3895 1301 3951 nuntiante
1328 3899 1640 3969 concipitur.
1669 3899 1787 3956 Non
1812 3917 1931 3957 cre-

354 3980 497 4035 ditur
519 3980 750 4038 Joannes
775 3986 1074 4042 nasciturus
1094 4029 1108 4053 ,
1140 3997 1194 4044 et
1231 3989 1289 4044 lit
1319 4001 1467 4060 pater
1496 4003 1673 4049 mutus
1699 4012 1713 4049 :
1755 3996 1931 4050 credi-

357 4080 442 4124 tur
463 4070 727 4141 Chrislus,
757 4085 812 4129 et
836 4074 938 4132 llde
962 4078 1277 4149 concipitur.
1308 4081 1392 4135 Fit
1419 4082 1565 4151 prius
1590 4084 1849 4140 adventus
1875 4087 1933 4141 li-

353 4163 439 4218 dci
464 4163 515 4218 in
539 4180 632 4220 cor
653 4166 890 4238 virginis,
910 4178 963 4226 et
982 4171 1221 4243 sequitur
1245 4172 1542 4232 fecunditas
1564 4177 1616 4232 in
1646 4188 1799 4234 utero
1817 4196 1932 4234 ma-

355 4254 468 4310 tris.
498 4257 562 4311 Et
590 4266 766 4314 tamen
804 4275 970 4331 prope
997 4262 1183 4320 eadem
1212 4266 1371 4322 verba
1405 4277 1528 4324 sunt
1553 4269 1823 4327 Zachariae
1845 4273 1931 4329 di-

352 4346 541 4412 contis,
572 4362 694 4404 cum
720 4352 938 4420 angelus
962 4352 1221 4411 Joannem
1248 4358 1534 4425 nuntiaret,
1566 4359 1670 4416 Per
1694 4363 1815 4432 quid
1846 4380 1934 4417 co-

353 4452 591 4506 gnoscam
627 4441 762 4494 hoc?
795 4440 904 4511 Ego
943 4445 1074 4497 enim
1100 4462 1215 4500 sum
1249 4463 1431 4513 senex,
1460 4461 1509 4504 et
1536 4468 1665 4506 uxor
1690 4470 1800 4509 mea
1818 4454 1933 4526 jam

356 4530 595 4596 processit
620 4532 671 4584 in
696 4532 869 4588 diebus
894 4536 999 4589 suis
1031 4552 1050 4590 :
1078 4548 1132 4593 et
1156 4539 1332 4597 Maria:
1356 4554 1555 4601 sanctze
1580 4550 1772 4617 angelo
1798 4566 1934 4605 nun—

355 4620 517 4674 tiante
558 4630 763 4689 partum
793 4623 912 4690 ejus
948 4624 1180 4681 futurum
1204 4671 1219 4695 ,
1258 4648 1278 4682 ‹
1304 4631 1583 4698 Quomodo
1622 4638 1714 4694 lict
1754 4640 1891 4697 istud
1914 4684 1930 4710 ,

353 4710 601 4777 quoniam
642 4710 813 4766 virum
840 4728 945 4768 non
985 4720 1289 4788 cognosco?
1316 4740 1334 4773 ι
1372 4736 1506 4793 pene
1535 4726 1720 4783 eadem
1748 4732 1927 4786 verba.

349 4800 427 4856 Illi
467 4802 661 4857 dicitur
692 4822 705 4857 :
744 4822 764 4856 ‹
793 4803 934 4862 Ecce
975 4808 1083 4864 eris
1123 4810 1340 4880 tacens,
1382 4830 1483 4872 nec
1520 4827 1710 4888 potens
1749 4820 1929 4892 loqui,

352 4907 628 4964 quousque
656 4892 785 4951 fiant
811 4896 943 4964 haec,
980 4908 1197 4972 propter
1217 4904 1357 4974 quod
1379 4921 1483 4961 non
1510 4908 1779 4967 credidisti
1810 4928 1932 4969 ver-

352 4985 433 5039 bis
457 4985 626 5052 meis,
657 5002 778 5057 quae
800 4988 1231 5061 adimplebuntur
1264 5004 1502 5068 tempore
1527 5014 1643 5056 suo.
1676 5022 1696 5056 ι
1727 5003 1807 5059 illi
1834 5021 1933 5061 au-

353 5084 459 5131 tem
491 5094 505 5131 :
543 5096 564 5130 ι
592 5077 822 5150 Spiritus
849 5094 1067 5142 sanctus
1092 5094 1437 5158 superveniet
1476 5093 1528 5148 in
1558 5105 1609 5149 te
1629 5137 1643 5158 ,
1686 5106 1741 5153 et
1765 5098 1933 5154 virtus

353 5167 608 5225 Altissimi
643 5170 982 5233 obumbrabit
1021 5177 1152 5245 tibi;
1186 5194 1463 5252 propterea
1504 5186 1643 5256 quod
1686 5200 1934 5245 nascetur

351 5276 411 5313 ex
446 5269 499 5316 te
522 5260 796 5330 Sanctum,
822 5267 1099 5324 vocabitur
1122 5269 1288 5327 Filius
1312 5274 1424 5328 Dei.
1458 5294 1477 5327 ι
1513 5275 1604 5344 ille
1626 5280 1927 5349 corripitur,

306 5373 315 5377 ι
352 5350 437 5407 illa
478 5353 779 5412 instruitur.
812 5354 897 5413 illi
937 5357 1162 5427 dicitur,
1208 5363 1341 5432 Quia
1372 5382 1475 5423 non
1506 5370 1776 5426 credidisti
1811 5391 1826 5429 :
1859 5375 1930 5428 illi

350 5444 577 5512 dicitur,
612 5449 806 5520 Accipe
845 5448 985 5520 quod
1027 5455 1277 5524 qumsisti.
1313 5456 1700 5527 Propemodum
1744 5465 1931 5521 eadem

415 5591 721 5674 :‘f‘last‘igatus.
741 5602 800 5674 ad
823 5601 888 5674 cl.
912 5617 955 5674 ξ.
981 5618 1071 5674 rm.
1095 5614 1130 5657 t.
1158 5614 1253 5674 vat.
1278 5617 1331 5659 et
1361 5609 1419 5658 ad
1437 5614 1570 5674 \‘igu.

411 5652 484 5727 ςίιξ
519 5652 674 5727 olivas,
709 5665 838 5727 inter
872 5652 1262 5727 t'igtieriaiiosﬁiiv.

411 5680 461 5709 tu
519 5680 674 5719 suas,
709 5680 838 5712 llilCl‘
874 5680 1186 5727 \‘tguertauos
1216 5680 1262 5719 Si.

411 5680 765 5799 (Iliiﬂtaturiu
800 5726 939 5775 norbe
961 5741 1077 5799 vera
1110 5729 1403 5799 Collectione
1436 5739 1643 5785 nandum
1682 5742 1757 5795 im:
1780 5759 1927 5799 υνδερ,

337 5774 659 5909 ﬁolnit,
679 5793 730 5833 et
746 5787 794 5833 in
822 5774 1020 5836 exordio
1033 5796 1271 5844 sermonis
1291 5774 1634 5861 subsetpten‘t'is

625 5860 655 5893 ι.

437 5852 655 5893 nuntiati.

1604 395 1660 450 S.
1700 393 2065 454 AUGUSTINI
2105 394 2407 451 EPISCOPI

3509 408 3651 465 1328

2038 504 2215 562 'verba
2256 517 2414 574 sunt,
2461 505 2563 562 Per
2590 507 2713 578 quid
2751 524 3052 581 cognoscam
3093 512 3228 567 hoc?
3253 523 3341 583 et,
3377 514 3651 582 Quomodo

2054 597 2138 666 ﬁet
2162 597 2449 652 istudISed
2475 612 2597 653 eum
2622 599 2713 670 qui
2737 600 2897 656 verba
2928 601 3182 658 audiebat
3203 613 3259 661 et
3280 621 3377 661 cor
3405 608 3647 677 videbat,

2055 706 2161 745 non
2189 691 2404 746 latebat.
2438 691 2494 746 In
2522 693 2800 764 utriusque
2824 696 3003 751 verbis
3029 700 3280 769 cogitatio
3304 700 3523 769 latebat;
3548 708 3650 761 sed

2055 781 2316 845 homines,
2350 799 2454 837 non
2481 785 2723 854 angelum
2753 786 2949 842 latebat
2977 804 2990 839 :
3027 789 3135 844 imo
3161 806 3265 845 non
3296 792 3492 848 latebat
3516 812 3645 852 eum

2053 874 2139 944 qui
2168 876 2480 943 loquebatur
2504 891 2600 944 per
2621 877 2890 947 angelum.
2920 878 3199 935 Postremo
3222 884 3459 938 nascitur
3480 886 3643 941 Joan-

2052 981 2182 1033 ncs,
2214 967 2337 1020 dum
2366 967 2472 1037 jam
2499 968 2586 1022 lux
2617 970 2904 1038 minuitur,
2937 980 2989 1025 et
3015 987 3118 1026 nox
3144 974 3329 1044 incipit
3353 993 3602 1033 crescere
3631 1007 3646 1040 ε

2053 1058 2290 1112 nascitur
2314 1058 2591 1125 Christus,
2625 1059 2751 1113 dum
2788 1076 2895 1115 nox
2922 1064 3114 1132 accipit
3137 1065 3514 1122 detrimentum
3534 1111 3551 1134 ,
3586 1086 3649 1128 et

2051 1145 2168 1200 dies
2205 1158 2564 1217 augmentum.
2597 1148 2664 1203 Et
2692 1158 2942 1220 tanquam
2970 1151 3074 1207 hoc
3099 1154 3305 1224 signum
3347 1159 3643 1214 nativitatis

2049 1237 2326 1292 amborum
2348 1236 2581 1293 Joannes
2607 1240 2720 1309 ipse
2743 1242 3053 1312 respiciens,
3085 1244 3214 1300 dicit
3243 1263 3258 1300 :
3292 1245 3449 1301 Illum
3482 1267 3643 1319 opor-

2050 1334 2118 1381 tet
2154 1343 2406 1394 crescere,
2437 1345 2518 1383 me
2558 1340 2726 1384 autem
2760 1332 2918 1385 minui
2952 1331 3128 1405 (Joan.
3157 1351 3248 1401 ut,
3282 1337 3393 1407 30).
3425 1338 3637 1409 Propo-

2049 1418 2252 1473 suimus
2279 1418 2592 1489 inquirenda
2613 1461 2629 1486 ,
2671 1430 2727 1475 et
2761 1420 3093 1478 discutienda
3121 1425 3462 1494 praediximus
3495 1446 3509 1481 :
3540 1430 3635 1482 sed

2051 1508 2151 1564 hoc
2174 1509 2494 1578 praelocutus
2517 1524 2634 1564 sum
2655 1550 2672 1577 ,
2706 1518 2759 1565 et
2782 1512 2828 1567 si
2852 1513 3100 1568 omnibus
3129 1518 3258 1570 tanti
3284 1519 3523 1589 mystcrii
3562 1520 3642 1573 si-

2048 1598 2207 1654 nibus
2233 1599 2633 1669 perscrutandis
2657 1615 2761 1657 non
2798 1602 3110 1671 sufﬁcimus,
3139 1606 3221 1661 vel
3244 1605 3513 1673 facultate,
3552 1610 3634 1663 τω

2048 1699 2310 1762 tempore;
2326 1692 2517 1748 melius
2529 1706 2623 1747 vos
2634 1691 2844 1750 docebit
2859 1696 2947 1764 qui
2969 1695 3201 1766 loquitur
3215 1697 3268 1752 in
3284 1699 3451 1765 vobis,
3466 1702 3635 1754 etiam

2040 1779 2351 1837 absentibus
2376 1781 2549 1847 nobis,
2575 1797 2734 1852 quem
2763 1783 2847 1853 pie
2872 1784 3305 1857 cogitatis,quem
3332 1789 3495 1844 corde
3514 1806 3636 1845 sns-

2044 1868 2279 1940 cepistis,
2300 1870 2454 1940 cujus
2478 1872 2672 1940 templa
2695 1871 2819 1927 facti
2840 1875 2987 1929 estis.

2114 1958 2171 2014 2.
2204 1959 2431 2015 Joannes
2453 1962 2658 2029 quidam
2695 1963 2839 2019 limes
2861 1966 3040 2020 veteris
3075 1975 3124 2020 et
3147 1970 3264 2021 novi
3300 1968 3631 2025 Testamevzti.

2044 2047 2171 2103 Ideo
2194 2059 2243 2103 et
2265 2050 2330 2105 de
2352 2053 2551 2107 senibus
2574 2055 2831 2135 nascitur,
2863 2066 2908 2109 et
2928 2057 2982 2111 in
3006 2067 3143 2113 utero
3167 2061 3402 2114 exsultat.
3428 2062 3633 2117 Zacha-

2042 2141 2136 2195 rite
2171 2157 2227 2196 os
2255 2141 2398 2211 prius
2437 2143 2698 2209 clausum,
2730 2153 2779 2199 et
2816 2155 2929 2216 post
2965 2159 3216 2216 apertum.
3246 2148 3469 2206 Videtur
3498 2168 3632 2223 ergo

2040 2232 2275 2289 Joannes
2294 2233 2605 2304 intcrjectus
2621 2237 2832 2306 quidam
2852 2238 3006 2294 limes
3021 2241 3482 2299 Testamentorum
3499 2246 3633 2299 duo-

2042 2341 2198 2393 rum,
2228 2329 2422 2382 veteris
2462 2338 2516 2382 et
2555 2331 2697 2383 novi.
2725 2330 2856 2385 Nam
2893 2347 3016 2387 eum
3049 2348 3199 2399 esse,
3234 2345 3289 2390 ut
3313 2336 3462 2406 dixi,
3491 2355 3631 2407 ψιιι-

2041 2418 2162 2473 dam
2191 2419 2351 2473 modo
2376 2419 2597 2475 limitem
2624 2422 2880 2478 Dominus
2910 2425 3022 2494 ipse
3044 2434 3265 2481 tcsmtur
3284 2427 3502 2484 dicens:
3524 2428 3633 2484 Lm:

2039 2517 2088 2562 et
2107 2508 2377 2577 Propheta:
2397 2527 2549 2580 usque
2564 2512 2631 2564 ad
2648 2511 2897 2566 Joannem
2917 2513 3195 2585 Baptislam
3215 2517 3362 2587 (Luc.
3384 2536 3490 2583 xw,
3515 2522 3628 2591 16).

2041 2597 2275 2652 ᾓιειίηει
2301 2615 2428 2668 ergo
2456 2616 2731 2670 personam
2758 2607 3051 2667 vetustatis,
3086 2617 3137 2660 et
3169 2610 3491 2675 ,irmcouium
3523 2628 3628 2663 nu-

2043 2689 2234 2744 vitatis.
2261 2690 2487 2759 Propter
2525 2707 2800 2760 personam
2837 2695 3147 2759 vetustatis,
3177 2696 3242 2751 de
3273 2699 3493 2753 senibus
3530 2719 3629 2753 na-

2040 2780 2239 2835 scitur:
2275 2793 2489 2851 propter
2514 2797 2791 2852 personam
2824 2787 3087 2849 novitatis,
3115 2788 3165 2841 iu
3192 2791 3487 2846 visceribus
3515 2810 3630 2846 ma-

2040 2871 2134 2926 tris
2155 2872 2413 2942 pr0pheta
2440 2872 2759 2928 declaratur.
2783 2874 3025 2930 Nondum
3054 2879 3196 2933 enim
3225 2890 3377 2935 natus
3402 2882 3468 2935 ad
3496 2899 3630 2936 sau-

2035 2971 2138 3020 cia:
2163 2964 2337 3019 Mariae
2362 2965 2668 3030 adventum,
2700 2968 2986 3022 exsultavit
3012 2971 3061 3023 in
3100 2980 3248 3026 utero
3278 2975 3480 3027 matris.
3504 2975 3625 3029 .lam

2039 3054 2111 3108 ibi
2136 3053 2440 3125 designatus
2464 3066 2613 3121 emt,
2645 3056 2953 3126 designatus
2985 3072 3268 3130 antequam
3300 3077 3454 3117 natus
3483 3083 3496 3115 :
3528 3081 3625 3117 cu-

2032 3142 2121 3214 jus
2160 3158 2456 3214 prarcursor
2493 3156 2634 3201 esset
2669 3148 3005 3213 ostenditur,
3039 3159 3323 3220 antequam
3351 3153 3418 3207 ab
3442 3169 3508 3206 eo
3542 3154 3629 3205 vi-

2036 3236 2269 3291 deretur.
2302 3236 2485 3291 Divina
2513 3249 2636 3291 sunt
2663 3239 2796 3303 huc,
2826 3249 2879 3294 et
2904 3256 3213 3296 mensuram
3244 3243 3493 3296 humanae
3522 3245 3628 3298 fra-

2037 3325 2252 3395 gilitatis
2272 3325 2551 3380 excedunt.
2588 3328 2866 3383 Postremo
2893 3332 3149 3395 nascitur,
3181 3332 3375 3400 accipit
3401 3350 3624 3399 nomen,

2038 3415 2211 3484 lingua
2240 3416 2463 3470 solvitur
2488 3419 2651 3486 patris
2681 3418 2831 3487 (an.
2863 3419 2925 3489 t).
2957 3419 3114 3475 llefer
3140 3422 3283 3490 quod
3311 3421 3506 3477 factum
3541 3435 3628 3477 est

2037 3505 2103 3561 ad
2133 3507 2515 3577 signiﬁcantem
2559 3508 2842 3587 imaginem
2875 3527 3054 3565 rerum
3085 3529 3099 3564 :
3132 3521 3336 3567 tantum
3364 3515 3508 3582 quod
3550 3514 3629 3568 fa-

2036 3606 2177 3652 ctum
2207 3608 2289 3652 est
2312 3614 2378 3653 ue
2412 3613 2517 3653 non
2544 3599 2738 3654 factum
2770 3611 2922 3671 putes
2944 3644 2957 3665 ,
2989 3606 3236 3672 quoniam
3264 3605 3390 3673 quid
3425 3608 3629 3676 signiti-

2036 3701 2183 3745 caret
2212 3690 2427 3745 forsitan
2466 3693 2634 3747 dices.
2680 3692 2789 3747 Iloc
2813 3696 2951 3763 quod
2986 3695 3177 3750 factum
3223 3706 3338 3761 est,
3382 3699 3530 3752 refer
3556 3699 3623 3752 ad

2036 3778 2471 3849 signiﬁcationem
2514 3797 2691 3834 rerum
2714 3824 2727 3845 ,
2761 3791 2812 3836 et
2852 3784 2971 3838 vide
2998 3801 3242 3854 magnum
3284 3792 3620 3858 mysterium.

2036 3871 2316 3926 Zacharias
2344 3882 2501 3939 tacet,
2533 3882 2585 3927 et
2609 3875 2808 3928 amittit
2831 3891 3038 3939 vocem,
3072 3878 3243 3933 donec
3268 3878 3504 3934 Joannes
3527 3898 3621 3934 na-

2036 3972 2276 4017 sceretur
2303 3977 2600 4031 praecursor
2626 3965 2831 4018 Dmnini
2852 4008 2868 4031 ,
2896 3975 2950 4021 et
2983 3968 3213 4036 aperiret
3249 3986 3456 4025 vocem.
3484 3973 3621 4039 Quid

2036 4063 2119 4111 est
2143 4054 2409 4111 silentium
2437 4055 2727 4119 Zachariae,
2759 4058 2858 4112 nisi
2890 4060 3161 4129 prophetia
3193 4062 3387 4127 latens,
3413 4074 3461 4117 ct
3499 4076 3625 4118 ante

2039 4144 2465 4214 pradicationem
2485 4145 2678 4200 Chriin
2698 4148 2925 4216 quodam
2950 4151 3107 4204 modo
3124 4154 3329 4207 occulta
3349 4167 3399 4208 et
3417 4156 3625 4210 clausa?

2037 4235 2285 4303 Aperitur
2314 4235 2454 4288 illius
2480 4236 2708 4290 adventu
2729 4277 2745 4303 ,
2779 4239 2918 4292 clara
2953 4240 3010 4294 lit
3034 4249 3258 4296 venturo
3284 4260 3349 4299 eo
3376 4246 3463 4313 qui
3497 4263 3623 4315 prn-

2038 4323 2371 4393 phetahatur.
2401 4324 2513 4379 lioc
2538 4332 2619 4379 est
2653 4328 2858 4396 apertio
2885 4330 3029 4384 vocis
3054 4331 3323 4387 Zacharize
3348 4334 3399 4387 in
3430 4337 3626 4389 nativi-

2038 4421 2144 4467 tate
2168 4412 2386 4468 Joannis
2405 4455 2419 4479 ,
2449 4414 2587 4482 quod
2615 4423 2696 4469 est
2720 4415 2967 4473 discissio
2995 4421 3095 4474 veli
3137 4421 3189 4475 in
3218 4438 3376 4478 crure
3402 4420 3599 4479 Christi

2036 4502 2271 4558 Joannes
2293 4503 2336 4556 si
2365 4519 2423 4558 se
2446 4504 2616 4573 ipsum
2644 4507 2915 4563 numiaret
2936 4552 2950 4575 ,
2981 4509 3247 4565 Zachariae
3269 4528 3332 4568 os
3359 4530 3465 4567 non
3494 4532 3625 4584 ape-

2037 4595 2182 4650 riret.
2212 4596 2445 4651 Solvitur
2468 4597 2667 4666 lingua,
2696 4600 2817 4667 quia
2843 4604 3077 4666 nascitur
3102 4620 3200 4659 vox
3233 4623 3246 4659 :
3281 4622 3404 4661 nam
3431 4607 3623 4663 Joanui

2032 4685 2142 4754 jam
2164 4688 2536 4755 praenuntianti
2562 4689 2839 4745 Dominum
2862 4692 3059 4747 dictmn
3084 4704 3183 4759 est,
3206 4694 3285 4750 Tu
3307 4700 3421 4767 quis
3446 4701 3538 4753 es.’
3560 4700 3628 4753 Et

2038 4777 2343 4846 respondit,
2373 4776 2483 4848 Ego
2524 4796 2636 4833 sum
2666 4797 2762 4836 vox
2789 4783 3054 4840 clamantis
3084 4787 3136 4840 in
3162 4805 3329 4842 eremo
3359 4791 3541 4863 (Joan.
3573 4810 3619 4859 ι,

2035 4865 2124 4930 22.
2156 4867 2268 4935 23).

2107 4952 2160 5011 5.
2216 4956 2322 5013 Vos:
2362 4958 2622 5026 Joannes,
2666 4961 2881 5017 Verbum
2925 4967 3171 5021 Christus.
3231 4967 3344 5024 Vos:
3400 4971 3617 5027 Verbum

2040 5058 2233 5117 putata.
2259 5048 2372 5104 Vox
2395 5050 2647 5116 Joannes,
2680 5053 2934 5111 Dominus
2961 5068 3135 5112 autem
3157 5061 3209 5114 in
3238 5063 3491 5132 principio
3519 5077 3620 5119 emt

2048 5139 2262 5195 Verbum
2289 5140 2476 5212 (Ibid.,
2508 5143 2578 5216 1).
2601 5144 2833 5203 Joannes
2871 5157 2971 5204 v0x
3010 5149 3075 5204 ad
3102 5160 3343 5220 tempus,
3376 5155 3620 5212 Christus

2039 5228 2270 5285 Verbum
2316 5231 2367 5286 in
2418 5235 2677 5304 principio
2717 5246 2993 5292 aeternum.
3034 5239 3183 5295 Tolle
3209 5242 3466 5311 verbum,
3498 5247 3623 5314 quid

2038 5332 2120 5376 est
2139 5321 2282 5376 vox?
2308 5322 2407 5379 Ubi
2434 5326 2611 5382 nullus
2639 5337 2721 5383 est
2752 5327 3053 5385 intellectus
3073 5374 3088 5400 ,
3119 5332 3292 5389 inanis
3312 5345 3395 5390 est
3424 5341 3623 5406 strepi-

2040 5422 2143 5465 tus.
2168 5411 2281 5467 Vox
2307 5414 2423 5469 sine
2464 5417 2628 5473 verbo
2657 5435 2838 5473 aurem
2869 5423 3071 5490 pulsat,
3096 5438 3191 5479 cor
3228 5441 3337 5481 non
3372 5428 3621 5484 mdiﬁcit.

2039 5502 2414 5560 Verumtamen
2455 5507 2507 5562 in
2538 5509 2651 5578 ipso
2679 5511 2842 5566 corde
2866 5523 3048 5568 nostro
3073 5514 3389 5572 aediﬁcando
3429 5519 3623 5575 adver-

2041 5604 2211 5649 tamus
2230 5597 2469 5653 ordinem
2500 5616 2697 5655 rerum.
2720 5601 2774 5657 Si
2796 5606 2970 5673 cogito
2989 5607 3113 5676 quid
3132 5608 3308 5664 dicam
3329 5652 3345 5675 ,
3365 5609 3478 5678 jam
3504 5629 3609 5667 ver.

2040 5685 2159 5736 lmm
2183 5695 2266 5740 est
2290 5687 2341 5741 in
2368 5690 2531 5743 corde
2560 5707 2679 5744 meo
2709 5709 2721 5745 :
2745 5695 2839 5747 sed
2865 5695 3005 5762 loqui
3034 5696 3097 5748 ad
3127 5707 3178 5751 te
3204 5699 3412 5759 volens.
3438 5718 3620 5771 quam

2037 5776 2485 5845 quemadmodum]
2513 5783 2583 5835 sit
2612 5785 2770 5837 etiam
2814 5786 2863 5838 in
2890 5787 3049 5841 corde
3076 5797 3194 5850 tuo,
3222 5793 3362 5858 quod
3404 5793 3515 5860 jam
3544 5805 3625 5847 est

2037 5868 2088 5920 in
2117 5883 2257 5924 meo.
2288 5870 2395 5928 [Ioc
2433 5888 2677 5939 qua-rcus
2705 5877 2967 5946 quomodo
2988 5881 3052 5935 ad
3078 5891 3128 5937 te
3158 5886 3452 5947 perveniat,
3489 5897 3543 5940 et
3571 5888 3622 5940 ia
