3974 6170
316 362 333 416 1
350 363 457 423 5‘29,

320 475 480 528 corde
503 482 593 529 tuo
616 473 846 530 insideat
868 473 1088 528 verbum
1109 471 1250 543 quod
1266 472 1377 541 jam
1393 478 1475 525 est
1503 468 1555 522 in
1572 466 1735 522 corde
1756 478 1898 526 meo,

317 580 531 620 assumo
554 579 772 632 vocem,
798 572 853 620 et
888 572 1160 632 assumpta
1198 577 1328 617 voce
1357 562 1544 631 loquor
1584 557 1677 613 tibi
1701 573 1714 610 :
1738 570 1901 611 sonus

317 656 466 711 vocis
510 654 658 711 ducit
706 657 773 711 ad
818 666 872 712 te
918 656 1245 712 intellectum
1289 653 1553 708 verbitet
1597 665 1717 706 cum
1755 647 1821 703 ad
1848 656 1902 702 te

318 744 469 800 duxit
510 761 675 801 sonus
720 748 865 803 vocis
895 747 1221 802 intellectum
1267 743 1639 809 verbi,sonus
1684 738 1899 811 quidem

320 839 434 906 ipse
457 840 775 906 pertransit;
803 838 1024 894 verbum
1045 849 1221 892 autem
1252 834 1395 906 quod
1421 833 1489 889 ad
1518 841 1570 889 te
1593 846 1758 888 sonus
1777 846 1905 901 per-

319 930 467 982 tinxit
486 972 502 996 ,
530 930 638 999 jam
667 939 751 984 est
775 930 826 983 in
854 930 1014 984 corde
1041 938 1164 995 tuo,
1193 943 1291 983 nec
1318 927 1538 983 recessit
1574 940 1604 978 a
1631 935 1771 978 meo.
1801 921 1903 976 So-

321 1038 419 1073 tuis
442 1035 571 1090 ergo
593 1062 607 1084 ,
640 1029 911 1076 transacto
950 1020 1115 1075 verbo
1156 1020 1222 1074 ad
1252 1029 1329 1084 te,
1361 1030 1537 1073 nonne
1562 1015 1656 1069 tibi
1691 1012 1903 1068 videtur

296 1111 496 1175 ,dieere
524 1126 688 1165 sonus
722 1110 837 1180 ipse
858 1152 873 1177 ,
904 1109 1063 1166 Illum
1105 1120 1311 1181 oportet
1337 1124 1587 1172 crescere,
1614 1122 1697 1160 me
1736 1114 1903 1158 autem

319 1201 517 1254 minui?
540 1201 715 1257 Sonus
744 1203 889 1257 vocis
917 1202 1143 1272 strepuit
1170 1202 1222 1254 in
1250 1199 1604 1255 ministerium
1623 1238 1637 1262 ,
1665 1206 1721 1252 et
1746 1195 1898 1263 abiit,

318 1296 467 1364 quasi
484 1295 687 1359 dicens,
708 1294 824 1348 Hoc
848 1295 1091 1365 gaudium
1119 1310 1285 1347 nteant
1308 1294 1610 1363 completum
1625 1298 1700 1345 est
1716 1288 1897 1362 (Joan.

318 1401 372 1439 tu
393 1426 406 1448 ,
440 1385 509 1440 30
532 1426 545 1449 ,
574 1386 689 1453 29).
720 1386 950 1439 Verbum
985 1396 1261 1440 teneamus
1281 1424 1295 1447 ,
1323 1383 1544 1438 verbum
1595 1378 1902 1434 medullitus

317 1485 633 1546 conceptum
664 1494 769 1532 non
817 1477 1143 1533 amittamus.
1182 1476 1275 1530 Vis
1318 1475 1497 1530 videre
1526 1487 1710 1527 vocem
1753 1481 1902 1527 tran-

319 1574 560 1621 seuntem
580 1609 594 1631 ,
619 1577 672 1622 et
691 1567 847 1623 Verbi
875 1568 1207 1623 divinitatem
1235 1566 1577 1622 manentem?
1602 1565 1903 1633 Baptismus

318 1658 541 1712 Joatmis
583 1658 742 1714 modo
774 1660 863 1713 ubi
910 1660 1030 1714 est?
1060 1659 1405 1725 Minislravit,
1433 1666 1489 1712 et
1530 1656 1678 1710 abiit.
1706 1654 1903 1711 Christi

320 1764 459 1801 nunc
479 1748 778 1816 Baptismus
799 1747 1180 1819 frequentatur.
1203 1748 1400 1804 Omnes
1426 1748 1476 1802 in
1496 1745 1767 1802 Christum
1788 1759 1905 1799 ere-
1947 1777 1954 1783 -

318 1839 522 1902 ditnus,
547 1840 771 1894 salutem
803 1841 854 1894 iu
882 1841 1095 1897 Christo
1114 1854 1390 1910 speramus
1415 1858 1426 1893 :
1452 1840 1553 1895 hoc
1576 1839 1753 1893 sonuit
1776 1853 1900 1893 vox.

321 1928 450 1983 Nam
476 1930 595 1997 quia
622 1930 927 1986 discernere
952 1931 1169 1987 difﬁcile
1210 1941 1291 1987 est
1332 1947 1361 1985 a
1401 1947 1533 1987 voce
1563 1930 1781 1986 verbum
1803 1973 1818 1997 ,
1849 1940 1903 1986 et

321 2020 435 2089 ipse
461 2021 692 2077 Joannes
718 2033 930 2093 putatus
954 2032 1035 2078 est
1054 2023 1318 2079 Christus.
1347 2023 1458 2077 Vox
1478 2024 1698 2078 verbum
1725 2032 1901 2093 putata

318 2123 439 2168 rst:
468 2114 558 2168 sed
599 2116 810 2185 agnovit
835 2130 893 2170 se
927 2131 1060 2180 vox,
1095 2132 1159 2169 ne
1188 2115 1481 2172 offenderet
1509 2116 1750 2171 verbum.
1784 2115 1903 2170 Non

322 2220 456 2268 sum,
488 2204 674 2273 inquit,
698 2203 945 2280 Christus,
966 2222 1054 2259 nec
1072 2205 1237 2271 Elius,
1257 2223 1347 2260 nec
1371 2211 1633 2275 propheta.
1655 2207 1905 2277 Respon-

322 2310 438 2346 sum
465 2303 581 2356 est,
609 2293 689 2347 Tu
731 2311 848 2365 ergo
874 2296 985 2364 quis
1010 2297 1102 2348 es?
1123 2295 1233 2366 Ego
1270 2313 1383 2350 sum
1403 2337 1418 2358 ,
1451 2297 1646 2366 inquit,
1677 2312 1775 2350 vox
1793 2297 1904 2350 cla-

324 2386 506 2439 maritis
546 2386 597 2439 in
623 2403 786 2439 eremo
806 2428 820 2451 ,
851 2386 1039 2441 Parate
1072 2388 1204 2440 viam
1230 2386 1448 2441 Domino
1472 2386 1584 2456 (Id.
1615 2404 1666 2455 ι,
1689 2386 1902 2458 20-25).

331 2474 444 2529 Vox
466 2476 732 2529 clamantis
754 2477 805 2530 in
831 2493 1017 2542 eremo,
1045 2493 1145 2531 vox
1168 2478 1460 2546 rumpentis
1485 2477 1772 2532 silentium.
1800 2476 1906 2530 Pa-

323 2577 430 2619 rate
455 2568 582 2620 viam
608 2565 832 2621 Domino
853 2609 867 2634 ,
902 2576 1151 2637 tanquam
1190 2567 1418 2631 diceret,
1445 2567 1552 2637 Ego
1592 2566 1712 2622 ideo
1736 2582 1868 2622 sono
1888 2609 1903 2634 ,

323 2667 381 2711 ut
409 2658 553 2711 illum
585 2659 637 2711 in
661 2673 754 2714 cor
781 2657 1112 2713 introducam
1138 2676 1150 2711 :
1174 2658 1267 2713 sed
1295 2674 1399 2728 quo
1430 2657 1765 2714 introducam
1793 2672 1899 2711 non

325 2749 571 2818 dignatur
621 2750 838 2815 venire,
888 2751 987 2806 nisi
1037 2752 1175 2804 viam
1223 2752 1554 2821 prteparetis.
1608 2751 1746 2820 Quid
1789 2760 1904 2818 est,

332 2838 478 2894 Viam
524 2852 734 2912 parate;
777 2843 923 2910 nisi,‘
957 2858 1191 2913 congrue
1237 2844 1567 2913 supplicate?
1604 2844 1737 2912 Quid
1788 2853 1905 2909 est,

246 3000 249 3001 ν
337 2930 477 2985 Viam
508 2942 717 3002 parate;
750 2933 880 2997 nisi,
914 2933 1187 2988 humiliter
1223 2934 1490 3004 cogitate?
1516 2934 1600 2988 Ab
1626 2935 1741 3004 ipso
1767 2938 1911 2990 accl-

329 3024 433 3093 pite
458 3024 769 3079 humilitatis
795 3027 1119 3095 exemplum.
1142 3025 1363 3080 Putatur
1388 3023 1631 3081 Christus
1649 3068 1664 3092 ,
1695 3026 1823 3081 dicit
1846 3042 1907 3083 se

326 3128 430 3168 non
459 3129 576 3168 esse
604 3115 742 3184 quod
774 3123 1004 3184 putatur,
1038 3130 1138 3169 nec
1179 3115 1245 3168 ad
1288 3131 1442 3169 suum
1480 3116 1673 3171 fastum
1705 3118 1721 3148 ί
1751 3132 1907 3173 erro-

327 3218 437 3257 rem
470 3204 687 3257 assumit
713 3204 964 3257 alienum.
995 3204 1050 3258 Si
1074 3203 1311 3270 diceret,
1346 3205 1454 3273 Ego
1482 3219 1600 3260 sum
1627 3207 1906 3274 Christus;

326 3307 485 3361 quam
508 3292 752 3347 facillime
771 3293 1097 3357 crederetur,
1124 3294 1209 3362 qui
1238 3305 1519 3364 antequam
1547 3296 1768 3364 diceret,
1790 3314 1909 3354 cre-

326 3385 590 3440 debatur?
620 3385 733 3439 Non
774 3384 905 3439 dixit
930 3404 942 3439 :
971 3387 1190 3455 agnovit
1219 3401 1277 3441 se
1298 3429 1311 3451 ,
1340 3386 1581 3442 distinxit
1608 3403 1665 3443 se
1684 3429 1700 3453 ,
1734 3389 1910 3444 humi-

327 3476 476 3530 liavit
520 3491 598 3529 se.
653 3474 794 3528 Vidit
837 3475 925 3529 ubi
972 3475 1194 3531 haberet
1234 3477 1456 3531 salutem
1487 3494 1500 3529 :
1530 3477 1805 3532 lucernam
1851 3496 1911 3535 se

327 3565 622 3633 intellexit,
655 3572 709 3620 et
742 3580 809 3620 ne
858 3566 1287 3636 exstingueretur
1341 3576 1497 3622 vento
1539 3567 1801 3638 superbiae
1849 3570 1914 3623 ti-

328 3656 481 3711 ntuit.

397 3748 452 3802 6.
492 3745 598 3803 Cur
643 3757 793 3803 tanta:
834 3749 1016 3819 gratia:
1058 3750 1207 3803 homo
1254 3750 1467 3816 missus,
1508 3750 1593 3821 qui
1636 3748 1914 3820 perhiberet

331 3839 671 3893 testimonium
699 3837 918 3893 Christo.
938 3839 1066 3895 Haec
1092 3841 1233 3895 enim
1260 3839 1536 3908 dispositio
1566 3839 1759 3909 placuit
1781 3840 1909 3906 Deo,

332 3938 573 3984 ettanta:
600 3930 783 3999 gratia?
815 3930 978 3985 homo
1022 3930 1380 3984 testimonium
1422 3929 1727 3999 perhiberet
1755 3929 1912 3986 Chri-

328 4028 414 4072 sto
433 4061 449 4084 ,
480 4019 568 4089 qui
596 4027 776 4089 posset
806 4020 976 4089 putari
997 4019 1259 4075 Christus.
1292 4020 1529 4091 Denique
1564 4021 1617 4075 iu
1643 4020 1778 4075 uatis
1800 4036 1914 4074 mu-

332 4110 532 4176 lierum,
561 4110 696 4164 sicut
714 4111 848 4165 dixit
877 4111 991 4179 ipse
1020 4109 1266 4188 Christus
1286 4154 1299 4177 ,
1326 4129 1470 4166 nemo
1495 4115 1774 4168 exsurrexit
1798 4129 1909 4167 ma-

308 4202 414 4264 ‘ior
435 4202 638 4257 Joanne
679 4201 1150 4275 Buptista(Matth.
1186 4220 1276 4269 χι,
1312 4205 1423 4275 11).
1464 4205 1519 4261 Si
1561 4207 1660 4260 hoc
1699 4203 1913 4261 homine

334 4295 512 4349 nullus
547 4302 663 4349 erat
690 4295 862 4364 major
882 4294 1045 4350 homo
1062 4336 1078 4360 ,
1109 4296 1199 4366 qui
1228 4295 1398 4366 major
1424 4309 1503 4353 est
1535 4296 1627 4352 illo
1646 4338 1662 4362 ,
1685 4297 1805 4367 plus
1830 4305 1916 4353 est

335 4401 493 4456 quam
516 4384 697 4440 homo.
717 4384 962 4455 Magnum
991 4386 1352 4441 testimonium
1379 4385 1580 4442 Christi
1601 4386 1670 4442 de
1691 4401 1751 4443 se
1774 4386 1911 4458 ipso,

332 4474 429 4531 sed
459 4475 800 4545 lippientibus
838 4483 893 4530 et
931 4474 1157 4530 infirmis
1181 4475 1349 4530 oculis
1374 4490 1559 4547 parum
1585 4477 1652 4532 de
1680 4491 1740 4533 se
1758 4475 1912 4533 testi-

336 4568 525 4624 tlcatur
547 4568 664 4623 dies
692 4570 734 4622 '.
764 4567 962 4644 Inﬁrmi
986 4568 1126 4623 oculi
1152 4567 1292 4623 diem
1320 4577 1709 4639 expavescunt,
1739 4568 1916 4625 lucer-

334 4674 458 4712 nam
497 4659 690 4713 ferunt.
735 4658 860 4714 ldeo
885 4659 1144 4728 praemisit
1185 4660 1454 4715 lucernam
1485 4661 1601 4716 dies
1636 4670 1911 4719 venturus.

333 4748 438 4805 Sed
472 4750 523 4803 in
550 4750 712 4805 corda
740 4748 973 4805 ﬁdelium
998 4751 1268 4805 lucernam
1288 4752 1565 4821 prtemisit,
1596 4753 1662 4807 ad
1688 4752 1908 4808 confun-

334 4840 509 4894 denda
567 4840 727 4895 corda
780 4838 1092 4893 infidelium.
1149 4837 1372 4906 Partiri,
1420 4840 1620 4911 inquit,
1661 4842 1917 4897 lucernam

335 4928 537 4984 Christo
578 4946 687 4984 meo
712 4945 730 4984 :
752 4929 892 4984 Deus
935 4929 1092 4984 Pater
1122 4930 1175 4984 in
1206 4930 1479 5001 prophetia
1524 4930 1780 5001 loquens,
1812 4930 1920 4985 Pa-

334 5024 443 5075 raei
469 5023 726 5077 lucernam
754 5021 953 5077 Christo
973 5037 1083 5075 meo
1106 5038 1125 5076 :
1148 5021 1405 5077 Joamtem
1434 5022 1692 5078 Salvatori
1715 5037 1920 5094 prteco—

335 5126 495 5180 nem,
519 5114 688 5184 judici
742 5129 1131 5185 praecursorem
1180 5124 1437 5182 venturo,
1467 5115 1643 5172 futuro
1689 5117 1919 5172 amicum

334 5219 554 5276 sponso.
584 5204 776 5259 Paraui
792 5247 807 5270 ,
836 5205 1037 5276 inquit,
1069 5206 1325 5260 lucernam
1355 5205 1555 5261 Christo
1587 5222 1720 5261 meo.
1746 5206 1921 5276 Quare

336 5297 576 5368 parasti?
603 5297 844 5353 Inimicos
863 5299 974 5370 ejus
1002 5299 1213 5352 induam
1233 5299 1527 5370 confusione
1545 5313 1566 5353 :
1583 5315 1736 5371 super
1755 5300 1924 5372 ipsum

336 5398 506 5443 autem
532 5388 734 5460 ﬂorebit
760 5389 1093 5459 sanctiﬁcatio
1116 5404 1231 5443 mea
1260 5388 1431 5457 (Psal.
1460 5403 1655 5456 exul,
1685 5389 1775 5457 17,
1808 5388 1921 5464 18).

337 5479 620 5548 Quomodo
646 5496 742 5552 per
767 5480 906 5537 hanc
930 5482 1200 5536 lucernam
1231 5480 1433 5538 inimici
1461 5482 1578 5550 ejus
1606 5480 1784 5537 induti-
1800 5491 1927 5538 sunt

339 5573 691 5631 confusione?
718 5574 1065 5642 Evangelium
1089 5582 1505 5643 perscrutemur.
1529 5574 1927 5631 Caiumnianbes

406 5708 421 5737 ¹
450 5708 833 5835 “3mm!!!-
856 5707 1028 5778 verins
1047 5713 1176 5767 Mss,
1202 5707 1377 5771 pistum

406 5770 423 5801 ¹¹
447 5775 573 5828 ω..
758 5780 892 5820 catur
914 5771 1034 5820 dies.

403 5770 423 5801 ²
447 5770 573 5828 ω..
603 5770 892 5828 Μεσην-
914 5770 1034 5820 dies.

1679 350 1906 409 SERMO
1942 346 2209 405 CCXCIll.

2009 461 2182 516 Jndtei
2211 463 2435 517 Domino
2477 463 2760 533 dixerunt,
2788 463 2979 538 [aqua
3016 478 3257 539 potestate
3292 471 3390 527 ista
3427 474 3598 543 facis?

2012 554 2076 612 Si
2103 566 2157 610 tu
2186 573 2236 612 es
2256 556 2505 621 Christus,
2530 560 2613 613 die
2639 561 2781 635 nobis
2802 561 2990 632 palam.
3014 561 3243 618 Causam
3262 566 3589 635 quaerebant.

2012 663 2116 701 non
2185 648 2379 714 fidem;
2430 649 2570 705 unde
2620 634 3016 719 insidiarentur,
3067 670 3172 711 non
3217 634 3359 711 unde
3401 657 3594 714 libera-

2011 749 2214 796 rentur.
2265 742 2500 814 Denique
2547 744 2635 815 qui
2690 745 2858 800 corda
2898 761 3083 802 eorum
3135 749 3296 816 vidit,
3335 751 3593 807 attendite

2009 833 2135 901 quid
2191 835 2468 904 restiondit
2519 837 2841 893 confusurus
2887 854 2983 894 eos
3032 840 3100 895 de
3149 840 3386 896 lucerna.
3422 843 3591 899 Inter-

2007 939 2131 993 rogo
2150 966 2164 991 ,
2195 924 2394 994 inquit,
2430 927 2581 981 etiam
2608 944 2693 983 vos
2719 945 2876 984 unum
2900 946 3181 1026 segnonem
3207 933 3413 990 :Dicite
3430 936 3555 990 mihi
3573 980 3587 997 .

2006 1012 2275 1086 Baptisma
2297 1015 2515 1072 Joannis
2546 1018 2687 1073 unde
2724 1022 2838 1075 est?
2862 1021 2925 1076 de
2963 1012 3123 1088 Eata,
3153 1039 3220 1077 an
3265 1040 3329 1079 ea:
3371 1025 3590 1080 homini-

2006 1104 2138 1160 bus?
2179 1106 2261 1162 llli
2313 1110 2566 1164 continuo
2607 1113 2941 1180 repercussi,
2969 1122 3025 1169 et
3071 1117 3311 1185 quamvis
3360 1118 3593 1175 tenuiter

2008 1199 2250 1255 radiante
2308 1200 2423 1268 die,
2478 1201 2546 1256 ad
2596 1203 2919 1272 palpandnm
2974 1207 3279 1275 compulsi,
3336 1209 3587 1278 quoniam

2007 1292 2304 1346 claritatem
2342 1292 2486 1347 illam
2517 1294 2780 1363 speculari
2819 1309 2925 1350 non
2952 1305 3232 1366 poterant,
3264 1298 3329 1352 ad
3354 1298 3439 1353 sui
3466 1315 3589 1354 cor-

2008 1382 2090 1437 dis
2115 1385 2364 1439 tenebras
2390 1383 2777 1457 confugerunt,
2807 1397 2862 1442 et
2909 1388 2981 1442 ibi
3023 1403 3205 1444 secum
3251 1390 3450 1445 turbari
3478 1406 3590 1447 etne

2009 1484 2231 1545 perunt,
2274 1476 2603 1533 oﬂ‘endentes
2655 1486 2710 1534 et
2760 1491 2997 1536 ruentes.
3050 1480 3112 1536 Si
3152 1482 3459 1550 dixerimus,
3508 1485 3589 1538 in-

2007 1566 2194 1634 quiunt
2216 1583 2231 1619 :
2256 1565 2357 1621 hoc
2396 1567 2534 1636 apud
2576 1582 2637 1623 se
2680 1569 2857 1637 ipsos,
2879 1569 2968 1624 ubi
2997 1570 3333 1640 cogitabant,
3364 1572 3457 1628 sed
3483 1588 3590 1644 quo

2007 1655 2098 1710 ille
2142 1656 2434 1711 cernebat:
2464 1657 2526 1711 Si
2574 1658 2880 1725 dixerimus,
2910 1659 3184 1730 inquiunt,
3210 1661 3287 1716 De
3327 1663 3450 1717 caelo
3486 1673 3590 1727 est;

2006 1747 2139 1799 dicet
2163 1746 2304 1801 nobis
2322 1787 2336 1812 ,
2367 1747 2539 1813 Quare
2574 1765 2694 1819 ergo
2722 1765 2822 1804 non
2846 1750 3129 1806 credidistis
3169 1752 3256 1806 ei?
3284 1751 3399 1821 Ipse
3447 1754 3589 1807 enim

2008 1838 2369 1893 testimonium
2415 1837 2756 1909 perhibuerat
2797 1840 3011 1896 Christo
3051 1842 3294 1896 Domino.
3329 1842 3390 1897 Si
3424 1851 3591 1897 autem

2008 1923 2316 1986 dixerimus,
2354 1922 2432 1977 Ab
2466 1922 2789 1988 hominibus;
2827 1926 3056 1995 lapidum
3094 1942 3189 1979 nos
3231 1927 3407 1996 populi
3427 1926 3591 1996 :quia

2008 2012 2266 2083 pmpbeta
2311 2026 2533 2083 magnus
2574 2013 2808 2069 Joannes
2846 2015 3157 2071 habebatur.
3208 2016 3283 2073 Et
3311 2016 3588 2083 dixerunt,

2012 2102 2302 2157 Nescimus.
2346 2103 2571 2159 Nescitis
2602 2122 2616 2158 :
2648 2104 2699 2157 in
2750 2105 2986 2160 tenebris
3023 2106 3189 2171 estis,
3216 2107 3393 2163 lumen
3435 2108 3594 2162 amit-

2010 2195 2144 2249 titis.
2203 2194 2412 2261 Quanto
2474 2196 2619 2250 enim
2668 2196 2888 2261 melius,
2945 2197 2991 2251 si
3055 2196 3189 2252 forte
3252 2198 3490 2252 tenebrae
3535 2200 3588 2252 in

2010 2284 2173 2339 corde
2225 2283 2459 2338 humano
2508 2293 2813 2350 versantur,
2874 2284 3054 2339 lumen
3112 2286 3423 2353 admittere,
3480 2301 3590 2343 non

2011 2376 2274 2430 amittere.
2328 2374 2427 2430 Ubi
2474 2374 2755 2441 dixerunt,
2814 2374 3080 2431 Nescimus
3117 2393 3133 2429 :
3177 2377 3252 2431 ait
3299 2378 3587 2446 Dominus,

2014 2465 2127 2521 Nec
2163 2482 2253 2537 ego
2281 2466 2395 2519 dico
2430 2465 2567 2520 vobis
2593 2467 2645 2519 in
2673 2481 2774 2535 qua
2806 2475 3047 2535 potestate
3083 2467 3180 2520 ista
3219 2469 3351 2537 facio
3374 2467 3585 2538 (Matth.

2014 2572 2147 2621 xxi,
2193 2554 2420 2626 25—27).
2464 2556 2586 2612 Scio
2630 2556 2772 2611 enim
2815 2572 2921 2625 quo
2960 2555 3123 2612 corde
3162 2556 3437 2624 dixeritis,
3478 2557 3589 2613 Ne-

2012 2650 2226 2717 scimus,
2277 2666 2381 2706 non
2429 2651 2669 2705 volentes
2721 2650 2935 2716 doceri,
2979 2649 3073 2706 sed
3130 2652 3376 2707 timentes
3418 2652 3589 2707 conli-

2015 2740 2138 2795 teri.

2087 2834 2140 2892 5.
2168 2835 2394 2891 Christus
2423 2836 2555 2890 Deus
2575 2838 2732 2892 luteus
2756 2837 2808 2891 in
2828 2853 2997 2892 carne.
3021 2836 3148 2893 Hinc
3175 2837 3348 2893 divina
3378 2836 3590 2906 dispen-

2017 2929 2186 2995 satio;
2217 2938 2473 3000 quantum
2500 2930 2660 2986 homo
2683 2930 2998 3000 perscrutari
3021 2939 3228 3000 potest,
3260 2930 3448 2985 melior
3476 2943 3593 2984 me-

2016 3021 2140 3086 lius,
2160 3021 2605 3077 inferiorinferius
2624 3038 2638 3087 ;
2660 3022 2773 3076 haec
2798 3022 2974 3077 divina
2995 3022 3319 3091 dispensatio
3344 3036 3591 3092 magnum

2017 3111 2172 3167 nobis
2224 3111 2456 3166 insinuat
2508 3121 2921 3168 sacramentum.
2973 3112 3243 3168 Venturos
3289 3112 3430 3166 enim
3480 3123 3597 3166 erat

2016 3201 2259 3258 Christus
2284 3203 2335 3257 in
2358 3214 2518 3259 carne
2537 3246 2553 3271 ,
2578 3218 2683 3257 non
2705 3203 3024 3274 quicumque
3041 3245 3056 3269 ,
3090 3218 3193 3258 nou
3215 3203 3456 3273 angelus.
3489 3217 3591 3256 non

2016 3294 2248 3363 legatus;
2268 3295 2359 3348 scd
2378 3297 2487 3362 ipse
2498 3296 2698 3350 veniens
2709 3296 2872 3349 salvos
2892 3294 3041 3366 faciet
3060 3310 3144 3348 eos
3159 3293 3207 3364 (1
3214 3294 3307 3347 sai.
3328 3308 3495 3359 xxxv,
3516 3290 3591 3364 4).

2016 3384 2131 3440 Non
2176 3393 2291 3439 erat
2334 3385 2650 3454 quicumque
2691 3394 2945 3440 venturus
2971 3398 2987 3437 :
3014 3392 3069 3438 et
3110 3393 3284 3438 tamen
3328 3383 3594 3452 quomodo

2017 3485 2132 3529 erat
2173 3476 2464 3529 venturus?
2492 3475 2550 3529 ln
2593 3490 2755 3529 carne
2798 3474 3011 3528 mortali
3056 3475 3390 3541 nasciturus,
3420 3474 3594 3529 infans

2021 3566 2272 3635 parvulus
2301 3565 2533 3631 futurus,
2566 3567 2620 3619 in
2662 3565 2887 3635 praesepi
2917 3565 3191 3635 ponendus
3211 3607 3227 3630 ,
3255 3565 3406 3620 cunis
3428 3566 3595 3620 invol-

2019 3659 2254 3724 vendes,
2281 3657 2415 3712 lacte
2458 3658 2805 3722 nutriendus,
2836 3673 2930 3726 per
2956 3665 3141 3712 tetates
3168 3657 3469 3727 augendos,
3503 3672 3595 3728 νο-
3696 3715 3700 3720 ,

2022 3759 2223 3803 stremo
2249 3747 2408 3802 etiam
2434 3756 2608 3802 morte
2629 3747 2986 3818 perimendus.
3006 3746 3130 3802 Haec
3154 3762 3280 3818 ergo
3295 3747 3471 3803 omnia
3494 3747 3593 3802 hu”-

2021 3839 2258 3894 militatis
2288 3837 2477 3894 indicia
2499 3846 2554 3893 et
2579 3838 2755 3893 nimia:
2776 3837 3087 3893 humilitatis
3112 3849 3193 3893 est
3220 3838 3409 3894 forma.
3432 3838 3595 3909 Cujus

2019 3930 2135 3986 hac
2172 3928 2477 3985 humilitas?
2500 3930 2727 3985 Excelsi.
2756 3929 2926 3996 Quam
2964 3929 3194 3985 excelsi?
3216 3929 3332 3986 Noli
3358 3945 3595 4000 quaerere

2022 4022 2072 4074 in
2103 4030 2263 4084 terra,
2292 4020 2606 4075 transcende
2631 4029 2685 4074 et
2711 4019 2906 4075 sidera.
2928 4017 3060 4073 Cum
3085 4019 3151 4074 ad
3180 4022 3426 4076 caelestes
3443 4035 3599 4077 exer-

2019 4114 2156 4167 citus
2195 4113 2518 4183 Angelorum
2564 4112 2804 4178 veneris,
2830 4111 3014 4167 audies
3057 4111 3125 4166 ab
3167 4112 3279 4178 eis,
3308 4112 3495 4167 Transi
3542 4121 3597 4167 et

2021 4218 2138 4258 nos.
2168 4203 2299 4258 Cum
2339 4204 2548 4259 veneris
2590 4203 2657 4258 ad
2698 4203 2903 4267 Sedes,
2937 4202 3365 4269 Dominationes,
3398 4202 3597 4258 Princi-

2021 4305 2207 4364 patus,
2252 4294 2587 4362 'Potestates,
2636 4293 2854 4358 audies,
2906 4294 3101 4350 Transi
3140 4303 3199 4350 et
3242 4309 3373 4360 nos;
3402 4303 3457 4350 et
3498 4310 3595 4350 nos

2020 4384 2143 4440 facti
2170 4399 2392 4440 sumus:
2423 4383 2608 4439 Omnia
2635 4401 2725 4456 per
2758 4389 2926 4457 ipsum
2961 4388 3096 4457 facta
3121 4394 3261 4440 sunt.
3283 4381 3596 4444 Universam

2023 4479 2341 4536 transcende
2367 4489 2697 4545 creaturam;
2731 4478 2987 4550 quidquid
3011 4477 3287 4538 conditum
3313 4487 3416 4541 est,
3447 4476 3574 4549 quid

2023 4570 2148 4644 quid
2171 4570 2498 4636 institutum,
2531 4568 2784 4641 quidquid
2813 4568 3085 4636 mutabile,
3108 4568 3231 4624 sive
3245 4583 3590 4640 corporeum,

2024 4665 2137 4719 sive
2166 4663 2535 4733 incorporeum
2554 4702 2568 4727 ,
2597 4671 2785 4717 cuneta
2824 4660 3163 4717 transcende.
3195 4658 3436 4715 Videndo
3460 4674 3594 4714 non.

2023 4752 2149 4809 dum
2179 4763 2351 4824 pOtes,
2377 4751 2643 4808 credendo
2667 4751 2983 4807 transcende
3005 4767 3019 4804 :
3044 4750 3257 4821 perveni
3283 4750 3350 4803 ad
3377 4748 3599 4805 (ΖΙ-θειιο-

2024 4824 2171 4912 rem,
2202 4853 2257 4898 et
2300 4842 2511 4896 interim
2550 4839 2653 4897 ﬁde
2694 4838 3046 4896 antecedente
3087 4846 3173 4905 te,
3203 4853 3324 4910 qua:
3363 4836 3601 4907 perducit

2028 4944 2079 4990 te
2099 4975 2113 4998 ,
2146 4932 2371 5004 perveni.
2387 4932 2467 4987 ad‘
2482 4931 2811 4985 Creatorem.
2840 4926 2916 4984 lbi
2944 4928 3064 4984 vide
3083 4970 3097 4996 ,
3126 4926 3194 4983 In
3221 4928 3469 5000 principio
3497 4941 3615 4984 erat,

2036 5025 2270 5079 Verbum.
2294 5024 2408 5079 Non
2435 5023 2577 5079 enim
2599 5021 2882 5092 aliquando
2906 5020 3100 5077 factum
3122 5029 3205 5076 est
3226 5036 3239 5073 :
3263 5019 3357 5076 sed
3384 5019 3436 5074 in
3458 5021 3602 5089 prin-

2029 5118 2168 5186 cipio
2210 5124 2343 5172 erat.
2389 5114 2513 5173 Non,
2547 5112 2813 5184 quomodo
2856 5121 3096 5168 creatura
3116 5155 3131 5178 ,
3164 5111 3231 5167 de
3254 5126 3359 5182 qua
3386 5110 3599 5174 dicitur,

2027 5208 2096 5263 In
2125 5208 2375 5282 principio
2413 5208 2529 5277 fecit
2568 5205 2708 5262 Deus
2748 5205 2928 5261 calum
2963 5214 3011 5261 et
3052 5214 3238 5260 terram
3273 5204 3422 5276 (Gen.
3448 5220 3494 5272 t,
3525 5205 3602 5265 1).
3690 5220 3705 5227 '

2035 5300 2145 5355 lloc
2165 5299 2305 5371 quod
2333 5299 2386 5354 in
2413 5298 2673 5369 principio
2697 5306 2816 5354 erat
2831 5339 2846 5363 ,
2869 5313 2975 5353 non
2997 5305 3080 5352 est
3102 5294 3316 5368 quando
3340 5310 3444 5351 non
3469 5307 3602 5352 erat.
3694 5308 3699 5313 '

2034 5393 2145 5448 lloc
2171 5407 2298 5464 ergo
2317 5391 2532 5462 quodin
2553 5389 2801 5464 principio
2828 5400 2935 5445 erat
2954 5431 2970 5456 ,
2999 5399 3047 5445 et
3087 5388 3305 5445 Verbum
3337 5399 3448 5445 erat
3469 5391 3606 5460 apud

2031 5484 2214 5551 Deum,
2243 5494 2290 5538 et
2319 5485 2489 5555 ipsum
2513 5481 2729 5538 Verbum
2747 5481 2883 5537 Deus
2901 5491 3007 5537 erat
3029 5497 3049 5536 :
3066 5490 3120 5537 et
3142 5481 3313 5536 omnia
3333 5496 3422 5552 per
3445 5483 3609 5551 ipsum

2035 5581 2173 5647 facta
2208 5584 2358 5639 sunt,
2387 5584 2435 5630 et
2468 5576 2579 5631 sine
2605 5575 2717 5646 ipso
2752 5578 2940 5647 factum
2961 5584 3032 5631 est
3073 5573 3313 5630 uihil:et
3343 5574 3396 5628 in
3420 5590 3520 5643 quo
3538 5580 3609 5629 est

2035 5669 2135 5725 vita
2171 5666 2307 5737 quod
2345 5670 2538 5736 factum
2574 5675 2645 5720 est
2683 5665 2861 5737 (Joan.
2884 5681 2903 5720 t
2921 5705 2936 5731 ,
2964 5664 3097 5735 1-4),
3124 5664 3268 5720 venit
3291 5665 3357 5720 ad
3383 5678 3498 5720 nos.
3531 5664 3612 5720 Ad

2036 5760 2206 5830 quos?
2236 5758 2300 5815 ad
2347 5752 2795 5831 dignosiAbsit:
2823 5756 2918 5815 sed
2960 5756 3028 5815 ad
3077 5757 3346 5831 indignos.
3403 5756 3627 5814 Etenim
3655 5816 3670 5825 _
