3974 6170
395 333 526 390 1551

397 449 626 502 Christus
666 462 756 515 pro
802 441 968 512 impiis
999 450 1223 496 mortuus
1253 449 1322 493 est
1345 438 1523 506 (Rom.
1557 454 1610 499 v.
1649 438 1730 506 6),
1761 446 1818 492 et
1845 436 1980 491 indi-

401 539 538 606 uuis,
558 535 650 590 sed
677 533 885 602 dignus.
916 529 1025 586 Nos
1052 530 1194 584 enim
1217 528 1418 599 indigni
1444 541 1667 597 quorum
1703 526 1976 580 miserere-

401 642 517 690 tur;
542 626 642 682 sed
673 625 870 696 dignus
914 624 1004 680 ille
1045 624 1134 692 qui
1170 613 1540 687 misereretur,
1567 620 1652 674 cui
1692 618 1982 681 diceretur,

402 720 620 789 Propter
645 715 1044 771 misericordiam
1071 723 1212 768 tuam
1231 753 1246 776 ,
1273 712 1514 776 Domine,
1545 710 1701 764 libera
1730 725 1840 763 nos.
1869 707 1984 762 Non

401 818 617 882 prepter
646 807 997 877 prmeedentia
1023 814 1203 860 nostra
1233 807 1420 859 merita
1445 843 1460 868 ,
1491 802 1583 857 sed
1611 811 1815 873 propter
1833 800 1983 853 mise-

404 898 670 952 ricordiam
700 907 840 952 tuam
857 937 876 963 ,
899 895 1118 963 Domine
1139 937 1156 960 ,
1190 894 1346 949 libera
1371 910 1464 947 nos
1486 910 1504 958 ,'
1533 901 1578 946 et
1603 892 1854 962 pr0pitius
1880 900 1986 944 esto

404 991 622 1056 peccatis
653 989 834 1043 nostris
858 959 1062 1058 prop&r
1079 959 1259 1040 nomen
1289 995 1427 1039 tuum
1454 959 1625 1054 (Psal.
1655 959 1872 1048 usui],
1904 981 1984 1049 9),

338 1076 346 1135 ἷ
404 1099 512 1136 non
540 1091 756 1152 propter
782 1081 1029 1135 meritum
1062 1087 1320 1134 nostrum.
1346 1076 1478 1131 Nam
1502 1091 1607 1130 non
1632 1082 1848 1144 propter
1873 1089 1989 1128 me-

407 1175 564 1227 ritum
593 1180 951 1241 peccatorum,
977 1170 1074 1225 sed
1097 1179 1303 1239 propter
1329 1184 1507 1221 nomen
1539 1177 1698 1220 tuum.
1723 1166 1853 1220 Nam
1878 1180 1990 1220 me-

406 1264 567 1318 ritum
596 1272 928 1332 peccatorum
948 1303 962 1325 ,
987 1277 1090 1314 non
1122 1261 1302 1329 utique
1333 1259 1607 1328 praemium
1629 1299 1644 1323 ,
1675 1256 1769 1312 sed
1789 1255 1990 1326 suppli-

408 1355 568 1408 cium.
598 1354 738 1422 Ergo
767 1362 971 1424 propter
999 1368 1178 1405 nomen
1203 1360 1363 1404 tuum.
1386 1349 1532 1404 Ecce
1560 1349 1625 1402 ad
1655 1363 1788 1418 quos
1811 1347 1988 1413 venit,

410 1463 535 1502 ecce
559 1458 784 1516 quantus
811 1447 977 1502 venit.
1009 1445 1085 1500 Ad
1117 1460 1215 1500 nos
1241 1445 1328 1500 ille
1357 1444 1623 1514 quomodo
1643 1443 1824 1498 venit?
1867 1442 1992 1498 Ver-

407 1539 528 1592 bum
567 1538 720 1607 plane
763 1554 882 1592 caro
932 1538 1122 1606 factum
1151 1545 1257 1600 est,
1285 1544 1344 1589 ut
1387 1535 1704 1588 inhabitaret
1745 1534 1799 1588 in
1840 1533 1992 1589 nobis

415 1627 592 1696 (Joan.
624 1643 674 1693 t,
699 1628 811 1698 ib).
845 1628 898 1682 Si
925 1628 1066 1682 enim
1099 1627 1149 1679 in
1189 1640 1282 1679 sua
1304 1625 1344 1679 vd
1368 1625 1584 1679 vinitate
1627 1623 1992 1679 tantummodo

410 1717 650 1783 veniret,
694 1720 812 1788 quis
855 1733 976 1772 eum
1023 1716 1221 1773 ferret?
1255 1715 1374 1784 quis
1425 1732 1546 1769 eum
1604 1715 1849 1784 caperet?
1874 1715 1993 1783 quis

408 1807 746 1877 susciperet?
773 1807 876 1862 Sed
907 1807 1136 1875 suscepit
1161 1805 1301 1876 quod
1331 1819 1429 1859 nos
1456 1819 1667 1858 eramus
1684 1846 1702 1868 ,
1733 1820 1798 1858 ne
1824 1819 1996 1858 rema-

411 1911 667 1951 neremus
690 1897 828 1966 quod
851 1912 1072 1951 eramus
1100 1915 1112 1949 :
1138 1897 1230 1950 sed
1257 1896 1396 1964 quod
1426 1911 1524 1948 nos
1543 1911 1754 1948 eramus
1781 1905 1987 1958 natura,

419 2000 523 2039 non
547 1985 726 2053 culpa.
755 1986 884 2052 Quia
913 1986 1054 2040 enim
1094 1985 1159 2039 ad
1191 1984 1432 2038 homines
1461 1984 1655 2049 homo,
1685 1999 1787 2038 non
1818 1995 1994 2040 tamen

409 2078 542 2145 quia
570 2078 636 2132 ad
669 2088 981 2147 peccatores
1009 2087 1273 2146 peccator.
1308 2077 1381 2130 De
1409 2075 1614 2136 duobus
1637 2077 1772 2138 istis,
1807 2085 1995 2131 natura

410 2167 648 2222 dmmana
678 2174 738 2222 et
758 2167 910 2236 culpa
950 2167 1180 2220 humana
1205 2207 1220 2230 ,
1250 2181 1410 2220 unum
1437 2166 1706 2235 suscepit,
1735 2166 1877 2222 aliud
1907 2182 1994 2220 sa-

410 2258 585 2312 .uavit.
617 2257 749 2312 Nam
788 2257 834 2312 si
868 2257 981 2326 ipse
1015 2257 1315 2325 susciperet
1356 2264 1592 2310 nostram
1637 2256 1994 2324 iniquitatem,

419 2351 618 2421 ctipse
659 2359 925 2421 quaereret
965 2351 1312 2406 salvatorem.
1341 2350 1586 2419 Suscepit
1624 2357 1798 2404 tamen
1825 2350 1997 2405 feren-

419 2441 542 2496 dam
573 2450 635 2496 et
671 2441 963 2496 sanandam
985 2483 1000 2508 ,
1033 2456 1138 2496 non
1178 2450 1356 2495 autem
1393 2440 1694 2496 habendam
1722 2457 1733 2493 :
1759 2450 1814 2495 et
1840 2441 2000 2496 homo

417 2533 662 2602 apparuit
690 2535 828 2587 inter
857 2531 1100 2586 homines
1119 2574 1136 2596 ,
1161 2532 1331 2586 latens
1354 2532 1517 2585 Deus.

492 2621 546 2676 6.
587 2620 694 2675 Deo
726 2622 780 2674 iu
804 2638 957 2675 carne
983 2622 1162 2676 latenti
1185 2621 1515 2676 necessarium
1541 2623 1636 2692 fuit
1665 2623 2001 2676 testimonium

423 2710 671 2774 hominis,
696 2726 793 2777 quo
814 2726 914 2762 non
943 2720 1066 2763 esset
1102 2709 1233 2762 alius
1262 2711 1444 2780 major.
1474 2708 1699 2762 Joannes
1729 2711 2000 2779 discipulos

421 2801 549 2854 sicut
574 2799 800 2855 Christus
826 2799 1012 2854 habens
1032 2840 1046 2864 ,
1075 2801 1132 2868 ﬁt
1157 2799 1342 2852 Christi
1377 2800 1513 2853 testis
1541 2800 1846 2854 credibilior.
1872 2801 2002 2868 Quis

423 2904 551 2961 ergo
580 2891 938 2945 testimonium
979 2889 1100 2944 huic
1129 2889 1410 2959 perhibent
1444 2889 1547 2944 diei
1573 2890 1754 2944 latenti
1786 2891 1836 2943 in
1867 2906 1999 2959 qua-

421 2980 545 3037 dam
588 2981 729 3035 nube
762 2980 976 3035 carnis?
1004 2980 1078 3034 Da
1122 2980 1674 3042 lucernam,-testetur
1699 2979 1840 3033 diem
1871 2981 2002 3034 :sed

425 3076 562 3128 hanc
589 3075 856 3128 lucernam
883 3087 1015 3140 auge
1035 3113 1050 3138 ,
1074 3081 1132 3125 ut
1158 3070 1394 3140 quisquis
1421 3071 1536 3139 plus
1565 3071 1652 3124 illa
1681 3071 1857 3137 fuerit,
1887 3070 2001 3126 dies

422 3164 492 3218 sit
521 3181 534 3217 :
561 3161 630 3216 In
677 3164 810 3216 natis
849 3163 1117 3216 mulierum
1160 3178 1261 3214 non
1297 3161 1572 3214 exsurrexit
1602 3162 1764 3232 major
1804 3161 2005 3218 Joanne

422 3252 656 3324 Baptista
703 3251 916 3323 (Matth.
949 3250 1181 3321 1:1,“).
1226 3251 1271 3304 0
1317 3249 1596 3305 ineﬂ'abilis
1637 3250 1998 3320 dispensatio!

423 3344 570 3413 Ego,
603 3345 792 3397 fratres
812 3383 828 3408 ,
861 3355 980 3396 cum
1011 3341 1130 3395 hinc
1154 3343 1328 3410 cogito
1348 3380 1366 3406 ,
1396 3341 1615 3394 multum
1657 3343 1823 3396 miror
1861 3344 2002 3412 quod

420 3433 551 3488 dicit
575 3434 807 3487 Joannes
841 3431 910 3486 de
935 3431 1150 3486 Christo
1173 3471 1190 3496 ,
1224 3439 1358 3484 teste
1385 3430 1672 3499 Evangelio
1698 3448 1711 3484 :
1741 3429 1862 3484 Non
1884 3449 1996 3485 sum

422 3525 624 3594 dignus,
645 3523 832 3592 inquit,
851 3522 1123 3592 corrigiam
1142 3521 1467 3574 calceamenti
1485 3522 1594 3591 ejus
1615 3521 1803 3574 solvere
1823 3520 2000 3592 (Joau.

421 3633 469 3682 ι,
499 3617 610 3687 27).
662 3614 798 3684 Quid
848 3613 1101 3668 humilius
1153 3612 1258 3667 diei
1315 3612 1524 3680 potest?
1561 3612 1696 3677 Quid
1745 3613 2004 3666 excelsius

419 3705 668 3764 Christo?
697 3705 819 3776 quid
861 3704 1115 3759 humilius
1155 3702 1445 3758 crucifixo?
1478 3719 1495 3752 ι
1533 3701 1630 3769 Qui
1663 3701 1822 3757 habet
1845 3717 2004 3770 spon-

413 3813 558 3864 sam,
583 3811 814 3866 sponsus
833 3803 915 3850 est
934 3810 949 3859 ;
970 3795 1172 3849 amicus
1200 3802 1376 3848 autem
1407 3793 1589 3862 sponsi
1617 3801 1747 3852 stat,
1779 3801 1832 3845 et
1860 3791 2003 3845 audit

419 3905 566 3955 eum,
593 3898 648 3946 et
671 3888 864 3961 gaudio
889 3887 1085 3956 gaudet
1110 3894 1326 3955 propter
1341 3899 1533 3939 vocem
1561 3884 1741 3952 Sponsi
1778 3903 1794 3934 ι
1825 3883 2003 3952 (Jonn.

423 3982 637 4053 tn,29),
667 3997 772 4037 non
800 3987 1211 4050 proptersuam.
1246 3995 1265 4028 ι
1300 3975 1436 4040 Nos,
1473 3993 1490 4026 ι
1523 3973 1722 4044 inquit,
1759 3991 1776 4022 ι
1805 3973 1870 4027 tle
1897 3975 2007 4043 plc-

411 4073 663 4130 vnitudine
677 4074 798 4142 ejus
823 4083 1013 4126 omnes
1043 4065 1348 4135 accepimus
1376 4083 1393 4116 ι
1422 4062 1533 4134 (Id.
1570 4079 1618 4127 ι,
1654 4062 1764 4134 16).
1797 4063 2004 4127 Quanta

423 4167 554 4222 dicit
597 4163 664 4218 de
703 4161 957 4224 Christo,
1000 4172 1158 4229 quam
1212 4155 1504 4227 pneclara!
1552 4168 1709 4221 quam
1761 4153 2001 4208 excelsa!

415 4269 581 4326 quam
611 4251 803 4324 digna!
831 4250 876 4306 si
903 4259 1083 4304 tamen
1113 4247 1181 4302 de
1206 4247 1299 4300 illo
1326 4242 1524 4314 aliquid
1552 4243 1620 4299 ab
1647 4241 1824 4312 aliquo
1849 4240 2007 4310 digne

421 4345 640 4402 dicitur.
685 4343 755 4398 Et
785 4351 961 4397 tamen
992 4355 1098 4395 non
1125 4336 1360 4392 ambulat
1401 4335 1537 4390 inter
1574 4332 1861 4402 discipulos
1904 4333 2008 4386 Do-

419 4435 586 4500 tnini,
607 4449 722 4491 .non
748 4447 868 4488 eum
896 4438 1110 4485 secutus
1143 4437 1264 4492 est,
1294 4435 1351 4480 ut
1376 4425 1594 4487 Petrus,
1629 4433 1687 4476 ut
1729 4422 1968 4476 Andreas
1987 4463 2002 4488 ,

425 4535 484 4584 ut
513 4525 760 4582 Joannes
779 4563 795 4589 ,
820 4531 878 4576 ut
908 4519 1108 4574 caeteri.
1137 4517 1242 4573 Sed
1271 4515 1557 4584 discipulos
1584 4514 1681 4568 sibi
1711 4514 1822 4582 ipse
1846 4513 2004 4569 etiam

423 4613 795 4686 congregavit,
817 4621 871 4666 et
892 4609 1181 4666 constituto
1208 4608 1292 4660 hic
1319 4605 1439 4659 licet
1460 4605 1682 4659 Domino
1703 4619 1821 4657 cum
1850 4604 2007 4658 disci-

421 4707 565 4779 pulis
580 4704 702 4761 suis
717 4745 733 4771 ,
759 4701 986 4758 habebat
1011 4698 1300 4770 discipulos
1321 4705 1376 4750 ct
1391 4695 1654 4751 Joannes.
1687 4694 2007 4750 Dicebantur

423 4797 666 4870 discipuli
723 4793 971 4852 Joannis.
1024 4790 1310 4846 Dicebatur
1366 4787 1463 4858 ipsi
1523 4786 1779 4853 Domino,
1838 4785 2007 4852 Quare

427 4890 640 4948 Joannis
660 4887 898 4959 discipuli
928 4887 1171 4958 jejunant
1190 4925 1206 4951 ,
1231 4881 1473 4949 discipuli
1511 4889 1676 4933 autem
1706 4880 1777 4932 tui
1805 4895 1904 4933 non
1917 4879 2005 4950 je-

417 4985 603 5056 junant
629 4980 822 5050 (Marc.
843 4993 902 5042 tt,
934 4976 1063 5040 l8)?
1094 4975 1203 5030 Hoc
1230 4981 1345 5028 erat
1371 4970 1550 5042 procul
1573 4970 1734 5026 dubio
1761 4984 2007 5024 necessa-

415 5071 911 5144 rium-prmcursori
957 5069 1096 5124 lideli
1126 5070 1166 5134 ',
1194 5067 1261 5121 ab
1308 5082 1373 5121 eo
1413 5065 1682 5120 Christum
1728 5061 2005 5133 praedicari

419 5167 513 5239 qui
531 5173 722 5240 posset
742 5162 964 5220 :emulus
987 5159 1159 5218 credi.
1186 5157 1422 5214 Habebat
1441 5155 1729 5224 discipulos
1749 5153 2002 5216 Joannes,

416 5257 654 5314 habebat
691 5263 746 5311 et
773 5252 1019 5309 Christus
1049 5268 1060 5302 :
1092 5249 1240 5320 quasi
1268 5257 1416 5302 extra
1453 5245 1705 5312 docebat,
1735 5243 1826 5298 sed
1855 5243 2006 5296 testis

421 5347 736 5414 inhaerebat.
767 5345 892 5401 Ideo
915 5344 967 5398 in
999 5343 1128 5396 natis
1153 5338 1418 5393 mulierum
1437 5352 1580 5392 nemo
1600 5337 1874 5392 exsurrexit
1898 5351 2008 5388 mlt-

418 5443 501 5514 jor
519 5438 720 5494 Joanne
773 5435 1024 5506 Baptista.
1072 5432 1307 5486 Fuerunt
1354 5427 1661 5498 Prophelze,
1711 5427 2007 5513 habitorum

421 5529 708 5600 discipulos
727 5569 744 5594 ,
773 5525 864 5583 sed
893 5540 996 5580 non
1021 5530 1280 5595 praesente
1302 5518 1534 5574 Christo.
1564 5518 1796 5573 Fuerunt
1824 5528 2002 5589 postea

425 5619 600 5688 magni
630 5617 868 5690 Apostoli
890 5659 902 5681 ,
937 5613 1029 5672 sed
1061 5614 1181 5685 quia
1212 5609 1456 5680 discipuli
1485 5607 1718 5675 Christi,
1753 5624 1856 5663 non
1885 5609 2002 5678 quia

485 5735 500 5764 ‘
526 5726 806 5792 lilia/idsi.

1616 321 1674 377 S.
1717 318 2078 377 AUGUSTINI
2121 321 2420 379 EPISCOPI

3528 333 3551 386 1
3563 334 3663 388 332

2091 435 2377 507 discipulos
2417 448 2701 507 potuerunt
2745 441 2944 499 habere
2971 457 3092 497 cum
3121 443 3355 498 Christo.
3395 445 3564 502 liabet
3596 452 3678 504 ille

2090 528 2406 598 discipulos,
2441 543 2764 601 congregat,
2801 533 3031 602 baptizat
3057 553 3069 586 :
3095 534 3224 603 quid
3281 538 3572 603 putamus?
3601 540 3676 591 lo-

2092 618 2203 682 ris,
2239 635 2304 672 an
2351 620 2533 674 intus?
2574 619 2684 674 luto
2737 637 2862 676 vero
2910 624 3081 692 reipss
3126 625 3301 686 intus,
3335 636 3389 680 ut
3434 637 3676 697 tanquam

2094 709 2252 762 homo
2279 727 2308 764 a
2343 711 2450 765 Deo
2490 711 2831 776 liberaretur;
2860 715 3037 783 specie
3066 716 3218 785 quasi
3248 717 3411 780 foris,
3441 728 3498 770 ut
3537 721 3678 771 u-siis

2091 801 2418 854 crederetur.
2453 800 2670 857 intende
2702 803 2803 859 hoc
2833 805 3001 874 ipsum
3030 824 3044 858 :
3077 806 3428 876 perhibebant
3460 809 3678 862 Domino

2091 891 2489 955 testimonium,
2530 894 2677 948 verbi
2719 895 2890 965 gratia
2917 938 2931 963 ,
2974 896 3197 964 Petrus,
3223 898 3493 954 Andreas.
3527 900 3677 953 Joan-

2091 995 2191 1034 nes
2239 991 2292 1035 et
2341 985 2550 1049 caueri;
2587 999 2707 1038 cum
2753 985 3018 1040 diceretur
3069 988 3184 1052 eis,
3221 987 3471 1043 Laudatis
3526 1006 3676 1059 quem

2094 1071 2412 1140 sequimini,
2447 1074 2744 1143 przcdicatis
2786 1077 2870 1131 cui
2914 1077 3216 1133 adlueretis.
3247 1078 3438 1133 Veniat
3468 1081 3676 1134 lucerna

2095 1161 2425 1217 confundens
2453 1164 2694 1220 inimicos
2713 1206 2728 1229 ,
2757 1167 2965 1234 colligat
2991 1168 3300 1236 discipulos.
3329 1169 3496 1224 liabet
3523 1170 3674 1224 Chri-

2095 1263 2211 1307 stus
2233 1296 2248 1317 .
2285 1253 2444 1310 habet
2461 1266 2516 1310 et
2535 1256 2787 1312 Joannes.
2820 1257 3058 1328 Baptizat
3080 1257 3343 1326 Christus,
3378 1261 3600 1328 buptizat
3629 1272 3676 1314 i-t

2095 1343 2361 1408 Joannes;
2393 1354 2448 1416 et
2486 1346 2692 1400 venitur
2733 1347 2800 1400 ad
2841 1347 3100 1403 Joannem
3121 1391 3136 1414 ,
3161 1357 3218 1403 et
3256 1350 3450 1404 dicitur
3476 1353 3556 1414 ei,
3590 1351 3676 1404 Ille

2097 1436 2177 1488 cui
2207 1437 2541 1490 testimonium
2570 1437 2864 1507 perhibuisti
2880 1480 2894 1502 ,
2921 1455 3032 1492 ecce
3060 1439 3298 1508 baptizat,
3325 1451 3371 1492 et
3401 1457 3575 1493 omnes
3601 1458 3676 1493 re-

2095 1528 2240 1581 niuut
2263 1528 2331 1581 ad
2355 1545 2466 1582 eum
2488 1545 2507 1582 :
2525 1538 2581 1583 ut
2600 1530 2748 1599 quasi
2775 1532 3000 1586 tumulus
3034 1531 3241 1586 invidim
3268 1533 3334 1586 de
3360 1533 3573 1587 Clu-isto
3593 1535 3681 1585 ali—

2096 1619 2223 1688 quid
2263 1621 2387 1674 mali
2416 1621 2734 1690 loqueretur.
2767 1620 2874 1676 Sed
2923 1622 2994 1676 ibi
3036 1622 3252 1677 lucerna
3294 1624 3450 1677 ardet
3483 1627 3680 1688 iulius,

2097 1710 2172 1765 ibi
2197 1709 2444 1780 splendet
2462 1711 2687 1776 clarius,
2711 1713 2783 1766 ibi
2813 1722 3104 1783 vegetatur,
3135 1724 3332 1781 quanto
3360 1715 3682 1778 distinctius,

2102 1808 2248 1856 tanto
2287 1802 2545 1856 securius.
2576 1802 2727 1866 Jam,
2758 1804 2928 1872 inquit
2947 1844 2962 1869 ,
2993 1805 3102 1858 dixi
3127 1803 3294 1870 vobis,
3318 1806 3435 1874 quia
3464 1823 3558 1875 ego
3589 1823 3684 1858 non

2099 1905 2212 1942 sum
2237 1890 2483 1946 Christus.
2527 1891 2626 1957 Qui
2653 1893 2798 1947 habet
2841 1910 3106 1963 sponsam,
3132 1911 3350 1963 sponsus
3377 1906 3447 1948 est
3472 1913 3490 1948 :
3511 1898 3598 1965 qui
3627 1898 3686 1949 de

2101 1979 2224 2032 ctelo
2263 1981 2424 2046 venit,
2452 1998 2604 2051 super
2643 1999 2815 2036 omnes
2855 1994 2925 2037 est
2956 1983 3132 2051 (Joan.
3177 2001 3262 2048 III,
3290 1984 3509 2054 26-51).
3539 1986 3684 2040 Tunc

2105 2072 2178 2126 illi
2208 2071 2489 2128 credentes
2515 2073 2784 2128 Christum
2831 2075 3252 2141 admirabantur,
3287 2085 3412 2130 tunc
3431 2093 3562 2132 vero
3583 2079 3681 2130 ini-

2105 2161 2225 2214 mici
2260 2161 2736 2226 confundebantur,
2776 2164 2987 2232 quando
3014 2164 3238 2232 quodam
3267 2165 3427 2219 modo
3453 2169 3685 2234 compcl-

2105 2251 2312 2306 lebatur
2349 2252 2674 2326 praedicare,
2708 2255 2796 2322 qui
2823 2255 2966 2308 credi
2997 2263 3207 2325 poterat
3241 2255 3500 2309 invidere.
3527 2255 3680 2325 Cogi-

2107 2350 2192 2394 tur
2219 2343 2360 2396 enim
2389 2343 2665 2397 Dominum
2691 2359 2876 2399 servus
2896 2360 3204 2412 agnoscere,
3223 2346 3430 2415 cogitur
3447 2357 3683 2400 creatura

2105 2430 2346 2486 Creatori
2377 2434 2732 2487 testimonium
2765 2435 3042 2503 perhibere
3069 2453 3084 2488 z
3113 2451 3214 2489 nec
3241 2437 3470 2505 cogitur,
3502 2436 3593 2490 sed
3621 2438 3682 2490 ii-

2106 2523 2293 2578 benter
2314 2523 2455 2577 facit.
2485 2525 2698 2579 Amicus
2719 2535 2799 2579 est
2821 2527 2960 2580 enim
2979 2569 2992 2591 ,
3027 2543 3130 2580 non
3161 2527 3408 2581 invidus:
3438 2543 3537 2581 nec
3563 2528 3682 2592 sibi,

2105 2613 2198 2668 sed
2231 2629 2428 2682 SpOttSO
2457 2615 2611 2669 zelat.

2179 2707 2230 2758 7.
2272 2705 2336 2758 In
2386 2706 2569 2760 Christi
2622 2709 2806 2777 nuptiis
2851 2711 3228 2778 paranyntphus
3281 2707 3531 2763 Joannes.
3580 2709 3686 2764 lle-

2108 2795 2273 2847 diutor
2299 2795 2526 2850 Christus
2555 2796 2606 2848 in
2633 2807 2875 2868 quantum
2904 2797 3074 2851 homo.
3128 2798 3351 2852 Faciunt
3400 2799 3501 2853 hoc
3530 2801 3682 2854 amici

2109 2887 2324 2952 sponsi;
2370 2897 2422 2940 ct
2467 2897 2548 2941 est
2604 2889 2846 2956 qutcdam
2899 2889 2948 2942 in
2995 2890 3194 2958 nuptiis
3251 2890 3498 2944 humanis
3547 2892 3682 2945 sole-

2112 2979 2326 3043 innitas,
2362 2992 2418 3033 ut
2460 2981 2698 3049 exceptis
2722 2981 2840 3035 aliis
2867 2980 3073 3046 amicis,
3103 2982 3263 3036 etiam
3297 2985 3684 3052 parauymphus

2108 3069 2442 3133 adhibeatur,
2469 3069 2672 3125 amicus
2699 3071 2938 3134 interior,
2969 3072 3217 3127 conscius
3246 3072 3439 3127 secreti
3467 3073 3684 3127 cubicu-

2110 3158 2254 3212 laris.
2309 3159 2413 3214 Sed
2463 3159 2549 3215 hic
2595 3161 2834 3224 interest,
2862 3169 2917 3217 et
2963 3162 3120 3231 plane
3167 3163 3395 3216 multum
3444 3162 3682 3218 interest.

2109 3249 2260 3316 Quod
2291 3251 2341 3304 in
2373 3251 2573 3320 nuptiis
2602 3251 2845 3306 humanis
2875 3251 3035 3306 homo
3068 3251 3268 3305 homini
3296 3254 3685 3322 paranymphus

2111 3352 2212 3405 est,
2243 3342 2341 3395 hoc
2367 3351 2448 3395 est
2484 3341 2715 3396 Joannes
2739 3341 2971 3407 Christo,
3015 3352 3068 3397 et
3096 3343 3232 3397 idem
3282 3343 3423 3397 Deus
3450 3341 3687 3397 Christus

2111 3449 2358 3504 sponsus,
2383 3435 2644 3489 mediator
2673 3435 2768 3490 Dei
2803 3445 2857 3489 et
2887 3435 3197 3501 hominum;
3225 3435 3319 3489 sed
3351 3435 3404 3488 in
3434 3446 3684 3503 quantum

2113 3524 2295 3582 homo.
2336 3523 2467 3580 Nam
2517 3525 2568 3579 in
2616 3535 2871 3595 quantum
2930 3525 3070 3580 Deus
3116 3540 3221 3579 non
3271 3525 3554 3585 mediator,
3599 3523 3684 3578 sed

2111 3617 2330 3686 arqualis
2349 3616 2515 3682 Patri,
2547 3616 2647 3671 hoc
2675 3616 2813 3672 idem
2841 3617 2981 3687 quod
3015 3617 3190 3682 Pater,
3220 3631 3342 3670 cum
3370 3617 3531 3671 Patre
3547 3632 3688 3671 unus

2117 3711 2274 3766 Deus.
2303 3710 2525 3779 Quando
2552 3719 2700 3765 esset
2725 3710 2823 3764 ista
2867 3709 3163 3764 sublimitas
3203 3709 3506 3773 mediau-ix,
3528 3724 3557 3760 a
3586 3721 3686 3776 qua

2113 3805 2336 3858 multum
2379 3805 2535 3874 longe
2559 3789 2808 3872 disiuncti
2839 3802 3186 3871 jacebamus?
3232 3801 3303 3856 Ut
3347 3801 3556 3855 medius
3600 3802 3685 3863 sit,

2112 3894 2307 3964 aliquid
2336 3904 2572 3948 assumat
2599 3893 2738 3962 quod
2767 3907 2870 3947 non
2901 3901 3054 3946 erat:
3087 3893 3180 3945 sed
3212 3903 3268 3944 ut
3299 3892 3685 3960 perveniamus.

2113 3995 2324 4040 maneat
2358 3985 2498 4054 quod
2528 3994 2664 4038 erat.
2711 3984 2846 4038 Ecce
2873 3983 3015 4037 enim
3061 3983 3197 4036 Deus
3227 3999 3390 4050 super
3420 3997 3539 4047 nos,
3566 3997 3690 4035 ecce

2115 4093 2213 4132 nos
2243 4076 2376 4131 infra
2407 4077 2576 4142 illum,
2602 4084 2657 4130 et
2701 4076 2866 4130 multa
2897 4074 3209 4143 iuterjacent
3244 4075 3432 4143 spatia,
3463 4075 3690 4128 maxime

2117 4170 2315 4239 peccati
2335 4169 2674 4224 intervallum
2706 4168 2862 4237 longe
2889 4182 2988 4226 uos
3011 4166 3288 4236 distinguit
3313 4177 3471 4235 atque
3490 4165 3690 4234 ahjic'u.

2118 4263 2170 4316 lu
2201 4259 2302 4316 hac
2325 4268 2466 4315 tanta
2488 4259 2737 4314 distantia
2759 4273 2880 4314 cum
2906 4257 3220 4312 veniendum
3240 4267 3382 4312 esset
3407 4256 3474 4310 ad
3505 4257 3687 4315 Deum.

2107 4366 2217 4419 qua
2244 4349 2450 4405 venturi
2477 4349 2730 4404 eramus?
2771 4349 2890 4418 Ipse
2921 4348 3080 4414 Deus,
3111 4351 3249 4403 Dens
3287 4356 3467 4401 manet
3497 4365 3512 4400 :
3539 4361 3693 4400 acce-

2113 4439 2193 4494 dit
2221 4440 2380 4496 homo
2408 4439 2536 4503 Deo,
2566 4448 2620 4494 et
2651 4439 2710 4492 ﬁt
2752 4453 2854 4494 una
2890 4453 3149 4509 persona,
3180 4449 3237 4492 ut
3275 4439 3345 4491 sit
3387 4455 3496 4492 non
3539 4437 3694 4492 semi-

2105 4533 2266 4601 deus,
2298 4531 2448 4602 quasi
2478 4539 2625 4598 parte
2657 4530 2748 4584 Dei
2782 4529 2946 4596 Deus,
2978 4537 3033 4584 et
3053 4539 3210 4596 parte
3236 4528 3470 4582 hominis
3495 4527 3692 4589 homo;

2115 4623 2208 4680 sed
2241 4633 2381 4677 totus
2410 4623 2548 4678 Deus
2576 4630 2628 4676 et
2653 4629 2794 4675 totus
2822 4619 2987 4676 homo
3017 4639 3030 4674 :
3063 4619 3203 4674 Deus
3230 4619 3507 4684 liberator,
3539 4619 3694 4671 hoino

2116 4714 2404 4776 mediator;
2435 4723 2490 4766 ut
2528 4728 2621 4781 per
2652 4712 2798 4765 illum
2829 4711 2893 4764 ad
2930 4711 3233 4776 illum,~non
3273 4725 3365 4777 per
3391 4710 3578 4774 alium,
3605 4725 3695 4761 nec

2113 4819 2223 4861 non
2251 4803 2316 4857 ad
2341 4803 2516 4866 illum;
2559 4801 2652 4856 sed
2695 4801 2858 4870 perliti
2887 4800 3031 4872 quod
3063 4801 3113 4853 in
3143 4800 3234 4853 illo
3271 4815 3373 4853 nos
3396 4814 3606 4863 sumus,
3633 4799 3692 4850 ad

2103 4897 2261 4952 illum
2281 4912 2372 4964 per
2393 4910 2552 4965 quem
2572 4894 2705 4949 iacti
2744 4908 2948 4948 sumus.
2990 4891 3115 4948 Ideo
3144 4894 3428 4962 Apostolus
3453 4892 3696 4962 quamvis

2115 4985 2385 5040 Christum
2413 4986 2619 5039 noverit
2647 4984 2816 5038 Deum
2851 5000 2863 5034 :
2898 4997 3018 5037 nam
3045 4982 3159 5052 ipse
3184 4983 3248 5036 de
3275 4982 3364 5036 illo
3393 4981 3549 5049 dixit,
3577 4997 3694 5035 cum

2118 5080 2183 5132 de
2209 5079 2235 5134 ‘J
2245 5077 2513 5133 udazorum
2536 5075 2958 5146 prazcedentihus
2979 5076 3180 5130 meritis
3197 5075 3537 5143 loqueretur,
3551 5078 3696 5139 .Quo-

2119 5188 2232 5224 rma
2259 5179 2444 5240 patres,
2471 5179 2515 5223 et
2544 5185 2606 5224 ex
2628 5167 2805 5239 quibus
2821 5165 3049 5224 Christus
3074 5165 3346 5220 secundum
3368 5183 3590 5226 carnem,
3613 5163 3694 5231 qui

2119 5272 2188 5314 cst
2211 5277 2358 5332 super
2373 5260 2539 5314 omnia
2558 5258 2694 5314 Deus
2716 5258 3007 5314 benedictus
3030 5258 3080 5312 in
3101 5258 3285 5313 uacula
3315 5255 3496 5328 (Rom.
3521 5272 3592 5322 ιι,
3617 5256 3689 5317 5):

2101 5367 2386 5422 .cumeergo
2425 5354 2583 5408 sciret
2617 5352 2760 5406 illum
2799 5352 2989 5412 Deum,
3018 5359 3070 5404 et
3097 5365 3258 5418 super
3285 5351 3466 5408 omnia
3497 5349 3690 5408 Deum;

2115 5463 2177 5499 ac
2206 5461 2298 5514 per
2335 5446 2434 5500 hoc
2464 5445 2643 5514 utique
2673 5461 2834 5515 super
2859 5445 3059 5510 omnia,
3084 5444 3206 5514 quia
3245 5458 3340 5512 per
3372 5443 3520 5498 illum
3564 5441 3691 5494 facta

2116 5546 2240 5590 sunt
2269 5537 2476 5598 omnia;
2525 5546 2740 5590 ventum
2781 5545 2863 5591 est
2900 5543 2957 5588 ut
2995 5533 3394 5588 conuuendaret
3435 5533 3690 5588 mediato-

2119 5643 2254 5691 rem,
2291 5637 2344 5680 et
2374 5642 2476 5679 non
2521 5627 2648 5680 dixit
2685 5627 2881 5688 Deum;
2927 5643 3030 5678 non
3058 5627 3197 5677 cnim
3231 5641 3324 5693 per
3355 5625 3460 5678 hoc
3503 5623 3694 5679 media.

2117 5729 2198 5772 tor
2249 5725 2350 5779 cst,
2380 5719 2516 5785 quod
2548 5718 2684 5771 Deus
2711 5728 2824 5780 est;
2857 5717 2949 5771 scd
2979 5734 3069 5784 per
3101 5715 3200 5771 hoc
3247 5716 3532 5780 tiicdiator,
3574 5716 3696 5783 quia
