  <div class='ocr_page' id='page_1' title='image "/cluster/home/n/w/nwhite01/storage/ocr_20150623/38/hvd.32044096580600/672.png"; bbox 0 0 3974 6170; ppageno 0'>
   <div class='ocr_carea' id='block_1_1' title="bbox 299 333 433 392">
    <p class='ocr_par' dir='ltr' id='par_1_1' title="bbox 299 333 433 392">
     <span class='ocr_line' id='line_1_1' title="bbox 299 333 433 392; baseline -0.037 0"><span class='ocrx_word' id='word_1_1' title='bbox 299 340 318 392; x_wconf 82' lang='lat'><strong>‘.</strong></span> <span class='ocrx_word' id='word_1_2' title='bbox 331 333 433 389; x_wconf 71' lang='grc' dir='ltr'><strong>δῖ’ιῦ</strong></span> 
     </span>
    </p>
   </div>
   <div class='ocr_carea' id='block_1_2' title="bbox 294 407 1868 508">
    <p class='ocr_par' dir='ltr' id='par_1_2' title="bbox 294 407 1868 508">
     <span class='ocr_line' id='line_1_2' title="bbox 294 407 1868 508; baseline -0.03 -4"><span class='ocrx_word' id='word_1_3' title='bbox 294 452 464 503; x_wconf 84' lang='lat' dir='ltr'><strong>tactus</strong></span> <span class='ocrx_word' id='word_1_4' title='bbox 487 453 568 500; x_wconf 87' lang='lat' dir='ltr'><strong>est</strong></span> <span class='ocrx_word' id='word_1_5' title='bbox 597 441 773 497; x_wconf 87' lang='lat' dir='ltr'><strong>homo.</strong></span> <span class='ocrx_word' id='word_1_6' title='bbox 803 436 920 508; x_wconf 85' lang='lat' dir='ltr'><strong>ipsa</strong></span> <span class='ocrx_word' id='word_1_7' title='bbox 947 442 1032 490; x_wconf 85' lang='lat' dir='ltr'><strong>est</strong></span> <span class='ocrx_word' id='word_1_8' title='bbox 1052 427 1294 487; x_wconf 87' lang='lat' dir='ltr'><strong>liberatio</strong></span> <span class='ocrx_word' id='word_1_9' title='bbox 1332 429 1530 478; x_wconf 88' lang='lat' dir='ltr'><strong>nostra.</strong></span> <span class='ocrx_word' id='word_1_10' title='bbox 1567 416 1708 474; x_wconf 86' lang='lat' dir='ltr'><strong>Unus</strong></span> <span class='ocrx_word' id='word_1_11' title='bbox 1737 407 1868 508; x_wconf 81' lang='lat' dir='ltr'><strong>enim</strong></span> 
     </span>
    </p>
   </div>
   <div class='ocr_carea' id='block_1_3' title="bbox 299 506 1866 605">
    <p class='ocr_par' dir='ltr' id='par_1_3' title="bbox 299 506 1866 605">
     <span class='ocr_line' id='line_1_3' title="bbox 299 506 1866 605; baseline -0.023 -12"><span class='ocrx_word' id='word_1_12' title='bbox 299 540 451 592; x_wconf 87' lang='lat' dir='ltr'><strong>Deus.</strong></span> <span class='ocrx_word' id='word_1_13' title='bbox 476 535 611 605; x_wconf 84' lang='lat' dir='ltr'><strong>Quia</strong></span> <span class='ocrx_word' id='word_1_14' title='bbox 646 506 1109 600; x_wconf 39' lang='lat' dir='ltr'><strong>utique—Catholici</strong></span> <span class='ocrx_word' id='word_1_15' title='bbox 1139 517 1351 583; x_wconf 76' lang='lat' dir='ltr'><strong>auditis,</strong></span> <span class='ocrx_word' id='word_1_16' title='bbox 1381 511 1624 605; x_wconf 80' lang='lat' dir='ltr'><strong>instructi</strong></span> <span class='ocrx_word' id='word_1_17' title='bbox 1654 506 1866 605; x_wconf 50' lang='lat' dir='ltr'><strong>apditis,</strong></span> 
     </span>
    </p>
   </div>
   <div class='ocr_carea' id='block_1_4' title="bbox 298 595 1869 698">
    <p class='ocr_par' dir='ltr' id='par_1_4' title="bbox 298 595 1869 698">
     <span class='ocr_line' id='line_1_4' title="bbox 298 595 1869 698; baseline -0.02 -18"><span class='ocrx_word' id='word_1_18' title='bbox 298 595 576 698; x_wconf 58' lang='lat' dir='ltr'><strong>vigilanier</strong></span> <span class='ocrx_word' id='word_1_19' title='bbox 606 595 819 684; x_wconf 83' lang='lat' dir='ltr'><strong>auditis,</strong></span> <span class='ocrx_word' id='word_1_20' title='bbox 847 618 989 674; x_wconf 85' lang='lat' dir='ltr'><strong>Unus</strong></span> <span class='ocrx_word' id='word_1_21' title='bbox 1012 615 1146 669; x_wconf 79' lang='lat' dir='ltr'><strong>Deus</strong></span> <span class='ocrx_word' id='word_1_22' title='bbox 1173 628 1191 666; x_wconf 90' lang='lat'><strong><em>:</em></strong></span> <span class='ocrx_word' id='word_1_23' title='bbox 1220 605 1474 678; x_wconf 88' lang='lat' dir='ltr'><strong>numquid</strong></span> <span class='ocrx_word' id='word_1_24' title='bbox 1499 602 1644 698; x_wconf 83' lang='lat' dir='ltr'><strong>solus</strong></span> <span class='ocrx_word' id='word_1_25' title='bbox 1677 595 1869 654; x_wconf 89' lang='lat' dir='ltr'><strong>Pater?</strong></span> 
     </span>
    </p>
   </div>
   <div class='ocr_carea' id='block_1_5' title="bbox 296 695 1867 786">
    <p class='ocr_par' dir='ltr' id='par_1_5' title="bbox 296 695 1867 786">
     <span class='ocr_line' id='line_1_5' title="bbox 296 695 1867 786; baseline -0.02 -13"><span class='ocrx_word' id='word_1_26' title='bbox 296 695 550 786; x_wconf 74' lang='lat' dir='ltr'><strong>numquid</strong></span> <span class='ocrx_word' id='word_1_27' title='bbox 580 715 729 770; x_wconf 91' lang='lat' dir='ltr'><strong>solus</strong></span> <span class='ocrx_word' id='word_1_28' title='bbox 765 710 967 766; x_wconf 87' lang='lat' dir='ltr'><strong>Filius?</strong></span> <span class='ocrx_word' id='word_1_29' title='bbox 1011 703 1264 773; x_wconf 88' lang='lat' dir='ltr'><strong>numquid</strong></span> <span class='ocrx_word' id='word_1_30' title='bbox 1316 701 1463 755; x_wconf 90' lang='lat' dir='ltr'><strong>solus</strong></span> <span class='ocrx_word' id='word_1_31' title='bbox 1490 695 1718 766; x_wconf 88' lang='lat' dir='ltr'><strong>Spiritus</strong></span> <span class='ocrx_word' id='word_1_32' title='bbox 1743 706 1867 746; x_wconf 85' lang='lat' dir='ltr'><strong>san-</strong></span> 
     </span>
    </p>
   </div>
   <div class='ocr_carea' id='block_1_6' title="bbox 294 789 1870 873">
    <p class='ocr_par' dir='ltr' id='par_1_6' title="bbox 294 789 1870 873">
     <span class='ocr_line' id='line_1_6' title="bbox 294 789 1870 873; baseline -0.017 -14"><span class='ocrx_word' id='word_1_33' title='bbox 294 809 443 864; x_wconf 66' lang='lat' dir='ltr'><strong>ctus?</strong></span> <span class='ocrx_word' id='word_1_34' title='bbox 485 805 593 861; x_wconf 88' lang='lat' dir='ltr'><strong>Sed</strong></span> <span class='ocrx_word' id='word_1_35' title='bbox 624 806 805 873; x_wconf 91' lang='lat' dir='ltr'><strong>utique</strong></span> <span class='ocrx_word' id='word_1_36' title='bbox 828 802 984 855; x_wconf 88' lang='lat' dir='ltr'><strong>Pater</strong></span> <span class='ocrx_word' id='word_1_37' title='bbox 1015 807 1067 852; x_wconf 90' lang='lat' dir='ltr'><strong>et</strong></span> <span class='ocrx_word' id='word_1_38' title='bbox 1104 795 1270 850; x_wconf 86' lang='lat' dir='ltr'><strong>Filius</strong></span> <span class='ocrx_word' id='word_1_39' title='bbox 1298 801 1352 848; x_wconf 92' lang='lat' dir='ltr'><strong>et</strong></span> <span class='ocrx_word' id='word_1_40' title='bbox 1393 789 1622 859; x_wconf 78' lang='lat' dir='ltr'><strong>Spiritus</strong></span> <span class='ocrx_word' id='word_1_41' title='bbox 1658 791 1870 838; x_wconf 83' lang='lat' dir='ltr'><strong>sanctus</strong></span> 
     </span>
    </p>
   </div>
   <div class='ocr_carea' id='block_1_7' title="bbox 297 875 1872 966">
    <p class='ocr_par' dir='ltr' id='par_1_7' title="bbox 297 875 1872 966">
     <span class='ocr_line' id='line_1_7' title="bbox 297 875 1872 966; baseline -0.018 -12"><span class='ocrx_word' id='word_1_42' title='bbox 297 918 428 956; x_wconf 83' lang='lat' dir='ltr'><strong>ttlIlIS</strong></span> <span class='ocrx_word' id='word_1_43' title='bbox 459 900 620 954; x_wconf 88' lang='lat' dir='ltr'><strong>Deus.</strong></span> <span class='ocrx_word' id='word_1_44' title='bbox 651 899 809 966; x_wconf 88' lang='lat' dir='ltr'><strong>Ergo,</strong></span> <span class='ocrx_word' id='word_1_45' title='bbox 847 891 991 948; x_wconf 87' lang='lat' dir='ltr'><strong>Unus</strong></span> <span class='ocrx_word' id='word_1_46' title='bbox 1019 890 1178 953; x_wconf 83' lang='lat' dir='ltr'><strong>Deus,</strong></span> <span class='ocrx_word' id='word_1_47' title='bbox 1201 902 1329 941; x_wconf 86' lang='lat' dir='ltr'><strong>unus</strong></span> <span class='ocrx_word' id='word_1_48' title='bbox 1352 892 1396 939; x_wconf 88' lang='lat' dir='ltr'><strong>et</strong></span> <span class='ocrx_word' id='word_1_49' title='bbox 1421 880 1666 935; x_wconf 79' lang='lat' dir='ltr'><strong>mediator</strong></span> <span class='ocrx_word' id='word_1_50' title='bbox 1699 875 1796 928; x_wconf 89' lang='lat' dir='ltr'><strong>Dei</strong></span> <span class='ocrx_word' id='word_1_51' title='bbox 1823 883 1872 927; x_wconf 85' lang='lat' dir='ltr'><strong>et</strong></span> 
     </span>
    </p>
   </div>
   <div class='ocr_carea' id='block_1_8' title="bbox 298 967 1865 1048">
    <p class='ocr_par' dir='ltr' id='par_1_8' title="bbox 298 967 1865 1048">
     <span class='ocr_line' id='line_1_8' title="bbox 298 967 1865 1048; baseline -0.017 -5"><span class='ocrx_word' id='word_1_52' title='bbox 298 991 554 1045; x_wconf 76' lang='lat' dir='ltr'><strong>hominum</strong></span> <span class='ocrx_word' id='word_1_53' title='bbox 576 989 724 1042; x_wconf 90' lang='lat' dir='ltr'><strong>homo</strong></span> <span class='ocrx_word' id='word_1_54' title='bbox 740 984 971 1040; x_wconf 74' lang='lat' dir='ltr'><strong>Christus</strong></span> <span class='ocrx_word' id='word_1_55' title='bbox 992 980 1143 1033; x_wconf 81' lang='lat' dir='ltr'><strong>Iesus</strong></span> <span class='ocrx_word' id='word_1_56' title='bbox 1160 977 1212 1048; x_wconf 97' lang='lat' dir='ltr'><strong>(l</strong></span> <span class='ocrx_word' id='word_1_57' title='bbox 1239 976 1371 1029; x_wconf 85' lang='lat' dir='ltr'><strong>Tim.</strong></span> <span class='ocrx_word' id='word_1_58' title='bbox 1401 990 1459 1039; x_wconf 81' lang='grc' dir='ltr'><strong>ιι,</strong></span> <span class='ocrx_word' id='word_1_59' title='bbox 1478 971 1556 1040; x_wconf 84' lang='grc'><strong>5).</strong></span> <span class='ocrx_word' id='word_1_60' title='bbox 1575 969 1630 1023; x_wconf 88' lang='lat' dir='ltr'><strong>Si</strong></span> <span class='ocrx_word' id='word_1_61' title='bbox 1646 967 1865 1029; x_wconf 85' lang='lat' dir='ltr'><strong>diceret,</strong></span> 
     </span>
    </p>
   </div>
   <div class='ocr_carea' id='block_1_9' title="bbox 298 1058 1873 1146">
    <p class='ocr_par' dir='ltr' id='par_1_9' title="bbox 298 1058 1873 1146">
     <span class='ocr_line' id='line_1_9' title="bbox 298 1058 1873 1146; baseline -0.019 -7"><span class='ocrx_word' id='word_1_62' title='bbox 298 1084 443 1139; x_wconf 91' lang='lat' dir='ltr'><strong>Unus</strong></span> <span class='ocrx_word' id='word_1_63' title='bbox 472 1082 632 1146; x_wconf 90' lang='lat' dir='ltr'><strong>Deus,</strong></span> <span class='ocrx_word' id='word_1_64' title='bbox 666 1093 802 1132; x_wconf 90' lang='lat' dir='ltr'><strong>unus</strong></span> <span class='ocrx_word' id='word_1_65' title='bbox 828 1085 883 1130; x_wconf 90' lang='lat' dir='ltr'><strong>et</strong></span> <span class='ocrx_word' id='word_1_66' title='bbox 915 1073 1173 1130; x_wconf 75' lang='lat' dir='ltr'><strong>mediator</strong></span> <span class='ocrx_word' id='word_1_67' title='bbox 1200 1069 1292 1124; x_wconf 90' lang='lat' dir='ltr'><strong>Dei</strong></span> <span class='ocrx_word' id='word_1_68' title='bbox 1330 1077 1384 1122; x_wconf 89' lang='lat' dir='ltr'><strong>et</strong></span> <span class='ocrx_word' id='word_1_69' title='bbox 1415 1065 1690 1120; x_wconf 83' lang='lat' dir='ltr'><strong>hominum</strong></span> <span class='ocrx_word' id='word_1_70' title='bbox 1719 1058 1873 1114; x_wconf 85' lang='lat' dir='ltr'><strong>Chri-</strong></span> 
     </span>
    </p>
   </div>
   <div class='ocr_carea' id='block_1_10' title="bbox 297 1152 1868 1236">
    <p class='ocr_par' dir='ltr' id='par_1_10' title="bbox 297 1152 1868 1236">
     <span class='ocr_line' id='line_1_10' title="bbox 297 1152 1868 1236; baseline -0.02 -6"><span class='ocrx_word' id='word_1_71' title='bbox 297 1185 408 1230; x_wconf 71' lang='lat' dir='ltr'><strong>stus</strong></span> <span class='ocrx_word' id='word_1_72' title='bbox 458 1171 681 1234; x_wconf 73' lang='lat' dir='ltr'><strong>Iesus‘;</strong></span> <span class='ocrx_word' id='word_1_73' title='bbox 735 1177 985 1236; x_wconf 80' lang='lat' dir='ltr'><strong>tanquam</strong></span> <span class='ocrx_word' id='word_1_74' title='bbox 1040 1162 1215 1217; x_wconf 89' lang='lat' dir='ltr'><strong>minor</strong></span> <span class='ocrx_word' id='word_1_75' title='bbox 1269 1158 1411 1212; x_wconf 88' lang='lat' dir='ltr'><strong>Deus</strong></span> <span class='ocrx_word' id='word_1_76' title='bbox 1465 1152 1868 1221; x_wconf 87' lang='lat' dir='ltr'><strong>intelligeretur.</strong></span> 
     </span>
    </p>
   </div>
   <div class='ocr_carea' id='block_1_11' title="bbox 301 1245 1869 1322">
    <p class='ocr_par' dir='ltr' id='par_1_11' title="bbox 301 1245 1869 1322">
     <span class='ocr_line' id='line_1_11' title="bbox 301 1245 1869 1322; baseline -0.019 -1"><span class='ocrx_word' id='word_1_77' title='bbox 301 1265 506 1322; x_wconf 78' lang='lat' dir='ltr'><strong>Etenim</strong></span> <span class='ocrx_word' id='word_1_78' title='bbox 545 1263 612 1317; x_wconf 91' lang='lat' dir='ltr'><strong>ab</strong></span> <span class='ocrx_word' id='word_1_79' title='bbox 650 1260 740 1316; x_wconf 89' lang='lat' dir='ltr'><strong>illa</strong></span> <span class='ocrx_word' id='word_1_80' title='bbox 782 1254 1056 1313; x_wconf 68' lang='lat' dir='ltr'><strong>Trinitatis</strong></span> <span class='ocrx_word' id='word_1_81' title='bbox 1085 1253 1279 1308; x_wconf 87' lang='lat' dir='ltr'><strong>deitate</strong></span> <span class='ocrx_word' id='word_1_82' title='bbox 1318 1245 1470 1318; x_wconf 86' lang='lat' dir='ltr'><strong>quasi</strong></span> <span class='ocrx_word' id='word_1_83' title='bbox 1513 1246 1869 1313; x_wconf 88' lang='lat' dir='ltr'><strong>separaretur,</strong></span> 
     </span>
    </p>
   </div>
   <div class='ocr_carea' id='block_1_12' title="bbox 297 1333 1872 1419">
    <p class='ocr_par' dir='ltr' id='par_1_12' title="bbox 297 1333 1872 1419">
     <span class='ocr_line' id='line_1_12' title="bbox 297 1333 1872 1419; baseline -0.018 -5"><span class='ocrx_word' id='word_1_84' title='bbox 297 1361 340 1416; x_wconf 97' lang='lat' dir='ltr'><strong>si</strong></span> <span class='ocrx_word' id='word_1_85' title='bbox 364 1374 496 1412; x_wconf 88' lang='lat' dir='ltr'><strong>unus</strong></span> <span class='ocrx_word' id='word_1_86' title='bbox 521 1357 686 1419; x_wconf 85' lang='lat' dir='ltr'><strong>Deus,</strong></span> <span class='ocrx_word' id='word_1_87' title='bbox 710 1367 848 1408; x_wconf 89' lang='lat' dir='ltr'><strong>unus</strong></span> <span class='ocrx_word' id='word_1_88' title='bbox 866 1358 920 1404; x_wconf 89' lang='lat' dir='ltr'><strong>et</strong></span> <span class='ocrx_word' id='word_1_89' title='bbox 942 1347 1202 1403; x_wconf 87' lang='lat' dir='ltr'><strong>mediator</strong></span> <span class='ocrx_word' id='word_1_90' title='bbox 1222 1342 1318 1398; x_wconf 87' lang='lat' dir='ltr'><strong>Dei</strong></span> <span class='ocrx_word' id='word_1_91' title='bbox 1341 1350 1393 1396; x_wconf 90' lang='lat' dir='ltr'><strong>et</strong></span> <span class='ocrx_word' id='word_1_92' title='bbox 1415 1337 1692 1395; x_wconf 88' lang='lat' dir='ltr'><strong>hominum</strong></span> <span class='ocrx_word' id='word_1_93' title='bbox 1717 1333 1872 1388; x_wconf 87' lang='lat' dir='ltr'><strong>Iesus</strong></span> 
     </span>
    </p>
   </div>
   <div class='ocr_carea' id='block_1_13' title="bbox 297 1516 1874 1616">
    <p class='ocr_par' dir='ltr' id='par_1_13' title="bbox 297 1516 1874 1616">
     <span class='ocr_line' id='line_1_13' title="bbox 297 1516 1874 1616; baseline -0.018 -19"><span class='ocrx_word' id='word_1_94' title='bbox 297 1543 420 1612; x_wconf 87' lang='lat' dir='ltr'><strong>quia</strong></span> <span class='ocrx_word' id='word_1_95' title='bbox 450 1541 502 1595; x_wconf 88' lang='lat' dir='ltr'><strong>in</strong></span> <span class='ocrx_word' id='word_1_96' title='bbox 547 1538 749 1592; x_wconf 86' lang='lat' dir='ltr'><strong>unitate</strong></span> <span class='ocrx_word' id='word_1_97' title='bbox 796 1535 911 1596; x_wconf 88' lang='lat' dir='ltr'><strong>Dei,</strong></span> <span class='ocrx_word' id='word_1_98' title='bbox 945 1531 1016 1586; x_wconf 86' lang='lat' dir='ltr'><strong>ibi</strong></span> <span class='ocrx_word' id='word_1_99' title='bbox 1061 1530 1218 1584; x_wconf 89' lang='lat' dir='ltr'><strong>Pater</strong></span> <span class='ocrx_word' id='word_1_100' title='bbox 1245 1534 1299 1580; x_wconf 89' lang='lat' dir='ltr'><strong>et</strong></span> <span class='ocrx_word' id='word_1_101' title='bbox 1337 1523 1503 1616; x_wconf 72' lang='lat' dir='ltr'><strong>Filius</strong></span> <span class='ocrx_word' id='word_1_102' title='bbox 1541 1529 1595 1575; x_wconf 91' lang='lat' dir='ltr'><strong>et</strong></span> <span class='ocrx_word' id='word_1_103' title='bbox 1644 1516 1874 1616; x_wconf 76' lang='lat' dir='ltr'><strong>Spiritus</strong></span> 
     </span>
    </p>
   </div>
   <div class='ocr_carea' id='block_1_14' title="bbox 297 1612 1875 1688">
    <p class='ocr_par' dir='ltr' id='par_1_14' title="bbox 297 1612 1875 1688">
     <span class='ocr_line' id='line_1_14' title="bbox 297 1612 1875 1688; baseline -0.02 1"><span class='ocrx_word' id='word_1_104' title='bbox 297 1643 545 1688; x_wconf 84' lang='lat' dir='ltr'><strong>sanctus:</strong></span> <span class='ocrx_word' id='word_1_105' title='bbox 571 1627 824 1681; x_wconf 88' lang='lat' dir='ltr'><strong>unitatem</strong></span> <span class='ocrx_word' id='word_1_106' title='bbox 853 1632 1028 1679; x_wconf 86' lang='lat' dir='ltr'><strong>teneat</strong></span> <span class='ocrx_word' id='word_1_107' title='bbox 1057 1619 1325 1682; x_wconf 85' lang='lat' dir='ltr'><strong>divinitas,</strong></span> <span class='ocrx_word' id='word_1_108' title='bbox 1342 1612 1681 1669; x_wconf 86' lang='lat' dir='ltr'><strong>medietatem</strong></span> <span class='ocrx_word' id='word_1_109' title='bbox 1707 1612 1875 1660; x_wconf 86' lang='lat' dir='ltr'><strong>susci-</strong></span> 
     </span>
    </p>
   </div>
   <div class='ocr_carea' id='block_1_15' title="bbox 301 1722 769 1797">
    <p class='ocr_par' dir='ltr' id='par_1_15' title="bbox 301 1722 769 1797">
     <span class='ocr_line' id='line_1_15' title="bbox 301 1722 769 1797; baseline -0.019 -16"><span class='ocrx_word' id='word_1_110' title='bbox 301 1729 410 1797; x_wconf 88' lang='lat' dir='ltr'><strong>piat</strong></span> <span class='ocrx_word' id='word_1_111' title='bbox 447 1722 769 1778; x_wconf 83' lang='lat' dir='ltr'><strong>humanitas.</strong></span> 
     </span>
    </p>
   </div>
   <div class='ocr_carea' id='block_1_16' title="bbox 366 1795 1872 1880">
    <p class='ocr_par' dir='ltr' id='par_1_16' title="bbox 366 1795 1872 1880">
     <span class='ocr_line' id='line_1_16' title="bbox 366 1795 1872 1880; baseline -0.019 -8"><span class='ocrx_word' id='word_1_112' title='bbox 366 1821 422 1872; x_wconf 79' lang='lat'><strong>8.</strong></span> <span class='ocrx_word' id='word_1_113' title='bbox 464 1814 764 1868; x_wconf 77' lang='lat' dir='ltr'><strong>Mediatorls</strong></span> <span class='ocrx_word' id='word_1_114' title='bbox 781 1809 946 1880; x_wconf 84' lang='lat' dir='ltr'><strong>gratia</strong></span> <span class='ocrx_word' id='word_1_115' title='bbox 976 1805 1225 1869; x_wconf 86' lang='lat' dir='ltr'><strong>omnibus,</strong></span> <span class='ocrx_word' id='word_1_116' title='bbox 1248 1811 1303 1854; x_wconf 91' lang='lat' dir='ltr'><strong>ut</strong></span> <span class='ocrx_word' id='word_1_117' title='bbox 1333 1798 1440 1854; x_wconf 89' lang='lat' dir='ltr'><strong>Deo</strong></span> <span class='ocrx_word' id='word_1_118' title='bbox 1469 1795 1872 1859; x_wconf 76' lang='lat' dir='ltr'><strong>reconcilientur,</strong></span> 
     </span>
    </p>
   </div>
   <div class='ocr_carea' id='block_1_17' title="bbox 300 1887 1878 1963">
    <p class='ocr_par' dir='ltr' id='par_1_17' title="bbox 300 1887 1878 1963">
     <span class='ocr_line' id='line_1_17' title="bbox 300 1887 1878 1963; baseline -0.016 0"><span class='ocrx_word' id='word_1_119' title='bbox 300 1907 597 1963; x_wconf 79' lang='lat' dir='ltr'><strong>necessaria.</strong></span> <span class='ocrx_word' id='word_1_120' title='bbox 614 1906 723 1959; x_wconf 89' lang='lat' dir='ltr'><strong>llac</strong></span> <span class='ocrx_word' id='word_1_121' title='bbox 741 1902 1022 1957; x_wconf 85' lang='lat' dir='ltr'><strong>medietate</strong></span> <span class='ocrx_word' id='word_1_122' title='bbox 1036 1895 1404 1951; x_wconf 83' lang='lat' dir='ltr'><strong>reconciliatur</strong></span> <span class='ocrx_word' id='word_1_123' title='bbox 1417 1890 1526 1944; x_wconf 89' lang='lat' dir='ltr'><strong>Deo</strong></span> <span class='ocrx_word' id='word_1_124' title='bbox 1539 1887 1712 1943; x_wconf 90' lang='lat' dir='ltr'><strong>omnis</strong></span> <span class='ocrx_word' id='word_1_125' title='bbox 1724 1901 1878 1955; x_wconf 86' lang='lat' dir='ltr'><strong>gene-</strong></span> 
     </span>
    </p>
   </div>
   <div class='ocr_carea' id='block_1_18' title="bbox 299 1977 1877 2059">
    <p class='ocr_par' dir='ltr' id='par_1_18' title="bbox 299 1977 1877 2059">
     <span class='ocr_line' id='line_1_18' title="bbox 299 1977 1877 2059; baseline -0.019 -1"><span class='ocrx_word' id='word_1_126' title='bbox 299 2003 372 2058; x_wconf 85' lang='lat' dir='ltr'><strong>ris</strong></span> <span class='ocrx_word' id='word_1_127' title='bbox 391 1998 606 2054; x_wconf 84' lang='lat' dir='ltr'><strong>immani</strong></span> <span class='ocrx_word' id='word_1_128' title='bbox 635 2010 807 2051; x_wconf 84' lang='lat' dir='ltr'><strong>massa</strong></span> <span class='ocrx_word' id='word_1_129' title='bbox 822 1991 996 2046; x_wconf 84' lang='lat' dir='ltr'><strong>abillo</strong></span> <span class='ocrx_word' id='word_1_130' title='bbox 1014 2004 1108 2059; x_wconf 88' lang='lat' dir='ltr'><strong>per</strong></span> <span class='ocrx_word' id='word_1_131' title='bbox 1125 1986 1293 2042; x_wconf 80' lang='lat' dir='ltr'><strong>Adam</strong></span> <span class='ocrx_word' id='word_1_132' title='bbox 1312 1984 1557 2036; x_wconf 87' lang='lat' dir='ltr'><strong>alienata.</strong></span> <span class='ocrx_word' id='word_1_133' title='bbox 1590 1978 1693 2032; x_wconf 86' lang='lat' dir='ltr'><strong>Per</strong></span> <span class='ocrx_word' id='word_1_134' title='bbox 1711 1977 1877 2031; x_wconf 84' lang='lat' dir='ltr'><strong>Adam</strong></span> 
     </span>
    </p>
   </div>
   <div class='ocr_carea' id='block_1_19' title="bbox 300 2081 1876 2163">
    <p class='ocr_par' dir='ltr' id='par_1_19' title="bbox 300 2081 1876 2163">
     <span class='ocr_line' id='line_1_19' title="bbox 300 2081 1876 2163; baseline -0.015 -17"><span class='ocrx_word' id='word_1_135' title='bbox 300 2094 431 2152; x_wconf 69' lang='lat' dir='ltr'><strong>enim</strong></span> <span class='ocrx_word' id='word_1_136' title='bbox 447 2099 702 2163; x_wconf 85' lang='lat' dir='ltr'><strong>peccatum</strong></span> <span class='ocrx_word' id='word_1_137' title='bbox 719 2087 922 2138; x_wconf 79' lang='lat' dir='ltr'><strong>intravit</strong></span> <span class='ocrx_word' id='word_1_138' title='bbox 934 2085 986 2137; x_wconf 88' lang='lat' dir='ltr'><strong>in</strong></span> <span class='ocrx_word' id='word_1_139' title='bbox 1002 2081 1267 2144; x_wconf 88' lang='lat' dir='ltr'><strong>mundum,</strong></span> <span class='ocrx_word' id='word_1_140' title='bbox 1279 2087 1326 2132; x_wconf 88' lang='lat' dir='ltr'><strong>et</strong></span> <span class='ocrx_word' id='word_1_141' title='bbox 1344 2093 1432 2146; x_wconf 88' lang='lat' dir='ltr'><strong>per</strong></span> <span class='ocrx_word' id='word_1_142' title='bbox 1447 2083 1703 2145; x_wconf 87' lang='lat' dir='ltr'><strong>peccatum</strong></span> <span class='ocrx_word' id='word_1_143' title='bbox 1721 2084 1876 2135; x_wconf 85' lang='lat' dir='ltr'><strong>mors;</strong></span> 
     </span>
    </p>
   </div>
   <div class='ocr_carea' id='block_1_20' title="bbox 299 2169 1875 2242">
    <p class='ocr_par' dir='ltr' id='par_1_20' title="bbox 299 2169 1875 2242">
     <span class='ocr_line' id='line_1_20' title="bbox 299 2169 1875 2242; baseline -0.015 -6"><span class='ocrx_word' id='word_1_144' title='bbox 299 2194 346 2236; x_wconf 87' lang='lat' dir='ltr'><strong>et</strong></span> <span class='ocrx_word' id='word_1_145' title='bbox 371 2184 442 2236; x_wconf 84' lang='lat' dir='ltr'><strong>ita</strong></span> <span class='ocrx_word' id='word_1_146' title='bbox 465 2184 516 2235; x_wconf 88' lang='lat' dir='ltr'><strong>in</strong></span> <span class='ocrx_word' id='word_1_147' title='bbox 538 2196 708 2234; x_wconf 86' lang='lat' dir='ltr'><strong>oumes</strong></span> <span class='ocrx_word' id='word_1_148' title='bbox 733 2177 957 2232; x_wconf 75' lang='lat' dir='ltr'><strong>homines</strong></span> <span class='ocrx_word' id='word_1_149' title='bbox 981 2171 1290 2242; x_wconf 85' lang='lat' dir='ltr'><strong>pertransiit,</strong></span> <span class='ocrx_word' id='word_1_150' title='bbox 1308 2169 1360 2222; x_wconf 89' lang='lat' dir='ltr'><strong>in</strong></span> <span class='ocrx_word' id='word_1_151' title='bbox 1379 2183 1478 2237; x_wconf 85' lang='lat' dir='ltr'><strong>quo</strong></span> <span class='ocrx_word' id='word_1_152' title='bbox 1499 2180 1670 2220; x_wconf 88' lang='lat' dir='ltr'><strong>onmes</strong></span> <span class='ocrx_word' id='word_1_153' title='bbox 1695 2178 1875 2232; x_wconf 85' lang='lat' dir='ltr'><strong>pecca-</strong></span> 
     </span>
    </p>
   </div>
   <div class='ocr_carea' id='block_1_21' title="bbox 300 2252 1878 2341">
    <p class='ocr_par' dir='ltr' id='par_1_21' title="bbox 300 2252 1878 2341">
     <span class='ocr_line' id='line_1_21' title="bbox 300 2252 1878 2341; baseline -0.016 -11"><span class='ocrx_word' id='word_1_154' title='bbox 300 2282 474 2330; x_wconf 79' lang='lat' dir='ltr'><strong>verunt</strong></span> <span class='ocrx_word' id='word_1_155' title='bbox 515 2271 692 2341; x_wconf 87' lang='lat' dir='ltr'><strong>(Rom.</strong></span> <span class='ocrx_word' id='word_1_156' title='bbox 719 2284 772 2335; x_wconf 92' lang='lat' dir='ltr'><strong>v,</strong></span> <span class='ocrx_word' id='word_1_157' title='bbox 802 2266 913 2338; x_wconf 69' lang='grc' dir='ltr'><strong>η).</strong></span> <span class='ocrx_word' id='word_1_158' title='bbox 960 2265 1090 2332; x_wconf 85' lang='lat' dir='ltr'><strong>Quis</strong></span> <span class='ocrx_word' id='word_1_159' title='bbox 1138 2262 1264 2316; x_wconf 87' lang='lat' dir='ltr'><strong>hinc</strong></span> <span class='ocrx_word' id='word_1_160' title='bbox 1303 2255 1618 2314; x_wconf 79' lang='lat' dir='ltr'><strong>emeretur?</strong></span> <span class='ocrx_word' id='word_1_161' title='bbox 1664 2254 1782 2323; x_wconf 84' lang='lat' dir='ltr'><strong>quis</strong></span> <span class='ocrx_word' id='word_1_162' title='bbox 1811 2252 1878 2305; x_wconf 89' lang='lat' dir='ltr'><strong>ab</strong></span> 
     </span>
    </p>
   </div>
   <div class='ocr_carea' id='block_1_22' title="bbox 301 2342 1879 2421">
    <p class='ocr_par' dir='ltr' id='par_1_22' title="bbox 301 2342 1879 2421">
     <span class='ocr_line' id='line_1_22' title="bbox 301 2342 1879 2421; baseline -0.016 0"><span class='ocrx_word' id='word_1_163' title='bbox 301 2366 402 2421; x_wconf 86' lang='lat' dir='ltr'><strong>hac</strong></span> <span class='ocrx_word' id='word_1_164' title='bbox 429 2376 601 2416; x_wconf 82' lang='lat' dir='ltr'><strong>massa</strong></span> <span class='ocrx_word' id='word_1_165' title='bbox 629 2361 721 2413; x_wconf 74' lang='lat' dir='ltr'><strong>ira:</strong></span> <span class='ocrx_word' id='word_1_166' title='bbox 740 2358 808 2412; x_wconf 89' lang='lat' dir='ltr'><strong>ad</strong></span> <span class='ocrx_word' id='word_1_167' title='bbox 838 2353 1252 2411; x_wconf 88' lang='lat' dir='ltr'><strong>miscricordiam</strong></span> <span class='ocrx_word' id='word_1_168' title='bbox 1274 2344 1727 2416; x_wconf 81' lang='lat' dir='ltr'><strong>distingueretur?</strong></span> <span class='ocrx_word' id='word_1_169' title='bbox 1756 2342 1879 2408; x_wconf 85' lang='lat' dir='ltr'><strong>Quis</strong></span> 
     </span>
    </p>
   </div>
   <div class='ocr_carea' id='block_1_23' title="bbox 295 2439 1901 2513">
    <p class='ocr_par' dir='ltr' id='par_1_23' title="bbox 295 2439 1901 2513">
     <span class='ocr_line' id='line_1_23' title="bbox 295 2439 1901 2513; baseline -0.014 -3"><span class='ocrx_word' id='word_1_170' title='bbox 295 2457 434 2510; x_wconf 72' lang='lat' dir='ltr'><strong>etaim</strong></span> <span class='ocrx_word' id='word_1_171' title='bbox 474 2464 520 2508; x_wconf 90' lang='lat' dir='ltr'><strong>te</strong></span> <span class='ocrx_word' id='word_1_172' title='bbox 556 2449 834 2506; x_wconf 80' lang='lat' dir='ltr'><strong>discernit?</strong></span> <span class='ocrx_word' id='word_1_173' title='bbox 873 2447 1006 2513; x_wconf 83' lang='lat' dir='ltr'><strong>Quid</strong></span> <span class='ocrx_word' id='word_1_174' title='bbox 1035 2454 1202 2512; x_wconf 85' lang='lat' dir='ltr'><strong>autem</strong></span> <span class='ocrx_word' id='word_1_175' title='bbox 1241 2443 1391 2496; x_wconf 89' lang='lat' dir='ltr'><strong>habes</strong></span> <span class='ocrx_word' id='word_1_176' title='bbox 1419 2439 1553 2510; x_wconf 86' lang='lat' dir='ltr'><strong>quod</strong></span> <span class='ocrx_word' id='word_1_177' title='bbox 1597 2453 1695 2490; x_wconf 89' lang='lat' dir='ltr'><strong>non</strong></span> <span class='ocrx_word' id='word_1_178' title='bbox 1731 2450 1901 2489; x_wconf 71' lang='lat' dir='ltr'><strong>acce-&#39;</strong></span> 
     </span>
    </p>
   </div>
   <div class='ocr_carea' id='block_1_24' title="bbox 293 2527 1878 2618">
    <p class='ocr_par' dir='ltr' id='par_1_24' title="bbox 293 2527 1878 2618">
     <span class='ocr_line' id='line_1_24' title="bbox 293 2527 1878 2618; baseline -0.012 -19"><span class='ocrx_word' id='word_1_179' title='bbox 293 2547 420 2618; x_wconf 73' lang='lat' dir='ltr'><strong>pisti</strong></span> <span class='ocrx_word' id='word_1_180' title='bbox 445 2545 493 2613; x_wconf 79' lang='lat' dir='ltr'><strong>-(l</strong></span> <span class='ocrx_word' id='word_1_181' title='bbox 516 2542 632 2597; x_wconf 88' lang='lat' dir='ltr'><strong>Cor.</strong></span> <span class='ocrx_word' id='word_1_182' title='bbox 662 2557 736 2606; x_wconf 82' lang='lat' dir='ltr'><strong>IV,</strong></span> <span class='ocrx_word' id='word_1_183' title='bbox 758 2540 850 2612; x_wconf 85' lang='lat'><strong>7)?</strong></span> <span class='ocrx_word' id='word_1_184' title='bbox 878 2538 995 2592; x_wconf 87' lang='lat' dir='ltr'><strong>Non</strong></span> <span class='ocrx_word' id='word_1_185' title='bbox 1023 2551 1148 2605; x_wconf 86' lang='lat' dir='ltr'><strong>ergo</strong></span> <span class='ocrx_word' id='word_1_186' title='bbox 1175 2549 1274 2589; x_wconf 90' lang='lat' dir='ltr'><strong>nos</strong></span> <span class='ocrx_word' id='word_1_187' title='bbox 1315 2532 1623 2587; x_wconf 80' lang='lat' dir='ltr'><strong>discernunt</strong></span> <span class='ocrx_word' id='word_1_188' title='bbox 1665 2527 1878 2618; x_wconf 82' lang='lat' dir='ltr'><strong>merita,</strong></span> 
     </span>
    </p>
   </div>
   <div class='ocr_carea' id='block_1_25' title="bbox 300 2617 1879 2710">
    <p class='ocr_par' dir='ltr' id='par_1_25' title="bbox 300 2617 1879 2710">
     <span class='ocr_line' id='line_1_25' title="bbox 300 2617 1879 2710; baseline -0.013 -20"><span class='ocrx_word' id='word_1_189' title='bbox 300 2617 394 2695; x_wconf 77' lang='lat' dir='ltr'><strong>sed</strong></span> <span class='ocrx_word' id='word_1_190' title='bbox 435 2634 622 2704; x_wconf 87' lang='lat' dir='ltr'><strong>gratia.</strong></span> <span class='ocrx_word' id='word_1_191' title='bbox 653 2630 784 2710; x_wconf 70' lang='lat' dir='ltr'><strong>Diam</strong></span> <span class='ocrx_word' id='word_1_192' title='bbox 814 2631 858 2684; x_wconf 93' lang='lat' dir='ltr'><strong>si</strong></span> <span class='ocrx_word' id='word_1_193' title='bbox 901 2628 1109 2692; x_wconf 86' lang='lat' dir='ltr'><strong>merita,</strong></span> <span class='ocrx_word' id='word_1_194' title='bbox 1140 2623 1376 2681; x_wconf 89' lang='lat' dir='ltr'><strong>debitum</strong></span> <span class='ocrx_word' id='word_1_195' title='bbox 1421 2629 1539 2675; x_wconf 86' lang='lat' dir='ltr'><strong>est:</strong></span> <span class='ocrx_word' id='word_1_196' title='bbox 1572 2617 1617 2672; x_wconf 94' lang='lat' dir='ltr'><strong>si</strong></span> <span class='ocrx_word' id='word_1_197' title='bbox 1646 2617 1879 2671; x_wconf 91' lang='lat' dir='ltr'><strong>debitum</strong></span> 
     </span>
    </p>
   </div>
   <div class='ocr_carea' id='block_1_26' title="bbox 300 2712 1876 2793">
    <p class='ocr_par' dir='ltr' id='par_1_26' title="bbox 300 2712 1876 2793">
     <span class='ocr_line' id='line_1_26' title="bbox 300 2712 1876 2793; baseline -0.011 -13"><span class='ocrx_word' id='word_1_198' title='bbox 300 2737 404 2790; x_wconf 77' lang='lat' dir='ltr'><strong>est,</strong></span> <span class='ocrx_word' id='word_1_199' title='bbox 428 2725 591 2793; x_wconf 77' lang='lat' dir='ltr'><strong>gratis</strong></span> <span class='ocrx_word' id='word_1_200' title='bbox 630 2737 735 2778; x_wconf 88' lang='lat' dir='ltr'><strong>non</strong></span> <span class='ocrx_word' id='word_1_201' title='bbox 759 2731 840 2776; x_wconf 89' lang='lat' dir='ltr'><strong>est</strong></span> <span class='ocrx_word' id='word_1_202' title='bbox 869 2737 881 2774; x_wconf 91' lang='lat'><strong>:</strong></span> <span class='ocrx_word' id='word_1_203' title='bbox 909 2720 952 2782; x_wconf 87' lang='lat' dir='ltr'><strong>si</strong></span> <span class='ocrx_word' id='word_1_204' title='bbox 975 2718 1140 2788; x_wconf 80' lang='lat' dir='ltr'><strong>gratis</strong></span> <span class='ocrx_word' id='word_1_205' title='bbox 1165 2731 1270 2771; x_wconf 90' lang='lat' dir='ltr'><strong>non</strong></span> <span class='ocrx_word' id='word_1_206' title='bbox 1308 2722 1411 2782; x_wconf 88' lang='lat' dir='ltr'><strong>est,</strong></span> <span class='ocrx_word' id='word_1_207' title='bbox 1443 2712 1612 2782; x_wconf 90' lang='lat' dir='ltr'><strong>gratia</strong></span> <span class='ocrx_word' id='word_1_208' title='bbox 1642 2725 1745 2764; x_wconf 92' lang='lat' dir='ltr'><strong>non</strong></span> <span class='ocrx_word' id='word_1_209' title='bbox 1775 2717 1876 2764; x_wconf 89' lang='lat' dir='ltr'><strong>est.</strong></span> 
     </span>
    </p>
   </div>
   <div class='ocr_carea' id='block_1_27' title="bbox 297 2803 1884 2884">
    <p class='ocr_par' dir='ltr' id='par_1_27' title="bbox 297 2803 1884 2884">
     <span class='ocr_line' id='line_1_27' title="bbox 297 2803 1884 2884; baseline -0.012 -12"><span class='ocrx_word' id='word_1_210' title='bbox 297 2817 414 2872; x_wconf 78' lang='lat' dir='ltr'><strong>Hoc</strong></span> <span class='ocrx_word' id='word_1_211' title='bbox 445 2817 558 2884; x_wconf 90' lang='lat' dir='ltr'><strong>ipse</strong></span> <span class='ocrx_word' id='word_1_212' title='bbox 593 2813 878 2883; x_wconf 84' lang='lat' dir='ltr'><strong>Apostolus</strong></span> <span class='ocrx_word' id='word_1_213' title='bbox 911 2810 1044 2864; x_wconf 79' lang='lat' dir='ltr'><strong>dixit</strong></span> <span class='ocrx_word' id='word_1_214' title='bbox 1072 2825 1084 2860; x_wconf 90' lang='lat'><strong>:</strong></span> <span class='ocrx_word' id='word_1_215' title='bbox 1118 2809 1178 2862; x_wconf 90' lang='lat' dir='ltr'><strong>Si</strong></span> <span class='ocrx_word' id='word_1_216' title='bbox 1213 2814 1379 2859; x_wconf 89' lang='lat' dir='ltr'><strong>autem</strong></span> <span class='ocrx_word' id='word_1_217' title='bbox 1407 2804 1594 2876; x_wconf 82' lang='lat' dir='ltr'><strong>gratia,</strong></span> <span class='ocrx_word' id='word_1_218' title='bbox 1623 2803 1738 2872; x_wconf 87' lang='lat' dir='ltr'><strong>jam</strong></span> <span class='ocrx_word' id='word_1_219' title='bbox 1782 2818 1884 2855; x_wconf 84' lang='lat' dir='ltr'><strong>non</strong></span> 
     </span>
    </p>
   </div>
   <div class='ocr_carea' id='block_1_28' title="bbox 299 2895 1878 2976">
    <p class='ocr_par' dir='ltr' id='par_1_28' title="bbox 299 2895 1878 2976">
     <span class='ocr_line' id='line_1_28' title="bbox 299 2895 1878 2976; baseline -0.011 -11"><span class='ocrx_word' id='word_1_220' title='bbox 299 2926 363 2965; x_wconf 81' lang='lat' dir='ltr'><strong>ea:</strong></span> <span class='ocrx_word' id='word_1_221' title='bbox 389 2906 652 2976; x_wconf 85' lang='lat' dir='ltr'><strong>cperibus;</strong></span> <span class='ocrx_word' id='word_1_222' title='bbox 695 2903 918 2973; x_wconf 83' lang='lat' dir='ltr'><strong>alioquin</strong></span> <span class='ocrx_word' id='word_1_223' title='bbox 947 2901 1114 2972; x_wconf 86' lang='lat' dir='ltr'><strong>gratia</strong></span> <span class='ocrx_word' id='word_1_224' title='bbox 1143 2901 1258 2969; x_wconf 90' lang='lat' dir='ltr'><strong>jam</strong></span> <span class='ocrx_word' id='word_1_225' title='bbox 1285 2915 1386 2952; x_wconf 88' lang='lat' dir='ltr'><strong>non</strong></span> <span class='ocrx_word' id='word_1_226' title='bbox 1413 2906 1486 2951; x_wconf 89' lang='lat' dir='ltr'><strong>est</strong></span> <span class='ocrx_word' id='word_1_227' title='bbox 1510 2896 1676 2968; x_wconf 84' lang='lat' dir='ltr'><strong>gratia</strong></span> <span class='ocrx_word' id='word_1_228' title='bbox 1705 2895 1878 2966; x_wconf 85' lang='lat' dir='ltr'><strong>(Rom.</strong></span> 
     </span>
    </p>
   </div>
   <div class='ocr_carea' id='block_1_29' title="bbox 297 2988 1880 3070">
    <p class='ocr_par' dir='ltr' id='par_1_29' title="bbox 297 2988 1880 3070">
     <span class='ocr_line' id='line_1_29' title="bbox 297 2988 1880 3070; baseline -0.011 -12"><span class='ocrx_word' id='word_1_229' title='bbox 297 3000 476 3070; x_wconf 56' lang='grc' dir='ltr'><strong>ιδῃ-6).</strong></span> <span class='ocrx_word' id='word_1_230' title='bbox 502 2998 607 3054; x_wconf 89' lang='lat' dir='ltr'><strong>Per</strong></span> <span class='ocrx_word' id='word_1_231' title='bbox 637 3011 798 3052; x_wconf 91' lang='lat' dir='ltr'><strong>unum</strong></span> <span class='ocrx_word' id='word_1_232' title='bbox 824 2994 1112 3055; x_wconf 89' lang='lat' dir='ltr'><strong>salvamur,</strong></span> <span class='ocrx_word' id='word_1_233' title='bbox 1139 2990 1390 3061; x_wconf 81' lang='lat' dir='ltr'><strong>majores,</strong></span> <span class='ocrx_word' id='word_1_234' title='bbox 1421 2988 1678 3056; x_wconf 79' lang='lat' dir='ltr'><strong>minores,</strong></span> <span class='ocrx_word' id='word_1_235' title='bbox 1701 3001 1880 3054; x_wconf 85' lang='lat' dir='ltr'><strong>senes,</strong></span> 
     </span>
    </p>
   </div>
   <div class='ocr_carea' id='block_1_30' title="bbox 294 3079 1883 3161">
    <p class='ocr_par' dir='ltr' id='par_1_30' title="bbox 294 3079 1883 3161">
     <span class='ocr_line' id='line_1_30' title="bbox 294 3079 1883 3161; baseline -0.009 -14"><span class='ocrx_word' id='word_1_236' title='bbox 294 3093 546 3158; x_wconf 76' lang='lat' dir='ltr'><strong>juvenes,</strong></span> <span class='ocrx_word' id='word_1_237' title='bbox 564 3089 801 3161; x_wconf 77' lang='lat' dir='ltr'><strong>parvuli,</strong></span> <span class='ocrx_word' id='word_1_238' title='bbox 826 3086 1088 3150; x_wconf 82' lang='lat' dir='ltr'><strong>infantes;</strong></span> <span class='ocrx_word' id='word_1_239' title='bbox 1131 3099 1226 3153; x_wconf 87' lang='lat' dir='ltr'><strong>per</strong></span> <span class='ocrx_word' id='word_1_240' title='bbox 1245 3098 1406 3137; x_wconf 87' lang='lat' dir='ltr'><strong>unum</strong></span> <span class='ocrx_word' id='word_1_241' title='bbox 1426 3082 1713 3136; x_wconf 73' lang='lat' dir='ltr'><strong>solvamur.</strong></span> <span class='ocrx_word' id='word_1_242' title='bbox 1742 3079 1883 3133; x_wconf 86' lang='lat' dir='ltr'><strong>Unus</strong></span> 
     </span>
    </p>
   </div>
   <div class='ocr_carea' id='block_1_31' title="bbox 297 3171 1882 3248">
    <p class='ocr_par' dir='ltr' id='par_1_31' title="bbox 297 3171 1882 3248">
     <span class='ocr_line' id='line_1_31' title="bbox 297 3171 1882 3248; baseline -0.008 -9"><span class='ocrx_word' id='word_1_243' title='bbox 297 3186 436 3240; x_wconf 88' lang='lat' dir='ltr'><strong>enim</strong></span> <span class='ocrx_word' id='word_1_244' title='bbox 478 3183 637 3248; x_wconf 85' lang='lat' dir='ltr'><strong>Deus,</strong></span> <span class='ocrx_word' id='word_1_245' title='bbox 678 3196 811 3234; x_wconf 87' lang='lat' dir='ltr'><strong>unus</strong></span> <span class='ocrx_word' id='word_1_246' title='bbox 856 3188 902 3232; x_wconf 86' lang='lat' dir='ltr'><strong>et</strong></span> <span class='ocrx_word' id='word_1_247' title='bbox 938 3178 1183 3233; x_wconf 86' lang='lat' dir='ltr'><strong>mediator</strong></span> <span class='ocrx_word' id='word_1_248' title='bbox 1231 3173 1326 3228; x_wconf 84' lang='lat' dir='ltr'><strong>Dei</strong></span> <span class='ocrx_word' id='word_1_249' title='bbox 1363 3184 1410 3228; x_wconf 89' lang='lat' dir='ltr'><strong>et</strong></span> <span class='ocrx_word' id='word_1_250' title='bbox 1449 3173 1708 3238; x_wconf 84' lang='lat' dir='ltr'><strong>hominum</strong></span> <span class='ocrx_word' id='word_1_251' title='bbox 1734 3171 1882 3226; x_wconf 86' lang='lat' dir='ltr'><strong>homo</strong></span> 
     </span>
    </p>
   </div>
   <div class='ocr_carea' id='block_1_32' title="bbox 298 3268 1884 3335">
    <p class='ocr_par' dir='ltr' id='par_1_32' title="bbox 298 3268 1884 3335">
     <span class='ocr_line' id='line_1_32' title="bbox 298 3268 1884 3335; baseline -0.009 -3"><span class='ocrx_word' id='word_1_252' title='bbox 298 3276 535 3332; x_wconf 82' lang='lat' dir='ltr'><strong>Christus</strong></span> <span class='ocrx_word' id='word_1_253' title='bbox 561 3273 730 3327; x_wconf 88' lang='lat' dir='ltr'><strong>Iesus.</strong></span> <span class='ocrx_word' id='word_1_254' title='bbox 763 3268 867 3324; x_wconf 86' lang='lat' dir='ltr'><strong>Per</strong></span> <span class='ocrx_word' id='word_1_255' title='bbox 889 3285 1045 3332; x_wconf 83' lang='lat' dir='ltr'><strong>unum</strong></span> <span class='ocrx_word' id='word_1_256' title='bbox 1078 3268 1330 3328; x_wconf 81' lang='lat' dir='ltr'><strong>hominem</strong></span> <span class='ocrx_word' id='word_1_257' title='bbox 1355 3282 1509 3330; x_wconf 89' lang='lat' dir='ltr'><strong>mors,</strong></span> <span class='ocrx_word' id='word_1_258' title='bbox 1540 3273 1589 3318; x_wconf 89' lang='lat' dir='ltr'><strong>et</strong></span> <span class='ocrx_word' id='word_1_259' title='bbox 1622 3280 1712 3335; x_wconf 86' lang='lat' dir='ltr'><strong>per</strong></span> <span class='ocrx_word' id='word_1_260' title='bbox 1729 3280 1884 3318; x_wconf 84' lang='lat' dir='ltr'><strong>unum</strong></span> 
     </span>
    </p>
   </div>
   <div class='ocr_carea' id='block_1_33' title="bbox 298 3353 1880 3422">
    <p class='ocr_par' dir='ltr' id='par_1_33' title="bbox 298 3353 1880 3422">
     <span class='ocr_line' id='line_1_33' title="bbox 298 3353 1880 3422; baseline -0.008 -4"><span class='ocrx_word' id='word_1_261' title='bbox 298 3362 603 3418; x_wconf 81' lang='lat' dir='ltr'><strong>resurrectio</strong></span> <span class='ocrx_word' id='word_1_262' title='bbox 618 3368 952 3414; x_wconf 87' lang='lat' dir='ltr'><strong>mortuorum.</strong></span> <span class='ocrx_word' id='word_1_263' title='bbox 981 3357 1125 3417; x_wconf 87' lang='lat' dir='ltr'><strong>Sicut</strong></span> <span class='ocrx_word' id='word_1_264' title='bbox 1145 3357 1196 3408; x_wconf 86' lang='lat' dir='ltr'><strong>in</strong></span> <span class='ocrx_word' id='word_1_265' title='bbox 1215 3354 1377 3422; x_wconf 81' lang='lat' dir='ltr'><strong>Adam</strong></span> <span class='ocrx_word' id='word_1_266' title='bbox 1393 3370 1562 3408; x_wconf 88' lang='lat' dir='ltr'><strong>omnes</strong></span> <span class='ocrx_word' id='word_1_267' title='bbox 1579 3353 1880 3420; x_wconf 83' lang='lat' dir='ltr'><strong>moriuntur,</strong></span> 
     </span>
    </p>
   </div>
   <div class='ocr_carea' id='block_1_34' title="bbox 296 3443 1880 3517">
    <p class='ocr_par' dir='ltr' id='par_1_34' title="bbox 296 3443 1880 3517">
     <span class='ocr_line' id='line_1_34' title="bbox 296 3443 1880 3517; baseline -0.008 -8"><span class='ocrx_word' id='word_1_268' title='bbox 296 3458 433 3510; x_wconf 81' lang='lat' dir='ltr'><strong>sicet</strong></span> <span class='ocrx_word' id='word_1_269' title='bbox 456 3455 507 3506; x_wconf 86' lang='lat' dir='ltr'><strong>in</strong></span> <span class='ocrx_word' id='word_1_270' title='bbox 525 3451 724 3506; x_wconf 85' lang='lat' dir='ltr'><strong>Christo</strong></span> <span class='ocrx_word' id='word_1_271' title='bbox 737 3465 916 3508; x_wconf 85' lang='lat' dir='ltr'><strong>omnes</strong></span> <span class='ocrx_word' id='word_1_272' title='bbox 931 3447 1312 3514; x_wconf 76' lang='lat' dir='ltr'><strong>viviﬁcabuntur</strong></span> <span class='ocrx_word' id='word_1_273' title='bbox 1337 3444 1356 3517; x_wconf 97' lang='lat'><strong>(</strong></span> <span class='ocrx_word' id='word_1_274' title='bbox 1373 3445 1387 3497; x_wconf 94' lang='lat'><strong><em>|</em></strong></span> <span class='ocrx_word' id='word_1_275' title='bbox 1407 3443 1524 3498; x_wconf 89' lang='lat' dir='ltr'><strong>Cor.</strong></span> <span class='ocrx_word' id='word_1_276' title='bbox 1547 3461 1638 3511; x_wconf 86' lang='lat' dir='ltr'><strong>xv,</strong></span> <span class='ocrx_word' id='word_1_277' title='bbox 1654 3445 1714 3499; x_wconf 76' lang='lat'><strong>2|</strong></span> <span class='ocrx_word' id='word_1_278' title='bbox 1730 3485 1745 3510; x_wconf 90' lang='lat'><strong>,</strong></span> <span class='ocrx_word' id='word_1_279' title='bbox 1761 3443 1880 3514; x_wconf 72' lang='lat'><strong>2‘2).</strong></span> 
     </span>
    </p>
   </div>
   <div class='ocr_carea' id='block_1_35' title="bbox 372 3534 1884 3604">
    <p class='ocr_par' dir='ltr' id='par_1_35' title="bbox 372 3534 1884 3604">
     <span class='ocr_line' id='line_1_35' title="bbox 372 3534 1884 3604; baseline -0.007 -5"><span class='ocrx_word' id='word_1_280' title='bbox 372 3545 428 3599; x_wconf 88' lang='grc'><strong>9.</strong></span> <span class='ocrx_word' id='word_1_281' title='bbox 467 3542 652 3595; x_wconf 84' lang='lat' dir='ltr'><strong>Omnes</strong></span> <span class='ocrx_word' id='word_1_282' title='bbox 677 3540 727 3592; x_wconf 87' lang='lat' dir='ltr'><strong>in</strong></span> <span class='ocrx_word' id='word_1_283' title='bbox 757 3537 921 3591; x_wconf 80' lang='lat' dir='ltr'><strong>Adam</strong></span> <span class='ocrx_word' id='word_1_284' title='bbox 946 3547 992 3601; x_wconf 83' lang='lat' dir='ltr'><strong>et</strong></span> <span class='ocrx_word' id='word_1_285' title='bbox 1017 3553 1186 3592; x_wconf 88' lang='lat' dir='ltr'><strong>omnes</strong></span> <span class='ocrx_word' id='word_1_286' title='bbox 1211 3537 1262 3590; x_wconf 90' lang='lat' dir='ltr'><strong>in</strong></span> <span class='ocrx_word' id='word_1_287' title='bbox 1297 3534 1517 3599; x_wconf 81' lang='lat' dir='ltr'><strong>Christo.</strong></span> <span class='ocrx_word' id='word_1_288' title='bbox 1558 3536 1654 3590; x_wconf 82' lang='lat' dir='ltr'><strong>Hic</strong></span> <span class='ocrx_word' id='word_1_289' title='bbox 1691 3535 1884 3604; x_wconf 86' lang='lat' dir='ltr'><strong>aliquis</strong></span> 
     </span>
    </p>
   </div>
   <div class='ocr_carea' id='block_1_36' title="bbox 289 3626 1882 3696">
    <p class='ocr_par' dir='ltr' id='par_1_36' title="bbox 289 3626 1882 3696">
     <span class='ocr_line' id='line_1_36' title="bbox 289 3626 1882 3696; baseline -0.006 -8"><span class='ocrx_word' id='word_1_290' title='bbox 289 3634 556 3696; x_wconf 85' lang='lat' dir='ltr'><strong>occurrit,</strong></span> <span class='ocrx_word' id='word_1_291' title='bbox 580 3641 634 3686; x_wconf 88' lang='lat' dir='ltr'><strong>et</strong></span> <span class='ocrx_word' id='word_1_292' title='bbox 659 3630 786 3684; x_wconf 81' lang='lat' dir='ltr'><strong>dicit</strong></span> <span class='ocrx_word' id='word_1_293' title='bbox 811 3628 941 3682; x_wconf 91' lang='lat' dir='ltr'><strong>mihi</strong></span> <span class='ocrx_word' id='word_1_294' title='bbox 972 3646 986 3682; x_wconf 86' lang='lat'><strong>:</strong></span> <span class='ocrx_word' id='word_1_295' title='bbox 1014 3627 1295 3696; x_wconf 86' lang='lat' dir='ltr'><strong>Quomodo</strong></span> <span class='ocrx_word' id='word_1_296' title='bbox 1315 3627 1521 3680; x_wconf 86' lang='lat' dir='ltr'><strong>onmes?</strong></span> <span class='ocrx_word' id='word_1_297' title='bbox 1548 3626 1648 3694; x_wconf 87' lang='lat' dir='ltr'><strong>Qui</strong></span> <span class='ocrx_word' id='word_1_298' title='bbox 1677 3640 1805 3694; x_wconf 86' lang='lat' dir='ltr'><strong>ergo</strong></span> <span class='ocrx_word' id='word_1_299' title='bbox 1829 3626 1882 3679; x_wconf 93' lang='lat' dir='ltr'><strong>in</strong></span> 
     </span>
    </p>
   </div>
   <div class='ocr_carea' id='block_1_37' title="bbox 286 3717 1884 3797">
    <p class='ocr_par' dir='ltr' id='par_1_37' title="bbox 286 3717 1884 3797">
     <span class='ocr_line' id='line_1_37' title="bbox 286 3717 1884 3797; baseline -0.008 -15"><span class='ocrx_word' id='word_1_300' title='bbox 286 3726 602 3797; x_wconf 68' lang='lat' dir='ltr'><strong>gehennam</strong></span> <span class='ocrx_word' id='word_1_301' title='bbox 646 3721 888 3776; x_wconf 91' lang='lat' dir='ltr'><strong>mittendi</strong></span> <span class='ocrx_word' id='word_1_302' title='bbox 929 3730 1071 3782; x_wconf 85' lang='lat' dir='ltr'><strong>sunt,</strong></span> <span class='ocrx_word' id='word_1_303' title='bbox 1113 3720 1358 3788; x_wconf 86' lang='lat' dir='ltr'><strong>quicum</strong></span> <span class='ocrx_word' id='word_1_304' title='bbox 1399 3717 1612 3772; x_wconf 86' lang='lat' dir='ltr'><strong>diabolo</strong></span> <span class='ocrx_word' id='word_1_305' title='bbox 1660 3717 1884 3772; x_wconf 88' lang='lat' dir='ltr'><strong>damna-</strong></span> 
     </span>
    </p>
   </div>
   <div class='ocr_carea' id='block_1_38' title="bbox 294 3810 1886 3884">
    <p class='ocr_par' dir='ltr' id='par_1_38' title="bbox 294 3810 1886 3884">
     <span class='ocr_line' id='line_1_38' title="bbox 294 3810 1886 3884; baseline -0.006 -11"><span class='ocrx_word' id='word_1_306' title='bbox 294 3819 516 3881; x_wconf 87' lang='lat' dir='ltr'><strong>buntur,</strong></span> <span class='ocrx_word' id='word_1_307' title='bbox 548 3814 638 3884; x_wconf 87' lang='lat' dir='ltr'><strong>qui</strong></span> <span class='ocrx_word' id='word_1_308' title='bbox 660 3813 874 3868; x_wconf 69' lang='lat' dir='ltr'><strong>aeternis</strong></span> <span class='ocrx_word' id='word_1_309' title='bbox 901 3811 1108 3883; x_wconf 78' lang='lat' dir='ltr'><strong>ignibus</strong></span> <span class='ocrx_word' id='word_1_310' title='bbox 1150 3811 1566 3881; x_wconf 89' lang='lat' dir='ltr'><strong>torquebuntur?</strong></span> <span class='ocrx_word' id='word_1_311' title='bbox 1610 3810 1886 3878; x_wconf 85' lang='lat' dir='ltr'><strong>Quomodo</strong></span> 
     </span>
    </p>
   </div>
   <div class='ocr_carea' id='block_1_39' title="bbox 293 3908 1888 3979">
    <p class='ocr_par' dir='ltr' id='par_1_39' title="bbox 293 3908 1888 3979">
     <span class='ocr_line' id='line_1_39' title="bbox 293 3908 1888 3979; baseline 0 -15"><span class='ocrx_word' id='word_1_312' title='bbox 293 3929 471 3978; x_wconf 86' lang='lat' dir='ltr'><strong>omnes</strong></span> <span class='ocrx_word' id='word_1_313' title='bbox 518 3920 574 3966; x_wconf 91' lang='lat' dir='ltr'><strong>et</strong></span> <span class='ocrx_word' id='word_1_314' title='bbox 624 3912 836 3965; x_wconf 80' lang='lat' dir='ltr'><strong>omnes?</strong></span> <span class='ocrx_word' id='word_1_315' title='bbox 874 3911 1014 3978; x_wconf 87' lang='lat' dir='ltr'><strong>Quia</strong></span> <span class='ocrx_word' id='word_1_316' title='bbox 1062 3924 1220 3966; x_wconf 86' lang='lat' dir='ltr'><strong>nemo</strong></span> <span class='ocrx_word' id='word_1_317' title='bbox 1257 3908 1323 3964; x_wconf 87' lang='lat' dir='ltr'><strong>ad</strong></span> <span class='ocrx_word' id='word_1_318' title='bbox 1369 3917 1594 3964; x_wconf 89' lang='lat' dir='ltr'><strong>mortem</strong></span> <span class='ocrx_word' id='word_1_319' title='bbox 1647 3908 1747 3963; x_wconf 83' lang='lat' dir='ltr'><strong>nisi</strong></span> <span class='ocrx_word' id='word_1_320' title='bbox 1777 3925 1888 3979; x_wconf 85' lang='lat' dir='ltr'><strong>per</strong></span> 
     </span>
    </p>
   </div>
   <div class='ocr_carea' id='block_1_40' title="bbox 293 3978 1887 4072">
    <p class='ocr_par' dir='ltr' id='par_1_40' title="bbox 293 3978 1887 4072">
     <span class='ocr_line' id='line_1_40' title="bbox 293 3978 1887 4072; baseline 0 -16"><span class='ocrx_word' id='word_1_321' title='bbox 293 4004 490 4068; x_wconf 78' lang='lat' dir='ltr'><strong>Adam,</strong></span> <span class='ocrx_word' id='word_1_322' title='bbox 523 4019 685 4059; x_wconf 88' lang='lat' dir='ltr'><strong>nemo</strong></span> <span class='ocrx_word' id='word_1_323' title='bbox 731 4004 807 4058; x_wconf 68' lang='lat' dir='ltr'><strong>ad“</strong></span> <span class='ocrx_word' id='word_1_324' title='bbox 840 4003 1002 4058; x_wconf 86' lang='lat' dir='ltr'><strong>vitam</strong></span> <span class='ocrx_word' id='word_1_325' title='bbox 1042 4003 1142 4058; x_wconf 89' lang='lat' dir='ltr'><strong>nisi</strong></span> <span class='ocrx_word' id='word_1_326' title='bbox 1172 4018 1268 4072; x_wconf 90' lang='lat' dir='ltr'><strong>per</strong></span> <span class='ocrx_word' id='word_1_327' title='bbox 1308 4001 1607 4058; x_wconf 75' lang='lat' dir='ltr'><strong>Christum.</strong></span> <span class='ocrx_word' id='word_1_328' title='bbox 1641 4003 1698 4058; x_wconf 88' lang='lat' dir='ltr'><strong>Si</strong></span> <span class='ocrx_word' id='word_1_329' title='bbox 1742 3978 1887 4057; x_wconf 63' lang='lat' dir='ltr'><strong>esset</strong></span> 
     </span>
    </p>
   </div>
   <div class='ocr_carea' id='block_1_41' title="bbox 287 4099 1884 4168">
    <p class='ocr_par' dir='ltr' id='par_1_41' title="bbox 287 4099 1884 4168">
     <span class='ocr_line' id='line_1_41' title="bbox 287 4099 1884 4168; baseline 0.001 -18"><span class='ocrx_word' id='word_1_330' title='bbox 287 4099 428 4153; x_wconf 89' lang='lat' dir='ltr'><strong>alius</strong></span> <span class='ocrx_word' id='word_1_331' title='bbox 458 4115 557 4168; x_wconf 82' lang='lat' dir='ltr'><strong>per</strong></span> <span class='ocrx_word' id='word_1_332' title='bbox 581 4113 741 4168; x_wconf 89' lang='lat' dir='ltr'><strong>quem</strong></span> <span class='ocrx_word' id='word_1_333' title='bbox 769 4099 1080 4155; x_wconf 80' lang='lat' dir='ltr'><strong>veniremus</strong></span> <span class='ocrx_word' id='word_1_334' title='bbox 1109 4099 1176 4152; x_wconf 90' lang='lat' dir='ltr'><strong>ad</strong></span> <span class='ocrx_word' id='word_1_335' title='bbox 1205 4107 1454 4164; x_wconf 90' lang='lat' dir='ltr'><strong>mortem,</strong></span> <span class='ocrx_word' id='word_1_336' title='bbox 1483 4115 1586 4164; x_wconf 82' lang='lat' dir='ltr'><strong>non</strong></span> <span class='ocrx_word' id='word_1_337' title='bbox 1618 4113 1806 4154; x_wconf 91' lang='lat' dir='ltr'><strong>omnes</strong></span> <span class='ocrx_word' id='word_1_338' title='bbox 1833 4099 1884 4152; x_wconf 90' lang='lat' dir='ltr'><strong>in</strong></span> 
     </span>
    </p>
   </div>
   <div class='ocr_carea' id='block_1_42' title="bbox 292 4188 1886 4259">
    <p class='ocr_par' dir='ltr' id='par_1_42' title="bbox 292 4188 1886 4259">
     <span class='ocr_line' id='line_1_42' title="bbox 292 4188 1886 4259; baseline 0.002 -17"><span class='ocrx_word' id='word_1_339' title='bbox 292 4189 465 4244; x_wconf 86' lang='lat' dir='ltr'><strong>Adam</strong></span> <span class='ocrx_word' id='word_1_340' title='bbox 493 4199 855 4244; x_wconf 88' lang='lat' dir='ltr'><strong>morerentur.</strong></span> <span class='ocrx_word' id='word_1_341' title='bbox 889 4189 946 4244; x_wconf 88' lang='lat' dir='ltr'><strong>Si</strong></span> <span class='ocrx_word' id='word_1_342' title='bbox 969 4198 1111 4244; x_wconf 86' lang='lat' dir='ltr'><strong>esset</strong></span> <span class='ocrx_word' id='word_1_343' title='bbox 1129 4188 1268 4244; x_wconf 90' lang='lat' dir='ltr'><strong>alius</strong></span> <span class='ocrx_word' id='word_1_344' title='bbox 1293 4205 1388 4258; x_wconf 90' lang='lat' dir='ltr'><strong>per</strong></span> <span class='ocrx_word' id='word_1_345' title='bbox 1407 4206 1564 4259; x_wconf 90' lang='lat' dir='ltr'><strong>quem</strong></span> <span class='ocrx_word' id='word_1_346' title='bbox 1585 4191 1886 4245; x_wconf 83' lang='lat' dir='ltr'><strong>veniremus</strong></span> 
     </span>
    </p>
   </div>
   <div class='ocr_carea' id='block_1_43' title="bbox 292 4282 1672 4347">
    <p class='ocr_par' dir='ltr' id='par_1_43' title="bbox 292 4282 1672 4347">
     <span class='ocr_line' id='line_1_43' title="bbox 292 4282 1672 4347; baseline 0.001 -12"><span class='ocrx_word' id='word_1_347' title='bbox 292 4283 358 4336; x_wconf 88' lang='lat' dir='ltr'><strong>ad</strong></span> <span class='ocrx_word' id='word_1_348' title='bbox 382 4283 576 4347; x_wconf 90' lang='lat' dir='ltr'><strong>vitam,</strong></span> <span class='ocrx_word' id='word_1_349' title='bbox 603 4297 709 4337; x_wconf 88' lang='lat' dir='ltr'><strong>non</strong></span> <span class='ocrx_word' id='word_1_350' title='bbox 736 4297 925 4337; x_wconf 88' lang='lat' dir='ltr'><strong>omnes</strong></span> <span class='ocrx_word' id='word_1_351' title='bbox 950 4283 1002 4336; x_wconf 90' lang='lat' dir='ltr'><strong>in</strong></span> <span class='ocrx_word' id='word_1_352' title='bbox 1025 4282 1238 4347; x_wconf 86' lang='lat' dir='ltr'><strong>Christo</strong></span> <span class='ocrx_word' id='word_1_353' title='bbox 1262 4282 1672 4338; x_wconf 81' lang='lat' dir='ltr'><strong>vivificarentur.</strong></span> 
     </span>
    </p>
   </div>
   <div class='ocr_carea' id='block_1_44' title="bbox 367 4373 1884 4447">
    <p class='ocr_par' dir='ltr' id='par_1_44' title="bbox 367 4373 1884 4447">
     <span class='ocr_line' id='line_1_44' title="bbox 367 4373 1884 4447; baseline 0.001 -19"><span class='ocrx_word' id='word_1_354' title='bbox 367 4375 456 4428; x_wconf 89' lang='grc'><strong>10.</strong></span> <span class='ocrx_word' id='word_1_355' title='bbox 501 4374 744 4442; x_wconf 83' lang='lat' dir='ltr'><strong>Infantes</strong></span> <span class='ocrx_word' id='word_1_356' title='bbox 773 4374 924 4428; x_wconf 88' lang='lat' dir='ltr'><strong>etiam</strong></span> <span class='ocrx_word' id='word_1_357' title='bbox 955 4374 1056 4444; x_wconf 84' lang='lat' dir='ltr'><strong>ipsi</strong></span> <span class='ocrx_word' id='word_1_358' title='bbox 1083 4383 1230 4445; x_wconf 83' lang='lat' dir='ltr'><strong>egent</strong></span> <span class='ocrx_word' id='word_1_359' title='bbox 1268 4373 1550 4428; x_wconf 83' lang='lat' dir='ltr'><strong>liberatore.</strong></span> <span class='ocrx_word' id='word_1_360' title='bbox 1576 4373 1712 4447; x_wconf 83' lang='lat' dir='ltr'><strong>Quid</strong></span> <span class='ocrx_word' id='word_1_361' title='bbox 1735 4389 1884 4445; x_wconf 87' lang='lat' dir='ltr'><strong>ergo,</strong></span> 
     </span>
    </p>
   </div>
   <div class='ocr_carea' id='block_1_45' title="bbox 291 4462 1885 4534">
    <p class='ocr_par' dir='ltr' id='par_1_45' title="bbox 291 4462 1885 4534">
     <span class='ocr_line' id='line_1_45' title="bbox 291 4462 1885 4534; baseline 0.002 -18"><span class='ocrx_word' id='word_1_362' title='bbox 291 4464 368 4517; x_wconf 88' lang='lat' dir='ltr'><strong>ait</strong></span> <span class='ocrx_word' id='word_1_363' title='bbox 387 4464 609 4533; x_wconf 88' lang='lat' dir='ltr'><strong>aliquis,</strong></span> <span class='ocrx_word' id='word_1_364' title='bbox 632 4473 686 4518; x_wconf 90' lang='lat' dir='ltr'><strong>et</strong></span> <span class='ocrx_word' id='word_1_365' title='bbox 705 4462 878 4517; x_wconf 83' lang='lat' dir='ltr'><strong>infans</strong></span> <span class='ocrx_word' id='word_1_366' title='bbox 907 4463 1106 4533; x_wconf 80' lang='lat' dir='ltr'><strong>indiget</strong></span> <span class='ocrx_word' id='word_1_367' title='bbox 1132 4463 1450 4518; x_wconf 82' lang='lat' dir='ltr'><strong>liberatore?</strong></span> <span class='ocrx_word' id='word_1_368' title='bbox 1471 4463 1635 4519; x_wconf 87' lang='lat' dir='ltr'><strong>Plane</strong></span> <span class='ocrx_word' id='word_1_369' title='bbox 1656 4463 1885 4534; x_wconf 75' lang='lat' dir='ltr'><strong>indiget:</strong></span> 
     </span>
    </p>
   </div>
   <div class='ocr_carea' id='block_1_46' title="bbox 293 4553 1886 4626">
    <p class='ocr_par' dir='ltr' id='par_1_46' title="bbox 293 4553 1886 4626">
     <span class='ocr_line' id='line_1_46' title="bbox 293 4553 1886 4626; baseline 0.001 -18"><span class='ocrx_word' id='word_1_370' title='bbox 293 4555 448 4609; x_wconf 88' lang='lat' dir='ltr'><strong>testis</strong></span> <span class='ocrx_word' id='word_1_371' title='bbox 487 4560 580 4610; x_wconf 89' lang='lat' dir='ltr'><strong>est</strong></span> <span class='ocrx_word' id='word_1_372' title='bbox 605 4561 774 4608; x_wconf 89' lang='lat' dir='ltr'><strong>mater</strong></span> <span class='ocrx_word' id='word_1_373' title='bbox 803 4553 1029 4608; x_wconf 77' lang='lat' dir='ltr'><strong>fideliter</strong></span> <span class='ocrx_word' id='word_1_374' title='bbox 1054 4569 1278 4610; x_wconf 87' lang='lat' dir='ltr'><strong>currens</strong></span> <span class='ocrx_word' id='word_1_375' title='bbox 1309 4570 1432 4626; x_wconf 88' lang='lat' dir='ltr'><strong>cum</strong></span> <span class='ocrx_word' id='word_1_376' title='bbox 1461 4557 1680 4624; x_wconf 89' lang='lat' dir='ltr'><strong>parvulo</strong></span> <span class='ocrx_word' id='word_1_377' title='bbox 1710 4555 1886 4626; x_wconf 89' lang='lat' dir='ltr'><strong>bapti-</strong></span> 
     </span>
    </p>
   </div>
   <div class='ocr_carea' id='block_1_47' title="bbox 293 4643 1896 4715">
    <p class='ocr_par' dir='ltr' id='par_1_47' title="bbox 293 4643 1896 4715">
     <span class='ocr_line' id='line_1_47' title="bbox 293 4643 1896 4715; baseline 0.002 -19"><span class='ocrx_word' id='word_1_378' title='bbox 293 4645 470 4699; x_wconf 79' lang='lat' dir='ltr'><strong>zando</strong></span> <span class='ocrx_word' id='word_1_379' title='bbox 494 4643 570 4698; x_wconf 88' lang='lat' dir='ltr'><strong>ad</strong></span> <span class='ocrx_word' id='word_1_380' title='bbox 600 4643 901 4698; x_wconf 87' lang='lat' dir='ltr'><strong>ecclesiam.</strong></span> <span class='ocrx_word' id='word_1_381' title='bbox 949 4643 1124 4705; x_wconf 78' lang='lat' dir='ltr'><strong>Testis</strong></span> <span class='ocrx_word' id='word_1_382' title='bbox 1163 4653 1248 4700; x_wconf 88' lang='lat' dir='ltr'><strong>est</strong></span> <span class='ocrx_word' id='word_1_383' title='bbox 1295 4646 1408 4715; x_wconf 83' lang='lat' dir='ltr'><strong>ipsa</strong></span> <span class='ocrx_word' id='word_1_384' title='bbox 1451 4655 1624 4700; x_wconf 84' lang='lat' dir='ltr'><strong>mater</strong></span> <span class='ocrx_word' id='word_1_385' title='bbox 1651 4645 1896 4700; x_wconf 74' lang='lat' dir='ltr'><strong>Ecclesia</strong></span> 
     </span>
    </p>
   </div>
   <div class='ocr_carea' id='block_1_48' title="bbox 293 4735 1888 4807">
    <p class='ocr_par' dir='ltr' id='par_1_48' title="bbox 293 4735 1888 4807">
     <span class='ocr_line' id='line_1_48' title="bbox 293 4735 1888 4807; baseline 0.002 -19"><span class='ocrx_word' id='word_1_386' title='bbox 293 4737 604 4807; x_wconf 84' lang='lat' dir='ltr'><strong>suscipiens</strong></span> <span class='ocrx_word' id='word_1_387' title='bbox 648 4735 926 4805; x_wconf 88' lang='lat' dir='ltr'><strong>parvulum</strong></span> <span class='ocrx_word' id='word_1_388' title='bbox 977 4735 1327 4801; x_wconf 89' lang='lat' dir='ltr'><strong>abluendum,</strong></span> <span class='ocrx_word' id='word_1_389' title='bbox 1375 4746 1430 4791; x_wconf 92' lang='lat' dir='ltr'><strong>et</strong></span> <span class='ocrx_word' id='word_1_390' title='bbox 1472 4745 1564 4790; x_wconf 88' lang='lat' dir='ltr'><strong>aut</strong></span> <span class='ocrx_word' id='word_1_391' title='bbox 1608 4737 1888 4794; x_wconf 85' lang='lat' dir='ltr'><strong>liberatum</strong></span> 
     </span>
    </p>
   </div>
   <div class='ocr_carea' id='block_1_49' title="bbox 289 4826 1890 4896">
    <p class='ocr_par' dir='ltr' id='par_1_49' title="bbox 289 4826 1890 4896">
     <span class='ocr_line' id='line_1_49' title="bbox 289 4826 1890 4896; baseline 0.001 -14"><span class='ocrx_word' id='word_1_392' title='bbox 289 4827 702 4892; x_wconf 83' lang='lat' dir='ltr'><strong>dimittendum,</strong></span> <span class='ocrx_word' id='word_1_393' title='bbox 747 4836 836 4882; x_wconf 88' lang='lat' dir='ltr'><strong>aut</strong></span> <span class='ocrx_word' id='word_1_394' title='bbox 882 4827 1075 4896; x_wconf 84' lang='lat' dir='ltr'><strong>pietate</strong></span> <span class='ocrx_word' id='word_1_395' title='bbox 1118 4826 1476 4883; x_wconf 86' lang='lat' dir='ltr'><strong>nutriendum.</strong></span> <span class='ocrx_word' id='word_1_396' title='bbox 1515 4827 1658 4895; x_wconf 78' lang='lat' dir='ltr'><strong>.Quis</strong></span> <span class='ocrx_word' id='word_1_397' title='bbox 1700 4826 1890 4883; x_wconf 87' lang='lat' dir='ltr'><strong>audeat</strong></span> 
     </span>
    </p>
   </div>
   <div class='ocr_carea' id='block_1_50' title="bbox 291 4918 1891 4988">
    <p class='ocr_par' dir='ltr' id='par_1_50' title="bbox 291 4918 1891 4988">
     <span class='ocr_line' id='line_1_50' title="bbox 291 4918 1891 4988; baseline 0.001 -17"><span class='ocrx_word' id='word_1_398' title='bbox 291 4918 477 4974; x_wconf 90' lang='lat' dir='ltr'><strong>dicere</strong></span> <span class='ocrx_word' id='word_1_399' title='bbox 494 4918 862 4975; x_wconf 90' lang='lat' dir='ltr'><strong>testimonium</strong></span> <span class='ocrx_word' id='word_1_400' title='bbox 884 4927 1068 4972; x_wconf 90' lang='lat' dir='ltr'><strong>contra</strong></span> <span class='ocrx_word' id='word_1_401' title='bbox 1097 4927 1295 4972; x_wconf 88' lang='lat' dir='ltr'><strong>tantam</strong></span> <span class='ocrx_word' id='word_1_402' title='bbox 1316 4918 1582 4988; x_wconf 79' lang='lat' dir='ltr'><strong>matrem?</strong></span> <span class='ocrx_word' id='word_1_403' title='bbox 1612 4918 1891 4974; x_wconf 88' lang='lat' dir='ltr'><strong>Postremo</strong></span> 
     </span>
    </p>
   </div>
   <div class='ocr_carea' id='block_1_51' title="bbox 293 5008 1888 5088">
    <p class='ocr_par' dir='ltr' id='par_1_51' title="bbox 293 5008 1888 5088">
     <span class='ocr_line' id='line_1_51' title="bbox 293 5008 1888 5088; baseline -0.001 -24"><span class='ocrx_word' id='word_1_404' title='bbox 293 5021 350 5064; x_wconf 90' lang='lat' dir='ltr'><strong>et</strong></span> <span class='ocrx_word' id='word_1_405' title='bbox 379 5013 436 5066; x_wconf 87' lang='lat' dir='ltr'><strong>in</strong></span> <span class='ocrx_word' id='word_1_406' title='bbox 467 5013 592 5082; x_wconf 88' lang='lat' dir='ltr'><strong>ipso</strong></span> <span class='ocrx_word' id='word_1_407' title='bbox 643 5010 863 5080; x_wconf 86' lang='lat' dir='ltr'><strong>parvulo</strong></span> <span class='ocrx_word' id='word_1_408' title='bbox 913 5010 1142 5088; x_wconf 75' lang='lat' dir='ltr'><strong>miseria:</strong></span> <span class='ocrx_word' id='word_1_409' title='bbox 1172 5009 1340 5079; x_wconf 86' lang='lat' dir='ltr'><strong>ipsius</strong></span> <span class='ocrx_word' id='word_1_410' title='bbox 1382 5011 1534 5064; x_wconf 87' lang='lat' dir='ltr'><strong>testis</strong></span> <span class='ocrx_word' id='word_1_411' title='bbox 1581 5019 1665 5065; x_wconf 89' lang='lat' dir='ltr'><strong>est</strong></span> <span class='ocrx_word' id='word_1_412' title='bbox 1697 5008 1888 5066; x_wconf 82' lang='lat' dir='ltr'><strong>.lletus.</strong></span> 
     </span>
    </p>
   </div>
   <div class='ocr_carea' id='block_1_52' title="bbox 294 5101 1889 5172">
    <p class='ocr_par' dir='ltr' id='par_1_52' title="bbox 294 5101 1889 5172">
     <span class='ocr_line' id='line_1_52' title="bbox 294 5101 1889 5172; baseline 0.001 -18"><span class='ocrx_word' id='word_1_413' title='bbox 294 5104 568 5167; x_wconf 85' lang='lat' dir='ltr'><strong>Quantum</strong></span> <span class='ocrx_word' id='word_1_414' title='bbox 617 5110 812 5171; x_wconf 88' lang='lat' dir='ltr'><strong>potest,</strong></span> <span class='ocrx_word' id='word_1_415' title='bbox 849 5110 1072 5156; x_wconf 85' lang='lat' dir='ltr'><strong>testatur</strong></span> <span class='ocrx_word' id='word_1_416' title='bbox 1102 5110 1287 5156; x_wconf 88' lang='lat' dir='ltr'><strong>natura</strong></span> <span class='ocrx_word' id='word_1_417' title='bbox 1328 5101 1556 5168; x_wconf 74' lang='lat' dir='ltr'><strong>infirma,</strong></span> <span class='ocrx_word' id='word_1_418' title='bbox 1587 5117 1775 5172; x_wconf 85' lang='lat' dir='ltr'><strong>parum</strong></span> <span class='ocrx_word' id='word_1_419' title='bbox 1806 5102 1889 5168; x_wconf 86' lang='lat' dir='ltr'><strong>in-</strong></span> 
     </span>
    </p>
   </div>
   <div class='ocr_carea' id='block_1_53' title="bbox 299 5189 1892 5262">
    <p class='ocr_par' dir='ltr' id='par_1_53' title="bbox 299 5189 1892 5262">
     <span class='ocr_line' id='line_1_53' title="bbox 299 5189 1892 5262; baseline 0.003 -19"><span class='ocrx_word' id='word_1_420' title='bbox 299 5193 587 5261; x_wconf 86' lang='lat' dir='ltr'><strong>telligens;</strong></span> <span class='ocrx_word' id='word_1_421' title='bbox 619 5207 727 5244; x_wconf 89' lang='lat' dir='ltr'><strong>non</strong></span> <span class='ocrx_word' id='word_1_422' title='bbox 769 5191 950 5261; x_wconf 87' lang='lat' dir='ltr'><strong>incipit</strong></span> <span class='ocrx_word' id='word_1_423' title='bbox 979 5205 1008 5244; x_wconf 90' lang='lat' dir='ltr'><strong>a</strong></span> <span class='ocrx_word' id='word_1_424' title='bbox 1039 5190 1176 5256; x_wconf 89' lang='lat' dir='ltr'><strong>risu,</strong></span> <span class='ocrx_word' id='word_1_425' title='bbox 1206 5191 1392 5260; x_wconf 80' lang='lat' dir='ltr'><strong>incipit</strong></span> <span class='ocrx_word' id='word_1_426' title='bbox 1417 5207 1446 5245; x_wconf 90' lang='lat' dir='ltr'><strong>a</strong></span> <span class='ocrx_word' id='word_1_427' title='bbox 1476 5191 1622 5246; x_wconf 77' lang='lat' dir='ltr'><strong>fletu.</strong></span> <span class='ocrx_word' id='word_1_428' title='bbox 1648 5189 1892 5262; x_wconf 79' lang='lat' dir='ltr'><strong>Agnosco</strong></span> 
     </span>
    </p>
   </div>
   <div class='ocr_carea' id='block_1_54' title="bbox 299 5280 1892 5352">
    <p class='ocr_par' dir='ltr' id='par_1_54' title="bbox 299 5280 1892 5352">
     <span class='ocr_line' id='line_1_54' title="bbox 299 5280 1892 5352; baseline 0.004 -20"><span class='ocrx_word' id='word_1_429' title='bbox 299 5283 598 5345; x_wconf 89' lang='lat' dir='ltr'><strong>miserum,</strong></span> <span class='ocrx_word' id='word_1_430' title='bbox 657 5280 870 5352; x_wconf 79' lang='lat' dir='ltr'><strong>porrige</strong></span> <span class='ocrx_word' id='word_1_431' title='bbox 919 5282 1196 5338; x_wconf 62' lang='lat' dir='ltr'><strong>auxilium.</strong></span> <span class='ocrx_word' id='word_1_432' title='bbox 1257 5281 1456 5337; x_wconf 86' lang='lat' dir='ltr'><strong>Omnes</strong></span> <span class='ocrx_word' id='word_1_433' title='bbox 1513 5283 1892 5340; x_wconf 61' lang='lat' dir='ltr'><strong>misericordia:</strong></span> 
     </span>
    </p>
   </div>
   <div class='ocr_carea' id='block_1_55' title="bbox 365 5391 1894 5454">
    <p class='ocr_par' dir='ltr' id='par_1_55' title="bbox 365 5391 1894 5454">
     <span class='ocr_line' id='line_1_55' title="bbox 365 5391 1894 5454; baseline 0.009 -18"><span class='ocrx_word' id='word_1_434' title='bbox 365 5393 382 5422; x_wconf 81' lang='grc' dir='ltr'>ι</span> <span class='ocrx_word' id='word_1_435' title='bbox 410 5392 674 5454; x_wconf 72' lang='lat' dir='ltr'><strong>viguerius</strong></span> <span class='ocrx_word' id='word_1_436' title='bbox 695 5405 760 5440; x_wconf 83' lang='lat' dir='ltr'><strong>ex</strong></span> <span class='ocrx_word' id='word_1_437' title='bbox 792 5393 939 5454; x_wconf 70' lang='lat' dir='ltr'><strong>Regio</strong></span> <span class='ocrx_word' id='word_1_438' title='bbox 958 5393 1125 5444; x_wconf 87' lang='lat' dir='ltr'><strong>codice</strong></span> <span class='ocrx_word' id='word_1_439' title='bbox 1143 5428 1158 5454; x_wconf 90' lang='lat'><strong>,</strong></span> <span class='ocrx_word' id='word_1_440' title='bbox 1196 5391 1336 5444; x_wconf 83' lang='lat' dir='ltr'><strong>homo</strong></span> <span class='ocrx_word' id='word_1_441' title='bbox 1356 5392 1573 5448; x_wconf 79' lang='lat' dir='ltr'><strong>Christus</strong></span> <span class='ocrx_word' id='word_1_442' title='bbox 1610 5405 1764 5448; x_wconf 86' lang='lat' dir='ltr'><strong>Jesus.</strong></span> <span class='ocrx_word' id='word_1_443' title='bbox 1798 5405 1894 5449; x_wconf 78' lang='lat' dir='ltr'><strong>Hoc</strong></span> 
     </span>
    </p>
   </div>
   <div class='ocr_carea' id='block_1_56' title="bbox 300 5449 1893 5519">
    <p class='ocr_par' dir='ltr' id='par_1_56' title="bbox 300 5449 1893 5519">
     <span class='ocr_line' id='line_1_56' title="bbox 300 5449 1893 5519; baseline 0.007 -20"><span class='ocrx_word' id='word_1_444' title='bbox 300 5449 411 5519; x_wconf 73' lang='lat' dir='ltr'><strong>loco</strong></span> <span class='ocrx_word' id='word_1_445' title='bbox 431 5449 670 5519; x_wconf 65' lang='lat' dir='ltr'><strong>meliores</strong></span> <span class='ocrx_word' id='word_1_446' title='bbox 691 5449 1001 5519; x_wconf 73' lang='lat' dir='ltr'><strong>manuscripti</strong></span> <span class='ocrx_word' id='word_1_447' title='bbox 1025 5469 1120 5503; x_wconf 90' lang='lat' dir='ltr'><strong>non</strong></span> <span class='ocrx_word' id='word_1_448' title='bbox 1145 5449 1352 5516; x_wconf 77' lang='lat' dir='ltr'><strong>habent,</strong></span> <span class='ocrx_word' id='word_1_449' title='bbox 1374 5457 1542 5519; x_wconf 89' lang='lat' dir='ltr'><strong>homo;</strong></span> <span class='ocrx_word' id='word_1_450' title='bbox 1563 5471 1707 5519; x_wconf 87' lang='lat' dir='ltr'><strong>quam</strong></span> <span class='ocrx_word' id='word_1_451' title='bbox 1725 5473 1893 5509; x_wconf 86' lang='lat' dir='ltr'><strong>vocem</strong></span> 
     </span>
    </p>
   </div>
   <div class='ocr_carea' id='block_1_57' title="bbox 300 5511 1894 5582">
    <p class='ocr_par' dir='ltr' id='par_1_57' title="bbox 300 5511 1894 5582">
     <span class='ocr_line' id='line_1_57' title="bbox 300 5511 1894 5582; baseline 0.008 -22"><span class='ocrx_word' id='word_1_452' title='bbox 300 5511 380 5561; x_wconf 84' lang='lat' dir='ltr'><strong>hic</strong></span> <span class='ocrx_word' id='word_1_453' title='bbox 402 5515 602 5562; x_wconf 89' lang='lat' dir='ltr'><strong>reticuit</strong></span> <span class='ocrx_word' id='word_1_454' title='bbox 615 5511 1008 5582; x_wconf 10' lang='lat' dir='ltr'><strong>,Augustinus‘ut</strong></span> <span class='ocrx_word' id='word_1_455' title='bbox 1027 5529 1227 5582; x_wconf 84' lang='lat' dir='ltr'><strong>sensum</strong></span> <span class='ocrx_word' id='word_1_456' title='bbox 1249 5511 1454 5582; x_wconf 72' lang='lat' dir='ltr'><strong>Apostoli</strong></span> <span class='ocrx_word' id='word_1_457' title='bbox 1483 5511 1541 5570; x_wconf 81' lang='lat' dir='ltr'><strong>ea</strong></span> <span class='ocrx_word' id='word_1_458' title='bbox 1561 5511 1777 5572; x_wconf 85' lang='lat' dir='ltr'><strong>detracta</strong></span> <span class='ocrx_word' id='word_1_459' title='bbox 1799 5536 1894 5572; x_wconf 87' lang='lat' dir='ltr'><strong>non</strong></span> 
     </span>
    </p>
   </div>
   <div class='ocr_carea' id='block_1_58' title="bbox 300 5575 1896 5644">
    <p class='ocr_par' dir='ltr' id='par_1_58' title="bbox 300 5575 1896 5644">
     <span class='ocr_line' id='line_1_58' title="bbox 300 5575 1896 5644; baseline 0.009 -24"><span class='ocrx_word' id='word_1_460' title='bbox 300 5583 528 5644; x_wconf 51' lang='lat' dir='ltr'><strong>constare</strong></span> <span class='ocrx_word' id='word_1_461' title='bbox 551 5575 838 5644; x_wconf 74' lang='lat' dir='ltr'><strong>ostenderet</strong></span> <span class='ocrx_word' id='word_1_462' title='bbox 873 5592 884 5625; x_wconf 92' lang='lat'><strong>:</strong></span> <span class='ocrx_word' id='word_1_463' title='bbox 913 5578 1006 5644; x_wconf 87' lang='lat' dir='ltr'><strong>_qui</strong></span> <span class='ocrx_word' id='word_1_464' title='bbox 1031 5580 1263 5644; x_wconf 76' lang='lat' dir='ltr'><strong>nimirum.</strong></span> <span class='ocrx_word' id='word_1_465' title='bbox 1285 5575 1466 5630; x_wconf 74' lang='lat' dir='ltr'><strong>sensus</strong></span> <span class='ocrx_word' id='word_1_466' title='bbox 1489 5589 1583 5638; x_wconf 83' lang='lat' dir='ltr'><strong>est,</strong></span> <span class='ocrx_word' id='word_1_467' title='bbox 1618 5584 1896 5634; x_wconf 86' lang='lat' dir='ltr'><strong>mediatoris</strong></span> 
     </span>
    </p>
   </div>
   <div class='ocr_carea' id='block_1_59' title="bbox 300 5634 1894 5708">
    <p class='ocr_par' dir='ltr' id='par_1_59' title="bbox 300 5634 1894 5708">
     <span class='ocr_line' id='line_1_59' title="bbox 300 5634 1894 5708; baseline 0.009 -27"><span class='ocrx_word' id='word_1_468' title='bbox 300 5634 514 5708; x_wconf 59' lang='lat' dir='ltr'><strong>ofﬁcium</strong></span> <span class='ocrx_word' id='word_1_469' title='bbox 539 5636 598 5708; x_wconf 80' lang='lat' dir='ltr'><strong>ad</strong></span> <span class='ocrx_word' id='word_1_470' title='bbox 615 5637 866 5708; x_wconf 66' lang='lat' dir='ltr'><strong>hominem</strong></span> <span class='ocrx_word' id='word_1_471' title='bbox 881 5634 1132 5708; x_wconf 74' lang='lat' dir='ltr'><strong>Christum,</strong></span> <span class='ocrx_word' id='word_1_472' title='bbox 1159 5643 1242 5703; x_wconf 92' lang='lat' dir='ltr'><strong>qui</strong></span> <span class='ocrx_word' id='word_1_473' title='bbox 1267 5655 1391 5692; x_wconf 85' lang='lat' dir='ltr'><strong>unus</strong></span> <span class='ocrx_word' id='word_1_474' title='bbox 1414 5657 1522 5692; x_wconf 89' lang='lat' dir='ltr'><strong>cum</strong></span> <span class='ocrx_word' id='word_1_475' title='bbox 1548 5634 1684 5695; x_wconf 80' lang='lat' dir='ltr'><strong>Patre</strong></span> <span class='ocrx_word' id='word_1_476' title='bbox 1721 5654 1771 5696; x_wconf 87' lang='lat' dir='ltr'><strong>et</strong></span> <span class='ocrx_word' id='word_1_477' title='bbox 1793 5647 1894 5708; x_wconf 78' lang='lat' dir='ltr'><strong>Spi-</strong></span> 
     </span>
    </p>
   </div>
   <div class='ocr_carea' id='block_1_60' title="bbox 302 5702 1157 5762">
    <p class='ocr_par' dir='ltr' id='par_1_60' title="bbox 302 5702 1157 5762">
     <span class='ocr_line' id='line_1_60' title="bbox 302 5702 1157 5762; baseline 0.011 -21"><span class='ocrx_word' id='word_1_478' title='bbox 302 5702 397 5743; x_wconf 79' lang='lat' dir='ltr'><strong>riut</strong></span> <span class='ocrx_word' id='word_1_479' title='bbox 417 5705 588 5745; x_wconf 80' lang='lat' dir='ltr'><strong>sancto</strong></span> <span class='ocrx_word' id='word_1_480' title='bbox 613 5705 739 5747; x_wconf 80' lang='lat' dir='ltr'><strong>Deus</strong></span> <span class='ocrx_word' id='word_1_481' title='bbox 762 5706 837 5748; x_wconf 81' lang='lat' dir='ltr'><strong>est</strong></span> <span class='ocrx_word' id='word_1_482' title='bbox 851 5733 875 5757; x_wconf 84' lang='lat'><strong>,.</strong></span> <span class='ocrx_word' id='word_1_483' title='bbox 892 5702 1157 5762; x_wconf 84' lang='lat' dir='ltr'><strong>pertinere.</strong></span> 
     </span>
    </p>
   </div>
   <div class='ocr_carea' id='block_1_61' title="bbox 1652 288 2186 356">
    <p class='ocr_par' dir='ltr' id='par_1_61' title="bbox 1652 288 2186 356">
     <span class='ocr_line' id='line_1_61' title="bbox 1652 288 2186 356; baseline -0.024 -2"><span class='ocrx_word' id='word_1_484' title='bbox 1652 291 1875 354; x_wconf 75' lang='lat' dir='ltr'><strong>SEMtO</strong></span> <span class='ocrx_word' id='word_1_485' title='bbox 1916 288 2186 356; x_wconf 78' lang='lat' dir='ltr'><strong>ccxcut.</strong></span> 
     </span>
    </p>
   </div>
   <div class='ocr_carea' id='block_1_62' title="bbox 3413 285 3548 340">
    <p class='ocr_par' dir='ltr' id='par_1_62' title="bbox 3413 285 3548 340">
     <span class='ocr_line' id='line_1_62' title="bbox 3413 285 3548 340; baseline 0 0"><span class='ocrx_word' id='word_1_486' title='bbox 3413 285 3548 340; x_wconf 67' lang='lat' dir='ltr'><strong>{351s</strong></span> 
     </span>
    </p>
   </div>
   <div class='ocr_carea' id='block_1_63' title="bbox 1977 400 3547 471">
    <p class='ocr_par' dir='ltr' id='par_1_63' title="bbox 1977 400 3547 471">
     <span class='ocr_line' id='line_1_63' title="bbox 1977 400 3547 471; baseline 0.001 -15"><span class='ocrx_word' id='word_1_487' title='bbox 1977 403 2266 457; x_wconf 84' lang='lat' dir='ltr'><strong>\isceribus</strong></span> <span class='ocrx_word' id='word_1_488' title='bbox 2296 401 2597 455; x_wconf 86' lang='lat' dir='ltr'><strong>induantur.</strong></span> <span class='ocrx_word' id='word_1_489' title='bbox 2627 402 2834 458; x_wconf 89' lang='lat' dir='ltr'><strong>Ouanto</strong></span> <span class='ocrx_word' id='word_1_490' title='bbox 2869 401 3047 454; x_wconf 90' lang='lat' dir='ltr'><strong>minus</strong></span> <span class='ocrx_word' id='word_1_491' title='bbox 3073 415 3172 471; x_wconf 91' lang='lat' dir='ltr'><strong>pro</strong></span> <span class='ocrx_word' id='word_1_492' title='bbox 3196 416 3255 454; x_wconf 89' lang='lat' dir='ltr'><strong>se</strong></span> <span class='ocrx_word' id='word_1_493' title='bbox 3282 400 3382 469; x_wconf 87' lang='lat' dir='ltr'><strong>ipsi</strong></span> <span class='ocrx_word' id='word_1_494' title='bbox 3423 417 3547 470; x_wconf 86' lang='lat' dir='ltr'><strong>pns-</strong></span> 
     </span>
    </p>
   </div>
   <div class='ocr_carea' id='block_1_64' title="bbox 1974 490 3543 562">
    <p class='ocr_par' dir='ltr' id='par_1_64' title="bbox 1974 490 3543 562">
     <span class='ocr_line' id='line_1_64' title="bbox 1974 490 3543 562; baseline 0.001 -18"><span class='ocrx_word' id='word_1_495' title='bbox 1974 503 2117 557; x_wconf 87' lang='lat' dir='ltr'><strong>sunt,</strong></span> <span class='ocrx_word' id='word_1_496' title='bbox 2148 503 2294 546; x_wconf 84' lang='lat' dir='ltr'><strong>tanto</strong></span> <span class='ocrx_word' id='word_1_497' title='bbox 2320 492 2718 547; x_wconf 88' lang='lat' dir='ltr'><strong>misericordius</strong></span> <span class='ocrx_word' id='word_1_498' title='bbox 2741 507 2837 562; x_wconf 91' lang='lat' dir='ltr'><strong>pro</strong></span> <span class='ocrx_word' id='word_1_499' title='bbox 2867 490 3102 560; x_wconf 84' lang='lat' dir='ltr'><strong>parvulis</strong></span> <span class='ocrx_word' id='word_1_500' title='bbox 3126 506 3223 545; x_wconf 89' lang='lat' dir='ltr'><strong>nos</strong></span> <span class='ocrx_word' id='word_1_501' title='bbox 3249 490 3543 562; x_wconf 85' lang='lat' dir='ltr'><strong>loquamur.</strong></span> 
     </span>
    </p>
   </div>
   <div class='ocr_carea' id='block_1_65' title="bbox 1976 583 3552 639">
    <p class='ocr_par' dir='ltr' id='par_1_65' title="bbox 1976 583 3552 639">
     <span class='ocr_line' id='line_1_65' title="bbox 1976 583 3552 639; baseline 0.001 -2"><span class='ocrx_word' id='word_1_502' title='bbox 1976 584 2241 637; x_wconf 83' lang='lat' dir='ltr'><strong>Auxilium</strong></span> <span class='ocrx_word' id='word_1_503' title='bbox 2290 599 2466 638; x_wconf 90' lang='lat' dir='ltr'><strong>rerum</strong></span> <span class='ocrx_word' id='word_1_504' title='bbox 2515 599 2728 639; x_wconf 88' lang='lat' dir='ltr'><strong>suarum</strong></span> <span class='ocrx_word' id='word_1_505' title='bbox 2779 583 3092 638; x_wconf 88' lang='lat' dir='ltr'><strong>tuendarum</strong></span> <span class='ocrx_word' id='word_1_506' title='bbox 3140 583 3375 638; x_wconf 85' lang='lat' dir='ltr'><strong>Ecclesia</strong></span> <span class='ocrx_word' id='word_1_507' title='bbox 3415 584 3552 639; x_wconf 86' lang='lat' dir='ltr'><strong>solet</strong></span> 
     </span>
    </p>
   </div>
   <div class='ocr_carea' id='block_1_66' title="bbox 1974 673 3552 744">
    <p class='ocr_par' dir='ltr' id='par_1_66' title="bbox 1974 673 3552 744">
     <span class='ocr_line' id='line_1_66' title="bbox 1974 673 3552 744; baseline 0 -16"><span class='ocrx_word' id='word_1_508' title='bbox 1974 675 2214 742; x_wconf 67' lang='lat' dir='ltr'><strong>pramere</strong></span> <span class='ocrx_word' id='word_1_509' title='bbox 2244 675 2457 744; x_wconf 92' lang='lat' dir='ltr'><strong>pupillis</strong></span> <span class='ocrx_word' id='word_1_510' title='bbox 2484 693 2497 729; x_wconf 91' lang='lat'><strong>:</strong></span> <span class='ocrx_word' id='word_1_511' title='bbox 2529 689 2717 730; x_wconf 90' lang='lat' dir='ltr'><strong>omnes</strong></span> <span class='ocrx_word' id='word_1_512' title='bbox 2757 675 3036 740; x_wconf 88' lang='lat' dir='ltr'><strong>loquamur</strong></span> <span class='ocrx_word' id='word_1_513' title='bbox 3072 687 3168 742; x_wconf 92' lang='lat' dir='ltr'><strong>pro</strong></span> <span class='ocrx_word' id='word_1_514' title='bbox 3204 673 3457 743; x_wconf 87' lang='lat' dir='ltr'><strong>parvulis.</strong></span> <span class='ocrx_word' id='word_1_515' title='bbox 3484 675 3552 728; x_wconf 87' lang='lat' dir='ltr'><strong>ab</strong></span> 
     </span>
    </p>
   </div>
   <div class='ocr_carea' id='block_1_67' title="bbox 1974 763 3552 834">
    <p class='ocr_par' dir='ltr' id='par_1_67' title="bbox 1974 763 3552 834">
     <span class='ocr_line' id='line_1_67' title="bbox 1974 763 3552 834; baseline 0.001 -15"><span class='ocrx_word' id='word_1_516' title='bbox 1974 765 2220 819; x_wconf 85' lang='lat' dir='ltr'><strong>omnibus</strong></span> <span class='ocrx_word' id='word_1_517' title='bbox 2244 765 2324 820; x_wconf 88' lang='lat' dir='ltr'><strong>eis</strong></span> <span class='ocrx_word' id='word_1_518' title='bbox 2349 764 2648 834; x_wconf 72' lang='lat' dir='ltr'><strong>prmbcatur</strong></span> <span class='ocrx_word' id='word_1_519' title='bbox 2684 765 2959 830; x_wconf 79' lang='lat' dir='ltr'><strong>auxilium,</strong></span> <span class='ocrx_word' id='word_1_520' title='bbox 2990 780 3057 819; x_wconf 89' lang='lat' dir='ltr'><strong>ne</strong></span> <span class='ocrx_word' id='word_1_521' title='bbox 3082 763 3310 834; x_wconf 89' lang='lat' dir='ltr'><strong>perdant</strong></span> <span class='ocrx_word' id='word_1_522' title='bbox 3334 765 3552 821; x_wconf 64' lang='lat' dir='ltr'><strong>caeleste</strong></span> 
     </span>
    </p>
   </div>
   <div class='ocr_carea' id='block_1_68' title="bbox 1974 855 3551 927">
    <p class='ocr_par' dir='ltr' id='par_1_68' title="bbox 1974 855 3551 927">
     <span class='ocr_line' id='line_1_68' title="bbox 1974 855 3551 927; baseline 0.001 -18"><span class='ocrx_word' id='word_1_523' title='bbox 1974 856 2466 927; x_wconf 86' lang='lat' dir='ltr'><strong>patrimonium(a).</strong></span> <span class='ocrx_word' id='word_1_524' title='bbox 2513 856 2582 910; x_wconf 87' lang='lat' dir='ltr'><strong>Et</strong></span> <span class='ocrx_word' id='word_1_525' title='bbox 2619 865 2834 925; x_wconf 90' lang='lat' dir='ltr'><strong>propter</strong></span> <span class='ocrx_word' id='word_1_526' title='bbox 2872 857 2991 910; x_wconf 90' lang='lat' dir='ltr'><strong>illos</strong></span> <span class='ocrx_word' id='word_1_527' title='bbox 3035 855 3290 910; x_wconf 89' lang='lat' dir='ltr'><strong>Dominus</strong></span> <span class='ocrx_word' id='word_1_528' title='bbox 3341 856 3551 911; x_wconf 86' lang='lat' dir='ltr'><strong>illorum</strong></span> 
     </span>
    </p>
   </div>
   <div class='ocr_carea' id='block_1_69' title="bbox 1977 945 3552 1017">
    <p class='ocr_par' dir='ltr' id='par_1_69' title="bbox 1977 945 3552 1017">
     <span class='ocr_line' id='line_1_69' title="bbox 1977 945 3552 1017; baseline -0.001 -16"><span class='ocrx_word' id='word_1_529' title='bbox 1977 947 2229 1016; x_wconf 88' lang='lat' dir='ltr'><strong>parvulus</strong></span> <span class='ocrx_word' id='word_1_530' title='bbox 2271 945 2440 1002; x_wconf 87' lang='lat' dir='ltr'><strong>factus</strong></span> <span class='ocrx_word' id='word_1_531' title='bbox 2483 955 2586 1002; x_wconf 88' lang='lat' dir='ltr'><strong>est.</strong></span> <span class='ocrx_word' id='word_1_532' title='bbox 2616 947 2894 1014; x_wconf 88' lang='lat' dir='ltr'><strong>Quomodo</strong></span> <span class='ocrx_word' id='word_1_533' title='bbox 2919 947 2986 1001; x_wconf 91' lang='lat' dir='ltr'><strong>ad</strong></span> <span class='ocrx_word' id='word_1_534' title='bbox 3025 947 3148 1017; x_wconf 85' lang='lat' dir='ltr'><strong>ejus</strong></span> <span class='ocrx_word' id='word_1_535' title='bbox 3187 947 3552 1002; x_wconf 89' lang='lat' dir='ltr'><strong>liberationem</strong></span> 
     </span>
    </p>
   </div>
   <div class='ocr_carea' id='block_1_70' title="bbox 1975 1038 3548 1110">
    <p class='ocr_par' dir='ltr' id='par_1_70' title="bbox 1975 1038 3548 1110">
     <span class='ocr_line' id='line_1_70' title="bbox 1975 1038 3548 1110; baseline 0.001 -17"><span class='ocrx_word' id='word_1_536' title='bbox 1975 1054 2081 1093; x_wconf 90' lang='lat' dir='ltr'><strong>non</strong></span> <span class='ocrx_word' id='word_1_537' title='bbox 2121 1039 2518 1108; x_wconf 90' lang='lat' dir='ltr'><strong>pertinuerunt,</strong></span> <span class='ocrx_word' id='word_1_538' title='bbox 2554 1039 2647 1110; x_wconf 91' lang='lat' dir='ltr'><strong>qui</strong></span> <span class='ocrx_word' id='word_1_539' title='bbox 2689 1053 2786 1109; x_wconf 91' lang='lat' dir='ltr'><strong>pro</strong></span> <span class='ocrx_word' id='word_1_540' title='bbox 2827 1039 2917 1094; x_wconf 89' lang='lat' dir='ltr'><strong>illo</strong></span> <span class='ocrx_word' id='word_1_541' title='bbox 2939 1039 3096 1108; x_wconf 86' lang='lat' dir='ltr'><strong>primi</strong></span> <span class='ocrx_word' id='word_1_542' title='bbox 3131 1038 3304 1095; x_wconf 90' lang='lat' dir='ltr'><strong>occidi</strong></span> <span class='ocrx_word' id='word_1_543' title='bbox 3343 1053 3548 1095; x_wconf 77' lang='lat' dir='ltr'><strong>merue-</strong></span> 
     </span>
    </p>
   </div>
   <div class='ocr_carea' id='block_1_71' title="bbox 1977 1132 2145 1186">
    <p class='ocr_par' dir='ltr' id='par_1_71' title="bbox 1977 1132 2145 1186">
     <span class='ocr_line' id='line_1_71' title="bbox 1977 1132 2145 1186; baseline 0.012 -2"><span class='ocrx_word' id='word_1_544' title='bbox 1977 1132 2145 1186; x_wconf 78' lang='lat' dir='ltr'><strong>runt?</strong></span> 
     </span>
    </p>
   </div>
   <div class='ocr_carea' id='block_1_72' title="bbox 2048 1219 3552 1294">
    <p class='ocr_par' dir='ltr' id='par_1_72' title="bbox 2048 1219 3552 1294">
     <span class='ocr_line' id='line_1_72' title="bbox 2048 1219 3552 1294; baseline -0.001 -18"><span class='ocrx_word' id='word_1_545' title='bbox 2048 1223 2135 1277; x_wconf 89' lang='grc'><strong>11.</strong></span> <span class='ocrx_word' id='word_1_546' title='bbox 2156 1219 2388 1277; x_wconf 84' lang='lat' dir='ltr'><strong>Christus</strong></span> <span class='ocrx_word' id='word_1_547' title='bbox 2412 1223 2562 1277; x_wconf 89' lang='lat' dir='ltr'><strong>etiam</strong></span> <span class='ocrx_word' id='word_1_548' title='bbox 2590 1222 2814 1294; x_wconf 76' lang='lat' dir='ltr'><strong>parvulis</strong></span> <span class='ocrx_word' id='word_1_549' title='bbox 2843 1229 2918 1277; x_wconf 86' lang='lat' dir='ltr'><strong>est</strong></span> <span class='ocrx_word' id='word_1_550' title='bbox 2943 1221 3111 1286; x_wconf 87' lang='lat' dir='ltr'><strong>Iesus,</strong></span> <span class='ocrx_word' id='word_1_551' title='bbox 3139 1220 3195 1275; x_wconf 84' lang='lat' dir='ltr'><strong>id</strong></span> <span class='ocrx_word' id='word_1_552' title='bbox 3217 1230 3290 1276; x_wconf 87' lang='lat' dir='ltr'><strong>est</strong></span> <span class='ocrx_word' id='word_1_553' title='bbox 3311 1222 3552 1277; x_wconf 73' lang='grc' dir='ltr'><strong>ωιωωτ.</strong></span> 
     </span>
    </p>
   </div>
   <div class='ocr_carea' id='block_1_73' title="bbox 1976 1312 3558 1384">
    <p class='ocr_par' dir='ltr' id='par_1_73' title="bbox 1976 1312 3558 1384">
     <span class='ocr_line' id='line_1_73' title="bbox 1976 1312 3558 1384; baseline -0.001 -16"><span class='ocrx_word' id='word_1_554' title='bbox 1976 1313 2256 1369; x_wconf 84' lang='lat' dir='ltr'><strong>Postremo</strong></span> <span class='ocrx_word' id='word_1_555' title='bbox 2279 1312 2348 1368; x_wconf 87' lang='lat' dir='ltr'><strong>de</strong></span> <span class='ocrx_word' id='word_1_556' title='bbox 2377 1315 2492 1384; x_wconf 89' lang='lat' dir='ltr'><strong>ipso</strong></span> <span class='ocrx_word' id='word_1_557' title='bbox 2519 1314 2742 1368; x_wconf 90' lang='lat' dir='ltr'><strong>Domino</strong></span> <span class='ocrx_word' id='word_1_558' title='bbox 2784 1314 3078 1381; x_wconf 86' lang='lat' dir='ltr'><strong>Salvatore,</strong></span> <span class='ocrx_word' id='word_1_559' title='bbox 3106 1329 3227 1370; x_wconf 88' lang='lat' dir='ltr'><strong>cum</strong></span> <span class='ocrx_word' id='word_1_560' title='bbox 3260 1313 3378 1381; x_wconf 89' lang='lat' dir='ltr'><strong>ejus</strong></span> <span class='ocrx_word' id='word_1_561' title='bbox 3421 1312 3558 1366; x_wconf 86' lang='lat' dir='ltr'><strong>noti-</strong></span> 
     </span>
    </p>
   </div>
   <div class='ocr_carea' id='block_1_74' title="bbox 1975 1405 3556 1476">
    <p class='ocr_par' dir='ltr' id='par_1_74' title="bbox 1975 1405 3556 1476">
     <span class='ocr_line' id='line_1_74' title="bbox 1975 1405 3556 1476; baseline -0.001 -16"><span class='ocrx_word' id='word_1_562' title='bbox 1975 1407 2111 1460; x_wconf 89' lang='lat' dir='ltr'><strong>vitas</strong></span> <span class='ocrx_word' id='word_1_563' title='bbox 2146 1407 2384 1476; x_wconf 79' lang='lat' dir='ltr'><strong>proxima</strong></span> <span class='ocrx_word' id='word_1_564' title='bbox 2427 1407 2890 1476; x_wconf 63' lang='lat' dir='ltr'><strong>prmnuntiaretur,</strong></span> <span class='ocrx_word' id='word_1_565' title='bbox 2921 1407 3121 1461; x_wconf 90' lang='lat' dir='ltr'><strong>dictum</strong></span> <span class='ocrx_word' id='word_1_566' title='bbox 3150 1416 3264 1463; x_wconf 89' lang='lat' dir='ltr'><strong>est:</strong></span> <span class='ocrx_word' id='word_1_567' title='bbox 3294 1405 3556 1460; x_wconf 84' lang='lat' dir='ltr'><strong>Vocabunt</strong></span> 
     </span>
    </p>
   </div>
   <div class='ocr_carea' id='block_1_75' title="bbox 1977 1499 3556 1572">
    <p class='ocr_par' dir='ltr' id='par_1_75' title="bbox 1977 1499 3556 1572">
     <span class='ocr_line' id='line_1_75' title="bbox 1977 1499 3556 1572; baseline 0.001 -21"><span class='ocrx_word' id='word_1_568' title='bbox 1977 1515 2156 1552; x_wconf 87' lang='lat' dir='ltr'><strong>nomen</strong></span> <span class='ocrx_word' id='word_1_569' title='bbox 2201 1500 2310 1569; x_wconf 88' lang='lat' dir='ltr'><strong>ejus</strong></span> <span class='ocrx_word' id='word_1_570' title='bbox 2335 1499 2512 1553; x_wconf 86' lang='lat' dir='ltr'><strong>Iesum</strong></span> <span class='ocrx_word' id='word_1_571' title='bbox 2540 1515 2558 1554; x_wconf 93' lang='lat'><strong><em>:</em></strong></span> <span class='ocrx_word' id='word_1_572' title='bbox 2587 1501 2694 1568; x_wconf 84' lang='lat' dir='ltr'><strong>ipse</strong></span> <span class='ocrx_word' id='word_1_573' title='bbox 2723 1501 2858 1555; x_wconf 88' lang='lat' dir='ltr'><strong>enim</strong></span> <span class='ocrx_word' id='word_1_574' title='bbox 2893 1501 3088 1555; x_wconf 80' lang='lat' dir='ltr'><strong>salvum</strong></span> <span class='ocrx_word' id='word_1_575' title='bbox 3132 1500 3282 1572; x_wconf 82' lang='lat' dir='ltr'><strong>faciet</strong></span> <span class='ocrx_word' id='word_1_576' title='bbox 3311 1501 3556 1570; x_wconf 85' lang='lat' dir='ltr'><strong>populum</strong></span> 
     </span>
    </p>
   </div>
   <div class='ocr_carea' id='block_1_76' title="bbox 1975 1590 3556 1663">
    <p class='ocr_par' dir='ltr' id='par_1_76' title="bbox 1975 1590 3556 1663">
     <span class='ocr_line' id='line_1_76' title="bbox 1975 1590 3556 1663; baseline 0.001 -20"><span class='ocrx_word' id='word_1_577' title='bbox 1975 1605 2126 1644; x_wconf 87' lang='lat' dir='ltr'><strong>suum</strong></span> <span class='ocrx_word' id='word_1_578' title='bbox 2154 1607 2186 1641; x_wconf 89' lang='lat' dir='ltr'><strong>a</strong></span> <span class='ocrx_word' id='word_1_579' title='bbox 2213 1591 2429 1661; x_wconf 84' lang='lat' dir='ltr'><strong>peccatis</strong></span> <span class='ocrx_word' id='word_1_580' title='bbox 2449 1607 2620 1644; x_wconf 85' lang='lat' dir='ltr'><strong>eorum</strong></span> <span class='ocrx_word' id='word_1_581' title='bbox 2651 1590 2861 1663; x_wconf 79' lang='lat' dir='ltr'><strong>(Matth.</strong></span> <span class='ocrx_word' id='word_1_582' title='bbox 2879 1607 2917 1655; x_wconf 86' lang='grc' dir='ltr'><strong>ι,</strong></span> <span class='ocrx_word' id='word_1_583' title='bbox 2945 1590 3060 1662; x_wconf 78' lang='lat'><strong>2|).</strong></span> <span class='ocrx_word' id='word_1_584' title='bbox 3083 1591 3264 1646; x_wconf 83' lang='lat' dir='ltr'><strong>Iesum</strong></span> <span class='ocrx_word' id='word_1_585' title='bbox 3293 1600 3556 1655; x_wconf 84' lang='lat' dir='ltr'><strong>tenemus,</strong></span> 
     </span>
    </p>
   </div>
   <div class='ocr_carea' id='block_1_77' title="bbox 1979 1680 3559 1752">
    <p class='ocr_par' dir='ltr' id='par_1_77' title="bbox 1979 1680 3559 1752">
     <span class='ocr_line' id='line_1_77' title="bbox 1979 1680 3559 1752; baseline 0.001 -18"><span class='ocrx_word' id='word_1_586' title='bbox 1979 1681 2468 1750; x_wconf 88' lang='lat' dir='ltr'><strong>interpretationem</strong></span> <span class='ocrx_word' id='word_1_587' title='bbox 2499 1680 2728 1738; x_wconf 87' lang='lat' dir='ltr'><strong>nominis</strong></span> <span class='ocrx_word' id='word_1_588' title='bbox 2766 1681 2925 1752; x_wconf 88' lang='lat' dir='ltr'><strong>hujus</strong></span> <span class='ocrx_word' id='word_1_589' title='bbox 2959 1681 3238 1738; x_wconf 87' lang='lat' dir='ltr'><strong>habemus.</strong></span> <span class='ocrx_word' id='word_1_590' title='bbox 3265 1681 3442 1750; x_wconf 88' lang='lat' dir='ltr'><strong>Quare</strong></span> <span class='ocrx_word' id='word_1_591' title='bbox 3465 1681 3559 1736; x_wconf 71' lang='lat' dir='ltr'><strong>Ie-</strong></span> 
     </span>
    </p>
   </div>
   <div class='ocr_carea' id='block_1_78' title="bbox 1977 1771 3572 1844">
    <p class='ocr_par' dir='ltr' id='par_1_78' title="bbox 1977 1771 3572 1844">
     <span class='ocr_line' id='line_1_78' title="bbox 1977 1771 3572 1844; baseline 0.001 -17"><span class='ocrx_word' id='word_1_592' title='bbox 1977 1787 2090 1838; x_wconf 89' lang='lat' dir='ltr'><strong>sus,</strong></span> <span class='ocrx_word' id='word_1_593' title='bbox 2124 1773 2264 1842; x_wconf 90' lang='lat' dir='ltr'><strong>quod</strong></span> <span class='ocrx_word' id='word_1_594' title='bbox 2296 1773 2456 1827; x_wconf 86' lang='lat' dir='ltr'><strong>latine</strong></span> <span class='ocrx_word' id='word_1_595' title='bbox 2495 1773 2737 1829; x_wconf 88' lang='lat' dir='ltr'><strong>Salvator</strong></span> <span class='ocrx_word' id='word_1_596' title='bbox 2763 1773 2974 1840; x_wconf 90' lang='lat' dir='ltr'><strong>dicitur,</strong></span> <span class='ocrx_word' id='word_1_597' title='bbox 3009 1789 3176 1844; x_wconf 91' lang='lat' dir='ltr'><strong>quare</strong></span> <span class='ocrx_word' id='word_1_598' title='bbox 3202 1773 3396 1828; x_wconf 75' lang='lat' dir='ltr'><strong>Iesus?</strong></span> <span class='ocrx_word' id='word_1_599' title='bbox 3438 1771 3572 1843; x_wconf 65' lang='lat' dir='ltr'><strong>Ipse</strong></span> 
     </span>
    </p>
   </div>
   <div class='ocr_carea' id='block_1_79' title="bbox 1979 1863 3560 1936">
    <p class='ocr_par' dir='ltr' id='par_1_79' title="bbox 1979 1863 3560 1936">
     <span class='ocr_line' id='line_1_79' title="bbox 1979 1863 3560 1936; baseline 0 -18"><span class='ocrx_word' id='word_1_600' title='bbox 1979 1863 2113 1930; x_wconf 88' lang='lat' dir='ltr'><strong>enim</strong></span> <span class='ocrx_word' id='word_1_601' title='bbox 2137 1864 2334 1920; x_wconf 83' lang='lat' dir='ltr'><strong>salvum</strong></span> <span class='ocrx_word' id='word_1_602' title='bbox 2374 1866 2528 1934; x_wconf 80' lang='lat' dir='ltr'><strong>faciet</strong></span> <span class='ocrx_word' id='word_1_603' title='bbox 2550 1867 2793 1936; x_wconf 87' lang='lat' dir='ltr'><strong>populum</strong></span> <span class='ocrx_word' id='word_1_604' title='bbox 2821 1882 2987 1920; x_wconf 88' lang='lat' dir='ltr'><strong>suum.</strong></span> <span class='ocrx_word' id='word_1_605' title='bbox 3034 1866 3138 1920; x_wconf 90' lang='lat' dir='ltr'><strong>Sed</strong></span> <span class='ocrx_word' id='word_1_606' title='bbox 3183 1867 3389 1920; x_wconf 86' lang='lat' dir='ltr'><strong>salvum</strong></span> <span class='ocrx_word' id='word_1_607' title='bbox 3435 1865 3560 1920; x_wconf 90' lang='lat' dir='ltr'><strong>fecit</strong></span> 
     </span>
    </p>
   </div>
   <div class='ocr_carea' id='block_1_80' title="bbox 1979 1955 3560 2028">
    <p class='ocr_par' dir='ltr' id='par_1_80' title="bbox 1979 1955 3560 2028">
     <span class='ocr_line' id='line_1_80' title="bbox 1979 1955 3560 2028; baseline -0.002 -16"><span class='ocrx_word' id='word_1_608' title='bbox 1979 1958 2229 2028; x_wconf 90' lang='lat' dir='ltr'><strong>populum</strong></span> <span class='ocrx_word' id='word_1_609' title='bbox 2269 1974 2422 2013; x_wconf 89' lang='lat' dir='ltr'><strong>suum</strong></span> <span class='ocrx_word' id='word_1_610' title='bbox 2465 1958 2515 2011; x_wconf 92' lang='lat' dir='ltr'><strong>in</strong></span> <span class='ocrx_word' id='word_1_611' title='bbox 2561 1973 2722 2012; x_wconf 86' lang='lat' dir='ltr'><strong>manu</strong></span> <span class='ocrx_word' id='word_1_612' title='bbox 2751 1958 2948 2026; x_wconf 90' lang='lat' dir='ltr'><strong>potenti</strong></span> <span class='ocrx_word' id='word_1_613' title='bbox 2980 1957 3208 2028; x_wconf 82' lang='lat' dir='ltr'><strong>Moyses.</strong></span> <span class='ocrx_word' id='word_1_614' title='bbox 3241 1965 3297 2012; x_wconf 90' lang='lat' dir='ltr'><strong>et</strong></span> <span class='ocrx_word' id='word_1_615' title='bbox 3325 1955 3379 2011; x_wconf 90' lang='lat' dir='ltr'><strong>in</strong></span> <span class='ocrx_word' id='word_1_616' title='bbox 3405 1955 3560 2026; x_wconf 88' lang='lat' dir='ltr'><strong>adju-</strong></span> 
     </span>
    </p>
   </div>
   <div class='ocr_carea' id='block_1_81' title="bbox 1980 2045 3567 2117">
    <p class='ocr_par' dir='ltr' id='par_1_81' title="bbox 1980 2045 3567 2117">
     <span class='ocr_line' id='line_1_81' title="bbox 1980 2045 3567 2117; baseline -0.001 -15"><span class='ocrx_word' id='word_1_617' title='bbox 1980 2049 2119 2103; x_wconf 89' lang='lat' dir='ltr'><strong>torio</strong></span> <span class='ocrx_word' id='word_1_618' title='bbox 2140 2046 2353 2104; x_wconf 79' lang='lat' dir='ltr'><strong>Excelsi</strong></span> <span class='ocrx_word' id='word_1_619' title='bbox 2379 2063 2408 2100; x_wconf 89' lang='lat' dir='ltr'><strong>a</strong></span> <span class='ocrx_word' id='word_1_620' title='bbox 2439 2048 2806 2117; x_wconf 87' lang='lat' dir='ltr'><strong>persecutione</strong></span> <span class='ocrx_word' id='word_1_621' title='bbox 2823 2055 2878 2102; x_wconf 91' lang='lat' dir='ltr'><strong>et</strong></span> <span class='ocrx_word' id='word_1_622' title='bbox 2905 2046 3267 2102; x_wconf 83' lang='lat' dir='ltr'><strong>dominatione</strong></span> <span class='ocrx_word' id='word_1_623' title='bbox 3283 2045 3567 2115; x_wconf 72' lang='lat' dir='ltr'><strong>Egyptia-</strong></span> 
     </span>
    </p>
   </div>
   <div class='ocr_carea' id='block_1_82' title="bbox 1979 2136 3557 2208">
    <p class='ocr_par' dir='ltr' id='par_1_82' title="bbox 1979 2136 3557 2208">
     <span class='ocr_line' id='line_1_82' title="bbox 1979 2136 3557 2208; baseline -0.003 -14"><span class='ocrx_word' id='word_1_624' title='bbox 1979 2155 2137 2194; x_wconf 90' lang='lat' dir='ltr'><strong>rum:</strong></span> <span class='ocrx_word' id='word_1_625' title='bbox 2169 2140 2292 2193; x_wconf 89' lang='lat' dir='ltr'><strong>fecit</strong></span> <span class='ocrx_word' id='word_1_626' title='bbox 2326 2139 2528 2193; x_wconf 90' lang='lat' dir='ltr'><strong>salvum</strong></span> <span class='ocrx_word' id='word_1_627' title='bbox 2570 2139 2822 2208; x_wconf 86' lang='lat' dir='ltr'><strong>populum</strong></span> <span class='ocrx_word' id='word_1_628' title='bbox 2862 2153 3017 2192; x_wconf 87' lang='lat' dir='ltr'><strong>suum</strong></span> <span class='ocrx_word' id='word_1_629' title='bbox 3057 2147 3112 2192; x_wconf 91' lang='lat' dir='ltr'><strong>et</strong></span> <span class='ocrx_word' id='word_1_630' title='bbox 3147 2137 3303 2192; x_wconf 90' lang='lat' dir='ltr'><strong>Iesus</strong></span> <span class='ocrx_word' id='word_1_631' title='bbox 3345 2136 3489 2192; x_wconf 84' lang='lat' dir='ltr'><strong>Nave</strong></span> <span class='ocrx_word' id='word_1_632' title='bbox 3529 2152 3557 2190; x_wconf 86' lang='lat' dir='ltr'><strong>a</strong></span> 
     </span>
    </p>
   </div>
   <div class='ocr_carea' id='block_1_83' title="bbox 1980 2227 3558 2300">
    <p class='ocr_par' dir='ltr' id='par_1_83' title="bbox 1980 2227 3558 2300">
     <span class='ocr_line' id='line_1_83' title="bbox 1980 2227 3558 2300; baseline -0.003 -16"><span class='ocrx_word' id='word_1_633' title='bbox 1980 2229 2413 2300; x_wconf 86' lang='lat' dir='ltr'><strong>persecutoribus</strong></span> <span class='ocrx_word' id='word_1_634' title='bbox 2451 2229 2706 2299; x_wconf 88' lang='lat' dir='ltr'><strong>bellisque</strong></span> <span class='ocrx_word' id='word_1_635' title='bbox 2744 2229 2982 2299; x_wconf 85' lang='lat' dir='ltr'><strong>gentium</strong></span> <span class='ocrx_word' id='word_1_636' title='bbox 3013 2246 3026 2282; x_wconf 92' lang='lat'>:</span> <span class='ocrx_word' id='word_1_637' title='bbox 3071 2227 3315 2284; x_wconf 89' lang='lat' dir='ltr'><strong>fecerunt</strong></span> <span class='ocrx_word' id='word_1_638' title='bbox 3354 2227 3558 2282; x_wconf 86' lang='lat' dir='ltr'><strong>salvum</strong></span> 
     </span>
    </p>
   </div>
   <div class='ocr_carea' id='block_1_84' title="bbox 1982 2320 3564 2393">
    <p class='ocr_par' dir='ltr' id='par_1_84' title="bbox 1982 2320 3564 2393">
     <span class='ocr_line' id='line_1_84' title="bbox 1982 2320 3564 2393; baseline 0 -17"><span class='ocrx_word' id='word_1_639' title='bbox 1982 2322 2233 2393; x_wconf 91' lang='lat' dir='ltr'><strong>populum</strong></span> <span class='ocrx_word' id='word_1_640' title='bbox 2265 2321 2497 2385; x_wconf 82' lang='lat' dir='ltr'><strong>Iudices,</strong></span> <span class='ocrx_word' id='word_1_641' title='bbox 2526 2337 2648 2376; x_wconf 90' lang='lat' dir='ltr'><strong>eum</strong></span> <span class='ocrx_word' id='word_1_642' title='bbox 2679 2321 2748 2376; x_wconf 90' lang='lat' dir='ltr'><strong>ab</strong></span> <span class='ocrx_word' id='word_1_643' title='bbox 2774 2321 3075 2393; x_wconf 81' lang='lat' dir='ltr'><strong>Allophylis</strong></span> <span class='ocrx_word' id='word_1_644' title='bbox 3116 2321 3440 2385; x_wconf 80' lang='lat' dir='ltr'><strong>liberantes;</strong></span> <span class='ocrx_word' id='word_1_645' title='bbox 3482 2320 3564 2376; x_wconf 83' lang='lat' dir='ltr'><strong>l‘e—</strong></span> 
     </span>
    </p>
   </div>
   <div class='ocr_carea' id='block_1_85' title="bbox 1982 2411 3562 2482">
    <p class='ocr_par' dir='ltr' id='par_1_85' title="bbox 1982 2411 3562 2482">
     <span class='ocr_line' id='line_1_85' title="bbox 1982 2411 3562 2482; baseline -0.003 -15"><span class='ocrx_word' id='word_1_646' title='bbox 1982 2421 2174 2467; x_wconf 91' lang='lat' dir='ltr'><strong>cerunt</strong></span> <span class='ocrx_word' id='word_1_647' title='bbox 2195 2422 2249 2466; x_wconf 87' lang='lat' dir='ltr'><strong>et</strong></span> <span class='ocrx_word' id='word_1_648' title='bbox 2267 2412 2460 2482; x_wconf 82' lang='lat' dir='ltr'><strong>Reges,</strong></span> <span class='ocrx_word' id='word_1_649' title='bbox 2491 2427 2520 2465; x_wconf 86' lang='lat' dir='ltr'><strong>a</strong></span> <span class='ocrx_word' id='word_1_650' title='bbox 2544 2412 2818 2466; x_wconf 90' lang='lat' dir='ltr'><strong>dominatu</strong></span> <span class='ocrx_word' id='word_1_651' title='bbox 2847 2412 3261 2482; x_wconf 88' lang='lat' dir='ltr'><strong>circumquaque</strong></span> <span class='ocrx_word' id='word_1_652' title='bbox 3291 2411 3562 2466; x_wconf 80' lang='lat' dir='ltr'><strong>oblatran-</strong></span> 
     </span>
    </p>
   </div>
   <div class='ocr_carea' id='block_1_86' title="bbox 1985 2500 3558 2574">
    <p class='ocr_par' dir='ltr' id='par_1_86' title="bbox 1985 2500 3558 2574">
     <span class='ocr_line' id='line_1_86' title="bbox 1985 2500 3558 2574; baseline -0.001 -17"><span class='ocrx_word' id='word_1_653' title='bbox 1985 2502 2116 2557; x_wconf 92' lang='lat' dir='ltr'><strong>tium</strong></span> <span class='ocrx_word' id='word_1_654' title='bbox 2143 2503 2377 2574; x_wconf 89' lang='lat' dir='ltr'><strong>gentium</strong></span> <span class='ocrx_word' id='word_1_655' title='bbox 2417 2503 2718 2557; x_wconf 88' lang='lat' dir='ltr'><strong>liberantes.</strong></span> <span class='ocrx_word' id='word_1_656' title='bbox 2754 2501 2868 2557; x_wconf 83' lang='lat' dir='ltr'><strong>Non</strong></span> <span class='ocrx_word' id='word_1_657' title='bbox 2907 2501 2985 2557; x_wconf 91' lang='lat' dir='ltr'><strong>sic</strong></span> <span class='ocrx_word' id='word_1_658' title='bbox 3021 2501 3191 2556; x_wconf 86' lang='lat' dir='ltr'><strong>salvat</strong></span> <span class='ocrx_word' id='word_1_659' title='bbox 3222 2500 3379 2556; x_wconf 84' lang='lat' dir='ltr'><strong>Iesus</strong></span> <span class='ocrx_word' id='word_1_660' title='bbox 3409 2517 3425 2551; x_wconf 85' lang='lat'><strong>:</strong></span> <span class='ocrx_word' id='word_1_661' title='bbox 3465 2500 3558 2556; x_wconf 86' lang='lat' dir='ltr'><strong>sed</strong></span> 
     </span>
    </p>
   </div>
   <div class='ocr_carea' id='block_1_87' title="bbox 1983 2590 3562 2663">
    <p class='ocr_par' dir='ltr' id='par_1_87' title="bbox 1983 2590 3562 2663">
     <span class='ocr_line' id='line_1_87' title="bbox 1983 2590 3562 2663; baseline -0.002 -14"><span class='ocrx_word' id='word_1_662' title='bbox 1983 2611 2017 2649; x_wconf 88' lang='lat' dir='ltr'><strong>a</strong></span> <span class='ocrx_word' id='word_1_663' title='bbox 2047 2593 2262 2663; x_wconf 87' lang='lat' dir='ltr'><strong>peccatis</strong></span> <span class='ocrx_word' id='word_1_664' title='bbox 2290 2608 2482 2647; x_wconf 89' lang='lat' dir='ltr'><strong>eorum.</strong></span> <span class='ocrx_word' id='word_1_665' title='bbox 2517 2591 2773 2646; x_wconf 81' lang='lat' dir='ltr'><strong>Vocabunt</strong></span> <span class='ocrx_word' id='word_1_666' title='bbox 2797 2607 2978 2646; x_wconf 83' lang='lat' dir='ltr'><strong>nomen</strong></span> <span class='ocrx_word' id='word_1_667' title='bbox 3004 2593 3117 2662; x_wconf 81' lang='lat' dir='ltr'><strong>ejus</strong></span> <span class='ocrx_word' id='word_1_668' title='bbox 3136 2590 3333 2646; x_wconf 85' lang='lat' dir='ltr'><strong>Iesum.</strong></span> <span class='ocrx_word' id='word_1_669' title='bbox 3352 2590 3562 2659; x_wconf 71' lang='lat' dir='ltr'><strong>Quare?</strong></span> 
     </span>
    </p>
   </div>
   <div class='ocr_carea' id='block_1_88' title="bbox 1983 2682 3564 2754">
    <p class='ocr_par' dir='ltr' id='par_1_88' title="bbox 1983 2682 3564 2754">
     <span class='ocr_line' id='line_1_88' title="bbox 1983 2682 3564 2754; baseline -0.003 -14"><span class='ocrx_word' id='word_1_670' title='bbox 1983 2683 2107 2754; x_wconf 81' lang='lat' dir='ltr'><strong>Ipse</strong></span> <span class='ocrx_word' id='word_1_671' title='bbox 2119 2685 2254 2738; x_wconf 89' lang='lat' dir='ltr'><strong>enim</strong></span> <span class='ocrx_word' id='word_1_672' title='bbox 2278 2684 2470 2738; x_wconf 74' lang='lat' dir='ltr'><strong>salvum</strong></span> <span class='ocrx_word' id='word_1_673' title='bbox 2497 2684 2647 2753; x_wconf 78' lang='lat' dir='ltr'><strong>faciet</strong></span> <span class='ocrx_word' id='word_1_674' title='bbox 2671 2683 2914 2754; x_wconf 86' lang='lat' dir='ltr'><strong>populum</strong></span> <span class='ocrx_word' id='word_1_675' title='bbox 2953 2699 3121 2738; x_wconf 85' lang='lat' dir='ltr'><strong>suum.</strong></span> <span class='ocrx_word' id='word_1_676' title='bbox 3147 2682 3338 2739; x_wconf 81' lang='lat' dir='ltr'><strong>Unde?</strong></span> <span class='ocrx_word' id='word_1_677' title='bbox 3365 2686 3412 2736; x_wconf 75' lang='grc' dir='ltr'><em>Α</em></span> <span class='ocrx_word' id='word_1_678' title='bbox 3449 2699 3564 2753; x_wconf 81' lang='lat' dir='ltr'><strong>pec-</strong></span> 
     </span>
    </p>
   </div>
   <div class='ocr_carea' id='block_1_89' title="bbox 1985 2773 3574 2844">
    <p class='ocr_par' dir='ltr' id='par_1_89' title="bbox 1985 2773 3574 2844">
     <span class='ocr_line' id='line_1_89' title="bbox 1985 2773 3574 2844; baseline 0.001 -16"><span class='ocrx_word' id='word_1_679' title='bbox 1985 2777 2112 2829; x_wconf 85' lang='lat' dir='ltr'><strong>catis</strong></span> <span class='ocrx_word' id='word_1_680' title='bbox 2140 2791 2331 2829; x_wconf 88' lang='lat' dir='ltr'><strong>eorum.</strong></span> <span class='ocrx_word' id='word_1_681' title='bbox 2377 2773 2528 2830; x_wconf 83' lang='lat' dir='ltr'><strong>Nunc</strong></span> <span class='ocrx_word' id='word_1_682' title='bbox 2554 2774 2622 2829; x_wconf 91' lang='lat' dir='ltr'><strong>de</strong></span> <span class='ocrx_word' id='word_1_683' title='bbox 2662 2775 2880 2844; x_wconf 90' lang='lat' dir='ltr'><strong>parvulo</strong></span> <span class='ocrx_word' id='word_1_684' title='bbox 2927 2773 3218 2843; x_wconf 84' lang='lat' dir='ltr'><strong>interrogo,</strong></span> <span class='ocrx_word' id='word_1_685' title='bbox 3249 2773 3470 2829; x_wconf 83' lang='lat' dir='ltr'><strong>affertur</strong></span> <span class='ocrx_word' id='word_1_686' title='bbox 3494 2773 3574 2829; x_wconf 49' lang='lat' dir='ltr'><strong>adv</strong></span> 
     </span>
    </p>
   </div>
   <div class='ocr_carea' id='block_1_90' title="bbox 1985 2863 3584 2934">
    <p class='ocr_par' dir='ltr' id='par_1_90' title="bbox 1985 2863 3584 2934">
     <span class='ocr_line' id='line_1_90' title="bbox 1985 2863 3584 2934; baseline 0 -15"><span class='ocrx_word' id='word_1_687' title='bbox 1985 2865 2265 2920; x_wconf 83' lang='lat' dir='ltr'><strong>ecclesiam</strong></span> <span class='ocrx_word' id='word_1_688' title='bbox 2315 2863 2594 2920; x_wconf 87' lang='lat' dir='ltr'><strong>faciendus</strong></span> <span class='ocrx_word' id='word_1_689' title='bbox 2637 2863 2982 2931; x_wconf 84' lang='lat' dir='ltr'><strong>christianos,</strong></span> <span class='ocrx_word' id='word_1_690' title='bbox 3029 2863 3415 2934; x_wconf 58' lang='lat' dir='ltr'><strong>baptizandus,w</strong></span> <span class='ocrx_word' id='word_1_691' title='bbox 3436 2873 3584 2934; x_wconf 49' lang='lat' dir='ltr'><strong>puto.</strong></span> 
     </span>
    </p>
   </div>
   <div class='ocr_carea' id='block_1_91' title="bbox 1984 2954 3582 3026">
    <p class='ocr_par' dir='ltr' id='par_1_91' title="bbox 1984 2954 3582 3026">
     <span class='ocr_line' id='line_1_91' title="bbox 1984 2954 3582 3026; baseline -0.003 -18"><span class='ocrx_word' id='word_1_692' title='bbox 1984 2955 2109 3025; x_wconf 91' lang='lat' dir='ltr'><strong>quia</strong></span> <span class='ocrx_word' id='word_1_693' title='bbox 2143 2955 2262 3009; x_wconf 92' lang='lat' dir='ltr'><strong>ideo</strong></span> <span class='ocrx_word' id='word_1_694' title='bbox 2311 2963 2370 3010; x_wconf 92' lang='lat' dir='ltr'><strong>ut</strong></span> <span class='ocrx_word' id='word_1_695' title='bbox 2415 2955 2486 3009; x_wconf 85' lang='lat' dir='ltr'><strong>sit</strong></span> <span class='ocrx_word' id='word_1_696' title='bbox 2532 2955 2584 3009; x_wconf 91' lang='lat' dir='ltr'><strong>in</strong></span> <span class='ocrx_word' id='word_1_697' title='bbox 2636 2955 2836 3026; x_wconf 90' lang='lat' dir='ltr'><strong>populo</strong></span> <span class='ocrx_word' id='word_1_698' title='bbox 2876 2954 3024 3010; x_wconf 75' lang='lat' dir='ltr'><strong>Iesu.</strong></span> <span class='ocrx_word' id='word_1_699' title='bbox 3051 2954 3215 3025; x_wconf 87' lang='lat' dir='ltr'><strong>Cujus</strong></span> <span class='ocrx_word' id='word_1_700' title='bbox 3259 2954 3429 3010; x_wconf 76' lang='lat' dir='ltr'><strong>Iesu?</strong></span> <span class='ocrx_word' id='word_1_701' title='bbox 3463 2954 3582 3022; x_wconf 87' lang='lat' dir='ltr'><strong>Qui.-</strong></span> 
     </span>
    </p>
   </div>
   <div class='ocr_carea' id='block_1_92' title="bbox 1985 3043 3564 3116">
    <p class='ocr_par' dir='ltr' id='par_1_92' title="bbox 1985 3043 3564 3116">
     <span class='ocr_line' id='line_1_92' title="bbox 1985 3043 3564 3116; baseline 0.001 -17"><span class='ocrx_word' id='word_1_702' title='bbox 1985 3044 2180 3099; x_wconf 84' lang='lat' dir='ltr'><strong>salvum</strong></span> <span class='ocrx_word' id='word_1_703' title='bbox 2211 3043 2337 3100; x_wconf 86' lang='lat' dir='ltr'><strong>facit</strong></span> <span class='ocrx_word' id='word_1_704' title='bbox 2373 3045 2614 3116; x_wconf 77' lang='lat' dir='ltr'><strong>pupulum</strong></span> <span class='ocrx_word' id='word_1_705' title='bbox 2639 3061 2788 3100; x_wconf 86' lang='lat' dir='ltr'><strong>suum</strong></span> <span class='ocrx_word' id='word_1_706' title='bbox 2811 3061 2845 3099; x_wconf 89' lang='lat' dir='ltr'><strong>a</strong></span> <span class='ocrx_word' id='word_1_707' title='bbox 2882 3045 3103 3116; x_wconf 89' lang='lat' dir='ltr'><strong>peccatis</strong></span> <span class='ocrx_word' id='word_1_708' title='bbox 3144 3061 3339 3100; x_wconf 81' lang='lat' dir='ltr'><strong>eorum.</strong></span> <span class='ocrx_word' id='word_1_709' title='bbox 3369 3045 3426 3101; x_wconf 90' lang='lat' dir='ltr'><strong>Si</strong></span> <span class='ocrx_word' id='word_1_710' title='bbox 3457 3061 3564 3101; x_wconf 86' lang='lat' dir='ltr'><strong>non</strong></span> 
     </span>
    </p>
   </div>
   <div class='ocr_carea' id='block_1_93' title="bbox 1988 3135 3564 3207">
    <p class='ocr_par' dir='ltr' id='par_1_93' title="bbox 1988 3135 3564 3207">
     <span class='ocr_line' id='line_1_93' title="bbox 1988 3135 3564 3207; baseline 0 -16"><span class='ocrx_word' id='word_1_711' title='bbox 1988 3135 2148 3191; x_wconf 87' lang='lat' dir='ltr'><strong>habet</strong></span> <span class='ocrx_word' id='word_1_712' title='bbox 2176 3135 2315 3207; x_wconf 91' lang='lat' dir='ltr'><strong>quod</strong></span> <span class='ocrx_word' id='word_1_713' title='bbox 2359 3135 2412 3190; x_wconf 93' lang='lat' dir='ltr'><strong>in</strong></span> <span class='ocrx_word' id='word_1_714' title='bbox 2459 3136 2549 3190; x_wconf 92' lang='lat' dir='ltr'><strong>illo</strong></span> <span class='ocrx_word' id='word_1_715' title='bbox 2593 3136 2847 3200; x_wconf 86' lang='lat' dir='ltr'><strong>salvetur,</strong></span> <span class='ocrx_word' id='word_1_716' title='bbox 2890 3135 3164 3191; x_wconf 76' lang='lat' dir='ltr'><strong>auferatur</strong></span> <span class='ocrx_word' id='word_1_717' title='bbox 3195 3135 3338 3190; x_wconf 89' lang='lat' dir='ltr'><strong>hinc.</strong></span> <span class='ocrx_word' id='word_1_718' title='bbox 3387 3135 3564 3203; x_wconf 75' lang='lat' dir='ltr'><strong>Quare</strong></span> 
     </span>
    </p>
   </div>
   <div class='ocr_carea' id='block_1_94' title="bbox 1988 3227 3567 3300">
    <p class='ocr_par' dir='ltr' id='par_1_94' title="bbox 1988 3227 3567 3300">
     <span class='ocr_line' id='line_1_94' title="bbox 1988 3227 3567 3300; baseline 0.001 -17"><span class='ocrx_word' id='word_1_719' title='bbox 1988 3244 2093 3283; x_wconf 89' lang='lat' dir='ltr'><strong>non</strong></span> <span class='ocrx_word' id='word_1_720' title='bbox 2120 3227 2347 3283; x_wconf 90' lang='lat' dir='ltr'><strong>dicimus</strong></span> <span class='ocrx_word' id='word_1_721' title='bbox 2376 3227 2668 3296; x_wconf 81' lang='lat' dir='ltr'><strong>matribus,</strong></span> <span class='ocrx_word' id='word_1_722' title='bbox 2693 3227 2915 3284; x_wconf 82' lang='lat' dir='ltr'><strong>Auferte</strong></span> <span class='ocrx_word' id='word_1_723' title='bbox 2949 3228 3075 3284; x_wconf 88' lang='lat' dir='ltr'><strong>hinc</strong></span> <span class='ocrx_word' id='word_1_724' title='bbox 3103 3228 3234 3284; x_wconf 87' lang='lat' dir='ltr'><strong>istos</strong></span> <span class='ocrx_word' id='word_1_725' title='bbox 3277 3229 3567 3300; x_wconf 80' lang='lat' dir='ltr'><strong>parvulos?</strong></span> 
     </span>
    </p>
   </div>
   <div class='ocr_carea' id='block_1_95' title="bbox 1986 3321 3564 3393">
    <p class='ocr_par' dir='ltr' id='par_1_95' title="bbox 1986 3321 3564 3393">
     <span class='ocr_line' id='line_1_95' title="bbox 1986 3321 3564 3393; baseline 0.001 -17"><span class='ocrx_word' id='word_1_726' title='bbox 1986 3321 2142 3376; x_wconf 83' lang='lat' dir='ltr'><strong>Iesus</strong></span> <span class='ocrx_word' id='word_1_727' title='bbox 2184 3336 2414 3390; x_wconf 88' lang='lat' dir='ltr'><strong>namque</strong></span> <span class='ocrx_word' id='word_1_728' title='bbox 2439 3321 2672 3376; x_wconf 86' lang='lat' dir='ltr'><strong>salvator</strong></span> <span class='ocrx_word' id='word_1_729' title='bbox 2699 3330 2782 3376; x_wconf 91' lang='lat' dir='ltr'><strong>est</strong></span> <span class='ocrx_word' id='word_1_730' title='bbox 2812 3335 2826 3375; x_wconf 89' lang='lat'>:</span> <span class='ocrx_word' id='word_1_731' title='bbox 2860 3321 2907 3376; x_wconf 89' lang='lat' dir='ltr'><strong>si</strong></span> <span class='ocrx_word' id='word_1_732' title='bbox 2948 3336 3055 3377; x_wconf 90' lang='lat' dir='ltr'><strong>non</strong></span> <span class='ocrx_word' id='word_1_733' title='bbox 3094 3321 3291 3378; x_wconf 86' lang='lat' dir='ltr'><strong>habent</strong></span> <span class='ocrx_word' id='word_1_734' title='bbox 3314 3323 3400 3378; x_wconf 88' lang='lat' dir='ltr'><strong>isti</strong></span> <span class='ocrx_word' id='word_1_735' title='bbox 3424 3325 3564 3393; x_wconf 91' lang='lat' dir='ltr'><strong>quod</strong></span> 
     </span>
    </p>
   </div>
   <div class='ocr_carea' id='block_1_96' title="bbox 1988 3410 3568 3484">
    <p class='ocr_par' dir='ltr' id='par_1_96' title="bbox 1988 3410 3568 3484">
     <span class='ocr_line' id='line_1_96' title="bbox 1988 3410 3568 3484; baseline 0.001 -19"><span class='ocrx_word' id='word_1_736' title='bbox 1988 3411 2040 3466; x_wconf 94' lang='lat' dir='ltr'><strong>in</strong></span> <span class='ocrx_word' id='word_1_737' title='bbox 2075 3411 2182 3464; x_wconf 89' lang='lat' dir='ltr'><strong>illis</strong></span> <span class='ocrx_word' id='word_1_738' title='bbox 2227 3411 2481 3475; x_wconf 88' lang='lat' dir='ltr'><strong>salvetur,</strong></span> <span class='ocrx_word' id='word_1_739' title='bbox 2524 3411 2731 3466; x_wconf 89' lang='lat' dir='ltr'><strong>auferte</strong></span> <span class='ocrx_word' id='word_1_740' title='bbox 2772 3410 2900 3465; x_wconf 90' lang='lat' dir='ltr'><strong>hinc</strong></span> <span class='ocrx_word' id='word_1_741' title='bbox 2937 3425 3032 3465; x_wconf 89' lang='lat' dir='ltr'><strong>eos</strong></span> <span class='ocrx_word' id='word_1_742' title='bbox 3050 3411 3146 3484; x_wconf 69' lang='grc' dir='ltr'><strong>(ὑ).</strong></span> <span class='ocrx_word' id='word_1_743' title='bbox 3190 3411 3312 3466; x_wconf 83' lang='lat' dir='ltr'><strong>Non</strong></span> <span class='ocrx_word' id='word_1_744' title='bbox 3339 3423 3413 3468; x_wconf 83' lang='lat' dir='ltr'><strong>est</strong></span> <span class='ocrx_word' id='word_1_745' title='bbox 3440 3429 3568 3482; x_wconf 83' lang='lat' dir='ltr'><strong>opus</strong></span> 
     </span>
    </p>
   </div>
   <div class='ocr_carea' id='block_1_97' title="bbox 1986 3501 3563 3574">
    <p class='ocr_par' dir='ltr' id='par_1_97' title="bbox 1986 3501 3563 3574">
     <span class='ocr_line' id='line_1_97' title="bbox 1986 3501 3563 3574; baseline 0.002 -19"><span class='ocrx_word' id='word_1_746' title='bbox 1986 3503 2126 3555; x_wconf 80' lang='lat' dir='ltr'><strong>sanis</strong></span> <span class='ocrx_word' id='word_1_747' title='bbox 2174 3501 2416 3564; x_wconf 87' lang='lat' dir='ltr'><strong>medicus,</strong></span> <span class='ocrx_word' id='word_1_748' title='bbox 2451 3501 2540 3554; x_wconf 86' lang='lat' dir='ltr'><strong>sed</strong></span> <span class='ocrx_word' id='word_1_749' title='bbox 2581 3502 2716 3554; x_wconf 88' lang='lat' dir='ltr'><strong>male</strong></span> <span class='ocrx_word' id='word_1_750' title='bbox 2777 3501 3073 3556; x_wconf 85' lang='lat' dir='ltr'><strong>habentibus</strong></span> <span class='ocrx_word' id='word_1_751' title='bbox 3129 3502 3150 3574; x_wconf 90' lang='lat'><strong>(</strong></span> <span class='ocrx_word' id='word_1_752' title='bbox 3180 3501 3266 3557; x_wconf 84' lang='lat' dir='ltr'><strong>Id.</strong></span> <span class='ocrx_word' id='word_1_753' title='bbox 3310 3520 3387 3568; x_wconf 72' lang='grc' dir='ltr'><strong>ιι.</strong></span> <span class='ocrx_word' id='word_1_754' title='bbox 3429 3506 3499 3560; x_wconf 73' lang='grc'><strong>12</strong></span> <span class='ocrx_word' id='word_1_755' title='bbox 3526 3509 3563 3574; x_wconf 92' lang='grc'><strong>).</strong></span> 
     </span>
    </p>
   </div>
   <div class='ocr_carea' id='block_1_98' title="bbox 1989 3591 3567 3660">
    <p class='ocr_par' dir='ltr' id='par_1_98' title="bbox 1989 3591 3567 3660">
     <span class='ocr_line' id='line_1_98' title="bbox 1989 3591 3567 3660; baseline 0.003 -15"><span class='ocrx_word' id='word_1_756' title='bbox 1989 3591 2220 3654; x_wconf 83' lang='lat' dir='ltr'><strong>Audebit</strong></span> <span class='ocrx_word' id='word_1_757' title='bbox 2244 3591 2373 3644; x_wconf 92' lang='lat' dir='ltr'><strong>mihi</strong></span> <span class='ocrx_word' id='word_1_758' title='bbox 2399 3592 2677 3660; x_wconf 89' lang='lat' dir='ltr'><strong>quisquam</strong></span> <span class='ocrx_word' id='word_1_759' title='bbox 2720 3591 2770 3643; x_wconf 91' lang='lat' dir='ltr'><strong>in</strong></span> <span class='ocrx_word' id='word_1_760' title='bbox 2801 3591 2904 3645; x_wconf 90' lang='lat' dir='ltr'><strong>hoc</strong></span> <span class='ocrx_word' id='word_1_761' title='bbox 2926 3593 3131 3660; x_wconf 84' lang='lat' dir='ltr'><strong>parvuli</strong></span> <span class='ocrx_word' id='word_1_762' title='bbox 3156 3593 3464 3650; x_wconf 89' lang='lat' dir='ltr'><strong>discrimine</strong></span> <span class='ocrx_word' id='word_1_763' title='bbox 3489 3595 3567 3650; x_wconf 86' lang='lat' dir='ltr'><strong>di-</strong></span> 
     </span>
    </p>
   </div>
   <div class='ocr_carea' id='block_1_99' title="bbox 1988 3681 3569 3756">
    <p class='ocr_par' dir='ltr' id='par_1_99' title="bbox 1988 3681 3569 3756">
     <span class='ocr_line' id='line_1_99' title="bbox 1988 3681 3569 3756; baseline 0.003 -18"><span class='ocrx_word' id='word_1_764' title='bbox 1988 3699 2154 3738; x_wconf 89' lang='lat' dir='ltr'><strong>cere:</strong></span> <span class='ocrx_word' id='word_1_765' title='bbox 2195 3683 2320 3738; x_wconf 81' lang='lat' dir='ltr'><strong>Mihi</strong></span> <span class='ocrx_word' id='word_1_766' title='bbox 2347 3694 2430 3737; x_wconf 92' lang='lat' dir='ltr'><strong>est</strong></span> <span class='ocrx_word' id='word_1_767' title='bbox 2456 3683 2632 3747; x_wconf 87' lang='lat' dir='ltr'><strong>Iesus,</strong></span> <span class='ocrx_word' id='word_1_768' title='bbox 2677 3681 2801 3736; x_wconf 90' lang='lat' dir='ltr'><strong>huic</strong></span> <span class='ocrx_word' id='word_1_769' title='bbox 2835 3697 2940 3738; x_wconf 89' lang='lat' dir='ltr'><strong>non</strong></span> <span class='ocrx_word' id='word_1_770' title='bbox 2969 3691 3052 3738; x_wconf 89' lang='lat' dir='ltr'><strong>est</strong></span> <span class='ocrx_word' id='word_1_771' title='bbox 3077 3683 3252 3740; x_wconf 89' lang='lat' dir='ltr'><strong>Iesus.</strong></span> <span class='ocrx_word' id='word_1_772' title='bbox 3290 3686 3430 3756; x_wconf 87' lang='lat' dir='ltr'><strong>Ergo</strong></span> <span class='ocrx_word' id='word_1_773' title='bbox 3472 3688 3569 3742; x_wconf 86' lang='lat' dir='ltr'><strong>tibi</strong></span> 
     </span>
    </p>
   </div>
   <div class='ocr_carea' id='block_1_100' title="bbox 1988 3771 3569 3838">
    <p class='ocr_par' dir='ltr' id='par_1_100' title="bbox 1988 3771 3569 3838">
     <span class='ocr_line' id='line_1_100' title="bbox 1988 3771 3569 3838; baseline 0.002 -11"><span class='ocrx_word' id='word_1_774' title='bbox 1988 3781 2071 3827; x_wconf 90' lang='lat' dir='ltr'><strong>est</strong></span> <span class='ocrx_word' id='word_1_775' title='bbox 2094 3772 2280 3838; x_wconf 82' lang='lat' dir='ltr'><strong>Iesus,</strong></span> <span class='ocrx_word' id='word_1_776' title='bbox 2332 3772 2456 3826; x_wconf 92' lang='lat' dir='ltr'><strong>huic</strong></span> <span class='ocrx_word' id='word_1_777' title='bbox 2487 3788 2589 3826; x_wconf 92' lang='lat' dir='ltr'><strong>non</strong></span> <span class='ocrx_word' id='word_1_778' title='bbox 2615 3780 2698 3827; x_wconf 88' lang='lat' dir='ltr'><strong>est</strong></span> <span class='ocrx_word' id='word_1_779' title='bbox 2720 3771 2912 3828; x_wconf 82' lang='lat' dir='ltr'><strong>Iesus?</strong></span> <span class='ocrx_word' id='word_1_780' title='bbox 2939 3772 3054 3828; x_wconf 83' lang='lat' dir='ltr'><strong>Non</strong></span> <span class='ocrx_word' id='word_1_781' title='bbox 3088 3774 3233 3829; x_wconf 91' lang='lat' dir='ltr'><strong>venit</strong></span> <span class='ocrx_word' id='word_1_782' title='bbox 3257 3774 3324 3830; x_wconf 87' lang='lat' dir='ltr'><strong>ad</strong></span> <span class='ocrx_word' id='word_1_783' title='bbox 3351 3776 3569 3832; x_wconf 76' lang='lat' dir='ltr'><strong>Iesum?</strong></span> 
     </span>
    </p>
   </div>
   <div class='ocr_carea' id='block_1_101' title="bbox 1989 3861 3568 3931">
    <p class='ocr_par' dir='ltr' id='par_1_101' title="bbox 1989 3861 3568 3931">
     <span class='ocr_line' id='line_1_101' title="bbox 1989 3861 3568 3931; baseline 0.003 -15"><span class='ocrx_word' id='word_1_784' title='bbox 1989 3879 2095 3916; x_wconf 86' lang='lat' dir='ltr'><strong>non</strong></span> <span class='ocrx_word' id='word_1_785' title='bbox 2129 3877 2225 3931; x_wconf 91' lang='lat' dir='ltr'><strong>pro</strong></span> <span class='ocrx_word' id='word_1_786' title='bbox 2272 3863 2362 3920; x_wconf 88' lang='lat' dir='ltr'><strong>illo</strong></span> <span class='ocrx_word' id='word_1_787' title='bbox 2402 3861 2753 3930; x_wconf 87' lang='lat' dir='ltr'><strong>respondetur</strong></span> <span class='ocrx_word' id='word_1_788' title='bbox 2796 3871 2856 3917; x_wconf 92' lang='lat' dir='ltr'><strong>ut</strong></span> <span class='ocrx_word' id='word_1_789' title='bbox 2883 3862 3066 3917; x_wconf 89' lang='lat' dir='ltr'><strong>credat</strong></span> <span class='ocrx_word' id='word_1_790' title='bbox 3093 3863 3147 3917; x_wconf 94' lang='lat' dir='ltr'><strong>in</strong></span> <span class='ocrx_word' id='word_1_791' title='bbox 3174 3863 3394 3919; x_wconf 86' lang='lat' dir='ltr'><strong>Iesum?</strong></span> <span class='ocrx_word' id='word_1_792' title='bbox 3421 3866 3568 3921; x_wconf 85' lang='lat' dir='ltr'><strong>Alte-</strong></span> 
     </span>
    </p>
   </div>
   <div class='ocr_carea' id='block_1_102' title="bbox 1991 3951 3568 4023">
    <p class='ocr_par' dir='ltr' id='par_1_102' title="bbox 1991 3951 3568 4023">
     <span class='ocr_line' id='line_1_102' title="bbox 1991 3951 3568 4023; baseline 0.001 -17"><span class='ocrx_word' id='word_1_793' title='bbox 1991 3968 2107 4006; x_wconf 90' lang='lat' dir='ltr'><strong>rum</strong></span> <span class='ocrx_word' id='word_1_794' title='bbox 2139 3951 2458 4022; x_wconf 87' lang='lat' dir='ltr'><strong>baptismum</strong></span> <span class='ocrx_word' id='word_1_795' title='bbox 2498 3952 2821 4008; x_wconf 90' lang='lat' dir='ltr'><strong>instituimus</strong></span> <span class='ocrx_word' id='word_1_796' title='bbox 2857 3953 3114 4022; x_wconf 84' lang='lat' dir='ltr'><strong>parvulis,</strong></span> <span class='ocrx_word' id='word_1_797' title='bbox 3138 3953 3192 4008; x_wconf 88' lang='lat' dir='ltr'><strong>in</strong></span> <span class='ocrx_word' id='word_1_798' title='bbox 3232 3968 3337 4023; x_wconf 91' lang='lat' dir='ltr'><strong>quo</strong></span> <span class='ocrx_word' id='word_1_799' title='bbox 3373 3969 3480 4009; x_wconf 87' lang='lat' dir='ltr'><strong>non</strong></span> <span class='ocrx_word' id='word_1_800' title='bbox 3512 3955 3568 4008; x_wconf 83' lang='lat' dir='ltr'><strong>lit</strong></span> 
     </span>
    </p>
   </div>
   <div class='ocr_carea' id='block_1_103' title="bbox 1996 4043 3570 4115">
    <p class='ocr_par' dir='ltr' id='par_1_103' title="bbox 1996 4043 3570 4115">
     <span class='ocr_line' id='line_1_103' title="bbox 1996 4043 3570 4115; baseline 0.001 -18"><span class='ocrx_word' id='word_1_801' title='bbox 1996 4043 2242 4099; x_wconf 88' lang='lat' dir='ltr'><strong>remissio</strong></span> <span class='ocrx_word' id='word_1_802' title='bbox 2273 4044 2647 4114; x_wconf 73' lang='lat' dir='ltr'><strong>peccatorum?</strong></span> <span class='ocrx_word' id='word_1_803' title='bbox 2687 4043 2854 4099; x_wconf 89' lang='lat' dir='ltr'><strong>Plane</strong></span> <span class='ocrx_word' id='word_1_804' title='bbox 2893 4043 2938 4098; x_wconf 91' lang='lat' dir='ltr'><strong>si</strong></span> <span class='ocrx_word' id='word_1_805' title='bbox 2969 4043 3071 4098; x_wconf 90' lang='lat' dir='ltr'><strong>iste</strong></span> <span class='ocrx_word' id='word_1_806' title='bbox 3097 4044 3346 4115; x_wconf 82' lang='lat' dir='ltr'><strong>parvulus</strong></span> <span class='ocrx_word' id='word_1_807' title='bbox 3389 4059 3485 4114; x_wconf 89' lang='lat' dir='ltr'><strong>pro</strong></span> <span class='ocrx_word' id='word_1_808' title='bbox 3512 4060 3570 4098; x_wconf 80' lang='lat' dir='ltr'><strong>Sc</strong></span> 
     </span>
    </p>
   </div>
   <div class='ocr_carea' id='block_1_104' title="bbox 1992 4134 3571 4205">
    <p class='ocr_par' dir='ltr' id='par_1_104' title="bbox 1992 4134 3571 4205">
     <span class='ocr_line' id='line_1_104' title="bbox 1992 4134 3571 4205; baseline 0.001 -16"><span class='ocrx_word' id='word_1_809' title='bbox 1992 4135 2134 4204; x_wconf 85' lang='lat' dir='ltr'><strong>loqui</strong></span> <span class='ocrx_word' id='word_1_810' title='bbox 2169 4145 2370 4205; x_wconf 89' lang='lat' dir='ltr'><strong>posset,</strong></span> <span class='ocrx_word' id='word_1_811' title='bbox 2402 4151 2586 4190; x_wconf 87' lang='lat' dir='ltr'><strong>vocem</strong></span> <span class='ocrx_word' id='word_1_812' title='bbox 2617 4135 3030 4191; x_wconf 90' lang='lat' dir='ltr'><strong>contradicentis</strong></span> <span class='ocrx_word' id='word_1_813' title='bbox 3065 4134 3356 4201; x_wconf 89' lang='lat' dir='ltr'><strong>refelleret,</strong></span> <span class='ocrx_word' id='word_1_814' title='bbox 3387 4145 3442 4191; x_wconf 90' lang='lat' dir='ltr'><strong>et</strong></span> <span class='ocrx_word' id='word_1_815' title='bbox 3464 4135 3571 4192; x_wconf 60' lang='lat' dir='ltr'><strong>cla:</strong></span> 
     </span>
    </p>
   </div>
   <div class='ocr_carea' id='block_1_105' title="bbox 1991 4226 3593 4292">
    <p class='ocr_par' dir='ltr' id='par_1_105' title="bbox 1991 4226 3593 4292">
     <span class='ocr_line' id='line_1_105' title="bbox 1991 4226 3593 4292; baseline -0.001 -10"><span class='ocrx_word' id='word_1_816' title='bbox 1991 4235 2164 4282; x_wconf 92' lang='lat' dir='ltr'><strong>maret</strong></span> <span class='ocrx_word' id='word_1_817' title='bbox 2192 4245 2205 4281; x_wconf 91' lang='lat'><strong>:</strong></span> <span class='ocrx_word' id='word_1_818' title='bbox 2238 4228 2312 4281; x_wconf 87' lang='lat' dir='ltr'><strong>Da</strong></span> <span class='ocrx_word' id='word_1_819' title='bbox 2363 4228 2491 4281; x_wconf 92' lang='lat' dir='ltr'><strong>mihi</strong></span> <span class='ocrx_word' id='word_1_820' title='bbox 2530 4227 2693 4281; x_wconf 87' lang='lat' dir='ltr'><strong>vitam</strong></span> <span class='ocrx_word' id='word_1_821' title='bbox 2738 4227 2974 4292; x_wconf 86' lang='lat' dir='ltr'><strong>Christi;</strong></span> <span class='ocrx_word' id='word_1_822' title='bbox 3021 4227 3076 4282; x_wconf 92' lang='lat' dir='ltr'><strong>in</strong></span> <span class='ocrx_word' id='word_1_823' title='bbox 3118 4226 3288 4282; x_wconf 86' lang='lat' dir='ltr'><strong>Adam</strong></span> <span class='ocrx_word' id='word_1_824' title='bbox 3331 4237 3593 4282; x_wconf 85' lang='lat' dir='ltr'><strong>mortuus-</strong></span> 
     </span>
    </p>
   </div>
   <div class='ocr_carea' id='block_1_106' title="bbox 1992 4317 3570 4387">
    <p class='ocr_par' dir='ltr' id='par_1_106' title="bbox 1992 4317 3570 4387">
     <span class='ocr_line' id='line_1_106' title="bbox 1992 4317 3570 4387; baseline -0.001 -13"><span class='ocrx_word' id='word_1_825' title='bbox 1992 4335 2144 4385; x_wconf 90' lang='lat' dir='ltr'><strong>sum;</strong></span> <span class='ocrx_word' id='word_1_826' title='bbox 2177 4318 2244 4373; x_wconf 90' lang='lat' dir='ltr'><strong>da</strong></span> <span class='ocrx_word' id='word_1_827' title='bbox 2269 4319 2398 4373; x_wconf 90' lang='lat' dir='ltr'><strong>mihi</strong></span> <span class='ocrx_word' id='word_1_828' title='bbox 2416 4320 2574 4372; x_wconf 83' lang='lat' dir='ltr'><strong>vitam</strong></span> <span class='ocrx_word' id='word_1_829' title='bbox 2591 4317 2810 4384; x_wconf 80' lang='lat' dir='ltr'><strong>Christi,</strong></span> <span class='ocrx_word' id='word_1_830' title='bbox 2823 4317 2880 4371; x_wconf 86' lang='lat' dir='ltr'><strong>in</strong></span> <span class='ocrx_word' id='word_1_831' title='bbox 2895 4318 3044 4386; x_wconf 84' lang='lat' dir='ltr'><strong>cujus</strong></span> <span class='ocrx_word' id='word_1_832' title='bbox 3060 4327 3328 4387; x_wconf 87' lang='lat' dir='ltr'><strong>conspectu</strong></span> <span class='ocrx_word' id='word_1_833' title='bbox 3353 4319 3570 4372; x_wconf 82' lang='lat' dir='ltr'><strong>mundus</strong></span> 
     </span>
    </p>
   </div>
   <div class='ocr_carea' id='block_1_107' title="bbox 1987 4408 3572 4479">
    <p class='ocr_par' dir='ltr' id='par_1_107' title="bbox 1987 4408 3572 4479">
     <span class='ocr_line' id='line_1_107' title="bbox 1987 4408 3572 4479; baseline -0.001 -16"><span class='ocrx_word' id='word_1_834' title='bbox 1987 4425 2095 4463; x_wconf 82' lang='lat' dir='ltr'><strong>non</strong></span> <span class='ocrx_word' id='word_1_835' title='bbox 2119 4418 2214 4472; x_wconf 84' lang='lat' dir='ltr'><strong>est,</strong></span> <span class='ocrx_word' id='word_1_836' title='bbox 2243 4425 2333 4464; x_wconf 86' lang='lat' dir='ltr'><strong>nec</strong></span> <span class='ocrx_word' id='word_1_837' title='bbox 2359 4408 2531 4479; x_wconf 79' lang='lat' dir='ltr'><strong>infans</strong></span> <span class='ocrx_word' id='word_1_838' title='bbox 2557 4408 2701 4478; x_wconf 86' lang='lat' dir='ltr'><strong>cujus</strong></span> <span class='ocrx_word' id='word_1_839' title='bbox 2727 4417 2802 4462; x_wconf 88' lang='lat' dir='ltr'><strong>est</strong></span> <span class='ocrx_word' id='word_1_840' title='bbox 2844 4408 2994 4462; x_wconf 83' lang='lat' dir='ltr'><strong>unius</strong></span> <span class='ocrx_word' id='word_1_841' title='bbox 3017 4409 3117 4462; x_wconf 85' lang='lat' dir='ltr'><strong>diei</strong></span> <span class='ocrx_word' id='word_1_842' title='bbox 3156 4409 3258 4462; x_wconf 79' lang='lat' dir='ltr'><strong>vita</strong></span> <span class='ocrx_word' id='word_1_843' title='bbox 3288 4425 3442 4477; x_wconf 85' lang='lat' dir='ltr'><strong>super</strong></span> <span class='ocrx_word' id='word_1_844' title='bbox 3469 4417 3572 4462; x_wconf 86' lang='lat' dir='ltr'><strong>ter-</strong></span> 
     </span>
    </p>
   </div>
   <div class='ocr_carea' id='block_1_108' title="bbox 1992 4500 3571 4574">
    <p class='ocr_par' dir='ltr' id='par_1_108' title="bbox 1992 4500 3571 4574">
     <span class='ocr_line' id='line_1_108' title="bbox 1992 4500 3571 4574; baseline 0 -18"><span class='ocrx_word' id='word_1_845' title='bbox 1992 4519 2110 4556; x_wconf 84' lang='lat' dir='ltr'><strong>ram</strong></span> <span class='ocrx_word' id='word_1_846' title='bbox 2128 4500 2247 4572; x_wconf 86' lang='lat' dir='ltr'><strong>(Iob</strong></span> <span class='ocrx_word' id='word_1_847' title='bbox 2306 4517 2430 4568; x_wconf 71' lang='lat' dir='ltr'><strong>xxv,</strong></span> <span class='ocrx_word' id='word_1_848' title='bbox 2449 4501 2500 4568; x_wconf 77' lang='grc' dir='ltr'><strong>ι,</strong></span> <span class='ocrx_word' id='word_1_849' title='bbox 2532 4517 2630 4555; x_wconf 85' lang='lat' dir='ltr'><strong>sec.</strong></span> <span class='ocrx_word' id='word_1_850' title='bbox 2663 4500 2853 4574; x_wconf 83' lang='lat' dir='ltr'><strong>LXX).</strong></span> <span class='ocrx_word' id='word_1_851' title='bbox 2885 4501 3006 4556; x_wconf 89' lang='lat' dir='ltr'><strong>lstis</strong></span> <span class='ocrx_word' id='word_1_852' title='bbox 3038 4505 3259 4573; x_wconf 82' lang='lat' dir='ltr'><strong>gratiam</strong></span> <span class='ocrx_word' id='word_1_853' title='bbox 3291 4518 3396 4557; x_wconf 81' lang='lat' dir='ltr'><strong>non</strong></span> <span class='ocrx_word' id='word_1_854' title='bbox 3415 4518 3571 4573; x_wconf 82' lang='lat' dir='ltr'><strong>nega-</strong></span> 
     </span>
    </p>
   </div>
   <div class='ocr_carea' id='block_1_109' title="bbox 1993 4587 3666 4664">
    <p class='ocr_par' dir='ltr' id='par_1_109' title="bbox 1993 4587 3666 4664">
     <span class='ocr_line' id='line_1_109' title="bbox 1993 4587 3666 4664; baseline 0.002 -16"><span class='ocrx_word' id='word_1_855' title='bbox 1993 4603 2097 4662; x_wconf 88' lang='lat' dir='ltr'><strong>ret,</strong></span> <span class='ocrx_word' id='word_1_856' title='bbox 2137 4607 2238 4650; x_wconf 88' lang='lat' dir='ltr'><strong>nec</strong></span> <span class='ocrx_word' id='word_1_857' title='bbox 2277 4593 2367 4664; x_wconf 91' lang='lat' dir='ltr'><strong>qui</strong></span> <span class='ocrx_word' id='word_1_858' title='bbox 2405 4592 2474 4649; x_wconf 88' lang='lat' dir='ltr'><strong>de</strong></span> <span class='ocrx_word' id='word_1_859' title='bbox 2525 4609 2624 4650; x_wconf 88' lang='lat' dir='ltr'><strong>suo</strong></span> <span class='ocrx_word' id='word_1_860' title='bbox 2662 4594 2836 4650; x_wconf 89' lang='lat' dir='ltr'><strong>daret.</strong></span> <span class='ocrx_word' id='word_1_861' title='bbox 2877 4594 2998 4650; x_wconf 85' lang='lat' dir='ltr'><strong>Fiat</strong></span> <span class='ocrx_word' id='word_1_862' title='bbox 3038 4595 3403 4652; x_wconf 83' lang='lat' dir='ltr'><strong>misericordia</strong></span> <span class='ocrx_word' id='word_1_863' title='bbox 3451 4612 3572 4652; x_wconf 87' lang='lat' dir='ltr'><strong>cum</strong></span> <span class='ocrx_word' id='word_1_864' title='bbox 3657 4587 3666 4596; x_wconf 82' lang='grc'><strong>’</strong></span> 
     </span>
    </p>
   </div>
   <div class='ocr_carea' id='block_1_110' title="bbox 1993 4685 3572 4757">
    <p class='ocr_par' dir='ltr' id='par_1_110' title="bbox 1993 4685 3572 4757">
     <span class='ocr_line' id='line_1_110' title="bbox 1993 4685 3572 4757; baseline 0.002 -16"><span class='ocrx_word' id='word_1_865' title='bbox 1993 4687 2224 4742; x_wconf 81' lang='lat' dir='ltr'><strong>miseris.</strong></span> <span class='ocrx_word' id='word_1_866' title='bbox 2247 4685 2452 4757; x_wconf 37' lang='lat' dir='ltr'><strong>&#39;thuid</strong></span> <span class='ocrx_word' id='word_1_867' title='bbox 2488 4702 2673 4742; x_wconf 90' lang='lat' dir='ltr'><strong>eorum</strong></span> <span class='ocrx_word' id='word_1_868' title='bbox 2702 4687 3002 4742; x_wconf 88' lang='lat' dir='ltr'><strong>innocentia</strong></span> <span class='ocrx_word' id='word_1_869' title='bbox 3027 4687 3167 4743; x_wconf 85' lang='lat' dir='ltr'><strong>ultra</strong></span> <span class='ocrx_word' id='word_1_870' title='bbox 3207 4689 3424 4745; x_wconf 89' lang='lat' dir='ltr'><strong>modum</strong></span> <span class='ocrx_word' id='word_1_871' title='bbox 3455 4689 3572 4744; x_wconf 80' lang='lat' dir='ltr'><strong>lau-</strong></span> 
     </span>
    </p>
   </div>
   <div class='ocr_carea' id='block_1_111' title="bbox 1993 4776 3571 4842">
    <p class='ocr_par' dir='ltr' id='par_1_111' title="bbox 1993 4776 3571 4842">
     <span class='ocr_line' id='line_1_111' title="bbox 1993 4776 3571 4842; baseline 0 -9"><span class='ocrx_word' id='word_1_872' title='bbox 1993 4776 2186 4833; x_wconf 82' lang='lat' dir='ltr'><strong>datur?</strong></span> <span class='ocrx_word' id='word_1_873' title='bbox 2211 4776 2486 4832; x_wconf 87' lang='lat' dir='ltr'><strong>Inveniant</strong></span> <span class='ocrx_word' id='word_1_874' title='bbox 2513 4777 2851 4842; x_wconf 84' lang='lat' dir='ltr'><strong>salvatorem,</strong></span> <span class='ocrx_word' id='word_1_875' title='bbox 2880 4776 3118 4830; x_wconf 89' lang='lat' dir='ltr'><strong>nondum</strong></span> <span class='ocrx_word' id='word_1_876' title='bbox 3164 4779 3398 4832; x_wconf 87' lang='lat' dir='ltr'><strong>sentiant</strong></span> <span class='ocrx_word' id='word_1_877' title='bbox 3437 4778 3571 4833; x_wconf 84' lang='lat' dir='ltr'><strong>adu—</strong></span> 
     </span>
    </p>
   </div>
   <div class='ocr_carea' id='block_1_112' title="bbox 1994 4867 3574 4938">
    <p class='ocr_par' dir='ltr' id='par_1_112' title="bbox 1994 4867 3574 4938">
     <span class='ocr_line' id='line_1_112' title="bbox 1994 4867 3574 4938; baseline 0 -14"><span class='ocrx_word' id='word_1_878' title='bbox 1994 4871 2240 4925; x_wconf 78' lang='lat' dir='ltr'><strong>laterem.</strong></span> <span class='ocrx_word' id='word_1_879' title='bbox 2272 4870 2378 4924; x_wconf 83' lang='lat' dir='ltr'><strong>Nos</strong></span> <span class='ocrx_word' id='word_1_880' title='bbox 2426 4869 2581 4936; x_wconf 83' lang='lat' dir='ltr'><strong>plane</strong></span> <span class='ocrx_word' id='word_1_881' title='bbox 2621 4869 2673 4921; x_wconf 91' lang='lat' dir='ltr'><strong>in</strong></span> <span class='ocrx_word' id='word_1_882' title='bbox 2692 4875 2852 4922; x_wconf 89' lang='lat' dir='ltr'><strong>.tanto</strong></span> <span class='ocrx_word' id='word_1_883' title='bbox 2891 4867 3168 4924; x_wconf 77' lang='lat' dir='ltr'><strong>infantium</strong></span> <span class='ocrx_word' id='word_1_884' title='bbox 3211 4870 3452 4938; x_wconf 85' lang='lat' dir='ltr'><strong>periculo</strong></span> <span class='ocrx_word' id='word_1_885' title='bbox 3479 4886 3574 4925; x_wconf 84' lang='lat' dir='ltr'><strong>nec</strong></span> 
     </span>
    </p>
   </div>
   <div class='ocr_carea' id='block_1_113' title="bbox 1997 4959 3572 5032">
    <p class='ocr_par' dir='ltr' id='par_1_113' title="bbox 1997 4959 3572 5032">
     <span class='ocr_line' id='line_1_113' title="bbox 1997 4959 3572 5032; baseline -0.001 -16"><span class='ocrx_word' id='word_1_886' title='bbox 1997 4961 2267 5032; x_wconf 89' lang='lat' dir='ltr'><strong>disputare</strong></span> <span class='ocrx_word' id='word_1_887' title='bbox 2310 4959 2592 5025; x_wconf 86' lang='lat' dir='ltr'><strong>debemus,</strong></span> <span class='ocrx_word' id='word_1_888' title='bbox 2623 4973 2701 5014; x_wconf 77' lang='lat' dir='ltr'><strong>.ne</strong></span> <span class='ocrx_word' id='word_1_889' title='bbox 2735 4973 2930 5012; x_wconf 81' lang='lat' dir='ltr'><strong>eorum</strong></span> <span class='ocrx_word' id='word_1_890' title='bbox 2969 4961 3209 5014; x_wconf 63' lang='lat' dir='ltr'><strong>«salutem</strong></span> <span class='ocrx_word' id='word_1_891' title='bbox 3258 4961 3342 5016; x_wconf 77' lang='lat' dir='ltr'><strong>vel</strong></span> <span class='ocrx_word' id='word_1_892' title='bbox 3388 4960 3572 5031; x_wconf 78' lang='lat' dir='ltr'><strong>dispu—</strong></span> 
     </span>
    </p>
   </div>
   <div class='ocr_carea' id='block_1_114' title="bbox 1998 5050 3574 5120">
    <p class='ocr_par' dir='ltr' id='par_1_114' title="bbox 1998 5050 3574 5120">
     <span class='ocr_line' id='line_1_114' title="bbox 1998 5050 3574 5120; baseline 0.001 -12"><span class='ocrx_word' id='word_1_893' title='bbox 1998 5053 2161 5108; x_wconf 84' lang='lat' dir='ltr'><strong>tando</strong></span> <span class='ocrx_word' id='word_1_894' title='bbox 2186 5052 2399 5108; x_wconf 79' lang='lat' dir='ltr'><strong>differre</strong></span> <span class='ocrx_word' id='word_1_895' title='bbox 2427 5051 2722 5106; x_wconf 85' lang='lat' dir='ltr'><strong>videamur.</strong></span> <span class='ocrx_word' id='word_1_896' title='bbox 2764 5050 3050 5114; x_wconf 79' lang='lat' dir='ltr'><strong>All&#39;eratur,</strong></span> <span class='ocrx_word' id='word_1_897' title='bbox 3077 5051 3351 5120; x_wconf 80' lang='lat' dir='ltr'><strong>abluatur,</strong></span> <span class='ocrx_word' id='word_1_898' title='bbox 3385 5053 3574 5110; x_wconf 87' lang='lat' dir='ltr'><strong>libere-</strong></span> 
     </span>
    </p>
   </div>
   <div class='ocr_carea' id='block_1_115' title="bbox 1999 5141 3592 5210">
    <p class='ocr_par' dir='ltr' id='par_1_115' title="bbox 1999 5141 3592 5210">
     <span class='ocr_line' id='line_1_115' title="bbox 1999 5141 3592 5210; baseline -0.004 -12"><span class='ocrx_word' id='word_1_899' title='bbox 1999 5155 2104 5209; x_wconf 90' lang='lat' dir='ltr'><strong>tur,</strong></span> <span class='ocrx_word' id='word_1_900' title='bbox 2134 5143 2456 5198; x_wconf 83' lang='lat' dir='ltr'><strong>vivificetur.</strong></span> <span class='ocrx_word' id='word_1_901' title='bbox 2501 5141 2721 5196; x_wconf 79' lang='lat' dir='ltr'><strong>Sicut-iu</strong></span> <span class='ocrx_word' id='word_1_902' title='bbox 2759 5141 2924 5195; x_wconf 77' lang='lat' dir='ltr'><strong>Adam</strong></span> <span class='ocrx_word' id='word_1_903' title='bbox 2951 5158 3124 5198; x_wconf 75' lang='lat' dir='ltr'><strong>mnes</strong></span> <span class='ocrx_word' id='word_1_904' title='bbox 3167 5145 3476 5210; x_wconf 61' lang='lat' dir='ltr'><strong>moriuntur,</strong></span> <span class='ocrx_word' id='word_1_905' title='bbox 3503 5145 3592 5198; x_wconf 77' lang='lat' dir='ltr'><strong>sic.</strong></span> 
     </span>
    </p>
   </div>
   <div class='ocr_carea' id='block_1_116' title="bbox 1999 5232 3582 5307">
    <p class='ocr_par' dir='ltr' id='par_1_116' title="bbox 1999 5232 3582 5307">
     <span class='ocr_line' id='line_1_116' title="bbox 1999 5232 3582 5307; baseline 0.001 -18"><span class='ocrx_word' id='word_1_906' title='bbox 1999 5244 2044 5289; x_wconf 90' lang='lat' dir='ltr'><strong>et</strong></span> <span class='ocrx_word' id='word_1_907' title='bbox 2086 5235 2138 5288; x_wconf 90' lang='lat' dir='ltr'><strong>in</strong></span> <span class='ocrx_word' id='word_1_908' title='bbox 2179 5232 2378 5289; x_wconf 81' lang='lat' dir='ltr'><strong>Christo</strong></span> <span class='ocrx_word' id='word_1_909' title='bbox 2420 5249 2596 5286; x_wconf 86' lang='lat' dir='ltr'><strong>omnes</strong></span> <span class='ocrx_word' id='word_1_910' title='bbox 2638 5232 3040 5303; x_wconf 78' lang='lat' dir='ltr'><strong>rivi/icabuntur.</strong></span> <span class='ocrx_word' id='word_1_911' title='bbox 3083 5233 3202 5307; x_wconf 77' lang='lat' dir='ltr'><strong>Non</strong></span> <span class='ocrx_word' id='word_1_912' title='bbox 3245 5235 3447 5290; x_wconf 78' lang='lat' dir='ltr'><strong>invenit</strong></span> <span class='ocrx_word' id='word_1_913' title='bbox 3475 5251 3582 5307; x_wconf 82' lang='lat' dir='ltr'><strong>qua</strong></span> 
     </span>
    </p>
   </div>
   <div class='ocr_carea' id='block_1_117' title="bbox 2000 5327 3606 5398">
    <p class='ocr_par' dir='ltr' id='par_1_117' title="bbox 2000 5327 3606 5398">
     <span class='ocr_line' id='line_1_117' title="bbox 2000 5327 3606 5398; baseline -0.001 -20"><span class='ocrx_word' id='word_1_914' title='bbox 2000 5329 2205 5383; x_wconf 82' lang='lat' dir='ltr'><strong>veniret</strong></span> <span class='ocrx_word' id='word_1_915' title='bbox 2232 5328 2283 5381; x_wconf 91' lang='lat' dir='ltr'><strong>in</strong></span> <span class='ocrx_word' id='word_1_916' title='bbox 2329 5327 2486 5396; x_wconf 85' lang='lat' dir='ltr'><strong>hujus</strong></span> <span class='ocrx_word' id='word_1_917' title='bbox 2508 5327 2692 5380; x_wconf 64' lang='lat' dir='ltr'><strong>surculi</strong></span> <span class='ocrx_word' id='word_1_918' title='bbox 2736 5328 2918 5390; x_wconf 84' lang='lat' dir='ltr'><strong>vitam,</strong></span> <span class='ocrx_word' id='word_1_919' title='bbox 2946 5327 3047 5383; x_wconf 88' lang='lat' dir='ltr'><strong>nisi</strong></span> <span class='ocrx_word' id='word_1_920' title='bbox 3080 5342 3176 5398; x_wconf 83' lang='lat' dir='ltr'><strong>per</strong></span> <span class='ocrx_word' id='word_1_921' title='bbox 3213 5328 3430 5383; x_wconf 81' lang='lat' dir='ltr'><strong>Adam:</strong></span> <span class='ocrx_word' id='word_1_922' title='bbox 3465 5344 3606 5382; x_wconf 67' lang='lat' dir='ltr'><strong>non.</strong></span> 
     </span>
    </p>
   </div>
   <div class='ocr_carea' id='block_1_118' title="bbox 2001 5416 3593 5490">
    <p class='ocr_par' dir='ltr' id='par_1_118' title="bbox 2001 5416 3593 5490">
     <span class='ocr_line' id='line_1_118' title="bbox 2001 5416 3593 5490; baseline -0.002 -18"><span class='ocrx_word' id='word_1_923' title='bbox 2001 5419 2235 5473; x_wconf 88' lang='lat' dir='ltr'><strong>inveniet</strong></span> <span class='ocrx_word' id='word_1_924' title='bbox 2262 5432 2362 5488; x_wconf 89' lang='lat' dir='ltr'><strong>qua</strong></span> <span class='ocrx_word' id='word_1_925' title='bbox 2407 5416 2597 5472; x_wconf 87' lang='lat' dir='ltr'><strong>evadat</strong></span> <span class='ocrx_word' id='word_1_926' title='bbox 2636 5416 2798 5472; x_wconf 91' lang='lat' dir='ltr'><strong>futuri</strong></span> <span class='ocrx_word' id='word_1_927' title='bbox 2832 5417 3026 5478; x_wconf 70' lang='lat' dir='ltr'><strong>,smculi</strong></span> <span class='ocrx_word' id='word_1_928' title='bbox 3060 5431 3320 5490; x_wconf 57' lang='lat' dir='ltr'><strong>poenam,</strong></span> <span class='ocrx_word' id='word_1_929' title='bbox 3346 5418 3445 5482; x_wconf 83' lang='lat' dir='ltr'><strong>nisi</strong></span> <span class='ocrx_word' id='word_1_930' title='bbox 3485 5435 3593 5484; x_wconf 65' lang='lat' dir='ltr'><strong>pen</strong></span> 
     </span>
    </p>
   </div>
   <div class='ocr_carea' id='block_1_119' title="bbox 2001 5497 3600 5579">
    <p class='ocr_par' dir='ltr' id='par_1_119' title="bbox 2001 5497 3600 5579">
     <span class='ocr_line' id='line_1_119' title="bbox 2001 5497 3600 5579; baseline -0.001 -14"><span class='ocrx_word' id='word_1_931' title='bbox 2001 5510 2291 5565; x_wconf 89' lang='lat' dir='ltr'><strong>Christum.</strong></span> <span class='ocrx_word' id='word_1_932' title='bbox 2333 5509 2470 5576; x_wconf 89' lang='lat' dir='ltr'><strong>Quid</strong></span> <span class='ocrx_word' id='word_1_933' title='bbox 2496 5509 2696 5564; x_wconf 87' lang='lat' dir='ltr'><strong>claudis</strong></span> <span class='ocrx_word' id='word_1_934' title='bbox 2727 5509 2934 5564; x_wconf 87' lang='lat' dir='ltr'><strong>unicam</strong></span> <span class='ocrx_word' id='word_1_935' title='bbox 2965 5510 3223 5579; x_wconf 77' lang='lat' dir='ltr'><strong>ianuam?</strong></span> <span class='ocrx_word' id='word_1_936' title='bbox 3261 5497 3411 5565; x_wconf 76' lang='lat' dir='ltr'><strong>.Uuus</strong></span> <span class='ocrx_word' id='word_1_937' title='bbox 3447 5513 3600 5564; x_wconf 70' lang='lat' dir='ltr'><strong>ruitur</strong></span> 
     </span>
    </p>
   </div>
   <div class='ocr_carea' id='block_1_120' title="bbox 2067 5644 2772 5704">
    <p class='ocr_par' dir='ltr' id='par_1_120' title="bbox 2067 5644 2772 5704">
     <span class='ocr_line' id='line_1_120' title="bbox 2067 5644 2772 5704; baseline -0.003 -11"><span class='ocrx_word' id='word_1_938' title='bbox 2067 5645 2138 5704; x_wconf 82' lang='lat' dir='ltr'><strong>(a)</strong></span> <span class='ocrx_word' id='word_1_939' title='bbox 2171 5645 2286 5695; x_wconf 77' lang='lat' dir='ltr'><strong>\‘ide</strong></span> <span class='ocrx_word' id='word_1_940' title='bbox 2318 5658 2464 5695; x_wconf 82' lang='lat' dir='ltr'><strong>serm.</strong></span> <span class='ocrx_word' id='word_1_941' title='bbox 2506 5644 2609 5700; x_wconf 84' lang='grc'><strong>176,</strong></span> <span class='ocrx_word' id='word_1_942' title='bbox 2647 5658 2697 5693; x_wconf 89' lang='lat' dir='ltr'><strong>n.</strong></span> <span class='ocrx_word' id='word_1_943' title='bbox 2728 5644 2772 5693; x_wconf 65' lang='grc' dir='ltr'><strong>ἓ.</strong></span> 
     </span>
    </p>
   </div>
   <div class='ocr_carea' id='block_1_121' title="bbox 2065 5695 2831 5764">
    <p class='ocr_par' dir='ltr' id='par_1_121' title="bbox 2065 5695 2831 5764">
     <span class='ocr_line' id='line_1_121' title="bbox 2065 5695 2831 5764; baseline -0.004 -7"><span class='ocrx_word' id='word_1_944' title='bbox 2065 5695 2140 5762; x_wconf 65' lang='grc' dir='ltr'><strong>(ὁ)</strong></span> <span class='ocrx_word' id='word_1_945' title='bbox 2172 5706 2287 5755; x_wconf 71' lang='grc' dir='ltr'><strong>νων</strong></span> <span class='ocrx_word' id='word_1_946' title='bbox 2319 5719 2468 5756; x_wconf 84' lang='lat' dir='ltr'><strong>scrm.</strong></span> <span class='ocrx_word' id='word_1_947' title='bbox 2509 5695 2612 5764; x_wconf 66' lang='lat'><strong>174,</strong></span> <span class='ocrx_word' id='word_1_948' title='bbox 2649 5719 2700 5754; x_wconf 90' lang='lat' dir='ltr'><strong>n.</strong></span> <span class='ocrx_word' id='word_1_949' title='bbox 2732 5706 2831 5754; x_wconf 53' lang='lat'><strong>7.9.</strong></span> 
     </span>
    </p>
   </div>
  </div>
