3974 6170
254 409 385 463 1557

251 520 438 574 salutis
478 529 532 575 et
566 520 687 574 vita!
730 530 941 574 :ctcrnm
986 517 1334 587 perripirmbe
1364 530 1554 579 causa,
1590 515 1680 567 sul
1714 523 1829 566 tan-

253 609 529 665 tummodo
574 610 719 680 regni
766 611 1019 665 oculorum
1062 620 1114 663 et
1158 608 1302 677 regni
1335 607 1459 670 Dei;
1493 603 1835 674 baptizandus

254 701 466 769 quidem
496 699 745 766 fatentur,
776 700 869 754 sed
897 714 999 753 non
1022 707 1235 768 propter
1254 699 1414 752 vitam
1441 708 1715 758 aeternam,
1739 694 1834 747 sed

254 802 471 862 propter
500 809 719 862 regnum
758 793 1034 849 caelorum.
1064 791 1199 858 Quid
1227 790 1295 844 de
1324 789 1426 843 vita
1454 789 1688 842 (eterna?
1726 786 1833 840 lla-

255 883 473 948 bebnnt,
503 884 765 954 inquiunt.
795 882 969 951 Quare
997 881 1295 936 habebunt?
1318 881 1447 948 Quia
1476 881 1674 934 nullum
1701 894 1829 948 pec-

255 986 429 1043 eatum
458 975 671 1043 habent,
703 984 757 1030 et
781 975 847 1029 ad
873 974 1269 1028 damnationem
1296 973 1559 1042 pertinere
1585 986 1687 1025 non
1715 986 1835 1040 pos-

256 1042 398 1119 sant.
432 1067 569 1135 Ergo
597 1076 682 1121 est
704 1067 812 1121 vita
843 1076 1041 1121 :cterna
1070 1075 1218 1120 extra
1245 1080 1464 1132 regnum
1491 1062 1782 1117 caelorum?

329 1157 554 1213 CAPUT
586 1157 669 1212 Ill.
702 1188 773 1199 --
814 1159 867 1213 '5.
919 1155 1086 1210 Vitam
1130 1164 1365 1210 internum
1399 1171 1499 1207 non
1521 1170 1628 1206 esse
1656 1161 1836 1224 praâ€™ter

256 1262 464 1314 regnum
485 1248 740 1301 caelorum.
768 1247 910 1301 Inter
936 1248 1166 1300 dextram
1192 1245 1259 1297 ad
1296 1260 1506 1314 regnum
1546 1242 1640 1295 Dei
1678 1242 1837 1311 perti-

257 1339 479 1390 nentium
502 1381 517 1403 ,
552 1348 598 1391 ct
625 1340 879 1392 sinistram
922 1338 1273 1390 damnatorum
1308 1335 1479 1387 nullus
1518 1333 1713 1386 medius
1758 1331 1837 1385 lo-

253 1444 363 1481 cus.
400 1428 607 1481 Primus
634 1429 718 1482 hic
745 1442 897 1482 error
921 1424 1244 1479 aversandus
1278 1424 1345 1476 ab
1369 1423 1610 1487 auribus,
1646 1422 1839 1475 exstir-

259 1519 465 1583 pandns
494 1517 843 1572 amentibus.
891 1516 1003 1570 lloc
1046 1530 1238 1568 novum
1278 1515 1330 1567 in
1379 1514 1643 1577 Ecclesia,
1691 1511 1837 1580 prius

257 1608 548 1660 inauditum
579 1617 655 1660 est
678 1648 693 1672 ,
740 1621 859 1660 esse
904 1608 1063 1660 vitam
1110 1613 1362 1659 :cternam
1395 1613 1588 1671 prancr
1616 1617 1836 1671 regnum

255 1700 511 1752 Helorum
533 1740 546 1761 ,
577 1714 695 1752 esse
723 1698 946 1752 salutem
969 1705 1221 1751 mternam
1250 1704 1443 1764 praeter
1470 1709 1689 1762 regnum
1720 1692 1833 1746 Dei.

260 1787 435 1840 l'rimo
462 1788 604 1852 vide,
625 1787 807 1853 frater,
839 1802 905 1841 ne
936 1787 1069 1841 forte
1099 1787 1222 1841 hinc
1245 1786 1545 1841 consentire
1568 1785 1719 1838 nobis
1745 1784 1838 1838 de-

256 1878 411 1943 beas,
440 1878 684 1947 quisquis
708 1879 774 1931 ad
797 1893 1018 1946 regnum
1052 1878 1145 1931 Dei
1172 1892 1275 1931 non
1318 1877 1578 1946 pertinctl,
1608 1891 1729 1930 eum
1769 1875 1835 1928 ad

253 1968 648 2023 damnationem
677 1969 793 2023 sine
832 1968 993 2023 dubio
1033 1968 1316 2037 pertinere.
1351 1966 1613 2020 Venturos
1660 1964 1838 2018 Domi-

255 2073 353 2111 nus
374 2096 393 2123 ,
422 2067 475 2113 et
496 2058 825 2126 judicaturus
848 2060 916 2114 de
942 2060 1073 2112 vivis
1115 2063 1168 2113 et
1194 2058 1444 2121 mortuis,
1486 2058 1622 2111 sicut
1663 2056 1836 2109 Evan-

253 2149 450 2217 gelinm
488 2149 739 2219 loquitur,
789 2152 922 2206 duas
961 2160 1135 2220 partes
1163 2150 1396 2205 facturus
1433 2162 1552 2215 est,
1593 2151 1833 2205 dextram

259 2247 313 2290 et
337 2239 627 2293 sinistram.
657 2241 898 2294 Sinistris
927 2242 1181 2301 dicturus,
1212 2241 1290 2294 Ite
1307 2242 1357 2293 in
1386 2242 1549 2310 ignem
1568 2251 1831 2305 internum,

255 2329 344 2395 qui
387 2339 593 2397 paratus
635 2339 707 2385 est
736 2330 935 2383 diabolo
964 2340 1010 2383 et
1038 2331 1230 2400 angelis
1258 2332 1366 2399 ejus
1396 2346 1414 2383 :
1441 2331 1641 2385 dextris
1666 2331 1837 2384 dictu-

255 2434 381 2484 rus,
436 2419 629 2487 Venite,
674 2421 915 2475 benedicti
962 2421 1135 2475 Patris
1161 2424 1290 2488 mei,
1343 2425 1581 2492 percipite
1628 2441 1835 2493 regnum

252 2510 388 2577 quod
408 2512 542 2565 vobis
573 2522 806 2580 paratum
834 2514 987 2567 est'ab
1027 2515 1219 2582 origine
1254 2515 1444 2570 nnmdi.
1486 2516 1589 2568 llac
1615 2532 1832 2585 regnum

251 2599 509 2664 nominat,
544 2602 641 2654 hac
668 2618 787 2655 cum
816 2602 1026 2657 diabolo
1053 2602 1465 2657 damnationem.
1495 2603 1680 2657 Nullus
1709 2605 1835 2657 reli-

252 2698 369 2743 ctus
396 2699 478 2743 est
503 2692 707 2746 medius
736 2692 914 2757 locus,
954 2693 1039 2746 ubi
1068 2707 1265 2762 ponere
1290 2709 1454 2762 queas
1483 2695 1725 2748 infantes.
1763 2696 1834 2748 De

254 2778 391 2832 vivis
410 2789 459 2832 et
485 2780 703 2833 mortuis
725 2780 1047 2849 judicabitur
1094 2800 1107 2835 :
1149 2782 1234 2834 alii
1272 2790 1428 2835 erunt
1453 2782 1516 2835 ad
1557 2782 1830 2848 dextram,

257 2869 345 2921 alii
376 2870 439 2923 ad
467 2871 733 2924 sinistram
766 2889 777 2923 :
808 2886 912 2925 non
962 2872 1085 2926 novi
1128 2872 1288 2925 aliud.
1336 2872 1433 2937 Qui
1474 2873 1679 2926 inducis
1723 2890 1832 2927 me-

253 2958 397 3010 dium
423 2999 435 3016 .
460 2959 648 3014 recede
674 2960 741 3014 de
770 2961 980 3014 medio:
1012 2975 1114 3013 non
1143 2969 1194 3013 te
1220 2960 1451 3015 offendat
1476 2962 1561 3030 qui
1590 2962 1830 3016 dextram

252 3049 461 3113 quaerit.
492 3047 558 3102 Et
584 3059 632 3103 te
658 3050 828 3119 ipsum
851 3050 1112 3106 admoneo
1140 3069 1153 3105 :
1183 3051 1374 3106 recede
1398 3052 1465 3107 de
1492 3053 1669 3106 medio
1691 3095 1705 3117 ,
1737 3053 1832 3108 sed

256 3136 362 3190 noli
411 3139 462 3191 in
503 3140 793 3194 sinistram.
827 3139 882 3194 Si
908 3155 1034 3209 ergo
1061 3141 1246 3194 dextra
1276 3142 1378 3194 erit
1404 3150 1456 3194 et
1482 3141 1695 3195 sinistra
1719 3184 1733 3205 ,
1777 3153 1833 3196 et

253 3228 452 3280 nullum
484 3229 715 3281 medium
745 3229 919 3282 locum
949 3231 1000 3282 in
1045 3229 1332 3299 Evangelio
1363 3232 1605 3285 novimus
1648 3248 1662 3285 :
1708 3248 1833 3288 ecce

250 3316 305 3368 in
335 3316 517 3369 dextra
548 3331 769 3385 regnum
795 3318 1050 3372 caelorum
1076 3329 1189 3383 est,
1219 3319 1498 3390 Percipite,
1530 3320 1694 3392 induit
1715 3364 1729 3387 ,
1760 3341 1833 3377 re-

248 3423 423 3476 gnum.
447 3407 545 3473 Qui
576 3408 646 3461 ibi
675 3423 778 3462 non
805 3418 923 3476 est,
956 3410 1008 3464 in
1034 3411 1246 3465 sinistra
1271 3422 1371 3467 est.
1396 3413 1530 3482 Quid
1558 3416 1659 3469 erit
1687 3416 1737 3469 in
1761 3415 1833 3470 si-

248 3500 411 3551 nistra
429 3499 454 3551 ?
479 3497 558 3551 Ite
585 3500 634 3552 in
672 3501 837 3571 ignem
873 3512 1131 3557 (eternum.
1165 3504 1218 3558 ln
1258 3504 1447 3559 dextra
1476 3507 1539 3560 ad
1567 3524 1785 3576 regnum
1812 3549 1826 3573 ,

247 3588 432 3657 utique
456 3598 747 3653 mteruum;
784 3592 836 3644 in
864 3592 1077 3648 sinistra
1118 3594 1169 3647 in
1203 3596 1374 3664 ignem
1420 3604 1698 3651 aeternum.
1730 3598 1831 3665 Qui

248 3691 356 3731 non
382 3678 435 3731 in
461 3678 674 3743 dextra,
706 3682 887 3749 procul
914 3682 1075 3737 dubio
1100 3684 1155 3737 in
1182 3686 1392 3738 sinistra
1423 3703 1437 3738 :
1467 3702 1594 3755 ergo
1619 3687 1704 3753 qui
1726 3703 1828 3741 non

251 3767 304 3820 in
340 3782 508 3837 regno
526 3808 541 3832 ,
571 3772 753 3838 procul
782 3771 942 3825 dubio
971 3773 1023 3825 in
1053 3773 1170 3841 igne
1199 3781 1420 3827 aeterno.
1449 3771 1604 3830 Certe
1634 3775 1831 3830 habere

252 3865 424 3926 potest
449 3860 465 3889 â¸
495 3860 656 3913 vitam
680 3871 932 3915 mternam
952 3905 967 3929 ,
999 3864 1088 3932 qui
1113 3879 1219 3918 non
1244 3864 1572 3933 baptizatur?
1590 3867 1705 3922 Non
1728 3870 1831 3925 erit

252 3948 305 4000 in
336 3948 535 4013 dextra,
568 3950 621 4004 id
647 3960 763 4016 est,
797 3967 899 4006 non
931 3954 1033 4007 erit
1057 3954 1109 4007 in
1139 3970 1322 4023 regno.
1352 3956 1521 4011 Vitam
1571 3967 1827 4015 mternam

246 4048 522 4108 computas
550 4041 721 4111 ignem
753 4043 1168 4113 sempiternum?
1186 4044 1256 4099 Et
1278 4045 1345 4100 de
1372 4046 1481 4115 ipsa
1506 4048 1608 4102 vita
1631 4058 1827 4105 aeterna

244 4130 367 4183 audi
397 4134 728 4200 expressius,
760 4136 880 4205 quia
911 4136 1042 4191 nihil
1089 4137 1230 4192 aliud
1272 4148 1355 4194 est
1406 4156 1625 4210 regnum
1669 4160 1825 4213 quam

245 4221 352 4273 vita
383 4231 601 4276 :ctcrna.
653 4225 808 4280 Prius
836 4240 1058 4296 regnum
1100 4230 1419 4295 nominavit,
1466 4232 1559 4287 sed
1604 4234 1655 4287 in
1698 4234 1826 4289 dexâ€”

245 4314 369 4378 tris;
399 4314 573 4384 ignem
605 4325 862 4371 mternum
890 4319 941 4371 in
969 4319 1214 4373 sinistris.
1245 4321 1489 4376 Extrema
1517 4333 1692 4379 autem
1712 4341 1827 4379 seu-

244 4408 405 4459 tentia
426 4448 440 4470 ,
475 4417 532 4461 ut
570 4409 786 4463 doceret
828 4409 952 4479 quid
981 4412 1047 4464 sit
1072 4426 1288 4481 regnum
1311 4453 1326 4477 ,
1360 4421 1414 4467 et
1443 4415 1565 4483 quid
1594 4416 1663 4470 sit
1690 4416 1825 4486 ignis

243 4506 506 4565 aeternus,
543 4499 700 4566 Tunc,
746 4503 952 4570 inquit,
995 4504 1199 4557 abibunt
1244 4506 1329 4558 isti
1368 4507 1420 4561 in
1461 4508 1822 4565 ambustionem

238 4599 521 4652 (sternam;
548 4591 678 4659 justi
700 4602 869 4644 autem
892 4594 944 4645 in
988 4594 1139 4647 vitam
1173 4599 1410 4651 aeternam
1451 4598 1659 4669 (Matth.
1696 4618 1817 4668 xxv,

238 4680 593 4745 55.54.41,
624 4681 737 4753 46).

311 4770 538 4827 CAPUT
566 4771 653 4825 IV.
681 4802 753 4813 -â€”
780 4772 917 4828 Ecce
942 4777 1185 4845 exposuit
1217 4778 1308 4833 tibi
1330 4779 1457 4849 quid
1485 4783 1555 4836 sit
1575 4799 1816 4855 regnum,

236 4870 293 4913 et
321 4861 446 4929 quid
472 4862 542 4915 sit
566 4862 700 4931 ignis
724 4872 990 4928 aeternus;
1023 4874 1078 4919 ut
1101 4867 1314 4935 quando
1336 4870 1607 4928 confiteris
1632 4889 1823 4944 parvu-
1874 4939 1878 4942 ,

237 4951 348 5004 lum
376 4966 480 5005 nou
508 4951 740 5007 futurum
769 4954 820 5008 in
859 4969 1058 5026 regno,
1084 4956 1297 5014 fatearis
1326 4959 1559 5017 futurum
1608 4964 1661 5019 in
1701 4966 1820 5036 igne

237 5050 462 5097 aeterno.
489 5042 730 5114 Regnum
755 5046 894 5101 enim
922 5049 1178 5104 oratorum
1205 5060 1288 5106 est
1310 5052 1417 5107 vita
1442 5063 1661 5111 aeterna.

311 5131 369 5186 4.
393 5131 690 5189 Î•ÎµÏƒÎ¹Î±Îµá½¶Î¿Î·á½¶
712 5151 745 5188 a
769 5152 923 5207 regno
966 5135 1062 5192 Dei
1079 5180 1094 5206 ,
1137 5142 1459 5212 conjunctam
1482 5161 1589 5200 esse
1621 5163 1819 5217 penam

240 5221 378 5292 ignis
397 5225 593 5278 aeterni.
618 5224 727 5280 Nec
746 5227 888 5281 aliud
928 5230 1087 5284 etiam
1129 5233 1402 5302 apostolus
1440 5235 1666 5303 Paulus,
1696 5254 1816 5294 cum

239 5320 469 5369 terreret
490 5313 763 5380 homines,
791 5333 896 5372 non
926 5321 1191 5389 parvulos,
1226 5340 1332 5379 non
1361 5326 1655 5396 baptizatos
1676 5373 1690 5396 ,
1723 5332 1814 5387 sed

232 5401 492 5457 scelestos
511 5443 526 5467 ,
564 5403 895 5462 facinorosos
918 5449 933 5475 ,
961 5411 1381 5476 contaminatos,
1412 5417 1677 5484 perditos;
1711 5436 1816 5476 non

238 5506 332 5545 eos
359 5495 548 5548 terruit
588 5496 729 5565 quod
756 5507 914 5553 erunt
952 5500 1004 5553 in
1045 5501 1165 5570 igne
1189 5505 1513 5573 sempiterno
1531 5550 1546 5576 ,
1571 5524 1678 5579 quo
1702 5512 1817 5568 sine

230 5580 397 5636 dubio
418 5583 600 5649 ibunt,
624 5586 669 5641 si
696 5602 801 5641 non
828 5591 1163 5660 corrigantur
1191 5611 1204 5646 :
1246 5595 1340 5650 sed
1368 5605 1565 5654 tantum
1591 5604 1774 5659 terruit
1798 5646 1811 5669 ,

232 5673 355 5741 quia
388 5675 439 5729 in
471 5691 636 5747 regno
665 5693 769 5732 non
799 5690 989 5746 erunt;
1025 5692 1082 5737 ut
1104 5697 1225 5739 cum
1254 5687 1481 5746 viderint
1507 5709 1565 5748 sc
1596 5695 1816 5763 perdere

286 5797 298 5818 '
327 5788 578 5848 ttditimon
600 5794 767 5853 potest.
796 5791 956 5856 Abest,
991 5807 1103 5856 non,
1128 5808 1153 5844 a
1178 5802 1283 5847 Mss.

1641 399 1871 454 Silliiiâ€™d
1908 398 2176 455 CCCXW.

3382 419 3403 471 i
3416 421 3518 476 538

1942 527 2090 581 Spem
2115 517 2276 584 regni,
2305 532 2407 570 non
2433 518 2671 575 viderent
2698 536 2816 578 esse
2839 533 3248 595 consequentem
3279 529 3379 585 nisi
3407 549 3519 601 ÏÏ‰-

1942 620 2061 658 nam
2092 605 2228 674 ignis
2253 611 2456 662 :eterni.
2490 630 2508 662 â€¹
2553 611 2758 681 Nolite,
2802 634 2819 667 Î¹
2856 616 3057 685 inquit,
3100 638 3118 670 â€¹
3152 634 3332 676 errare
3363 639 3377 675 :
3408 626 3516 678 'ne-

1941 708 2046 763 que
2101 695 2481 763 fornicatores,
2530 714 2700 771 neque
2750 703 2902 759 idolis
2958 707 3284 775 servientes,
3348 727 3519 782 neque

1942 783 2209 852 adulteri,
2256 804 2426 859 neque
2456 791 2677 855 molles,
2712 809 2885 864 neque
2929 799 3281 854 masculorum
3324 817 3519 858 concu-

1942 872 2166 942 bitores,
2209 893 2381 948 neque
2408 880 2587 949 fures,
2633 899 2805 955 neque
2851 889 3028 955 avari,
3075 906 3246 961 neque
3286 892 3514 965 ebriosi,

1943 982 2116 1037 neque
2142 972 2421 1038 maledici,
2456 990 2625 1046 neque
2652 993 2871 1046 rapaces
2910 996 3132 1051 regnum
3164 984 3254 1038 Dei
3281 987 3518 1054 posside-

1940 1057 2092 1113 bunt.
2120 1078 2140 1112 Î¹
2162 1061 2277 1117 ÎÎ¿Î·
2303 1065 2453 1129 dixit,
2480 1067 2555 1121 illi
2582 1077 2635 1122 et
2659 1070 2733 1123 illi
2753 1113 2768 1137 ,
2792 1072 2924 1126 tales
2946 1081 2999 1126 et
3028 1074 3156 1128 tales
3187 1076 3289 1144 igni
3321 1086 3521 1132 aeterno

1940 1152 2357 1219 torquebuntur;
2382 1156 2505 1221 sed,
2535 1175 2740 1229 regnum
2760 1159 2857 1214 Dei
2881 1179 2980 1216 non
3007 1165 3343 1233 possidebunt.
3387 1167 3522 1221 Sub-

1942 1250 2107 1296 tracta
2136 1244 2348 1311 dextra,
2384 1265 2487 1302 non
2516 1252 2770 1305 remansit
2820 1253 2920 1307 nisi
2970 1255 3203 1308 sinistra.
3248 1256 3401 1314 Unde
3428 1273 3520 1312 au-

1944 1340 2047 1385 tem
2076 1335 2305 1389 evadunt
2338 1338 2405 1391 ab
2430 1338 2548 1409 igne
2574 1342 2938 1410 sempiterno?
2962 1345 3076 1399 Non
3107 1348 3176 1401 ob
3204 1349 3345 1404 aliud
3371 1392 3384 1413 ,
3421 1352 3518 1403 nisi

1941 1426 2062 1494 quia
2108 1437 2266 1481 erunt
2308 1430 2358 1483 in
2407 1446 2588 1501 regno.
2633 1434 2924 1504 Sequitur:
2977 1456 2997 1489 Î¹
3040 1438 3106 1492 Î•Î¹
3150 1439 3264 1495 inec
3303 1443 3517 1511 quidem

1942 1514 2133 1570 fuistis.
2172 1538 2189 1569 Î¹
2228 1521 2292 1573 Et
2332 1522 2468 1575 unde
2502 1524 2609 1589 jam
2639 1541 2741 1578 non
2770 1527 2930 1580 sunt?
2965 1547 2983 1580 â€¹
3018 1528 3124 1583 Sed
3153 1531 3316 1585 abluti
3356 1534 3481 1587 estis
3504 1579 3517 1598 ,

1942 1607 2035 1660 Sed
2067 1609 2374 1664 sanctificati
2400 1614 2535 1682 gstis
2557 1654 2570 1676 ,
2602 1616 2695 1668 sed
2736 1616 3004 1683 justilicati
3044 1622 3173 1675 estis
3214 1622 3267 1676 in
3308 1626 3520 1677 nomine

1945 1696 2151 1751 Domini
2183 1701 2346 1753 nostri
2394 1702 2517 1755 Jesu
2558 1705 2783 1771 Christi,
2815 1718 2868 1761 et
2896 1708 2945 1760 in
2976 1709 3173 1777 Spiritu
3204 1712 3294 1766 Dei
3328 1716 3515 1768 nostri.

1942 1787 1997 1841 In
2027 1792 2239 1845 nomine
2272 1792 2479 1846 Domini
2504 1797 2665 1848 nostri
2697 1796 2821 1851 Jesu
2844 1798 3036 1853 Christi
3072 1821 3089 1852 Î¹
3123 1800 3163 1872 (1
3191 1802 3305 1856 Cor.
3340 1820 3388 1857 vt
3416 1847 3428 1869 ,
3457 1805 3519 1858 9-

1942 1879 2057 1951 11).
2097 1901 2115 1932 Îµ
2152 1883 2263 1936 ÎÎ¿Î¹Î¹
2294 1886 2432 1937 enim
2461 1896 2543 1939 est
2570 1888 2708 1941 aliud
2755 1905 2947 1944 nomen
2993 1892 3091 1947 sub
3137 1895 3273 1949 cosio
3318 1897 3368 1948 in
3413 1912 3517 1965 quo

1940 1979 2146 2040 oportet
2173 1974 2346 2028 salvos
2372 1974 2481 2028 fieri
2528 1993 2624 2032 nos
2658 1998 2675 2028 Î¹
2712 1978 2847 2049 (Act.
2881 1998 2951 2034 tv.
2990 1981 3112 2053 12),
3144 2002 3243 2039 nos
3287 2003 3472 2040 omnes
3497 2030 3511 2052 ,

1938 2052 2161 2131 pusillds
2204 2081 2323 2119 eum
2369 2068 2590 2136 magnis.
2638 2070 2690 2124 Si
2736 2080 2912 2126 autem
2959 2075 3134 2130 salvos
3167 2077 3276 2132 ï¬eri
3309 2091 3511 2147 oportet

1940 2170 2039 2208 nos
2066 2156 2115 2209 in
2146 2155 2247 2212 hoc
2287 2160 2533 2225 nomine,
2585 2162 2700 2214 sine
2744 2161 2844 2216 hoc
2885 2165 3099 2219 nomine
3149 2169 3329 2236 procul
3357 2170 3515 2224 dubio

1938 2259 2037 2297 nec
2062 2246 2204 2298 salus
2229 2247 2353 2310 erit,
2389 2263 2507 2315 qua:
2535 2250 2648 2303 sine
2671 2249 2882 2307 Christo
2906 2256 3232 2322 promittitur
3259 2261 3512 2325 parvulis.

1940 2332 2076 2386 Pace
2121 2349 2301 2388 eorum
2348 2336 2549 2402 dicam,
2593 2340 2682 2407 qui
2721 2342 2961 2409 cuiquam
3007 2345 3229 2399 salutem
3260 2351 3515 2416 promittit

1940 2423 2057 2477 sine
2086 2424 2315 2489 Christo,
2356 2427 2535 2479 nescio
2564 2438 2735 2482 utrum
2768 2430 2881 2500 ipse
2913 2433 3133 2487 salutem
3167 2435 3361 2492 habere
3392 2454 3513 2508 pos.

1939 2515 2002 2567 sit
2033 2515 2082 2567 in
2110 2514 2341 2570 Christo.

2010 2608 2232 2663 CAPUT
2263 2609 2327 2663 V.
2357 2641 2429 2649 â€”
2447 2613 2499 2666 5.
2533 2611 2811 2682 Pelagiana
2830 2616 2943 2669 vita:
2969 2626 3169 2672 (eterna:
3186 2629 3233 2673 et
3262 2623 3401 2691 regni
3423 2622 3515 2675 Î¹)Î¼á½¶

1938 2698 2187 2751 distinctio
2218 2701 2369 2768 plane
2407 2702 2688 2756 arbitraria.
2738 2705 2934 2760 Deinde
2979 2710 3267 2778 quaerimus
3296 2711 3363 2764 ab
3387 2713 3464 2765 eis
3498 2734 3512 2765 :

1936 2788 2106 2854 Quid,
2155 2794 2197 2842 si
2241 2792 2430 2859 aliquis
2467 2794 2638 2858 dicat,
2673 2799 2919 2865 parvulos
2966 2802 3156 2854 merito
3198 2802 3513 2858 innocentia:

1937 2891 2077 2942 Sum,
2126 2881 2260 2933 sicut
2302 2882 2475 2935 dicitis
2497 2925 2510 2949 ,
2541 2895 2698 2953 atque
2730 2888 3075 2943 immunitatis
3116 2891 3183 2945 ab
3209 2895 3350 2946 omni
3379 2894 3513 2948 deli-

1936 2979 2022 3021 elo
2043 3011 2055 3033 ,
2088 2987 2190 3025 non
2218 2973 2385 3026 solum
2415 2975 2684 3032 habituros
2713 2980 2934 3035 salutem
2963 2991 3017 3037 et
3037 2984 3194 3038 vitam
3223 2996 3471 3042 aeternam
3495 3032 3510 3057 ,
3534 3032 3545 3041 .

1935 3061 2027 3115 sed
2057 3070 2109 3115 et
2139 3079 2354 3134 regnum
2386 3067 2516 3121 Dei?
2543 3071 2681 3126 unde
2709 3074 2846 3142 apud
2869 3089 2962 3129 vos
2982 3076 3254 3132 definitum
3284 3090 3514 3136 certum-

1934 3166 2039 3220 que
2073 3162 2184 3217 cst,
2231 3155 2347 3210 sine
2400 3159 2662 3225 baptismo
2700 3179 2919 3234 regnum
2971 3167 3060 3222 Dei
3092 3185 3196 3224 non
3243 3171 3514 3229 habituros

1935 3243 2213 3308 parvulos;
2246 3255 2303 3299 ut
2328 3245 2638 3305 divideretis
2678 3253 2756 3307 eis
2787 3268 2880 3323 pro
2913 3256 3135 3312 arbitrio
3164 3270 3373 3328 vestro,
3406 3280 3511 3317 non

1935 3341 2203 3410 adjutores
2235 3348 2570 3412 parvulorum
2595 3391 2633 3423 ,Î¿
2655 3352 2747 3406 sed
2786 3368 3128 3423 oppressores
3157 3360 3509 3426 miserorum;

1935 3439 1992 3484 ut
2020 3432 2313 3486 dividcritis
2352 3436 2432 3488 eis
2465 3454 2556 3504 pro
2581 3440 2799 3492 arbitrio
2839 3453 3050 3507 vestro,
3101 3457 3155 3498 et
3196 3447 3392 3501 daretis
3436 3452 3512 3503 eis

1934 3521 2157 3574 salutem
2186 3529 2243 3576 et
2272 3524 2428 3576 vitam
2457 3536 2707 3579 aeternam
2741 3542 2930 3596 praeter
2961 3548 3180 3602 regnum
3219 3539 3513 3592 caelorum?

1934 3609 2083 3662 Alius
2108 3611 2510 3668 benevolentior
2535 3617 2687 3671 vobis
2711 3627 2763 3671 et
2791 3619 3202 3690 misericordior,
3235 3637 3289 3681 et
3327 3637 3379 3682 ut
3413 3648 3509 3699 pu-

1937 3699 2056 3752 tatis
2079 3700 2290 3769 justior,
2326 3712 2491 3758 totum
2521 3706 2599 3761 eis
2634 3706 2815 3773 dabit,
2858 3720 2911 3764 et
2956 3713 3116 3767 vitam
3160 3724 3413 3771 teternam
3459 3729 3513 3773 ct

1931 3805 2153 3859 regnum
2183 3795 2461 3848 caelorum.
2492 3795 2652 3852 Istum
2695 3801 2962 3869 quomodo
2988 3805 3345 3874 superabitis?
3370 3810 3512 3876 Quo-

1934 3880 2073 3933 niam
2103 3898 2195 3936 vos
2222 3884 2502 3953 aliquando
2528 3897 2711 3942 contra
2744 3889 3193 3948 evidentissimum
3222 3900 3509 3953 auctorita-

1935 3978 2038 4025 tem
2088 3975 2418 4030 ratiocinatio
2461 3978 2687 4034 humana
2732 3981 2961 4038 delectat
2993 3989 3041 4051 á½·,
3074 3988 3305 4056 proferte
3342 3993 3508 4061 ipsam

1933 4065 2167 4134 regulam
2196 4068 2416 4123 rationis
2442 4081 2665 4136 vestrae,
2694 4084 2748 4129 et
2777 4077 2997 4132 asserite
3015 4119 3030 4142 ,
3076 4083 3286 4149 quantis
3314 4085 3509 4140 viribus

1931 4156 2231 4223 valueritis,
2271 4160 2410 4214 unde
2440 4163 2680 4218 vincatur
2711 4166 2845 4233 iste,
2894 4169 2982 4238 qui
3025 4172 3259 4239 parvulis
3296 4186 3511 4244 pr0ptcr

1931 4248 2118 4301 merita
2170 4250 2518 4320 innocentiae,
2567 4269 2781 4326 propter
2836 4261 3065 4331 nullam,
3121 4264 3257 4319 sicut
3305 4265 3506 4332 dicitis,

1930 4336 2138 4405 culpam
2161 4380 2175 4402 ,
2204 4340 2307 4396 hoc
2334 4351 2444 4407 est,
2474 4344 2734 4416 originale
2769 4360 3040 4417 peccatum
3063 4393 3076 4416 ,
3118 4353 3247 4408 dare
3285 4356 3505 4412 voluerit

1930 4429 2088 4483 etiam
2118 4447 2223 4485 non
2249 4432 2559 4503 baptizatis,
2592 4453 2695 4493 non
2723 4441 2892 4495 solum
2918 4443 3076 4497 vitam
3107 4455 3390 4513 aeternam,
3420 4465 3509 4505 ve-

1928 4534 2045 4573 rum
2075 4522 2233 4576 etiam
2260 4539 2480 4595 regnum
2507 4530 2764 4585 caelorum
2795 4549 2809 4585 :
2837 4533 2995 4587 istum
3023 4536 3234 4591 vincite.
3260 4538 3370 4608 Ego
3394 4540 3509 4596 sine

1930 4614 2234 4681 prmjudicio
2255 4628 2429 4687 partes
2460 4620 2615 4690 hujus
2642 4638 2927 4694 parumper
2950 4628 3211 4699 suscipio,
3242 4638 3296 4685 et
3335 4631 3505 4687 dicam

1926 4704 2068 4773 quod
2095 4706 2206 4776 ipse
2232 4724 2334 4763 non
2363 4712 2534 4766 sentio
2563 4730 2575 4765 :
2601 4714 2694 4769 sed
2721 4716 2983 4771 admoneo
3009 4734 3133 4784 vos,
3165 4728 3221 4775 ut
3247 4723 3506 4777 acriorem
3596 4786 3599 4787 Î½

1925 4794 2284 4853 adversarium
2315 4801 2553 4856 videatis.

1997 4887 2048 4941 6.
2084 4887 2279 4959 Negan
2306 4893 2459 4945 semel
2497 4894 2734 4964 originali
2773 4907 2974 4963 peccato
2996 4937 3008 4959 ,
3062 4896 3368 4969 Pelagianos
3410 4919 3508 4957 non

1928 4992 2071 5044 posse
2096 4993 2207 5029 eum
2245 4980 2468 5046 vincere,
2514 4984 2599 5052 qui
2642 4983 2766 5036 nolit
2806 4985 3041 5053 parvulos
3067 4988 3270 5042 excludi
3294 5005 3326 5042 a
3354 5007 3509 5062 regno

1925 5064 2041 5119 Dei.
2076 5066 2213 5121 Ecce
2237 5071 2417 5124 existit
2452 5075 2630 5125 nescio
2655 5073 2774 5142 quis
2794 5114 2808 5138 ,
2838 5083 2892 5129 et
2917 5075 3044 5130 dicit
3072 5095 3085 5130 :
3120 5077 3376 5135 Parvulus
3402 5096 3507 5135 non

1925 5154 2127 5211 habens
2157 5158 2321 5213 ullum
2351 5163 2566 5215 omnino
2594 5173 2863 5230 peccatum
2885 5207 2900 5230 ,
2952 5182 3050 5221 nec
3090 5170 3229 5238 quod
3266 5185 3361 5226 sua
3402 5173 3508 5227 vita

1924 5250 2220 5315 contraxit,
2250 5267 2347 5305 nec
2366 5251 2504 5320 quod
2535 5252 2601 5307 de
2628 5257 2731 5307 vita
2758 5256 2910 5323 primi
2943 5260 3175 5326 parentis
3199 5263 3377 5330 traxit,
3411 5264 3506 5319 ba-

1924 5341 2067 5395 bebit
2097 5351 2152 5394 et
2182 5342 2339 5394 vitam
2368 5352 2620 5397 :eternam
2651 5353 2705 5399 et
2732 5361 2950 5415 regnum
2976 5349 3255 5404 caelorum.

1995 5430 2221 5486 CAPUT
2260 5430 2345 5484 Vl.
2381 5461 2453 5472 -â€”
2501 5433 2834 5503 Respondctc
2857 5478 2872 5502 ,
2904 5439 3097 5495 vincite
3126 5441 3391 5498 hominem
3423 5462 3507 5499 re-

1927 5524 2202 5575 sistentem
2233 5522 2417 5588 vobis,
2456 5524 2540 5593 qui
2582 5525 2735 5579 aliter
2764 5525 3015 5582 diriditis.
3050 5530 3152 5586 Vos
3191 5532 3329 5586 enim
3372 5535 3501 5590 dici-

1929 5615 1995 5666 tis
2015 5613 2206 5667 :Vitatn
2222 5616 2431 5683 quidem
2455 5616 2663 5671 habebit
2684 5619 2780 5673 iste
2797 5636 2898 5674 non
2916 5621 3208 5692 baptizatus
3226 5636 3497 5693 aeternam,

1926 5812 1942 5861 Î¹
1990 5753 2003 5782 á½·
2033 5750 2274 5859 Î•á¾±á½·Î¹á¿‘á½²Î¹Î¹Î·Î¿Îµ
2307 5756 2379 5798 I-lr.
2403 5750 2549 5812 Lugd.
2578 5758 2627 5799 et
2656 5760 2768 5803 \â€˜en.
2805 5755 3000 5817 habent,
3034 5758 3156 5809 ratio
3186 5759 3393 5813 humana
3416 5762 3478 5813 de

1941 5819 2080 5861 ectat.
2189 5846 2204 5860 .

1941 5819 2080 5863 ÎµÎµÎ¹Î±Îµ.
2146 5819 2204 5860 Îœ.
