3974 6170
497 328 633 386 i339

491 442 584 500 sed
608 455 710 496 non
729 436 942 493 habebit
961 447 1177 504 regnum
1203 432 1478 491 ctelorum.
1499 430 1593 487 ille
1613 438 1796 483 contra
1825 446 1837 482 :
1873 428 1983 482 lino
2010 436 2064 481 et

491 538 651 592 vitam
686 540 741 588 et
762 543 986 603 regnum
1015 527 1291 581 cmlorum.
1320 524 1494 590 Quare
1521 522 1669 577 enim
1693 523 2063 591 patrimonium

492 626 636 696 regni
658 622 913 678 caelorum
941 618 1138 686 abripis
1168 615 1469 670 innocenti?
1497 616 1542 669 Α
1576 630 1681 684 quo
1708 630 1928 684 regnum
1959 630 2067 670 cm-

490 720 659 772 lorum
691 729 797 769 non
825 710 1133 781 acquiritur,
1156 707 1403 777 profecto
1443 723 1635 775 magno
1673 708 1813 761 bono
1854 707 2067 762 frauda-

490 818 591 862 tur.
620 806 749 874 Qure
789 812 872 858 est
900 804 998 856 ista
1027 800 1262 870 iustitia?
1286 799 1418 862 Dic,
1447 797 1647 867 quare?
1676 796 1810 862 Quid
1846 796 2067 851 oll'endit

488 897 738 967 parvulus
759 909 863 947 non
896 892 1188 961 baptizatus
1210 931 1222 952 ,
1244 889 1443 944 nullam
1471 888 1673 941 habens
1694 887 1899 954 culpam
1922 926 1937 951 ,
1966 901 2065 940 nec

486 1004 668 1052 suam,
716 1001 815 1040 nec
854 985 920 1040 de
966 992 1186 1052 parente
1216 982 1468 1035 tractam?
1512 979 1647 1048 Quid
1689 978 1938 1045 offendit,
1979 977 2067 1033 dic

488 1080 651 1145 mihi,
693 1087 749 1131 ut
778 1092 881 1131 non
914 1077 1073 1131 intret
1096 1074 1145 1127 in
1177 1088 1394 1143 regnum
1422 1071 1677 1127 calorum
1697 1111 1712 1135 ,
1755 1079 1810 1124 ut
1852 1085 2065 1139 separe-

486 1181 571 1226 tur
593 1186 620 1224 a
650 1179 794 1229 sorte
841 1178 1144 1221 sanctorum
1163 1206 1178 1229 ,
1210 1173 1268 1219 ut
1291 1164 1359 1216 sit
1388 1163 1536 1217 exsul
1563 1178 1591 1215 a
1617 1162 1870 1216 societate
1890 1162 2065 1231 Ange-

484 1262 691 1318 lorum?
718 1260 927 1314 Videris
954 1259 1095 1313 enim
1130 1255 1219 1310 tibi
1247 1255 1548 1310 misericors
1569 1295 1583 1318 ,
1612 1254 1732 1322 quia
1763 1269 1868 1307 non
1898 1253 1947 1307 ei
1971 1269 2065 1306 au-

394 1382 411 1393 —
484 1352 591 1408 fers
611 1352 773 1405 vitam
803 1367 816 1401 :
845 1348 1069 1403 damnas
1103 1357 1317 1412 tamen,
1365 1360 1521 1414 quem
1566 1358 1783 1413 separas
1826 1359 1854 1396 a
1899 1358 2062 1411 regno

483 1445 762 1499 caelorum.
806 1441 1037 1495 Damnas
1083 1456 1095 1491 :
1142 1453 1246 1492 non
1274 1451 1394 1490 eum
1423 1435 1683 1504 percutis,
1714 1434 1808 1488 sed
1839 1434 1890 1487 in
1917 1434 2062 1488 exsi-

484 1535 611 1589 lium
662 1533 844 1587 mittis.
886 1530 1018 1587 Nam
1059 1538 1111 1584 et
1146 1529 1239 1597 qui
1281 1526 1564 1592 exsulant,
1602 1526 1816 1592 vivunt,
1859 1526 1905 1580 si
1945 1526 2061 1581 sani

482 1633 607 1679 sunt
638 1641 651 1678 :
683 1623 733 1678 in
763 1620 1035 1677 doloribus
1063 1618 1302 1686 corporis
1332 1632 1435 1671 non
1482 1600 1624 1680 subl,
1676 1631 1781 1671 non
1813 1623 2067 1685 torquen-i

483 1722 587 1777 tur,
616 1728 719 1767 non
759 1709 989 1766 carceris
1034 1709 1267 1763 tenebris
1293 1706 1636 1776 afﬂiguntur:
1666 1705 1780 1760 haec
1805 1707 1908 1761 illis
1948 1706 2059 1761 sola

485 1818 639 1873 paena
667 1812 749 1857 est
769 1843 782 1865 ,
812 1815 918 1855 non
946 1814 1063 1854 esse
1084 1799 1137 1852 in
1172 1798 1359 1866 patria.
1394 1796 1449 1850 Si
1478 1805 1687 1850 amatur
1712 1797 1877 1864 patria
1902 1838 1917 1861 ,
1949 1810 2062 1850 ma-

482 1912 583 1965 gna
624 1909 778 1963 poena
806 1912 819 1947 :
851 1894 894 1946 si
933 1902 1108 1947 autem
1152 1907 1255 1945 non
1286 1900 1494 1944 amatur
1542 1890 1744 1959 patria,
1788 1890 1939 1959 pejor
1978 1898 2059 1943 est

482 1971 658 2040 cordis
703 1998 876 2052 pmna.
918 1982 1144 2041 Parvum
1179 1981 1373 2035 malum
1411 1989 1493 2034 cst
1525 1981 1580 2033 in
1614 1979 2073 2046 hominiscorde,’

482 2075 571 2143 qui
598 2074 902 2135 societatem
931 2088 1033 2135 non
1061 2071 1252 2141 quarrit
1273 2079 1573 2124 sanctorum
1593 2110 1610 2133 ,
1636 2070 1725 2139 qui
1765 2085 1870 2124 non
1914 2069 2057 2125 desi-

481 2165 630 2219 derat
650 2179 868 2232 regnum
895 2161 1184 2217 caelorum?
1211 2161 1267 2216 Si
1309 2175 1414 2215 non
1444 2160 1741 2226 desiderat,
1784 2175 1936 2229 pmua
1978 2170 2061 2216 est

480 2254 548 2308 de
568 2254 910 2325 perversitate
934 2270 947 2305 :
976 2253 1020 2306 si
1049 2262 1223 2307 autem
1248 2250 1703 2321 desiderat,pmna
1724 2261 1806 2306 est
1830 2251 1898 2306 de
1919 2252 2059 2306 frau-

480 2346 599 2398 data
625 2344 903 2398 charitate.
929 2343 1036 2398 Sed
1064 2343 1108 2396 si
1132 2383 1148 2409 ,
1176 2341 1316 2411 quod
1355 2343 1463 2408 vis,
1510 2357 1669 2412 parva
1695 2341 1765 2395 sit
1790 2356 1977 2411 parua;
2005 2350 2060 2397 et

481 2437 592 2502 ipsa
614 2450 771 2504 parva
791 2448 977 2503 magna
994 2442 1096 2499 est,
1116 2434 1158 2487 si
1182 2434 1321 2486 nulla
1343 2432 1494 2501 culpa
1511 2442 1611 2486 est.
1627 2432 1722 2487 llic
1744 2432 1967 2487 defende
1974 2432 2059 2502 ju—

480 2530 673 2582 stitiam
691 2527 804 2580 Dei.
830 2526 1004 2593 Quare
1026 2526 1108 2578 vel
1139 2540 1296 2594 parva
1319 2539 1472 2594 poma
1497 2525 1745 2594 inﬂigitur
1767 2525 2054 2591 innocenti,

480 2621 530 2670 in
559 2632 663 2687 quo
686 2618 883 2670 nullum
913 2617 1177 2674 invenitur
1204 2613 1420 2670 omnino
1447 2625 1721 2685 peccatum
1740 2616 1765 2668 ?
1804 2615 1897 2669 Dic
1923 2629 2057 2669 con-

480 2718 559 2761 tra
591 2708 748 2760 istum
788 2706 1176 2770 adversarium,
1208 2707 1296 2775 qui
1327 2706 1556 2773 parvulis
1597 2721 1704 2760 non
1748 2704 2054 2775 baptizatis',

480 2799 839 2854 misericordia
869 2808 922 2853 et
960 2799 1164 2868 justitia
1205 2798 1405 2867 majore
1428 2813 1595 2881 quam
1616 2806 1668 2852 tu
1688 2837 1704 2862 ,
1742 2797 1871 2852 dare
1906 2798 2052 2864 vult,

479 2908 583 2945 non
607 2892 778 2946 solum
802 2891 962 2951 vitam
993 2899 1248 2947 aiternam
1266 2931 1282 2957 ,
1310 2905 1493 2944 verum
1515 2889 1675 2944 etiam
1701 2905 1921 2960 regnum
1942 2906 2057 2946 cm-

420 2965 441 2984 ’
476 2982 648 3041 lorum
682 3001 695 3036 :
727 2982 989 3052 responde
1017 2982 1062 3036 si
1106 2991 1289 3051 potes,
1339 2981 1434 3038 sed
1473 2981 1736 3037 rationem
1764 2981 1925 3048 aﬂ‘er;
1959 2983 2057 3041 hac

477 3076 616 3135 enim
639 3082 690 3128 te
709 3074 919 3142 gloriari
949 3073 1194 3129 delectat.
1852 3082 1855 3087 '

546 3164 769 3219 CAPUT
802 3164 910 3218 Vll.
942 3192 1012 3205 -—
1057 3166 1109 3218 7.
1157 3164 1225 3217 In
1262 3164 1537 3235 qumtione
1578 3164 1642 3218 de
1687 3166 1911 3235 parvulis
1955 3183 2057 3222 non

475 3255 739 3325 baptizatis
765 3254 1160 3325 confugiendum
1199 3254 1267 3306 ad
1301 3255 1646 3309 auctoritatem
1678 3256 1918 3311 divinam.
1943 3256 2057 3328 Ego

475 3348 629 3401 istam
659 3345 1008 3415 qumstionem
1047 3343 1359 3414 profundam
1387 3346 1589 3411 sentio,
1620 3354 1676 3401 et
1702 3346 1767 3402 ad
1791 3347 1908 3417 ejus
1933 3347 2053 3403 fun-

473 3442 599 3495 dum
630 3439 926 3494 rimandum
953 3440 1092 3501 vires
1121 3454 1266 3494 meas
1296 3439 1513 3495 idoneas
1537 3455 1642 3494 non
1682 3455 1931 3509 agnosco.
1962 3441 2055 3496 Li-

474 3534 563 3586 het
590 3546 677 3586 me
715 3542 765 3586 et
796 3530 884 3585 hic
918 3531 1217 3585 exclamare
1252 3531 1390 3600 quod
1417 3532 1609 3587 Paulus
1628 3574 1642 3597 ,
1671 3532 1715 3587 0
1740 3533 1953 3588 altitudo
1977 3535 2055 3588 dio

472 3623 742 3676 ritiarum!
782 3622 1037 3675 Parvulos
1066 3638 1170 3675 non
1201 3622 1495 3692 baptizatus
1535 3626 1704 3694 pergit
1752 3629 1803 3679 in
1833 3626 2055 3681 damna-

474 3715 670 3766 tionem
703 3729 718 3776 ;
749 3713 984 3780 Apostoli
1024 3713 1164 3767 enirn
1205 3713 1364 3781 verba
1393 3723 1549 3775 sunt,
1584 3714 1665 3768 Ea:
1701 3733 1801 3770 uno
1838 3717 1889 3769 in
1933 3733 2055 3770 con-

473 3802 841 3854 demnationem
870 3802 1043 3869 (Rom.
1072 3817 1122 3866 v,
1155 3800 1243 3872 16)
1281 3819 1294 3853 :
1323 3817 1425 3857 non
1453 3804 1583 3858 satis
1606 3806 1818 3867 invenio
1843 3805 2053 3876 dignam

473 3906 723 3955 causam,
754 3893 874 3960 quia
921 3907 1025 3944 non
1065 3892 1311 3957 invenio,
1358 3908 1462 3948 non
1503 3896 1623 3963 quia
1669 3912 1772 3949 non
1811 3909 1911 3952 est.
1957 3897 2053 3953 Ubi

470 3998 599 4052 ergo
627 3999 730 4036 non
759 3983 968 4036 invenio
1003 3983 1054 4036 in
1086 3981 1345 4052 profundo
1383 3983 1697 4053 profundum
1718 4029 1734 4053 ,
1781 3991 2055 4046 attendere

469 4075 641 4130 debeo
667 4075 949 4138 humanam
979 4075 1338 4139 inﬁrmitatem
1361 4116 1376 4139 ,
1411 4092 1514 4130 non
1544 4077 1798 4134 damnare
1820 4080 2052 4137 divinam

470 4168 866 4222 auctoritatem.
908 4166 1020 4235 Ego
1047 4182 1264 4235 prorsus
1290 4170 1528 4223 exclamo
1553 4211 1568 4235 ,
1592 4186 1710 4226 nec
1739 4188 1823 4226 me
1852 4175 2010 4242 pudet
2037 4193 2050 4228 :

477 4276 494 4309 ι
546 4257 591 4311 0
634 4256 856 4311 altitudo
900 4256 1204 4321 divitiarum
1245 4260 1518 4329 sapientia!
1556 4269 1609 4315 et
1650 4262 1883 4327 scientia:
1929 4265 2049 4319 Dei!

469 4363 626 4416 quam
653 4348 1012 4403 inscrutabilia
1040 4358 1163 4404 sunt
1180 4349 1378 4423 judicia
1409 4350 1523 4420 ejus
1542 4392 1555 4413 ,
1580 4360 1636 4406 et
1665 4352 2055 4423 investigabiles

468 4436 571 4489 vim
617 4436 771 4504 ejus!
808 4437 936 4502 Quis
962 4438 1103 4503 enim
1132 4440 1379 4507 cognovit
1421 4454 1634 4495 sensum
1681 4441 1925 4499 Domini?
1964 4452 2056 4497 aut

472 4525 592 4594 quis
615 4526 949 4591 consiliarius
979 4527 1096 4599 ejus
1119 4527 1255 4581 fuit?
1278 4537 1368 4581 aut
1391 4530 1509 4598 quis
1538 4530 1683 4599 prior
1709 4531 1853 4585 dedit
1877 4531 2055 4597 illi,.et

469 4615 791 4672 retribuctur
809 4615 1176 4683 ei?Quoniam
1207 4632 1271 4671 ex
1305 4618 1452 4685 ipso,
1484 4631 1540 4681 ,et
1572 4636 1665 4687 per
1692 4622 1889 4692 ipsum,
1918 4632 1970 4679 et
2002 4626 2051 4678 in

470 4709 587 4777 ipso
610 4716 733 4762 sunt
763 4709 940 4762 omnia
971 4726 983 4760 :
1012 4708 1109 4777 ipsi
1154 4710 1316 4779 gloria
1361 4711 1409 4763 in
1443 4713 1633 4766 sa-cula
1677 4700 1991 4775 smcnlornm
2021 4737 2044 4771 ι

473 4797 582 4871 (Id.
620 4815 710 4866 au,
754 4797 963 4870 35-36).
993 4799 1104 4871 Ego
1135 4800 1492 4856 inﬁrmitatem
1537 4818 1707 4858 meam
1754 4806 1835 4860 his
1880 4810 2053 4865 verbis

468 4891 647 4944 nnmio
673 4902 774 4957 ,et
821 4890 920 4946 hac
958 4892 1159 4946 cautela
1204 4894 1615 4964 circumseptus,
1669 4897 1920 4955 adversus
1964 4892 2081 4956 sa-V

466 4982 630 5049 gittas
679 4981 1140 5037 ratiocinationum
1184 4989 1387 5038 tuarum
1440 4995 1677 5047 muratos
1705 4989 1913 5044 assisto.
1946 4990 2049 5047 Sed

468 5082 520 5124 lu
549 5112 562 5135 ,
597 5071 844 5136 bellator,
898 5071 1000 5126 hoc
1047 5081 1157 5139 est,
1205 5072 1354 5127 fortis
1394 5076 1750 5142 ratiocinator,
1802 5078 1923 5136 huic
1970 5098 2053 5136 re-

464 5162 700 5231 sponde,
730 5164 817 5233 qtti
846 5164 935 5216 tibi
958 5163 1086 5217 dicit
1116 5182 1128 5217 :
1154 5164 1378 5221 Prorsus
1406 5167 1660 5223 innocens
1681 5173 1962 5239 parvulus,
1996 5185 2053 5231 et

468 5254 718 5307 immunis
756 5254 824 5307 ab
865 5256 1007 5307 omni
1055 5263 1305 5324 peccato,
1333 5267 1386 5310 et
1418 5260 1630 5329 preprio
1672 5271 1723 5315 et
1770 5252 2059 5332 originali,

466 5357 571 5396 non
595 5343 765 5397 solum
789 5342 949 5398 vitam
978 5354 1235 5398 aeternam
1262 5346 1492 5413 habebit,
1520 5351 1612 5404 sed
1639 5352 1796 5406 etiam
1829 5368 2048 5424 regnum

463 5433 744 5489 malorum.
765 5433 873 5489 Hoc
900 5444 981 5489 est
1004 5435 1226 5505 justum.
1255 5436 1352 5502 Qui
1393 5438 1523 5492 nihil
1555 5441 1675 5495 mali
1697 5442 2050 5515 habet,quare

465 5524 662 5592 aliquid
692 5524 814 5579 boni
843 5541 947 5579 non
979 5526 1171 5581 habet?
1208 5527 1301 5581 sed
1332 5528 1477 5593 scio,
1508 5531 1699 5602 inquis.
1732 5532 1883 5590 Unde
1906 5537 2048 5592 scis?

463 5614 590 5680 Quia
634 5617 887 5677 Dominus
918 5618 1068 5672 dixit.
1099 5618 1336 5675 Tandem
1373 5622 1583 5679 venisti.
1621 5626 1734 5681 Non
1762 5643 1888 5699 ergo
1926 5631 2047 5699 quia

469 5712 521 5759 tu
553 5708 915 5778 t'atiociuaris,
947 5710 1039 5764 sed
1071 5712 1190 5781 quia
1220 5712 1473 5770 Dominus
1492 5717 1646 5773 dixit.
1682 5719 1860 5775 Laudo
1892 5723 2046 5792 plane

1730 315 1786 370 S.
1828 313 2190 371 AUGUSTINI
2233 316 2533 372 EPISCOPl

3626 339 3755 396 i350

2175 428 2277 485 hoc
2296 472 2310 490 .
2342 447 2527 486 sanum
2559 442 2675 488 est:
2708 435 2846 490 sicut
2873 436 3034 494 homo
3056 455 3160 495 non
3190 443 3432 500 invenisti
3461 449 3754 514 rationem,

2172 520 2308 592 fugis
2348 523 2416 578 ad
2462 527 2851 583 auctoritatem.
2912 532 3194 601 Approbo,
3246 550 3467 604 prorsus
3508 544 3763 611 approbo.

2172 613 2316 669 Bene
2344 614 2506 681 facis;
2536 632 2641 673 non
2668 619 2879 675 invenis
2903 622 3028 692 quid
3060 626 3383 694 respondeas
3406 669 3422 695 ,
3466 630 3537 683 ad
3581 645 3759 687 aucto-

2171 708 2378 762 ritatem
2407 709 2526 780 fuge
2550 728 2564 765 :
2586 726 2692 767 non
2720 714 2789 768 ibi
2821 725 2872 771 te
2898 732 3210 788 persequor,
3239 737 3346 789 non
3359 723 3495 789 inde
3520 729 3759 798 expello;

2171 798 2277 853 imo
2299 798 2587 867 fugientem
2617 805 2819 873 recipio
2846 817 2899 862 et
2921 811 3233 879 amplector.

2241 889 2294 944 8.
2326 890 2586 947 Sententia
2611 894 2867 950 dominica
2896 900 3165 959 excludetur
3187 921 3287 971 non
3310 906 3596 978 baptizatos
3620 931 3655 964 α
3679 931 3745 967 re-

2169 996 2268 1049 gno
2293 980 2384 1035 Dei
2402 1022 2418 1047 ,
2450 984 2721 1052 fatentibus
2751 987 3067 1073 Pelagianis.
3096 993 3287 1055 Profer
3306 1013 3440 1068 ergo
3469 997 3754 1059 auctor'ita.

2170 1076 2298 1134 tem,
2320 1078 2523 1136 stemus
2546 1074 2596 1128 in
2623 1091 2684 1131 ea
2711 1079 2871 1134 simul
2895 1091 3077 1141 contra
3099 1099 3436 1151 communem
3465 1090 3751 1149 inimicum.

2168 1160 2300 1227 Quia
2321 1164 2461 1217 enim
2505 1168 2754 1233 parvulus
2781 1185 2886 1223 non
2915 1171 3210 1241 baptizatus
3239 1192 3345 1231 non
3390 1179 3553 1236 intrat
3589 1183 3643 1238 in
3673 1202 3751 1239 re-

2162 1264 2327 1318 gnum
2352 1253 2630 1321 cmlorum,
2650 1264 2703 1311 et
2733 1265 2786 1313 tu
2814 1258 2947 1316 dicis
2966 1270 3022 1315 et
3044 1277 3163 1331 ego.
3195 1264 3275 1319 llli
3300 1265 3461 1336 igitur
3483 1277 3747 1328 communi

2167 1341 2474 1397 adversario
2492 1386 2507 1408 ,
2530 1348 2617 1413 qui
2645 1348 2774 1402 dicit
2801 1366 2905 1406 non
2926 1350 3252 1422 baptizatum
3276 1361 3560 1427 parvulum
3588 1363 3748 1418 intra-

2170 1439 2342 1485 turum
2372 1434 2423 1487 in
2453 1451 2674 1503 regnum
2703 1439 2960 1497 caelorum
2978 1483 2993 1507 ,
3021 1445 3328 1502 resistamus
3360 1450 3557 1519 ambo,
3578 1462 3639 1507 et
3661 1456 3749 1509 ad-

2165 1535 2356 1578 versus
2385 1524 2498 1594 ejus
2526 1527 3120 1602 insidiosissimajacula
3147 1544 3355 1592 scutum
3379 1537 3507 1594 ﬁdei
3532 1544 3754 1612 proten.

2165 1629 2303 1668 mus.

2164 1768 2175 1771 _
2236 1708 2460 1767 CAPUT
2486 1712 2896 1771 “IL—Cedant
2910 1718 3178 1789 paulisper
3189 1720 3515 1791 conjectura
3536 1728 3744 1783 rationi.-

2164 1798 2410 1855 humanze
2434 1842 2450 1870 ,
2477 1815 2815 1861 assumantur
2842 1822 2989 1863 arma
3018 1809 3216 1865 divina.
3262 1815 3545 1881 dammae,
3588 1816 3750 1888 inquit

2162 1892 2470 1959 Apostolus,
2520 1905 2831 1951 armaturam
2868 1896 2965 1952 Dei
2994 1898 3224 1971 (Ephes.
3251 1917 3338 1968 vt,
3371 1904 3487 1973 15).
3519 1906 3662 1963 Ecce
3686 1910 3753 1964 si-

2164 1980 2273 2032 mul
2301 1978 2538 2035 dicamus
2565 1982 2687 2038 huic
2714 1984 2913 2049 homini
2949 2004 2961 2039 :
2989 1987 3321 2049 Christianus
3345 1992 3447 2047 es?
3493 1993 3749 2052 Christia-

2162 2083 2265 2124 nus
2284 2110 2298 2133 ,
2332 2071 2517 2141 inquit.
2552 2074 2685 2128 Audi
2716 2075 3095 2147 Evangelium,
3118 2080 3209 2148 qui
3228 2081 3309 2136 vis
3326 2097 3434 2137 non
3458 2082 3750 2154 baptizatos

2160 2160 2411 2226 parvulos
2441 2162 2650 2218 mittere
2686 2164 2738 2218 in
2779 2180 3000 2239 regnum
3022 2169 3322 2237 caelorum;
3352 2172 3475 2227 audi
3508 2174 3749 2247 Evange-

2163 2251 2291 2306 iium
2316 2270 2328 2306 :
2358 2252 2476 2309 Nisi
2503 2257 2616 2327 quis
2644 2269 2849 2313 renatus
2875 2262 3027 2337 fuerit
3052 2277 3117 2316 ea:
3138 2279 3275 2331 aqua
3314 2274 3365 2320 et
3398 2265 3607 2337 Spiritu
3632 2285 3748 2327 m-

2160 2351 2241 2395 cto
2257 2384 2271 2408 ,
2300 2360 2399 2422 non
2419 2346 2623 2400 intrabit
2643 2347 2694 2401 in
2722 2334 2929 2419 regnum
2953 2348 3070 2405 Dei.
3099 2351 3311 2408 Domini
3335 2334 3605 2412 sententia
3629 2370 3743 2415 est:

2161 2433 2285 2490 huic
2305 2452 2411 2491 non
2439 2439 2667 2502 resistit,
2706 2441 2808 2495 nisi
2846 2456 2951 2496 non
2990 2442 3332 2500 christianos.
3364 2446 3637 2519 Repulsus
3670 2460 3748 2506 est

2158 2521 2253 2579 ille
2271 2567 2285 2590 ,
2315 2538 2556 2582 remanet
2578 2529 2706 2584 mihi
2735 2539 2910 2586 tecum
2936 2542 3242 2590 certamen:
3270 2543 3329 2591 et
3356 2535 3498 2592 forte
3522 2540 3667 2596 unde
3684 2541 3747 2595 ri-

2161 2614 2277 2669 cisti
2302 2618 2445 2673 bono
2470 2619 2642 2683 illius.
2673 2621 2796 2677 inde
2834 2622 2979 2679 bono
3004 2625 3231 2681 vinceris
3268 2635 3386 2687 tuo.
3416 2628 3553 2685 Nam
3594 2648 3745 2702 quem

2160 2704 2367 2773 vicisti,
2399 2708 2444 2761 si
2469 2709 2632 2766 durus
2657 2727 2761 2766 non
2787 2721 2904 2779 est,
2929 2714 3178 2771 docuisti.
3207 2717 3329 2774 Noli
3357 2734 3489 2791 ergo
3511 2737 3634 2781 esse
3655 2723 3748 2781 du-

2158 2811 2251 2850 rus
2270 2805 2324 2853 et
2351 2808 2404 2853 tu
2433 2817 2446 2853 :
2478 2802 2636 2857 simul
2663 2812 2936 2860 teneamus
2961 2807 3171 2864 interim
3197 2814 3522 2869 sententiam
3554 2815 3746 2883 istam,

2161 2884 2281 2941 Nisi
2304 2889 2418 2958 quis
2438 2900 2641 2945 renatus
2668 2895 2822 2964 fuerit
2856 2911 2919 2951 ea:
2946 2913 3081 2967 aqua
3106 2909 3154 2952 et
3189 2900 3417 2970 Spiritu,
3446 2921 3554 2960 non
3591 2906 3750 2961 itum

2159 2977 2230 3031 bit
2257 2978 2309 3032 in
2333 2996 2540 3050 regnum
2581 2981 2696 3037 Dei.
2746 2984 2872 3041 Ideo
2895 3028 2910 3052 ,
2941 2987 3118 3057 inquis
3136 3031 3151 3055 ,
3180 2993 3397 3060 parvulo
3422 3010 3535 3055 non
3583 2997 3750 3067 bapti-

2158 3076 2277 3123 zato
2307 3070 2541 3138 polliceri
2560 3088 2784 3143 regnum
2812 3076 2906 3132 Dei
2935 3093 3038 3133 non
3065 3095 3279 3149 possum
3298 3092 3487 3140 contra
3507 3095 3746 3155 apertam

2160 3158 2368 3215 Domini
2387 3166 2726 3222 sententiam.
2739 3167 2881 3225 Ecce
2900 3186 3070 3240 quare
3090 3173 3212 3230 dico
3227 3194 3241 3228 :
3256 3176 3506 3247 Regnum
3532 3180 3628 3235 Dei
3642 3197 3746 3237 non

2156 3250 2447 3308 habebunt.
2477 3254 2615 3312 Ecce
2638 3272 2802 3328 quare
2820 3259 2944 3317 dico
2973 3280 2988 3318 :
3020 3263 3145 3320 Ideo
3174 3265 3480 3336 baptizandi
3510 3280 3634 3325 sunt
3655 3312 3672 3334 ,
3694 3280 3749 3325 ut

2159 3340 2389 3400 habeant
2416 3361 2634 3417 regnum
2662 3351 2776 3407 Dei.
2806 3351 2933 3411 Ideo
2948 3354 3277 3424 dicis?ldeo,
3307 3359 3643 3429 inquit.Vide
3666 3373 3746 3417 ta-

2157 3448 2279 3487 men
2299 3475 2315 3501 ,
2346 3448 2565 3506 propter
2609 3440 2695 3494 illa
2745 3457 2864 3513 qua:
2891 3460 3051 3516 supra
3079 3448 3349 3515 diximus,
3376 3466 3447 3505 ne
3476 3452 3616 3507 forte
3644 3470 3743 3509 non

2160 3524 2400 3583 invenias
2424 3531 2584 3586 vitam
2626 3543 2883 3593 aeternam
2910 3549 3101 3607 preter
3126 3556 3349 3611 regnum
3383 3543 3499 3597 Dei.
3530 3544 3742 3599 Multum

2158 3618 2299 3672 enim
2325 3630 2506 3689 aperta
2524 3626 2818 3683 suntdicta
2846 3628 2915 3684 de
2952 3630 3156 3687 duabus
3180 3633 3284 3688 illis
3306 3634 3553 3702 partibus
3570 3676 3588 3700 ,
3615 3638 3741 3691 dex-

2160 3713 2238 3760 tra
2263 3715 2317 3761 et
2340 3710 2554 3765 sinistra
2576 3753 2590 3776 ,
2622 3714 2711 3768 tibi
2734 3716 2933 3772 nullum
2963 3719 3015 3773 in
3047 3720 3222 3776 medio
3250 3722 3395 3777 dedit
3419 3724 3600 3780 locum
3628 3726 3743 3779 vita:

2157 3796 2273 3850 sine
2302 3813 2484 3867 regno.
2516 3802 2704 3856 Parum
2737 3813 2790 3859 te
2817 3805 2918 3862 hoc
2954 3810 3205 3878 corrigit?
3235 3826 3418 3878 parum
3450 3812 3745 3869 admonet?

2158 3886 2329 3957 Ipsam
2360 3907 2569 3948 mecum
2597 3894 2876 3953 lectionem
2900 3940 2915 3963 ,
2944 3900 3085 3956 unde
3102 3901 3251 3962 hanc
3268 3905 3587 3961 sententiam
3613 3921 3738 3975 pro-

2158 3983 2320 4037 tulisti
2341 4025 2354 4045 ,
2383 3986 2647 4053 paululum
2673 3989 2910 4047 adverte.

2228 4075 2282 4129 9.
2325 4075 2408 4130 Ex
2442 4078 2617 4132 cadent
2644 4078 2908 4151 Evangelii
2926 4083 3145 4143 lectione
3176 4086 3403 4142 uincendi
3452 4084 3739 4159 Pelagiani.

2162 4166 2277 4221 Una
2312 4169 2363 4223 in
2393 4171 2588 4227 duabus
2620 4174 2818 4228 naturis
2850 4190 3071 4245 persona
3112 4176 3323 4244 Christi,
3358 4180 3446 4249 qui
3494 4182 3651 4236 simul
3691 4183 3742 4236 is

2158 4265 2291 4310 terra
2317 4275 2369 4312 se
2396 4276 2499 4319 esse
2522 4261 2642 4316 dicit
2664 4272 2712 4316 et
2740 4264 2792 4323 in
2813 4264 2957 4319 cmlo.
2992 4267 3179 4322 Dixisti
3206 4270 3348 4325 enim
3373 4311 3388 4334 ,
3422 4283 3480 4326 te
3504 4271 3633 4328 ideo
3657 4289 3741 4328 re-

2156 4346 2320 4417 gnum
2345 4350 2600 4406 caelorum
2632 4368 2735 4421 non
2765 4355 3046 4423 baptiaatis
3070 4360 3301 4426 parvulis
3334 4360 3485 4416 nolle
3522 4364 3745 4432 promit-

2163 4447 2293 4505 tere,
2329 4442 2449 4510 quia
2477 4445 2741 4501 sententia
2768 4446 2978 4509 Domini
3001 4459 3183 4517 aperta
3210 4459 3311 4514 est,
3347 4449 3469 4506 Nisi
3500 4453 3621 4521 quis
3666 4471 3745 4507 τεο

2162 4539 2309 4583 natus
2338 4532 2488 4601 fuerit
2514 4549 2575 4587 ex
2591 4550 2723 4601 aqua
2750 4544 2797 4589 et
2828 4535 3050 4606 Spiritu,
3073 4556 3174 4593 non
3208 4541 3414 4595 intrabit
3438 4543 3496 4597 in
3536 4560 3745 4614 regem!

2156 4621 2413 4674 cwlorum.
2438 4622 2549 4676 Non
2580 4625 2647 4679 ibi
2683 4625 2955 4682 advertisti
2982 4670 2995 4691 .
3038 4645 3157 4683 cum
3204 4642 3471 4699 quareret
3520 4633 3744 4691 Nicoda-

2158 4725 2298 4773 mus,
2324 4712 2591 4781 quomodo
2616 4714 2714 4770 ista
2748 4716 2966 4781 tierent,
2992 4717 3044 4771 id
3067 4726 3170 4784 est,
3200 4721 3472 4788 quomodo
3492 4738 3742 4779 renasce-

2158 4812 2306 4861 retur
2341 4804 2528 4870 bomo,
2574 4808 2843 4876 quomodo
2880 4808 3058 4864 denuo
3105 4821 3441 4874 nasceretur;
3491 4816 3743 4884 quoniam

2156 4910 2261 4948 non
2293 4904 2467 4964 potest
2495 4897 2673 4967 utique
2704 4900 2889 4965 iterum
2921 4899 3139 4961 introire
3184 4901 3237 4954 in
3273 4915 3486 4961 merum
3520 4907 3733 4969 .mau-i~.

2154 4995 2209 5039 et
2248 4986 2425 5041 denuo
2456 4978 2631 5052 nasci‘;
2678 4990 2804 5059 quid
2838 4992 3066 5053 audierit
3100 5009 3130 5049 a
3172 4995 3433 5064 Domino,
3458 4999 3603 5068 quid
3651 5016 3737 5054 au-

2140 5074 2313 5133 dierit
2337 5093 2368 5130 a
2399 5080 2825 5149 magistr-abono,
2848 5083 2972 5153 quid
2999 5084 3397 5143 audieriterrnr
3423 5104 3459 5144 ι
3485 5091 3708 5145 veritate
3725 5093 3744 5119 '

2227 5169 2452 5225 CAPUT
2491 5170 2579 5233 IX.
2601 5202 2670 5212 -—
2699 5171 2838 5233 Inter
2861 5184 3050 5231 cratera
3070 5177 3221 5235 enim
3243 5179 3715 5252 ostendensqnem
3730 5204 3749 5219 ι

2155 5262 2441 5318 admodum
2503 5264 2625 5332 tiat,
2681 5267 2838 5323 etiam
2914 5270 3316 5327 similitudinem
3362 5275 3575 5342 posuit.
3638 5273 3740 5330 Sed

2144 5353 2306 5424 prius
2328 5355 2403 5421 ait
2430 5372 2443 5408 :
2468 5354 2635 5419 Nemo
2658 5358 2970 5419 memrditain
2995 5359 3175 5419 emtum
3196 5402 3210 5426 ,
3234 5363 3335 5418 nisi
3372 5365 3463 5433 qui
3505 5366 3573 5419 de
3618 5365 3740 5419 ario

2155 5446 2432 5511 descendit,
2460 5447 2628 5503 Filius
2648 5450 2862 5509 honuni;
2895 5453 2980 5521 qui
3009 5461 3083 5508 est
3104 5454 3159 5508 in
3183 5455 3307 5509 caelo
3331 5455 3513 5523 (locu.
3540 5474 3599 5514 In
3616 5502 3631 5521 ,

2161 5540 2268 5609 15),
2297 5540 2351 5594 In
2376 5550 2512 5596 terra
2539 5552 2674 5606 erat,
2694 5552 2754 5598 ct
2782 5543 2832 5601 in
2858 5544 2995 5601 caelo
3014 5560 3075 5601 se
3107 5548 3491 5613 essedieebat;
3521 5560 3573 5605 et
3600 5550 3735 5620 quod

2153 5643 2237 5687 est
2260 5634 2456 5703 majus,
2501 5636 2552 5690 in
2592 5636 2946 5695 omloFiliom
2991 5638 3218 5696 hominis
3260 5659 3273 5695 :
3329 5653 3386 5697 ut
3432 5659 3595 5698 unam
3638 5644 3733 5696 de—

2160 5733 2479 5780 monstraret
2527 5728 2575 5779 in
2624 5738 2849 5796 utraque
2891 5738 3074 5784 natura
3123 5746 3431 5802 personam,
3456 5744 3525 5793 ,et
3579 5737 3631 5790 in
3675 5749 3743 5785 eo
