3974 6170
221 388 357 454 1581

227 592 489 661 principio
517 592 654 645 Deus
679 590 817 659 apud
846 590 1034 650 Deum,
1064 596 1118 642 et
1142 587 1194 640 in
1216 601 1282 641 eo
1307 585 1448 656 quod
1475 585 1611 639 ﬁlius
1634 586 1804 639 homi-

227 689 308 742 nis
336 696 473 750 erat,
507 699 784 740 assumas
812 685 1041 738 animam
1072 681 1354 734 humanam
1382 687 1436 734 et
1464 694 1675 734 carnem
1708 680 1800 734 htt—

227 792 455 834 manatn.
487 785 541 830 et
570 775 781 828 indutus
818 774 1088 829 hominem
1110 810 1125 834 ,
1168 770 1359 824 exiens
1398 769 1467 823 ad
1516 768 1758 823 homines
1788 782 1804 821 :

223 868 347 937 quia
377 868 426 920 in
455 867 554 919 hoc
583 876 807 934 utroque
829 879 935 918 non
963 864 1070 917 duo
1091 861 1276 916 christi
1305 869 1448 924 sunt,
1478 873 1577 913 nee
1605 859 1713 913 duo
1743 858 1804 911 ﬁ-

229 959 284 1012 lii
314 959 403 1013 Dei
455 957 547 1012 sed
575 972 680 1010 una
710 970 934 1025 persona
958 996 974 1021 ,
1021 968 1157 1008 unus
1201 952 1447 1007 Christus
1480 950 1573 1004 Dei
1618 949 1807 1012 Filius,

231 1050 478 1119 idemque
506 1064 641 1101 unus
670 1047 913 1101 Christus
932 1087 949 1112 ,
996 1060 1101 1099 non
1129 1044 1262 1097 alius
1284 1083 1300 1109 ,
1357 1041 1587 1095 hominis
1630 1040 1808 1105 ﬁlius;

228 1139 325 1193 sed
359 1138 472 1199 Dei,
502 1136 668 1191 Filius
687 1135 979 1190 secundum
1004 1132 1331 1188 divinitatem
1352 1171 1368 1197 ,
1397 1129 1628 1187 hominis
1670 1128 1813 1182 ﬁlius

230 1230 524 1285 secundum
546 1244 786 1284 carnem.
813 1228 943 1294 Quis
965 1237 1144 1282 autent
1170 1235 1415 1279 nostrum
1432 1263 1448 1289 ,
1488 1223 1579 1292 qui
1625 1237 1810 1292 parum

232 1320 580 1379 advertimus,
608 1329 697 1371 aut
728 1333 913 1387 parum
934 1317 1200 1386 sapimus,
1226 1329 1331 1368 non
1356 1313 1531 1382 potius
1557 1313 1626 1365 ita
1650 1311 1816 1365 vellet

233 1412 583 1480 distinguere,
612 1409 777 1462 Filius
805 1409 896 1462 Dei
925 1409 976 1461 in
998 1405 1165 1469 ctelo,
1209 1414 1264 1459 et
1305 1403 1471 1457 Filius
1508 1402 1737 1457 hominis
1763 1402 1815 1456 in

233 1502 422 1554 term?
452 1500 555 1553 Sed
579 1514 644 1552 ne
665 1500 740 1552 sic
768 1496 1126 1551 divideremus
1144 1534 1159 1559 ,
1185 1501 1239 1548 et
1269 1494 1338 1547 ita
1367 1492 1650 1546 dividendo
1685 1491 1818 1546 duas

236 1606 493 1663 personas
523 1592 924 1653 induceremus,
970 1587 1092 1641 Non
1133 1585 1357 1639 ascendit
1394 1584 1450 1636 in
1483 1582 1696 1647 etclam,
1734 1582 1820 1635 in-

234 1684 373 1753 quit,
407 1683 504 1735 nisi
527 1682 611 1751 qui
637 1684 698 1733 de
734 1680 856 1732 caelo
883 1676 1134 1731 descendit
1162 1674 1333 1728 Filius
1372 1673 1607 1727 hominis.
1656 1670 1821 1724 Filius

234 1788 366 1843 ergo
403 1772 631 1826 hominis
661 1768 936 1824 descendit
963 1766 1031 1821 de
1056 1767 1216 1821 ciete.
1244 1764 1433 1819 Nonne
1476 1763 1613 1817 ﬁlius
1648 1761 1821 1818 homi-

239 1867 323 1919 nis
351 1864 399 1916 in
429 1871 568 1916 terra
593 1862 760 1915 lactus
779 1859 900 1913 est?
931 1873 1108 1911 nonne
1135 1855 1274 1910 ﬁlius
1303 1854 1533 1908 hominis
1579 1867 1673 1920 per
1710 1850 1821 1921 Ma-

240 1954 374 2008 riam
404 1951 575 2006 lactus
597 1949 714 2004 est?
741 1948 869 2014 Sed,
892 1965 925 2002 ο
950 1948 1136 2011 homo,
1161 1945 1293 2011 nuli,
1324 1943 1520 2011 inquit,
1549 1955 1820 2009 separare,

239 2059 399 2113 quem
423 2043 542 2096 volo
572 2041 845 2110 copulare.
877 2039 1069 2095 Parum
1106 2045 1190 2091 est
1225 2035 1348 2103 quia
1385 2033 1551 2086 Filius
1589 2029 1819 2084 hominis

239 2135 517 2190 descendit
546 2132 833 2204 (Christus
867 2131 1009 2185 enim
1040 2127 1355 2191 descendit,
1395 2124 1644 2191 idemque
1688 2121 1825 2174 ﬁlius

243 2224 475 2278 hominis
498 2222 593 2292 qui
624 2221 662 2275 F
668 2222 787 2275 ilius
820 2220 910 2275 Dei
929 2219 1033 2287 est)
1052 2235 1068 2281 ;
1096 2217 1252 2272 sedet
1276 2216 1330 2269 in
1374 2214 1539 2277 uelo,
1571 2213 1660 2280 qui
1714 2225 1827 2263 am-

240 2314 393 2369 bulat
418 2314 471 2366 in
496 2321 657 2366 terra.
693 2310 746 2362 ln
776 2309 914 2367 casio
933 2316 1069 2367 erat,
1097 2306 1219 2374 quia
1248 2306 1442 2372 ubique
1465 2301 1823 2367 esthristus,

242 2406 493 2473 idemque
517 2401 763 2458 Christus
801 2410 884 2455 est
902 2408 957 2454 ct
982 2398 1148 2451 Filius
1176 2397 1271 2450 Dei
1311 2404 1366 2449 et
1396 2395 1533 2446 ﬁlius
1576 2393 1823 2445 hominis.

242 2495 470 2563 Propter
492 2494 747 2549 unitatem
777 2504 1019 2560 personae
1046 2489 1097 2541 in
1121 2499 1260 2545 terra
1287 2484 1451 2538 Filius
1478 2484 1590 2544 Dei,
1618 2490 1830 2550 propter

244 2587 488 2642 eamdem
516 2587 772 2639 unitatem
796 2595 1039 2652 persona:
1065 2594 1184 2634 esse
1218 2576 1559 2647 probavimus
1602 2575 1653 2627 in
1696 2575 1830 2628 coelo

247 2679 413 2733 tilium
443 2676 695 2737 hominis,
716 2688 787 2728 ex
816 2672 897 2726 his
919 2670 1094 2727 verbis
1114 2668 1325 2725 Domini
1353 2707 1368 2732 ,
1402 2665 1564 2719 Filius
1594 2663 1828 2728 hominis,

249 2769 448 2839 inquit,
479 2766 563 2837 qui
593 2776 663 2819 est
699 2766 754 2817 in
792 2763 937 2817 eicio.
998 2762 1222 2830 Propter
1259 2760 1508 2817 unitatem
1562 2771 1822 2824 persotnr,

250 2874 424 2911 nonne
453 2856 503 2909 in
537 2866 677 2909 terra
696 2853 991 2909 emistituto
1017 2859 1175 2918 atque
1198 2850 1488 2917 conspicuo
1528 2846 1719 2901 Petrus
1751 2845 1833 2898 di~

247 2951 340 3007 cit,
372 2948 445 3001 Tu
467 2964 518 3001 es
544 2946 771 3002 Christus
799 2942 849 2998 F
849 2945 967 2997 ilius
989 2942 1079 2994 Dei
1102 2941 1195 2994 vivi
1227 2939 1245 3004 (
1268 2939 1454 2994 Matth.
1488 2945 1600 3002 xv't,
1632 2937 1763 3006 l7)?

294 3018 413 3094 Ὶυ.
439 3036 711 3092 Insistam
738 3036 881 3090 solus
902 3033 1137 3091 Christus
1178 3031 1422 3085 ascendit.
1461 3028 1649 3082 Christi
1679 3044 1834 3080 mem-

250 3130 342 3182 bra
364 3144 477 3181 cum
495 3128 660 3196 capite
701 3141 831 3181 unus
860 3123 1105 3181 Christus.
1153 3122 1293 3191 Ergo
1332 3118 1836 3174 discatNicodemus

251 3220 518 3289 quomodo
542 3219 633 3272 ﬁat
660 3216 813 3283 illud,
843 3214 985 3284 quod
1014 3214 1065 3285 qi
1093 3213 1268 3266 minus
1291 3210 1626 3279 intelligenti,
1662 3210 1835 3262 incre-

254 3311 419 3364 dibile
441 3318 495 3363 et
522 3308 675 3377 quasi
703 3298 1029 3374 impoSsibile
1056 3304 1330 3359 videbatur
1370 3320 1383 3356 :
1413 3300 1581 3356 Nemo
1618 3302 1838 3355 ascendit

254 3403 308 3455 in
337 3401 517 3455 coelum
534 3440 550 3466 ,
575 3399 676 3453 nisi
706 3398 791 3468 qui
826 3398 887 3451 de
906 3397 1028 3450 emta
1058 3395 1332 3451 descendit.

325 3492 550 3550 CAPUT
588 3491 656 3547 Χ.
676 3520 750 3531 —
767 3488 964 3545 Omnes
988 3498 1162 3543 autem
1203 3487 1293 3557 qui
1332 3494 1701 3550 renascuntur,
1727 3484 1833 3538 uti—

257 3599 364 3656 que
393 3581 689 3638 asceudunt
709 3582 762 3634 in
792 3579 986 3635 caelum
1021 3593 1034 3631 :
1060 3586 1374 3634 eaeterorum
1403 3590 1561 3629 nemo
1597 3588 1833 3642 prorsus.

264 3678 330 3732 Et
349 3688 538 3730 omnes
558 3674 648 3743 qui
676 3679 1043 3735 renascuntur,
1068 3683 1161 3737 per
1180 3668 1401 3736 gratiam
1432 3666 1522 3718 Dei
1550 3662 1844 3716 ascendunt

262 3767 317 3821 itt
356 3765 550 3821 caelum
593 3771 699 3817 :et
738 3777 883 3815 nemo
920 3759 1144 3814 ascendit
1178 3757 1232 3809 in
1271 3755 1479 3820 calum,
1521 3754 1615 3807 nisi
1654 3754 1741 3824 qui
1783 3754 1845 3806 de

260 3858 384 3914 caelo
409 3856 697 3918 descendit,
728 3852 902 3905 Filius
939 3849 1155 3904 hominis
1192 3848 1366 3918 quiest
1408 3846 1462 3900 in
1503 3844 1645 3899 ctelo.
1694 3844 1844 3900 Unde

262 3946 401 4001 hoc?
452 3945 583 4011 Quia
627 3955 814 3996 omnes
851 3940 941 4009 qui
979 3945 1348 4001 renascuntur,
1403 3934 1642 3989 membra
1681 3933 1845 4002 ipsius

263 4038 426 4101 ﬁunt;
475 4044 528 4090 et
566 4034 711 4088 solus
758 4031 998 4087 Christus
1045 4027 1115 4082 de
1164 4027 1327 4081 Maria
1379 4033 1532 4079 natus
1572 4039 1710 4078 unus
1754 4031 1838 4087 est

262 4129 526 4192 Christus,
554 4133 610 4181 et
634 4139 756 4180 eum
782 4136 1009 4192 corpore
1030 4134 1127 4174 suo
1146 4126 1305 4188 caput
1325 4132 1459 4172 unus
1478 4126 1561 4170 est
1581 4114 1844 4171 Christus.

265 4220 379 4275 lloc
398 4232 525 4288 ergo
545 4215 724 4270 dicere
746 4213 932 4277 voluit,
958 4210 1123 4265 Nemo
1144 4208 1389 4274 ascendit,
1414 4207 1512 4261 nisi
1534 4207 1617 4277 qui
1642 4207 1846 4261 descen-

264 4308 359 4362 dit.
390 4305 506 4362 Non
535 4319 662 4374 ergo
684 4302 955 4366 ascendit,
990 4300 1092 4354 nisi
1124 4298 1389 4356 Christus.
1434 4296 1492 4352 Si
1537 4298 1617 4352 vis
1663 4310 1849 4352 ascen-

265 4398 395 4455 dere
414 4437 430 4459 ,
458 4405 575 4451 esto
601 4395 652 4447 in
672 4406 909 4461 corpore
931 4389 1131 4445 Christi
1159 4407 1172 4445 :
1200 4389 1248 4444 si
1274 4388 1355 4442 vis
1382 4387 1704 4454 ascendere,
1732 4397 1850 4445 esto

269 4486 566 4542 membrum
606 4483 827 4538 Christi.
887 4481 1031 4537 Sicut
1062 4482 1195 4537 enim
1220 4481 1273 4535 in
1302 4496 1402 4534 uno
1439 4494 1648 4549 corpore
1690 4479 1853 4533 multa

268 4581 490 4634 membra
515 4577 774 4643 habemus,
797 4574 968 4629 omnia
998 4583 1164 4628 autem
1189 4571 1409 4626 membra
1442 4572 1668 4643 corporis
1687 4611 1704 4638 ,
1734 4587 1851 4624 cum

267 4670 370 4724 sint
396 4667 587 4731 multa,
606 4682 763 4720 unum
792 4673 863 4719 est
887 4678 1103 4734 corpus;
1126 4665 1197 4716 sic
1219 4671 1263 4717 et
1291 4662 1518 4718 Christus
1544 4662 1588 4733 (ι
1611 4658 1729 4717 Cor.
1754 4676 1850 4727 xu,

272 4759 364 4827 19.)
392 4774 406 4811 :
437 4758 559 4827 quia
589 4762 748 4827 caput
771 4763 825 4809 et
847 4768 1041 4822 corpus
1078 4752 1340 4808 Christus.
1387 4754 1455 4808 Et
1485 4750 1752 4824 quomodo
1797 4749 1856 4804 ﬁt

254 4850 397 4912 ‘ltoc,
428 4848 604 4903 adhuc
628 4861 947 4918 quirramus.
983 4845 1132 4899 Latet
1175 4844 1418 4914 qumstio,
1463 4845 1723 4899 exaltatur
1766 4841 1854 4895 illa

274 4938 627 5013 profunditas.

347 5030 434 5084 ll.
467 5028 730 5096 Quomodo
781 5026 967 5082 Christi
1031 5025 1252 5083 membra
1298 5025 1557 5095 efﬁcimur.
1616 5024 1768 5080 Fides
1804 5026 1859 5079 in

277 5121 537 5177 Christum
576 5119 857 5179 necessaria
907 5120 975 5173 ad
1009 5119 1241 5173 salutem.
1289 5117 1533 5172 Christus
1585 5129 1856 5187 peceatum

275 5228 382 5267 non
415 5212 592 5280 habet,
626 5226 724 5267 nec
754 5211 1010 5281 originale
1038 5210 1234 5274 traxit,
1282 5224 1381 5265 nec
1420 5224 1573 5264 suum
1610 5209 1851 5267 addidit:

264 5316 427 5359 extra
450 5303 773 5374 voluptatem
795 5300 1021 5357 carnalis
1043 5299 1276 5355 libidinis
1300 5300 1447 5355 venit
1472 5340 1486 5363 ,
1510 5314 1613 5354 non
1650 5299 1720 5353 ibi
1766 5299 1859 5355 fuit

274 5395 589 5463 complexus
632 5393 890 5450 maritalis
926 5410 939 5446 :
981 5392 1049 5447 de
1097 5391 1329 5467 Virginis
1375 5406 1601 5462 corpore
1637 5406 1742 5446 non
1776 5406 1859 5447 as-

274 5487 502 5563 sumpsit
552 5485 778 5552 vulnus,
827 5484 919 5540 sed
959 5483 1435 5549 medicamentum;
1495 5498 1600 5539 non
1654 5498 1862 5539 assum-

279 5578 382 5646 [hil
410 5576 549 5647 quod
580 5585 830 5642 sanaret,
874 5575 967 5630 sed
1007 5574 1147 5633 unde
1180 5585 1393 5631 sanaret
1435 5593 1446 5627 :
1487 5585 1743 5645 quantum
1796 5576 1862 5631 ad

279 5679 553 5734 peccatum
583 5669 831 5737 pertinet,
864 5666 1003 5721 dico.
1035 5667 1191 5721 Solus
1217 5682 1345 5737 ergo
1377 5668 1462 5722 ille
1485 5669 1601 5723 sine
1623 5680 1859 5739 peccato:

274 5759 547 5824 quomodo
574 5767 729 5816 erunt
755 5750 988 5815 membra
1019 5758 1152 5827 ejus,
1184 5773 1407 5828 quorum
1440 5759 1615 5814 nullus
1637 5769 1719 5815 est
1748 5760 1863 5814 sine

1611 385 1838 442 SERMO
1873 368 2139 443 chcw.

130 560 133 567 ,
222 503 362 572 quod
394 502 486 556 Dei
511 501 671 555 Filius
699 509 818 555 erat
859 497 1077 569 aqualis
1112 496 1288 562 Patri,
1334 494 1563 549 Verbum
1612 495 1704 549 Dei
1744 495 1796 548 in

3345 386 3483 442 «διε

1911 497 2163 568 peccato?
2197 496 2510 562 Quomodo?
2534 496 2673 551 Audi
2712 495 3111 551 similitudinem
3152 513 3272 566 quae
3306 499 3458 569 sequi

1912 596 1997 642 tur
2024 606 2037 640 :
2073 585 2141 640 Et
2163 588 2294 641 sicut
2321 584 2523 657 Moyses
2547 586 2787 643 exultavit
2817 595 3095 658 serpentem
3113 586 3169 640 in
3185 603 3370 651 eremo,
3412 594 3486 643 sic

1912 685 2106 746 Oportet
2129 676 2343 730 exaltari
2373 676 2419 729 F
2420 677 2565 730 ilium
2592 675 2808 730 hominis
2830 717 2845 741 ,
2878 685 2932 729 stt
2955 675 3115 729 omnis
3138 676 3225 746 qui
3260 676 3416 731 credit
3435 679 3488 731 in

1912 782 2050 832 emn,
2076 783 2176 820 non
2201 775 2387 835 pereat,
2409 767 2498 821 sed
2520 768 2700 821 habeat
2721 768 2874 819 vitam
2904 776 3143 820 internum
3192 764 3377 837 (Joan.
3406 782 3508 838 ιιι,¹

1912 859 2003 921 M,
2035 859 2145 927 15).
2179 858 2332 914 Unde
2357 859 2449 913 tibi
2482 875 2585 913 non
2610 858 2888 913 videbatur
2915 869 3220 927 peccatores
3246 858 3492 913 homines

1914 963 2072 1017 posse
2098 949 2213 1003 ﬁeri
2240 949 2474 1004 membra
2503 948 2699 1002 Christi
2719 989 2735 1015 ,
2765 949 2817 1002 id
2838 960 2953 1025 est,
2975 949 3115 1002 illius
3154 949 3243 1017 qui
3286 948 3491 1002 nullum

1915 1041 2134 1094 omnino
2172 1041 2390 1095 haberet
2438 1041 2746 1109 peccatum?
2786 1039 3058 1109 Serpentis
3090 1054 3271 1093 morsu
3312 1053 3493 1092 move-

1916 1129 2064 1185 haris
2092 1147 2107 1183 :
2140 1130 2259 1185 ideo
2273 1131 2603 1201 cruciﬁgitur
2622 1130 2894 1197 Christus,
2922 1131 3042 1185 ideo
3070 1130 3242 1185 fundit
3276 1131 3513 1201 sanguis

1919 1235 2041 1273 nem
2060 1220 2304 1276 Christus
2333 1223 2386 1275 in
2418 1223 2783 1277 remissionem
2806 1231 3182 1291 peccatorum;
3210 1222 3335 1289 quia
3373 1236 3497 1291 pro-

1919 1319 2040 1378 pter
2065 1317 2361 1378 peecatum,
2390 1312 2440 1366 id
2470 1321 2573 1376 est,
2596 1312 2857 1382 serpentis
2882 1327 3164 1375 venenum,
3188 1312 3331 1367 Sicut
3354 1311 3499 1365 exal-

1922 1400 2040 1452 tavit
2061 1398 2265 1470 Moyses
2287 1412 2567 1472 serpentem
2596 1402 2649 1455 in
2676 1418 2860 1468 eremo,
2893 1401 3032 1457 unde
3064 1411 3378 1457 sanarentur
3405 1403 3495 1471 qui

1923 1487 1976 1541 in
2001 1489 2092 1542 illo
2125 1490 2340 1545 deserto
2377 1507 2408 1545 a
2433 1491 2769 1561 serpentibus
2795 1492 3206 1560 mordebantur,
3247 1503 3302 1547 et
3347 1493 3494 1547 illum

1924 1579 2210 1634 exaltatum
2241 1579 2515 1636 attendere
2535 1581 2876 1649 jubebantur,
2906 1592 2960 1637 et
2994 1584 3232 1653 quisquis
3259 1582 3501 1638 attende-

1925 1680 2029 1733 ret,
2052 1672 2367 1738 sanabatur;
2395 1673 2469 1727 sic
2497 1682 2691 1741 oportet
2715 1674 2926 1728 exaltari
2950 1673 3141 1728 Filium
3165 1676 3399 1738 hominis,
3443 1684 3499 1727 ut

1925 1763 2088 1815 omnis
2108 1764 2194 1828 qui
2218 1763 2376 1817 credit
2393 1764 2447 1817 in
2467 1780 2599 1829 eum,
2625 1764 2678 1818 id
2698 1774 2801 1827 est,
2830 1766 2920 1834 qui
2947 1765 3169 1820 attendit
3192 1767 3498 1829 exaltatum,

1932 1853 2021 1920 qui
2043 1868 2148 1906 non
2170 1854 2438 1909 erubescit
2456 1855 2788 1920 crueilixum,
2812 1857 2902 1924 qui
2924 1856 2975 1910 in
2997 1871 3155 1912 cruce
3181 1856 3375 1912 Christi
3396 1857 3503 1925 glo-

1928 1943 2113 2009 riatur,
2132 1960 2232 1996 non
2254 1953 2440 2013 pereat,
2468 1945 2556 1998 sed
2576 1946 2761 2000 habeat
2787 1947 2940 1999 vitam
2966 1957 3221 2001 aeternam.
3240 1945 3361 2000 Non
3381 1964 3503 2016 per-

1929 2044 2026 2096 eat,
2056 2035 2237 2089 unde?
2284 2035 2565 2092 Credendo
2591 2036 2643 2090 in
2668 2052 2815 2090 eunt.
2840 2036 2990 2093 Unde
3017 2052 3123 2093 non
3157 2038 3375 2105 pereat?
3405 2041 3503 2091 At-

1931 2124 2197 2178 tendendo
2214 2126 2500 2179 exaltatum
2523 2126 2787 2195 :alioquin
2809 2129 3050 2195 perimet.
3082 2127 3195 2182 lloc
3228 2136 3309 2181 est
3327 2126 3468 2180 enim
3488 2168 3501 2189 ,

1934 2214 2110 2267 Omnis
2134 2215 2218 2283 qui
2243 2215 2402 2268 credit
2432 2216 2485 2292 in
2510 2231 2624 2268 eum
2644 2255 2660 2281 ,
2686 2232 2783 2269 non
2812 2228 2981 2285 pereat
3007 2258 3019 2281 ,
3046 2218 3132 2271 scd
3153 2218 3331 2270 habent
3356 2218 3506 2269 vitam

1930 2313 2167 2357 (sternam
2175 2344 2187 2356 .
2785 2321 2788 2325 “

2001 2392 2223 2449 CAPUT
2262 2394 2352 2451 Xl.
2378 2420 2449 2436 --
2476 2393 2562 2448 l9.
2592 2392 2830 2447 Porculis
2870 2394 3035 2448 alieno
3071 2398 3205 2464 facto
3242 2395 3510 2449 vulneratis

1932 2485 2100 2538 aliena
2122 2484 2223 2552 ﬁde
2250 2485 2556 2539 subvenitur.
2590 2485 2806 2540 Prol'ers
2828 2485 3099 2552 parvulum
3131 2484 3281 2547 mihi,
3329 2494 3382 2539 et
3426 2485 3513 2554 ju—

1938 2574 2029 2628 bes
2051 2574 2362 2640 utattendat
2392 2565 2708 2638 exaltatum,
2744 2566 2900 2643 quem
2944 2589 3106 2644 negas
3159 2575 3354 2629 habere
3394 2589 3511 2629 scr-

1939 2665 2109 2733 pentis
2134 2681 2414 2719 venenum.
2443 2666 2551 2719 lmo
2579 2666 2623 2719 si
2673 2665 2815 2719 faves
2844 2667 2891 2719 ei
2912 2705 2927 2727 ,
2969 2667 3013 2719 si
3057 2674 3235 2720 movet
3271 2676 3322 2720 te
3357 2666 3512 2719 inno-

1936 2756 2107 2809 crntia
2137 2756 2186 2808 in
2215 2756 2318 2809 vita
2349 2756 2560 2824 propria
2579 2796 2593 2821 ,
2620 2756 2726 2810 noli
2768 2772 2959 2826 negare
3003 2766 3225 2810 tractum
3284 2756 3511 2824 aliquem

1939 2856 2141 2900 reatum
2167 2847 2232 2901 de
2258 2848 2360 2901 vita
2390 2847 2579 2916 prima,
2600 2862 2705 2901 non
2724 2852 2838 2913 sua,
2862 2849 2954 2903 sed
2982 2849 3216 2917 parentis
3237 2849 3315 2902 sui
3336 2848 3511 2917 primi.

1937 2937 2051 2991 Noli
2080 2953 2309 3006 negare;
2340 2939 2596 2992 conﬁtere
2620 2953 2901 3002 venenum,
2948 2949 3004 2992 ut
3050 2953 3238 3006 poscas
3281 2939 3514 2993 medica—

1939 3039 2177 3085 mentum
2213 3030 2405 3083 :aliter
2430 3045 2535 3084 non
2561 3040 2797 3086 sanatur.
2825 3032 2930 3084 Aut
2969 3030 3150 3099 utquid
3199 3031 3248 3086 ei
3287 3030 3418 3086 dicis
3461 3012 3552 3086 ut.

1939 3122 2118 3176 credat
2144 3122 2167 3173 Ἰ
2190 3121 2301 3175 lloc
2325 3121 2468 3176 enim
2502 3122 2850 3189 respondetur
2873 3138 2901 3175 a
2934 3132 3174 3191 portante
3215 3124 3515 3193 parvulum.

1940 3215 2019 3268 Ad
2046 3214 2206 3268 verba
2232 3214 2402 3268 aliena
2424 3224 2664 3279 sanatur,
2695 3215 2816 3283 quia
2843 3214 2907 3268 ad
2933 3215 3126 3269 factum
3143 3217 3371 3270 alienum
3400 3218 3519 3271 vul-

1946 3317 2178 3360 neratur.
2214 3305 2398 3359 Credit
2422 3305 2673 3360 inlesum
2704 3305 3020 3360 Christum?
3051 3306 3106 3360 ﬁt
3135 3308 3477 3377 interrogatio
3504 3328 3517 3364 :

1944 3395 2317 3466 respondetur,
2346 3396 2545 3448 Credit.
2575 3396 2679 3450 Pro
2694 3412 2812 3478 ‘non
2849 3397 3128 3465 loquente,
3170 3414 3265 3466 pro
3306 3400 3519 3464 silente,

1947 3501 2044 3554 pro
2066 3487 2257 3548 ﬂente,
2290 3494 2342 3538 et
2379 3484 2556 3538 ﬂendo
2594 3484 2821 3554 quodam
2861 3485 3021 3539 modo
3067 3495 3128 3539 ut
3175 3488 3523 3543 subveniatur

1946 3587 2154 3639 orante,
2180 3572 2552 3645 respondetur,
2583 3585 2637 3630 et
2665 3576 2823 3630 valet.
2850 3579 2928 3631 An
2960 3578 3119 3631 etiam
3158 3578 3261 3633 hoc
3301 3595 3522 3650 serpens

1946 3667 2034 3721 ille
2058 3666 2376 3735 persuadere
2395 3672 2636 3729 conatur,
2658 3666 2778 3735 quia
2799 3680 2902 3720 non
2929 3667 3107 3723 valet?
3128 3668 3278 3722 Absit
3296 3683 3323 3721 a
3344 3669 3519 3724 cordi-

1948 3756 2047 3811 bus
2067 3758 2529 3826 qualiumcumque
2566 3755 3011 3811 Christianorum.
3052 3757 3193 3828 Ergo
3225 3760 3520 3828 responde-

1951 3856 2053 3912 tur,
2077 3856 2130 3901 et
2151 3847 2308 3901 valet.
2333 3834 2733 3914 Conspiratione
2750 3847 2976 3916 quadam
2997 3850 3350 3904 communicat
3364 3852 3541 3919 spirit

1952 3949 2065 4004 tus;
2092 3939 2261 3993 credit
2280 3938 2333 3992 in
2355 3938 2544 4005 altero,
2566 3938 2688 4007 quia
2711 3939 2949 4006 peccavit
2972 3938 3026 3992 in
3065 3938 3250 3997 altero.
3293 3941 3374 3993 An
3395 3956 3524 3996 vero

1949 4030 2153 4084 invenit
2177 4029 2339 4083 vitam
2371 4030 2648 4098 pra‘sentis
2681 4029 2893 4095 srcculi,
2934 4044 3092 4099 quem
3129 4031 3408 4099 parturivit
3446 4032 3525 4086 in-

1954 4123 2204 4187 lirmitas;
2236 4130 2291 4177 et
2317 4137 2420 4175 non
2460 4121 2662 4176 invenit
2701 4120 2860 4175 vitam
2900 4120 3062 4177 futuri
3109 4123 3325 4190 saeculi,
3367 4139 3524 4193 quem

1953 4212 2227 4282 parturivit
2249 4212 2478 4270 cbaritas
2492 4213 2516 4267 ?

2028 4305 2114 4357 l5.
2154 4302 2375 4372 Serpens
2403 4320 2562 4357 atreus
2605 4304 2853 4359 exaltatus
2878 4305 3044 4375 ﬁgura
3076 4305 3259 4360 Christi
3301 4309 3528 4375 cruci/ixi

1955 4396 2007 4447 in
2027 4393 2361 4447 similitudine
2386 4394 2555 4447 carnis
2580 4394 2791 4463 peccati.
2821 4395 2961 4466 Ergo
2982 4396 3119 4452 sicut
3154 4396 3362 4467 Moyses
3389 4400 3525 4452 exal-

1960 4484 2087 4536 tavit
2107 4491 2411 4553 serpentem
2436 4484 2485 4537 in
2508 4499 2709 4547 eremo,
2742 4493 2797 4538 ut
2838 4486 3013 4539 omnis
3035 4501 3065 4538 a
3109 4495 3358 4557 serpente
3407 4503 3522 4556 per-

1957 4589 2147 4629 cussus
2172 4575 2466 4631 intueretur
2494 4577 2782 4631 exaltatum
2802 4618 2817 4641 ,
2845 4586 2901 4632 et
2920 4589 3196 4634 saltaretur
3224 4598 3237 4633 :
3266 4581 3344 4635 sic
3369 4597 3529 4650 opor-

1959 4667 2058 4720 tuit
2092 4667 2310 4741 exaltari
2359 4667 2546 4721 Filium
2600 4669 2845 4735 hominis,
2894 4678 2952 4723 ut
2992 4672 3166 4725 omnis
3206 4687 3235 4725 a
3285 4682 3534 4741 serpente

1960 4735 2254 4811 venenatus
2276 4758 2541 4811 intueatur
2568 4758 2876 4824 exaltatum,
2900 4769 2956 4813 et
2981 4770 3214 4816 sanetur.
3240 4762 3406 4815 Adam
3432 4765 3534 4828 pri-

1962 4862 2081 4900 mus
2100 4846 2306 4916 accepit
2327 4862 2561 4902 morsum
2584 4849 2848 4916 serpentis
2871 4864 2991 4901 cum
3022 4864 3245 4904 veneno.
3270 4851 3412 4920 Ergo
3445 4868 3538 4904 na-

1962 4947 2046 4992 tus
2067 4938 2119 4992 in
2149 4954 2308 4993 carne
2338 4939 2558 5006 peccati,
2592 4938 2650 4991 lit
2669 4938 2846 4995 salvus
2868 4939 2922 4992 in
2950 4938 3158 4993 Christo
3179 4955 3279 5010 per
3296 4941 3538 4995 similitu-

1961 5028 2141 5087 dinem
2170 5028 2344 5083 carnis
2372 5029 2590 5096 peccati.

2032 5118 2258 5177 CAPUT
2295 5120 2409 5175 Kl].
2432 5151 2502 5161 —
2528 5119 2671 5175 Misit
2701 5122 2840 5175 enim
2867 5121 3006 5176 Deus
3035 5121 3078 5174 F
3080 5122 3222 5177 ilium
3241 5142 3408 5187 suum,
3435 5142 3537 5179 non

1966 5215 2019 5270 in
2040 5228 2202 5267 carne
2218 5213 2460 5281 peccati;
2493 5213 2586 5268 sed
2606 5255 2621 5279 ,
2646 5213 2785 5268 sicut
2804 5212 3043 5282 sequitur
3068 5214 3158 5283 qui
3199 5215 3409 5283 scripsit
3430 5256 3445 5279 ,
3490 5190 3538 5269 in

1962 5303 2294 5369 similitudine
2312 5305 2479 5359 carnis
2505 5307 2695 5374 peccati
2718 5322 2737 5371 ;
2766 5303 2888 5375 quia
2916 5321 3018 5359 non
3047 5304 3114 5360 de
3132 5308 3409 5375 complexu
3431 5325 3540 5362 llu-

1966 5395 2125 5461 ritali,
2156 5395 2247 5449 sed
2281 5394 2348 5451 de
2377 5404 2528 5450 utero
2548 5396 2810 5467 virginali.
2847 5394 2988 5449 Misit
3009 5397 3059 5450 in
3084 5397 3412 5452 similitudine
3431 5415 3541 5450 car-

1965 5487 2043 5539 nis
2071 5487 2299 5555 peccati:
2324 5487 2502 5557 utquid
2535 5489 2669 5543 liec?
2698 5486 2766 5543 Ut
2786 5487 2849 5542 de
2868 5497 3067 5558 peccato
3086 5488 3346 5543 damnaret
3376 5507 3541 5562 pecca-

1969 5588 2074 5631 tum
2093 5578 2146 5631 in
2170 5594 2321 5639 carne
2348 5579 2522 5649 (Rom.
2548 5595 2658 5645 vtu,
2691 5581 2746 5651 5)
2774 5596 2786 5632 :
2811 5580 2879 5633 de
2910 5589 3125 5648 peccato
3151 5592 3445 5650 peccatum,
3475 5583 3541 5641 de

1968 5677 2215 5737 serpente
2240 5677 2562 5737 serpentem.
2587 5669 2715 5734 Quis
2756 5669 2898 5724 enim
2939 5668 3142 5723 dubitet
3177 5672 3386 5727 nomine
3432 5688 3541 5726 ser-

1974 5762 2142 5827 pentis
2172 5762 2419 5831 appellari
2452 5759 2758 5829 pt‘CCnltltlt?
2805 5759 2944 5829 Ergo
2982 5759 3046 5814 de
3094 5774 3306 5828 peccato
3353 5776 3538 5828 percu-
