3974 6170
485 341 505 396 1
520 337 622 394 545

483 466 614 516 tuni,
637 452 704 505 de
733 455 982 516 serpente
1008 451 1311 514 serpentem
1358 457 1373 494 :
1420 438 1515 497 sed
1560 440 1628 496 de
1680 436 2056 499 similitudine,

481 545 605 613 quia
636 541 688 594 in
717 536 932 592 Christo
954 535 1156 590 nullum
1182 540 1479 602 peccatum,
1506 530 1600 584 sed
1631 530 1744 584 sola
1772 526 2059 582 similitudo

480 633 654 687 carnis
683 628 906 699 peccati.
954 626 1077 681 ideo
1110 626 1372 680 exaltatus
1415 636 1670 692 serpens,
1717 620 1809 675 sed
1851 632 2058 680 aereus;

478 724 706 779 exaltata
748 730 831 776 est
868 717 1156 773 similitudo
1199 706 1375 769 carnis
1420 714 1652 782 peccati,
1688 721 1747 765 ut
1784 720 2060 764 sanaretur

478 816 627 881 origo
662 812 883 882 peccati.
913 810 1045 877 Quia
1072 808 1203 861 misit
1234 805 1369 859 Deus
1416 804 1610 857 Filium
1635 820 1780 857 suum
1805 803 1857 855 in
1884 801 2062 854 simili-

479 907 653 959 tudine
671 904 839 957 carnis
869 901 1078 971 peccati.
1111 898 1222 952 Non
1252 899 1302 950 in
1333 895 1678 950 similitudine
1702 894 1907 956 carnis;
1939 907 2057 945 nam

478 1012 603 1051 vera
631 1010 756 1049 caro
784 1003 887 1059 est,
931 992 1025 1046 sed
1053 992 1104 1043 in
1125 989 1452 1042 similitudine
1486 987 1651 1039 carnis
1681 985 1871 1053 peccati
1888 998 1908 1045 ;
1936 982 2058 1051 quia

481 1088 723 1141 mortalis
749 1100 873 1139 caro
902 1084 1017 1137 sine
1046 1083 1154 1136 ullo
1194 1080 1413 1133 omnino
1453 1087 1693 1147 peccato.
1729 1075 1797 1129 Ut
1834 1075 1895 1128 de
1941 1089 2060 1143 pec-

479 1192 590 1234 cato
612 1224 625 1246 ,
660 1187 877 1249 propter
919 1174 1317 1230 similitudinem
1343 1212 1357 1236 ,
1407 1171 1968 1236 damnaretpeccatum
2007 1167 2060 1219 in

479 1290 648 1333 carne,
682 1279 900 1339 prepter
927 1283 1106 1322 veram
1154 1266 1504 1334 iniquitatem.
1542 1260 1678 1315 Vera
1720 1261 1969 1328 iniquitas
2007 1260 2058 1312 in

478 1365 689 1417 Christo
712 1378 815 1416 non
845 1363 976 1414 fuit:
1006 1358 1097 1413 sed
1123 1358 1414 1411 mortalitas
1435 1356 1487 1408 in
1520 1353 1610 1407 illo
1636 1352 1752 1405 fuit.
1779 1352 2058 1405 Peccatum

478 1472 582 1508 non
605 1453 857 1521 suscepit,
878 1450 969 1506 sed
990 1464 1200 1518 poenam
1220 1446 1418 1515 peccati
1444 1443 1693 1511 suscepit.
1712 1439 2058 1511 Suscipiendo

477 1546 593 1599 sine
635 1545 786 1614 culpa
838 1556 1083 1611 ptenam,
1127 1548 1179 1593 et
1226 1552 1436 1607 ptenam
1481 1534 1685 1588 sanavit
1727 1542 1780 1587 et
1826 1533 2053 1600 culpam.

478 1639 614 1691 Ecce
637 1635 904 1704 quomodo
927 1635 1059 1686 liunt
1084 1633 1205 1685 ista.
1234 1629 1385 1696 Quod
1414 1627 1704 1681 admiratus
1740 1624 2058 1678 Nicodemus

476 1728 701 1789 dixerat,
735 1724 999 1791 Quomodo
1028 1729 1233 1792 possunt
1261 1721 1357 1773 ista
1388 1718 1542 1787 ﬁeri?
1581 1717 1670 1771 Sic
1715 1716 1855 1769 enim
1902 1729 2057 1767 sana-

476 1835 616 1881 ntur,
642 1832 745 1870 non
794 1817 915 1885 quia
956 1828 1239 1867 meremur.
1285 1810 1423 1864 Ecce
1456 1808 1723 1877 quomodo
1764 1806 1896 1858 fiunt
1934 1808 2055 1858 ista.

474 1910 628 1964 Modo
656 1908 743 1961 ubi
776 1906 902 1959 mihi
931 1903 1177 1973 parvulos
1205 1900 1399 1970 ponis?
1428 1899 1543 1954 iam
1578 1898 1742 1961 dicis,
1773 1896 1926 1950 Nullo
1964 1910 2056 1947 vc-

475 2019 614 2054 neno
640 2000 859 2052 sauciati
894 2006 1033 2052 sunt.
1078 1995 1240 2049 Aufer
1290 2008 1385 2047 eos
1427 2009 1458 2046 a
1501 2000 1786 2061 conspectu
1840 1989 2055 2045 exaltati

475 2093 757 2163 serpentis.
784 2092 838 2145 Si
871 2099 1050 2143 autem
1096 2104 1201 2141 non
1243 2085 1448 2150 aufers,
1478 2084 1741 2139 sanandos
1763 2083 1896 2137 dicis
1916 2123 1931 2148 ,
1960 2098 2056 2137 vc-

474 2196 697 2241 ncnatos
723 2184 1012 2238 conﬁteris.

541 2276 769 2333 CAPUT
810 2274 948 2329 XIII.
986 2305 1058 2314 —
1104 2275 1188 2328 14.
1218 2272 1527 2341 Quicumque
1560 2272 1611 2324 in
1653 2271 1906 2325 Christum
1954 2285 2054 2322 non

474 2370 631 2421 credit
678 2368 969 2420 damnatur.
1001 2365 1263 2417 Judicium
1313 2382 1403 2433 pro
1442 2364 1783 2415 damnatione.
1823 2360 2055 2431 Infantes

472 2462 593 2513 dicti
616 2460 807 2528 ﬁdeles.
845 2456 1120 2510 Peccatum
1158 2456 1387 2525 originis.
1426 2454 1628 2508 Deinde
1657 2454 1768 2522 ipse
1800 2451 2054 2505 Dominus

472 2553 522 2603 in
556 2550 741 2602 eodem
767 2562 1012 2601 sermone
1037 2546 1101 2598 ad
1141 2545 1484 2599 Nicodemum
1512 2560 1615 2597 non
1656 2542 1878 2596 audistis
1928 2542 2052 2611 quid

472 2642 683 2698 deerit.
714 2655 831 2691 cum
862 2639 1046 2691 eadem
1077 2637 1234 2690 lectio
1258 2636 1414 2689 hodie
1438 2634 1741 2706 legeretur?
1773 2635 1872 2700 Qui
1896 2632 2054 2686 credit

470 2735 519 2783 ia
550 2748 680 2793 curn,
709 2747 804 2782 non
826 2727 1234 2797 judicatur;qui
1277 2735 1440 2779 autem
1486 2742 1583 2778 non
1622 2725 1903 2789 crediderit,
1940 2725 2053 2794 jam

464 2826 723 2894 judicatus
744 2831 814 2873 est
844 2819 1022 2888 (Joan.
1058 2834 1133 2883 nl,
1158 2819 1212 2882 9,
1248 2818 1359 2886 18).
1397 2818 1461 2870 Et
1497 2816 1579 2869 liic
1604 2816 1795 2884 qua‘ris
1820 2813 2049 2868 medium

422 2970 436 2985 ,
471 2918 629 2967 homo
657 2913 723 2966 de
757 2910 956 2974 medio,
984 2918 1037 2962 et
1059 2909 1318 2978 disputas,
1348 2918 1400 2961 ct
1420 2906 1728 2971 attenderis,
1757 2920 1856 2958 nec
1880 2913 2052 2957 atten-

468 3006 551 3057 dis
582 3021 593 3054 :
629 3002 726 3068 Qui
750 3001 906 3054 credit
932 3001 981 3052 in
1006 3016 1139 3063 eum,
1164 3015 1263 3052 non
1287 2998 1583 3067 judicatur;
1613 2997 1699 3064 qui
1734 3006 1901 3047 autent
1950 3011 2050 3047 non

467 3096 752 3155 crediderit,
776 3096 887 3164 jam
899 3094 1159 3162 judicatus
1181 3102 1271 3145 est.
1299 3090 1431 3157 Quid
1454 3099 1536 3143 est
1563 3098 1739 3143 autem
1762 3130 1776 3154 ,
1824 3087 1943 3141 lam
1960 3091 2050 3160 ju-

468 3189 665 3237 aicatus
694 3196 763 3237 est
784 3184 809 3236 ?
840 3185 1123 3235 Damnatus
1154 3190 1253 3234 est.
1277 3181 1406 3233 Nam
1427 3180 1681 3249 judicium
1707 3195 1801 3248 pro
1831 3179 2049 3233 damna-

468 3282 610 3331 tione
637 3277 943 3345 plcrumque
966 3276 1088 3345 poni
1122 3274 1287 3327 nostis
1320 3291 1333 3327 :
1367 3273 1653 3342 Scriptum
1685 3274 1849 3326 testes
1890 3282 2046 3336 sunt;

466 3370 696 3423 maxime
724 3370 812 3422 illo
849 3385 955 3421 uno
983 3360 1303 3421 testimonio
1350 3367 1706 3435 apertissimo,
1758 3367 1841 3419 cui
1891 3380 2049 3420 nemo

465 3473 545 3518 est
570 3466 656 3533 qui
679 3462 1026 3516 contradicat.
1062 3461 1133 3513 De
1162 3460 1552 3513 resnrrectionc
1581 3476 1698 3513 cum
1722 3468 1901 3529 ageret
1942 3459 2048 3512 Do-

463 3560 637 3610 minus
662 3598 676 3620 ,
710 3557 809 3622 Qui
845 3557 965 3608 bene
1003 3557 1225 3623 fecerunt
1248 3593 1261 3615 ,
1311 3552 1506 3623 inquit,
1542 3553 1593 3605 in
1637 3553 2047 3607 resurrectionem

463 3649 607 3709 ritca;
632 3648 716 3716 qui
739 3646 869 3699 male
904 3653 1142 3715 egerunt,
1188 3644 1237 3696 in
1272 3643 1679 3696 resurrectionem
1706 3642 1891 3713 jndicii
1933 3641 2042 3710 (Id.

469 3753 519 3797 ν,
550 3736 644 3805 9.9)
674 3754 687 3790 :
718 3735 1171 3805 utiquejudicium
1198 3747 1295 3802 pro
1322 3732 1663 3786 damnatione
1686 3731 1877 3801 posuit.
1901 3731 1969 3785 Et
1991 3742 2045 3784 tu

462 3828 615 3880 aliter
633 3826 795 3881 audes
823 3825 1087 3880 disserere
1129 3833 1220 3877 aut
1265 3823 1527 3878 credere?
1574 3824 1671 3890 Qui
1728 3840 1827 3876 non
1866 3824 2039 3886 credit,

456 3920 565 3988 jam
575 3918 838 3987 judicatus
865 3926 958 3970 est.
987 3916 1104 3970 Alio
1127 3915 1244 3969 loco
1279 3928 1290 3962 ε
1320 3914 1418 3981 Qui
1437 3915 1592 3967 credit
1615 3915 1668 3968 in
1700 3913 1914 3979 Filium,
1948 3914 2043 3967 hu-

463 4011 538 4062 bet
568 4010 717 4062 vitam
738 4018 977 4062 cateruam
1008 4022 1203 4076 :quam
1236 4016 1288 4060 ιιι
1313 4007 1545 4075 parvulis
1574 4006 1919 4075 promittebas
1937 4022 2042 4060 non

462 4099 761 4169 baptizatis.
793 4099 892 4166 Qui
917 4098 1073 4153 credit
1097 4100 1149 4152 in
1182 4096 1228 4151 F
1229 4098 1393 4164 ilium,
1422 4096 1567 4152 habet
1595 4099 1745 4151 ritum
1780 4108 2039 4152 teternam.

461 4192 563 4248 Sed
594 4191 769 4255 habet,
800 4191 986 4259 inquit,
1006 4199 1059 4244 et
1078 4189 1166 4259 qui
1195 4205 1299 4243 non
1330 4188 1499 4243 credit
1536 4188 1787 4258 parvulus
1807 4230 1822 4255 ,
1855 4204 2041 4257 quam-

459 4286 541 4337 vis
562 4299 664 4337 non
694 4282 889 4337 habeat
918 4296 1135 4351 regnum
1169 4281 1281 4336 Dei.
1312 4281 1417 4336 Sed
1444 4281 1563 4335 vide
1590 4281 1727 4351 quod
1768 4282 2036 4352 sequitur:

465 4377 566 4442 Qui
589 4386 755 4429 autem
779 4374 1068 4428 incredulus
1102 4382 1173 4427 est
1214 4373 1370 4438 Filio,
1414 4391 1512 4427 non
1549 4374 1695 4428 habet
1733 4375 1920 4439 ritum;
1954 4373 2043 4427 sed

460 4466 539 4516 ira
566 4462 655 4516 Dei
698 4473 863 4516 manet
900 4479 1052 4531 super
1102 4480 1214 4516 eum
1243 4463 1419 4530 (Joan.
1453 4479 1529 4528 ιιι,
1576 4463 1689 4533 36).
1738 4462 1835 4517 Ubi
1888 4465 2042 4533 ponis

460 4554 708 4620 parvulos
734 4553 1062 4621 baptizatos?
1093 4553 1335 4605 Profecto
1364 4554 1414 4606 in
1446 4569 1666 4607 numero
1687 4555 2036 4610 credentium.

458 4641 591 4696 Nam
613 4640 733 4696 ideo
760 4650 815 4695 et
854 4640 1239 4695 consuetudine
1279 4641 1530 4696 Ecclesia:
1574 4645 1825 4712 antiqua,
1873 4661 2038 4699 cano-

458 4737 598 4798 nica,
623 4733 1009 4799 fundatissima,
1039 4733 1235 4804 parvuli
1270 4733 1512 4802 baptizati
1535 4734 1715 4789 fideles
1757 4749 2032 4792 vocantur.

458 4829 519 4882 Et
550 4828 627 4883 sic
649 4827 716 4882 de
747 4826 832 4882 his
872 4827 1161 4898 quaerimus
1191 4843 1202 4879 :
1230 4826 1330 4880 Iste
1373 4826 1542 4880 infans
1569 4826 1889 4881 Christianus
1923 4831 2038 4883 est?

458 4920 825 4990 lli-spondetur
851 4934 863 4971 :
895 4918 1243 4974 Christianus.
1271 4916 1715 4983 Catcchtnnenus,
1738 4934 1803 4973 an
1834 4919 2037 4975 fidelis?

454 5012 685 5077 Fidelis;
716 5012 898 5082 utique
922 5027 951 5066 a
981 5011 1116 5078 fide,
1153 5012 1283 5066 fides
1322 5028 1351 5064 a
1397 5011 1683 5066 credendo.
1745 5012 1887 5068 Inter
1921 5029 2034 5070 ere.

452 5105 646 5165 dentes
669 5103 828 5173 igitur
850 5101 1147 5171 baptizatos
1168 5104 1415 5172 parvulos
1437 5102 1742 5158 numerabis
1782 5121 1797 5159 :
1827 5120 1925 5159 nec
1946 5106 2035 5173 ju-

457 5196 636 5249 dicare
657 5195 766 5248 ullo
797 5193 955 5248 modo
982 5194 1136 5249 aliter
1155 5193 1395 5257 audebis,
1421 5194 1464 5247 si
1496 5209 1603 5249 non
1630 5194 1710 5247 vis
1739 5210 1857 5250 esse
1881 5211 2037 5267 aper-

452 5295 536 5339 tos
559 5285 858 5340 lncreticus.
892 5284 1033 5355 Ergo
1057 5284 1178 5339 ideo
1202 5284 1398 5339 habent
1421 5286 1578 5339 vitam
1597 5296 1850 5347 aeternam
1873 5304 1887 5340 :
1914 5289 2032 5359 quia

450 5379 533 5447 qui
560 5379 714 5431 credit
735 5378 788 5431 in
816 5375 865 5429 F
865 5376 1026 5442 ilium,
1060 5377 1206 5432 habet
1226 5379 1376 5431 vitam
1394 5389 1652 5433 cateruam.

521 5470 746 5526 CAPUT
786 5470 925 5527 XIV.
958 5500 1029 5510 —
1053 5470 1168 5526 Noli
1192 5471 1269 5527 eis
1290 5472 1405 5526 sine
1442 5471 1539 5526 ista
1563 5472 1684 5536 fide,
1717 5482 1771 5529 et
1795 5473 1909 5529 sine
1932 5475 2033 5529 isto

451 5572 787 5616 sacramento
824 5563 979 5631 hujus
1011 5562 1162 5627 fidei,
1200 5563 1507 5631 promittere
1548 5564 1707 5620 vitam
1756 5575 2029 5622 aeternam.

454 5649 551 5717 Qui
591 5662 760 5704 autem
800 5653 1087 5707 incredulus
1134 5663 1205 5707 est
1239 5651 1374 5706 Filio
1395 5696 1408 5718 ,
1441 5664 1491 5707 ct
1519 5655 1608 5725 qui
1635 5672 1738 5711 non
1782 5659 1949 5714 credit
1979 5661 2029 5716 in

450 5738 660 5800 Filium.
695 5758 793 5795 non
825 5744 967 5799 habet
990 5745 1159 5809 ritum,
1194 5745 1281 5800 sed
1303 5745 1376 5801 ira
1406 5745 1496 5802 Dei
1532 5761 1695 5805 ntanct
1720 5768 1873 5819 super
1895 5770 2027 5812 eum.

1714 322 1768 381 5.
1811 317 2178 380 AUGUSTINI
2222 320 2517 376 El’lSL‘Ol‘l

3620 326 3749 382 1383

2165 432 2282 488 Non
2303 436 2456 499 dixit,
2485 435 2669 490 Veniet
2697 452 2856 506 super
2894 452 3016 492 cum
3037 454 3053 505 ;
3076 438 3203 503 sed,
3230 450 3395 494 manet
3427 456 3586 509 super
3618 460 3747 496 aut.

2165 528 2417 597 Respexit
2461 528 2742 598 originem,
2779 543 2902 583 cum
2948 532 3042 596 ait,
3091 528 3185 583 Ira
3241 529 3338 585 Dei
3381 541 3553 586 manet
3606 549 3751 604 super

2164 636 2295 672 eum.
2321 619 2491 687 Quam
2536 619 2827 688 respiciens
2860 628 2916 674 et
2944 621 3233 690 Apostolus
3260 622 3430 686 dixit,
3462 621 3682 678 Fuimus
3705 635 3749 679 ct

2164 727 2256 762 nos
2281 710 2557 779 aliquando
2599 719 2783 763 natura
2811 712 2905 778 ﬁlii
2940 710 3033 765 ira:
3065 710 3279 782 (Epltes.
3304 729 3374 779 ιι,
3404 716 3482 784 5).
3514 714 3633 769 Non
3660 732 3745 770 ac-

2160 816 2412 857 cusamus
2450 811 2710 856 naturam.
2745 802 2956 857 Natura:
3003 813 3193 859 auctor
3241 805 3379 859 Deus
3413 816 3517 860 est.
3556 811 3601 860 Α
3646 808 3749 862 Deo

2162 894 2297 947 bona
2320 903 2403 948 est
2429 894 2666 948 instituta
2693 904 2881 948 natura
2908 913 2921 946 :
2953 894 3044 950 sed
3074 911 3172 965 per
3202 895 3395 949 malam
3421 898 3744 953 voluntatem

2163 999 2193 1038 a
2222 996 2469 1055 serpente
2499 986 2680 1039 vitiata
2709 995 2813 1040 est.
2838 985 2963 1040 Ideo
2985 986 3125 1055 quod
3155 988 3249 1039 fuit
3282 988 3332 1041 in
3366 988 3538 1043 Adam
3556 991 3744 1059 culpa,

2162 1092 2269 1132 non
2298 1089 2519 1143 naturae,
2552 1078 2706 1133 nobis
2737 1078 3036 1147 propagatis
3063 1078 3258 1132 factum
3283 1088 3369 1132 est
3384 1080 3493 1145 jam
3524 1089 3742 1135 natum.

2163 1168 2246 1224 Ab
2276 1169 2378 1224 hoc
2417 1169 2545 1223 vitio
2576 1178 2800 1236 naturae,
2832 1184 2954 1223 cum
2980 1184 3086 1238 quo
3135 1170 3373 1223 nascitur
3410 1171 3574 1224 homo
3596 1212 3613 1238 ,
3645 1187 3740 1226 non

2162 1260 2353 1315 liberat
2373 1261 2471 1314 nisi
2493 1260 2584 1331 qui
2612 1268 2767 1314 natus
2787 1268 2871 1314 est
2888 1260 3004 1313 sine
3025 1259 3170 1313 vitio.
3204 1261 3286 1313 Ab
3312 1259 3413 1314 hac
3434 1276 3603 1316 carne
3625 1277 3738 1331 pec-

2160 1354 2262 1407 cati
2285 1368 2390 1407 non
2419 1354 2607 1407 liberat
2632 1352 2732 1406 nisi
2761 1352 2849 1407 ille
2866 1353 2956 1422 qui
2988 1364 3141 1405 natus
3169 1355 3394 1407 estsine
3419 1366 3742 1424 peecatoper

2160 1443 2558 1497 similitudinem
2606 1443 2782 1496 carnis
2804 1442 3026 1511 peccati.
3053 1442 3135 1496 Ab
3165 1442 3264 1496 hoc
3284 1458 3498 1510 veneno
3527 1459 3741 1513 serpen-

2161 1532 2229 1587 tis
2255 1548 2360 1587 non
2391 1533 2581 1587 liberat
2625 1534 2724 1587 nisi
2760 1533 3011 1588 exaltatio
3054 1535 3339 1603 serpentis.
3370 1535 3514 1602 Quid
3538 1536 3611 1591 ad
3638 1537 3743 1592 hac

2158 1622 2329 1676 dicis?
2354 1622 2563 1677 Satisne
2583 1623 2684 1677 hoc
2705 1624 2813 1678 est?

2234 1715 2324 1770 15.
2368 1713 2765 1786 Pelagianorum
2817 1714 3058 1786 eﬂ’ugium
3080 1757 3094 1780 ,
3148 1716 3270 1769 dum
3316 1727 3565 1787 urgentur
3594 1721 3744 1772 verbis

2159 1807 2387 1876 Apostolt
2406 1807 2470 1860 de
2506 1808 2740 1877 originali
2800 1818 3022 1878 peccato.
3070 1807 3191 1862 Non
3235 1810 3457 1878 primum
3506 1814 3745 1879 peccandi

2158 1899 2484 1970 exemplum,
2530 1902 2619 1954 sed
2682 1901 2890 1971 originis
2947 1909 3203 1968 peccatum
3259 1902 3331 1955 ibi
3381 1902 3741 1973 signiﬁcatur.

2161 1991 2333 2046 Unum
2375 1991 2571 2061 aliquid
2608 1993 3001 2058 acutissimum,
3031 1993 3171 2060 quod
3199 1993 3269 2048 ab
3307 1993 3389 2048 eis
3435 1993 3738 2063 profertur.

2158 2083 2427 2153 paululum
2453 2083 2728 2137 attendite.
2755 2083 2888 2137 Cum
2915 2086 3177 2154 cmperint
3196 2084 3372 2155 urgeri
3399 2086 3585 2140 verbis
3607 2087 3742 2155 Apo-

2156 2175 2282 2231 stoli
2310 2175 2556 2241 dicentis,
2587 2173 2691 2229 Per
2719 2191 2873 2229 unum
2888 2175 3139 2229 hominem
3170 2187 3421 2246 peccatum
3453 2178 3670 2230 intravit
3696 2179 3742 2230 in

2158 2268 2420 2332 mundum,
2452 2278 2500 2322 et
2522 2285 2610 2340 per
2644 2278 2903 2339 peccatum
2926 2287 3060 2324 mors
3083 2279 3165 2333 ,‘et
3192 2272 3266 2323 ita
3289 2271 3340 2324 in
3368 2288 3547 2325 omnes
3577 2272 3738 2325 horai-

2157 2376 2246 2413 nes
2261 2361 2569 2427 pertransiit,
2594 2361 2645 2412 in
2669 2376 2767 2429 quo
2788 2376 2960 2414 omnes
2983 2372 3313 2430 peccaverunt
3338 2362 3521 2431 (Rom.
3545 2379 3595 2428 ν,
3622 2364 3708 2433 12)
3725 2406 3739 2418 .

2154 2470 2273 2523 qua:
2300 2454 2458 2509 verba
2489 2454 2671 2509 nescio
2699 2454 2817 2524 quis
2848 2467 2952 2509 non
2997 2454 3283 2525 intelligat;
3309 2455 3366 2510 in
3402 2455 3598 2525 quibus
3621 2472 3741 2510 ver-

2154 2546 2237 2600 bis
2283 2545 2461 2601 nescio
2503 2553 2677 2599 utrum
2723 2546 3005 2615 quisquam
3048 2548 3412 2615 expositorem
3460 2548 3736 2617 requirat:

2153 2648 2414 2693 conantur
2455 2636 2779 2707 respondere
2803 2680 2817 2704 ,
2847 2646 2902 2691 et
2923 2635 3106 2693 dicere
3124 2678 3139 2703 ,
3169 2637 3289 2692 ideo
3312 2637 3519 2693 dictum
3548 2639 3652 2693 hoc
3677 2639 3741 2693 ab

2153 2732 2431 2800 Apostolo,
2457 2731 2579 2801 quia
2610 2730 2809 2798 primus
2837 2730 3075 2798 peccavit
3121 2731 3287 2785 Adam
3308 2770 3323 2796 ,
3356 2739 3411 2785 et
3436 2731 3527 2799 qui
3558 2742 3739 2801 postea

2154 2832 2527 2894 peccaverunt,
2562 2823 2708 2877 illum
2749 2822 3007 2876 imitando
3047 2831 3420 2891 peccaverunt.
3456 2822 3575 2877 Hoc
3616 2825 3740 2893 quid

2152 2925 2232 2969 est
2264 2913 2405 2967 aliud
2430 2956 2442 2977 ,
2466 2928 2625 2984 quam
2654 2914 2833 2966 conari
2865 2913 3115 2968 tenebras
3138 2922 3322 2982 aperto
3349 2914 3539 2967 lumini
3565 2914 3739 2967 ot‘fnn-

2151 3005 2315 3060 dere?
2364 3001 2633 3056 Peccatum
2665 3019 2756 3072 per
2802 3019 2958 3057 unum
3001 3003 3253 3058 hominem
3298 3004 3521 3066 intravit,
3568 3016 3619 3058 et
3656 3023 3742 3076 per

2153 3105 2407 3165 peccatum
2436 3110 2606 3158 mors;
2636 3104 2681 3148 et
2707 3096 2778 3146 ita
2798 3094 2849 3147 in
2879 3110 3050 3148 omnes
3078 3094 3305 3149 homines
3331 3097 3661 3162 pertransiit,
3690 3098 3739 3148 in

2149 3205 2249 3258 quo
2289 3203 2459 3240 omnes
2502 3194 2848 3257 peccaverunt.
2898 3186 3122 3257 Propter
3161 3187 3514 3241 imitationem
3564 3188 3735 3254 dicis,

2152 3279 2273 3349 quia
2306 3279 2506 3346 primus
2539 3277 2779 3345 peccavit
2806 3277 2994 3332 Adam.

2221 3367 2446 3422 CAPUT
2486 3367 2601 3421 XV.
2623 3397 2695 3407 --
2723 3368 3041 3437 Respondeo
3080 3382 3301 3438 prorsus
3330 3385 3343 3420 :
3377 3367 3494 3421 Non
3536 3369 3737 3437 primus

2153 3460 2386 3529 peccavit
2416 3460 2601 3513 Adam.
2626 3458 2680 3513 Si
2709 3460 2937 3528 primum
2968 3471 3299 3528 precatorem
3331 3460 3590 3529 requiris,
3621 3461 3733 3514 dia-

2150 3552 2327 3606 bolum
2376 3551 2513 3606 vide.
2580 3549 2685 3606 Sed
2713 3551 2929 3604 humani
2983 3552 3197 3621 generis
3264 3566 3498 3605 massam
3557 3554 3733 3611 volens

2148 3642 2430 3697 ostendere
2459 3642 2744 3711 Apostolus
2782 3641 2849 3697 de
2872 3641 3076 3712 origine
3106 3651 3432 3707 venenatam,
3461 3642 3589 3697 ideo
3616 3659 3730 3698 cum

2150 3733 2321 3803 posuit
2361 3732 2501 3787 unde
2532 3733 2639 3786 nati
2675 3746 2859 3787 sumus
2882 3773 2896 3796 ,
2930 3747 3036 3787 non
3062 3747 3186 3789 eum
3227 3749 3385 3802 quem
3414 3733 3612 3789 imitati
3643 3752 3730 3788 su-

2148 3838 2285 3878 mus.
2320 3823 2519 3877 Dicitur
2542 3822 2752 3893 quidem
2796 3832 2848 3877 et
2879 3833 3027 3892 pater
3051 3832 3172 3878 tuus
3191 3866 3206 3889 ,
3227 3838 3387 3894 quem
3423 3822 3591 3879 fueris
3618 3827 3734 3879 imi-

2150 3924 2292 3969 tatus
2318 3931 2330 3966 :
2360 3912 2485 3967 Filii
2518 3914 2616 3966 ntei
2635 3953 2648 3978 ,
2676 3913 2874 3982 inquit,
2901 3929 3024 3978 quos
3068 3914 3245 3967 iterum
3286 3914 3517 3982 partuﬁo
3539 3915 3729 3985 (Gala.

2147 4020 2218 4069 tv,
2245 4003 2353 4072 i9).
2382 4003 2480 4070 Qui
2508 4002 2685 4057 itidem
2721 4002 2848 4057 dicit
2873 4021 2885 4056 :
2911 4001 3201 4057 lmitatorcs
3231 4005 3330 4057 mei
3357 4015 3518 4058 estote
3541 4004 3586 4077 (1
3613 4004 3730 4061 Cor.

2146 4111 2223 4161 tv,
2258 4097 2366 4166 16).
2396 4095 2461 4149 Ει
2484 4106 2699 4165 propter
2728 4094 2895 4163 ipsam
2921 4095 3273 4150 imitationem
3291 4093 3494 4150 dicitur
3516 4097 3728 4166 impiis:

2156 4187 2257 4243 Vos
2277 4206 2308 4241 α
2333 4198 2474 4259 patre
2498 4187 2696 4241 diabolo
2724 4189 2839 4242 estis
2873 4186 3051 4263 (Joan.
3077 4204 3189 4254 vut,
3212 4187 3326 4259 ιι).
3361 4189 3499 4244 Nam
3525 4203 3733 4245 constat

2145 4283 2197 4337 in
2224 4282 2481 4337 catholica
2506 4281 2625 4345 fide,
2651 4279 2788 4349 quod
2813 4279 3055 4336 diabolus
3077 4297 3173 4337 nec
3187 4284 3459 4351 generavit
3497 4296 3731 4339 nostram

2146 4383 2411 4438 naturam,
2460 4387 2558 4428 nec
2596 4371 2831 4430 condidit
2878 4390 2891 4426 :
2950 4374 3061 4428 sola
3105 4374 3155 4428 in
3207 4374 3299 4429 illo
3359 4375 3608 4431 seductio
3654 4387 3734 4431 est

2149 4465 2531 4537 prrccedentis,
2578 4465 2800 4519 imitatio
2843 4465 3241 4535 consequentis.
3302 4466 3550 4537 Denique
3595 4484 3732 4538 quo-

2144 4557 2302 4612 modo
2329 4556 2528 4611 dictum
2558 4564 2639 4611 est
2665 4554 2732 4610 de
2753 4554 2944 4617 Adam,
2970 4553 3034 4608 In
3055 4572 3154 4623 quo
3172 4572 3342 4610 omnes
3359 4570 3733 4626 peccaverunt;

2143 4648 2346 4719 legatur
2372 4647 2499 4702 mihi
2534 4647 2725 4701 alicubi
2750 4688 2763 4708 ,
2791 4644 2990 4701 Omnes
3026 4647 3077 4699 in
3108 4645 3316 4701 diabolo
3348 4660 3726 4716 peccaverunt.

2142 4741 2299 4794 Aliud
2329 4749 2409 4795 est
2435 4739 2524 4793 illo
2555 4737 2886 4809 praecedente
2908 4746 2962 4792 et
2982 4737 3267 4791 seducente
3298 4753 3526 4806 peccare
3545 4783 3560 4804 ,
3589 4740 3727 4793 aliud

2143 4833 2193 4885 in
2224 4833 2312 4886 illo
2340 4847 2578 4901 peccare.
2603 4832 2732 4898 Quia
2756 4830 3047 4884 secundum
3089 4831 3433 4899 propaginem
3474 4837 3655 4887 carnis
3680 4835 3726 4887 in

2141 4923 2230 4977 illo
2249 4936 2460 4977 eramus
2484 4936 2693 4985 omnes,
2718 4929 2999 4989 antequam
3027 4920 3133 4973 nati
3166 4936 3409 4975 essemus
3430 4964 3443 4984 ,
3478 4933 3726 4995 tanquam

2144 5013 2197 5068 in
2225 5022 2467 5083 parente,
2497 5020 2745 5081 tanquam
2774 5010 2825 5063 in
2862 5009 3037 5063 radice
3067 5009 3135 5063 ibi
3170 5025 3384 5064 eramus
3413 5029 3427 5066 :
3457 5013 3540 5067 sic
3569 5029 3727 5067 vene-

2142 5113 2265 5158 nata
2288 5113 2368 5158 est
2390 5103 2489 5158 ista
2515 5102 2692 5166 arbor,
2717 5100 2806 5155 ubi
2833 5114 3066 5155 eramus.
3104 5099 3234 5155 Nam
3265 5102 3390 5171 quia
3423 5102 3495 5157 ad
3541 5102 3725 5158 diabo-

2142 5196 2271 5262 lum,
2328 5195 2427 5250 hoc
2465 5203 2567 5260 est,
2620 5192 2915 5264 principem
2966 5192 3165 5263 peccati
3190 5234 3205 5259 ,
3241 5203 3295 5247 et
3333 5209 3462 5249 vere
3497 5196 3723 5265 primum

2139 5298 2494 5358 peecatorem,
2524 5300 2630 5340 non
2657 5286 2886 5355 pertinet
2914 5286 3084 5354 origo,
3112 5284 3207 5339 sed
3232 5284 3491 5351 imitatio;
3513 5303 3637 5344 cum
3663 5288 3728 5342 dc

2142 5379 2232 5433 illo
2255 5379 2529 5448 Scriptura
2549 5378 2875 5447 loqueretur,
2894 5374 3116 5441 Invidia,
3140 5374 3327 5446 inquit,
3353 5377 3568 5443 diaboli,
3594 5395 3729 5433 mers

2139 5472 2343 5526 intravit
2370 5471 2419 5523 in
2455 5470 2622 5524 orbem
2658 5480 2905 5524 terrarum
2935 5484 2953 5520 :
2982 5468 3247 5522 imitantur
3282 5480 3455 5524 autem
3480 5488 3618 5537 eum,
3645 5473 3728 5539 qui

2138 5575 2253 5618 sunt
2302 5582 2363 5618 ex
2404 5572 2546 5634 parte.
2586 5563 2746 5633 ipsius
2771 5560 2924 5631 (Sap.
2950 5576 3006 5623 ιι.
3037 5559 3261 5631 26,25).
3304 5559 3570 5617 imitando
3604 5580 3724 5618 eum

2140 5657 2271 5711 liunt
2297 5672 2360 5709 cx
2392 5662 2539 5723 parte.
2566 5653 2752 5724 ipsius.
2775 5650 3038 5717 Numquid
3060 5651 3257 5706 dictum
3276 5662 3376 5723 est,
3415 5651 3471 5707 In
3495 5654 3587 5709 illo
3604 5671 3729 5724 pcc~

2137 5749 2426 5807 caverunt?
2454 5748 2584 5803 Cum
2608 5761 2735 5803 vero
2762 5744 2829 5801 de
2854 5743 3023 5801 Adam
3054 5743 3339 5811 diceretur,
3373 5734 3595 5816 propter
3616 5749 3720 5802 ori-
