3974 6170
229 380 362 435 1545

218 498 397 563 ginem
425 532 444 561 ,
476 502 694 563 prepter
740 475 1102 563 posteritatem
1127 534 1142 560 ,
1195 502 1409 562 propter
1456 492 1795 562 propaginem

217 585 503 651 viscerum,
531 583 597 638 In
620 600 721 656 quo
748 599 920 638 omnes
937 625 954 650 ,
986 584 1189 653 inquit,
1222 593 1565 651 peccaverunt.
1594 582 1727 647 Nam
1754 584 1799 638 si

217 684 495 746 propterea
522 677 727 746 primus
765 676 1088 732 constitutus
1115 684 1198 730 est
1225 674 1412 740 Adam,
1442 676 1563 745 quia
1598 677 1801 744 primus

214 768 485 837 peccavit,
518 780 768 840 tanquam
809 771 862 825 in
905 773 1150 841 exemplo
1191 773 1293 836 sit,
1326 787 1431 825 non
1461 772 1510 824 in
1556 769 1795 840 origine;

213 857 398 928 utquid
450 867 553 914 tam
592 860 646 914 in
690 860 1009 932 longinquo,
1039 872 1157 933 post
1186 873 1291 917 tam
1329 863 1529 932 prolixa
1560 873 1801 931 tempora

211 957 397 1001 contra
426 946 596 1004 Adam
620 950 875 1019 quaeritur
892 948 1172 1007 Christus?
1201 952 1257 1007 Si
1285 966 1471 1006 omnes
1495 963 1801 1021 peccatores

212 1036 277 1091 ad
299 1037 469 1092 Adam
495 1048 770 1109 propterea
799 1042 1086 1110 pertinent,
1117 1044 1239 1112 quia
1273 1044 1476 1113 primus
1503 1050 1794 1113 peccator:

212 1144 400 1185 omnes
434 1131 560 1199 justi
595 1131 892 1188 debuerunt
931 1134 997 1188 ad
1035 1136 1164 1189 Abel
1210 1136 1498 1203 pertinere,
1523 1135 1641 1203 quia
1689 1134 1799 1203 pri-

213 1220 539 1289 musjustus.
566 1221 743 1288 Quare
765 1223 1010 1278 Christus
1052 1225 1345 1294 qumritur?
1373 1225 1756 1294 Expergiscere
1780 1263 1795 1289 ,

212 1307 396 1365 frater.
440 1311 615 1377 Quare
640 1311 885 1369 Christus
928 1316 1343 1385 qumritur,nisi
1369 1317 1491 1386 quia
1534 1317 1587 1371 in
1627 1317 1797 1371 Adam

210 1399 458 1456 damnata
492 1413 574 1458 est
601 1406 877 1473 generatio
898 1447 913 1473 ,
944 1407 998 1460 in
1023 1406 1237 1462 Christo
1273 1408 1533 1478 qumritur
1577 1423 1798 1478 regene‘

210 1490 347 1542 ratio
362 1489 385 1542 ?
1042 1546 1047 1549 _

282 1581 507 1638 CAPUT
544 1583 684 1639 XVI.
716 1614 788 1624 —
817 1585 901 1641 16.
931 1586 1326 1658 Pelagianorum
1370 1589 1584 1658 objectio
1621 1598 1797 1642 contra

209 1680 468 1734 peccatum
495 1674 759 1743 originale,
790 1673 892 1729 Cur
916 1675 979 1729 de
1008 1677 1261 1745 baptizata
1287 1693 1388 1731 non
1414 1679 1589 1747 justus
1630 1678 1798 1731 nasci-

209 1769 312 1815 tur.
344 1761 577 1817 Proinde
615 1780 775 1818 nemo
801 1780 899 1820 nos
920 1765 1068 1820 fallat
1098 1785 1110 1820 :
1138 1765 1410 1836 Scriptura
1438 1768 1658 1822 evidens
1688 1776 1793 1832 est,

205 1855 498 1909 auctoritas
515 1854 880 1911 fundatissima
904 1864 1014 1923 est,
1044 1858 1176 1913 ﬁdes
1204 1859 1616 1914 catholicis$ima
1646 1869 1729 1913 est
1752 1858 1791 1910 ί.

205 1945 393 2001 Omnis
426 1958 747 2017 generatus,
793 1949 1075 2003 damnatus
1103 1967 1115 2001 :
1164 1966 1323 2005 nemo
1368 1951 1620 2005 liberatus
1644 1990 1660 2015 ,
1693 1950 1793 2003 nisi

205 2048 570 2108 regeneratus.
597 2038 749 2094 Unde
772 2047 827 2094 et
852 2040 1004 2093 alteri
1038 2040 1285 2093 versutizr.
1306 2039 1514 2094 illorum
1546 2040 1656 2109 jam
1700 2052 1795 2093 vos

205 2129 448 2183 instructi
490 2128 844 2196 respondete,
872 2129 1171 2185 charissimi
1202 2132 1450 2200 :quaudo
1487 2130 1707 2193 dicunt,
1740 2141 1795 2185 et

204 2219 456 2285 parvulos
504 2220 735 2283 turbant,
780 2220 834 2275 Si
882 2220 951 2275 de
995 2230 1277 2290 peccatore
1328 2232 1637 2289 peccatores
1683 2222 1791 2275 nati

199 2312 365 2363 sunt,
390 2317 552 2367 quare
584 2317 686 2356 non
717 2302 786 2357 de
818 2302 1085 2371 baptizata
1108 2303 1217 2371 jam
1262 2303 1423 2365 fideli.
1456 2305 1539 2357 cui
1571 2304 1791 2357 remissa

201 2399 334 2444 sunt
362 2392 606 2443 niiiversa
632 2400 853 2460 peccata
875 2433 890 2454 ,
915 2392 1043 2459 justi
1072 2396 1397 2447 nascuntur?
1424 2393 1540 2446 Cito
1568 2407 1792 2461 respon-

198 2480 326 2535 dete
356 2500 367 2533 :
404 2480 527 2534 Ideo
555 2482 620 2534 de
650 2482 913 2550 baptizato
939 2499 1046 2536 non
1071 2483 1244 2551 justus
1270 2483 1522 2545 nascitur,
1545 2483 1665 2551 quia
1686 2498 1791 2535 non

201 2586 327 2624 cum
358 2580 575 2640 generat
609 2571 747 2625 unde
768 2581 1116 2640 regeneratus
1145 2582 1246 2637 est,
1277 2573 1369 2626 sed
1398 2572 1538 2627 unde
1564 2588 1793 2642 genera-

202 2671 291 2712 tus
318 2642 421 2715 est.
453 2660 526 2713 Dc
550 2658 762 2713 Christo
792 2661 989 2714 dictum
1017 2672 1119 2723 est,
1153 2661 1493 2729 Mortiﬁcatus
1520 2679 1689 2726 carne,
1721 2663 1796 2714 vi-

201 2750 433 2818 viﬁcatus
479 2750 660 2819 spiritu
690 2748 732 2820 (l
760 2749 901 2803 Petr.
947 2766 1035 2812 ιιι,
1070 2748 1161 2819 18)
1188 2767 1199 2803 :
1232 2752 1309 2803 sic
1332 2749 1400 2804 de
1433 2750 1645 2804 homine
1688 2749 1791 2802 dici

200 2839 750 2909 poti-st,'l"abefactus
790 2839 1347 2909 carne',justiﬁcatus
1391 2840 1600 2909 Spiritu.
1647 2839 1794 2905 Quod

200 2933 425 2985 nascitur
450 2932 513 2985 de
556 2948 708 2984 carne
727 2972 739 2993 ,
762 2948 880 2984 caro
911 2940 1000 2985 est.
1030 2932 1236 2998 Qum-ris
1267 2940 1322 2984 nt
1348 2930 1415 2984 de
1447 2931 1592 2999 justo
1615 2930 1793 2999 justus

200 3031 453 3078 nascatur
474 3063 490 3089 ,
519 3038 638 3077 cum
684 3022 868 3077 videas
904 3020 1103 3091 justum
1133 3038 1254 3077 esse
1286 3023 1385 3076 nisi
1417 3030 1790 3090 regeneratum

198 3115 422 3168 oninino
453 3131 555 3167 non
587 3129 762 3181 posse.
803 3114 913 3167 Nec
941 3113 1170 3167 attendis
1199 3113 1407 3166 Domini
1450 3113 1788 3177 sententiam,

196 3219 360 3271 quam
394 3211 446 3255 tu
470 3203 582 3270 ipse
612 3202 663 3255 in
694 3218 786 3256 ore
810 3203 970 3255 habes
1003 3220 1016 3253 :
1049 3202 1109 3255 Si
1135 3205 1246 3269 quis
1273 3218 1373 3254 non
1412 3210 1616 3254 renatus
1644 3201 1792 3273 fuerit

195 3310 263 3347 ex
287 3309 417 3361 aqua
438 3302 483 3345 et
514 3292 711 3360 Spiritu
743 3290 923 3360 (Joan.
947 3307 1025 3354 Ill,
1055 3292 1109 3356 6,
1136 3291 1213 3362 5).
1249 3291 1382 3345 Puto
1408 3291 1528 3361 quia
1556 3307 1658 3344 non
1692 3290 1793 3344 hoc

199 3386 400 3440 factum
429 3385 585 3438 estin
623 3384 930 3438 concubitu.
964 3383 1171 3436 Miraris
1199 3397 1364 3452 quare
1400 3391 1795 3453 peccator'nas-

195 3487 356 3531 catur
382 3475 450 3530 de
480 3475 683 3529 semine
704 3474 832 3543 justi
863 3491 874 3527 :
910 3489 1013 3527 non
1057 3482 1111 3528 te
1143 3473 1375 3528 delectat
1419 3473 1597 3527 mirari
1624 3488 1790 3542 quare

199 3570 438 3620 oleaster
476 3574 725 3619 nascatur
748 3564 813 3618 de
854 3564 1056 3618 semine
1086 3564 1276 3617 olivm?
1304 3565 1497 3633 Accipe
1533 3563 1690 3615 aliam
1721 3562 1794 3614 si-

208 3655 583 3711 militudinem.
616 3654 819 3707 .Iustum
854 3653 1209 3723 baptizatum,
1240 3668 1379 3720 pone
1405 3668 1627 3721 granum
1664 3667 1790 3719 pur-

197 3757 382 3817 gntum
413 3764 425 3799 :
460 3761 563 3798 non
594 3744 844 3809 altendis,
873 3745 992 3812 quia
1019 3743 1086 3797 de
1118 3757 1282 3812 grano
1311 3732 1531 3811 purgato
1559 3741 1793 3817 frumen-

205 3852 319 3889 tum
347 3851 466 3889 cum
509 3835 659 3904 palea
690 3834 955 3898 nascitur,
978 3832 1095 3886 sine
1122 3848 1224 3901 qua
1256 3831 1566 3886 seminatur.
1592 3830 1794 3884 Deinde

200 3946 325 3981 cum
357 3928 426 3980 sit
464 3928 513 3980 in
549 3926 835 3997 propagine
860 3932 1106 3978 natorum
1135 3926 1409 3993 generatio
1441 3923 1670 3977 Carnalis
1694 3963 1710 3989 ,
1740 3924 1789 3976 in

202 4023 491 4091 propagine
535 4029 840 4074 renatorum
876 4017 1149 4088 generatio
1191 4016 1479 4086 spiritualis
1500 4057 1514 4079 ,
1542 4016 1620 4067 vis
1642 4023 1697 4067 nt
1726 4015 1792 4067 de

204 4114 472 4187 baptizata
497 4112 794 4180 baptizatus
823 4119 1097 4175 nascatur,
1128 4123 1249 4163 cum
1271 4107 1451 4162 videas
1477 4106 1544 4160 de
1567 4108 1794 4160 circnm-

200 4205 317 4258 ciso
360 4219 464 4255 non
496 4202 640 4256 nasci
678 4201 1098 4256 circumcisum?
1125 4199 1365 4253 Carnalis
1397 4207 1480 4252 est
1508 4210 1650 4252 certe
1693 4198 1791 4250 ista

201 4293 506 4364 generatio,
535 4303 589 4346 ct
628 4293 858 4346 carnalis
895 4300 978 4346 est
1010 4291 1374 4353 circumcisio,
1414 4298 1470 4344 et
1507 4298 1682 4343 tamen
1725 4289 1792 4343 de

202 4388 519 4440 circumciso
549 4400 653 4438 non
683 4383 919 4438 nascitur
942 4383 1288 4437 circumcisus
1320 4399 1333 4434 :
1357 4381 1435 4436 sic
1459 4396 1585 4451 ergo
1610 4381 1675 4435 de
1702 4381 1792 4434 ba-

203 4480 403 4547 plizuto
430 4492 536 4529 non
569 4484 742 4544 potest
770 4475 916 4529 nasci
948 4474 1273 4543 baptizatus;
1304 4473 1425 4543 quia
1452 4488 1610 4527 nemo
1642 4488 1794 4527 rena-

206 4582 315 4633 tos,
344 4578 625 4637 antequam
655 4576 833 4621 natus.

279 4661 504 4717 CAPUT
547 4660 705 4715 XVII.
737 4689 808 4700 —
835 4659 920 4714 l7.
943 4658 1061 4712 Alia
1095 4658 1386 4712 earumdem
1418 4657 1668 4710 cavillatio
1708 4673 1795 4719 ra;-

206 4752 449 4823 ploditnr.
471 4749 698 4804 Christus
722 4749 850 4802 nihil
874 4748 1079 4820 prodest
1116 4764 1217 4800 non
1250 4745 1580 4799 credentibus.
1611 4743 1796 4814 Infan-

206 4845 337 4897 tibus
361 4840 627 4912 baptizatis
651 4840 851 4910 prodest
881 4837 1129 4893 Christus.
1152 4835 1386 4907 Infantes
1415 4835 1652 4904 baptizari
1684 4850 1794 4887 vere
1870 4856 1883 4863 ι

207 4934 461 4987 credentes
485 4932 703 4985 aliorum
731 4930 852 4999 ﬁde.
886 4926 1120 4999 Infantes
1140 4928 1347 4981 credunt
1377 4926 1477 4994 ﬁde
1508 4936 1790 4991 parentum.

207 5021 366 5080 Aliud
385 5036 571 5077 eorum
590 5021 739 5090 quasi
765 5019 1124 5075 acutissimum
1151 5036 1163 5071 :
1191 5017 1285 5073 sed
1306 5016 1430 5087 quid
1456 5026 1665 5071 acutum
1689 5031 1793 5070 non

206 5113 517 5167 obtunditur
539 5120 689 5166 scuto
712 5110 991 5165 veritatis?
1015 5109 1170 5164 Aliud
1196 5108 1399 5175 dicunt,
1423 5107 1600 5162 videte
1620 5107 1793 5176 quale.

206 5207 264 5258 Si
289 5203 460 5257 Adam
486 5244 499 5267 ,
530 5201 776 5272 inquiunt
798 5243 812 5266 ,
846 5210 1003 5255 nocet
1033 5201 1115 5254 his
1138 5200 1226 5270 qui
1264 5214 1367 5253 non
1408 5207 1793 5267 peccaverunt;

205 5309 338 5367 ergo
375 5304 427 5349 et
469 5292 709 5349 Christus
754 5293 1006 5362 prodesse
1048 5291 1206 5345 debet
1244 5292 1403 5344 etiam
1446 5290 1527 5344 his
1572 5290 1660 5359 qui
1692 5306 1797 5341 non

206 5386 568 5443 crediderunt.
606 5384 807 5441 Videtis
847 5392 992 5438 certe
1017 5398 1174 5452 quam
1217 5380 1319 5436 hoc
1347 5390 1560 5436 acutum
1581 5382 1650 5435 sit
1670 5396 1798 5434 con-

209 5491 289 5532 tra
330 5478 610 5532 veritatem
649 5493 661 5528 :
708 5474 886 5530 audite
933 5482 1187 5544 quantum
1233 5472 1447 5540 adjuvet
1496 5472 1797 5526 veritatem.

275 5614 290 5644 ι
322 5611 518 5680 Aliquot.
533 5616 662 5668 Mss,
679 5607 943 5680 scriptura:
964 5604 1157 5680 evidens
1180 5613 1248 5656 est
1273 5602 1549 5659 mtctoritas,
1572 5602 1822 5667 fundatis-

212 5674 336 5725 sima
356 5668 425 5723 esi
447 5670 587 5737 ﬁdes,
602 5668 981 5737 catholicissima
1001 5675 1087 5737 est.

280 5738 300 5767 ³
320 5727 457 5792 Loco;
479 5727 759 5794 tabefactus.
796 5730 1000 5779 habetur
1020 5730 1070 5779 in
1094 5736 1222 5790 Mss,
1242 5727 1522 5788 tabificattts.

1616 379 1839 436 5ιίῐίΜο
1874 376 2143 436 CCXCIV.

3354 383 3491 439 15ὧὸ

1912 497 2012 563 Qui
2041 497 2184 552 enim
2212 496 2313 552 hoc
2356 496 2521 563 dicit,
2553 498 2684 553 nihil
2707 498 2849 554 aliud
2871 541 2886 568 ,
2917 499 3019 554 nisi
3058 499 3328 555 Christum
3359 504 3487 557 Inhil

1910 587 2162 656 prodesse
2196 601 2300 641 non
2330 586 2690 644 credentibus.
2731 588 2845 643 Hoc
2872 597 2955 644 est
2982 604 3183 644 verum.
3223 591 3353 657 Quis
3380 607 3487 646 non

1904 688 2161 746 acceptet.
2184 678 2314 747 Quis
2335 694 2438 733 non
2458 681 2799 746 consentiat,
2819 682 2943 750 quia
2969 681 3214 736 Christus
3242 697 3346 735 non
3369 698 3487 737 crc-

1904 766 2150 823 dentibns
2172 784 2275 823 non
2315 768 2562 838 prodest,
2590 769 2931 825 credentibus
2972 771 3229 841 prodest?
3257 772 3358 826 Sed
3402 773 3493 825 die

1906 856 2056 919 mihi,
2078 858 2302 913 obsecro
2324 867 2395 924 te,
2417 859 2656 913 Parvulis
2686 859 2961 928 baptizatis
2999 860 3242 914 Christus
3264 860 3489 928 aliquid.

1903 965 1970 1003 an
2007 948 2136 1002 nihil
2164 949 2416 1018 prodest?
2434 947 2666 1005 Necesse
2689 960 2772 1004 cst
2800 959 2858 1004 ut
2875 950 3018 1005 dicat
3038 951 3290 1019 prodesse
3320 966 3333 1001 :
3368 964 3486 1014 pre-

1904 1040 2067 1094 mitur
2099 1042 2239 1096 mole
2274 1042 2460 1096 matris
2505 1041 2779 1096 Ecclesiae.
2825 1042 2986 1097 Forte
3028 1042 3240 1112 quidem
3283 1039 3490 1094 vellent

1902 1130 2005 1187 hoc
2032 1132 2238 1195 dicere;
2269 1148 2389 1187 nam
2414 1134 2843 1189 ratiocinationes
2869 1148 3051 1190 eorum
3073 1132 3142 1189 ad
3167 1134 3270 1189 hoc
3294 1131 3487 1188 viden-

1902 1232 1990 1279 tur
2028 1225 2347 1295 compellere
2376 1244 2390 1280 :
2422 1226 2515 1281 sed
2554 1226 2867 1281 auctoritate
2908 1227 3269 1295 reprimuntur
3301 1227 3483 1279 Eccle-

1902 1316 1997 1371 sia:
2019 1358 2035 1385 ,
2063 1331 2132 1371 ne
2160 1330 2267 1371 non
2294 1316 2467 1373 dicam
2518 1318 2687 1387 sputis
2727 1317 3003 1372 hominum
3029 1318 3318 1372 obruantur
3339 1358 3354 1383 ,
3386 1317 3483 1371 sed

1902 1406 2137 1473 ipsiirum
2184 1407 2459 1462 infantium
2506 1408 2753 1477 lac’rymis
2799 1420 3047 1479 tanquam
3086 1408 3246 1463 ﬂuvio
3273 1417 3479 1477 pertra-

1903 1496 2115 1552 hantur.
2153 1498 2208 1553 Si
2252 1500 2394 1554 enim
2431 1499 2695 1565 dixerint,
2740 1500 2871 1555 nihil
2917 1500 3168 1569 prodesse
3211 1500 3481 1555 Christum

1902 1587 2179 1656 baptizatis
2202 1589 2518 1655 infantibus;
2550 1592 2678 1645 nihil
2702 1591 2843 1645 aliud
2871 1591 3053 1645 dicunt
3073 1605 3250 1660 quam,
3277 1589 3481 1657 Super-

1900 1688 2008 1741 Iluo
2056 1688 2385 1757 baptizaulut‘
2432 1687 2679 1743 infantes.
2727 1689 2796 1744 Ut
2824 1697 3000 1744 autem
3052 1703 3159 1743 non
3210 1688 3481 1756 superﬂuo

1901 1780 2264 1848 baptizentur,
2311 1782 2433 1850 quia
2464 1782 2566 1837 hoc
2601 1781 2777 1837 dicere
2819 1797 2924 1836 non
2964 1781 3194 1847 audent,
3226 1780 3480 1850 prodesse

1899 1873 2168 1927 Christum
2194 1875 2467 1943 baptizatis
2497 1874 2786 1929 infantibus
2805 1874 3143 1930 conﬁtentur.

1968 1963 2197 2019 CAPUT
2236 1964 2418 2018 XVIII.
2457 1994 2531 2004 -—
2570 1965 2627 2019 Si
2674 1965 2892 2033 prodest
2934 1965 3246 2033 haptizatis,
3295 1979 3479 2034 qumro

1898 2055 2089 2124 quibus
2119 2056 2306 2124 prosit,
2337 2055 2698 2120 credentibus,
2741 2071 2805 2110 an
2833 2071 2941 2110 non
2970 2056 3350 2112 credentibus?
3371 2057 3479 2110 Eli-

1897 2155 2023 2216 gant
2051 2146 2193 2216 quod
2219 2147 2419 2200 volunt.
2454 2145 2510 2201 Si
2539 2147 2801 2213 dixerint,
2830 2148 2945 2202 Non
2974 2147 3315 2204 credentibus
3344 2165 3357 2198 :
3388 2147 3477 2200 ubi

1898 2243 1982 2290 est
2006 2250 2134 2305 ergo
2160 2237 2301 2304 quod
2338 2238 2751 2291 calumniabaris
2774 2278 2788 2303 ,
2816 2237 2937 2306 quia
2965 2236 3208 2292 Christus
3227 2252 3332 2290 non
3356 2253 3477 2292 cre-

1898 2327 2146 2381 dentibus
2197 2328 2448 2395 prodesse
2501 2344 2605 2381 non
2661 2328 2873 2397 potest?
2916 2328 3055 2382 Ecce
3107 2339 3161 2381 tu
3209 2328 3478 2382 conﬁteris

1898 2417 2153 2487 prodesse
2205 2418 2522 2482 infantibus,
2571 2434 2674 2479 non
2746 2428 2923 2473 tamen
2976 2418 3336 2473 credentibus.
3395 2419 3475 2472 Ad

1897 2509 2171 2579 quodlibet
2224 2510 2439 2579 prodest
2475 2526 2489 2562 :
2522 2526 2627 2564 non
2679 2520 2829 2579 putas
2879 2511 2945 2565 ad
2992 2510 3153 2564 vitam
3200 2519 3475 2574 aeternam,

1898 2618 2002 2655 non
2042 2611 2192 2670 putas
2229 2603 2294 2655 ad
2339 2603 2560 2655 salutem
2601 2612 2851 2656 arternam
2887 2619 2900 2654 :
2934 2601 2999 2656 ad
3043 2603 3214 2671 ipsum
3255 2618 3475 2670 regnum

1896 2694 2150 2747 caelorum
2175 2692 2568 2762 percipiendum
2592 2693 2769 2763 utique
2795 2691 3267 2762 prodestChristus
3287 2707 3480 2762 parvu-

1899 2785 1964 2837 lis
2018 2785 2312 2852 baptizatis.
2369 2785 2590 2839 Prodest
2616 2801 2742 2855 ergo
2799 2800 2903 2838 non
2948 2785 3321 2840 credentibus?
3371 2784 3477 2839 Sed

1899 2876 2071 2939 absit,
2100 2885 2155 2928 ut
2182 2891 2280 2943 ego
2318 2876 2490 2928 dicam
2515 2893 2617 2929 non
2646 2876 2924 2930 credentes
2952 2877 3193 2930 infantes.
3236 2876 3351 2929 .Iam
3383 2890 3475 2928 sn-

1898 2968 2077 3036 perius
2096 2967 2357 3035 disputavi
2378 3008 2392 3027 .
2422 2968 2590 3022 credit
2613 2969 2665 3022 in
2687 2969 2852 3024 altero
2873 3009 2889 3036 ,
2922 2970 3011 3039 qui
3050 2968 3285 3039 peccavit
3314 2970 3365 3023 in
3396 2968 3475 3023 al-

1899 3068 2012 3111 tero
2047 3075 2059 3110 :
2085 3057 2313 3123 dicitur,
2337 3059 2549 3123 Credit;
2577 3068 2631 3114 et
2658 3061 2818 3125 valet,
2848 3069 2899 3116 et
2925 3061 3065 3116 inter
3105 3061 3288 3116 fideles
3308 3061 3478 3130 bapti-

1899 3157 2046 3203 zatos
2070 3160 2425 3216 computatur.
2454 3151 2562 3204 Hoc
2578 3154 2737 3208 habet
2752 3153 3041 3208 auctoritas
3071 3154 3256 3206 matris
3292 3153 3475 3205 Eccle-

1896 3238 2010 3301 siae,
2044 3238 2145 3293 hoc
2170 3238 2416 3294 fundatus
2442 3242 2678 3296 veritatis
2699 3242 2901 3297 obtinet
2926 3257 3094 3296 canon
3129 3260 3142 3296 :
3170 3253 3351 3296 contra
3375 3242 3477 3296 hoc

1897 3329 2063 3383 robur
2085 3372 2099 3394 ,
2129 3339 2309 3384 contra
2343 3330 2483 3384 hunc
2512 3331 2971 3402 inexpugnabilem
3001 3348 3210 3385 murum
3238 3333 3479 3402 quisquis

1897 3421 2117 3483 arietat,
2142 3419 2256 3487 ipse
2279 3419 2647 3488 confringitnr.
2689 3423 2828 3490 Ergo
2867 3423 3083 3489 prodest
3107 3422 3347 3475 Christus
3377 3424 3475 3475 ali-

1897 3509 2025 3577 quid
2061 3508 2352 3562 inl'antibus
2381 3509 2691 3576 baptizatis;
2723 3521 2775 3563 et
2810 3513 2945 3563 sicut
2965 3525 3064 3579 ego
3083 3512 3203 3564 dico
3224 3553 3236 3575 ,
3264 3513 3478 3566 cLsicut

1898 3613 2104 3651 mecum
2131 3607 2237 3651 tota
2275 3598 2508 3651 Ecclesia
2539 3598 2688 3659 dicit,
2718 3599 3055 3653 credentibus
3084 3601 3314 3667 prodest,
3348 3599 3475 3652 ﬁde-

1899 3688 2035 3741 libus
2060 3691 2275 3756 prodest
2298 3705 2310 3739 :
2337 3698 2390 3742 tu
2417 3688 2556 3756 quod
2579 3690 2655 3742 vis
2682 3691 2835 3759 elige.
2862 3689 2997 3744 Volo
3023 3692 3234 3761 quidem
3263 3703 3317 3745 ut
3337 3694 3477 3761 (ιιιυίι

1898 3779 2073 3833 verius
2099 3790 2199 3844 est,
2225 3781 2424 3849 eligas;
2452 3791 2507 3834 ut
2532 3781 2804 3835 nobiscum
2829 3783 2976 3838 dicas
2999 3784 3119 3854 quia
3141 3786 3480 3841 credentibus

1900 3869 2132 3938 prodest.
2182 3871 2285 3924 Sed
2342 3871 2387 3924 si
2432 3872 2656 3934 dixeris,
2697 3872 2811 3928 Non
2855 3874 3190 3930 credentibus
3235 3878 3476 3945 prodest;

1896 3971 2077 4013 contra
2102 3971 2151 4013 te
2176 3961 2375 4015 dixisti.
2400 3962 2454 4016 Si
2482 3963 2697 4030 dixeris,
2726 3966 3079 4021 Credentibus
3097 3968 3342 4036 prodest;
3368 3984 3482 4022 mc—

1897 4066 2016 4104 cum
2046 4052 2244 4105 dixisti.
2275 4052 2444 4123 Elige,
2479 4065 2651 4109 utrum
2674 4067 2858 4111 contra
2888 4067 2937 4111 te
2954 4058 3097 4112 dicas
3117 4059 3255 4127 quod
3287 4059 3476 4113 falsum

1898 4155 1998 4205 ρει,
2031 4158 2096 4194 an
2127 4159 2330 4197 mecum
2362 4145 2507 4199 dicas
2537 4147 2676 4215 quod
2703 4164 2884 4203 verum
2916 4157 3017 4203 est.
3042 4148 3120 4204 Tu
3150 4152 3291 4203 enim
3326 4152 3480 4218 paulo

1898 4239 2022 4284 ante
2050 4231 2303 4299 dicebas,
2333 4233 2606 4289 Christum
2635 4252 2739 4291 non
2777 4239 3119 4293 credentibus
3166 4241 3295 4294 nihil
3324 4241 3481 4309 prod-

1897 4335 2037 4385 cssr,
2067 4322 2250 4375 volens
2286 4323 2499 4377 efﬁcere
2535 4328 2654 4394 quia
2692 4329 2770 4381 sic
2797 4337 2852 4383 et
2878 4329 3045 4384 Adam
3071 4347 3178 4386 non
3216 4309 3482 4401 peccanti-

1902 4410 2001 4465 bus
2050 4413 2177 4466 nihil
2204 4415 2402 4480 nocuit,
2435 4419 2702 4484 quomodo
2738 4419 2982 4475 Christus
3020 4439 3120 4476 non
3142 4426 3481 4481 credentibus

1900 4505 2029 4557 nihil
2071 4507 2305 4574 prodest.
2356 4506 2494 4563 Ecce
2532 4509 2640 4577 jam
2679 4510 2862 4567 fateris
2904 4512 3192 4573 infantibus
3234 4535 3338 4573 non
3366 4536 3482 4577 cre-

1900 4594 2152 4648 dentibus
2182 4596 2457 4665 bnptizatis
2485 4600 2679 4670 aliquid
2708 4603 2963 4671 prodesse
2986 4603 3272 4663 Christum.
3306 4608 3410 4665 Sed
3437 4613 3480 4665 si

1901 4685 2243 4740 credentibus
2267 4688 2401 4743 dicis
2426 4730 2438 4751 ,
2470 4690 2604 4747 bene
2626 4691 2758 4748 dicis
2778 4736 2793 4761 ,
2822 4711 3031 4750 mecum
3065 4697 3196 4753 dicis
3216 4742 3229 4766 ,
3259 4703 3483 4756 credunt

1900 4784 1953 4828 et
1983 4776 2229 4832 infantes.

1973 4867 2194 4924 CAPUT
2236 4871 2373 4926 XIX.
2416 4903 2487 4912 —
2533 4873 2682 4929 Unde
2727 4877 2993 4931 credunt?
3043 4879 3321 4944 Quomodo
3368 4899 3483 4936 crc-

1904 4958 2067 5013 dunt?
2094 4960 2220 5015 Fide
2265 4973 2561 5030 parentum.
2609 4966 2663 5020 Si
2707 4965 2811 5021 ﬁde
2848 4977 3125 5036 parentum
3172 4982 3479 5041 purgantur.

1906 5062 2122 5118 peccato
2152 5066 2429 5121 parentum
2459 5057 2643 5125 polluti
2669 5069 2811 5115 sunt.
2850 5058 3056 5129 Corpus
3086 5065 3270 5117 mortis
3294 5065 3346 5117 in
3375 5065 3481 5132 pri-

1904 5144 2006 5197 ﬂliS
2040 5147 2349 5212 parentibus
2369 5150 2641 5218 generavit
2665 5165 2758 5204 eos
2790 5154 3095 5219 peccatores
3129 5172 3140 5206 :
3171 5156 3384 5224 spiritus
3411 5156 3484 5209 vi—

1908 5248 1972 5289 t:e
2004 5237 2053 5289 in
2081 5237 2462 5303 posterioribus
2485 5240 2787 5307 parentibus
2813 5246 3146 5313 regeneravit
3166 5261 3258 5298 eos
3280 5246 3481 5302 ﬁdeles.

1912 5327 1989 5380 'l‘n
2016 5326 2112 5379 das
2144 5326 2298 5380 ﬁdem
2331 5344 2434 5383 non
2463 5330 2827 5400 respondenti,
2852 5341 2905 5387 et
2931 5348 3030 5403 ego
3056 5345 3325 5405 peccatum
3358 5338 3485 5390 nihil

1907 5422 2098 5488 agenti.

1988 5535 2066 5589 18.
2097 5534 2283 5587 Contra
2310 5546 2565 5605 peccatum
2589 5539 2833 5606 originale
2863 5555 3122 5609 perperam
3146 5540 3328 5595 citatus
3354 5540 3487 5611 Apo-

1913 5632 2091 5677 stolus.
2127 5626 2559 5694 Sancti/icationis
2591 5630 2726 5680 modi
2753 5630 2913 5682 multi.
2944 5630 3156 5693 Sancti,
3193 5633 3390 5701 inquit,
3422 5635 3485 5687 de

1910 5717 2111 5771 sanctis
2153 5717 2293 5769 nasci
2334 5718 2663 5773 debuerunt:
2695 5723 2812 5789 quia
2855 5721 2983 5775 dixit
3014 5725 3316 5793 Apenninus.
3346 5730 3483 5782 Alio-
