3974 6170
484 329 508 375 1
518 324 619 377 547

483 441 607 510 quin
633 440 730 510 ﬁlii
753 442 902 496 vestri
922 438 1171 495 immundi
1196 447 1387 502 essent;
1414 451 1546 489 nunc
1570 446 1737 488 autem
1761 437 1923 489 sancti
1948 447 2063 490 sunt

484 530 546 602 (ι
574 530 692 585 Cor.
714 544 815 596 vn,
852 530 973 601 14).
1003 531 1073 586 Et
1096 530 1364 602 quomodo
1390 529 1490 584 hoc
1512 528 1747 598 accipis?
1787 528 2064 595 Quomodo

488 622 767 691 intelligis,
798 622 872 692 de
893 622 1137 677 ﬁdelibus
1176 629 1357 676 natum
1396 621 1469 674 ita
1499 630 1738 675 sanctum
1758 659 1776 686 ,
1808 628 1863 673 ut
1889 619 2062 688 bapti-

487 713 597 767 zari
650 730 757 768 non
800 715 1031 769 debeat?
1085 712 1363 781 Quomodo
1414 712 1577 777 libet,
1632 711 1860 780 accipias
1908 711 2062 764 istam

486 803 841 858 sanctitatem.
886 804 1031 858 Mulli
1074 805 1219 859 enim
1262 802 1406 857 modi
1453 810 1579 857 sunt
1627 803 1962 867 sanctitatis,
2004 808 2068 857 et

491 894 643 947 multi
690 894 833 948 modi
884 904 1009 949 sunt
1052 894 1507 949 sanctiﬁcationis.
1554 892 1670 947 Non
1719 892 1863 947 enim
1906 905 2067 944 omne

488 984 630 1053 quod
656 986 1036 1052 sanctiﬁcatur,
1074 985 1141 1039 ad
1169 1000 1389 1054 regnum
1417 985 1673 1041 calorum
1700 984 1949 1037 mittitur.
1993 982 2069 1036 De

488 1087 614 1127 esca
641 1084 818 1127 nostra
840 1074 984 1128 dixit
1007 1075 1314 1143 Apostolus,
1346 1073 1710 1142 Sauctiﬁcatur
1750 1089 1839 1143 per
1863 1070 2070 1126 verbm

488 1162 587 1218 Dei
620 1174 669 1217 et
701 1166 975 1218 orationem
1002 1164 1061 1234 (Ι
1091 1165 1224 1221 Tim.
1252 1182 1327 1231 Iv,
1357 1166 1390 1221 5
1411 1164 1448 1232 ).
1491 1164 1754 1233 Numquid
1797 1163 1917 1233 quia
1947 1178 2069 1216 esca

492 1264 673 1308 nostra
698 1255 1068 1321 sanetiﬁcatur,
1099 1270 1205 1309 non
1229 1257 1427 1310 scimus
1455 1269 1563 1324 quo
1594 1252 1873 1307 mittatur?
1915 1251 2071 1305 Disce

488 1359 619 1414 ergo
661 1359 780 1399 esse
825 1346 1052 1415 aliquem
1098 1346 1348 1412 modum,
1403 1356 1458 1399 et
1506 1344 1657 1414 quasi
1706 1341 2069 1397 umbraeulum

490 1436 759 1504 quoddam
783 1436 1237 1503 sanctiﬁcationis,
1281 1436 1423 1506 quod
1455 1452 1559 1490 non
1596 1434 1826 1488 sufﬁciat
1854 1433 1920 1486 ad
1949 1448 2074 1500 per-

490 1526 792 1595 ceptionem
818 1528 1026 1581 salutis.
1059 1528 1257 1593 Distat,
1288 1536 1343 1582 et
1369 1526 1495 1597 quid
1525 1526 1707 1591 distet,
1754 1526 1863 1579 Deo
1888 1533 2070 1578 notum

490 1625 596 1670 est.
622 1617 819 1671 Tamen
840 1632 962 1672 cum
982 1617 1092 1672 ﬁlio
1117 1617 1350 1672 ﬁdelium
1371 1625 1616 1671 curratur
1636 1615 1701 1669 ad
1721 1614 2068 1685 Baptismum;

495 1723 601 1764 non
632 1710 708 1764 sic
735 1717 918 1764 errent
941 1718 1221 1780 parentes,
1257 1719 1317 1763 ut
1349 1719 1537 1779 putent
1564 1722 1686 1761 eum
1721 1705 1832 1776 jam
1859 1704 2071 1759 ﬁdelem

496 1812 698 1854 natum.
739 1800 931 1856 Natum
975 1802 1118 1856 enim
1155 1809 1379 1871 possunt
1405 1799 1615 1863 dicere,
1663 1812 1768 1851 non
1804 1805 2069 1851 renatum.

496 1891 628 1946 Nam
654 1901 714 1946 ut
738 1894 949 1947 noveris
973 1893 1239 1963 quomodo
1265 1893 1528 1961 intelligas
1550 1890 1908 1945 sanctiﬁcatos
1935 1887 2073 1941 ﬁlios

495 1980 730 2035 ﬁdelium
753 2022 768 2046 ,
810 1990 868 2035 ut
905 1982 1065 2036 modo
1094 1997 1201 2036 non
1243 1996 1477 2050 quaaram
1499 2020 1517 2045 ,
1555 1980 1676 2048 quia
1721 1978 1936 2044 longum
1965 1983 2070 2041 est,

498 2070 715 2124 modum
745 2072 1175 2126 sanctiﬁcationis
1200 2071 1389 2139 hujus;
1434 2070 1521 2123 ubi
1550 2078 1605 2122 et
1630 2069 1878 2122 maritum
1911 2066 2074 2121 babes

499 2159 790 2224 inﬁdelem,
817 2161 884 2214 ibi
913 2160 1078 2216 habes
1100 2170 1155 2215 et
1178 2173 1404 2213 uxorem
1428 2158 1660 2212 ﬁdelem.
1687 2155 2071 2225 Sanctiﬁcatur,

496 2249 697 2318 inquit,
742 2251 819 2304 vir
860 2250 1077 2319 inﬁdelis
1106 2252 1159 2305 in
1193 2266 1383 2316 uxore,
1430 2259 1477 2303 et
1511 2248 1860 2318 sanctiﬁcatur
1895 2247 2077 2300 mulier

494 2340 719 2408 inﬁdelis
744 2341 798 2394 in
823 2345 977 2411 fratre
1018 2340 1072 2413 (l
1098 2339 1216 2396 Cor.
1241 2357 1345 2406 vn,
1373 2341 1440 2394 14
1463 2340 1502 2407 ).
1546 2337 1813 2408 Numquid
1844 2337 1967 2408 quia
1996 2346 2078 2393 est

500 2430 570 2484 ibi
597 2428 733 2485 forte
764 2430 952 2485 modus
976 2431 1167 2500 aliquis
1194 2428 1628 2485 sanctiﬁcationis
1646 2468 1661 2491 ,
1692 2437 1750 2481 ut
1780 2427 1863 2481 vir
1891 2426 2079 2481 inﬁde-

500 2520 567 2574 lis
594 2522 953 2576 sanctiﬁcetur
982 2522 1033 2575 in
1059 2536 1229 2576 uxore
1253 2520 1417 2586 tideli,
1449 2519 1570 2574 idco
1596 2519 1705 2587 iam
1733 2518 2077 2573 securitatem

496 2609 663 2665 debet
685 2611 947 2681 accipere,
988 2611 1128 2681 quod
1158 2611 1209 2663 in
1239 2626 1461 2680 regnum
1489 2609 1746 2663 caelorum
1791 2606 2078 2660 intraturus

500 2711 615 2766 est,
658 2710 713 2755 et
757 2716 867 2755 non
909 2699 1289 2770 baptizandus,
1336 2715 1443 2753 non
1490 2696 1920 2768 regenerandus,
1971 2712 2077 2749 non

501 2791 696 2845 Christi
722 2791 978 2860 sanguine
1004 2789 1393 2845 redimendus?
1428 2787 1705 2856 Quomodo
1729 2801 1857 2856 ergo
1880 2785 2078 2839 sancti-

504 2878 691 2933 ﬁcatur
714 2878 796 2933 vir
836 2878 1068 2933 inﬁdelis
1095 2879 1150 2933 in
1194 2893 1392 2942 uxore,
1436 2887 1492 2932 et
1540 2886 1716 2931 tamen
1762 2875 1933 2945 perit,
1979 2872 2078 2928 nisi

502 2970 799 3037 baptizetur
825 2990 839 3022 :
870 2969 949 3024 sic
976 2968 1068 3023 ﬁlii
1100 2968 1357 3034 ﬁdelium,
1403 2968 1505 3024 etsi
1545 2966 1612 3021 ad
1653 2964 1937 3035 quemdam
1967 2977 2083 3016 mo-

501 3060 625 3112 dum
678 3058 989 3114 sanetiﬁcati
1017 3100 1034 3126 ,
1088 3067 1314 3128 pereunt
1363 3066 1583 3122 tamen,
1639 3056 1686 3110 si
1730 3071 1836 3109 non
1882 3051 2082 3108 fuerint

503 3147 774 3215 baptizali.

575 3237 801 3292 CAPUT
834 3236 950 3292 XX.
974 3267 1043 3276 —
1066 3237 1150 3292 19.
1171 3236 1415 3306 Cypriani
1433 3236 1705 3291 auctoritas
1733 3253 1825 3307 pro
1846 3239 2081 3308 originali

504 3334 724 3396 peccato.
738 3326 887 3397 Rogo
907 3340 1023 3393 vos,
1049 3334 1106 3380 ut
1126 3312 1390 3395 paululum
1415 3327 1781 3403 acquiescatis.
1798 3326 1939 3397 Lego
1961 3338 2080 3381 tan-

505 3428 637 3474 tum.
649 3417 873 3475 Sanctus
884 3417 1175 3489 Cyprianus
1187 3426 1288 3483 est,
1303 3432 1460 3487 quem
1479 3417 1530 3470 in
1549 3433 1736 3472 manus
1752 3420 1970 3487 sumpsi,
1986 3435 2081 3472 an-

501 3511 680 3580 tiquus
709 3510 989 3579 episcopus
1013 3509 1167 3564 Sedis
1199 3508 1355 3578 hujus
1379 3527 1393 3563 :
1417 3508 1541 3577 quid
1569 3510 1794 3564 senserit
1816 3509 1883 3565 de
1905 3510 2083 3580 Bapti-

498 3614 619 3654 smo
645 3600 1003 3670 parvulorum,
1027 3599 1133 3654 imo
1153 3600 1280 3669 quid
1300 3614 1515 3670 semper
1532 3599 1821 3656 Ecclesiam
1847 3602 2081 3657 sensisse

503 3692 881 3747 monstraverit
902 3690 1175 3762 paululum
1195 3691 1439 3760 accipite.
1462 3691 1654 3746 Parum
1684 3701 1765 3746 est
1789 3691 1929 3745 enim
1956 3693 2079 3761 quia

499 3782 584 3837 isti
613 3783 910 3848 disserunt,
942 3789 997 3837 et
1023 3781 1298 3849 disputant
1327 3781 1509 3836 nescio
1542 3796 1675 3849 quas
1703 3781 1892 3850 impias
1922 3781 2077 3844 novj-

498 3882 666 3938 tates;
696 3881 752 3928 et
781 3886 877 3926 nos
906 3880 1167 3927 conantur
1190 3886 1414 3941 arguere
1437 3912 1452 3936 ,
1483 3870 1624 3940 quod
1654 3871 1851 3940 aliquid
1879 3886 2077 3926 novum

496 3964 755 4020 dicamus.
784 3962 865 4018 Ad
896 3963 999 4018 hoc
1038 3976 1167 4033 ergo
1200 3963 1316 4031 lego
1355 3971 1596 4015 sanctum
1624 3959 1985 4032 Cyprianum,
2018 3971 2077 4015 ut

497 4058 720 4113 videatis
746 4056 1012 4128 quomodo
1040 4056 1106 4110 sit
1139 4055 1439 4110 intellectus
1465 4054 1773 4119 cmiouieus,
1808 4062 1862 4108 et
1888 4053 2076 4108 catho-

497 4150 633 4204 licus
673 4161 863 4203 sensus
910 4147 963 4201 in
995 4144 1079 4200 his
1106 4144 1282 4201 verbis
1327 4159 1446 4213 qua:
1485 4144 1640 4212 paulo
1678 4151 1802 4198 ante
1834 4142 2073 4197 tractavi.

494 4238 853 4310 Interrogatus
891 4246 974 4293 est
1013 4248 1188 4293 utrum
1204 4236 1393 4292 infans
1430 4236 1683 4305 baptizari
1730 4238 1921 4292 debeat
1950 4246 2075 4293 ante

493 4340 742 4384 octavum
771 4329 936 4397 diem,
966 4328 1090 4400 quia
1119 4337 1299 4385 vetere
1325 4328 1464 4399 Lege
1492 4343 1596 4381 non
1629 4329 1819 4382 licebat
1843 4329 2074 4383 circum-

493 4420 597 4475 cidi
629 4420 924 4489 infantem,
969 4421 1072 4475 nisi
1122 4433 1309 4476 octavo
1354 4419 1460 4475 die.
1512 4419 1744 4487 Quaestio
1792 4420 1915 4475 inde
1963 4431 2077 4475 erat

495 4520 640 4578 nata,
662 4510 729 4565 de
753 4510 839 4565 die
860 4510 1161 4579 baptizandi
1193 4530 1205 4565 :
1236 4525 1357 4565 nam
1383 4509 1451 4565 de
1472 4510 1676 4580 origine
1704 4511 1904 4579 peccati
1934 4513 2074 4567 nulla

492 4608 609 4655 erat
635 4600 892 4670 quaestio;
924 4610 978 4654 et
1005 4599 1127 4654 ideo
1151 4615 1216 4653 ex
1242 4614 1305 4652 ea
1332 4616 1415 4662 rc,
1448 4600 1588 4653 unde
1617 4601 1761 4654 nulla
1790 4608 1908 4655 erat
1931 4619 2070 4671 quic-

492 4690 618 4756 stio,
666 4688 838 4744 soluta
877 4697 961 4744 est
1004 4696 1186 4745 exorta
1226 4690 1470 4760 qumstio.
1527 4690 1753 4744 Sanctus
1780 4690 2074 4762 Cyprianus

491 4780 626 4836 dixit
650 4781 789 4836 inter
813 4789 1030 4849 caetera,
1052 4796 1171 4851 quae
1195 4780 1438 4850 superius
1466 4779 1572 4836 dixi
1604 4798 1616 4834 :
1646 4799 1664 4834 ί
1689 4781 1911 4851 Pr0pter
1934 4783 2074 4852 quod

498 4893 515 4924 ι
555 4874 822 4930 neminem
851 4882 1098 4944 putamus
1122 4887 1151 4927 a
1180 4871 1349 4944 gratia
1374 4872 1745 4943 eonscquenda
1778 4874 2073 4943 impedien-

461 5009 464 5013 .
495 4984 514 5016 ι
552 4964 678 5020 dum
708 4980 827 5020 esse
849 4980 879 5019 ει
906 4964 1025 5036 lege
1054 4967 1069 4996 ²
1095 4980 1215 5035 qua:
1250 4964 1359 5034 jam
1390 4973 1583 5019 statuta
1625 4975 1707 5018 est
1730 5006 1742 5030 ,
1793 4981 1889 5019 nec
1914 4966 2073 5035 spiri-

495 5077 513 5108 ε
555 5047 751 5112 tualem
796 5056 1258 5112 circumcisionem
1309 5056 1551 5126 impediri
1597 5055 1795 5110 carnali
1842 5058 2071 5111 circum-

496 5167 513 5200 ι
550 5148 751 5204 cisione
778 5147 1006 5213 debere,
1036 5147 1129 5202 sed
1173 5162 1387 5202 omnem
1426 5147 1645 5201 omnino
1685 5147 2070 5201 admittendum

495 5255 514 5289 ι
551 5252 670 5291 esse
695 5236 760 5291 ad
786 5239 1010 5307 gratiam
1039 5238 1237 5293 Christi
1262 5256 1275 5292 :
1306 5238 1520 5309 quando
1546 5248 1599 5293 et
1624 5238 1813 5294 Petrus
1842 5240 1894 5292 in
1923 5240 2069 5293 Acti-

494 5344 511 5375 ι
550 5326 649 5380 bus
677 5327 1053 5396 Apostolorum
1083 5327 1332 5397 loquatur
1358 5338 1414 5383 et
1440 5328 1599 5392 dicat,
1633 5328 1771 5383 Deus
1795 5330 1917 5382 mihi
1942 5330 2070 5383 dixit

494 5434 510 5466 ι
548 5418 794 5471 nemiuem
832 5418 1083 5472 hominem
1126 5435 1437 5473 communem
1465 5420 1731 5474 dicendum
1756 5431 1801 5474 et
1846 5424 2074 5476 inimumr
2173 5423 2206 5476 9

493 5525 509 5556 ι
547 5507 669 5560 dum
701 5506 832 5574 (Act.
864 5523 929 5574 ι,
964 5506 1086 5579 15).
1132 5508 1393 5563 Caeterum
1438 5511 1481 5564 si
1522 5510 1767 5566 homines
1811 5511 2069 5582 impedire

452 5612 511 5644 κο
547 5597 745 5667 aliquid
798 5596 865 5651 ad
916 5600 1347 5654 consecutionem
1403 5603 1589 5672 gratiae
1643 5596 1849 5672 possit,
1901 5610 2068 5675 magis

547 5707 563 5737 ⁸
590 5714 638 5756 tn
661 5708 875 5771 Cypriani
899 5708 1057 5771 editis,
1080 5721 1139 5760 ea
1161 5708 1278 5776 lege.

1817 320 2174 377 AUGUSTINI
2217 324 2510 379 EPISCOPI

3609 326 3749 387 1333

2172 455 2191 487 ι
2228 437 2434 493 adultos
2457 449 2513 493 et
2549 450 2822 507 provectos
2850 452 2904 494 ct
2929 441 3160 512 majores
3187 456 3312 498 natu
3346 448 3554 515 possint
3581 449 3749 517 impe-

2176 545 2195 578 ο
2233 526 2348 582 dire
2377 538 2594 597 peccata
2623 532 2885 599 graviora.
2933 533 3101 587 Porro
3123 545 3329 600 autem,
3371 538 3417 590 si
3440 537 3608 592 etiarn
3636 556 3748 609 gn.

2177 636 2196 669 ι
2221 620 2462 691 ,νὶεείωἱε
2489 621 2834 678 delicuit-ibus
2867 634 2921 679 et
2963 627 3016 680 in
3054 627 3337 682 Dominum
3374 636 3607 686 multum
3633 646 3753 689 ante

2175 726 2196 760 ι
2230 712 2589 778 peccantibus,
2610 729 2731 767 cum
2754 726 2934 782 postea
2954 718 3294 781 crediderint,
3318 724 3546 777 remissa
3570 741 3755 792 pecca-

2177 816 2197 850 c
2236 808 2406 854 torum
2438 801 2611 867 datur,
2635 814 2689 857 et
2716 819 2747 856 a
2770 805 3038 874 Boptismo
3063 819 3222 877 atque
3242 813 3410 879 gratia
3442 830 3607 867 nemo
3637 832 3756 884 pro.

2178 908 2197 942 ι
2234 890 2444 946 hibetur
2473 911 2486 947 :
2516 906 2715 963 quanto
2741 898 2910 965 magis
2937 900 3202 966 prohiberi
3230 918 3337 957 non
3367 905 3531 960 debet
3554 908 3746 968 intrans.

2178 996 2198 1029 ε
2233 980 2324 1047 qui
2350 996 2537 1035 recens
2561 994 2715 1038 natus
2739 987 2866 1039 nihil
2894 991 3148 1055 peccavit,
3173 988 3272 1045 nisi
3294 995 3435 1063 quod
3458 999 3752 1053 secundum

2178 1084 2198 1118 ι
2235 1069 2404 1124 Adam
2434 1072 2720 1128 carnaliter
2760 1086 2918 1132 natus
2945 1082 3248 1148 contagium
3289 1087 3481 1139 mortis
3519 1090 3750 1157 antiqu

2180 1175 2199 1210 ι
2235 1159 2406 1228 prima
2441 1161 2713 1217 nativitate
2736 1169 3039 1232 contraxit;
3079 1172 3168 1239 qui
3206 1172 3275 1227 ad
3310 1177 3593 1231 remissam
3629 1195 3748 1249 pee-

2180 1265 2200 1300 t
2235 1257 2476 1304 calorum
2518 1252 2876 1320 accipiendam
2944 1257 3047 1313 hoc
3104 1259 3220 1330 ipso
3270 1262 3481 1318 facilius
3526 1270 3747 1336 seculi,

2181 1356 2200 1389 ι
2237 1340 2379 1408 quod
2407 1341 2480 1394 illi
2503 1340 2840 1399 dimittuntur
2861 1387 2877 1410 ,
2911 1362 3013 1401 non
3040 1353 3273 1419 propria.
3298 1356 3396 1410 sed
3420 1358 3598 1413 aliena
3626 1376 3752 1431 pec-

2182 1446 2200 1479 ι
2238 1440 2353 1484 cata
2388 1449 2408 1482 ι
2440 1431 2641 1499 (Epist.
2668 1434 2768 1500 59,
2799 1435 2868 1488 ad
2904 1436 3165 1509 Fidum)?
3194 1442 3379 1498 Videte
3401 1453 3750 1515 quemadmo-

2176 1518 2301 1574 dum
2331 1521 2399 1575 de
2428 1523 2527 1576 hac
2566 1540 2623 1579 re
2650 1525 2779 1580 nihil
2805 1528 3073 1597 dubitans,
3115 1534 3271 1588 solvit
3301 1537 3443 1590 illam
3478 1540 3625 1595 unde
3659 1543 3752 1595 du-

2176 1607 2461 1666 bitabatur.
2495 1613 2607 1669 lloc
2630 1616 2697 1671 de
2731 1616 3075 1675 fundamento
3102 1622 3358 1682 Ecclesia.-
3383 1633 3653 1700 sumpsit,
3690 1635 3751 1688 ad

2177 1700 2595 1758 conﬁrmandum
2625 1707 2849 1776 lapidem
2875 1719 3169 1768 nutantem.

2245 1813 2471 1871 CAPUT
2508 1817 2649 1873 XXI.
2678 1850 2749 1860 —
2786 1823 2875 1878 20.
2915 1823 3145 1880 Veritatis
3183 1829 3350 1883 hostes
3376 1844 3633 1900 quatenus
3667 1855 3756 1906 pa-

2178 1902 2355 1958 tienter
2388 1906 2600 1975 ferendi.
2631 1909 2977 1980 impetremus
3006 1931 3154 1985 ergo,
3185 1920 3231 1972 si
3257 1936 3561 1990 possumus,
3591 1942 3625 1978 a
3652 1902 3753 1981 ira-

2179 1995 2347 2050 tribus
2374 2001 2602 2064 nostris,
2647 2018 2713 2056 ne
2752 2019 2851 2057 nos
2896 2006 3114 2076 insuper
3154 2011 3421 2080 appellent
3452 2016 3752 2084 hmreticos,

2179 2084 2318 2153 quod
2362 2101 2454 2140 eos
2497 2090 2617 2142 talia
2665 2091 2992 2160 disputantes
3035 2113 3133 2151 nos
3179 2102 3445 2167 appellare
3489 2109 3757 2172 possimus

2180 2173 2420 2241 forsitan,
2444 2179 2486 2232 si
2513 2181 2752 2247 velimus,
2783 2199 2882 2239 nec
2912 2196 3085 2242 tamen
3112 2192 3448 2260 appellamus.
3477 2195 3758 2254 Sustineat

2180 2280 2274 2320 eos
2302 2278 2471 2322 mater
2496 2271 2593 2339 piis
2623 2273 2912 2331 visceribus
2938 2279 3223 2343 sanandos.
3254 2293 3425 2351 portet
3453 2286 3751 2352 docendos.

2181 2370 2249 2410 ne
2283 2357 2495 2427 plangat
2529 2372 2784 2419 mortuos.
2813 2366 3044 2422 Nimium
3069 2380 3151 2425 est
3177 2389 3282 2441 quo
3310 2378 3759 2447 progrediuntur;

2182 2448 2407 2503 multum
2433 2461 2510 2504 est
2535 2491 2551 2518 ,
2581 2455 2667 2508 vix
2701 2454 2975 2512 ferendum
3007 2471 3107 2526 est,
3137 2477 3343 2533 magna:
3370 2469 3645 2534 patientia:
3668 2471 3760 2525 ad-

2182 2536 2287 2591 huc
2315 2538 2462 2593 ferri.
2494 2541 2606 2596 Non
2636 2544 2920 2601 abutantur
2945 2551 3044 2604 bac
3069 2551 3320 2619 patientia
3348 2556 3623 2624 Ecclesiae,
3649 2576 3763 2615 cor-

2183 2627 2441 2695 rigantur,
2478 2630 2671 2686 bonum
2698 2642 2801 2689 est.
2834 2635 2904 2691 Ut
2939 2640 3094 2693 amici
3133 2641 3515 2712 exhortamur,
3563 2665 3673 2703 non
3712 2662 3766 2706 ut

2183 2713 2380 2771 inimici
2413 2719 2699 2789 litigamus.
2729 2724 3021 2780 Detrabuut
3053 2729 3235 2795 nobis,
3280 2732 3502 2789 ferimus
3528 2755 3544 2789 :
3572 2742 3764 2794 cammi

2182 2821 2289 2861 non
2340 2808 2659 2879 detrahant,
2716 2816 2920 2870 veritati
2974 2832 3079 2872 non
3131 2819 3448 2887 detrahant;
3511 2826 3769 2884 Ecclesia

2184 2907 2382 2951 sancta:
2420 2912 2519 2967 pro
2545 2903 2862 2959 remissione
2889 2909 3087 2975 peccati
3116 2910 3383 2979 originalis
3410 2918 3764 2982 parvulorum

2184 2988 2418 3054 quotidie
2448 2990 2709 3046 laboranti
2742 3010 2848 3048 non
2874 2998 3256 3054 contradicant.
3288 3001 3530 3058 Fundata
3558 3008 3661 3061 ista
3688 3026 3769 3064 res

2183 3086 2286 3132 est.
2319 3078 2592 3136 Ferendus
2618 3092 2700 3137 est
2727 3084 3026 3154 disputator
3049 3104 3235 3144 errans
3256 3141 3261 3145 _
3279 3093 3328 3145 in
3368 3094 3487 3149 aliis
3511 3101 3767 3167 quarstio-

2185 3168 2342 3223 nibus
2368 3185 2473 3224 non
2500 3172 2779 3242 diligenter
2800 3176 3038 3246 digestis,
3069 3181 3300 3235 nondum
3333 3185 3491 3253 plena
3515 3188 3768 3247 Ecclesia:

2184 3261 2499 3317 auctoritate
2530 3263 2789 3332 ﬁrmatis;
2819 3267 2890 3321 ibi
2920 3267 3167 3326 ferendus
3190 3283 3271 3327 est
3296 3291 3450 3330 error
3476 3296 3492 3331 :
3524 3296 3631 3334 non
3659 3291 3763 3336 tau.

2184 3356 2295 3401 tum
2328 3351 2571 3419 progredi
2613 3353 2807 3418 debet,
2855 3366 2916 3412 ut
2943 3360 3101 3413 etiam
3149 3362 3554 3421 fundamentum
3599 3373 3767 3439 ipsum

2184 3434 2438 3492 Ecclesia:
2462 3451 2683 3508 quatere
2710 3445 2977 3501 moliatur.
3006 3448 3118 3503 Non
3154 3453 3401 3522 expedit,
3431 3434 3770 3517 adhuc-forte

2187 3537 2366 3593 nostra
2396 3545 2502 3586 non
2547 3542 2631 3587 est
2677 3539 3115 3604 reprehendenda
3161 3547 3409 3613 patientia
3438 3565 3455 3600 :
3488 3549 3586 3603 sed
3612 3552 3768 3607 debe-

2185 3634 2305 3674 mus
2346 3622 2535 3678 timere
2565 3640 2633 3679 ue
2676 3628 2918 3697 culpetur
2958 3632 3117 3686 etiam
3162 3636 3503 3706 negligentia.
3535 3641 3769 3697 Sufﬁciat

2186 3707 2442 3767 Cbaritati
2489 3724 2701 3782 vestrae,
2757 3709 2948 3775 habete
2993 3721 3059 3776 ad
3105 3723 3223 3778 illos
3265 3726 3353 3794 qui
3403 3730 3584 3785 noStis
3633 3732 3766 3798 illos,

2186 3801 2378 3858 habete
2415 3820 2535 3860 eum
2581 3808 2687 3862 illis
2711 3811 2914 3873 amice,
2944 3810 3205 3885 fraterne,
3240 3816 3478 3884 placide,
3506 3832 3765 3885 amanter.

2184 3892 2431 3950 dolenter
2456 3915 2469 3949 :
2501 3898 2754 3969 quidquid
2781 3879 3151 3970 potest.faeiat
3182 3879 3392 3975 pictas;
3431 3879 3559 3979 quia
3588 3879 3768 3980 [tristes

2182 3984 2445 4054 diligenda
2478 3991 2495 4019 ¹
2543 4004 2648 4043 non
2697 3991 2800 4045 erit
2842 3993 3105 4062 impietas.
3158 3995 3416 4053 Conversi
3467 4001 3537 4055 ad
3588 4002 3767 4057 Domi-

2183 4090 2309 4131 num
2325 4119 2339 4143 ,
2383 4088 2489 4133 etc.

2644 4150 2874 4208 SERMO
2910 4152 3132 4211 CCXCV
3160 4161 3179 4180 ‘
3212 4156 3311 4230 (α).

2378 4266 2428 4309 ln
2459 4261 2604 4312 natali
2635 4262 2957 4326 apostolorum
2989 4267 3116 4316 Petri
3158 4275 3209 4319 et
3239 4269 3397 4334 Pauli,
3430 4288 3449 4322 ι
3484 4273 3581 4337 (b).

2253 4365 2478 4421 CAPUT
2518 4365 2800 4422 PRIMUM.
2842 4398 2914 4410 --
2955 4371 3006 4424 Ι.
3039 4369 3196 4425 Petra
3221 4389 3376 4444 super
3401 4394 3561 4448 quam
3606 4381 3773 4449 (τάἱρ

2182 4468 2293 4511 cata
2320 4467 2391 4512 est
2418 4456 2652 4512 Ecclesia
2696 4460 2805 4528 ipse
2845 4469 2917 4514 est
2958 4461 3205 4517 Christus.
3249 4462 3416 4519 Istum
3449 4469 3612 4525 nobis
3637 4472 3771 4526 diem

2184 4549 2615 4605 beatissimorum
2636 4554 2999 4621 apostolorum
3024 4555 3165 4611 Petri
3185 4566 3239 4612 et
3257 4557 3409 4614 Pauli
3437 4567 3625 4630 passio
3650 4581 3777 4621 cono

2185 4640 2432 4695 secravit.
2461 4641 2573 4696 Non
2602 4642 2670 4697 de
2699 4643 2940 4699 obscuris
2967 4645 3230 4717 aliquibus
3250 4654 3588 4721 martyribus
3610 4656 3773 4725 loqui-

2184 4745 2322 4783 mur.
2371 4727 2437 4784 ln
2472 4747 2666 4784 omnem
2696 4740 2879 4787 terram
2909 4735 3029 4789 exiit
3051 4753 3205 4792 sonus
3234 4755 3441 4807 eorum,
3489 4755 3540 4797 et
3571 4747 3625 4799 in
3655 4749 3771 4816 ﬁnes

2187 4822 2318 4877 orbis
2346 4831 2491 4876 teme
2514 4824 2659 4878 verba
2684 4840 2857 4879 eorum
2886 4824 3056 4911 (Ρωι.
3080 4844 3210 4884 xvm
3229 4871 3243 4895 ,
3272 4831 3351 4896 5).
3385 4833 3482 4889 Isti
3512 4849 3769 4909 martyres

2186 4914 2432 4970 viderunt
2489 4915 2629 4985 quod
2693 4918 3157 4987 praedicaverunt,
3221 4925 3390 4977 secuti
3440 4929 3769 4998 aequitatem.

2186 5006 2492 5083 conﬁtendo
2529 5009 2804 5065 veritatem
2825 5051 2839 5073 ,
2870 5011 3147 5067 moriendo
3178 5027 3274 5083 pro
3304 5014 3556 5071 veritate.
3588 5020 3774 5075 Beatus

2181 5080 2400 5165 Petrus,
2437 5100 2638 5171 primus
2656 5101 3057 5171 Apostolorum,
3083 5080 3371 5161 vehemens
3392 5105 3602 5166 Christi
3629 5127 3770 5164 ama-

2185 5198 2286 5257 tor,
2315 5191 2404 5261 qui
2437 5176 2871 5259 meruitaudirc,
2923 5194 2993 5248 Et
3019 5212 3111 5266 ego
3136 5196 3248 5250 dico
3283 5196 3403 5264 tibi,
3452 5199 3591 5267 Quia
3635 5212 3688 5254 tu
3724 5220 3770 5254 es

2241 5346 2470 5420 {aliquot
2489 5354 2619 5409 uss,
2633 5348 3070 5416 postmdiligentia.
3095 5358 3150 5403 Et
3170 5354 3384 5417 quidam,
3408 5363 3519 5420 post
3532 5371 3642 5408 ean
3664 5358 3770 5407 dii.

2238 5474 2255 5492 ‘
2279 5471 2485 5521 Collatus
2513 5472 2571 5521 ad
2595 5474 2644 5523 d.
2671 5486 2711 5527 r.
2738 5487 2830 5523 rm.
2856 5483 2892 5525 t.
2917 5489 2964 5525 ν.
2991 5482 3043 5526 et
3065 5476 3125 5526 ad
3154 5483 3264 5528 Iov.

2236 5533 2309 5656 ἕωέ
2342 5532 2484 5593 Alias,
2515 5534 2580 5584 de
2602 5536 2812 5586 Diversis
2834 5537 2940 5588 108.

2260 5595 2288 5643 b
2342 5603 2618 5646 sanctorum
2640 5598 2940 5656 Apostolorum

2260 5595 2307 5660 ὁ)
2342 5603 2618 5660 sanctorum
2640 5598 2968 5660 Apostolorum
2984 5597 3267 5651 solemnitas
3286 5602 3337 5651 tn
3359 5603 3645 5656 attendas-io
3663 5614 3769 5655 (2:-

2173 5656 2476 5718 thaginensis
2497 5656 2719 5727 Ecclesia:
2742 5668 2950 5727 notatur.
2976 5670 3235 5727 Sermones
3255 5662 3319 5727 de
3362 5666 3582 5727 ipsorum
3617 5672 3768 5720 mil

2176 5727 2251 5769 tcr
2274 5727 2506 5769 memorat
2528 5722 2764 5770 Possidius
2785 5723 2831 5771 in
2855 5722 3079 5783 tndiculo,
3118 5737 3254 5787 capp.
3277 5724 3310 5774 9
3328 5722 3485 5776 et’lﬁ.
