3974 6170
264 371 397 428 im

266 492 469 546 Petrus.
496 493 708 548 Dixerat
749 494 888 547 enim
922 494 1034 563 ipse
1063 512 1074 547 :
1108 493 1184 546 Tu
1211 511 1261 547 es
1287 494 1517 549 Christus
1544 496 1708 551 Filius
1735 497 1833 551 Dei

262 586 375 636 uiri.
403 581 646 637 Christus
671 583 745 637 illi
775 600 789 636 :
820 581 888 636 Et
916 600 1007 655 ego
1027 583 1140 637 dico
1163 583 1285 650 tibi,
1316 585 1448 651 Quia
1479 599 1531 640 tu
1556 603 1605 641 es
1630 586 1833 653 Petrus,

261 687 304 726 et
324 691 477 743 super
496 675 625 728 hanc
646 685 840 744 petram
858 674 1122 743 aedificabo
1138 673 1415 730 Ecclesium
1438 694 1600 731 meant
1618 678 1833 749 (Matth.

272 784 391 833 xw,
421 769 522 832 l6,
551 768 663 838 l8).
711 768 883 836 Super
920 767 1057 823 hanc
1083 777 1285 837 petram
1324 769 1607 824 aediﬁcabo
1649 769 1832 835 fidem,

261 873 419 927 quam
442 858 732 913 conﬁteris.
782 857 958 926 Super
987 857 1087 911 hoc
1111 857 1252 926 quod
1278 857 1488 923 dixisti,
1518 857 1597 911 Tu
1617 874 1668 911 es
1690 856 1837 911 Chri-

257 959 367 1004 sttts
398 948 565 1003 Filius
597 947 694 1002 Dei
717 948 813 1002 vivi
833 990 850 1014 ,
897 947 1173 1003 aad'tlicabo
1200 949 1489 1003 Ecclesiam
1520 960 1713 1003 meam.
1755 947 1836 1002 Τιι

260 1041 403 1093 enim
433 1028 640 1094 Petrus.
669 1043 717 1091 Δ
742 1048 892 1108 petra
922 1039 1143 1104 Petrus,
1175 1053 1280 1093 non
1304 1054 1337 1093 a
1361 1039 1521 1094 Petro
1547 1047 1716 1107 petra.
1746 1037 1837 1093 Sic

259 1148 292 1182 a
333 1138 478 1198 petra
503 1128 726 1191 Petrus,
769 1128 1037 1197 quomodo
1057 1143 1089 1184 a
1124 1126 1335 1183 Christo
1363 1127 1716 1183 Christianus.
1743 1127 1834 1181 Vis

260 1236 420 1276 nosse
453 1221 520 1275 de
560 1235 664 1291 qua
703 1230 852 1291 petra
888 1220 1075 1275 Petrus
1117 1218 1359 1274 dicatur?
1402 1219 1623 1274 Paulum
1668 1218 1829 1272 audi:

264 1332 283 1362 ι
312 1311 479 1366 Nolo»
494 1311 637 1365 enim
654 1328 683 1369 ,ι
695 1325 790 1364 vos
811 1311 1075 1379 ignorare,
1099 1308 1322 1372 fratres;
1352 1309 1663 1377 tApostolus
1687 1306 1836 1361 Citri-

258 1405 324 1459 sti
356 1404 520 1467 dicit;
550 1421 569 1453 ι
589 1401 722 1456 Nolo
746 1415 839 1456 vos
858 1401 1124 1470 ignorare,
1143 1399 1353 1465 fratres,
1371 1400 1493 1468 quia
1529 1409 1710 1468 patres
1736 1413 1835 1450 no-

255 1504 304 1549 st
315 1496 355 1547 ri
375 1508 564 1548 omnes
578 1493 677 1547 sub
702 1493 842 1547 nube
866 1493 1096 1556 fuerunt,
1114 1498 1168 1546 et
1179 1504 1366 1545 omnes
1384 1505 1477 1559 per
1491 1505 1641 1544 mare
1658 1499 1830 1542 trans-

259 1587 432 1639 inrttttt
451 1625 467 1649 ,
511 1593 566 1639 et
597 1595 785 1638 omnes
824 1583 878 1637 in
902 1582 1083 1653 Moyse
1106 1581 1354 1650 baptizati
1381 1589 1504 1635 sunt
1532 1580 1583 1635 in
1612 1579 1752 1634 nube
1780 1588 1835 1633 et

258 1678 310 1729 in
346 1674 499 1738 mari,
528 1684 584 1729 et
621 1686 808 1727 omnes
834 1671 1079 1727 eumdem
1100 1670 1278 1725 cibum
1317 1670 1643 1740 spiritualem
1682 1683 1833 1723 man-

256 1769 617 1828 ducaveruut,
669 1774 725 1818 et
759 1778 947 1819 omnes
982 1762 1228 1818 eumdem
1276 1770 1457 1832 potum
1504 1760 1830 1831 spiritualem

260 1860 524 1913 biberunt.
570 1855 832 1911 Bibebant
867 1855 1011 1910 enim
1048 1854 1116 1910 de
1145 1853 1406 1924 spirituali
1439 1860 1697 1923 sequente
1737 1868 1831 1908 eos

257 1957 403 2016 petra
436 1964 449 2000 :
486 1954 635 2015 petra
670 1953 846 1999 autem
883 1951 999 2000 erat
1028 1943 1268 1998 Christus
1295 1959 1317 1994 ι
1354 1940 1552 2012 (lCer.
1586 1956 1650 2007 χ,
1686 1939 1829 2011 1-4).

258 2038 395 2091 Ecce
427 2034 569 2089 unde
591 2033 803 2089 Petrus.
1306 2099 1327 2119 .

324 2124 551 2182 CAPUT
589 2124 651 2178 ιι.
695 2153 768 2165 -
805 2123 859 2178 2.
891 2122 1046 2178 Petro
1073 2121 1315 2178 Ecclesia
1344 2137 1611 2192 personam
1640 2123 1832 2193 gerenti

255 2219 390 2272 dote
411 2218 574 2272 claues
598 2216 742 2286 regni
765 2214 1024 2270 calorum.
1054 2212 1155 2269 Uni
1182 2214 1315 2268 data
1340 2221 1477 2279 sunt,
1507 2213 1626 2283 quia
1649 2211 1831 2267 Eccle-

252 2311 345 2364 site
363 2308 564 2362 unitati.
588 2304 820 2360 Christus
838 2305 977 2375 prius
991 2305 1275 2368 resuscitat,
1294 2314 1401 2358 tum
1413 2303 1639 2357 Ecclesia
1663 2302 1828 2357 solvit.

255 2398 513 2454 Dominus
529 2396 690 2451 Jesus
717 2394 1005 2464 discipulos
1032 2407 1160 2447 suos
1183 2401 1307 2447 ante
1329 2392 1632 2461 passionem
1657 2405 1830 2457 suam,

250 2489 395 2542 sicut
420 2484 619 2550 nostis,
658 2483 859 2553 elegit,
889 2497 1023 2551 quos
1049 2481 1332 2550 Apostolos
1354 2481 1657 2550 appellavit.
1690 2480 1833 2535 Inter

253 2577 353 2631 hos
380 2590 516 2645 pene
541 2574 739 2643 ubique
771 2572 918 2627 solus
944 2571 1157 2637 Petrus,
1178 2570 1340 2624 totius
1363 2569 1619 2626 Ecclesia:
1641 2569 1836 2624 meruit

250 2674 461 2736 gestare
488 2678 793 2732 personam.
843 2661 1072 2730 Propter
1096 2660 1265 2727 ipsam
1305 2673 1591 2729 personam
1613 2699 1629 2724 ,
1672 2673 1831 2728 quam

254 2757 415 2812 totius
435 2754 695 2810 Ecclesiae
726 2753 884 2808 solus
932 2751 1208 2822 gestabat,
1237 2750 1424 2806 audire
1451 2748 1678 2811 meruit.
1722 2748 1833 2802 Tibi

252 2847 381 2901 dabo
407 2846 571 2900 claves
594 2845 738 2915 regni
761 2843 1011 2897 caelorum
1034 2840 1244 2911 (Matth.
1270 2856 1386 2908 xvt,
1417 2840 1530 2911 i9).
1560 2840 1665 2895 Has
1685 2840 1831 2894 enim

250 2938 430 2993 claves
454 2951 558 2990 non
597 2934 757 2988 homo
786 2948 925 2986 unus
944 2972 959 2997 ,
996 2931 1092 2986 sed
1128 2933 1302 2985 unitas
1326 2932 1530 3000 accepit
1557 2930 1827 2984 Ecclesiae.

252 3028 387 3083 Hinc
414 3041 538 3095 ergo
582 3026 721 3083 Petri
758 3024 1083 3084 excellentia
1108 3016 1454 3098 praedicatur,
1497 3022 1619 3096 quia
1662 3021 1831 3096 ipsius

254 3116 609 3177 universnatis
628 3130 682 3175 et
703 3118 927 3174 unitatis
947 3119 1196 3172 Ecclesiae
1219 3118 1437 3186 ﬁguram
1462 3117 1641 3186 gessit,
1662 3130 1832 3185 quan-

251 3214 323 3266 do
346 3211 395 3266 ei
422 3210 620 3265 dictum
645 3218 747 3275 est,
772 3207 890 3262 Tibi
935 3207 1101 3271 trado,
1126 3206 1268 3276 quod
1303 3206 1549 3260 omnibus
1578 3206 1828 3260 traditum

252 3312 356 3355 ost.
408 3300 540 3355 Nam
580 3306 639 3352 ut
684 3298 945 3377 noveritis
987 3296 1281 3351 Ecclesiam
1339 3297 1609 3365 accepisse
1634 3294 1830 3371 “claves

255 3394 401 3462 regni
446 3389 741 3454 caelorum,
795 3387 975 3442 audite
1017 3388 1070 3442 in
1114 3387 1218 3441 alio
1255 3387 1372 3441 loco
1408 3386 1535 3457 quid
1575 3387 1829 3441 Dominus

253 3482 400 3535 dicat
429 3478 674 3534 omnibus
700 3476 974 3546 Apostolis
1014 3476 1143 3532 suis.
1184 3476 1408 3546 Accipite
1431 3476 1681 3548 Spiritum
1709 3462 1828 3529 s'on—

252 3582 409 3626 ctum.
441 3570 503 3624 Et
528 3568 782 3623 continuo
809 3585 823 3621 :
872 3565 935 3622 Si
969 3566 1049 3620 cui
1077 3566 1364 3621 dimiseritis
1392 3575 1629 3636 peccata,
1661 3567 1830 3618 dimit-

256 3672 421 3717 tentur
448 3662 534 3725 ei;
574 3660 619 3713 si
659 3658 807 3729 cujus
849 3657 1133 3722 tenueritis,
1178 3656 1473 3710 tenebuntur
1514 3653 1704 3723 (Joan.
1739 3670 1827 3718 xx,

253 3753 345 3818 22,
375 3751 492 3820 23).
540 3750 651 3805 Hoc
676 3748 743 3803 ad
771 3747 951 3804 claves
978 3746 1243 3815 pertinet,
1293 3744 1361 3799 de
1402 3745 1590 3813 quibus
1631 3744 1827 3798 dictum

255 3850 366 3906 est,
404 3839 531 3905 Qua!
554 3838 800 3903 solveritis
824 3837 878 3890 in
903 3844 1067 3900 terra,
1108 3835 1273 3889 soluta
1300 3843 1447 3887 erunt
1484 3843 1530 3887 et
1569 3835 1622 3887 in
1665 3834 1829 3897 cwlo;

256 3942 301 3984 et
336 3945 447 4000 quae
491 3927 760 3999 ligaveritis
799 3927 852 3979 in
898 3914 1066 3989 terra,
1117 3924 1279 3994 ligata
1314 3933 1456 3977 erunt
1503 3932 1551 3977 et
1590 3925 1643 3977 in
1686 3924 1829 3978 caelo.

256 4022 363 4077 Sed
390 4021 493 4075 hoc
516 4020 678 4073 Petro
709 4017 861 4073 dixit.
915 4015 988 4073 Ut
1016 4017 1154 4071 scias
1194 4015 1314 4085 quia
1346 4015 1534 4070 Petrus
1573 4016 1832 4070 universa:

259 4112 508 4168 Ecclesiae
535 4123 816 4181 personam
845 4117 967 4162 tunc
990 4106 1229 4178 gerebat,
1258 4106 1379 4160 audi
1404 4105 1530 4175 quid
1560 4106 1659 4175 ipsi
1685 4105 1834 4159 dica-

259 4213 365 4268 tur,
395 4200 521 4271 quid
561 4199 811 4253 omnibus
837 4196 1080 4252 ﬁdelibus
1108 4197 1309 4250 sanctis
1336 4213 1350 4249 :
1388 4214 1406 4246 ι
1444 4196 1501 4251 Si
1531 4197 1833 4266 peceaverit

257 4292 311 4346 in
352 4300 404 4345 te
444 4289 607 4343 frater
647 4297 771 4343 tuus
795 4329 811 4354 ,
859 4287 1068 4355 corripe
1109 4285 1257 4340 illum
1298 4287 1436 4341 inter
1479 4295 1531 4341 te
1567 4296 1622 4342 et
1661 4287 1832 4356 ipsum

256 4382 454 4436 solum.
499 4380 556 4435 Si
608 4395 714 4433 non
746 4390 797 4434 te
822 4369 1087 4443 audierit,
1128 4376 1321 4432 adhibe
1350 4385 1522 4433 tecum
1554 4393 1715 4431 unum
1744 4386 1836 4431 aut

255 4471 391 4526 duos
420 4489 435 4525 :
463 4469 716 4539 scriptum
750 4476 833 4522 est
868 4467 1041 4531 enim,
1082 4466 1140 4522 ln
1177 4480 1272 4521 ore
1296 4465 1520 4522 duorum
1556 4475 1647 4522 aut
1675 4468 1832 4522 trium

257 4563 468 4616 testium
488 4602 505 4626 ,
545 4558 708 4614 stabit
744 4573 904 4613 omne
929 4557 1169 4613 verbum.
1200 4556 1255 4612 Si
1284 4572 1385 4612 nec
1412 4559 1556 4627 ipsos
1586 4559 1831 4623 audierit,

258 4654 397 4708 refer
433 4651 499 4707 ad
538 4650 836 4705 Ecclesium
869 4668 884 4704 :
914 4650 957 4705 si
998 4663 1099 4705 nec
1139 4642 1309 4719 ipsam
1351 4650 1608 4716 audierit,
1639 4651 1710 4705 sit
1742 4651 1833 4704 tibi

259 4752 507 4811 tanquam
545 4740 795 4795 ethnicus
833 4748 890 4794 et
925 4739 1254 4811 publicanus.
1299 4741 1469 4796 Amen
1515 4741 1632 4796 dico
1664 4741 1832 4808 vobis,

256 4833 380 4901 quia
431 4844 549 4900 qua;
604 4828 899 4898 ligaveritis
951 4828 1005 4882 in
1055 4835 1232 4893 terra,
1302 4828 1455 4897 ligata
1497 4838 1651 4883 erunt
1693 4832 1834 4884 etin

256 4922 437 4986 ctnlo;
489 4929 545 4975 et
583 4930 934 4990 quaecumque
992 4919 1256 4974 solveritis
1308 4916 1558 4974 interra
1588 4962 1603 4987 ,
1662 4922 1834 4976 soluta

256 5020 413 5066 erunt
433 5020 486 5066 et
504 5011 557 5065 iu
579 5011 715 5065 cutio
747 5030 766 5062 ι
786 5008 996 5078 (Matth.
1016 5025 1166 5075 xvnt,
1185 5010 1396 5078 15-18).
1418 5009 1669 5065 Columba
1687 5010 1835 5083 ligat,

255 5103 500 5157 columba
526 5102 718 5167 solvit;
745 5101 1027 5155 aedilicium
1045 5116 1201 5170 supra
1221 5110 1421 5169 petram
1445 5103 1568 5172 ligat
1587 5112 1638 5158 et
1659 5105 1831 5157 solvit.

326 5191 554 5248 CAPUT
602 5192 690 5247 lll.
747 5221 816 5232 -—
858 5191 1102 5246 Timeant
1152 5192 1328 5261 ligati,
1388 5195 1606 5247 timeant
1650 5194 1830 5248 soluti.

256 5285 357 5352 Qui
384 5284 544 5339 soluti
576 5294 722 5347 sunt,
764 5285 985 5338 timeant
1010 5297 1078 5337 ne
1105 5282 1331 5353 ligentur
1361 5300 1371 5311 ·
1397 5283 1485 5352 qui
1523 5283 1664 5352 ligati
1687 5292 1828 5349 sunt,

256 5384 412 5429 orent
462 5384 523 5429 ut
568 5375 862 5429 solvantur.
939 5373 1204 5427 Criniculis
1254 5382 1572 5443 peccatorum
1625 5390 1832 5428 suorum

204 5472 209 5477 ‘
256 5465 597 5534 unusquisque
638 5464 1006 5533 constringitur
1046 5461 1239 5535 (Prov.
1272 5478 1338 5531 ν,
1368 5462 1471 5535 22)
1501 5480 1515 5516 :
1546 5472 1599 5518 et
1642 5474 1837 5534 prmter

257 5554 397 5609 hanc
434 5555 726 5611 Ecclesium
773 5554 903 5609 nihil
942 5554 1184 5609 solvitur.
1223 5554 1584 5622 Quatriduano
1624 5564 1832 5610 mortuo

259 5646 474 5712 dicitur,
500 5644 711 5709 Lazare,
738 5648 886 5717 prodi
912 5650 1068 5717 foras.
1095 5645 1162 5700 Et
1183 5646 1373 5715 prodiit
1395 5646 1461 5701 dc
1486 5658 1835 5702 monumento

261 5736 456 5792 institis
485 5737 675 5806 ligatus
708 5737 954 5792 manibus
969 5747 1023 5792 ct
1058 5737 1297 5807 pedibus.
1331 5736 1531 5792 Excitat
1560 5739 1832 5797 Dominus.

1640 380 1870 437 SERMO
1904 381 2143 438 CCXCV.

3374 402 3512 457 1550

1945 509 2001 553 ιιι
2024 513 2263 557 mortuus
2286 504 2352 558 de
2375 518 2716 559 monumento
2743 508 2997 576 prodi-at;
3029 510 3075 563 si
3107 524 3201 565 cor
3235 514 3416 582 tangit,
3458 525 3509 567 ut

1945 591 2142 673 peccati
2180 594 2453 647 confessio
2467 594 2606 649 foras
2631 606 2802 649 cxcat.
2829 598 2931 652 Sed
2962 614 3144 667 parum
3187 602 3358 657 adhuc
3386 604 3512 673 liga-

1945 691 2026 732 tus
2065 671 2165 735 est.
2209 684 2457 739 Dominus
2492 702 2646 756 ergo,
2696 699 2971 758 postquam
3012 692 3144 746 exiit
3177 692 3407 748 Lazarus
3434 671 3515 748 vde

1942 783 2305 837 monumento,
2328 774 2393 827 ad
2414 774 2700 844 discipulos
2721 792 2861 837 suos,
2893 781 3082 848 quibus
3104 781 3331 849 dixerat,
3363 785 3511 848 Qnir-

1940 870 2148 929 unaque
2192 863 2438 917 solvet-itis
2465 865 2516 918 in
2562 875 2731 929 terra,
2776 868 2944 920 soluta
2991 880 3135 923 erunt
3164 881 3212 922 et
3253 873 3304 924 in
3346 874 3505 927 coelo:

1942 948 2153 1013 Solvite,
2187 951 2372 1020 inquit,
2395 970 2525 1019 eum,
2554 965 2602 1008 et
2630 957 2778 1008 sinite
2801 957 2937 1011 abire
2966 958 3141 1029 (latin.
3174 976 3252 1023 XI,
3284 962 3371 1026 4⁸5,
3396 964 3508 1022 44).

1944 1037 2049 1092 Per
2076 1040 2135 1094 se
2160 1042 2427 1105 excitavit,
2463 1059 2554 1111 per
2580 1044 2867 1114 discipulos
2898 1049 3073 1101 solvit.

2010 1131 2063 1185 5.
2103 1129 2345 1186 Ecclesia:
2368 1134 2609 1200 fortitudo
2639 1145 2683 1188 et
2713 1138 2987 1205 inﬁrmitas
3008 1139 3247 1195 in‘Pctro
3271 1143 3511 1212 ﬁguram.

1941 1216 2171 1276 Proinde
2192 1224 2443 1278 Ecclesiae
2466 1225 2719 1280 fortitudo
2744 1229 2793 1282 in
2819 1231 2978 1284 Petro
2998 1232 3225 1285 maxime
3246 1248 3514 1288 commcn-

1939 1311 2060 1366 data
2081 1323 2192 1377 est;
2214 1316 2335 1384 quia
2356 1325 2569 1371 euntem
2595 1318 2661 1371 ad
2684 1321 2979 1387 passionem
3000 1331 3210 1375 secutus
3237 1333 3317 1376 est
3336 1324 3512 1376 Domi-

1938 1417 2064 1455 num
2085 1419 2099 1454 :
2117 1412 2171 1458 et
2189 1404 2467 1460 infirmitas
2483 1407 2721 1475 quaedam
2744 1418 2941 1471 notata;
2963 1411 3209 1479 quoniam
3229 1412 3513 1481 interroga-

1939 1502 2023 1545 tus
2042 1493 2109 1548 ab
2127 1496 2333 1561 ancilla,
2349 1499 2558 1567 negavit
2580 1500 2876 1553 Dominum.
2894 1499 3031 1556 Ecce
3049 1503 3135 1557 ille
3152 1514 3356 1558 amator
3372 1508 3514 1558 subi-

1939 1589 1994 1635 to
2011 1592 2246 1653 negator.
2266 1584 2471 1641 invenit
2486 1602 2564 1652 se,
2583 1589 2672 1658 qui
2692 1600 3099 1659 praesumpserat
3113 1587 3182 1645 de
3196 1608 3273 1645 se.
3300 1593 3515 1648 Dixerat

1937 1671 2100 1738 enim,
2126 1674 2263 1729 sicut
2292 1677 2461 1730 nostis
2487 1695 2500 1730 :
2528 1676 2767 1743 Domine,
2792 1689 2951 1733 tecum
2976 1697 3060 1733 ero
3093 1698 3249 1752 usque
3271 1683 3338 1735 ad
3373 1700 3510 1735 rnor-

1939 1770 2037 1815 tem
2066 1777 2086 1815 :
2108 1772 2154 1817 et
2175 1764 2220 1818 si
2245 1780 2373 1834 Opus
2394 1765 2548 1834 fuerit
2584 1774 2636 1819 ut
2655 1769 2876 1832 ,ntoriar,
2903 1770 3123 1824 animum
3147 1788 3309 1824 meam
3343 1790 3433 1841 pro
3468 1785 3514 1827 te

1937 1867 2140 1920 ponam.
2172 1853 2240 1907 Et
2261 1853 2518 1909 Dominus
2541 1855 2607 1910 ad
2630 1867 3069 1927 prazsumptorem
3087 1880 3100 1913 :
3118 1863 3349 1915 Animam
3376 1872 3513 1916 tuam

1938 1956 2031 2014 pro
2059 1959 2138 1997 me
2164 1958 2316 2015 pones
2335 1945 2360 1997 ?
2390 1945 2549 1998 Amen
2574 1946 2687 2000 dico
2707 1947 2813 2012 tibi,
2842 1958 3111 2019 antequam
3138 1953 3303 2021 gallus
3327 1962 3508 2017 cantet,

1935 2041 2010 2085 ter
2030 2048 2109 2105 me
2135 2035 2338 2103 negabis
2365 2033 2574 2104 (Matth.
2603 2051 2748 2101 xxw,
2779 2038 2971 2105 35-35,
3001 2051 3049 2094 et
3079 2040 3234 2095 Joan.
3264 2059 3378 2108 xrn,
3419 2045 3507 2109 37,
3556 2090 3563 2093 .

1935 2121 2047 2191 38).
2080 2122 2299 2177 Factum
2324 2133 2408 2177 est
2433 2125 2572 2194 quod
2612 2126 2928 2195 praedixerat
2951 2131 3189 2186 medicus
3218 2149 3232 2185 :
3262 2133 3374 2187 ﬁeri
3402 2150 3508 2188 non

1936 2212 2104 2281 potuit
2132 2212 2271 2281 quod
2318 2215 2654 2284 praesumpsit
2696 2228 2945 2286 aegrotus.
2992 2218 3095 2274 Sed
3139 2223 3510 2291 quid?Conti-

1935 2314 2042 2354 nuo
2067 2301 2299 2368 respexit
2325 2315 2447 2355 eum
2477 2303 2754 2359 Dominus.
2783 2305 2872 2360 Sic
2908 2308 3165 2377 scriptum
3193 2320 3294 2378 est,
3332 2313 3407 2364 sic
3436 2314 3511 2364 lo-

1935 2389 2114 2458 quitur
2143 2390 2479 2459 Evangelium
2512 2408 2541 2471 ε⁴
2563 2392 2796 2462 Respuit
2835 2411 2950 2448 eum
3000 2396 3262 2462 Dominus,
3310 2410 3354 2453 et
3391 2402 3551 2454 exiit'

1936 2482 2095 2549 foras,
2132 2488 2179 2531 et
2206 2480 2341 2548 ﬂeuit
2377 2495 2547 2534 amare
2578 2480 2725 2552 (Luc.
2763 2498 2892 2550 xxn,
2924 2484 3013 2551 6|,
3032 2486 3144 2557 62).
3168 2487 3306 2541 Exiit
3333 2494 3470 2560 foras
3491 2508 3509 2542 .-

1935 2566 2039 2621 boc
2064 2575 2167 2634 est,
2197 2567 2459 2625 confiteri.
2498 2569 2666 2625 Flevit
2706 2589 2897 2641 amare,
2943 2575 3032 2644 qui
3068 2587 3286 2632 noverat
3308 2594 3506 2633 amare.

1940 2655 2171 2710 Dulcedo
2213 2666 2390 2711 secuta
2427 2667 2509 2713 est
2545 2659 2601 2714 in
2635 2675 2837 2730 amore,
2869 2664 3021 2734 cujus
3048 2667 3345 2722 amaritudo
3371 2683 3508 2739 prac-

1934 2753 2168 2798 cesserat
2193 2744 2244 2798 iu
2271 2744 2474 2800 dolore.

2003 2832 2227 2887 CAPUT
2275 2832 2455 2888 iV.—
2479 2837 2532 2890 4.
2578 2836 2730 2892 Petro
2757 2837 3000 2896 Ecclesia:
3040 2843 3280 2898 unitatem
3315 2847 3501 2915 signi/L

1933 2921 2070 2974 conti
2105 2938 2217 2975 oves
2248 2938 2280 2974 a
2299 2923 2495 2979 Christo
2518 2928 2892 2983 commendatur.
2930 2930 3033 2985 Cur
3065 2942 3140 2987 ter
3177 2935 3508 3004 interrogatus

1936 3008 2121 3071 Petrus
2156 3011 2221 3070 de
2251 3031 2349 3068 suo
2389 3029 2576 3075 amore.
2608 3016 2795 3077 Merito
2830 3020 2993 3077 etiam
3022 3031 3141 3096 post
3167 3029 3510 3082 resurrectio-

1933 3122 2055 3163 nem
2097 3108 2352 3161 Dominus
2378 3108 2477 3177 ipsi
2504 3109 2662 3165 Petro
2690 3128 2818 3167 oves
2845 3128 2969 3169 suas
2996 3097 3382 3172 commendavit
3414 3136 3502 3187 pa-

1932 3199 2174 3252 scendas.
2202 3198 2315 3252 Non
2354 3200 2494 3254 enim
2537 3201 2674 3255 inter
2699 3202 2986 3273 discipulos
3022 3208 3167 3263 solus
3194 3211 3384 3263 meruit
3414 3227 3499 3279 pa-

1933 3306 2082 3346 scere
2108 3290 2397 3346 dominicas
2423 3306 2553 3346 oves
2577 3310 2590 3345 :
2621 3294 2717 3348 sed
2747 3296 2959 3365 quando
2984 3296 3227 3353 Christus
3254 3301 3316 3353 ad
3349 3317 3507 3354 unum

1934 3381 2182 3449 loquitur,
2235 3383 2406 3434 unitas
2451 3383 2886 3448 commendatur;
2936 3394 2990 3439 et
3035 3387 3195 3440 Petro
3243 3390 3504 3457 primitus,

1932 3473 2051 3539 quia
2081 3471 2130 3521 in
2172 3470 2438 3539 Apostolis
2478 3471 2666 3524 Petrus
2692 3481 2774 3525 est
2802 3473 3024 3540 primus.
3057 3474 3234 3529 Simon
3269 3476 3505 3542 Joannis,

1934 3560 2102 3627 inquit
2127 3558 2401 3620 Dominus,
2431 3573 2572 3610 antas
2617 3560 2737 3611 me?
2780 3559 3081 3628 Respondit
3123 3563 3230 3628 ille,
3268 3564 3413 3618 Amo.
3446 3566 3510 3619 Et

1935 3651 2124 3704 iterum
2155 3650 2526 3718 interrogatus,
2570 3650 2759 3703 iterum
2802 3650 3101 3718 respondit.
3145 3652 3213 3706 Et
3246 3655 3403 3708 tertio
3425 3657 3508 3708 in-

1936 3749 2249 3808 terrogatus,
2280 3747 2334 3792 et
2379 3746 2626 3808 tanquam
2677 3739 2751 3792 illi
2794 3754 2898 3794 non
2926 3741 3197 3810 credatur,
3226 3747 3509 3800 contrista-

1936 3840 2037 3883 tur.
2069 3828 2174 3883 Sed
2197 3828 2462 3898 quomodo
2487 3829 2537 3882 ei
2562 3844 2666 3883 non
2694 3830 2972 3898 credebat,
3003 3832 3090 3902 qui
3118 3848 3213 3888 cor
3229 3834 3344 3903 ejus
3371 3837 3509 3891 vide-

1936 3921 2060 3975 bat?
2106 3921 2345 3989 Denique
2393 3930 2512 3990 post
2556 3921 2698 3975 illam
2748 3922 3015 3976 tristitiam
3066 3924 3144 3979 sic
3185 3926 3455 3993 respondit
3493 3946 3505 3979 :

1935 4011 2151 4065 Domine
2188 4021 2242 4065 tu
2274 4012 2371 4065 scis
2396 4013 2584 4079 omnia,
2627 4023 2682 4065 tu
2722 4014 2821 4067 scis
2843 4014 2962 4084 quia
2997 4030 3112 4069 amo
3139 4025 3198 4070 te.
3230 4015 3344 4070 Non
3369 4018 3508 4072 enim

1935 4102 2023 4171 qui
2063 4103 2235 4156 omnia
2266 4103 2391 4165 scis,
2422 4101 2524 4156 hoc
2550 4102 2723 4156 solum
2766 4103 2958 4157 nescis.
3002 4103 3121 4158 Noli
3164 4105 3329 4160 tristis
3366 4120 3507 4171 esse,

1935 4191 2222 4258 Apostole;
2256 4189 2519 4258 reSponde
2537 4191 2725 4254 semel,
2755 4191 3021 4261 responde
3049 4192 3259 4258 iterum,
3286 4208 3509 4263 respon-

1935 4281 2004 4339 de
2050 4283 2226 4336 tertio.
2256 4281 2363 4335 Ter
2408 4282 2583 4336 vincat
2623 4281 2675 4336 in
2719 4272 2903 4338 amore
2943 4284 3226 4351 confessio,
3267 4285 3388 4354 quia
3433 4294 3513 4339 ter

1936 4375 2073 4429 victa
2114 4384 2198 4429 est
2237 4373 2290 4428 in
2335 4373 2523 4427 timore
2554 4375 2918 4445 prtesumptio.
2953 4375 3273 4431 Solvendum
3302 4386 3385 4433 est
3410 4388 3508 4442 ter,

1937 4464 2078 4534 quod
2110 4465 2369 4534 iigaveras
2391 4472 2489 4517 ter.
2512 4463 2668 4518 Solve
2691 4481 2789 4535 per
2804 4480 3064 4533 amorem,
3088 4467 3230 4537 quod
3258 4469 3512 4539 ligaveras

1941 4569 2035 4623 per
2065 4554 2333 4607 timorem.
2376 4554 2443 4608 Et
2482 4560 2659 4607 tamen
2702 4555 2958 4610 Dominus
3002 4557 3191 4623 semel,
3219 4567 3274 4613 et
3299 4559 3508 4621 iterum,

1938 4653 1993 4698 et
2021 4644 2194 4706 tertio,
2222 4657 2350 4697 oves
2375 4657 2497 4697 suas
2520 4644 2912 4699 commendavit
2936 4646 3111 4702 Petro.

2009 4733 2235 4788 CAPUT
2258 4733 2319 4787 ν.
2341 4763 2413 4774 -—
2439 4733 2493 4789 ὅ.
2523 4732 2589 4787 In
2615 4733 2910 4789 Donatistae
2937 4737 3178 4791 dominici
3200 4739 3363 4808 gregis
3388 4740 3513 4791 divi-

1939 4843 2094 4880 sores.
2124 4827 2414 4892 Attendite,
2452 4824 2645 4880 fratres
2684 4828 2788 4880 mei
2822 4844 2835 4880 :
2867 4825 3050 4891 Pasce,
3079 4829 3266 4896 inquit,
3294 4829 3514 4882 aviculae

1939 4936 2095 4985 meas,
2125 4935 2273 4988 pasce
2292 4934 2449 4986 agnos
2472 4933 2606 4970 meos
2626 4916 2805 4986 (Joan.
2828 4922 2941 4980 im,
2967 4918 3180 4988 15-17).
3214 4918 3376 4971 Pasce
3400 4935 3510 4972 oves

1940 5025 2076 5063 meas
2105 5024 2125 5061 :
2151 5008 2407 5077 numquid
2434 5007 2587 5071 dixit,
2618 5006 2791 5061 Tuas?
2810 5007 2996 5072 Pasce,
3026 5008 3162 5061 bone
3187 5021 3359 5072 serve,
3387 5023 3514 5062 oves

1940 5100 2253 5164 dominicas,
2298 5098 2554 5152 habentes
2577 5095 2902 5150 dominicum
2939 5094 3318 5152 characterem.
3352 5096 3514 5150 Num-

1941 5191 2062 5261 quid
2090 5190 2233 5244 cnim
2267 5187 2466 5242 Paulus
2489 5203 2582 5259 pro
2606 5187 2742 5242 vobis
2767 5187 3041 5255 cruci/imus
3081 5187 3188 5242 est?
3215 5196 3303 5240 aut
3339 5188 3391 5240 in
3418 5204 3511 5241 no-

1942 5282 2075 5335 mine
2106 5281 2247 5336 Petri
2281 5291 2335 5334 ct
2359 5278 2515 5334 Pauli
2537 5279 2775 5351 baptizati
2799 5279 2915 5332 estis
2942 5278 2984 5350 (l
3015 5277 3131 5332 Cor.
3160 5293 3196 5342 ι,
3226 5278 3350 5348 l5)?
3378 5279 3513 5348 Ergo

1940 5388 2100 5444 pasce
2150 5388 2277 5428 oves
2318 5372 2469 5441 ejus,
2519 5373 2725 5427 ablutas
2774 5372 3043 5439 Baptismo
3094 5371 3226 5440 ejus,
3280 5372 3514 5441 signatas

1942 5463 2156 5518 nomine
2206 5462 2342 5531 ejus,
2390 5462 2693 5531 redemptae
2742 5462 2995 5530 sanguine
3040 5462 3176 5530 ejus,
3209 5458 3389 5524 Pasce,
3436 5462 3539 5513 in-.

1940 5557 2073 5627 quit,
2106 5572 2217 5610 oues
2256 5573 2410 5610 meas.
2440 5555 2572 5610 Nam
2613 5554 2845 5609 haeretici
2890 5554 3028 5610 servi
3059 5554 3180 5608 mali
3208 5562 3261 5607 et
3288 5553 3510 5623 fugitivi,

1941 5647 2080 5717 quod
2110 5661 2214 5700 non
2245 5656 2488 5700 emerunt
2516 5645 2817 5699 dividentes
2841 5644 2961 5709 sibi,
2991 5652 3045 5699 et
3072 5644 3137 5699 de
3167 5643 3318 5697 furtis
3351 5659 3512 5712 pecu-

1942 5742 2010 5794 lia
2037 5750 2285 5809 tanquam
2308 5738 2515 5809 prOpria
2543 5737 2815 5803 facientes,
2845 5751 2965 5791 suas
2988 5751 3113 5792 oves
3138 5736 3235 5791 sibi
3269 5735 3508 5790 videntur
