  <div class='ocr_page' id='page_1' title='image "/cluster/home/n/w/nwhite01/storage/ocr_20150623/38/hvd.32044096580600/681.png"; bbox 0 0 3974 6170; ppageno 0'>
   <div class='ocr_carea' id='block_1_1' title="bbox 469 323 599 378">
    <p class='ocr_par' dir='ltr' id='par_1_1' title="bbox 469 323 599 378">
     <span class='ocr_line' id='line_1_1' title="bbox 469 323 599 378; baseline -0.015 0"><span class='ocrx_word' id='word_1_1' title='bbox 469 323 599 378; x_wconf 74' lang='grc'><strong>1551</strong></span> 
     </span>
    </p>
   </div>
   <div class='ocr_carea' id='block_1_2' title="bbox 464 426 2036 506">
    <p class='ocr_par' dir='ltr' id='par_1_2' title="bbox 464 426 2036 506">
     <span class='ocr_line' id='line_1_2' title="bbox 464 426 2036 506; baseline -0.008 -15"><span class='ocrx_word' id='word_1_2' title='bbox 464 449 701 506; x_wconf 88' lang='lat' dir='ltr'><strong>pascere.</strong></span> <span class='ocrx_word' id='word_1_3' title='bbox 749 433 879 488; x_wconf 84' lang='lat' dir='ltr'><strong>Nam</strong></span> <span class='ocrx_word' id='word_1_4' title='bbox 921 432 1046 502; x_wconf 91' lang='lat' dir='ltr'><strong>quid</strong></span> <span class='ocrx_word' id='word_1_5' title='bbox 1075 440 1158 487; x_wconf 88' lang='lat' dir='ltr'><strong>est</strong></span> <span class='ocrx_word' id='word_1_6' title='bbox 1189 430 1352 493; x_wconf 99' lang='lat' dir='ltr'><strong>aliud,</strong></span> <span class='ocrx_word' id='word_1_7' title='bbox 1388 444 1516 498; x_wconf 89' lang='lat' dir='ltr'><strong>rogo</strong></span> <span class='ocrx_word' id='word_1_8' title='bbox 1558 444 1671 491; x_wconf 89' lang='lat' dir='ltr'><strong>vos,</strong></span> <span class='ocrx_word' id='word_1_9' title='bbox 1718 426 1827 481; x_wconf 83' lang='lat' dir='ltr'><strong>Nisi</strong></span> <span class='ocrx_word' id='word_1_10' title='bbox 1851 437 1901 480; x_wconf 85' lang='lat' dir='ltr'><strong>te</strong></span> <span class='ocrx_word' id='word_1_11' title='bbox 1937 440 2036 495; x_wconf 86' lang='lat' dir='ltr'><strong>ego</strong></span> 
     </span>
    </p>
   </div>
   <div class='ocr_carea' id='block_1_3' title="bbox 465 518 2034 593">
    <p class='ocr_par' dir='ltr' id='par_1_3' title="bbox 465 518 2034 593">
     <span class='ocr_line' id='line_1_3' title="bbox 465 518 2034 593; baseline -0.01 -12"><span class='ocrx_word' id='word_1_12' title='bbox 465 525 818 593; x_wconf 79' lang='lat' dir='ltr'><strong>baptizavero,</strong></span> <span class='ocrx_word' id='word_1_13' title='bbox 846 521 1150 576; x_wconf 87' lang='lat' dir='ltr'><strong>immundus</strong></span> <span class='ocrx_word' id='word_1_14' title='bbox 1189 521 1328 585; x_wconf 88' lang='lat' dir='ltr'><strong>eris,</strong></span> <span class='ocrx_word' id='word_1_15' title='bbox 1364 519 1473 573; x_wconf 85' lang='lat' dir='ltr'><strong>Nisi</strong></span> <span class='ocrx_word' id='word_1_16' title='bbox 1510 518 1830 587; x_wconf 86' lang='lat' dir='ltr'><strong>Baptismum</strong></span> <span class='ocrx_word' id='word_1_17' title='bbox 1862 529 2034 568; x_wconf 87' lang='lat' dir='ltr'><strong>meum</strong></span> 
     </span>
    </p>
   </div>
   <div class='ocr_carea' id='block_1_4' title="bbox 464 607 2039 681">
    <p class='ocr_par' dir='ltr' id='par_1_4' title="bbox 464 607 2039 681">
     <span class='ocr_line' id='line_1_4' title="bbox 464 607 2039 681; baseline -0.006 -11"><span class='ocrx_word' id='word_1_18' title='bbox 464 614 730 681; x_wconf 84' lang='lat' dir='ltr'><strong>habueris,</strong></span> <span class='ocrx_word' id='word_1_19' title='bbox 762 614 973 669; x_wconf 88' lang='lat' dir='ltr'><strong>ablutus</strong></span> <span class='ocrx_word' id='word_1_20' title='bbox 1000 630 1106 668; x_wconf 92' lang='lat' dir='ltr'><strong>non</strong></span> <span class='ocrx_word' id='word_1_21' title='bbox 1141 614 1282 668; x_wconf 89' lang='lat' dir='ltr'><strong>eris?</strong></span> <span class='ocrx_word' id='word_1_22' title='bbox 1304 613 1450 666; x_wconf 89' lang='lat' dir='ltr'><strong>Itane</strong></span> <span class='ocrx_word' id='word_1_23' title='bbox 1475 628 1578 664; x_wconf 90' lang='lat' dir='ltr'><strong>non</strong></span> <span class='ocrx_word' id='word_1_24' title='bbox 1605 609 1846 673; x_wconf 74' lang='lat' dir='ltr'><strong>audistis,</strong></span> <span class='ocrx_word' id='word_1_25' title='bbox 1871 607 2039 661; x_wconf 80' lang='lat' dir='ltr'><strong>Mule-</strong></span> 
     </span>
    </p>
   </div>
   <div class='ocr_carea' id='block_1_5' title="bbox 463 696 2037 774">
    <p class='ocr_par' dir='ltr' id='par_1_5' title="bbox 463 696 2037 774">
     <span class='ocr_line' id='line_1_5' title="bbox 463 696 2037 774; baseline -0.007 -14"><span class='ocrx_word' id='word_1_26' title='bbox 463 707 627 760; x_wconf 83' lang='lat' dir='ltr'><strong>dictus</strong></span> <span class='ocrx_word' id='word_1_27' title='bbox 654 705 816 759; x_wconf 89' lang='lat' dir='ltr'><strong>omnis</strong></span> <span class='ocrx_word' id='word_1_28' title='bbox 858 706 943 774; x_wconf 89' lang='lat' dir='ltr'><strong>qui</strong></span> <span class='ocrx_word' id='word_1_29' title='bbox 975 721 1116 774; x_wconf 89' lang='lat' dir='ltr'><strong>spem</strong></span> <span class='ocrx_word' id='word_1_30' title='bbox 1156 720 1303 757; x_wconf 87' lang='lat' dir='ltr'><strong>suam</strong></span> <span class='ocrx_word' id='word_1_31' title='bbox 1338 703 1479 773; x_wconf 88' lang='lat' dir='ltr'><strong>ponit</strong></span> <span class='ocrx_word' id='word_1_32' title='bbox 1510 702 1563 753; x_wconf 92' lang='lat' dir='ltr'><strong>in</strong></span> <span class='ocrx_word' id='word_1_33' title='bbox 1606 701 1804 752; x_wconf 78' lang='lat' dir='ltr'><strong>homine</strong></span> <span class='ocrx_word' id='word_1_34' title='bbox 1828 696 2037 767; x_wconf 85' lang='lat' dir='ltr'><strong>(Jerem.</strong></span> 
     </span>
    </p>
   </div>
   <div class='ocr_carea' id='block_1_6' title="bbox 467 788 2037 864">
    <p class='ocr_par' dir='ltr' id='par_1_6' title="bbox 467 788 2037 864">
     <span class='ocr_line' id='line_1_6' title="bbox 467 788 2037 864; baseline -0.007 -14"><span class='ocrx_word' id='word_1_35' title='bbox 467 811 598 860; x_wconf 77' lang='lat' dir='ltr'><strong>svn,</strong></span> <span class='ocrx_word' id='word_1_36' title='bbox 628 795 724 864; x_wconf 83' lang='lat'><strong>5)?</strong></span> <span class='ocrx_word' id='word_1_37' title='bbox 747 794 996 857; x_wconf 88' lang='lat' dir='ltr'><strong>Proinde,</strong></span> <span class='ocrx_word' id='word_1_38' title='bbox 1022 793 1339 853; x_wconf 87' lang='lat' dir='ltr'><strong>charissimi,</strong></span> <span class='ocrx_word' id='word_1_39' title='bbox 1367 807 1498 861; x_wconf 87' lang='lat' dir='ltr'><strong>quos</strong></span> <span class='ocrx_word' id='word_1_40' title='bbox 1519 789 1805 859; x_wconf 73' lang='lat' dir='ltr'><strong>baptizavit</strong></span> <span class='ocrx_word' id='word_1_41' title='bbox 1830 788 2037 849; x_wconf 69' lang='lat' dir='ltr'><strong>Petrus.</strong></span> 
     </span>
    </p>
   </div>
   <div class='ocr_carea' id='block_1_7' title="bbox 463 879 2043 953">
    <p class='ocr_par' dir='ltr' id='par_1_7' title="bbox 463 879 2043 953">
     <span class='ocr_line' id='line_1_7' title="bbox 463 879 2043 953; baseline -0.006 -11"><span class='ocrx_word' id='word_1_42' title='bbox 463 902 592 942; x_wconf 88' lang='lat' dir='ltr'><strong>oves</strong></span> <span class='ocrx_word' id='word_1_43' title='bbox 633 886 831 942; x_wconf 85' lang='lat' dir='ltr'><strong>Christi</strong></span> <span class='ocrx_word' id='word_1_44' title='bbox 876 895 1026 951; x_wconf 92' lang='lat' dir='ltr'><strong>sunt;</strong></span> <span class='ocrx_word' id='word_1_45' title='bbox 1074 894 1129 940; x_wconf 90' lang='lat' dir='ltr'><strong>et</strong></span> <span class='ocrx_word' id='word_1_46' title='bbox 1174 898 1309 953; x_wconf 90' lang='lat' dir='ltr'><strong>quos</strong></span> <span class='ocrx_word' id='word_1_47' title='bbox 1358 881 1643 952; x_wconf 82' lang='lat' dir='ltr'><strong>baptizavit</strong></span> <span class='ocrx_word' id='word_1_48' title='bbox 1687 879 1868 942; x_wconf 85' lang='lat' dir='ltr'><strong>Judas,</strong></span> <span class='ocrx_word' id='word_1_49' title='bbox 1914 890 2043 932; x_wconf 83' lang='lat' dir='ltr'><strong>oves</strong></span> 
     </span>
    </p>
   </div>
   <div class='ocr_carea' id='block_1_8' title="bbox 463 969 2042 1043">
    <p class='ocr_par' dir='ltr' id='par_1_8' title="bbox 463 969 2042 1043">
     <span class='ocr_line' id='line_1_8' title="bbox 463 969 2042 1043; baseline -0.006 -13"><span class='ocrx_word' id='word_1_50' title='bbox 463 974 660 1031; x_wconf 85' lang='lat' dir='ltr'><strong>Christi</strong></span> <span class='ocrx_word' id='word_1_51' title='bbox 686 986 826 1030; x_wconf 92' lang='lat' dir='ltr'><strong>sunt.</strong></span> <span class='ocrx_word' id='word_1_52' title='bbox 855 975 986 1030; x_wconf 85' lang='lat' dir='ltr'><strong>Nam</strong></span> <span class='ocrx_word' id='word_1_53' title='bbox 1023 974 1199 1030; x_wconf 82' lang='lat' dir='ltr'><strong>videte</strong></span> <span class='ocrx_word' id='word_1_54' title='bbox 1239 972 1366 1043; x_wconf 92' lang='lat' dir='ltr'><strong>quid</strong></span> <span class='ocrx_word' id='word_1_55' title='bbox 1409 971 1549 1026; x_wconf 88' lang='lat' dir='ltr'><strong>dicat</strong></span> <span class='ocrx_word' id='word_1_56' title='bbox 1576 984 1806 1039; x_wconf 89' lang='lat' dir='ltr'><strong>sponsus</strong></span> <span class='ocrx_word' id='word_1_57' title='bbox 1834 969 2042 1023; x_wconf 66' lang='lat' dir='ltr'><strong>dilectae</strong></span> 
     </span>
    </p>
   </div>
   <div class='ocr_carea' id='block_1_9' title="bbox 462 1061 2037 1132">
    <p class='ocr_par' dir='ltr' id='par_1_9' title="bbox 462 1061 2037 1132">
     <span class='ocr_line' id='line_1_9' title="bbox 462 1061 2037 1132; baseline -0.004 -13"><span class='ocrx_word' id='word_1_58' title='bbox 462 1082 573 1121; x_wconf 83' lang='lat' dir='ltr'><strong>suae</strong></span> <span class='ocrx_word' id='word_1_59' title='bbox 612 1067 664 1121; x_wconf 92' lang='lat' dir='ltr'><strong>in</strong></span> <span class='ocrx_word' id='word_1_60' title='bbox 714 1066 930 1122; x_wconf 89' lang='lat' dir='ltr'><strong>Cantico</strong></span> <span class='ocrx_word' id='word_1_61' title='bbox 976 1066 1319 1127; x_wconf 87' lang='lat' dir='ltr'><strong>canticorum,</strong></span> <span class='ocrx_word' id='word_1_62' title='bbox 1349 1062 1559 1132; x_wconf 85' lang='lat' dir='ltr'><strong>quando</strong></span> <span class='ocrx_word' id='word_1_63' title='bbox 1583 1062 1632 1116; x_wconf 90' lang='lat' dir='ltr'><strong>ei</strong></span> <span class='ocrx_word' id='word_1_64' title='bbox 1656 1061 1793 1115; x_wconf 75' lang='lat' dir='ltr'><strong>dixit</strong></span> <span class='ocrx_word' id='word_1_65' title='bbox 1820 1074 2037 1129; x_wconf 90' lang='lat' dir='ltr'><strong>sponsa,</strong></span> 
     </span>
    </p>
   </div>
   <div class='ocr_carea' id='block_1_10' title="bbox 466 1148 2043 1225">
    <p class='ocr_par' dir='ltr' id='par_1_10' title="bbox 466 1148 2043 1225">
     <span class='ocr_line' id='line_1_10' title="bbox 466 1148 2043 1225; baseline -0.004 -17"><span class='ocrx_word' id='word_1_66' title='bbox 466 1156 722 1210; x_wconf 81' lang='lat' dir='ltr'><strong>Annuntiu</strong></span> <span class='ocrx_word' id='word_1_67' title='bbox 754 1156 896 1219; x_wconf 85' lang='lat' dir='ltr'><strong>mihi,</strong></span> <span class='ocrx_word' id='word_1_68' title='bbox 923 1171 1068 1225; x_wconf 86' lang='lat' dir='ltr'><strong>quem</strong></span> <span class='ocrx_word' id='word_1_69' title='bbox 1088 1155 1263 1208; x_wconf 74' lang='lat' dir='ltr'><strong>dilexit</strong></span> <span class='ocrx_word' id='word_1_70' title='bbox 1282 1154 1453 1206; x_wconf 90' lang='lat' dir='ltr'><strong>anima</strong></span> <span class='ocrx_word' id='word_1_71' title='bbox 1480 1168 1611 1215; x_wconf 87' lang='lat' dir='ltr'><strong>mea,</strong></span> <span class='ocrx_word' id='word_1_72' title='bbox 1639 1150 1932 1218; x_wconf 79' lang='lat' dir='ltr'><strong>ubi~pascis,</strong></span> <span class='ocrx_word' id='word_1_73' title='bbox 1960 1148 2043 1202; x_wconf 85' lang='lat' dir='ltr'><strong>ubi</strong></span> 
     </span>
    </p>
   </div>
   <div class='ocr_carea' id='block_1_11' title="bbox 465 1244 2043 1315">
    <p class='ocr_par' dir='ltr' id='par_1_11' title="bbox 465 1244 2043 1315">
     <span class='ocr_line' id='line_1_11' title="bbox 465 1244 2043 1315; baseline -0.006 -15"><span class='ocrx_word' id='word_1_74' title='bbox 465 1247 617 1301; x_wconf 87' lang='lat' dir='ltr'><strong>cubas</strong></span> <span class='ocrx_word' id='word_1_75' title='bbox 636 1250 687 1300; x_wconf 91' lang='lat' dir='ltr'><strong>in</strong></span> <span class='ocrx_word' id='word_1_76' title='bbox 716 1247 959 1310; x_wconf 77' lang='lat' dir='ltr'><strong>meridie;</strong></span> <span class='ocrx_word' id='word_1_77' title='bbox 984 1262 1046 1299; x_wconf 87' lang='lat' dir='ltr'><strong>ne</strong></span> <span class='ocrx_word' id='word_1_78' title='bbox 1071 1248 1198 1315; x_wconf 83' lang='lat' dir='ltr'><strong>forte</strong></span> <span class='ocrx_word' id='word_1_79' title='bbox 1218 1246 1339 1312; x_wconf 76' lang='lat' dir='ltr'><strong>fiam</strong></span> <span class='ocrx_word' id='word_1_80' title='bbox 1371 1244 1498 1296; x_wconf 83' lang='lat' dir='ltr'><strong>sicut</strong></span> <span class='ocrx_word' id='word_1_81' title='bbox 1527 1251 1722 1310; x_wconf 88' lang='lat' dir='ltr'><strong>aperta,</strong></span> <span class='ocrx_word' id='word_1_82' title='bbox 1750 1256 1899 1309; x_wconf 87' lang='lat' dir='ltr'><strong>super</strong></span> <span class='ocrx_word' id='word_1_83' title='bbox 1927 1256 2043 1310; x_wconf 87' lang='lat' dir='ltr'><strong>gre-</strong></span> 
     </span>
    </p>
   </div>
   <div class='ocr_carea' id='block_1_12' title="bbox 465 1330 2039 1407">
    <p class='ocr_par' dir='ltr' id='par_1_12' title="bbox 465 1330 2039 1407">
     <span class='ocr_line' id='line_1_12' title="bbox 465 1330 2039 1407; baseline -0.006 -16"><span class='ocrx_word' id='word_1_84' title='bbox 465 1354 551 1407; x_wconf 90' lang='lat' dir='ltr'><strong>ges</strong></span> <span class='ocrx_word' id='word_1_85' title='bbox 572 1336 821 1390; x_wconf 79' lang='lat' dir='ltr'><strong>sodalium</strong></span> <span class='ocrx_word' id='word_1_86' title='bbox 841 1346 1058 1389; x_wconf 89' lang='lat' dir='ltr'><strong>tuorum.</strong></span> <span class='ocrx_word' id='word_1_87' title='bbox 1078 1334 1353 1397; x_wconf 82' lang='lat' dir='ltr'><strong>Annuntia,</strong></span> <span class='ocrx_word' id='word_1_88' title='bbox 1377 1333 1563 1402; x_wconf 85' lang='lat' dir='ltr'><strong>inquit,</strong></span> <span class='ocrx_word' id='word_1_89' title='bbox 1588 1332 1729 1393; x_wconf 83' lang='lat' dir='ltr'><strong>milii,</strong></span> <span class='ocrx_word' id='word_1_90' title='bbox 1752 1331 1836 1382; x_wconf 89' lang='lat' dir='ltr'><strong>ubi</strong></span> <span class='ocrx_word' id='word_1_91' title='bbox 1857 1330 2039 1398; x_wconf 88' lang='lat' dir='ltr'><strong>pascis,</strong></span> 
     </span>
    </p>
   </div>
   <div class='ocr_carea' id='block_1_13' title="bbox 466 1421 2044 1493">
    <p class='ocr_par' dir='ltr' id='par_1_13' title="bbox 466 1421 2044 1493">
     <span class='ocr_line' id='line_1_13' title="bbox 466 1421 2044 1493; baseline -0.003 -14"><span class='ocrx_word' id='word_1_92' title='bbox 466 1426 551 1479; x_wconf 83' lang='lat' dir='ltr'><strong>ubi</strong></span> <span class='ocrx_word' id='word_1_93' title='bbox 575 1427 724 1480; x_wconf 81' lang='lat' dir='ltr'><strong>cubas</strong></span> <span class='ocrx_word' id='word_1_94' title='bbox 746 1427 799 1479; x_wconf 88' lang='lat' dir='ltr'><strong>in</strong></span> <span class='ocrx_word' id='word_1_95' title='bbox 828 1426 1050 1486; x_wconf 86' lang='lat' dir='ltr'><strong>meridie.</strong></span> <span class='ocrx_word' id='word_1_96' title='bbox 1080 1425 1132 1479; x_wconf 92' lang='lat' dir='ltr'><strong>in</strong></span> <span class='ocrx_word' id='word_1_97' title='bbox 1153 1424 1434 1493; x_wconf 82' lang='lat' dir='ltr'><strong>Splendore</strong></span> <span class='ocrx_word' id='word_1_98' title='bbox 1454 1424 1709 1486; x_wconf 87' lang='lat' dir='ltr'><strong>veritatis,</strong></span> <span class='ocrx_word' id='word_1_99' title='bbox 1749 1422 1803 1474; x_wconf 89' lang='lat' dir='ltr'><strong>in</strong></span> <span class='ocrx_word' id='word_1_100' title='bbox 1839 1421 2044 1474; x_wconf 73' lang='lat' dir='ltr'><strong>fervore</strong></span> 
     </span>
    </p>
   </div>
   <div class='ocr_carea' id='block_1_14' title="bbox 466 1509 2046 1582">
    <p class='ocr_par' dir='ltr' id='par_1_14' title="bbox 466 1509 2046 1582">
     <span class='ocr_line' id='line_1_14' title="bbox 466 1509 2046 1582; baseline -0.004 -13"><span class='ocrx_word' id='word_1_101' title='bbox 466 1516 757 1570; x_wconf 86' lang='lat' dir='ltr'><strong>charitatis.</strong></span> <span class='ocrx_word' id='word_1_102' title='bbox 803 1515 978 1582; x_wconf 85' lang='lat' dir='ltr'><strong>Quare</strong></span> <span class='ocrx_word' id='word_1_103' title='bbox 1017 1514 1203 1577; x_wconf 86' lang='lat' dir='ltr'><strong>times,</strong></span> <span class='ocrx_word' id='word_1_104' title='bbox 1242 1528 1275 1566; x_wconf 90' lang='grc' dir='ltr'>ο</span> <span class='ocrx_word' id='word_1_105' title='bbox 1316 1512 1543 1567; x_wconf 86' lang='lat' dir='ltr'><strong>dilecta?</strong></span> <span class='ocrx_word' id='word_1_106' title='bbox 1578 1511 1702 1579; x_wconf 89' lang='lat' dir='ltr'><strong>quid</strong></span> <span class='ocrx_word' id='word_1_107' title='bbox 1746 1510 1936 1564; x_wconf 78' lang='lat' dir='ltr'><strong>times?</strong></span> <span class='ocrx_word' id='word_1_108' title='bbox 1965 1509 2046 1562; x_wconf 87' lang='lat' dir='ltr'><strong>Ne</strong></span> 
     </span>
    </p>
   </div>
   <div class='ocr_carea' id='block_1_15' title="bbox 467 1602 2041 1674">
    <p class='ocr_par' dir='ltr' id='par_1_15' title="bbox 467 1602 2041 1674">
     <span class='ocr_line' id='line_1_15' title="bbox 467 1602 2041 1674; baseline -0.002 -16"><span class='ocrx_word' id='word_1_109' title='bbox 467 1609 597 1674; x_wconf 80' lang='lat' dir='ltr'><strong>forte</strong></span> <span class='ocrx_word' id='word_1_110' title='bbox 624 1606 763 1673; x_wconf 83' lang='lat' dir='ltr'><strong>ﬁant,</strong></span> <span class='ocrx_word' id='word_1_111' title='bbox 796 1605 983 1674; x_wconf 85' lang='lat' dir='ltr'><strong>inquit,</strong></span> <span class='ocrx_word' id='word_1_112' title='bbox 1012 1605 1139 1658; x_wconf 86' lang='lat' dir='ltr'><strong>sicut</strong></span> <span class='ocrx_word' id='word_1_113' title='bbox 1163 1613 1356 1674; x_wconf 87' lang='lat' dir='ltr'><strong>operta.</strong></span> <span class='ocrx_word' id='word_1_114' title='bbox 1404 1602 1454 1656; x_wconf 91' lang='lat' dir='ltr'><strong>id</strong></span> <span class='ocrx_word' id='word_1_115' title='bbox 1496 1611 1599 1669; x_wconf 90' lang='lat' dir='ltr'><strong>est,</strong></span> <span class='ocrx_word' id='word_1_116' title='bbox 1628 1603 1765 1656; x_wconf 89' lang='lat' dir='ltr'><strong>sicut</strong></span> <span class='ocrx_word' id='word_1_117' title='bbox 1789 1603 2041 1665; x_wconf 89' lang='lat' dir='ltr'><strong>obscura,</strong></span> 
     </span>
    </p>
   </div>
   <div class='ocr_carea' id='block_1_16' title="bbox 466 1693 2040 1764">
    <p class='ocr_par' dir='ltr' id='par_1_16' title="bbox 466 1693 2040 1764">
     <span class='ocr_line' id='line_1_16' title="bbox 466 1693 2040 1764; baseline -0.002 -16"><span class='ocrx_word' id='word_1_118' title='bbox 466 1695 602 1749; x_wconf 87' lang='lat' dir='ltr'><strong>sicut</strong></span> <span class='ocrx_word' id='word_1_119' title='bbox 631 1711 733 1749; x_wconf 91' lang='lat' dir='ltr'><strong>non</strong></span> <span class='ocrx_word' id='word_1_120' title='bbox 765 1695 1039 1757; x_wconf 85' lang='lat' dir='ltr'><strong>Ecclesia;</strong></span> <span class='ocrx_word' id='word_1_121' title='bbox 1086 1696 1206 1764; x_wconf 89' lang='lat' dir='ltr'><strong>quia</strong></span> <span class='ocrx_word' id='word_1_122' title='bbox 1253 1693 1488 1749; x_wconf 86' lang='lat' dir='ltr'><strong>Ecclesia</strong></span> <span class='ocrx_word' id='word_1_123' title='bbox 1532 1709 1636 1747; x_wconf 91' lang='lat' dir='ltr'><strong>non</strong></span> <span class='ocrx_word' id='word_1_124' title='bbox 1684 1702 1767 1747; x_wconf 90' lang='lat' dir='ltr'><strong>cst</strong></span> <span class='ocrx_word' id='word_1_125' title='bbox 1815 1702 2040 1761; x_wconf 85' lang='lat' dir='ltr'><strong>operta:</strong></span> 
     </span>
    </p>
   </div>
   <div class='ocr_carea' id='block_1_17' title="bbox 470 1783 2045 1854">
    <p class='ocr_par' dir='ltr' id='par_1_17' title="bbox 470 1783 2045 1854">
     <span class='ocr_line' id='line_1_17' title="bbox 470 1783 2045 1854; baseline -0.001 -17"><span class='ocrx_word' id='word_1_126' title='bbox 470 1783 590 1839; x_wconf 85' lang='lat' dir='ltr'><strong>Non</strong></span> <span class='ocrx_word' id='word_1_127' title='bbox 614 1786 752 1839; x_wconf 90' lang='lat' dir='ltr'><strong>enim</strong></span> <span class='ocrx_word' id='word_1_128' title='bbox 780 1795 939 1854; x_wconf 80' lang='lat' dir='ltr'><strong>potest</strong></span> <span class='ocrx_word' id='word_1_129' title='bbox 965 1786 1139 1839; x_wconf 85' lang='lat' dir='ltr'><strong>civitas</strong></span> <span class='ocrx_word' id='word_1_130' title='bbox 1161 1784 1397 1839; x_wconf 84' lang='lat' dir='ltr'><strong>abscondi</strong></span> <span class='ocrx_word' id='word_1_131' title='bbox 1420 1799 1573 1853; x_wconf 88' lang='lat' dir='ltr'><strong>super</strong></span> <span class='ocrx_word' id='word_1_132' title='bbox 1603 1792 1821 1836; x_wconf 84' lang='lat' dir='ltr'><strong>montem</strong></span> <span class='ocrx_word' id='word_1_133' title='bbox 1859 1783 2045 1836; x_wconf 83' lang='lat' dir='ltr'><strong>consti-</strong></span> 
     </span>
    </p>
   </div>
   <div class='ocr_carea' id='block_1_18' title="bbox 466 1872 2047 1944">
    <p class='ocr_par' dir='ltr' id='par_1_18' title="bbox 466 1872 2047 1944">
     <span class='ocr_line' id='line_1_18' title="bbox 466 1872 2047 1944; baseline 0 -18"><span class='ocrx_word' id='word_1_134' title='bbox 466 1884 575 1927; x_wconf 88' lang='lat' dir='ltr'><strong>tuta</strong></span> <span class='ocrx_word' id='word_1_135' title='bbox 605 1874 811 1943; x_wconf 80' lang='lat' dir='ltr'><strong>(Matth.</strong></span> <span class='ocrx_word' id='word_1_136' title='bbox 841 1891 893 1941; x_wconf 73' lang='grc' dir='ltr'>γ,</span> <span class='ocrx_word' id='word_1_137' title='bbox 923 1874 1034 1944; x_wconf 64' lang='lat' dir='ltr'><strong>II).</strong></span> <span class='ocrx_word' id='word_1_138' title='bbox 1067 1873 1134 1927; x_wconf 89' lang='lat' dir='ltr'><strong>Et</strong></span> <span class='ocrx_word' id='word_1_139' title='bbox 1158 1872 1384 1928; x_wconf 88' lang='lat' dir='ltr'><strong>errando</strong></span> <span class='ocrx_word' id='word_1_140' title='bbox 1410 1874 1683 1935; x_wconf 88' lang='lat' dir='ltr'><strong>incurram,</strong></span> <span class='ocrx_word' id='word_1_141' title='bbox 1717 1889 1820 1926; x_wconf 91' lang='lat' dir='ltr'><strong>non</strong></span> <span class='ocrx_word' id='word_1_142' title='bbox 1853 1874 1904 1926; x_wconf 92' lang='lat' dir='ltr'><strong>in</strong></span> <span class='ocrx_word' id='word_1_143' title='bbox 1936 1888 2047 1941; x_wconf 89' lang='lat' dir='ltr'><strong>gre-</strong></span> 
     </span>
    </p>
   </div>
   <div class='ocr_carea' id='block_1_19' title="bbox 461 1962 2045 2034">
    <p class='ocr_par' dir='ltr' id='par_1_19' title="bbox 461 1962 2045 2034">
     <span class='ocr_line' id='line_1_19' title="bbox 461 1962 2045 2034; baseline -0.003 -15"><span class='ocrx_word' id='word_1_144' title='bbox 461 1981 584 2033; x_wconf 85' lang='lat' dir='ltr'><strong>gem</strong></span> <span class='ocrx_word' id='word_1_145' title='bbox 631 1974 796 2028; x_wconf 92' lang='lat' dir='ltr'><strong>tuum,</strong></span> <span class='ocrx_word' id='word_1_146' title='bbox 825 1965 917 2020; x_wconf 89' lang='lat' dir='ltr'><strong>sed</strong></span> <span class='ocrx_word' id='word_1_147' title='bbox 960 1967 1014 2017; x_wconf 90' lang='lat' dir='ltr'><strong>in</strong></span> <span class='ocrx_word' id='word_1_148' title='bbox 1060 1980 1232 2034; x_wconf 85' lang='lat' dir='ltr'><strong>greges</strong></span> <span class='ocrx_word' id='word_1_149' title='bbox 1278 1962 1528 2017; x_wconf 83' lang='lat' dir='ltr'><strong>sodalium</strong></span> <span class='ocrx_word' id='word_1_150' title='bbox 1570 1973 1789 2015; x_wconf 89' lang='lat' dir='ltr'><strong>tuorum.</strong></span> <span class='ocrx_word' id='word_1_151' title='bbox 1837 1962 2045 2017; x_wconf 85' lang='lat' dir='ltr'><strong>Etenim</strong></span> 
     </span>
    </p>
   </div>
   <div class='ocr_carea' id='block_1_20' title="bbox 463 2051 2041 2117">
    <p class='ocr_par' dir='ltr' id='par_1_20' title="bbox 463 2051 2041 2117">
     <span class='ocr_line' id='line_1_20' title="bbox 463 2051 2041 2117; baseline 0 -12"><span class='ocrx_word' id='word_1_152' title='bbox 463 2054 701 2109; x_wconf 74' lang='lat' dir='ltr'><strong>Ineretici</strong></span> <span class='ocrx_word' id='word_1_153' title='bbox 725 2053 935 2108; x_wconf 81' lang='lat' dir='ltr'><strong>sodales</strong></span> <span class='ocrx_word' id='word_1_154' title='bbox 962 2053 1229 2107; x_wconf 91' lang='lat' dir='ltr'><strong>dicuntur.</strong></span> <span class='ocrx_word' id='word_1_155' title='bbox 1258 2052 1302 2104; x_wconf 88' lang='lat' dir='ltr'><strong>A</strong></span> <span class='ocrx_word' id='word_1_156' title='bbox 1324 2051 1463 2105; x_wconf 86' lang='lat' dir='ltr'><strong>nobis</strong></span> <span class='ocrx_word' id='word_1_157' title='bbox 1491 2051 1773 2117; x_wconf 72' lang='lat' dir='ltr'><strong>exieruntﬂ</strong></span> <span class='ocrx_word' id='word_1_158' title='bbox 1797 2051 1952 2105; x_wconf 88' lang='lat' dir='ltr'><strong>Joan.</strong></span> <span class='ocrx_word' id='word_1_159' title='bbox 1984 2068 2041 2115; x_wconf 87' lang='grc' dir='ltr'><strong>ιι,</strong></span> 
     </span>
    </p>
   </div>
   <div class='ocr_carea' id='block_1_21' title="bbox 467 2143 2041 2213">
    <p class='ocr_par' dir='ltr' id='par_1_21' title="bbox 467 2143 2041 2213">
     <span class='ocr_line' id='line_1_21' title="bbox 467 2143 2041 2213; baseline -0.003 -15"><span class='ocrx_word' id='word_1_160' title='bbox 467 2145 556 2213; x_wconf 77' lang='grc'><strong>19)</strong></span> <span class='ocrx_word' id='word_1_161' title='bbox 584 2162 598 2198; x_wconf 85' lang='lat'><strong>:</strong></span> <span class='ocrx_word' id='word_1_162' title='bbox 629 2145 696 2198; x_wconf 91' lang='lat' dir='ltr'><strong>ad</strong></span> <span class='ocrx_word' id='word_1_163' title='bbox 723 2160 880 2197; x_wconf 89' lang='lat' dir='ltr'><strong>unam</strong></span> <span class='ocrx_word' id='word_1_164' title='bbox 913 2144 1186 2198; x_wconf 89' lang='lat' dir='ltr'><strong>nobiscum</strong></span> <span class='ocrx_word' id='word_1_165' title='bbox 1220 2157 1479 2206; x_wconf 89' lang='lat' dir='ltr'><strong>mensam,</strong></span> <span class='ocrx_word' id='word_1_166' title='bbox 1507 2152 1788 2211; x_wconf 87' lang='lat' dir='ltr'><strong>antequam</strong></span> <span class='ocrx_word' id='word_1_167' title='bbox 1817 2143 2041 2207; x_wconf 82' lang='lat' dir='ltr'><strong>exirent,</strong></span> 
     </span>
    </p>
   </div>
   <div class='ocr_carea' id='block_1_22' title="bbox 465 2229 2045 2303">
    <p class='ocr_par' dir='ltr' id='par_1_22' title="bbox 465 2229 2045 2303">
     <span class='ocr_line' id='line_1_22' title="bbox 465 2229 2045 2303; baseline -0.001 -17"><span class='ocrx_word' id='word_1_168' title='bbox 465 2242 825 2288; x_wconf 87' lang='lat' dir='ltr'><strong>accesserunt.</strong></span> <span class='ocrx_word' id='word_1_169' title='bbox 859 2233 999 2303; x_wconf 83' lang='lat' dir='ltr'><strong>Ergo</strong></span> <span class='ocrx_word' id='word_1_170' title='bbox 1038 2231 1169 2303; x_wconf 90' lang='lat' dir='ltr'><strong>quid</strong></span> <span class='ocrx_word' id='word_1_171' title='bbox 1196 2233 1244 2287; x_wconf 89' lang='lat' dir='ltr'><strong>ei</strong></span> <span class='ocrx_word' id='word_1_172' title='bbox 1282 2230 1662 2300; x_wconf 89' lang='lat' dir='ltr'><strong>respondetur?</strong></span> <span class='ocrx_word' id='word_1_173' title='bbox 1692 2229 1810 2283; x_wconf 79' lang='lat' dir='ltr'><strong>Nisi</strong></span> <span class='ocrx_word' id='word_1_174' title='bbox 1858 2248 2045 2299; x_wconf 84' lang='lat' dir='ltr'><strong>cogno-</strong></span> 
     </span>
    </p>
   </div>
   <div class='ocr_carea' id='block_1_23' title="bbox 459 2320 2045 2393">
    <p class='ocr_par' dir='ltr' id='par_1_23' title="bbox 459 2320 2045 2393">
     <span class='ocr_line' id='line_1_23' title="bbox 459 2320 2045 2393; baseline 0.001 -19"><span class='ocrx_word' id='word_1_175' title='bbox 459 2323 591 2377; x_wconf 75' lang='lat' dir='ltr'><strong>ueris</strong></span> <span class='ocrx_word' id='word_1_176' title='bbox 620 2324 931 2393; x_wconf 89' lang='lat' dir='ltr'><strong>temetipsum</strong></span> <span class='ocrx_word' id='word_1_177' title='bbox 960 2338 978 2375; x_wconf 90' lang='lat'><strong><em>:</em></strong></span> <span class='ocrx_word' id='word_1_178' title='bbox 1003 2336 1230 2391; x_wconf 91' lang='lat' dir='ltr'><strong>sponsus</strong></span> <span class='ocrx_word' id='word_1_179' title='bbox 1257 2320 1405 2387; x_wconf 91' lang='lat' dir='ltr'><strong>dicit,</strong></span> <span class='ocrx_word' id='word_1_180' title='bbox 1441 2321 1785 2390; x_wconf 82' lang='lat' dir='ltr'><strong>interroganti</strong></span> <span class='ocrx_word' id='word_1_181' title='bbox 1823 2335 2045 2389; x_wconf 74' lang='lat' dir='ltr'><strong>respon-</strong></span> 
     </span>
    </p>
   </div>
   <div class='ocr_carea' id='block_1_24' title="bbox 460 2411 2045 2482">
    <p class='ocr_par' dir='ltr' id='par_1_24' title="bbox 460 2411 2045 2482">
     <span class='ocr_line' id='line_1_24' title="bbox 460 2411 2045 2482; baseline -0.004 -14"><span class='ocrx_word' id='word_1_182' title='bbox 460 2413 574 2476; x_wconf 85' lang='lat' dir='ltr'><strong>det.</strong></span> <span class='ocrx_word' id='word_1_183' title='bbox 600 2413 718 2467; x_wconf 84' lang='lat' dir='ltr'><strong>Nisi</strong></span> <span class='ocrx_word' id='word_1_184' title='bbox 742 2414 1031 2482; x_wconf 81' lang='lat' dir='ltr'><strong>cognoveris</strong></span> <span class='ocrx_word' id='word_1_185' title='bbox 1060 2412 1390 2481; x_wconf 83' lang='lat' dir='ltr'><strong>temetipsum,</strong></span> <span class='ocrx_word' id='word_1_186' title='bbox 1413 2428 1442 2465; x_wconf 93' lang='grc' dir='ltr'><strong><em>ο</em></strong></span> <span class='ocrx_word' id='word_1_187' title='bbox 1473 2411 1683 2480; x_wconf 83' lang='lat' dir='ltr'><strong>pulchra</strong></span> <span class='ocrx_word' id='word_1_188' title='bbox 1711 2412 1841 2463; x_wconf 87' lang='lat' dir='ltr'><strong>inter</strong></span> <span class='ocrx_word' id='word_1_189' title='bbox 1865 2412 2045 2463; x_wconf 65' lang='lat' dir='ltr'><strong>mulie-</strong></span> 
     </span>
    </p>
   </div>
   <div class='ocr_carea' id='block_1_25' title="bbox 464 2502 2045 2571">
    <p class='ocr_par' dir='ltr' id='par_1_25' title="bbox 464 2502 2045 2571">
     <span class='ocr_line' id='line_1_25' title="bbox 464 2502 2045 2571; baseline -0.002 -15"><span class='ocrx_word' id='word_1_190' title='bbox 464 2522 563 2559; x_wconf 79' lang='lat' dir='ltr'><strong>res.</strong></span> <span class='ocrx_word' id='word_1_191' title='bbox 591 2506 635 2562; x_wconf 93' lang='grc' dir='ltr'><strong>Ο</strong></span> <span class='ocrx_word' id='word_1_192' title='bbox 655 2521 813 2561; x_wconf 81' lang='lat' dir='ltr'><strong>verax</strong></span> <span class='ocrx_word' id='word_1_193' title='bbox 842 2507 979 2560; x_wconf 88' lang='lat' dir='ltr'><strong>inter</strong></span> <span class='ocrx_word' id='word_1_194' title='bbox 1001 2505 1256 2569; x_wconf 64' lang='lat' dir='ltr'><strong>haereses,</strong></span> <span class='ocrx_word' id='word_1_195' title='bbox 1280 2503 1377 2557; x_wconf 88' lang='lat' dir='ltr'><strong>nisi</strong></span> <span class='ocrx_word' id='word_1_196' title='bbox 1400 2502 1687 2571; x_wconf 81' lang='lat' dir='ltr'><strong>cognoveris</strong></span> <span class='ocrx_word' id='word_1_197' title='bbox 1710 2502 2045 2568; x_wconf 80' lang='lat' dir='ltr'><strong>temetipsum:</strong></span> 
     </span>
    </p>
   </div>
   <div class='ocr_carea' id='block_1_26' title="bbox 463 2591 2042 2665">
    <p class='ocr_par' dir='ltr' id='par_1_26' title="bbox 463 2591 2042 2665">
     <span class='ocr_line' id='line_1_26' title="bbox 463 2591 2042 2665; baseline -0.003 -15"><span class='ocrx_word' id='word_1_198' title='bbox 463 2596 586 2665; x_wconf 84' lang='lat' dir='ltr'><strong>quia</strong></span> <span class='ocrx_word' id='word_1_199' title='bbox 609 2596 676 2651; x_wconf 89' lang='lat' dir='ltr'><strong>de</strong></span> <span class='ocrx_word' id='word_1_200' title='bbox 706 2606 756 2650; x_wconf 88' lang='lat' dir='ltr'><strong>te</strong></span> <span class='ocrx_word' id='word_1_201' title='bbox 783 2595 1033 2665; x_wconf 69' lang='lat' dir='ltr'><strong>prmdicta</strong></span> <span class='ocrx_word' id='word_1_202' title='bbox 1063 2602 1187 2647; x_wconf 84' lang='lat' dir='ltr'><strong>sunt</strong></span> <span class='ocrx_word' id='word_1_203' title='bbox 1213 2602 1376 2658; x_wconf 89' lang='lat' dir='ltr'><strong>tanta,</strong></span> <span class='ocrx_word' id='word_1_204' title='bbox 1406 2611 1425 2643; x_wconf 82' lang='grc' dir='ltr'><strong>ι</strong></span> <span class='ocrx_word' id='word_1_205' title='bbox 1451 2593 1505 2646; x_wconf 91' lang='lat' dir='ltr'><strong>In</strong></span> <span class='ocrx_word' id='word_1_206' title='bbox 1535 2592 1736 2646; x_wconf 91' lang='lat' dir='ltr'><strong>semine</strong></span> <span class='ocrx_word' id='word_1_207' title='bbox 1762 2601 1851 2645; x_wconf 88' lang='lat' dir='ltr'><strong>tuo</strong></span> <span class='ocrx_word' id='word_1_208' title='bbox 1881 2591 2042 2646; x_wconf 87' lang='lat' dir='ltr'><strong>bene-</strong></span> 
     </span>
    </p>
   </div>
   <div class='ocr_carea' id='block_1_27' title="bbox 465 2683 2042 2755">
    <p class='ocr_par' dir='ltr' id='par_1_27' title="bbox 465 2683 2042 2755">
     <span class='ocr_line' id='line_1_27' title="bbox 465 2683 2042 2755; baseline -0.003 -16"><span class='ocrx_word' id='word_1_209' title='bbox 465 2686 712 2741; x_wconf 89' lang='lat' dir='ltr'><strong>dicentur</strong></span> <span class='ocrx_word' id='word_1_210' title='bbox 733 2701 919 2740; x_wconf 90' lang='lat' dir='ltr'><strong>omnes</strong></span> <span class='ocrx_word' id='word_1_211' title='bbox 947 2694 1133 2755; x_wconf 81' lang='lat' dir='ltr'><strong>gentes</strong></span> <span class='ocrx_word' id='word_1_212' title='bbox 1166 2683 1316 2755; x_wconf 85' lang='lat' dir='ltr'><strong>(Gen.</strong></span> <span class='ocrx_word' id='word_1_213' title='bbox 1336 2699 1464 2749; x_wconf 69' lang='grc' dir='ltr'>χχιι,</span> <span class='ocrx_word' id='word_1_214' title='bbox 1495 2684 1582 2751; x_wconf 82' lang='lat' dir='ltr'><strong>IS)</strong></span> <span class='ocrx_word' id='word_1_215' title='bbox 1614 2701 1626 2736; x_wconf 91' lang='lat'><strong>:</strong></span> <span class='ocrx_word' id='word_1_216' title='bbox 1660 2684 1798 2737; x_wconf 75' lang='lat' dir='ltr'><strong>Deus</strong></span> <span class='ocrx_word' id='word_1_217' title='bbox 1823 2683 2042 2737; x_wconf 86' lang='lat' dir='ltr'><strong>deorum</strong></span> 
     </span>
    </p>
   </div>
   <div class='ocr_carea' id='block_1_28' title="bbox 468 2776 2044 2840">
    <p class='ocr_par' dir='ltr' id='par_1_28' title="bbox 468 2776 2044 2840">
     <span class='ocr_line' id='line_1_28' title="bbox 468 2776 2044 2840; baseline 0 -10"><span class='ocrx_word' id='word_1_218' title='bbox 468 2777 722 2831; x_wconf 78' lang='lat' dir='ltr'><strong>Dominus</strong></span> <span class='ocrx_word' id='word_1_219' title='bbox 761 2777 969 2831; x_wconf 88' lang='lat' dir='ltr'><strong>locutus</strong></span> <span class='ocrx_word' id='word_1_220' title='bbox 996 2785 1098 2840; x_wconf 90' lang='lat' dir='ltr'><strong>est,</strong></span> <span class='ocrx_word' id='word_1_221' title='bbox 1133 2784 1189 2831; x_wconf 91' lang='lat' dir='ltr'><strong>et</strong></span> <span class='ocrx_word' id='word_1_222' title='bbox 1217 2776 1423 2830; x_wconf 88' lang='lat' dir='ltr'><strong>vocavit</strong></span> <span class='ocrx_word' id='word_1_223' title='bbox 1449 2786 1664 2839; x_wconf 86' lang='lat' dir='ltr'><strong>terram,</strong></span> <span class='ocrx_word' id='word_1_224' title='bbox 1698 2791 1728 2828; x_wconf 90' lang='lat' dir='ltr'><strong>a</strong></span> <span class='ocrx_word' id='word_1_225' title='bbox 1762 2776 1893 2829; x_wconf 87' lang='lat' dir='ltr'><strong>solis</strong></span> <span class='ocrx_word' id='word_1_226' title='bbox 1923 2785 2044 2830; x_wconf 91' lang='lat' dir='ltr'><strong>ortu</strong></span> 
     </span>
    </p>
   </div>
   <div class='ocr_carea' id='block_1_29' title="bbox 466 2865 2047 2937">
    <p class='ocr_par' dir='ltr' id='par_1_29' title="bbox 466 2865 2047 2937">
     <span class='ocr_line' id='line_1_29' title="bbox 466 2865 2047 2937; baseline 0.001 -17"><span class='ocrx_word' id='word_1_227' title='bbox 466 2882 632 2936; x_wconf 89' lang='lat' dir='ltr'><strong>usque</strong></span> <span class='ocrx_word' id='word_1_228' title='bbox 658 2867 721 2921; x_wconf 90' lang='lat' dir='ltr'><strong>ad</strong></span> <span class='ocrx_word' id='word_1_229' title='bbox 763 2882 1011 2922; x_wconf 87' lang='lat' dir='ltr'><strong>occasum</strong></span> <span class='ocrx_word' id='word_1_230' title='bbox 1044 2865 1216 2937; x_wconf 87' lang='lat' dir='ltr'><strong>(Psul.</strong></span> <span class='ocrx_word' id='word_1_231' title='bbox 1246 2882 1400 2933; x_wconf 79' lang='lat' dir='ltr'><strong>xm,</strong></span> <span class='ocrx_word' id='word_1_232' title='bbox 1430 2866 1483 2936; x_wconf 81' lang='lat' dir='ltr'><strong>I)</strong></span> <span class='ocrx_word' id='word_1_233' title='bbox 1510 2883 1523 2917; x_wconf 92' lang='lat'>:</span> <span class='ocrx_word' id='word_1_234' title='bbox 1552 2866 1762 2920; x_wconf 89' lang='lat' dir='ltr'><strong>Postnla</strong></span> <span class='ocrx_word' id='word_1_235' title='bbox 1789 2883 1818 2919; x_wconf 92' lang='lat' dir='ltr'><strong>a</strong></span> <span class='ocrx_word' id='word_1_236' title='bbox 1860 2881 1963 2930; x_wconf 91' lang='lat' dir='ltr'><strong>me,</strong></span> <span class='ocrx_word' id='word_1_237' title='bbox 1993 2875 2047 2921; x_wconf 87' lang='lat' dir='ltr'><strong>ct</strong></span> 
     </span>
    </p>
   </div>
   <div class='ocr_carea' id='block_1_30' title="bbox 467 2956 2044 3027">
    <p class='ocr_par' dir='ltr' id='par_1_30' title="bbox 467 2956 2044 3027">
     <span class='ocr_line' id='line_1_30' title="bbox 467 2956 2044 3027; baseline 0 -18"><span class='ocrx_word' id='word_1_238' title='bbox 467 2959 603 3013; x_wconf 84' lang='lat' dir='ltr'><strong>dabo</strong></span> <span class='ocrx_word' id='word_1_239' title='bbox 628 2959 722 3013; x_wconf 88' lang='lat' dir='ltr'><strong>tibi</strong></span> <span class='ocrx_word' id='word_1_240' title='bbox 749 2967 934 3027; x_wconf 88' lang='lat' dir='ltr'><strong>gentes</strong></span> <span class='ocrx_word' id='word_1_241' title='bbox 966 2958 1331 3013; x_wconf 83' lang='lat' dir='ltr'><strong>haereditatem</strong></span> <span class='ocrx_word' id='word_1_242' title='bbox 1372 2966 1536 3019; x_wconf 91' lang='lat' dir='ltr'><strong>tuam,</strong></span> <span class='ocrx_word' id='word_1_243' title='bbox 1573 2966 1630 3011; x_wconf 91' lang='lat' dir='ltr'><strong>ct</strong></span> <span class='ocrx_word' id='word_1_244' title='bbox 1655 2956 2044 3024; x_wconf 86' lang='lat' dir='ltr'><strong>possessionem</strong></span> 
     </span>
    </p>
   </div>
   <div class='ocr_carea' id='block_1_31' title="bbox 467 3045 2044 3118">
    <p class='ocr_par' dir='ltr' id='par_1_31' title="bbox 467 3045 2044 3118">
     <span class='ocr_line' id='line_1_31' title="bbox 467 3045 2044 3118; baseline -0.001 -18"><span class='ocrx_word' id='word_1_245' title='bbox 467 3058 608 3100; x_wconf 87' lang='lat' dir='ltr'><strong>tuam</strong></span> <span class='ocrx_word' id='word_1_246' title='bbox 636 3048 893 3102; x_wconf 91' lang='lat' dir='ltr'><strong>terminos</strong></span> <span class='ocrx_word' id='word_1_247' title='bbox 918 3058 1074 3102; x_wconf 71' lang='lat' dir='ltr'><strong>term:</strong></span> <span class='ocrx_word' id='word_1_248' title='bbox 1109 3046 1277 3118; x_wconf 88' lang='lat' dir='ltr'><strong>(Psal.</strong></span> <span class='ocrx_word' id='word_1_249' title='bbox 1309 3063 1366 3112; x_wconf 86' lang='lat' dir='ltr'><strong>II,</strong></span> <span class='ocrx_word' id='word_1_250' title='bbox 1393 3046 1451 3114; x_wconf 91' lang='grc'><strong>8)</strong></span> <span class='ocrx_word' id='word_1_251' title='bbox 1479 3063 1492 3097; x_wconf 88' lang='lat'><strong>:</strong></span> <span class='ocrx_word' id='word_1_252' title='bbox 1523 3045 1578 3099; x_wconf 92' lang='lat' dir='ltr'><strong>In</strong></span> <span class='ocrx_word' id='word_1_253' title='bbox 1607 3061 1818 3099; x_wconf 87' lang='lat' dir='ltr'><strong>omnem</strong></span> <span class='ocrx_word' id='word_1_254' title='bbox 1846 3055 2044 3101; x_wconf 87' lang='lat' dir='ltr'><strong>terram</strong></span> 
     </span>
    </p>
   </div>
   <div class='ocr_carea' id='block_1_32' title="bbox 465 3135 2041 3201">
    <p class='ocr_par' dir='ltr' id='par_1_32' title="bbox 465 3135 2041 3201">
     <span class='ocr_line' id='line_1_32' title="bbox 465 3135 2041 3201; baseline -0.002 -11"><span class='ocrx_word' id='word_1_255' title='bbox 465 3138 593 3190; x_wconf 81' lang='lat' dir='ltr'><strong>exiit</strong></span> <span class='ocrx_word' id='word_1_256' title='bbox 618 3152 783 3190; x_wconf 86' lang='lat' dir='ltr'><strong>sonus</strong></span> <span class='ocrx_word' id='word_1_257' title='bbox 807 3152 1016 3201; x_wconf 92' lang='lat' dir='ltr'><strong>eorum,</strong></span> <span class='ocrx_word' id='word_1_258' title='bbox 1063 3145 1117 3190; x_wconf 90' lang='lat' dir='ltr'><strong>et</strong></span> <span class='ocrx_word' id='word_1_259' title='bbox 1149 3138 1199 3189; x_wconf 94' lang='lat' dir='ltr'><strong>in</strong></span> <span class='ocrx_word' id='word_1_260' title='bbox 1227 3135 1357 3189; x_wconf 83' lang='lat' dir='ltr'><strong>lines</strong></span> <span class='ocrx_word' id='word_1_261' title='bbox 1384 3135 1528 3189; x_wconf 90' lang='lat' dir='ltr'><strong>orbis</strong></span> <span class='ocrx_word' id='word_1_262' title='bbox 1560 3146 1713 3189; x_wconf 76' lang='lat' dir='ltr'><strong>terra:</strong></span> <span class='ocrx_word' id='word_1_263' title='bbox 1747 3136 1907 3191; x_wconf 83' lang='lat' dir='ltr'><strong>verba</strong></span> <span class='ocrx_word' id='word_1_264' title='bbox 1949 3151 2041 3190; x_wconf 88' lang='lat' dir='ltr'><strong>eo-</strong></span> 
     </span>
    </p>
   </div>
   <div class='ocr_carea' id='block_1_33' title="bbox 466 3225 2045 3298">
    <p class='ocr_par' dir='ltr' id='par_1_33' title="bbox 466 3225 2045 3298">
     <span class='ocr_line' id='line_1_33' title="bbox 466 3225 2045 3298; baseline -0.001 -17"><span class='ocrx_word' id='word_1_265' title='bbox 466 3243 581 3281; x_wconf 90' lang='lat' dir='ltr'><strong>rum</strong></span> <span class='ocrx_word' id='word_1_266' title='bbox 618 3247 637 3278; x_wconf 74' lang='grc' dir='ltr'><strong>ι</strong></span> <span class='ocrx_word' id='word_1_267' title='bbox 682 3226 851 3298; x_wconf 91' lang='lat' dir='ltr'><strong>(Psul.</strong></span> <span class='ocrx_word' id='word_1_268' title='bbox 885 3242 1035 3291; x_wconf 82' lang='lat' dir='ltr'><strong>xvnt,</strong></span> <span class='ocrx_word' id='word_1_269' title='bbox 1065 3226 1119 3295; x_wconf 82' lang='lat'><strong>5)</strong></span> <span class='ocrx_word' id='word_1_270' title='bbox 1160 3243 1179 3287; x_wconf 67' lang='grc' dir='ltr'><strong>ε</strong></span> <span class='ocrx_word' id='word_1_271' title='bbox 1222 3225 1287 3279; x_wconf 91' lang='lat' dir='ltr'><strong>de</strong></span> <span class='ocrx_word' id='word_1_272' title='bbox 1317 3235 1370 3279; x_wconf 88' lang='lat' dir='ltr'><strong>te</strong></span> <span class='ocrx_word' id='word_1_273' title='bbox 1398 3225 1695 3279; x_wconf 89' lang='lat' dir='ltr'><strong>testimonia</strong></span> <span class='ocrx_word' id='word_1_274' title='bbox 1727 3225 1827 3278; x_wconf 91' lang='lat' dir='ltr'><strong>ista</strong></span> <span class='ocrx_word' id='word_1_275' title='bbox 1856 3226 2045 3294; x_wconf 64' lang='lat' dir='ltr'><strong>praedi-</strong></span> 
     </span>
    </p>
   </div>
   <div class='ocr_carea' id='block_1_34' title="bbox 465 3317 2043 3387">
    <p class='ocr_par' dir='ltr' id='par_1_34' title="bbox 465 3317 2043 3387">
     <span class='ocr_line' id='line_1_34' title="bbox 465 3317 2043 3387; baseline 0 -14"><span class='ocrx_word' id='word_1_276' title='bbox 465 3327 547 3373; x_wconf 86' lang='lat' dir='ltr'><strong>cta</strong></span> <span class='ocrx_word' id='word_1_277' title='bbox 577 3328 718 3371; x_wconf 89' lang='lat' dir='ltr'><strong>sunt.</strong></span> <span class='ocrx_word' id='word_1_278' title='bbox 760 3317 878 3372; x_wconf 87' lang='lat' dir='ltr'><strong>Nisi</strong></span> <span class='ocrx_word' id='word_1_279' title='bbox 915 3333 1042 3387; x_wconf 83' lang='lat' dir='ltr'><strong>ergo</strong></span> <span class='ocrx_word' id='word_1_280' title='bbox 1067 3318 1354 3387; x_wconf 82' lang='lat' dir='ltr'><strong>cognoveris</strong></span> <span class='ocrx_word' id='word_1_281' title='bbox 1379 3318 1708 3386; x_wconf 85' lang='lat' dir='ltr'><strong>temetipsum,</strong></span> <span class='ocrx_word' id='word_1_282' title='bbox 1732 3318 1812 3370; x_wconf 74' lang='lat' dir='ltr'><strong>exi</strong></span> <span class='ocrx_word' id='word_1_283' title='bbox 1833 3327 1903 3369; x_wconf 93' lang='grc' dir='ltr'>ιιι.</span> <span class='ocrx_word' id='word_1_284' title='bbox 1934 3318 2043 3386; x_wconf 82' lang='lat' dir='ltr'><strong>Ego</strong></span> 
     </span>
    </p>
   </div>
   <div class='ocr_carea' id='block_1_35' title="bbox 467 3406 2040 3476">
    <p class='ocr_par' dir='ltr' id='par_1_35' title="bbox 467 3406 2040 3476">
     <span class='ocr_line' id='line_1_35' title="bbox 467 3406 2040 3476; baseline 0.001 -17"><span class='ocrx_word' id='word_1_285' title='bbox 467 3409 606 3460; x_wconf 85' lang='lat' dir='ltr'><strong>enim</strong></span> <span class='ocrx_word' id='word_1_286' title='bbox 636 3416 685 3460; x_wconf 92' lang='lat' dir='ltr'><strong>te</strong></span> <span class='ocrx_word' id='word_1_287' title='bbox 712 3422 816 3460; x_wconf 92' lang='lat' dir='ltr'><strong>non</strong></span> <span class='ocrx_word' id='word_1_288' title='bbox 847 3407 1022 3475; x_wconf 85' lang='lat' dir='ltr'><strong>ejicio,</strong></span> <span class='ocrx_word' id='word_1_289' title='bbox 1053 3416 1109 3460; x_wconf 91' lang='lat' dir='ltr'><strong>ut</strong></span> <span class='ocrx_word' id='word_1_290' title='bbox 1147 3406 1326 3460; x_wconf 88' lang='lat' dir='ltr'><strong>dicant</strong></span> <span class='ocrx_word' id='word_1_291' title='bbox 1363 3407 1429 3461; x_wconf 91' lang='lat' dir='ltr'><strong>de</strong></span> <span class='ocrx_word' id='word_1_292' title='bbox 1469 3415 1519 3461; x_wconf 92' lang='lat' dir='ltr'><strong>te</strong></span> <span class='ocrx_word' id='word_1_293' title='bbox 1543 3408 1628 3476; x_wconf 90' lang='lat' dir='ltr'><strong>qui</strong></span> <span class='ocrx_word' id='word_1_294' title='bbox 1670 3408 2040 3473; x_wconf 88' lang='lat' dir='ltr'><strong>remanserint,</strong></span> 
     </span>
    </p>
   </div>
   <div class='ocr_carea' id='block_1_36' title="bbox 468 3498 2040 3570">
    <p class='ocr_par' dir='ltr' id='par_1_36' title="bbox 468 3498 2040 3570">
     <span class='ocr_line' id='line_1_36' title="bbox 468 3498 2040 3570; baseline 0.001 -17"><span class='ocrx_word' id='word_1_295' title='bbox 468 3498 550 3553; x_wconf 76' lang='lat' dir='ltr'><strong>Ea:</strong></span> <span class='ocrx_word' id='word_1_296' title='bbox 590 3498 732 3553; x_wconf 87' lang='lat' dir='ltr'><strong>nobis</strong></span> <span class='ocrx_word' id='word_1_297' title='bbox 779 3501 1023 3552; x_wconf 76' lang='lat' dir='ltr'><strong>exierunt.</strong></span> <span class='ocrx_word' id='word_1_298' title='bbox 1073 3498 1175 3552; x_wconf 76' lang='lat' dir='ltr'><strong>Exi</strong></span> <span class='ocrx_word' id='word_1_299' title='bbox 1215 3510 1269 3552; x_wconf 89' lang='lat' dir='ltr'><strong>tu</strong></span> <span class='ocrx_word' id='word_1_300' title='bbox 1303 3501 1357 3552; x_wconf 88' lang='lat' dir='ltr'><strong>in</strong></span> <span class='ocrx_word' id='word_1_301' title='bbox 1406 3500 1620 3569; x_wconf 72' lang='lat' dir='ltr'><strong>uestigiis</strong></span> <span class='ocrx_word' id='word_1_302' title='bbox 1648 3517 1855 3570; x_wconf 85' lang='lat' dir='ltr'><strong>gregum</strong></span> <span class='ocrx_word' id='word_1_303' title='bbox 1888 3517 1905 3553; x_wconf 93' lang='lat'><strong><em>:</em></strong></span> <span class='ocrx_word' id='word_1_304' title='bbox 1937 3517 2040 3555; x_wconf 90' lang='lat' dir='ltr'><strong>non</strong></span> 
     </span>
    </p>
   </div>
   <div class='ocr_carea' id='block_1_37' title="bbox 463 3589 2042 3660">
    <p class='ocr_par' dir='ltr' id='par_1_37' title="bbox 463 3589 2042 3660">
     <span class='ocr_line' id='line_1_37' title="bbox 463 3589 2042 3660; baseline 0 -16"><span class='ocrx_word' id='word_1_305' title='bbox 463 3591 656 3659; x_wconf 82' lang='lat' dir='ltr'><strong>gregis,</strong></span> <span class='ocrx_word' id='word_1_306' title='bbox 686 3591 752 3645; x_wconf 89' lang='lat' dir='ltr'><strong>de</strong></span> <span class='ocrx_word' id='word_1_307' title='bbox 779 3607 885 3659; x_wconf 89' lang='lat' dir='ltr'><strong>quo</strong></span> <span class='ocrx_word' id='word_1_308' title='bbox 910 3589 1108 3645; x_wconf 91' lang='lat' dir='ltr'><strong>dictum</strong></span> <span class='ocrx_word' id='word_1_309' title='bbox 1130 3600 1229 3655; x_wconf 90' lang='lat' dir='ltr'><strong>est,</strong></span> <span class='ocrx_word' id='word_1_310' title='bbox 1265 3590 1375 3643; x_wconf 84' lang='lat' dir='ltr'><strong>Erit</strong></span> <span class='ocrx_word' id='word_1_311' title='bbox 1401 3608 1529 3645; x_wconf 83' lang='lat' dir='ltr'><strong>unus</strong></span> <span class='ocrx_word' id='word_1_312' title='bbox 1559 3608 1680 3660; x_wconf 75' lang='lat' dir='ltr'><strong>grex</strong></span> <span class='ocrx_word' id='word_1_313' title='bbox 1711 3603 1758 3646; x_wconf 89' lang='lat' dir='ltr'><strong>et</strong></span> <span class='ocrx_word' id='word_1_314' title='bbox 1782 3608 1909 3645; x_wconf 86' lang='lat' dir='ltr'><strong>unus</strong></span> <span class='ocrx_word' id='word_1_315' title='bbox 1940 3590 2042 3644; x_wconf 85' lang='lat' dir='ltr'><strong>Pa-</strong></span> 
     </span>
    </p>
   </div>
   <div class='ocr_carea' id='block_1_38' title="bbox 462 3680 2044 3752">
    <p class='ocr_par' dir='ltr' id='par_1_38' title="bbox 462 3680 2044 3752">
     <span class='ocr_line' id='line_1_38' title="bbox 462 3680 2044 3752; baseline 0.002 -18"><span class='ocrx_word' id='word_1_316' title='bbox 462 3692 570 3735; x_wconf 85' lang='lat' dir='ltr'><strong>stor</strong></span> <span class='ocrx_word' id='word_1_317' title='bbox 595 3680 772 3750; x_wconf 85' lang='lat' dir='ltr'><strong>(Joan.</strong></span> <span class='ocrx_word' id='word_1_318' title='bbox 802 3698 859 3744; x_wconf 76' lang='grc' dir='ltr'><strong>ιι,</strong></span> <span class='ocrx_word' id='word_1_319' title='bbox 900 3682 1012 3750; x_wconf 85' lang='grc'><strong>16).</strong></span> <span class='ocrx_word' id='word_1_320' title='bbox 1044 3682 1144 3735; x_wconf 70' lang='lat' dir='ltr'><strong>Exi</strong></span> <span class='ocrx_word' id='word_1_321' title='bbox 1171 3692 1223 3735; x_wconf 90' lang='lat' dir='ltr'><strong>tu</strong></span> <span class='ocrx_word' id='word_1_322' title='bbox 1248 3684 1300 3734; x_wconf 89' lang='lat' dir='ltr'><strong>in</strong></span> <span class='ocrx_word' id='word_1_323' title='bbox 1330 3683 1546 3752; x_wconf 83' lang='lat' dir='ltr'><strong>vestigiis</strong></span> <span class='ocrx_word' id='word_1_324' title='bbox 1571 3699 1794 3752; x_wconf 85' lang='lat' dir='ltr'><strong>gregum.</strong></span> <span class='ocrx_word' id='word_1_325' title='bbox 1824 3693 1871 3736; x_wconf 87' lang='lat' dir='ltr'><strong>ct</strong></span> <span class='ocrx_word' id='word_1_326' title='bbox 1897 3699 2044 3751; x_wconf 85' lang='lat' dir='ltr'><strong>pasce</strong></span> 
     </span>
    </p>
   </div>
   <div class='ocr_carea' id='block_1_39' title="bbox 464 3772 2040 3843">
    <p class='ocr_par' dir='ltr' id='par_1_39' title="bbox 464 3772 2040 3843">
     <span class='ocr_line' id='line_1_39' title="bbox 464 3772 2040 3843; baseline 0.002 -18"><span class='ocrx_word' id='word_1_327' title='bbox 464 3772 635 3825; x_wconf 69' lang='lat' dir='ltr'><strong>Medos</strong></span> <span class='ocrx_word' id='word_1_328' title='bbox 682 3782 794 3826; x_wconf 89' lang='lat' dir='ltr'><strong>tuos</strong></span> <span class='ocrx_word' id='word_1_329' title='bbox 842 3772 1014 3841; x_wconf 86' lang='lat' dir='ltr'><strong>(Cant.</strong></span> <span class='ocrx_word' id='word_1_330' title='bbox 1055 3789 1091 3836; x_wconf 91' lang='grc' dir='ltr'><strong>ι,</strong></span> <span class='ocrx_word' id='word_1_331' title='bbox 1137 3772 1191 3838; x_wconf 86' lang='grc'>6,</span> <span class='ocrx_word' id='word_1_332' title='bbox 1239 3772 1294 3843; x_wconf 91' lang='lat'><strong>7)</strong></span> <span class='ocrx_word' id='word_1_333' title='bbox 1330 3791 1342 3823; x_wconf 87' lang='lat'><strong>:</strong></span> <span class='ocrx_word' id='word_1_334' title='bbox 1378 3789 1480 3826; x_wconf 90' lang='lat' dir='ltr'><strong>non</strong></span> <span class='ocrx_word' id='word_1_335' title='bbox 1512 3774 1649 3828; x_wconf 90' lang='lat' dir='ltr'><strong>sicut</strong></span> <span class='ocrx_word' id='word_1_336' title='bbox 1688 3774 1896 3839; x_wconf 87' lang='lat' dir='ltr'><strong>Petrus,</strong></span> <span class='ocrx_word' id='word_1_337' title='bbox 1928 3791 2040 3828; x_wconf 85' lang='lat' dir='ltr'><strong>oves</strong></span> 
     </span>
    </p>
   </div>
   <div class='ocr_carea' id='block_1_40' title="bbox 462 3862 2042 3920">
    <p class='ocr_par' dir='ltr' id='par_1_40' title="bbox 462 3862 2042 3920">
     <span class='ocr_line' id='line_1_40' title="bbox 462 3862 2042 3920; baseline 0.001 -3"><span class='ocrx_word' id='word_1_338' title='bbox 462 3878 618 3917; x_wconf 87' lang='lat' dir='ltr'><strong>meus.</strong></span> <span class='ocrx_word' id='word_1_339' title='bbox 649 3862 752 3917; x_wconf 88' lang='lat' dir='ltr'><strong>Pro</strong></span> <span class='ocrx_word' id='word_1_340' title='bbox 782 3863 867 3917; x_wconf 90' lang='lat' dir='ltr'><strong>his</strong></span> <span class='ocrx_word' id='word_1_341' title='bbox 893 3863 1274 3918; x_wconf 89' lang='lat' dir='ltr'><strong>commendatis</strong></span> <span class='ocrx_word' id='word_1_342' title='bbox 1296 3862 1396 3916; x_wconf 90' lang='lat' dir='ltr'><strong>sibi</strong></span> <span class='ocrx_word' id='word_1_343' title='bbox 1422 3862 1608 3917; x_wconf 87' lang='lat' dir='ltr'><strong>ovibus</strong></span> <span class='ocrx_word' id='word_1_344' title='bbox 1632 3863 1821 3918; x_wconf 86' lang='lat' dir='ltr'><strong>Petrus</strong></span> <span class='ocrx_word' id='word_1_345' title='bbox 1848 3869 2042 3920; x_wconf 88' lang='lat' dir='ltr'><strong>meruit</strong></span> 
     </span>
    </p>
   </div>
   <div class='ocr_carea' id='block_1_41' title="bbox 462 3952 2040 4027">
    <p class='ocr_par' dir='ltr' id='par_1_41' title="bbox 462 3952 2040 4027">
     <span class='ocr_line' id='line_1_41' title="bbox 462 3952 2040 4027; baseline 0.004 -22"><span class='ocrx_word' id='word_1_346' title='bbox 462 3952 718 4022; x_wconf 81' lang='lat' dir='ltr'><strong>martyrio</strong></span> <span class='ocrx_word' id='word_1_347' title='bbox 765 3954 1034 4017; x_wconf 89' lang='lat' dir='ltr'><strong>coronari,</strong></span> <span class='ocrx_word' id='word_1_348' title='bbox 1074 3952 1214 4023; x_wconf 92' lang='lat' dir='ltr'><strong>quod</strong></span> <span class='ocrx_word' id='word_1_349' title='bbox 1263 3953 1518 4008; x_wconf 87' lang='lat' dir='ltr'><strong>hodierna</strong></span> <span class='ocrx_word' id='word_1_350' title='bbox 1562 3954 1894 4011; x_wconf 88' lang='lat' dir='ltr'><strong>solemnitate</strong></span> <span class='ocrx_word' id='word_1_351' title='bbox 1945 3971 2040 4027; x_wconf 88' lang='lat' dir='ltr'><strong>per</strong></span> 
     </span>
    </p>
   </div>
   <div class='ocr_carea' id='block_1_42' title="bbox 460 4044 1231 4100">
    <p class='ocr_par' dir='ltr' id='par_1_42' title="bbox 460 4044 1231 4100">
     <span class='ocr_line' id='line_1_42' title="bbox 460 4044 1231 4100; baseline 0.003 -4"><span class='ocrx_word' id='word_1_352' title='bbox 460 4044 645 4099; x_wconf 86' lang='lat' dir='ltr'><strong>orbem</strong></span> <span class='ocrx_word' id='word_1_353' title='bbox 672 4046 863 4098; x_wconf 89' lang='lat' dir='ltr'><strong>meruit</strong></span> <span class='ocrx_word' id='word_1_354' title='bbox 891 4045 1168 4100; x_wconf 88' lang='lat' dir='ltr'><strong>celebrari.</strong></span> <span class='ocrx_word' id='word_1_355' title='bbox 1220 4079 1231 4091; x_wconf 71' lang='grc' dir='ltr'><strong><em>ο</em></strong></span> 
     </span>
    </p>
   </div>
   <div class='ocr_carea' id='block_1_43' title="bbox 529 4134 2039 4205">
    <p class='ocr_par' dir='ltr' id='par_1_43' title="bbox 529 4134 2039 4205">
     <span class='ocr_line' id='line_1_43' title="bbox 529 4134 2039 4205; baseline 0.003 -17"><span class='ocrx_word' id='word_1_356' title='bbox 529 4134 757 4190; x_wconf 82' lang='lat' dir='ltr'><strong>CAPUT</strong></span> <span class='ocrx_word' id='word_1_357' title='bbox 803 4135 889 4189; x_wconf 82' lang='lat' dir='ltr'><strong>VI.</strong></span> <span class='ocrx_word' id='word_1_358' title='bbox 917 4166 986 4176; x_wconf 92' lang='lat'><strong>—-</strong></span> <span class='ocrx_word' id='word_1_359' title='bbox 1014 4136 1067 4190; x_wconf 88' lang='lat'><strong>6.</strong></span> <span class='ocrx_word' id='word_1_360' title='bbox 1099 4135 1291 4189; x_wconf 82' lang='lat' dir='ltr'><strong>Paulus</strong></span> <span class='ocrx_word' id='word_1_361' title='bbox 1312 4152 1373 4189; x_wconf 78' lang='lat' dir='ltr'><strong>ea:</strong></span> <span class='ocrx_word' id='word_1_362' title='bbox 1401 4146 1709 4204; x_wconf 88' lang='lat' dir='ltr'><strong>persecutore</strong></span> <span class='ocrx_word' id='word_1_363' title='bbox 1738 4139 2039 4205; x_wconf 60' lang='lat' dir='ltr'><strong>praedicator</strong></span> 
     </span>
    </p>
   </div>
   <div class='ocr_carea' id='block_1_44' title="bbox 460 4221 2033 4296">
    <p class='ocr_par' dir='ltr' id='par_1_44' title="bbox 460 4221 2033 4296">
     <span class='ocr_line' id='line_1_44' title="bbox 460 4221 2033 4296; baseline 0.003 -20"><span class='ocrx_word' id='word_1_364' title='bbox 460 4221 666 4277; x_wconf 78' lang='lat' dir='ltr'><strong>Christi.</strong></span> <span class='ocrx_word' id='word_1_365' title='bbox 696 4223 890 4278; x_wconf 76' lang='lat' dir='ltr'><strong>Veniat</strong></span> <span class='ocrx_word' id='word_1_366' title='bbox 915 4233 969 4278; x_wconf 92' lang='lat' dir='ltr'><strong>et</strong></span> <span class='ocrx_word' id='word_1_367' title='bbox 996 4225 1064 4280; x_wconf 90' lang='lat' dir='ltr'><strong>de</strong></span> <span class='ocrx_word' id='word_1_368' title='bbox 1107 4224 1266 4279; x_wconf 89' lang='lat' dir='ltr'><strong>Saqu</strong></span> <span class='ocrx_word' id='word_1_369' title='bbox 1304 4224 1519 4288; x_wconf 89' lang='lat' dir='ltr'><strong>Paulus,</strong></span> <span class='ocrx_word' id='word_1_370' title='bbox 1565 4226 1633 4280; x_wconf 94' lang='lat' dir='ltr'><strong>de</strong></span> <span class='ocrx_word' id='word_1_371' title='bbox 1677 4226 1802 4296; x_wconf 88' lang='lat' dir='ltr'><strong>lupo</strong></span> <span class='ocrx_word' id='word_1_372' title='bbox 1840 4243 2033 4295; x_wconf 77' lang='lat' dir='ltr'><strong>agnus;</strong></span> 
     </span>
    </p>
   </div>
   <div class='ocr_carea' id='block_1_45' title="bbox 463 4315 2032 4386">
    <p class='ocr_par' dir='ltr' id='par_1_45' title="bbox 463 4315 2032 4386">
     <span class='ocr_line' id='line_1_45' title="bbox 463 4315 2032 4386; baseline 0.004 -19"><span class='ocrx_word' id='word_1_373' title='bbox 463 4315 607 4382; x_wconf 86' lang='lat' dir='ltr'><strong>prius</strong></span> <span class='ocrx_word' id='word_1_374' title='bbox 645 4316 909 4379; x_wconf 86' lang='lat' dir='ltr'><strong>inimicus,</strong></span> <span class='ocrx_word' id='word_1_375' title='bbox 947 4325 1129 4386; x_wconf 87' lang='lat' dir='ltr'><strong>postca</strong></span> <span class='ocrx_word' id='word_1_376' title='bbox 1172 4317 1476 4386; x_wconf 85' lang='lat' dir='ltr'><strong>apostolus;</strong></span> <span class='ocrx_word' id='word_1_377' title='bbox 1519 4317 1666 4384; x_wconf 91' lang='lat' dir='ltr'><strong>prius</strong></span> <span class='ocrx_word' id='word_1_378' title='bbox 1700 4327 2032 4385; x_wconf 84' lang='lat' dir='ltr'><strong>persecutor,</strong></span> 
     </span>
    </p>
   </div>
   <div class='ocr_carea' id='block_1_46' title="bbox 461 4407 2035 4477">
    <p class='ocr_par' dir='ltr' id='par_1_46' title="bbox 461 4407 2035 4477">
     <span class='ocr_line' id='line_1_46' title="bbox 461 4407 2035 4477; baseline 0.003 -19"><span class='ocrx_word' id='word_1_379' title='bbox 461 4416 640 4474; x_wconf 83' lang='lat' dir='ltr'><strong>postea</strong></span> <span class='ocrx_word' id='word_1_380' title='bbox 678 4407 1012 4475; x_wconf 76' lang='lat' dir='ltr'><strong>pnedicator.</strong></span> <span class='ocrx_word' id='word_1_381' title='bbox 1042 4407 1252 4469; x_wconf 76' lang='lat' dir='ltr'><strong>Veniat,</strong></span> <span class='ocrx_word' id='word_1_382' title='bbox 1287 4408 1509 4477; x_wconf 81' lang='lat' dir='ltr'><strong>acetpial</strong></span> <span class='ocrx_word' id='word_1_383' title='bbox 1548 4409 1749 4462; x_wconf 81' lang='lat' dir='ltr'><strong>litteras</strong></span> <span class='ocrx_word' id='word_1_384' title='bbox 1783 4424 1810 4461; x_wconf 90' lang='lat' dir='ltr'><strong>a</strong></span> <span class='ocrx_word' id='word_1_385' title='bbox 1846 4409 2035 4477; x_wconf 86' lang='lat' dir='ltr'><strong>princi-</strong></span> 
     </span>
    </p>
   </div>
   <div class='ocr_carea' id='block_1_47' title="bbox 464 4497 2035 4568">
    <p class='ocr_par' dir='ltr' id='par_1_47' title="bbox 464 4497 2035 4568">
     <span class='ocr_line' id='line_1_47' title="bbox 464 4497 2035 4568; baseline 0.004 -20"><span class='ocrx_word' id='word_1_386' title='bbox 464 4497 615 4564; x_wconf 89' lang='lat' dir='ltr'><strong>pibus</strong></span> <span class='ocrx_word' id='word_1_387' title='bbox 646 4499 1000 4559; x_wconf 83' lang='lat' dir='ltr'><strong>sacerdotum,</strong></span> <span class='ocrx_word' id='word_1_388' title='bbox 1047 4508 1101 4551; x_wconf 90' lang='lat' dir='ltr'><strong>ut</strong></span> <span class='ocrx_word' id='word_1_389' title='bbox 1143 4499 1460 4568; x_wconf 88' lang='lat' dir='ltr'><strong>ubicumque</strong></span> <span class='ocrx_word' id='word_1_390' title='bbox 1490 4501 1748 4553; x_wconf 87' lang='lat' dir='ltr'><strong>invenerit</strong></span> <span class='ocrx_word' id='word_1_391' title='bbox 1778 4498 2035 4554; x_wconf 88' lang='lat' dir='ltr'><strong>Christia-</strong></span> 
     </span>
    </p>
   </div>
   <div class='ocr_carea' id='block_1_48' title="bbox 463 4587 2030 4659">
    <p class='ocr_par' dir='ltr' id='par_1_48' title="bbox 463 4587 2030 4659">
     <span class='ocr_line' id='line_1_48' title="bbox 463 4587 2030 4659; baseline 0.003 -21"><span class='ocrx_word' id='word_1_392' title='bbox 463 4601 579 4646; x_wconf 81' lang='lat' dir='ltr'><strong>nos,</strong></span> <span class='ocrx_word' id='word_1_393' title='bbox 611 4587 817 4640; x_wconf 72' lang='lat' dir='ltr'><strong>vinctos</strong></span> <span class='ocrx_word' id='word_1_394' title='bbox 860 4587 1086 4641; x_wconf 89' lang='lat' dir='ltr'><strong>adducat</strong></span> <span class='ocrx_word' id='word_1_395' title='bbox 1126 4587 1191 4642; x_wconf 90' lang='lat' dir='ltr'><strong>ad</strong></span> <span class='ocrx_word' id='word_1_396' title='bbox 1239 4603 1440 4656; x_wconf 68' lang='lat' dir='ltr'><strong>pinnas.</strong></span> <span class='ocrx_word' id='word_1_397' title='bbox 1488 4590 1744 4658; x_wconf 82' lang='lat' dir='ltr'><strong>Accipiat,</strong></span> <span class='ocrx_word' id='word_1_398' title='bbox 1789 4592 2030 4659; x_wconf 82' lang='lat' dir='ltr'><strong>accipiat,</strong></span> 
     </span>
    </p>
   </div>
   <div class='ocr_carea' id='block_1_49' title="bbox 462 4675 2032 4748">
    <p class='ocr_par' dir='ltr' id='par_1_49' title="bbox 462 4675 2032 4748">
     <span class='ocr_line' id='line_1_49' title="bbox 462 4675 2032 4748; baseline 0.003 -19"><span class='ocrx_word' id='word_1_399' title='bbox 462 4675 844 4744; x_wconf 78' lang='lat' dir='ltr'><strong>proﬁciscatur,</strong></span> <span class='ocrx_word' id='word_1_400' title='bbox 880 4683 1081 4744; x_wconf 80' lang='lat' dir='ltr'><strong>pergat,</strong></span> <span class='ocrx_word' id='word_1_401' title='bbox 1130 4675 1341 4730; x_wconf 87' lang='lat' dir='ltr'><strong>anhelet</strong></span> <span class='ocrx_word' id='word_1_402' title='bbox 1377 4676 1597 4739; x_wconf 69' lang='lat' dir='ltr'><strong>ca&#39;dem,</strong></span> <span class='ocrx_word' id='word_1_403' title='bbox 1639 4679 1778 4731; x_wconf 89' lang='lat' dir='ltr'><strong>sitiat</strong></span> <span class='ocrx_word' id='word_1_404' title='bbox 1821 4682 2032 4748; x_wconf 84' lang='lat' dir='ltr'><strong>sangui-</strong></span> 
     </span>
    </p>
   </div>
   <div class='ocr_carea' id='block_1_50' title="bbox 462 4765 2031 4840">
    <p class='ocr_par' dir='ltr' id='par_1_50' title="bbox 462 4765 2031 4840">
     <span class='ocr_line' id='line_1_50' title="bbox 462 4765 2031 4840; baseline 0.001 -19"><span class='ocrx_word' id='word_1_405' title='bbox 462 4783 582 4821; x_wconf 82' lang='lat' dir='ltr'><strong>nein</strong></span> <span class='ocrx_word' id='word_1_406' title='bbox 630 4784 642 4819; x_wconf 88' lang='lat'><strong>:</strong></span> <span class='ocrx_word' id='word_1_407' title='bbox 684 4767 776 4835; x_wconf 89' lang='lat' dir='ltr'><strong>qui</strong></span> <span class='ocrx_word' id='word_1_408' title='bbox 818 4766 1018 4821; x_wconf 83' lang='lat' dir='ltr'><strong>habitat</strong></span> <span class='ocrx_word' id='word_1_409' title='bbox 1059 4767 1110 4821; x_wconf 91' lang='lat' dir='ltr'><strong>in</strong></span> <span class='ocrx_word' id='word_1_410' title='bbox 1152 4767 1321 4827; x_wconf 73' lang='lat' dir='ltr'><strong>cmiis,</strong></span> <span class='ocrx_word' id='word_1_411' title='bbox 1361 4765 1590 4820; x_wconf 83' lang='lat' dir='ltr'><strong>irridebit</strong></span> <span class='ocrx_word' id='word_1_412' title='bbox 1620 4782 1738 4821; x_wconf 91' lang='lat' dir='ltr'><strong>eum</strong></span> <span class='ocrx_word' id='word_1_413' title='bbox 1773 4767 1940 4840; x_wconf 85' lang='lat' dir='ltr'><strong>(Psul.</strong></span> <span class='ocrx_word' id='word_1_414' title='bbox 1974 4786 2031 4833; x_wconf 91' lang='lat' dir='ltr'><strong>ll,</strong></span> 
     </span>
    </p>
   </div>
   <div class='ocr_carea' id='block_1_51' title="bbox 458 4857 2035 4928">
    <p class='ocr_par' dir='ltr' id='par_1_51' title="bbox 458 4857 2035 4928">
     <span class='ocr_line' id='line_1_51' title="bbox 458 4857 2035 4928; baseline 0.003 -16"><span class='ocrx_word' id='word_1_415' title='bbox 458 4857 536 4926; x_wconf 73' lang='grc'><strong>4).</strong></span> <span class='ocrx_word' id='word_1_416' title='bbox 568 4858 677 4912; x_wconf 84' lang='lat' dir='ltr'><strong>Ibat</strong></span> <span class='ocrx_word' id='word_1_417' title='bbox 702 4859 863 4924; x_wconf 89' lang='lat' dir='ltr'><strong>enim,</strong></span> <span class='ocrx_word' id='word_1_418' title='bbox 893 4857 1029 4911; x_wconf 84' lang='lat' dir='ltr'><strong>sicut</strong></span> <span class='ocrx_word' id='word_1_419' title='bbox 1069 4858 1322 4926; x_wconf 87' lang='lat' dir='ltr'><strong>scriptum</strong></span> <span class='ocrx_word' id='word_1_420' title='bbox 1362 4868 1463 4920; x_wconf 88' lang='lat' dir='ltr'><strong>est,</strong></span> <span class='ocrx_word' id='word_1_421' title='bbox 1504 4858 1703 4928; x_wconf 85' lang='lat' dir='ltr'><strong>spirans</strong></span> <span class='ocrx_word' id='word_1_422' title='bbox 1748 4859 1951 4922; x_wconf 77' lang='lat' dir='ltr'><strong>cwdem,</strong></span> <span class='ocrx_word' id='word_1_423' title='bbox 1981 4871 2035 4916; x_wconf 88' lang='lat' dir='ltr'><strong>et</strong></span> 
     </span>
    </p>
   </div>
   <div class='ocr_carea' id='block_1_52' title="bbox 460 4950 2029 5019">
    <p class='ocr_par' dir='ltr' id='par_1_52' title="bbox 460 4950 2029 5019">
     <span class='ocr_line' id='line_1_52' title="bbox 460 4950 2029 5019; baseline 0.002 -15"><span class='ocrx_word' id='word_1_424' title='bbox 460 4950 841 5019; x_wconf 87' lang='lat' dir='ltr'><strong>propinquabat</strong></span> <span class='ocrx_word' id='word_1_425' title='bbox 889 4950 1219 5005; x_wconf 86' lang='lat' dir='ltr'><strong>Damascum.</strong></span> <span class='ocrx_word' id='word_1_426' title='bbox 1248 4950 1398 5004; x_wconf 89' lang='lat' dir='ltr'><strong>Tunc</strong></span> <span class='ocrx_word' id='word_1_427' title='bbox 1443 4950 1695 5006; x_wconf 90' lang='lat' dir='ltr'><strong>Dominus</strong></span> <span class='ocrx_word' id='word_1_428' title='bbox 1734 4952 1801 5007; x_wconf 89' lang='lat' dir='ltr'><strong>de</strong></span> <span class='ocrx_word' id='word_1_429' title='bbox 1841 4955 1978 5009; x_wconf 75' lang='lat' dir='ltr'><strong>cmlo</strong></span> <span class='ocrx_word' id='word_1_430' title='bbox 2017 4974 2029 5007; x_wconf 88' lang='lat'><strong>:</strong></span> 
     </span>
    </p>
   </div>
   <div class='ocr_carea' id='block_1_53' title="bbox 460 5038 2033 5115">
    <p class='ocr_par' dir='ltr' id='par_1_53' title="bbox 460 5038 2033 5115">
     <span class='ocr_line' id='line_1_53' title="bbox 460 5038 2033 5115; baseline 0.003 -21"><span class='ocrx_word' id='word_1_431' title='bbox 460 5038 637 5102; x_wconf 85' lang='lat' dir='ltr'><strong>Suule,</strong></span> <span class='ocrx_word' id='word_1_432' title='bbox 664 5039 841 5103; x_wconf 82' lang='lat' dir='ltr'><strong>Saule,</strong></span> <span class='ocrx_word' id='word_1_433' title='bbox 870 5042 990 5107; x_wconf 82' lang='lat' dir='ltr'><strong>quid</strong></span> <span class='ocrx_word' id='word_1_434' title='bbox 1021 5056 1096 5093; x_wconf 89' lang='lat' dir='ltr'><strong>me</strong></span> <span class='ocrx_word' id='word_1_435' title='bbox 1127 5042 1470 5108; x_wconf 83' lang='lat' dir='ltr'><strong>persequeris?</strong></span> <span class='ocrx_word' id='word_1_436' title='bbox 1504 5042 1614 5111; x_wconf 84' lang='lat' dir='ltr'><strong>Ego</strong></span> <span class='ocrx_word' id='word_1_437' title='bbox 1653 5059 1770 5097; x_wconf 90' lang='lat' dir='ltr'><strong>sum</strong></span> <span class='ocrx_word' id='word_1_438' title='bbox 1800 5043 1901 5107; x_wconf 89' lang='lat' dir='ltr'><strong>hic,</strong></span> <span class='ocrx_word' id='word_1_439' title='bbox 1935 5061 2033 5115; x_wconf 87' lang='lat' dir='ltr'><strong>ego</strong></span> 
     </span>
    </p>
   </div>
   <div class='ocr_carea' id='block_1_54' title="bbox 456 5128 2028 5200">
    <p class='ocr_par' dir='ltr' id='par_1_54' title="bbox 456 5128 2028 5200">
     <span class='ocr_line' id='line_1_54' title="bbox 456 5128 2028 5200; baseline 0.004 -18"><span class='ocrx_word' id='word_1_440' title='bbox 456 5146 574 5183; x_wconf 88' lang='lat' dir='ltr'><strong>sum</strong></span> <span class='ocrx_word' id='word_1_441' title='bbox 615 5129 684 5181; x_wconf 90' lang='lat' dir='ltr'><strong>ibi</strong></span> <span class='ocrx_word' id='word_1_442' title='bbox 716 5145 729 5179; x_wconf 88' lang='lat'><strong>:</strong></span> <span class='ocrx_word' id='word_1_443' title='bbox 771 5128 856 5182; x_wconf 91' lang='lat' dir='ltr'><strong>hic</strong></span> <span class='ocrx_word' id='word_1_444' title='bbox 889 5138 1064 5197; x_wconf 86' lang='lat' dir='ltr'><strong>caput,</strong></span> <span class='ocrx_word' id='word_1_445' title='bbox 1094 5130 1161 5182; x_wconf 90' lang='lat' dir='ltr'><strong>ibi</strong></span> <span class='ocrx_word' id='word_1_446' title='bbox 1193 5145 1405 5199; x_wconf 87' lang='lat' dir='ltr'><strong>corpus.</strong></span> <span class='ocrx_word' id='word_1_447' title='bbox 1448 5131 1561 5184; x_wconf 87' lang='lat' dir='ltr'><strong>Non</strong></span> <span class='ocrx_word' id='word_1_448' title='bbox 1602 5148 1728 5200; x_wconf 84' lang='lat' dir='ltr'><strong>ergo</strong></span> <span class='ocrx_word' id='word_1_449' title='bbox 1755 5133 2028 5198; x_wconf 90' lang='lat' dir='ltr'><strong>miremur,</strong></span> 
     </span>
    </p>
   </div>
   <div class='ocr_carea' id='block_1_55' title="bbox 456 5221 2028 5295">
    <p class='ocr_par' dir='ltr' id='par_1_55' title="bbox 456 5221 2028 5295">
     <span class='ocr_line' id='line_1_55' title="bbox 456 5221 2028 5295; baseline 0.005 -22"><span class='ocrx_word' id='word_1_450' title='bbox 456 5223 662 5286; x_wconf 80' lang='lat' dir='ltr'><strong>fratres,</strong></span> <span class='ocrx_word' id='word_1_451' title='bbox 692 5221 756 5274; x_wconf 90' lang='lat' dir='ltr'><strong>ad</strong></span> <span class='ocrx_word' id='word_1_452' title='bbox 792 5236 985 5290; x_wconf 88' lang='lat' dir='ltr'><strong>corpus</strong></span> <span class='ocrx_word' id='word_1_453' title='bbox 1010 5222 1205 5277; x_wconf 88' lang='lat' dir='ltr'><strong>Christi</strong></span> <span class='ocrx_word' id='word_1_454' title='bbox 1250 5224 1591 5291; x_wconf 88' lang='lat' dir='ltr'><strong>pertinemus.</strong></span> <span class='ocrx_word' id='word_1_455' title='bbox 1633 5225 1808 5288; x_wconf 82' lang='lat' dir='ltr'><strong>Suule,</strong></span> <span class='ocrx_word' id='word_1_456' title='bbox 1854 5229 2028 5295; x_wconf 80' lang='lat' dir='ltr'><strong>Suule,</strong></span> 
     </span>
    </p>
   </div>
   <div class='ocr_carea' id='block_1_56' title="bbox 455 5311 2032 5382">
    <p class='ocr_par' dir='ltr' id='par_1_56' title="bbox 455 5311 2032 5382">
     <span class='ocr_line' id='line_1_56' title="bbox 455 5311 2032 5382; baseline 0.004 -17"><span class='ocrx_word' id='word_1_457' title='bbox 455 5311 578 5380; x_wconf 85' lang='lat' dir='ltr'><strong>quid</strong></span> <span class='ocrx_word' id='word_1_458' title='bbox 601 5328 680 5367; x_wconf 88' lang='lat' dir='ltr'><strong>me</strong></span> <span class='ocrx_word' id='word_1_459' title='bbox 699 5315 1006 5382; x_wconf 83' lang='lat' dir='ltr'><strong>persequeris</strong></span> <span class='ocrx_word' id='word_1_460' title='bbox 1021 5315 1047 5367; x_wconf 84' lang='lat'><strong><em>?</em></strong></span> <span class='ocrx_word' id='word_1_461' title='bbox 1069 5312 1271 5367; x_wconf 87' lang='lat' dir='ltr'><strong>Durum</strong></span> <span class='ocrx_word' id='word_1_462' title='bbox 1300 5326 1371 5367; x_wconf 86' lang='lat' dir='ltr'><strong>est</strong></span> <span class='ocrx_word' id='word_1_463' title='bbox 1397 5315 1483 5367; x_wconf 88' lang='lat' dir='ltr'><strong>tibi</strong></span> <span class='ocrx_word' id='word_1_464' title='bbox 1511 5316 1749 5370; x_wconf 83' lang='lat' dir='ltr'><strong>adversus</strong></span> <span class='ocrx_word' id='word_1_465' title='bbox 1774 5319 2032 5372; x_wconf 85' lang='lat' dir='ltr'><strong>stimulum</strong></span> 
     </span>
    </p>
   </div>
   <div class='ocr_carea' id='block_1_57' title="bbox 454 5403 2029 5478">
    <p class='ocr_par' dir='ltr' id='par_1_57' title="bbox 454 5403 2029 5478">
     <span class='ocr_line' id='line_1_57' title="bbox 454 5403 2029 5478; baseline 0.006 -24"><span class='ocrx_word' id='word_1_466' title='bbox 454 5404 736 5461; x_wconf 52' lang='lat' dir='ltr'><strong>calcitrat».</strong></span> <span class='ocrx_word' id='word_1_467' title='bbox 770 5405 843 5459; x_wconf 88' lang='lat' dir='ltr'><strong>Te</strong></span> <span class='ocrx_word' id='word_1_468' title='bbox 871 5405 1019 5460; x_wconf 68' lang='lat' dir='ltr'><strong>lazdis</strong></span> <span class='ocrx_word' id='word_1_469' title='bbox 1053 5425 1066 5459; x_wconf 91' lang='lat'>:</span> <span class='ocrx_word' id='word_1_470' title='bbox 1094 5422 1218 5460; x_wconf 90' lang='lat' dir='ltr'><strong>nam</strong></span> <span class='ocrx_word' id='word_1_471' title='bbox 1244 5403 1477 5461; x_wconf 73' lang='lat' dir='ltr'><strong>Ecclesia</strong></span> <span class='ocrx_word' id='word_1_472' title='bbox 1505 5424 1620 5463; x_wconf 90' lang='lat' dir='ltr'><strong>mea</strong></span> <span class='ocrx_word' id='word_1_473' title='bbox 1644 5413 2029 5478; x_wconf 86' lang='lat' dir='ltr'><strong>persecutioni-</strong></span> 
     </span>
    </p>
   </div>
   <div class='ocr_carea' id='block_1_58' title="bbox 455 5494 2031 5572">
    <p class='ocr_par' dir='ltr' id='par_1_58' title="bbox 455 5494 2031 5572">
     <span class='ocr_line' id='line_1_58' title="bbox 455 5494 2031 5572; baseline 0.008 -27"><span class='ocrx_word' id='word_1_474' title='bbox 455 5494 550 5547; x_wconf 86' lang='lat' dir='ltr'><strong>lms</strong></span> <span class='ocrx_word' id='word_1_475' title='bbox 576 5496 787 5550; x_wconf 83' lang='lat' dir='ltr'><strong>crescit.</strong></span> <span class='ocrx_word' id='word_1_476' title='bbox 811 5496 877 5549; x_wconf 87' lang='lat' dir='ltr'><strong>At</strong></span> <span class='ocrx_word' id='word_1_477' title='bbox 893 5496 980 5550; x_wconf 87' lang='lat' dir='ltr'><strong>ille</strong></span> <span class='ocrx_word' id='word_1_478' title='bbox 1002 5512 1200 5566; x_wconf 85' lang='lat' dir='ltr'><strong>pavens</strong></span> <span class='ocrx_word' id='word_1_479' title='bbox 1223 5506 1279 5552; x_wconf 91' lang='lat' dir='ltr'><strong>et</strong></span> <span class='ocrx_word' id='word_1_480' title='bbox 1295 5507 1525 5553; x_wconf 88' lang='lat' dir='ltr'><strong>tremens</strong></span> <span class='ocrx_word' id='word_1_481' title='bbox 1551 5518 1563 5551; x_wconf 90' lang='lat'><strong>:</strong></span> <span class='ocrx_word' id='word_1_482' title='bbox 1592 5500 1821 5566; x_wconf 84' lang='lat' dir='ltr'><strong>Domine,</strong></span> <span class='ocrx_word' id='word_1_483' title='bbox 1844 5504 1954 5572; x_wconf 85' lang='lat' dir='ltr'><strong>quis</strong></span> <span class='ocrx_word' id='word_1_484' title='bbox 1979 5521 2031 5558; x_wconf 85' lang='lat' dir='ltr'><strong>rs</strong></span> 
     </span>
    </p>
   </div>
   <div class='ocr_carea' id='block_1_59' title="bbox 454 5586 2033 5664">
    <p class='ocr_par' dir='ltr' id='par_1_59' title="bbox 454 5586 2033 5664">
     <span class='ocr_line' id='line_1_59' title="bbox 454 5586 2033 5664; baseline 0.01 -31"><span class='ocrx_word' id='word_1_485' title='bbox 454 5593 507 5635; x_wconf 86' lang='lat' dir='ltr'><strong>tu</strong></span> <span class='ocrx_word' id='word_1_486' title='bbox 524 5588 548 5637; x_wconf 72' lang='grc' dir='ltr'><em>ἰ)</em></span> <span class='ocrx_word' id='word_1_487' title='bbox 576 5586 640 5641; x_wconf 78' lang='lat' dir='ltr'><strong>Et</strong></span> <span class='ocrx_word' id='word_1_488' title='bbox 665 5588 752 5642; x_wconf 88' lang='lat' dir='ltr'><strong>ille</strong></span> <span class='ocrx_word' id='word_1_489' title='bbox 781 5606 793 5640; x_wconf 88' lang='lat'><strong>:</strong></span> <span class='ocrx_word' id='word_1_490' title='bbox 823 5588 934 5658; x_wconf 88' lang='lat' dir='ltr'><strong>Ego</strong></span> <span class='ocrx_word' id='word_1_491' title='bbox 962 5606 1071 5643; x_wconf 87' lang='lat' dir='ltr'><strong>sum</strong></span> <span class='ocrx_word' id='word_1_492' title='bbox 1100 5588 1134 5642; x_wconf 82' lang='grc' dir='ltr'><em>Ι</em></span> <span class='ocrx_word' id='word_1_493' title='bbox 1139 5607 1251 5644; x_wconf 91' lang='lat' dir='ltr'><strong>esus</strong></span> <span class='ocrx_word' id='word_1_494' title='bbox 1276 5591 1570 5645; x_wconf 83' lang='lat' dir='ltr'><strong>Nazarenns</strong></span> <span class='ocrx_word' id='word_1_495' title='bbox 1598 5610 1739 5661; x_wconf 78' lang='lat' dir='ltr'><strong>quem</strong></span> <span class='ocrx_word' id='word_1_496' title='bbox 1777 5604 1829 5648; x_wconf 88' lang='lat' dir='ltr'><strong>tn</strong></span> <span class='ocrx_word' id='word_1_497' title='bbox 1859 5612 2033 5664; x_wconf 79' lang='lat' dir='ltr'><strong>perse-</strong></span> 
     </span>
    </p>
   </div>
   <div class='ocr_carea' id='block_1_60' title="bbox 455 5677 2027 5755">
    <p class='ocr_par' dir='ltr' id='par_1_60' title="bbox 455 5677 2027 5755">
     <span class='ocr_line' id='line_1_60' title="bbox 455 5677 2027 5755; baseline 0.01 -31"><span class='ocrx_word' id='word_1_498' title='bbox 455 5677 617 5739; x_wconf 75' lang='lat' dir='ltr'><strong>queris</strong></span> <span class='ocrx_word' id='word_1_499' title='bbox 678 5679 940 5733; x_wconf 69' lang='lat' dir='ltr'><strong>Continuo</strong></span> <span class='ocrx_word' id='word_1_500' title='bbox 967 5688 1197 5732; x_wconf 85' lang='lat' dir='ltr'><strong>mutatus</strong></span> <span class='ocrx_word' id='word_1_501' title='bbox 1218 5691 1485 5750; x_wconf 71' lang='lat' dir='ltr'><strong>exspectat</strong></span> <span class='ocrx_word' id='word_1_502' title='bbox 1522 5683 1800 5752; x_wconf 82' lang='lat' dir='ltr'><strong>imperium</strong></span> <span class='ocrx_word' id='word_1_503' title='bbox 1835 5705 1847 5738; x_wconf 89' lang='lat'><strong>:</strong></span> <span class='ocrx_word' id='word_1_504' title='bbox 1882 5687 2027 5755; x_wconf 75' lang='lat' dir='ltr'><strong>punit</strong></span> 
     </span>
    </p>
   </div>
   <div class='ocr_carea' id='block_1_61' title="bbox 1666 314 2458 371">
    <p class='ocr_par' dir='ltr' id='par_1_61' title="bbox 1666 314 2458 371">
     <span class='ocr_line' id='line_1_61' title="bbox 1666 314 2458 371; baseline -0.001 -1"><span class='ocrx_word' id='word_1_505' title='bbox 1666 317 1720 370; x_wconf 90' lang='lat' dir='ltr'><strong>S.</strong></span> <span class='ocrx_word' id='word_1_506' title='bbox 1764 314 2120 370; x_wconf 71' lang='lat' dir='ltr'><strong>ALGI‘STINI</strong></span> <span class='ocrx_word' id='word_1_507' title='bbox 2164 314 2458 371; x_wconf 75' lang='lat' dir='ltr'><strong>EPISCOPI</strong></span> 
     </span>
    </p>
   </div>
   <div class='ocr_carea' id='block_1_62' title="bbox 3589 329 3727 385">
    <p class='ocr_par' dir='ltr' id='par_1_62' title="bbox 3589 329 3727 385">
     <span class='ocr_line' id='line_1_62' title="bbox 3589 329 3727 385; baseline 0 -1"><span class='ocrx_word' id='word_1_508' title='bbox 3589 329 3727 385; x_wconf 70' lang='lat'><strong>135?.</strong></span> 
     </span>
    </p>
   </div>
   <div class='ocr_carea' id='block_1_63' title="bbox 2144 426 3721 514">
    <p class='ocr_par' dir='ltr' id='par_1_63' title="bbox 2144 426 3721 514">
     <span class='ocr_line' id='line_1_63' title="bbox 2144 426 3721 514; baseline 0.015 -37"><span class='ocrx_word' id='word_1_509' title='bbox 2144 426 2507 491; x_wconf 84' lang='lat' dir='ltr'><strong>invidentiam,</strong></span> <span class='ocrx_word' id='word_1_510' title='bbox 2550 442 2809 499; x_wconf 61' lang='lat' dir='ltr'><strong>praeparat</strong></span> <span class='ocrx_word' id='word_1_511' title='bbox 2848 434 3225 491; x_wconf 87' lang='lat' dir='ltr'><strong>obedientiam.</strong></span> <span class='ocrx_word' id='word_1_512' title='bbox 3270 440 3471 495; x_wconf 78' lang='lat' dir='ltr'><strong>Dicitur</strong></span> <span class='ocrx_word' id='word_1_513' title='bbox 3507 446 3558 498; x_wconf 81' lang='lat' dir='ltr'><strong>ei</strong></span> <span class='ocrx_word' id='word_1_514' title='bbox 3597 447 3721 514; x_wconf 82' lang='lat' dir='ltr'><strong>quid</strong></span> 
     </span>
    </p>
   </div>
   <div class='ocr_carea' id='block_1_64' title="bbox 2144 516 3719 603">
    <p class='ocr_par' dir='ltr' id='par_1_64' title="bbox 2144 516 3719 603">
     <span class='ocr_line' id='line_1_64' title="bbox 2144 516 3719 603; baseline 0.017 -37"><span class='ocrx_word' id='word_1_515' title='bbox 2144 516 2315 570; x_wconf 77' lang='lat' dir='ltr'><strong>faciat.</strong></span> <span class='ocrx_word' id='word_1_516' title='bbox 2342 518 2406 570; x_wconf 89' lang='lat' dir='ltr'><strong>Et</strong></span> <span class='ocrx_word' id='word_1_517' title='bbox 2423 529 2703 588; x_wconf 87' lang='lat' dir='ltr'><strong>antequam</strong></span> <span class='ocrx_word' id='word_1_518' title='bbox 2732 522 2925 578; x_wconf 90' lang='lat' dir='ltr'><strong>Paulus</strong></span> <span class='ocrx_word' id='word_1_519' title='bbox 2944 525 3259 596; x_wconf 79' lang='lat' dir='ltr'><strong>baptizctur,</strong></span> <span class='ocrx_word' id='word_1_520' title='bbox 3281 530 3515 603; x_wconf 88' lang='lat' dir='ltr'><strong>loquitur</strong></span> <span class='ocrx_word' id='word_1_521' title='bbox 3540 535 3719 592; x_wconf 82' lang='lat' dir='ltr'><strong>Domi-</strong></span> 
     </span>
    </p>
   </div>
   <div class='ocr_carea' id='block_1_65' title="bbox 2146 611 3724 686">
    <p class='ocr_par' dir='ltr' id='par_1_65' title="bbox 2146 611 3724 686">
     <span class='ocr_line' id='line_1_65' title="bbox 2146 611 3724 686; baseline 0.017 -26"><span class='ocrx_word' id='word_1_522' title='bbox 2146 622 2245 662; x_wconf 87' lang='lat' dir='ltr'><strong>nus</strong></span> <span class='ocrx_word' id='word_1_523' title='bbox 2268 611 2483 664; x_wconf 65' lang='lat' dir='ltr'><strong>Ananiae</strong></span> <span class='ocrx_word' id='word_1_524' title='bbox 2512 630 2524 665; x_wconf 90' lang='lat'><strong>:</strong></span> <span class='ocrx_word' id='word_1_525' title='bbox 2569 612 2704 667; x_wconf 72' lang='lat' dir='ltr'><strong>I’ude</strong></span> <span class='ocrx_word' id='word_1_526' title='bbox 2727 616 2795 667; x_wconf 89' lang='lat' dir='ltr'><strong>ad</strong></span> <span class='ocrx_word' id='word_1_527' title='bbox 2813 616 2961 671; x_wconf 85' lang='lat' dir='ltr'><strong>illum</strong></span> <span class='ocrx_word' id='word_1_528' title='bbox 2994 622 3176 685; x_wconf 74' lang='lat' dir='ltr'><strong>ricam,</strong></span> <span class='ocrx_word' id='word_1_529' title='bbox 3203 625 3273 676; x_wconf 88' lang='lat' dir='ltr'><strong>ad</strong></span> <span class='ocrx_word' id='word_1_530' title='bbox 3298 624 3442 680; x_wconf 82' lang='lat' dir='ltr'><strong>illum</strong></span> <span class='ocrx_word' id='word_1_531' title='bbox 3470 631 3724 686; x_wconf 41' lang='lat' dir='ltr'><strong>hostium:</strong></span> 
     </span>
    </p>
   </div>
   <div class='ocr_carea' id='block_1_66' title="bbox 2146 700 3723 780">
    <p class='ocr_par' dir='ltr' id='par_1_66' title="bbox 2146 700 3723 780">
     <span class='ocr_line' id='line_1_66' title="bbox 2146 700 3723 780; baseline 0.017 -30"><span class='ocrx_word' id='word_1_532' title='bbox 2146 700 2344 752; x_wconf 84' lang='lat' dir='ltr'><strong>nomine</strong></span> <span class='ocrx_word' id='word_1_533' title='bbox 2377 701 2614 769; x_wconf 86' lang='lat' dir='ltr'><strong>Saulum,</strong></span> <span class='ocrx_word' id='word_1_534' title='bbox 2639 706 2837 774; x_wconf 78' lang='lat' dir='ltr'><strong>baptiza</strong></span> <span class='ocrx_word' id='word_1_535' title='bbox 2868 708 3044 773; x_wconf 85' lang='lat' dir='ltr'><strong>illum;</strong></span> <span class='ocrx_word' id='word_1_536' title='bbox 3069 713 3189 780; x_wconf 85' lang='lat' dir='ltr'><strong>quia</strong></span> <span class='ocrx_word' id='word_1_537' title='bbox 3211 731 3294 768; x_wconf 77' lang='lat' dir='ltr'><strong>uas</strong></span> <span class='ocrx_word' id='word_1_538' title='bbox 3319 715 3579 774; x_wconf 74' lang='lat' dir='ltr'><strong>electionis</strong></span> <span class='ocrx_word' id='word_1_539' title='bbox 3602 726 3723 777; x_wconf 77' lang='lat' dir='ltr'><strong>mihi</strong></span> 
     </span>
    </p>
   </div>
   <div class='ocr_carea' id='block_1_67' title="bbox 2145 792 3722 871">
    <p class='ocr_par' dir='ltr' id='par_1_67' title="bbox 2145 792 3722 871">
     <span class='ocr_line' id='line_1_67' title="bbox 2145 792 3722 871; baseline 0.018 -28"><span class='ocrx_word' id='word_1_540' title='bbox 2145 801 2236 844; x_wconf 86' lang='lat' dir='ltr'><strong>est.</strong></span> <span class='ocrx_word' id='word_1_541' title='bbox 2274 792 2375 845; x_wconf 80' lang='lat' dir='ltr'><strong>Vas</strong></span> <span class='ocrx_word' id='word_1_542' title='bbox 2418 794 2612 863; x_wconf 90' lang='lat' dir='ltr'><strong>aliquid</strong></span> <span class='ocrx_word' id='word_1_543' title='bbox 2661 807 2870 865; x_wconf 82' lang='lat' dir='ltr'><strong>portare</strong></span> <span class='ocrx_word' id='word_1_544' title='bbox 2908 801 3084 869; x_wconf 90' lang='lat' dir='ltr'><strong>debet,</strong></span> <span class='ocrx_word' id='word_1_545' title='bbox 3118 821 3213 861; x_wconf 79' lang='lat' dir='ltr'><strong>vas</strong></span> <span class='ocrx_word' id='word_1_546' title='bbox 3257 809 3410 865; x_wconf 90' lang='lat' dir='ltr'><strong>inane</strong></span> <span class='ocrx_word' id='word_1_547' title='bbox 3454 829 3581 870; x_wconf 80' lang='lat' dir='ltr'><strong>esse</strong></span> <span class='ocrx_word' id='word_1_548' title='bbox 3622 833 3722 871; x_wconf 85' lang='lat' dir='ltr'><strong>non</strong></span> 
     </span>
    </p>
   </div>
   <div class='ocr_carea' id='block_1_68' title="bbox 2145 881 3724 972">
    <p class='ocr_par' dir='ltr' id='par_1_68' title="bbox 2145 881 3724 972">
     <span class='ocr_line' id='line_1_68' title="bbox 2145 881 3724 972; baseline 0.016 -37"><span class='ocrx_word' id='word_1_549' title='bbox 2145 881 2324 938; x_wconf 89' lang='lat' dir='ltr'><strong>debet.</strong></span> <span class='ocrx_word' id='word_1_550' title='bbox 2357 885 2457 940; x_wconf 82' lang='lat' dir='ltr'><strong>Vas</strong></span> <span class='ocrx_word' id='word_1_551' title='bbox 2486 887 2810 956; x_wconf 85' lang='lat' dir='ltr'><strong>implendum</strong></span> <span class='ocrx_word' id='word_1_552' title='bbox 2837 903 2921 948; x_wconf 91' lang='lat' dir='ltr'><strong>est</strong></span> <span class='ocrx_word' id='word_1_553' title='bbox 2958 913 2972 949; x_wconf 91' lang='lat'><strong>:</strong></span> <span class='ocrx_word' id='word_1_554' title='bbox 3006 898 3163 964; x_wconf 90' lang='lat' dir='ltr'><strong>unde,</strong></span> <span class='ocrx_word' id='word_1_555' title='bbox 3209 902 3308 955; x_wconf 90' lang='lat' dir='ltr'><strong>nisi</strong></span> <span class='ocrx_word' id='word_1_556' title='bbox 3353 907 3560 972; x_wconf 79' lang='lat' dir='ltr'><strong>gratia?</strong></span> <span class='ocrx_word' id='word_1_557' title='bbox 3588 910 3724 963; x_wconf 73' lang='lat' dir='ltr'><strong>Ana-</strong></span> 
     </span>
    </p>
   </div>
   <div class='ocr_carea' id='block_1_69' title="bbox 2147 975 3717 1055">
    <p class='ocr_par' dir='ltr' id='par_1_69' title="bbox 2147 975 3717 1055">
     <span class='ocr_line' id='line_1_69' title="bbox 2147 975 3717 1055; baseline 0.015 -27"><span class='ocrx_word' id='word_1_558' title='bbox 2147 975 2263 1030; x_wconf 90' lang='lat' dir='ltr'><strong>nias</strong></span> <span class='ocrx_word' id='word_1_559' title='bbox 2291 985 2466 1033; x_wconf 91' lang='lat' dir='ltr'><strong>autem</strong></span> <span class='ocrx_word' id='word_1_560' title='bbox 2510 983 2783 1049; x_wconf 85' lang='lat' dir='ltr'><strong>respondit</strong></span> <span class='ocrx_word' id='word_1_561' title='bbox 2825 985 3047 1041; x_wconf 90' lang='lat' dir='ltr'><strong>Domino</strong></span> <span class='ocrx_word' id='word_1_562' title='bbox 3089 1001 3274 1046; x_wconf 86' lang='lat' dir='ltr'><strong>nostro</strong></span> <span class='ocrx_word' id='word_1_563' title='bbox 3309 993 3434 1048; x_wconf 85' lang='lat' dir='ltr'><strong>Jesu</strong></span> <span class='ocrx_word' id='word_1_564' title='bbox 3467 997 3717 1055; x_wconf 88' lang='lat' dir='ltr'><strong>Christo:</strong></span> 
     </span>
    </p>
   </div>
   <div class='ocr_carea' id='block_1_70' title="bbox 2153 1068 3722 1146">
    <p class='ocr_par' dir='ltr' id='par_1_70' title="bbox 2153 1068 3722 1146">
     <span class='ocr_line' id='line_1_70' title="bbox 2153 1068 3722 1146; baseline 0.018 -28"><span class='ocrx_word' id='word_1_565' title='bbox 2153 1085 2173 1117; x_wconf 81' lang='grc' dir='ltr'><strong>ι</strong></span> <span class='ocrx_word' id='word_1_566' title='bbox 2203 1068 2442 1130; x_wconf 91' lang='lat' dir='ltr'><strong>Domine,</strong></span> <span class='ocrx_word' id='word_1_567' title='bbox 2475 1071 2650 1125; x_wconf 86' lang='lat' dir='ltr'><strong>audivi</strong></span> <span class='ocrx_word' id='word_1_568' title='bbox 2692 1075 2813 1145; x_wconf 90' lang='lat' dir='ltr'><strong>quia</strong></span> <span class='ocrx_word' id='word_1_569' title='bbox 2858 1077 3017 1133; x_wconf 87' lang='lat' dir='ltr'><strong>homo</strong></span> <span class='ocrx_word' id='word_1_570' title='bbox 3058 1080 3157 1134; x_wconf 87' lang='lat' dir='ltr'><strong>iste</strong></span> <span class='ocrx_word' id='word_1_571' title='bbox 3202 1084 3366 1139; x_wconf 83' lang='lat' dir='ltr'><strong>multa</strong></span> <span class='ocrx_word' id='word_1_572' title='bbox 3415 1090 3556 1142; x_wconf 88' lang='lat' dir='ltr'><strong>mala</strong></span> <span class='ocrx_word' id='word_1_573' title='bbox 3604 1091 3722 1146; x_wconf 79' lang='lat' dir='ltr'><strong>fecit</strong></span> 
     </span>
    </p>
   </div>
   <div class='ocr_carea' id='block_1_71' title="bbox 2146 1162 3720 1249">
    <p class='ocr_par' dir='ltr' id='par_1_71' title="bbox 2146 1162 3720 1249">
     <span class='ocr_line' id='line_1_71' title="bbox 2146 1162 3720 1249; baseline 0.017 -38"><span class='ocrx_word' id='word_1_574' title='bbox 2146 1162 2343 1213; x_wconf 88' lang='lat' dir='ltr'><strong>sanctis</strong></span> <span class='ocrx_word' id='word_1_575' title='bbox 2384 1162 2506 1217; x_wconf 88' lang='lat' dir='ltr'><strong>tuis.</strong></span> <span class='ocrx_word' id='word_1_576' title='bbox 2560 1163 2628 1218; x_wconf 87' lang='lat' dir='ltr'><strong>Et</strong></span> <span class='ocrx_word' id='word_1_577' title='bbox 2673 1182 2813 1221; x_wconf 93' lang='lat' dir='ltr'><strong>nunc</strong></span> <span class='ocrx_word' id='word_1_578' title='bbox 2849 1167 3051 1226; x_wconf 84' lang='lat' dir='ltr'><strong>litteras</strong></span> <span class='ocrx_word' id='word_1_579' title='bbox 3102 1182 3276 1241; x_wconf 83' lang='lat' dir='ltr'><strong>portat</strong></span> <span class='ocrx_word' id='word_1_580' title='bbox 3316 1192 3346 1229; x_wconf 87' lang='lat' dir='ltr'><strong>a</strong></span> <span class='ocrx_word' id='word_1_581' title='bbox 3396 1179 3720 1249; x_wconf 82' lang='lat' dir='ltr'><strong>principibus</strong></span> 
     </span>
    </p>
   </div>
   <div class='ocr_carea' id='block_1_72' title="bbox 2148 1252 3716 1338">
    <p class='ocr_par' dir='ltr' id='par_1_72' title="bbox 2148 1252 3716 1338">
     <span class='ocr_line' id='line_1_72' title="bbox 2148 1252 3716 1338; baseline 0.016 -36"><span class='ocrx_word' id='word_1_582' title='bbox 2148 1252 2504 1314; x_wconf 85' lang='lat' dir='ltr'><strong>sacerdotum.</strong></span> <span class='ocrx_word' id='word_1_583' title='bbox 2536 1265 2592 1308; x_wconf 93' lang='lat' dir='ltr'><strong>nt</strong></span> <span class='ocrx_word' id='word_1_584' title='bbox 2621 1257 2938 1326; x_wconf 89' lang='lat' dir='ltr'><strong>ubicumque</strong></span> <span class='ocrx_word' id='word_1_585' title='bbox 2961 1260 3217 1318; x_wconf 83' lang='lat' dir='ltr'><strong>invenerit</strong></span> <span class='ocrx_word' id='word_1_586' title='bbox 3247 1268 3345 1321; x_wconf 81' lang='lat' dir='ltr'><strong>via:</strong></span> <span class='ocrx_word' id='word_1_587' title='bbox 3371 1270 3526 1338; x_wconf 84' lang='lat' dir='ltr'><strong>hujus</strong></span> <span class='ocrx_word' id='word_1_588' title='bbox 3558 1274 3716 1331; x_wconf 72' lang='lat' dir='ltr'><strong>viros.</strong></span> 
     </span>
    </p>
   </div>
   <div class='ocr_carea' id='block_1_73' title="bbox 2145 1339 3718 1431">
    <p class='ocr_par' dir='ltr' id='par_1_73' title="bbox 2145 1339 3718 1431">
     <span class='ocr_line' id='line_1_73' title="bbox 2145 1339 3718 1431; baseline 0.015 -39"><span class='ocrx_word' id='word_1_589' title='bbox 2145 1339 2352 1395; x_wconf 84' lang='lat' dir='ltr'><strong>vinctos</strong></span> <span class='ocrx_word' id='word_1_590' title='bbox 2403 1342 2647 1397; x_wconf 87' lang='lat' dir='ltr'><strong>adducat.</strong></span> <span class='ocrx_word' id='word_1_591' title='bbox 2702 1344 2770 1398; x_wconf 88' lang='lat' dir='ltr'><strong>Et</strong></span> <span class='ocrx_word' id='word_1_592' title='bbox 2816 1347 3066 1405; x_wconf 85' lang='lat' dir='ltr'><strong>Dominus</strong></span> <span class='ocrx_word' id='word_1_593' title='bbox 3110 1355 3179 1406; x_wconf 84' lang='lat' dir='ltr'><strong>ad</strong></span> <span class='ocrx_word' id='word_1_594' title='bbox 3225 1355 3372 1410; x_wconf 78' lang='lat' dir='ltr'><strong>illum</strong></span> <span class='ocrx_word' id='word_1_595' title='bbox 3414 1377 3434 1411; x_wconf 89' lang='lat'><strong><em>:</em></strong></span> <span class='ocrx_word' id='word_1_596' title='bbox 3484 1360 3598 1431; x_wconf 82' lang='lat' dir='ltr'><strong>Ego</strong></span> <span class='ocrx_word' id='word_1_597' title='bbox 3651 1364 3718 1416; x_wconf 93' lang='lat' dir='ltr'><strong>illi</strong></span> 
     </span>
    </p>
   </div>
   <div class='ocr_carea' id='block_1_74' title="bbox 2147 1431 3718 1515">
    <p class='ocr_par' dir='ltr' id='par_1_74' title="bbox 2147 1431 3718 1515">
     <span class='ocr_line' id='line_1_74' title="bbox 2147 1431 3718 1515; baseline 0.015 -34"><span class='ocrx_word' id='word_1_598' title='bbox 2147 1431 2423 1485; x_wconf 83' lang='lat' dir='ltr'><strong>ostendam</strong></span> <span class='ocrx_word' id='word_1_599' title='bbox 2465 1450 2583 1502; x_wconf 69' lang='lat' dir='ltr'><strong>quae</strong></span> <span class='ocrx_word' id='word_1_600' title='bbox 2627 1435 2772 1489; x_wconf 89' lang='lat' dir='ltr'><strong>illum</strong></span> <span class='ocrx_word' id='word_1_601' title='bbox 2802 1443 3061 1508; x_wconf 84' lang='lat' dir='ltr'><strong>&#39;oporteat</strong></span> <span class='ocrx_word' id='word_1_602' title='bbox 3102 1445 3208 1513; x_wconf 89' lang='lat' dir='ltr'><strong>pati</strong></span> <span class='ocrx_word' id='word_1_603' title='bbox 3239 1460 3335 1515; x_wconf 88' lang='lat' dir='ltr'><strong>pro</strong></span> <span class='ocrx_word' id='word_1_604' title='bbox 3359 1452 3584 1506; x_wconf 87' lang='lat' dir='ltr'><strong>nomine</strong></span> <span class='ocrx_word' id='word_1_605' title='bbox 3608 1469 3718 1507; x_wconf 77' lang='lat' dir='ltr'><strong>meo</strong></span> 
     </span>
    </p>
   </div>
   <div class='ocr_carea' id='block_1_75' title="bbox 2149 1519 3719 1596">
    <p class='ocr_par' dir='ltr' id='par_1_75' title="bbox 2149 1519 3719 1596">
     <span class='ocr_line' id='line_1_75' title="bbox 2149 1519 3719 1596; baseline 0.014 -23"><span class='ocrx_word' id='word_1_606' title='bbox 2149 1519 2283 1591; x_wconf 81' lang='lat' dir='ltr'><strong>(Act.</strong></span> <span class='ocrx_word' id='word_1_607' title='bbox 2324 1522 2423 1593; x_wconf 83' lang='lat' dir='ltr'><strong>IX).</strong></span> <span class='ocrx_word' id='word_1_608' title='bbox 2453 1524 2770 1594; x_wconf 87' lang='lat' dir='ltr'><strong>Trepidabat</strong></span> <span class='ocrx_word' id='word_1_609' title='bbox 2796 1529 3048 1592; x_wconf 88' lang='lat' dir='ltr'><strong>Ananias,</strong></span> <span class='ocrx_word' id='word_1_610' title='bbox 3078 1533 3258 1589; x_wconf 90' lang='lat' dir='ltr'><strong>audito</strong></span> <span class='ocrx_word' id='word_1_611' title='bbox 3285 1540 3504 1594; x_wconf 88' lang='lat' dir='ltr'><strong>nomine</strong></span> <span class='ocrx_word' id='word_1_612' title='bbox 3528 1541 3675 1596; x_wconf 88' lang='lat' dir='ltr'><strong>Sauli</strong></span> <span class='ocrx_word' id='word_1_613' title='bbox 3706 1564 3719 1595; x_wconf 84' lang='lat'><strong>-.</strong></span> 
     </span>
    </p>
   </div>
   <div class='ocr_carea' id='block_1_76' title="bbox 2148 1614 3719 1693">
    <p class='ocr_par' dir='ltr' id='par_1_76' title="bbox 2148 1614 3719 1693">
     <span class='ocr_line' id='line_1_76' title="bbox 2148 1614 3719 1693; baseline 0.014 -27"><span class='ocrx_word' id='word_1_614' title='bbox 2148 1614 2444 1681; x_wconf 81' lang='lat' dir='ltr'><strong>trepidabat</strong></span> <span class='ocrx_word' id='word_1_615' title='bbox 2473 1621 2661 1672; x_wconf 81' lang='lat' dir='ltr'><strong>tamam</strong></span> <span class='ocrx_word' id='word_1_616' title='bbox 2690 1619 2797 1686; x_wconf 91' lang='lat' dir='ltr'><strong>lupi</strong></span> <span class='ocrx_word' id='word_1_617' title='bbox 2840 1620 3048 1676; x_wconf 84' lang='lat' dir='ltr'><strong>inﬁrma</strong></span> <span class='ocrx_word' id='word_1_618' title='bbox 3079 1626 3213 1693; x_wconf 86' lang='lat' dir='ltr'><strong>ovis,</strong></span> <span class='ocrx_word' id='word_1_619' title='bbox 3240 1630 3400 1683; x_wconf 89' lang='lat' dir='ltr'><strong>etiam</strong></span> <span class='ocrx_word' id='word_1_620' title='bbox 3431 1633 3532 1686; x_wconf 86' lang='lat' dir='ltr'><strong>sub</strong></span> <span class='ocrx_word' id='word_1_621' title='bbox 3565 1649 3719 1689; x_wconf 83' lang='lat' dir='ltr'><strong>manu</strong></span> 
     </span>
    </p>
   </div>
   <div class='ocr_carea' id='block_1_77' title="bbox 2149 1704 2433 1772">
    <p class='ocr_par' dir='ltr' id='par_1_77' title="bbox 2149 1704 2433 1772">
     <span class='ocr_line' id='line_1_77' title="bbox 2149 1704 2433 1772; baseline 0.007 -17"><span class='ocrx_word' id='word_1_622' title='bbox 2149 1704 2373 1772; x_wconf 88' lang='lat' dir='ltr'><strong>pastoris</strong></span> <span class='ocrx_word' id='word_1_623' title='bbox 2396 1708 2433 1757; x_wconf 78' lang='grc'><strong>⁸.</strong></span> 
     </span>
    </p>
   </div>
   <div class='ocr_carea' id='block_1_78' title="bbox 2216 1792 3722 1882">
    <p class='ocr_par' dir='ltr' id='par_1_78' title="bbox 2216 1792 3722 1882">
     <span class='ocr_line' id='line_1_78' title="bbox 2216 1792 3722 1882; baseline 0.015 -35"><span class='ocrx_word' id='word_1_624' title='bbox 2216 1792 2442 1851; x_wconf 84' lang='lat' dir='ltr'><strong>CAPUT</strong></span> <span class='ocrx_word' id='word_1_625' title='bbox 2469 1796 2662 1850; x_wconf 85' lang='lat' dir='ltr'><strong>VIL—</strong></span> <span class='ocrx_word' id='word_1_626' title='bbox 2688 1800 2742 1854; x_wconf 89' lang='lat'><strong>7.</strong></span> <span class='ocrx_word' id='word_1_627' title='bbox 2761 1800 2955 1857; x_wconf 85' lang='lat' dir='ltr'><strong>Paulus</strong></span> <span class='ocrx_word' id='word_1_628' title='bbox 2971 1813 3016 1857; x_wconf 88' lang='lat' dir='ltr'><strong>et</strong></span> <span class='ocrx_word' id='word_1_629' title='bbox 3039 1802 3220 1861; x_wconf 83' lang='lat' dir='ltr'><strong>Petrus</strong></span> <span class='ocrx_word' id='word_1_630' title='bbox 3240 1825 3333 1876; x_wconf 80' lang='lat' dir='ltr'><strong>pro</strong></span> <span class='ocrx_word' id='word_1_631' title='bbox 3349 1809 3551 1866; x_wconf 69' lang='lat' dir='ltr'><strong>Christo</strong></span> <span class='ocrx_word' id='word_1_632' title='bbox 3572 1818 3722 1882; x_wconf 81' lang='lat' dir='ltr'><strong>passi.</strong></span> 
     </span>
    </p>
   </div>
   <div class='ocr_carea' id='block_1_79' title="bbox 2149 1882 3722 1974">
    <p class='ocr_par' dir='ltr' id='par_1_79' title="bbox 2149 1882 3722 1974">
     <span class='ocr_line' id='line_1_79' title="bbox 2149 1882 3722 1974; baseline 0.015 -38"><span class='ocrx_word' id='word_1_633' title='bbox 2149 1882 2288 1939; x_wconf 90' lang='lat' dir='ltr'><strong>Ecce</strong></span> <span class='ocrx_word' id='word_1_634' title='bbox 2327 1886 2561 1941; x_wconf 88' lang='lat' dir='ltr'><strong>ostendit</strong></span> <span class='ocrx_word' id='word_1_635' title='bbox 2598 1889 2673 1943; x_wconf 83' lang='lat' dir='ltr'><strong>illi</strong></span> <span class='ocrx_word' id='word_1_636' title='bbox 2711 1890 2967 1948; x_wconf 89' lang='lat' dir='ltr'><strong>Dominus</strong></span> <span class='ocrx_word' id='word_1_637' title='bbox 2990 1910 3108 1964; x_wconf 62' lang='lat' dir='ltr'><strong>quas</strong></span> <span class='ocrx_word' id='word_1_638' title='bbox 3141 1897 3287 1952; x_wconf 91' lang='lat' dir='ltr'><strong>illum</strong></span> <span class='ocrx_word' id='word_1_639' title='bbox 3321 1912 3601 1969; x_wconf 85' lang='lat' dir='ltr'><strong>oporteret</strong></span> <span class='ocrx_word' id='word_1_640' title='bbox 3624 1909 3722 1974; x_wconf 82' lang='lat' dir='ltr'><strong>pati</strong></span> 
     </span>
    </p>
   </div>
   <div class='ocr_carea' id='block_1_80' title="bbox 2152 1978 3724 2063">
    <p class='ocr_par' dir='ltr' id='par_1_80' title="bbox 2152 1978 3724 2063">
     <span class='ocr_line' id='line_1_80' title="bbox 2152 1978 3724 2063; baseline 0.015 -36"><span class='ocrx_word' id='word_1_641' title='bbox 2152 1990 2245 2044; x_wconf 91' lang='lat' dir='ltr'><strong>pro</strong></span> <span class='ocrx_word' id='word_1_642' title='bbox 2270 1978 2482 2032; x_wconf 89' lang='lat' dir='ltr'><strong>nomine</strong></span> <span class='ocrx_word' id='word_1_643' title='bbox 2505 1979 2657 2062; x_wconf 42' lang='lat' dir='ltr'><strong>ejus;</strong></span> <span class='ocrx_word' id='word_1_644' title='bbox 2683 1980 2811 2036; x_wconf 85' lang='lat' dir='ltr'><strong>Post</strong></span> <span class='ocrx_word' id='word_1_645' title='bbox 2845 1986 3082 2040; x_wconf 86' lang='lat' dir='ltr'><strong>exercuit</strong></span> <span class='ocrx_word' id='word_1_646' title='bbox 3124 1987 3270 2041; x_wconf 90' lang='lat' dir='ltr'><strong>illum</strong></span> <span class='ocrx_word' id='word_1_647' title='bbox 3297 1990 3349 2044; x_wconf 91' lang='lat' dir='ltr'><strong>in</strong></span> <span class='ocrx_word' id='word_1_648' title='bbox 3378 1991 3585 2048; x_wconf 85' lang='lat' dir='ltr'><strong>labore.</strong></span> <span class='ocrx_word' id='word_1_649' title='bbox 3615 1994 3724 2063; x_wconf 77' lang='lat' dir='ltr'><strong>Ipse</strong></span> 
     </span>
    </p>
   </div>
   <div class='ocr_carea' id='block_1_81' title="bbox 2149 2067 3720 2155">
    <p class='ocr_par' dir='ltr' id='par_1_81' title="bbox 2149 2067 3720 2155">
     <span class='ocr_line' id='line_1_81' title="bbox 2149 2067 3720 2155; baseline 0.015 -37"><span class='ocrx_word' id='word_1_650' title='bbox 2149 2067 2203 2118; x_wconf 91' lang='lat' dir='ltr'><strong>in</strong></span> <span class='ocrx_word' id='word_1_651' title='bbox 2232 2067 2471 2130; x_wconf 85' lang='lat' dir='ltr'><strong>vinculis,</strong></span> <span class='ocrx_word' id='word_1_652' title='bbox 2501 2069 2613 2137; x_wconf 87' lang='lat' dir='ltr'><strong>ipse</strong></span> <span class='ocrx_word' id='word_1_653' title='bbox 2638 2071 2691 2123; x_wconf 91' lang='lat' dir='ltr'><strong>in</strong></span> <span class='ocrx_word' id='word_1_654' title='bbox 2722 2072 2907 2143; x_wconf 84' lang='lat' dir='ltr'><strong>plagis,</strong></span> <span class='ocrx_word' id='word_1_655' title='bbox 2938 2076 3049 2145; x_wconf 85' lang='lat' dir='ltr'><strong>ipse</strong></span> <span class='ocrx_word' id='word_1_656' title='bbox 3078 2077 3130 2130; x_wconf 91' lang='lat' dir='ltr'><strong>in</strong></span> <span class='ocrx_word' id='word_1_657' title='bbox 3166 2083 3484 2149; x_wconf 87' lang='lat' dir='ltr'><strong>carceribus,</strong></span> <span class='ocrx_word' id='word_1_658' title='bbox 3531 2086 3650 2155; x_wconf 83' lang='lat' dir='ltr'><strong>ipse</strong></span> <span class='ocrx_word' id='word_1_659' title='bbox 3676 2090 3720 2143; x_wconf 90' lang='lat' dir='ltr'><strong>in</strong></span> 
     </span>
    </p>
   </div>
   <div class='ocr_carea' id='block_1_82' title="bbox 2150 2157 3726 2248">
    <p class='ocr_par' dir='ltr' id='par_1_82' title="bbox 2150 2157 3726 2248">
     <span class='ocr_line' id='line_1_82' title="bbox 2150 2157 3726 2248; baseline 0.015 -37"><span class='ocrx_word' id='word_1_660' title='bbox 2150 2157 2454 2228; x_wconf 82' lang='lat' dir='ltr'><strong>naufragiis.</strong></span> <span class='ocrx_word' id='word_1_661' title='bbox 2496 2160 2612 2229; x_wconf 90' lang='lat' dir='ltr'><strong>Ipse</strong></span> <span class='ocrx_word' id='word_1_662' title='bbox 2641 2163 2712 2216; x_wconf 92' lang='lat' dir='ltr'><strong>illi</strong></span> <span class='ocrx_word' id='word_1_663' title='bbox 2743 2170 3043 2233; x_wconf 88' lang='lat' dir='ltr'><strong>procuravit</strong></span> <span class='ocrx_word' id='word_1_664' title='bbox 3079 2173 3371 2239; x_wconf 87' lang='lat' dir='ltr'><strong>passionem</strong></span> <span class='ocrx_word' id='word_1_665' title='bbox 3402 2193 3415 2226; x_wconf 90' lang='lat'>:</span> <span class='ocrx_word' id='word_1_666' title='bbox 3446 2176 3566 2246; x_wconf 84' lang='lat' dir='ltr'><strong>ipse</strong></span> <span class='ocrx_word' id='word_1_667' title='bbox 3611 2195 3726 2248; x_wconf 81' lang='lat' dir='ltr'><strong>per-</strong></span> 
     </span>
    </p>
   </div>
   <div class='ocr_carea' id='block_1_83' title="bbox 2150 2248 3723 2335">
    <p class='ocr_par' dir='ltr' id='par_1_83' title="bbox 2150 2248 3723 2335">
     <span class='ocr_line' id='line_1_83' title="bbox 2150 2248 3723 2335; baseline 0.015 -35"><span class='ocrx_word' id='word_1_668' title='bbox 2150 2248 2299 2302; x_wconf 78' lang='lat' dir='ltr'><strong>duxit</strong></span> <span class='ocrx_word' id='word_1_669' title='bbox 2344 2250 2409 2303; x_wconf 90' lang='lat' dir='ltr'><strong>ad</strong></span> <span class='ocrx_word' id='word_1_670' title='bbox 2454 2250 2610 2305; x_wconf 89' lang='lat' dir='ltr'><strong>istum</strong></span> <span class='ocrx_word' id='word_1_671' title='bbox 2653 2253 2811 2308; x_wconf 90' lang='lat' dir='ltr'><strong>diem.</strong></span> <span class='ocrx_word' id='word_1_672' title='bbox 2866 2256 3011 2312; x_wconf 92' lang='lat' dir='ltr'><strong>Unus</strong></span> <span class='ocrx_word' id='word_1_673' title='bbox 3055 2259 3168 2316; x_wconf 88' lang='lat' dir='ltr'><strong>dies</strong></span> <span class='ocrx_word' id='word_1_674' title='bbox 3212 2265 3470 2335; x_wconf 71' lang='lat' dir='ltr'><strong>passionis</strong></span> <span class='ocrx_word' id='word_1_675' title='bbox 3512 2268 3723 2323; x_wconf 79' lang='lat' dir='ltr'><strong>duobus</strong></span> 
     </span>
    </p>
   </div>
   <div class='ocr_carea' id='block_1_84' title="bbox 2148 2341 3721 2428">
    <p class='ocr_par' dir='ltr' id='par_1_84' title="bbox 2148 2341 3721 2428">
     <span class='ocr_line' id='line_1_84' title="bbox 2148 2341 3721 2428; baseline 0.014 -37"><span class='ocrx_word' id='word_1_676' title='bbox 2148 2341 2437 2407; x_wconf 82' lang='lat' dir='ltr'><strong>Apostolis.</strong></span> <span class='ocrx_word' id='word_1_677' title='bbox 2490 2342 2592 2397; x_wconf 86' lang='lat' dir='ltr'><strong>Sed</strong></span> <span class='ocrx_word' id='word_1_678' title='bbox 2639 2354 2691 2399; x_wconf 91' lang='lat' dir='ltr'><strong>et</strong></span> <span class='ocrx_word' id='word_1_679' title='bbox 2730 2346 2804 2399; x_wconf 88' lang='lat' dir='ltr'><strong>illi</strong></span> <span class='ocrx_word' id='word_1_680' title='bbox 2844 2347 2952 2403; x_wconf 92' lang='lat' dir='ltr'><strong>duo</strong></span> <span class='ocrx_word' id='word_1_681' title='bbox 2991 2365 3152 2405; x_wconf 88' lang='lat' dir='ltr'><strong>unum</strong></span> <span class='ocrx_word' id='word_1_682' title='bbox 3194 2364 3347 2407; x_wconf 87' lang='lat' dir='ltr'><strong>erant</strong></span> <span class='ocrx_word' id='word_1_683' title='bbox 3378 2373 3390 2407; x_wconf 89' lang='lat'><strong>:</strong></span> <span class='ocrx_word' id='word_1_684' title='bbox 3418 2372 3721 2428; x_wconf 87' lang='lat' dir='ltr'><strong>quanquam</strong></span> 
     </span>
    </p>
   </div>
   <div class='ocr_carea' id='block_1_85' title="bbox 2147 2429 3724 2505">
    <p class='ocr_par' dir='ltr' id='par_1_85' title="bbox 2147 2429 3724 2505">
     <span class='ocr_line' id='line_1_85' title="bbox 2147 2429 3724 2505; baseline 0.015 -24"><span class='ocrx_word' id='word_1_685' title='bbox 2147 2429 2372 2487; x_wconf 83' lang='lat' dir='ltr'><strong>diversis</strong></span> <span class='ocrx_word' id='word_1_686' title='bbox 2413 2433 2601 2490; x_wconf 85' lang='lat' dir='ltr'><strong>diebus</strong></span> <span class='ocrx_word' id='word_1_687' title='bbox 2644 2447 2964 2505; x_wconf 90' lang='lat' dir='ltr'><strong>paterentur,</strong></span> <span class='ocrx_word' id='word_1_688' title='bbox 3016 2457 3177 2497; x_wconf 91' lang='lat' dir='ltr'><strong>unum</strong></span> <span class='ocrx_word' id='word_1_689' title='bbox 3234 2456 3404 2500; x_wconf 88' lang='lat' dir='ltr'><strong>erant.</strong></span> <span class='ocrx_word' id='word_1_690' title='bbox 3449 2448 3724 2504; x_wconf 69' lang='lat' dir='ltr'><strong>Prmssit</strong></span> 
     </span>
    </p>
   </div>
   <div class='ocr_carea' id='block_1_86' title="bbox 2149 2519 3721 2607">
    <p class='ocr_par' dir='ltr' id='par_1_86' title="bbox 2149 2519 3721 2607">
     <span class='ocr_line' id='line_1_86' title="bbox 2149 2519 3721 2607; baseline 0.015 -36"><span class='ocrx_word' id='word_1_691' title='bbox 2149 2519 2355 2582; x_wconf 86' lang='lat' dir='ltr'><strong>Petrus.</strong></span> <span class='ocrx_word' id='word_1_692' title='bbox 2408 2534 2620 2579; x_wconf 85' lang='lat' dir='ltr'><strong>secutus</strong></span> <span class='ocrx_word' id='word_1_693' title='bbox 2668 2538 2749 2581; x_wconf 88' lang='lat' dir='ltr'><strong>est</strong></span> <span class='ocrx_word' id='word_1_694' title='bbox 2797 2528 3008 2585; x_wconf 90' lang='lat' dir='ltr'><strong>Paulus.</strong></span> <span class='ocrx_word' id='word_1_695' title='bbox 3056 2533 3231 2588; x_wconf 88' lang='lat' dir='ltr'><strong>Primo</strong></span> <span class='ocrx_word' id='word_1_696' title='bbox 3277 2535 3496 2603; x_wconf 84' lang='lat' dir='ltr'><strong>Saulus,</strong></span> <span class='ocrx_word' id='word_1_697' title='bbox 3544 2549 3721 2607; x_wconf 81' lang='lat' dir='ltr'><strong>postea</strong></span> 
     </span>
    </p>
   </div>
   <div class='ocr_carea' id='block_1_87' title="bbox 2150 2608 3724 2690">
    <p class='ocr_par' dir='ltr' id='par_1_87' title="bbox 2150 2608 3724 2690">
     <span class='ocr_line' id='line_1_87' title="bbox 2150 2608 3724 2690; baseline 0.013 -27"><span class='ocrx_word' id='word_1_698' title='bbox 2150 2608 2340 2663; x_wconf 76' lang='lat' dir='ltr'><strong>Paulus</strong></span> <span class='ocrx_word' id='word_1_699' title='bbox 2365 2629 2377 2663; x_wconf 90' lang='lat'>:</span> <span class='ocrx_word' id='word_1_700' title='bbox 2409 2614 2528 2681; x_wconf 92' lang='lat' dir='ltr'><strong>quia</strong></span> <span class='ocrx_word' id='word_1_701' title='bbox 2557 2616 2725 2682; x_wconf 90' lang='lat' dir='ltr'><strong>primo</strong></span> <span class='ocrx_word' id='word_1_702' title='bbox 2748 2619 3027 2686; x_wconf 87' lang='lat' dir='ltr'><strong>superbus,</strong></span> <span class='ocrx_word' id='word_1_703' title='bbox 3058 2632 3239 2690; x_wconf 86' lang='lat' dir='ltr'><strong>postea</strong></span> <span class='ocrx_word' id='word_1_704' title='bbox 3267 2624 3503 2680; x_wconf 90' lang='lat' dir='ltr'><strong>humilis.</strong></span> <span class='ocrx_word' id='word_1_705' title='bbox 3537 2630 3724 2683; x_wconf 72' lang='lat' dir='ltr'><strong>Saulus</strong></span> 
     </span>
    </p>
   </div>
   <div class='ocr_carea' id='block_1_88' title="bbox 2148 2702 3724 2790">
    <p class='ocr_par' dir='ltr' id='par_1_88' title="bbox 2148 2702 3724 2790">
     <span class='ocr_line' id='line_1_88' title="bbox 2148 2702 3724 2790; baseline 0.015 -36"><span class='ocrx_word' id='word_1_706' title='bbox 2148 2717 2177 2754; x_wconf 89' lang='lat' dir='ltr'><strong>a</strong></span> <span class='ocrx_word' id='word_1_707' title='bbox 2208 2702 2364 2757; x_wconf 78' lang='lat' dir='ltr'><strong>Sahle</strong></span> <span class='ocrx_word' id='word_1_708' title='bbox 2392 2708 2558 2761; x_wconf 89' lang='lat' dir='ltr'><strong>sancti</strong></span> <span class='ocrx_word' id='word_1_709' title='bbox 2591 2708 2750 2762; x_wconf 86' lang='lat' dir='ltr'><strong>David</strong></span> <span class='ocrx_word' id='word_1_710' title='bbox 2781 2721 3137 2778; x_wconf 86' lang='lat' dir='ltr'><strong>persecutore.</strong></span> <span class='ocrx_word' id='word_1_711' title='bbox 3165 2715 3411 2785; x_wconf 78' lang='lat' dir='ltr'><strong>Dejectus</strong></span> <span class='ocrx_word' id='word_1_712' title='bbox 3431 2730 3517 2774; x_wconf 88' lang='lat' dir='ltr'><strong>est</strong></span> <span class='ocrx_word' id='word_1_713' title='bbox 3541 2736 3724 2790; x_wconf 85' lang='lat' dir='ltr'><strong>perse-</strong></span> 
     </span>
    </p>
   </div>
   <div class='ocr_carea' id='block_1_89' title="bbox 2146 2799 3725 2879">
    <p class='ocr_par' dir='ltr' id='par_1_89' title="bbox 2146 2799 3725 2879">
     <span class='ocr_line' id='line_1_89' title="bbox 2146 2799 3725 2879; baseline 0.015 -36"><span class='ocrx_word' id='word_1_714' title='bbox 2146 2799 2319 2858; x_wconf 86' lang='lat' dir='ltr'><strong>cutor,</strong></span> <span class='ocrx_word' id='word_1_715' title='bbox 2341 2805 2549 2849; x_wconf 88' lang='lat' dir='ltr'><strong>erectus</strong></span> <span class='ocrx_word' id='word_1_716' title='bbox 2570 2806 2650 2851; x_wconf 90' lang='lat' dir='ltr'><strong>est</strong></span> <span class='ocrx_word' id='word_1_717' title='bbox 2678 2800 3006 2865; x_wconf 48' lang='lat' dir='ltr'><strong>praedicator.</strong></span> <span class='ocrx_word' id='word_1_718' title='bbox 3044 2803 3262 2858; x_wconf 73' lang='lat' dir='ltr'><strong>Mutavit</strong></span> <span class='ocrx_word' id='word_1_719' title='bbox 3288 2823 3483 2863; x_wconf 88' lang='lat' dir='ltr'><strong>nomen</strong></span> <span class='ocrx_word' id='word_1_720' title='bbox 3510 2814 3725 2879; x_wconf 80' lang='lat' dir='ltr'><strong>superbi</strong></span> 
     </span>
    </p>
   </div>
   <div class='ocr_carea' id='block_1_90' title="bbox 2146 2882 3724 2954">
    <p class='ocr_par' dir='ltr' id='par_1_90' title="bbox 2146 2882 3724 2954">
     <span class='ocr_line' id='line_1_90' title="bbox 2146 2882 3724 2954; baseline 0.015 -22"><span class='ocrx_word' id='word_1_721' title='bbox 2146 2882 2211 2933; x_wconf 89' lang='lat' dir='ltr'><strong>ad</strong></span> <span class='ocrx_word' id='word_1_722' title='bbox 2262 2882 2628 2939; x_wconf 86' lang='lat' dir='ltr'><strong>humilitatem.</strong></span> <span class='ocrx_word' id='word_1_723' title='bbox 2677 2888 2867 2943; x_wconf 89' lang='lat' dir='ltr'><strong>Paulus</strong></span> <span class='ocrx_word' id='word_1_724' title='bbox 2914 2893 3054 2944; x_wconf 87' lang='lat' dir='ltr'><strong>cnim</strong></span> <span class='ocrx_word' id='word_1_725' title='bbox 3102 2894 3340 2950; x_wconf 88' lang='lat' dir='ltr'><strong>modicus</strong></span> <span class='ocrx_word' id='word_1_726' title='bbox 3386 2908 3491 2952; x_wconf 89' lang='lat' dir='ltr'><strong>est.</strong></span> <span class='ocrx_word' id='word_1_727' title='bbox 3557 2900 3724 2954; x_wconf 67' lang='lat' dir='ltr'><strong>Verba</strong></span> 
     </span>
    </p>
   </div>
   <div class='ocr_carea' id='block_1_91' title="bbox 2147 2964 3721 3054">
    <p class='ocr_par' dir='ltr' id='par_1_91' title="bbox 2147 2964 3721 3054">
     <span class='ocr_line' id='line_1_91' title="bbox 2147 2964 3721 3054; baseline 0.015 -32"><span class='ocrx_word' id='word_1_728' title='bbox 2147 2964 2319 3025; x_wconf 81' lang='lat' dir='ltr'><strong>videte</strong></span> <span class='ocrx_word' id='word_1_729' title='bbox 2356 2974 2637 3029; x_wconf 82' lang='lat' dir='ltr'><strong>Charitatis</strong></span> <span class='ocrx_word' id='word_1_730' title='bbox 2684 2989 2875 3034; x_wconf 66' lang='lat' dir='ltr'><strong>vestrm</strong></span> <span class='ocrx_word' id='word_1_731' title='bbox 2917 3001 2930 3035; x_wconf 91' lang='lat'>:</span> <span class='ocrx_word' id='word_1_732' title='bbox 2971 2998 3145 3038; x_wconf 85' lang='lat' dir='ltr'><strong>nonne</strong></span> <span class='ocrx_word' id='word_1_733' title='bbox 3191 2988 3425 3054; x_wconf 86' lang='lat' dir='ltr'><strong>quotidie</strong></span> <span class='ocrx_word' id='word_1_734' title='bbox 3473 2991 3721 3052; x_wconf 83' lang='lat' dir='ltr'><strong>dicimus,</strong></span> 
     </span>
    </p>
   </div>
   <div class='ocr_carea' id='block_1_92' title="bbox 2146 3058 3724 3144">
    <p class='ocr_par' dir='ltr' id='par_1_92' title="bbox 2146 3058 3724 3144">
     <span class='ocr_line' id='line_1_92' title="bbox 2146 3058 3724 3144; baseline 0.015 -31"><span class='ocrx_word' id='word_1_735' title='bbox 2146 3058 2274 3115; x_wconf 83' lang='lat' dir='ltr'><strong>Post</strong></span> <span class='ocrx_word' id='word_1_736' title='bbox 2313 3064 2578 3130; x_wconf 89' lang='lat' dir='ltr'><strong>paululum</strong></span> <span class='ocrx_word' id='word_1_737' title='bbox 2612 3068 2801 3122; x_wconf 79' lang='lat' dir='ltr'><strong>videbo</strong></span> <span class='ocrx_word' id='word_1_738' title='bbox 2834 3080 2901 3133; x_wconf 87' lang='lat' dir='ltr'><strong>le,</strong></span> <span class='ocrx_word' id='word_1_739' title='bbox 2942 3074 3098 3141; x_wconf 88' lang='lat' dir='ltr'><strong>paulo</strong></span> <span class='ocrx_word' id='word_1_740' title='bbox 3133 3088 3250 3144; x_wconf 86' lang='lat' dir='ltr'><strong>post</strong></span> <span class='ocrx_word' id='word_1_741' title='bbox 3286 3079 3472 3133; x_wconf 81' lang='lat' dir='ltr'><strong>faciant</strong></span> <span class='ocrx_word' id='word_1_742' title='bbox 3505 3081 3609 3137; x_wconf 82' lang='lat' dir='ltr'><strong>huc</strong></span> <span class='ocrx_word' id='word_1_743' title='bbox 3640 3096 3724 3137; x_wconf 75' lang='lat' dir='ltr'><strong>aut</strong></span> 
     </span>
    </p>
   </div>
   <div class='ocr_carea' id='block_1_93' title="bbox 2147 3151 3725 3246">
    <p class='ocr_par' dir='ltr' id='par_1_93' title="bbox 2147 3151 3725 3246">
     <span class='ocr_line' id='line_1_93' title="bbox 2147 3151 3725 3246; baseline 0.016 -43"><span class='ocrx_word' id='word_1_744' title='bbox 2147 3151 2310 3206; x_wconf 85' lang='lat' dir='ltr'><strong>illud?</strong></span> <span class='ocrx_word' id='word_1_745' title='bbox 2340 3154 2476 3223; x_wconf 83' lang='lat' dir='ltr'><strong>Ergo</strong></span> <span class='ocrx_word' id='word_1_746' title='bbox 2504 3158 2629 3226; x_wconf 91' lang='lat' dir='ltr'><strong>quid</strong></span> <span class='ocrx_word' id='word_1_747' title='bbox 2666 3168 2749 3213; x_wconf 90' lang='lat' dir='ltr'><strong>est</strong></span> <span class='ocrx_word' id='word_1_748' title='bbox 2791 3161 3028 3217; x_wconf 84' lang='lat' dir='ltr'><strong>Paulus?</strong></span> <span class='ocrx_word' id='word_1_749' title='bbox 3068 3164 3241 3234; x_wconf 90' lang='lat' dir='ltr'><strong>Ipsum</strong></span> <span class='ocrx_word' id='word_1_750' title='bbox 3288 3169 3578 3239; x_wconf 79' lang='lat' dir='ltr'><strong>interroga.</strong></span> <span class='ocrx_word' id='word_1_751' title='bbox 3620 3175 3725 3246; x_wconf 79' lang='lat' dir='ltr'><strong>Ego</strong></span> 
     </span>
    </p>
   </div>
   <div class='ocr_carea' id='block_1_94' title="bbox 2146 3246 3593 3337">
    <p class='ocr_par' dir='ltr' id='par_1_94' title="bbox 2146 3246 3593 3337">
     <span class='ocr_line' id='line_1_94' title="bbox 2146 3246 3593 3337; baseline 0.017 -43"><span class='ocrx_word' id='word_1_752' title='bbox 2146 3260 2276 3307; x_wconf 88' lang='lat' dir='ltr'><strong>sum,</strong></span> <span class='ocrx_word' id='word_1_753' title='bbox 2306 3246 2489 3315; x_wconf 87' lang='lat' dir='ltr'><strong>inquit,</strong></span> <span class='ocrx_word' id='word_1_754' title='bbox 2524 3251 2758 3304; x_wconf 87' lang='lat' dir='ltr'><strong>minimus</strong></span> <span class='ocrx_word' id='word_1_755' title='bbox 2787 3256 3142 3323; x_wconf 81' lang='lat' dir='ltr'><strong>Apostolorum</strong></span> <span class='ocrx_word' id='word_1_756' title='bbox 3171 3260 3211 3331; x_wconf 90' lang='lat' dir='ltr'><strong>(I</strong></span> <span class='ocrx_word' id='word_1_757' title='bbox 3240 3261 3357 3314; x_wconf 85' lang='lat' dir='ltr'><strong>Cor.</strong></span> <span class='ocrx_word' id='word_1_758' title='bbox 3390 3280 3481 3330; x_wconf 75' lang='lat' dir='ltr'><strong>xv,</strong></span> <span class='ocrx_word' id='word_1_759' title='bbox 3515 3267 3593 3337; x_wconf 85' lang='lat'><strong>9).</strong></span> 
     </span>
    </p>
   </div>
   <div class='ocr_carea' id='block_1_95' title="bbox 2210 3334 3722 3427">
    <p class='ocr_par' dir='ltr' id='par_1_95' title="bbox 2210 3334 3722 3427">
     <span class='ocr_line' id='line_1_95' title="bbox 2210 3334 3722 3427; baseline 0.015 -34"><span class='ocrx_word' id='word_1_760' title='bbox 2210 3334 2438 3393; x_wconf 84' lang='lat' dir='ltr'><strong>.CAPUT</strong></span> <span class='ocrx_word' id='word_1_761' title='bbox 2477 3340 2603 3395; x_wconf 86' lang='lat' dir='ltr'><strong>VIII.</strong></span> <span class='ocrx_word' id='word_1_762' title='bbox 2625 3373 2696 3384; x_wconf 90' lang='lat'><strong>—-</strong></span> <span class='ocrx_word' id='word_1_763' title='bbox 2719 3346 2771 3399; x_wconf 89' lang='lat'><strong>8.</strong></span> <span class='ocrx_word' id='word_1_764' title='bbox 2804 3345 2925 3402; x_wconf 89' lang='lat' dir='ltr'><strong>Dies</strong></span> <span class='ocrx_word' id='word_1_765' title='bbox 2953 3361 3226 3421; x_wconf 83' lang='lat' dir='ltr'><strong>martyrum</strong></span> <span class='ocrx_word' id='word_1_766' title='bbox 3251 3355 3364 3410; x_wconf 80' lang='lat' dir='ltr'><strong>ideo</strong></span> <span class='ocrx_word' id='word_1_767' title='bbox 3391 3334 3722 3427; x_wconf 74' lang='lat' dir='ltr'><strong>celebrantur,</strong></span> 
     </span>
    </p>
   </div>
   <div class='ocr_carea' id='block_1_96' title="bbox 2146 3432 3722 3522">
    <p class='ocr_par' dir='ltr' id='par_1_96' title="bbox 2146 3432 3722 3522">
     <span class='ocr_line' id='line_1_96' title="bbox 2146 3432 3722 3522; baseline 0.018 -42"><span class='ocrx_word' id='word_1_768' title='bbox 2146 3439 2200 3481; x_wconf 90' lang='lat' dir='ltr'><strong>ut</strong></span> <span class='ocrx_word' id='word_1_769' title='bbox 2225 3446 2307 3483; x_wconf 91' lang='lat' dir='ltr'><strong>eos</strong></span> <span class='ocrx_word' id='word_1_770' title='bbox 2328 3432 2514 3487; x_wconf 86' lang='lat' dir='ltr'><strong>imitari</strong></span> <span class='ocrx_word' id='word_1_771' title='bbox 2547 3437 2768 3491; x_wconf 83' lang='lat' dir='ltr'><strong>delectet.</strong></span> <span class='ocrx_word' id='word_1_772' title='bbox 2797 3440 3139 3497; x_wconf 82' lang='lat' dir='ltr'><strong>Celebramus</strong></span> <span class='ocrx_word' id='word_1_773' title='bbox 3166 3447 3302 3501; x_wconf 88' lang='lat' dir='ltr'><strong>diem</strong></span> <span class='ocrx_word' id='word_1_774' title='bbox 3338 3449 3556 3517; x_wconf 79' lang='lat' dir='ltr'><strong>festum,</strong></span> <span class='ocrx_word' id='word_1_775' title='bbox 3583 3455 3722 3522; x_wconf 80' lang='lat' dir='ltr'><strong>Apo—</strong></span> 
     </span>
    </p>
   </div>
   <div class='ocr_carea' id='block_1_97' title="bbox 2146 3520 3718 3606">
    <p class='ocr_par' dir='ltr' id='par_1_97' title="bbox 2146 3520 3718 3606">
     <span class='ocr_line' id='line_1_97' title="bbox 2146 3520 3718 3606; baseline 0.018 -35"><span class='ocrx_word' id='word_1_776' title='bbox 2146 3520 2398 3575; x_wconf 85' lang='lat' dir='ltr'><strong>stolorum</strong></span> <span class='ocrx_word' id='word_1_777' title='bbox 2422 3525 2571 3580; x_wconf 89' lang='lat' dir='ltr'><strong>nobis</strong></span> <span class='ocrx_word' id='word_1_778' title='bbox 2588 3531 2841 3596; x_wconf 85' lang='lat' dir='ltr'><strong>sanguine</strong></span> <span class='ocrx_word' id='word_1_779' title='bbox 2861 3545 3244 3590; x_wconf 74' lang='lat' dir='ltr'><strong>Consecratum.</strong></span> <span class='ocrx_word' id='word_1_780' title='bbox 3266 3541 3527 3597; x_wconf 84' lang='lat' dir='ltr'><strong>Amemus</strong></span> <span class='ocrx_word' id='word_1_781' title='bbox 3546 3520 3718 3606; x_wconf 83' lang='lat' dir='ltr'><strong>Iidem,</strong></span> 
     </span>
    </p>
   </div>
   <div class='ocr_carea' id='block_1_98' title="bbox 2146 3612 3725 3701">
    <p class='ocr_par' dir='ltr' id='par_1_98' title="bbox 2146 3612 3725 3701">
     <span class='ocr_line' id='line_1_98' title="bbox 2146 3612 3725 3701; baseline 0.018 -38"><span class='ocrx_word' id='word_1_782' title='bbox 2146 3612 2326 3676; x_wconf 85' lang='lat' dir='ltr'><strong>vitam,</strong></span> <span class='ocrx_word' id='word_1_783' title='bbox 2361 3615 2586 3677; x_wconf 87' lang='lat' dir='ltr'><strong>labores,</strong></span> <span class='ocrx_word' id='word_1_784' title='bbox 2632 3621 2925 3689; x_wconf 87' lang='lat' dir='ltr'><strong>passiones,</strong></span> <span class='ocrx_word' id='word_1_785' title='bbox 2969 3627 3349 3691; x_wconf 78' lang='lat' dir='ltr'><strong>confessiones,</strong></span> <span class='ocrx_word' id='word_1_786' title='bbox 3391 3636 3725 3701; x_wconf 67' lang='lat' dir='ltr'><strong>pra-diemin-</strong></span> 
     </span>
    </p>
   </div>
   <div class='ocr_carea' id='block_1_99' title="bbox 2146 3705 3723 3793">
    <p class='ocr_par' dir='ltr' id='par_1_99' title="bbox 2146 3705 3723 3793">
     <span class='ocr_line' id='line_1_99' title="bbox 2146 3705 3723 3793; baseline 0.016 -38"><span class='ocrx_word' id='word_1_787' title='bbox 2146 3718 2260 3757; x_wconf 90' lang='lat' dir='ltr'><strong>nes.</strong></span> <span class='ocrx_word' id='word_1_788' title='bbox 2289 3705 2601 3763; x_wconf 81' lang='lat' dir='ltr'><strong>Proﬁciinus</strong></span> <span class='ocrx_word' id='word_1_789' title='bbox 2636 3713 2777 3766; x_wconf 89' lang='lat' dir='ltr'><strong>enim</strong></span> <span class='ocrx_word' id='word_1_790' title='bbox 2803 3716 3064 3782; x_wconf 89' lang='lat' dir='ltr'><strong>amando;</strong></span> <span class='ocrx_word' id='word_1_791' title='bbox 3099 3735 3200 3773; x_wconf 90' lang='lat' dir='ltr'><strong>non</strong></span> <span class='ocrx_word' id='word_1_792' title='bbox 3228 3721 3322 3774; x_wconf 88' lang='lat' dir='ltr'><strong>ista</strong></span> <span class='ocrx_word' id='word_1_793' title='bbox 3362 3736 3587 3793; x_wconf 84' lang='lat' dir='ltr'><strong>propter</strong></span> <span class='ocrx_word' id='word_1_794' title='bbox 3611 3744 3723 3781; x_wconf 77' lang='lat' dir='ltr'><strong>car-</strong></span> 
     </span>
    </p>
   </div>
   <div class='ocr_carea' id='block_1_100' title="bbox 2145 3795 3723 3881">
    <p class='ocr_par' dir='ltr' id='par_1_100' title="bbox 2145 3795 3723 3881">
     <span class='ocr_line' id='line_1_100' title="bbox 2145 3795 3723 3881; baseline 0.016 -34"><span class='ocrx_word' id='word_1_795' title='bbox 2145 3795 2317 3850; x_wconf 87' lang='lat' dir='ltr'><strong>nalem</strong></span> <span class='ocrx_word' id='word_1_796' title='bbox 2359 3798 2590 3854; x_wconf 76' lang='lat' dir='ltr'><strong>Izutitiam</strong></span> <span class='ocrx_word' id='word_1_797' title='bbox 2634 3804 2972 3860; x_wconf 86' lang='lat' dir='ltr'><strong>celebrando.</strong></span> <span class='ocrx_word' id='word_1_798' title='bbox 3012 3809 3266 3881; x_wconf 75' lang='lat' dir='ltr'><strong>Martyres</strong></span> <span class='ocrx_word' id='word_1_799' title='bbox 3311 3816 3456 3869; x_wconf 83' lang='lat' dir='ltr'><strong>enim</strong></span> <span class='ocrx_word' id='word_1_800' title='bbox 3498 3832 3528 3869; x_wconf 91' lang='lat' dir='ltr'><strong>a</strong></span> <span class='ocrx_word' id='word_1_801' title='bbox 3574 3820 3723 3872; x_wconf 69' lang='lat' dir='ltr'><strong>nutus</strong></span> 
     </span>
    </p>
   </div>
   <div class='ocr_carea' id='block_1_101' title="bbox 2143 3888 3721 3964">
    <p class='ocr_par' dir='ltr' id='par_1_101' title="bbox 2143 3888 3721 3964">
     <span class='ocr_line' id='line_1_101' title="bbox 2143 3888 3721 3964; baseline 0.016 -26"><span class='ocrx_word' id='word_1_802' title='bbox 2143 3888 2267 3956; x_wconf 86' lang='lat' dir='ltr'><strong>quid</strong></span> <span class='ocrx_word' id='word_1_803' title='bbox 2298 3893 2582 3958; x_wconf 68' lang='lat' dir='ltr'><strong>quaerunt?</strong></span> <span class='ocrx_word' id='word_1_804' title='bbox 2611 3894 2781 3948; x_wconf 81' lang='lat' dir='ltr'><strong>Minus</strong></span> <span class='ocrx_word' id='word_1_805' title='bbox 2811 3898 3028 3964; x_wconf 83' lang='lat' dir='ltr'><strong>habent,</strong></span> <span class='ocrx_word' id='word_1_806' title='bbox 3057 3902 3107 3955; x_wconf 88' lang='lat' dir='ltr'><strong>si</strong></span> <span class='ocrx_word' id='word_1_807' title='bbox 3134 3902 3305 3957; x_wconf 88' lang='lat' dir='ltr'><strong>adhuc</strong></span> <span class='ocrx_word' id='word_1_808' title='bbox 3332 3904 3519 3961; x_wconf 84' lang='lat' dir='ltr'><strong>Iaudes</strong></span> <span class='ocrx_word' id='word_1_809' title='bbox 3550 3909 3721 3962; x_wconf 82' lang='lat' dir='ltr'><strong>homi-</strong></span> 
     </span>
    </p>
   </div>
   <div class='ocr_carea' id='block_1_102' title="bbox 2142 3983 3719 4067">
    <p class='ocr_par' dir='ltr' id='par_1_102' title="bbox 2142 3983 3719 4067">
     <span class='ocr_line' id='line_1_102' title="bbox 2142 3983 3719 4067; baseline 0.013 -36"><span class='ocrx_word' id='word_1_810' title='bbox 2142 3994 2268 4031; x_wconf 88' lang='lat' dir='ltr'><strong>num</strong></span> <span class='ocrx_word' id='word_1_811' title='bbox 2314 3992 2576 4049; x_wconf 80' lang='lat' dir='ltr'><strong>qnmrunt.</strong></span> <span class='ocrx_word' id='word_1_812' title='bbox 2628 3983 2681 4037; x_wconf 92' lang='lat' dir='ltr'><strong>Si</strong></span> <span class='ocrx_word' id='word_1_813' title='bbox 2715 3985 2889 4041; x_wconf 89' lang='lat' dir='ltr'><strong>adhuc</strong></span> <span class='ocrx_word' id='word_1_814' title='bbox 2930 3989 3109 4045; x_wconf 81' lang='lat' dir='ltr'><strong>laudes</strong></span> <span class='ocrx_word' id='word_1_815' title='bbox 3156 3993 3429 4048; x_wconf 89' lang='lat' dir='ltr'><strong>hominum</strong></span> <span class='ocrx_word' id='word_1_816' title='bbox 3458 4012 3719 4067; x_wconf 72' lang='lat' dir='ltr'><strong>qttzrrtmt,</strong></span> 
     </span>
    </p>
   </div>
   <div class='ocr_carea' id='block_1_103' title="bbox 2142 4068 3724 4158">
    <p class='ocr_par' dir='ltr' id='par_1_103' title="bbox 2142 4068 3724 4158">
     <span class='ocr_line' id='line_1_103' title="bbox 2142 4068 3724 4158; baseline 0.012 -37"><span class='ocrx_word' id='word_1_817' title='bbox 2142 4068 2377 4123; x_wconf 89' lang='lat' dir='ltr'><strong>nondum</strong></span> <span class='ocrx_word' id='word_1_818' title='bbox 2408 4072 2644 4126; x_wconf 84' lang='lat' dir='ltr'><strong>vicerunt</strong></span> <span class='ocrx_word' id='word_1_819' title='bbox 2674 4076 2713 4126; x_wconf 81' lang='lat'><strong>&#39;.</strong></span> <span class='ocrx_word' id='word_1_820' title='bbox 2745 4074 2800 4130; x_wconf 91' lang='lat' dir='ltr'><strong>Si</strong></span> <span class='ocrx_word' id='word_1_821' title='bbox 2830 4089 3003 4133; x_wconf 86' lang='lat' dir='ltr'><strong>autem</strong></span> <span class='ocrx_word' id='word_1_822' title='bbox 3041 4081 3298 4144; x_wconf 73' lang='lat' dir='ltr'><strong>vicerunt,</strong></span> <span class='ocrx_word' id='word_1_823' title='bbox 3327 4100 3357 4137; x_wconf 86' lang='lat' dir='ltr'><strong>a</strong></span> <span class='ocrx_word' id='word_1_824' title='bbox 3404 4088 3561 4142; x_wconf 86' lang='lat' dir='ltr'><strong>nobis</strong></span> <span class='ocrx_word' id='word_1_825' title='bbox 3602 4107 3724 4158; x_wconf 80' lang='lat' dir='ltr'><strong>pru-</strong></span> 
     </span>
    </p>
   </div>
   <div class='ocr_carea' id='block_1_104' title="bbox 2143 4162 3727 4248">
    <p class='ocr_par' dir='ltr' id='par_1_104' title="bbox 2143 4162 3727 4248">
     <span class='ocr_line' id='line_1_104' title="bbox 2143 4162 3727 4248; baseline 0.014 -39"><span class='ocrx_word' id='word_1_826' title='bbox 2143 4166 2258 4226; x_wconf 90' lang='lat' dir='ltr'><strong>pter</strong></span> <span class='ocrx_word' id='word_1_827' title='bbox 2303 4176 2362 4215; x_wconf 90' lang='lat' dir='ltr'><strong>se</strong></span> <span class='ocrx_word' id='word_1_828' title='bbox 2409 4162 2537 4215; x_wconf 89' lang='lat' dir='ltr'><strong>nihil</strong></span> <span class='ocrx_word' id='word_1_829' title='bbox 2582 4176 2857 4233; x_wconf 72' lang='lat' dir='ltr'><strong>qumrnnt;</strong></span> <span class='ocrx_word' id='word_1_830' title='bbox 2907 4168 2999 4222; x_wconf 82' lang='lat' dir='ltr'><strong>sed</strong></span> <span class='ocrx_word' id='word_1_831' title='bbox 3047 4182 3261 4238; x_wconf 76' lang='lat' dir='ltr'><strong>propter</strong></span> <span class='ocrx_word' id='word_1_832' title='bbox 3290 4190 3387 4229; x_wconf 78' lang='lat' dir='ltr'><strong>nos</strong></span> <span class='ocrx_word' id='word_1_833' title='bbox 3415 4177 3560 4243; x_wconf 88' lang='lat' dir='ltr'><strong>ipsos</strong></span> <span class='ocrx_word' id='word_1_834' title='bbox 3584 4197 3727 4248; x_wconf 64' lang='lat' dir='ltr'><strong>qum-</strong></span> 
     </span>
    </p>
   </div>
   <div class='ocr_carea' id='block_1_105' title="bbox 2142 4253 3721 4334">
    <p class='ocr_par' dir='ltr' id='par_1_105' title="bbox 2142 4253 3721 4334">
     <span class='ocr_line' id='line_1_105' title="bbox 2142 4253 3721 4334; baseline 0.015 -32"><span class='ocrx_word' id='word_1_835' title='bbox 2142 4260 2282 4303; x_wconf 87' lang='lat' dir='ltr'><strong>rnnt.</strong></span> <span class='ocrx_word' id='word_1_836' title='bbox 2315 4253 2576 4323; x_wconf 82' lang='lat' dir='ltr'><strong>Dirigatur</strong></span> <span class='ocrx_word' id='word_1_837' title='bbox 2603 4273 2729 4327; x_wconf 82' lang='lat' dir='ltr'><strong>ergo</strong></span> <span class='ocrx_word' id='word_1_838' title='bbox 2757 4259 2837 4312; x_wconf 88' lang='lat' dir='ltr'><strong>via</strong></span> <span class='ocrx_word' id='word_1_839' title='bbox 2864 4272 3044 4315; x_wconf 75' lang='lat' dir='ltr'><strong>nostra</strong></span> <span class='ocrx_word' id='word_1_840' title='bbox 3085 4262 3136 4316; x_wconf 89' lang='lat' dir='ltr'><strong>in</strong></span> <span class='ocrx_word' id='word_1_841' title='bbox 3175 4278 3468 4334; x_wconf 84' lang='lat' dir='ltr'><strong>conspectu</strong></span> <span class='ocrx_word' id='word_1_842' title='bbox 3494 4270 3721 4325; x_wconf 80' lang='lat' dir='ltr'><strong>Domini.</strong></span> 
     </span>
    </p>
   </div>
   <div class='ocr_carea' id='block_1_106' title="bbox 2139 4341 3726 4428">
    <p class='ocr_par' dir='ltr' id='par_1_106' title="bbox 2139 4341 3726 4428">
     <span class='ocr_line' id='line_1_106' title="bbox 2139 4341 3726 4428; baseline 0.014 -36"><span class='ocrx_word' id='word_1_843' title='bbox 2139 4341 2296 4394; x_wconf 84' lang='lat' dir='ltr'><strong>Arcta</strong></span> <span class='ocrx_word' id='word_1_844' title='bbox 2333 4354 2466 4407; x_wconf 87' lang='lat' dir='ltr'><strong>erat,</strong></span> <span class='ocrx_word' id='word_1_845' title='bbox 2511 4345 2720 4413; x_wconf 87' lang='lat' dir='ltr'><strong>spinosa</strong></span> <span class='ocrx_word' id='word_1_846' title='bbox 2747 4358 2879 4413; x_wconf 88' lang='lat' dir='ltr'><strong>erat,</strong></span> <span class='ocrx_word' id='word_1_847' title='bbox 2924 4351 3052 4403; x_wconf 87' lang='lat' dir='ltr'><strong>dura</strong></span> <span class='ocrx_word' id='word_1_848' title='bbox 3093 4363 3245 4406; x_wconf 87' lang='lat' dir='ltr'><strong>erat:</strong></span> <span class='ocrx_word' id='word_1_849' title='bbox 3282 4356 3477 4410; x_wconf 85' lang='lat' dir='ltr'><strong>talibus</strong></span> <span class='ocrx_word' id='word_1_850' title='bbox 3513 4370 3726 4428; x_wconf 79' lang='lat' dir='ltr'><strong>tmnqne</strong></span> 
     </span>
    </p>
   </div>
   <div class='ocr_carea' id='block_1_107' title="bbox 2141 4432 3726 4519">
    <p class='ocr_par' dir='ltr' id='par_1_107' title="bbox 2141 4432 3726 4519">
     <span class='ocr_line' id='line_1_107' title="bbox 2141 4432 3726 4519; baseline 0.015 -38"><span class='ocrx_word' id='word_1_851' title='bbox 2141 4432 2320 4486; x_wconf 86' lang='lat' dir='ltr'><strong>multis</strong></span> <span class='ocrx_word' id='word_1_852' title='bbox 2375 4438 2766 4491; x_wconf 83' lang='lat' dir='ltr'><strong>transeuntibus</strong></span> <span class='ocrx_word' id='word_1_853' title='bbox 2813 4441 2945 4494; x_wconf 75' lang='grc' dir='ltr'>Ιιοιιὶς</span> <span class='ocrx_word' id='word_1_854' title='bbox 3003 4442 3135 4497; x_wconf 81' lang='lat' dir='ltr'><strong>l‘acla</strong></span> <span class='ocrx_word' id='word_1_855' title='bbox 3180 4454 3279 4499; x_wconf 89' lang='lat' dir='ltr'><strong>est.</strong></span> <span class='ocrx_word' id='word_1_856' title='bbox 3333 4446 3573 4502; x_wconf 85' lang='lat' dir='ltr'><strong>Transiit</strong></span> <span class='ocrx_word' id='word_1_857' title='bbox 3616 4453 3726 4519; x_wconf 75' lang='lat' dir='ltr'><strong>ipse</strong></span> 
     </span>
    </p>
   </div>
   <div class='ocr_carea' id='block_1_108' title="bbox 2140 4520 3725 4607">
    <p class='ocr_par' dir='ltr' id='par_1_108' title="bbox 2140 4520 3725 4607">
     <span class='ocr_line' id='line_1_108' title="bbox 2140 4520 3725 4607; baseline 0.013 -35"><span class='ocrx_word' id='word_1_858' title='bbox 2140 4520 2283 4587; x_wconf 86' lang='lat' dir='ltr'><strong>prior</strong></span> <span class='ocrx_word' id='word_1_859' title='bbox 2319 4522 2587 4589; x_wconf 65' lang='lat' dir='ltr'><strong>Dominus,</strong></span> <span class='ocrx_word' id='word_1_860' title='bbox 2621 4530 2937 4584; x_wconf 80' lang='lat' dir='ltr'><strong>transierunt</strong></span> <span class='ocrx_word' id='word_1_861' title='bbox 2963 4534 3197 4599; x_wconf 75' lang='lat' dir='ltr'><strong>Apostoli</strong></span> <span class='ocrx_word' id='word_1_862' title='bbox 3234 4536 3501 4603; x_wconf 80' lang='lat' dir='ltr'><strong>intrepidi,</strong></span> <span class='ocrx_word' id='word_1_863' title='bbox 3542 4551 3725 4607; x_wconf 62' lang='lat' dir='ltr'><strong>postea</strong></span> 
     </span>
    </p>
   </div>
   <div class='ocr_carea' id='block_1_109' title="bbox 2141 4620 3727 4700">
    <p class='ocr_par' dir='ltr' id='par_1_109' title="bbox 2141 4620 3727 4700">
     <span class='ocr_line' id='line_1_109' title="bbox 2141 4620 3727 4700; baseline 0.015 -35"><span class='ocrx_word' id='word_1_864' title='bbox 2141 4625 2421 4685; x_wconf 88' lang='lat' dir='ltr'><strong>martyres,</strong></span> <span class='ocrx_word' id='word_1_865' title='bbox 2470 4620 2637 4684; x_wconf 86' lang='lat' dir='ltr'><strong>pueri,</strong></span> <span class='ocrx_word' id='word_1_866' title='bbox 2668 4623 2932 4685; x_wconf 82' lang='lat' dir='ltr'><strong>mulieres,</strong></span> <span class='ocrx_word' id='word_1_867' title='bbox 2975 4626 3180 4693; x_wconf 60' lang='lat' dir='ltr'><strong>puellas.</strong></span> <span class='ocrx_word' id='word_1_868' title='bbox 3223 4628 3327 4683; x_wconf 85' lang='lat' dir='ltr'><strong>Sed</strong></span> <span class='ocrx_word' id='word_1_869' title='bbox 3359 4633 3479 4700; x_wconf 86' lang='lat' dir='ltr'><strong>quis</strong></span> <span class='ocrx_word' id='word_1_870' title='bbox 3520 4635 3571 4685; x_wconf 77' lang='lat' dir='ltr'><strong>in</strong></span> <span class='ocrx_word' id='word_1_871' title='bbox 3613 4637 3727 4688; x_wconf 72' lang='lat' dir='ltr'><strong>eis’</strong></span> 
     </span>
    </p>
   </div>
   <div class='ocr_carea' id='block_1_110' title="bbox 2139 4702 3718 4787">
    <p class='ocr_par' dir='ltr' id='par_1_110' title="bbox 2139 4702 3718 4787">
     <span class='ocr_line' id='line_1_110' title="bbox 2139 4702 3718 4787; baseline 0.015 -34"><span class='ocrx_word' id='word_1_872' title='bbox 2139 4702 2229 4756; x_wconf 90' lang='lat' dir='ltr'><strong>Ille</strong></span> <span class='ocrx_word' id='word_1_873' title='bbox 2283 4707 2370 4774; x_wconf 87' lang='lat' dir='ltr'><strong>qui</strong></span> <span class='ocrx_word' id='word_1_874' title='bbox 2422 4708 2572 4771; x_wconf 75' lang='lat' dir='ltr'><strong>dixit,</strong></span> <span class='ocrx_word' id='word_1_875' title='bbox 2627 4709 2752 4765; x_wconf 85' lang='lat' dir='ltr'><strong>Sine</strong></span> <span class='ocrx_word' id='word_1_876' title='bbox 2799 4729 2876 4765; x_wconf 85' lang='lat' dir='ltr'><strong>me</strong></span> <span class='ocrx_word' id='word_1_877' title='bbox 2922 4715 3050 4767; x_wconf 85' lang='lat' dir='ltr'><strong>nihil</strong></span> <span class='ocrx_word' id='word_1_878' title='bbox 3091 4720 3297 4786; x_wconf 83' lang='lat' dir='ltr'><strong>potestis</strong></span> <span class='ocrx_word' id='word_1_879' title='bbox 3340 4721 3514 4786; x_wconf 72' lang='lat' dir='ltr'><strong>facere</strong></span> <span class='ocrx_word' id='word_1_880' title='bbox 3543 4724 3718 4787; x_wconf 46' lang='lat' dir='ltr'><strong>(Ialm.</strong></span> 
     </span>
    </p>
   </div>
   <div class='ocr_carea' id='block_1_111' title="bbox 2139 4798 2336 4867">
    <p class='ocr_par' dir='ltr' id='par_1_111' title="bbox 2139 4798 2336 4867">
     <span class='ocr_line' id='line_1_111' title="bbox 2139 4798 2336 4867; baseline 0.015 -19"><span class='ocrx_word' id='word_1_881' title='bbox 2139 4811 2227 4861; x_wconf 74' lang='lat' dir='ltr'><strong>xv,</strong></span> <span class='ocrx_word' id='word_1_882' title='bbox 2260 4798 2336 4867; x_wconf 69' lang='lat' dir='ltr'><strong>ii).</strong></span> 
     </span>
    </p>
   </div>
   <div class='ocr_carea' id='block_1_112' title="bbox 2584 4892 3268 4971">
    <p class='ocr_par' dir='ltr' id='par_1_112' title="bbox 2584 4892 3268 4971">
     <span class='ocr_line' id='line_1_112' title="bbox 2584 4892 3268 4971; baseline 0.007 -24"><span class='ocrx_word' id='word_1_883' title='bbox 2584 4892 2813 4951; x_wconf 69' lang='grc' dir='ltr'><strong>δεηΜο</strong></span> <span class='ocrx_word' id='word_1_884' title='bbox 2850 4897 3093 4952; x_wconf 77' lang='lat' dir='ltr'><strong>ccxcw</strong></span> <span class='ocrx_word' id='word_1_885' title='bbox 3126 4904 3140 4924; x_wconf 83' lang='grc'><strong>·</strong></span> <span class='ocrx_word' id='word_1_886' title='bbox 3170 4903 3268 4971; x_wconf 79' lang='grc' dir='ltr'>(ιι).</span> 
     </span>
    </p>
   </div>
   <div class='ocr_carea' id='block_1_113' title="bbox 2340 4982 3513 5056">
    <p class='ocr_par' dir='ltr' id='par_1_113' title="bbox 2340 4982 3513 5056">
     <span class='ocr_line' id='line_1_113' title="bbox 2340 4982 3513 5056; baseline 0.012 -26"><span class='ocrx_word' id='word_1_887' title='bbox 2340 4985 2395 5030; x_wconf 81' lang='grc' dir='ltr'><strong>ιιι</strong></span> <span class='ocrx_word' id='word_1_888' title='bbox 2426 4982 2571 5032; x_wconf 81' lang='lat' dir='ltr'><strong>Natali</strong></span> <span class='ocrx_word' id='word_1_889' title='bbox 2604 4985 2927 5046; x_wconf 86' lang='lat' dir='ltr'><strong>apostolorum</strong></span> <span class='ocrx_word' id='word_1_890' title='bbox 2948 4990 3071 5039; x_wconf 79' lang='lat' dir='ltr'><strong>Petri</strong></span> <span class='ocrx_word' id='word_1_891' title='bbox 3098 4998 3150 5042; x_wconf 91' lang='lat' dir='ltr'><strong>et</strong></span> <span class='ocrx_word' id='word_1_892' title='bbox 3171 4992 3314 5049; x_wconf 79' lang='lat' dir='ltr'><strong>Pauli,</strong></span> <span class='ocrx_word' id='word_1_893' title='bbox 3353 5009 3382 5041; x_wconf 87' lang='grc' dir='ltr'><strong>ιι</strong></span> <span class='ocrx_word' id='word_1_894' title='bbox 3419 4996 3513 5056; x_wconf 73' lang='grc' dir='ltr'><strong>(ὸ).</strong></span> 
     </span>
    </p>
   </div>
   <div class='ocr_carea' id='block_1_114' title="bbox 2211 5066 3719 5146">
    <p class='ocr_par' dir='ltr' id='par_1_114' title="bbox 2211 5066 3719 5146">
     <span class='ocr_line' id='line_1_114' title="bbox 2211 5066 3719 5146; baseline 0.005 -25"><span class='ocrx_word' id='word_1_895' title='bbox 2211 5066 2435 5121; x_wconf 83' lang='lat' dir='ltr'><strong>CAPUT</strong></span> <span class='ocrx_word' id='word_1_896' title='bbox 2488 5067 2768 5124; x_wconf 76' lang='lat' dir='ltr'><strong>PRIMUM.</strong></span> <span class='ocrx_word' id='word_1_897' title='bbox 2818 5101 2886 5109; x_wconf 97' lang='lat'><strong>—</strong></span> <span class='ocrx_word' id='word_1_898' title='bbox 2951 5073 3002 5125; x_wconf 72' lang='grc'><strong>1.</strong></span> <span class='ocrx_word' id='word_1_899' title='bbox 3060 5072 3240 5127; x_wconf 73' lang='lat' dir='ltr'><strong>Petrus</strong></span> <span class='ocrx_word' id='word_1_900' title='bbox 3312 5076 3556 5142; x_wconf 70' lang='lat' dir='ltr'><strong>infirmus</strong></span> <span class='ocrx_word' id='word_1_901' title='bbox 3608 5081 3719 5146; x_wconf 75' lang='lat' dir='ltr'><strong>plrs</strong></span> 
     </span>
    </p>
   </div>
   <div class='ocr_carea' id='block_1_115' title="bbox 2139 5158 3721 5237">
    <p class='ocr_par' dir='ltr' id='par_1_115' title="bbox 2139 5158 3721 5237">
     <span class='ocr_line' id='line_1_115' title="bbox 2139 5158 3721 5237; baseline 0.007 -27"><span class='ocrx_word' id='word_1_902' title='bbox 2139 5158 2382 5223; x_wconf 86' lang='lat' dir='ltr'><strong>promittit</strong></span> <span class='ocrx_word' id='word_1_903' title='bbox 2406 5173 2556 5227; x_wconf 85' lang='lat' dir='ltr'><strong>quam</strong></span> <span class='ocrx_word' id='word_1_904' title='bbox 2576 5171 2754 5230; x_wconf 85' lang='lat' dir='ltr'><strong>potest.</strong></span> <span class='ocrx_word' id='word_1_905' title='bbox 2780 5162 2987 5217; x_wconf 76' lang='lat' dir='ltr'><strong>Recens</strong></span> <span class='ocrx_word' id='word_1_906' title='bbox 3033 5167 3197 5218; x_wconf 82' lang='lat' dir='ltr'><strong>sancti</strong></span> <span class='ocrx_word' id='word_1_907' title='bbox 3245 5165 3528 5237; x_wconf 73' lang='lat' dir='ltr'><strong>Evangelii</strong></span> <span class='ocrx_word' id='word_1_908' title='bbox 3570 5172 3721 5221; x_wconf 62' lang='lat' dir='ltr'><strong>Ii-rtio</strong></span> 
     </span>
    </p>
   </div>
   <div class='ocr_carea' id='block_1_116' title="bbox 2204 5327 3063 5391">
    <p class='ocr_par' dir='ltr' id='par_1_116' title="bbox 2204 5327 3063 5391">
     <span class='ocr_line' id='line_1_116' title="bbox 2204 5327 3063 5391; baseline 0 -13"><span class='ocrx_word' id='word_1_909' title='bbox 2204 5331 2218 5360; x_wconf 78' lang='grc' dir='ltr'><strong>ι</strong></span> <span class='ocrx_word' id='word_1_910' title='bbox 2245 5328 2436 5391; x_wconf 66' lang='lat' dir='ltr'><strong>(aridam</strong></span> <span class='ocrx_word' id='word_1_911' title='bbox 2459 5327 2587 5385; x_wconf 88' lang='lat' dir='ltr'><strong>libri,</strong></span> <span class='ocrx_word' id='word_1_912' title='bbox 2610 5327 2696 5380; x_wconf 85' lang='lat' dir='ltr'><strong>sub</strong></span> <span class='ocrx_word' id='word_1_913' title='bbox 2711 5341 2821 5379; x_wconf 79' lang='lat' dir='ltr'><strong>race</strong></span> <span class='ocrx_word' id='word_1_914' title='bbox 2841 5331 3063 5391; x_wconf 75' lang='lat' dir='ltr'><strong>pastmis.</strong></span> 
     </span>
    </p>
   </div>
   <div class='ocr_carea' id='block_1_117' title="bbox 2201 5390 3391 5450">
    <p class='ocr_par' dir='ltr' id='par_1_117' title="bbox 2201 5390 3391 5450">
     <span class='ocr_line' id='line_1_117' title="bbox 2201 5390 3391 5450; baseline 0.003 -12"><span class='ocrx_word' id='word_1_915' title='bbox 2201 5393 2221 5420; x_wconf 76' lang='lat'>&#39;</span> <span class='ocrx_word' id='word_1_916' title='bbox 2245 5390 2410 5442; x_wconf 84' lang='lat' dir='ltr'><strong>Plures</strong></span> <span class='ocrx_word' id='word_1_917' title='bbox 2432 5399 2534 5439; x_wconf 76' lang='lat' dir='ltr'><strong>Mss.</strong></span> <span class='ocrx_word' id='word_1_918' title='bbox 2562 5392 2759 5450; x_wconf 82' lang='lat' dir='ltr'><strong>habent,</strong></span> <span class='ocrx_word' id='word_1_919' title='bbox 2790 5390 2881 5441; x_wconf 79' lang='lat' dir='ltr'><strong>nan</strong></span> <span class='ocrx_word' id='word_1_920' title='bbox 2904 5394 3136 5443; x_wconf 81' lang='lat' dir='ltr'><strong>mundam</strong></span> <span class='ocrx_word' id='word_1_921' title='bbox 3159 5395 3391 5443; x_wconf 75' lang='lat' dir='ltr'><strong>vicerunt.</strong></span> 
     </span>
    </p>
   </div>
   <div class='ocr_carea' id='block_1_118' title="bbox 2205 5452 3321 5505">
    <p class='ocr_par' dir='ltr' id='par_1_118' title="bbox 2205 5452 3321 5505">
     <span class='ocr_line' id='line_1_118' title="bbox 2205 5452 3321 5505; baseline 0.004 -7"><span class='ocrx_word' id='word_1_922' title='bbox 2205 5453 2219 5469; x_wconf 84' lang='lat'>&#39;</span> <span class='ocrx_word' id='word_1_923' title='bbox 2241 5452 2448 5503; x_wconf 64' lang='lat' dir='ltr'><strong>Collatus</strong></span> <span class='ocrx_word' id='word_1_924' title='bbox 2478 5453 2537 5501; x_wconf 86' lang='lat' dir='ltr'><strong>ad</strong></span> <span class='ocrx_word' id='word_1_925' title='bbox 2560 5453 2622 5501; x_wconf 85' lang='lat' dir='ltr'><strong>cl.</strong></span> <span class='ocrx_word' id='word_1_926' title='bbox 2651 5452 2698 5500; x_wconf 88' lang='lat' dir='ltr'><strong>d.</strong></span> <span class='ocrx_word' id='word_1_927' title='bbox 2724 5467 2766 5501; x_wconf 89' lang='lat' dir='ltr'><strong>r.</strong></span> <span class='ocrx_word' id='word_1_928' title='bbox 2793 5468 2881 5502; x_wconf 87' lang='lat' dir='ltr'><strong>rm.</strong></span> <span class='ocrx_word' id='word_1_929' title='bbox 2924 5462 2958 5502; x_wconf 94' lang='lat' dir='ltr'><strong>t.</strong></span> <span class='ocrx_word' id='word_1_930' title='bbox 2986 5470 3031 5503; x_wconf 74' lang='grc' dir='ltr'><strong>ι’.</strong></span> <span class='ocrx_word' id='word_1_931' title='bbox 3057 5461 3110 5505; x_wconf 86' lang='lat' dir='ltr'><strong>ct</strong></span> <span class='ocrx_word' id='word_1_932' title='bbox 3129 5455 3188 5502; x_wconf 82' lang='lat' dir='ltr'><strong>ad</strong></span> <span class='ocrx_word' id='word_1_933' title='bbox 3214 5462 3321 5503; x_wconf 83' lang='lat' dir='ltr'><strong>Luv.</strong></span> 
     </span>
    </p>
   </div>
   <div class='ocr_carea' id='block_1_119' title="bbox 2200 5515 2919 5571">
    <p class='ocr_par' dir='ltr' id='par_1_119' title="bbox 2200 5515 2919 5571">
     <span class='ocr_line' id='line_1_119' title="bbox 2200 5515 2919 5571; baseline -0.003 -8"><span class='ocrx_word' id='word_1_934' title='bbox 2200 5515 2271 5571; x_wconf 85' lang='lat' dir='ltr'><strong>lu)</strong></span> <span class='ocrx_word' id='word_1_935' title='bbox 2305 5515 2445 5571; x_wconf 80' lang='lat' dir='ltr'><strong>Alias,</strong></span> <span class='ocrx_word' id='word_1_936' title='bbox 2477 5515 2542 5563; x_wconf 85' lang='lat' dir='ltr'><strong>de</strong></span> <span class='ocrx_word' id='word_1_937' title='bbox 2574 5516 2784 5563; x_wconf 81' lang='lat' dir='ltr'><strong>Diversis</strong></span> <span class='ocrx_word' id='word_1_938' title='bbox 2820 5515 2919 5564; x_wconf 78' lang='grc'><strong>106.</strong></span> 
     </span>
    </p>
   </div>
   <div class='ocr_carea' id='block_1_120' title="bbox 2200 5575 3725 5635">
    <p class='ocr_par' dir='ltr' id='par_1_120' title="bbox 2200 5575 3725 5635">
     <span class='ocr_line' id='line_1_120' title="bbox 2200 5575 3725 5635; baseline 0.003 -13"><span class='ocrx_word' id='word_1_939' title='bbox 2200 5575 2271 5635; x_wconf 86' lang='lat' dir='ltr'><strong>(b)</strong></span> <span class='ocrx_word' id='word_1_940' title='bbox 2304 5583 2352 5625; x_wconf 89' lang='lat' dir='ltr'><strong>In</strong></span> <span class='ocrx_word' id='word_1_941' title='bbox 2389 5576 2508 5625; x_wconf 62' lang='lat' dir='ltr'><strong>l’lori</strong></span> <span class='ocrx_word' id='word_1_942' title='bbox 2531 5576 2822 5625; x_wconf 75' lang='lat' dir='ltr'><strong>mllectione</strong></span> <span class='ocrx_word' id='word_1_943' title='bbox 2843 5579 3015 5626; x_wconf 68' lang='lat' dir='ltr'><strong>vitatur</strong></span> <span class='ocrx_word' id='word_1_944' title='bbox 3037 5578 3094 5626; x_wconf 66' lang='lat' dir='ltr'><strong>a&#39;.l</strong></span> <span class='ocrx_word' id='word_1_945' title='bbox 3130 5585 3255 5626; x_wconf 78' lang='lat' dir='ltr'><strong>Rom.</strong></span> <span class='ocrx_word' id='word_1_946' title='bbox 3283 5594 3382 5627; x_wconf 82' lang='lat' dir='ltr'><strong>vtu.</strong></span> <span class='ocrx_word' id='word_1_947' title='bbox 3422 5583 3628 5629; x_wconf 66' lang='lat' dir='ltr'><strong>Habitus</strong></span> <span class='ocrx_word' id='word_1_948' title='bbox 3654 5589 3725 5627; x_wconf 67' lang='lat' dir='ltr'><strong>est</strong></span> 
     </span>
    </p>
   </div>
   <div class='ocr_carea' id='block_1_121' title="bbox 2140 5638 3721 5699">
    <p class='ocr_par' dir='ltr' id='par_1_121' title="bbox 2140 5638 3721 5699">
     <span class='ocr_line' id='line_1_121' title="bbox 2140 5638 3721 5699; baseline 0.004 -18"><span class='ocrx_word' id='word_1_949' title='bbox 2140 5650 2309 5684; x_wconf 72' lang='lat' dir='ltr'><strong>versus</strong></span> <span class='ocrx_word' id='word_1_950' title='bbox 2331 5638 2475 5687; x_wconf 79' lang='lat' dir='ltr'><strong>tinent</strong></span> <span class='ocrx_word' id='word_1_951' title='bbox 2501 5640 2622 5687; x_wconf 70' lang='lat' dir='ltr'><strong>forte</strong></span> <span class='ocrx_word' id='word_1_952' title='bbox 2648 5641 2756 5687; x_wconf 83' lang='lat' dir='ltr'><strong>anni</strong></span> <span class='ocrx_word' id='word_1_953' title='bbox 2786 5639 2893 5697; x_wconf 58' lang='lat' dir='ltr'><strong>illi,</strong></span> <span class='ocrx_word' id='word_1_954' title='bbox 2922 5648 3023 5699; x_wconf 72' lang='lat' dir='ltr'><strong>[est</strong></span> <span class='ocrx_word' id='word_1_955' title='bbox 3054 5648 3239 5699; x_wconf 54' lang='lat' dir='ltr'><strong>caplatn</strong></span> <span class='ocrx_word' id='word_1_956' title='bbox 3268 5644 3449 5689; x_wconf 81' lang='lat' dir='ltr'><strong>Urbem</strong></span> <span class='ocrx_word' id='word_1_957' title='bbox 3482 5656 3508 5689; x_wconf 74' lang='grc' dir='ltr'><strong>ιι</strong></span> <span class='ocrx_word' id='word_1_958' title='bbox 3547 5643 3721 5690; x_wconf 64' lang='lat' dir='ltr'><strong>Gothis.</strong></span> 
     </span>
    </p>
   </div>
   <div class='ocr_carea' id='block_1_122' title="bbox 2140 5701 3726 5762">
    <p class='ocr_par' dir='ltr' id='par_1_122' title="bbox 2140 5701 3726 5762">
     <span class='ocr_line' id='line_1_122' title="bbox 2140 5701 3726 5762; baseline 0.003 -20"><span class='ocrx_word' id='word_1_959' title='bbox 2140 5707 2157 5742; x_wconf 85' lang='lat'><strong><em>\</em></strong></span> <span class='ocrx_word' id='word_1_960' title='bbox 2175 5701 2250 5747; x_wconf 69' lang='lat' dir='ltr'><strong>ide</strong></span> <span class='ocrx_word' id='word_1_961' title='bbox 2275 5713 2435 5760; x_wconf 70' lang='lat' dir='ltr'><strong>supra,</strong></span> <span class='ocrx_word' id='word_1_962' title='bbox 2461 5714 2607 5750; x_wconf 77' lang='lat' dir='ltr'><strong>scrin.</strong></span> <span class='ocrx_word' id='word_1_963' title='bbox 2634 5701 2711 5761; x_wconf 83' lang='lat'><strong>8|,</strong></span> <span class='ocrx_word' id='word_1_964' title='bbox 2739 5716 2785 5749; x_wconf 84' lang='grc' dir='ltr'>ιι.</span> <span class='ocrx_word' id='word_1_965' title='bbox 2810 5702 2857 5759; x_wconf 78' lang='lat'><strong>7,</strong></span> <span class='ocrx_word' id='word_1_966' title='bbox 2885 5715 2956 5762; x_wconf 66' lang='lat' dir='ltr'><strong>sq.</strong></span> <span class='ocrx_word' id='word_1_967' title='bbox 2985 5714 3038 5750; x_wconf 81' lang='lat' dir='ltr'><strong>ac</strong></span> <span class='ocrx_word' id='word_1_968' title='bbox 3072 5715 3218 5751; x_wconf 70' lang='lat' dir='ltr'><strong>Sl’I‘III.</strong></span> <span class='ocrx_word' id='word_1_969' title='bbox 3248 5703 3353 5759; x_wconf 59' lang='grc' dir='ltr'><strong>ΗΒ,</strong></span> <span class='ocrx_word' id='word_1_970' title='bbox 3381 5716 3467 5751; x_wconf 83' lang='lat' dir='ltr'><strong>nn.</strong></span> <span class='ocrx_word' id='word_1_971' title='bbox 3494 5705 3552 5753; x_wconf 65' lang='lat' dir='ltr'><strong>Ii</strong></span> <span class='ocrx_word' id='word_1_972' title='bbox 3575 5713 3627 5752; x_wconf 71' lang='lat' dir='ltr'><strong>ct</strong></span> <span class='ocrx_word' id='word_1_973' title='bbox 3652 5703 3726 5749; x_wconf 66' lang='lat' dir='ltr'><strong>II.</strong></span> 
     </span>
    </p>
   </div>
  </div>
