3974 6170
312 323 444 382 155³5

310 438 579 494 hodiernae
604 437 922 504 solemnitati
952 437 1302 501 conveniens,
1333 447 1451 506 qua:
1503 432 1663 487 modo
1707 429 1884 484 sonuit

310 530 362 585 in
384 531 596 585 auribus
626 529 843 596 nostris,
899 530 943 583 si
999 529 1064 582 ab
1103 527 1323 584 auribus
1369 527 1526 580 etiam
1559 525 1610 578 in
1653 537 1748 579 cor
1786 538 1884 576 no-

308 633 478 678 strum
500 623 790 686 descendit,
823 633 876 677 ct
897 623 948 676 in
977 637 1043 676 eo
1071 621 1244 677 locum
1261 620 1450 689 quietis
1491 619 1692 674 invenit
1720 617 1886 688 (tunc

309 717 448 770 enim
479 717 532 772 in
561 715 710 770 nobis
741 714 1023 784 requiescit
1052 713 1266 767 verbum
1293 712 1407 778 Dei,
1435 711 1646 780 quando
1673 725 1769 765 nos
1793 724 1886 764 ac-

299 806 630 875 spiiescimus
651 807 816 860 verbo
846 805 981 875 Dei);
1012 804 1292 860 admonuit
1317 819 1413 858 nos
1431 819 1649 867 onmcs,
1679 804 1770 873 qui
1797 818 1888 856 vo-

310 897 390 952 bis
419 898 641 953 verbum
683 906 737 952 et
781 906 1171 951 sacramentum
1227 896 1436 951 Domini
1481 895 1842 952 ministramus
1868 931 1886 962 ,

312 1005 528 1058 pascere
554 1005 680 1043 oves
705 1004 848 1043 suas.
878 989 1070 1044 Beatus
1112 989 1304 1043 Petrus
1359 988 1736 1056 Apostolorum
1773 987 1888 1055 pri-

295 1089 449 1148 .mus,
469 1079 680 1137 Domini
711 1080 878 1136 nostri
903 1079 1028 1134 Jesu
1060 1078 1264 1136 Christi.
1284 1078 1452 1147 major
1477 1085 1708 1144 amator,
1727 1091 1890 1146 qmm
1909 1067 1928 1076 ’

315 1181 553 1242 negator,
576 1172 712 1226 sicut
737 1171 934 1230 indicat
983 1171 1348 1240 Evangelium,
1376 1177 1591 1224 secutus
1606 1177 1688 1222 est
1707 1168 1888 1224 Domi-

311 1277 435 1316 num
453 1275 779 1331 passurum:
813 1261 908 1316 sed
938 1270 1062 1316 tunc
1088 1273 1194 1316 non
1231 1261 1401 1337 potuit
1439 1259 1587 1328 sequi
1617 1273 1887 1328 passurus.

312 1350 540 1408 Secutus
568 1361 648 1406 est
675 1350 912 1419 pedibus,
937 1351 1172 1405 nondum
1190 1349 1414 1404 idoneus
1439 1349 1590 1418 sequi
1631 1349 1888 1404 moribus.

316 1443 569 1498 Promisit
597 1457 653 1496 se
678 1442 993 1501 moriturum
1046 1456 1142 1510 pro
1185 1441 1306 1505 illo,
1356 1451 1536 1495 etnon
1581 1440 1753 1510 potuit
1795 1453 1893 1494 nec

312 1549 435 1588 cum
465 1534 574 1590 illo.
596 1532 724 1588 Plus
751 1532 891 1588 enim
919 1547 1078 1588 ausus
1099 1542 1244 1598 erat,
1277 1547 1434 1602 quam
1476 1531 1594 1600 ejus
1627 1531 1894 1600 capacitas—

311 1621 622 1678 sustinebat.
657 1622 782 1676 Plus
799 1623 1136 1691 promiserat,
1159 1637 1315 1693 quam
1349 1630 1560 1692 poterat
1605 1637 1620 1674 :
1667 1622 1789 1692 quia
1841 1629 1896 1678 et

313 1712 586 1783 indignum
606 1721 724 1768 erat
769 1722 827 1768 ut
869 1713 1068 1768 iaceret
1107 1714 1248 1784 quod
1293 1714 1628 1783 promiserat.
1659 1713 1896 1768 Animam

312 1819 494 1868 meum,
523 1804 712 1875 inquit,
743 1821 835 1870 pro
860 1815 906 1858 te
927 1822 1113 1875 ponant
1141 1803 1335 1878 (Joan.
1362 1821 1479 1870 xm,
1508 1806 1577 1860 57
1595 1805 1638 1877 ).
1669 1807 1780 1862 Hoc
1799 1821 1896 1875 pro

315 1887 470 1949 servi)
499 1895 752 1949 Dominus
780 1895 1161 1958 eratfacturns,
1198 1911 1301 1949 non
1320 1911 1626 1966 servus'pro
1648 1896 1892 1952 Domino.

314 1984 416 2052 Qui
445 2001 572 2055 ergo
601 1985 716 2054 plus
743 1996 825 2040 est
845 1999 1025 2051 ausus,
1051 1986 1119 2039 ibi
1166 1994 1490 2054 praepostere
1519 1986 1753 2052 amavit;
1776 1986 1897 2042 ideo

317 2075 491 2130 timuit
514 2084 568 2130 et
616 2077 846 2145 negavit.
904 2076 1094 2132 Postea
1145 2093 1272 2131 vero
1321 2077 1574 2133 Dominus
1619 2087 1895 2150 postquam

317 2168 568 2234 surrexit,
597 2167 756 2223 docet
802 2169 1016 2223 Petrum
1072 2183 1277 2224 amare.
1326 2165 1629 2224 inordinate
1674 2183 1893 2236 amans,

321 2255 511 2312 deiecit
531 2259 629 2314 sub
652 2257 883 2328 pondere
899 2255 1168 2327 passionis
1188 2258 1459 2322 ;ordinate
1484 2267 1662 2315 autem
1697 2262 1898 2316 amanti

324 2348 566 2418 promisit
587 2349 907 2418 passionem.
1367 2349 1376 2355 ’

389 2439 444 2493 2.
476 2438 758 2508 Inﬁrntitas
784 2439 924 2500 Petri
949 2441 1166 2495 timent—is
1193 2442 1320 2494 mori
1345 2440 1638 2495 Dominum.
1661 2441 1900 2496 Memini-

321 2547 438 2586 mus
466 2531 823 2592 inlirmitalem
851 2532 995 2586 Petri
1017 2532 1246 2590 dolentis
1284 2533 1428 2604 quod
1465 2534 1722 2590 Dominus
1760 2542 1903 2590 esset

323 2625 610 2681 moriturus
655 2642 668 2678 :
718 2624 854 2680 lianc
906 2639 1308 2692 commemom,
1343 2640 1470 2682 ecce
1513 2641 1896 2684 commemoro.

313 2715 423 2784 Qui
451 2716 824 2781 meminerunt,
849 2716 898 2770 in
947 2715 1109 2770 corde
1157 2731 1256 2771 suo
1303 2731 1512 2774 mecum
1556 2718 1738 2776 dicant
1769 2738 1784 2775 :
1812 2721 1904 2792 qui

323 2807 471 2864 obliti
522 2807 732 2862 fuerant
759 2849 774 2873 ,
823 2818 1198 2866 commonente
1248 2801 1336 2865 me
1364 2811 1620 2867 recolunt.
1648 2813 1904 2869 Dominus

321 2895 474 2952 Jesus
493 2894 735 2954 Christus
771 2899 1072 2967 passionem
1098 2913 1246 2956 suam
1280 2898 1653 2957 imminentem
1685 2903 1800 2974 ipse
1823 2903 1904 2958 di-

325 2987 539 3057 scipulis
557 2989 948 3058 pramuntiavit.
995 2989 1146 3046 Tunc
1173 2991 1364 3047 Petrus
1402 3009 1589 3067 amans
1615 3010 1767 3063 cum,
1805 2997 1902 3052 sed

327 3079 498 3140 adhuc
513 3081 816 3147 carnaliter,
860 3083 997 3140 mori
1022 3084 1212 3139 tiznens
1253 3086 1438 3141 mortis
1459 3086 1852 3144 interfectorem
1885 3105 1899 3142 :

326 3169 464 3222 Absit
488 3187 519 3222 a
547 3179 614 3236 te,
635 3171 804 3239 inquit
832 3213 845 3235 ,
880 3171 1124 3238 Domine;
1159 3175 1286 3228 absit
1313 3191 1346 3226 ιι
1376 3185 1422 3229 te
1441 3217 1457 3242 ,
1497 3178 1748 3246 prapitius
1797 3187 1903 3232 esto

328 3259 433 3314 tibi.
461 3258 578 3314 Non
605 3261 845 3324 dixisset,
871 3263 1118 3331 propitius
1144 3264 1232 3320 tibi
1262 3274 1364 3319 esto
1387 3307 1404 3335 ,
1445 3267 1544 3321 nisi
1590 3280 1904 3340 agnoscent

329 3364 514 3403 verum
558 3350 744 3416 Deum.
779 3351 938 3420 Ergo,
969 3351 1144 3418 Petro,
1169 3353 1214 3408 si
1246 3354 1384 3410 Deus
1411 3371 1440 3411 a
1472 3365 1521 3412 te
1535 3360 1900 3428 cognoscitur,

327 3441 450 3510 quid
485 3442 642 3498 times
670 3458 736 3502 ne
765 3444 905 3500 Deus
920 3446 1208 3500 moriatur?
1229 3447 1306 3503 Tu
1339 3448 1498 3508 homo
1523 3467 1582 3508 es
1610 3493 1624 3518 ,
1658 3453 1904 3512 illc-Deus

328 3541 428 3586 est.
461 3532 528 3586 Et
550 3548 644 3602 pro
675 3534 894 3594 homine,
917 3535 1054 3592 Deus
1080 3537 1246 3594 iactus
1283 3551 1366 3595 est
1415 3540 1596 3609 homo,
1624 3558 1906 3600 assumens

329 3621 468 3688 (ιιιρά
499 3637 602 3676 non
625 3633 756 3689 erat,
789 3640 896 3678 non
926 3627 1156 3696 perdens
1203 3629 1344 3698 quod
1388 3638 1528 3685 erat.
1573 3631 1632 3685 In
1676 3648 1742 3689 eo
1778 3649 1906 3704 ergo

327 3709 580 3766 Dominus
609 3715 896 3770 moriturus
926 3727 1063 3783 erat,
1096 3718 1150 3771 in
1167 3733 1270 3788 quo
1286 3727 1342 3772 et
1366 3731 1780 3780 resurrecturus.
1797 3726 1904 3780 Ex-

328 3805 468 3873 pavit
495 3820 622 3875 ergo
650 3807 836 3861 Petrus
864 3808 1150 3862 humanam
1176 3820 1423 3878 mortem,
1471 3824 1525 3868 et
1573 3815 1744 3871 noluit
1787 3833 1905 3874 eam

328 3897 634 3967 contingere
660 3898 961 3955 Dominum.
990 3899 1264 3968 Nesciens,
1297 3918 1509 3963 saccum
1540 3905 1751 3962 volebat
1765 3909 1908 3964 clau-

327 3985 476 4051 dcre,
498 3987 636 4042 unde
667 3997 907 4043 nostrum
939 3991 1165 4059 pretium
1196 4001 1311 4048 erat
1333 4004 1690 4052 mauaturum.
1735 3999 1904 4054 Audi-

326 4079 398 4133 vit
427 4095 454 4132 a
479 4080 704 4134 Domino
739 4067 860 4142 tunc
885 4123 900 4148 ,
944 4081 1074 4137 Redi
1099 4095 1230 4140 retro
1250 4126 1265 4152 ,
1297 4096 1541 4156 satanas;
1568 4106 1726 4160 neque
1769 4094 1905 4148 enim

327 4173 462 4242 sapis
489 4189 601 4244 ante
622 4172 713 4228 Dei
738 4184 870 4238 sunt,
905 4176 994 4228 sed
1018 4193 1130 4247 qua:
1167 4189 1283 4232 sunt
1313 4180 1592 4236 hominum.
1623 4182 1718 4239 Cui
1749 4187 1907 4255 paulo

329 4276 452 4320 ante
481 4266 706 4331 dixerat,
738 4267 955 4328 dicenti.
992 4269 1067 4323 Tu
1096 4288 1145 4324 es
1175 4271 1402 4328 Christus
1425 4273 1591 4331 Filius
1632 4276 1727 4332 Dei
1763 4280 1858 4334 uiui
1887 4295 1908 4334 :

327 4356 511 4411 Beatus
540 4376 612 4425 es,
637 4357 812 4413 Simon
837 4359 1128 4425 Bar-Jona,
1159 4365 1279 4434 quia
1307 4365 1396 4420 tibi
1421 4384 1524 4422 non
1567 4373 1799 4426 reuelauit
1824 4391 1909 4427 ca-

326 4465 382 4503 ro
409 4459 454 4502 et
476 4450 702 4518 sanguis,
725 4450 816 4504 sed
843 4450 997 4507 Pater
1023 4471 1162 4509 meus
1185 4457 1272 4526 qui
1291 4467 1364 4511 est
1406 4460 1458 4513 in
1497 4462 1634 4516 catis
1677 4463 1696 4533 (
1719 4463 1906 4520 Hattlr.

331 4555 438 4603 im,
461 4540 551 4607 22,
574 4540 665 4607 23,
690 4542 773 4605 16,
803 4543 915 4611 l7).
967 4543 1130 4601 Paulo
1155 4556 1278 4602 ante
1305 4547 1491 4603 beatus
1511 4591 1525 4613 ,
1557 4563 1737 4622 postea
1762 4565 1908 4611 sata-

333 4646 448 4684 nas.
483 4631 587 4686 Sed
608 4631 746 4687 unde
768 4633 996 4691 beatus?
1021 4635 1134 4691 Non
1163 4638 1231 4694 de
1261 4651 1359 4695 suo
1383 4658 1395 4691 :
1430 4640 1551 4696 Non
1573 4644 1659 4698 tibi
1675 4647 1910 4702 reuelauit

328 4737 446 4780 caro
475 4731 520 4775 et
546 4725 774 4794 sanguis,
804 4725 892 4778 sed
919 4723 1073 4780 Pater
1097 4745 1235 4783 incus
1263 4731 1348 4800 qui
1377 4743 1448 4785 est
1474 4733 1525 4787 in
1570 4735 1724 4790 caelis.
1756 4737 1908 4793 Unde

327 4819 504 4866 autem
530 4821 741 4870 satanas
759 4813 783 4866 ?
804 4815 882 4869 Ex
907 4815 1140 4883 homine,
1170 4820 1292 4873 etin
1321 4821 1535 4878 homine
1563 4842 1578 4878 :
1605 4825 1727 4881 Non
1775 4829 1909 4884 enim

329 4901 466 4972 sapis
491 4917 604 4970 qua:
630 4901 728 4956 Dei
747 4914 883 4968 sunt,
909 4905 999 4960 sed
1017 4924 1130 4976 qua:
1152 4919 1267 4963 sunt
1292 4911 1572 4968 hominum.
1617 4915 1760 4974 Talis
1809 4919 1909 4975 Pe-

330 4995 442 5043 trus
471 5005 655 5046 amans
682 4993 989 5063 Dominum,
1013 4997 1206 5054 timens
1232 5002 1365 5056 mori
1398 5003 1709 5074 Dominum,
1739 5019 1793 5063 et
1812 5025 1907 5066 ro-

332 5079 448 5136 lcns
477 5084 611 5138 mori
639 5100 734 5153 pro
755 5085 979 5142 Domino
1002 5129 1018 5153 ,
1047 5099 1260 5146 secutus
1279 5103 1360 5148 est
1389 5111 1401 5146 :
1426 5106 1480 5150 et
1519 5096 1794 5156 inventum
1827 5113 1910 5162 est

327 5173 593 5240 quomodo
615 5174 931 5244 praedixerat
956 5178 1212 5248 medicus,
1235 5198 1337 5239 non
1359 5187 1627 5252 quomodo
1647 5207 1906 5260 prrsum-

315 5265 507 5328 ‘pserat
533 5275 782 5334 aegrotus.
813 5264 1171 5337 Interrogatus
1209 5271 1276 5326 ab
1297 5275 1508 5340 ancilla,
1536 5289 1694 5350 negat
1718 5287 1904 5352 semel,

330 5347 430 5414 bis,
449 5359 501 5404 et
523 5353 698 5410 tertio.
717 5356 980 5424 Aspicitur
993 5374 1026 5414 a
1042 5357 1286 5430 Domino,
1303 5362 1392 5420 [let
1404 5381 1586 5426 amare
1601 5347 1752 5439 (ιω.
1769 5347 1904 5443 xxn,

336 5446 526 5516 56-62)
559 5469 573 5505 :
597 5453 752 5522 tergit
781 5453 1030 5525 lacrymis
1051 5456 1259 5525 pictatis
1279 5461 1456 5518 cordis
1477 5467 1806 5536 negationes.

406 5538 628 5598 CAPUT
649 5542 788 5597 ll.——
801 5544 851 5598 3.
875 5543 1027 5600 Petro
1039 5546 1154 5616 jam
1178 5553 1370 5612 σησαιυὶ
1382 5552 1612 5612 Christus
1625 5576 1743 5617 oues
1764 5579 1905 5619 cons-

334 5629 559 5721 incndat.
592 5631 842 5704 Resurgit
869 5634 1144 5704 Dominus,
1170 5653 1388 5710 apparet
1432 5645 1724 5721 discipulis.
1758 5653 1908 5712 Videt

327 5717 436 5785 iam
459 5721 649 5778 Petrus
670 5723 953 5794 viventem,
970 5730 1058 5785 cui
1076 5734 1319 5794 morienti
1341 5717 1604 5800 timueral.
1629 5745 1782 5804 Videt
1798 5765 1904 5808 non

581 5816 850 5879 PATROL.
890 5821 1248 5888 XXXVIII.

1651 315 1879 374 SERMO
1917 310 2180 371 CCXC‘II.

3455 330 3593 390 1554

2004 427 2285 482 Dominum
2307 427 2542 484 occisum
2566 470 2579 494 ,
2610 429 2706 485 scd
2747 440 2970 488 mortem
3005 433 3056 487 in
3085 434 3308 491 Domino
3336 437 3588 494 occisam.

1997 525 2115 580 iam
2145 537 2272 596 ergo
2291 526 2636 583 confirmatus
2651 533 2896 602 exemplo
2923 534 2936 565 ¹
2963 537 3140 591 carnis
3166 537 3330 606 ipsius
3359 541 3582 608 Domini,

1995 626 2220 673 mortem
2256 634 2365 672 non
2411 634 2533 675 esse
2593 636 2756 692 usque
2798 624 2932 680 adeo
2986 630 3342 696 metuendam,
3371 633 3593 689 docetur

1995 724 2192 764 amare.
2223 709 2379 767 Modo
2405 726 2538 781 opus
2561 723 2644 767 est
2669 724 2723 768 ut
2747 727 2908 781 amet,
2930 717 3040 786 jam
3080 721 3195 775 viso
3222 719 3445 776 Domino
3468 725 3590 781 vivo

1997 809 2118 869 post
2139 811 2369 856 mortem
2405 820 2418 856 :
2450 802 2616 856 modo
2631 814 2792 870 amet,
2828 807 2986 861 modo
3023 822 3243 864 securus
3291 821 3472 876 amet;
3499 829 3589 870 se—

1995 905 2180 957 curus,
2202 894 2327 962 quia
2357 903 2658 948 secuturus.
2710 896 2967 952 Dominus
3019 913 3148 969 ergo
3179 917 3191 954 :
3217 898 3368 955 Petre
3390 943 3404 966 ,
3449 918 3592 958 antas

1995 983 2117 1036 me?
2146 983 2216 1037 Et
2261 983 2354 1038 ille
2382 1000 2395 1038 :
2426 985 2571 1049 Ama,
2593 985 2826 1042 Domine.
2884 988 2974 1044 Et"
3001 990 3254 1045 Dominus
3282 1007 3295 1043 :
3325 992 3442 1047 Non
3469 996 3591 1063 quia

1994 1088 2141 1129 uiuas
2173 1090 2278 1140 me,
2309 1076 2431 1130 volo
2455 1085 2512 1130 nt
2539 1079 2781 1133 moriaris
2812 1095 2906 1149 pro
2933 1096 3037 1144 me;
3058 1081 3159 1137 hoc
3187 1084 3329 1138 enim
3363 1098 3462 1154 ego
3479 1084 3588 1154 1am
3635 1136 3650 1155 λ

1999 1163 2098 1220 feci
2130 1180 2227 1234 pro
2253 1171 2324 1220 te.
2349 1165 2456 1222 Sed
2485 1167 2650 1238 quid?
2671 1169 2824 1225 Amas
2847 1167 2976 1225 mc'?
3003 1173 3139 1239 Quid
3189 1175 3318 1227 mihi
3345 1176 3586 1230 redditu-

1996 1269 2091 1309 rus
2118 1270 2197 1320 es,
2222 1256 2343 1325 quia
2377 1272 2523 1311 muas
2552 1275 2636 1313 me
2661 1260 2683 1312 ?
2708 1258 2860 1314 Amas
2917 1264 3038 1316 me?
3081 1263 3230 1316 Anio.
3283 1262 3444 1319 Pasce
3475 1281 3590 1320 oues

1996 1361 2154 1400 meas.
2189 1346 2257 1401 Et
2287 1346 2478 1402 iterum
2505 1348 2624 1415 hoc,
2653 1357 2705 1404 et
2737 1351 2891 1406 tertio
2924 1351 3022 1405 hoc
3054 1370 3066 1405 :
3102 1362 3156 1406 ut
3187 1363 3266 1408 ter
3304 1355 3588 1411 conﬁtere-

1997 1443 2084 1490 tur
2103 1451 2277 1504 amor,
2310 1438 2450 1508 quod
2479 1448 2558 1492 ter
2586 1451 2873 1509 negaverat
2913 1443 3090 1496 timor.
3136 1443 3321 1500 Videte
3347 1486 3361 1510 ,
3386 1440 3388 1443 ’
3414 1447 3590 1516 perci-

1999 1525 2132 1599 pite,
2166 1527 2375 1583 discite.
2428 1528 2542 1585 Non
2591 1531 2732 1584 aliud
2760 1547 2936 1602 quam,
2967 1534 3128 1589 Amas
3157 1575 3172 1601 ,
3205 1535 3584 1608 interrogatur:

1999 1633 2104 1672 non
2133 1619 2275 1674 aliud
2299 1635 2482 1690 quam,
2512 1623 2665 1689 Amo,
2698 1624 3072 1692 reSpondetur.
3119 1626 3482 1696 Respondenti
3508 1631 3590 1685 di-

2002 1710 2163 1778 citur,
2188 1709 2351 1766 Pasce
2380 1728 2493 1767 aves
2522 1730 2676 1767 nicas.
2710 1715 2776 1769 Et
2805 1717 3189 1773 commendatis
3216 1720 3372 1775 Petro
3401 1722 3589 1778 ovibus

2001 1800 2132 1868 suis,
2163 1808 2218 1855 et
2243 1803 2610 1859 commendato
2637 1805 2737 1860 sibi
2759 1806 2920 1863 Petro
2943 1824 3064 1862 cum
3087 1810 3273 1865 ovibus
3299 1813 3412 1867 suis
3437 1855 3452 1878 ,
3475 1813 3587 1882 jam

2001 1891 2317 1960 praenuntiat
2336 1895 2660 1964 passionem,
2678 1905 2732 1951 et
2769 1896 2898 1952 dicit
2923 1917 2935 1953 :
2960 1898 3088 1953 Cum
3113 1917 3242 1956 esses
3264 1903 3459 1971 iunior,
3481 1905 3590 1958 cin-

2000 1981 2152 2052 gebat
2187 1991 2253 2048 te,
2275 1992 2322 2036 et
2343 1983 2450 2038 ibas
2493 1997 2591 2054 quo
2635 1986 2818 2050 uelles;
2846 2004 2962 2043 cum
3005 1999 3173 2044 autem
3217 1994 3384 2046 senior
3417 1994 3580 2062 {actus

2001 2072 2180 2142 fueris,
2211 2075 2338 2128 alter
2365 2084 2412 2129 te
2443 2077 2623 2148 cinget,
2647 2086 2692 2132 et
2717 2081 2841 2149 feret
2884 2096 2982 2148 quo
3011 2090 3067 2134 tu
3099 2098 3198 2136 non
3223 2084 3316 2137 vis.
3354 2083 3466 2140 Hoc
3494 2103 3588 2140 au-

2003 2173 2102 2219 tem
2128 2165 2344 2231 dicebat,
2371 2167 2446 2221 ait
2470 2168 2826 2239 Evangelista,
2850 2172 3140 2243 signiﬁcans
3168 2191 3267 2243 qua
3296 2187 3454 2231 morte
3474 2179 3588 2232 cla-

2002 2255 2292 2324 riﬁcaturus
2311 2265 2436 2312 esset
2485 2257 2650 2312 Deum
2689 2259 2879 2330 (Joan.
2916 2280 3078 2330 xvtn,
3134 2267 3351 2336 15-19).
3385 2267 3590 2325 Videtis

2006 2343 2107 2399 hoc
2126 2346 2391 2415 pertinere
2409 2347 2474 2402 ad
2497 2350 2790 2418 pascendas
2813 2367 2941 2408 oves
2963 2355 3192 2422 Domini,
3248 2365 3303 2412 ut
3347 2375 3451 2413 non
3502 2375 3590 2415 re-

2005 2445 2222 2492 cusetur
2247 2453 2394 2495 mors
2421 2455 2518 2510 pro
2542 2441 2731 2497 ovibus
2749 2443 2981 2499 Domini.

2076 2549 2305 2607 CAPUT
2333 2553 2418 2606 lll.
2438 2584 2508 2594 —
2538 2555 2592 2608 4.
2622 2553 2806 2610 Pastor
2821 2555 3039 2611 idoneus
3068 2559 3153 2612 ille
3171 2568 3243 2613 est
3272 2600 3286 2624 ,
3329 2561 3416 2630 qui
3437 2561 3591 2615 uitam

1950 2680 1960 2690 .
2006 2641 2278 2713 rependere
2327 2644 2456 2697 valet
2505 2661 2598 2716 pro
2651 2647 2842 2700 ortibus.
2889 2647 3053 2726 Pasce
3068 2658 3190 2703 'oves
3244 2667 3398 2705 meas.
3431 2651 3588 2707 Com-

2010 2733 2228 2790 mendat
2249 2745 2378 2788 oves
2402 2733 2614 2802 idoneo,
2639 2751 2708 2790 an
2731 2736 2906 2792 minus
2936 2738 3128 2794 idoneo
3155 2739 3178 2792 ?
3205 2740 3403 2806 Primo,
3460 2757 3594 2813 quas

2005 2837 2138 2878 ores
2157 2823 2528 2878 commendat?
2550 2825 2836 2894 Pretiosos,
2857 2837 3064 2897 emptas
3088 2871 3105 2895 ,
3153 2845 3257 2884 non
3284 2845 3418 2886 auro
3439 2874 3454 2898 ,
3487 2848 3592 2888 non

2007 2922 2250 2983 argento,
2282 2913 2376 2968 sed
2400 2915 2683 2984 sanguine.
2711 2916 2770 2972 Si
2816 2917 3064 2973 dominus
3115 2918 3276 2976 homo
3323 2936 3596 2978 commen—

2008 3002 2166 3059 daret
2185 3016 2346 3060 servo
2370 3021 2467 3060 suo
2493 3021 2624 3062 oves
2672 3023 2826 3074 suas,
2867 3011 3050 3080 procul
3093 3012 3256 3068 dubio
3301 3016 3591 3085 cogitaret,

2009 3105 2190 3152 utrum
2234 3099 2494 3166 peculium
2538 3101 2678 3154 servi
2731 3102 2876 3157 illius
2914 3103 3162 3159 idoneum
3194 3114 3335 3162 esset
3365 3108 3594 3176 pretium

2008 3187 2184 3242 ovium
2209 3203 2445 3255 suarum,
2493 3191 2766 3246 ctdieerct
2797 3209 2809 3244 :
2836 3191 2892 3248 Si
2913 3193 3203 3262 perdiderit
3229 3236 3244 3263 ,
3281 3196 3326 3251 si
3362 3197 3593 3266 dissipa-

2008 3266 2163 3347 verit,
2187 3280 2232 3335 si
2259 3283 2678 3350 consumpserit,
2707 3283 2868 3340 habet
2895 3286 3033 3341 unde
3069 3287 3272 3342 reddat.
3315 3289 3597 3345 (ammen-

2013 3371 2165 3427 daret
2190 3385 2318 3442 ergo
2332 3383 2486 3429 servo
2510 3374 2703 3430 idoneo
2727 3390 2857 3430 oves
2892 3391 3037 3442 suas,
3065 3386 3117 3432 et
3138 3380 3276 3433 servi
3318 3380 3596 3436 facultates

2009 3464 2062 3518 in
2079 3464 2301 3533 pecunia
2320 3472 2607 3532 quaereret,
2636 3481 2738 3534 pro
2755 3467 2943 3521 ovibus
2961 3482 3093 3537 quas
3116 3471 3338 3539 pecunia
3377 3488 3598 3542 compa.

2010 3553 2166 3608 ravit.
2194 3552 2345 3606 Nunc
2373 3567 2500 3608 vero
2527 3553 2782 3611 Dominus
2797 3555 2955 3611 Jesus
2990 3557 3233 3612 Christus
3253 3600 3268 3622 ,
3295 3561 3416 3629 quia
3441 3577 3598 3617 servo

2010 3643 2516 3710 commendatoves.
2542 3661 2674 3716 quas
2693 3647 2959 3716 sanguine
2990 3652 3345 3719 compararit;
3389 3653 3598 3709 idonei-

2013 3742 2174 3790 tatem
2200 3736 2342 3790 servi
2375 3736 2428 3789 in
2460 3737 2710 3806 passione
2754 3738 3024 3807 sanguinis
3065 3739 3274 3808 quanit.
3321 3741 3598 3812 Tanquam

2010 3824 2212 3880 diceret
2243 3842 2256 3878 :
2280 3825 2444 3882 Pasce
2462 3841 2592 3882 oves
2618 3841 2786 3891 meas,
2811 3829 3128 3885 commendo
3153 3831 3246 3885 tibi
3275 3846 3405 3887 oves
3427 3849 3596 3890 meas.

2011 3917 2156 3983 Quas
2177 3917 2332 3973 oves?
2355 3916 2498 3984 Quas
2513 3917 2619 3972 emi
2635 3918 2890 3990 sanguine
2911 3934 3052 3975 meo.
3078 3919 3317 3976 Mortuus
3342 3935 3458 3978 sum
3503 3939 3600 3993 pro

2011 4007 2108 4060 eis.
2139 4007 2302 4061 Amas
2331 4005 2455 4062 me?
2493 4007 2700 4064 Morere
2741 4025 2840 4078 pro
2892 4010 2990 4064 eis.
3044 4011 3111 4065 Et
3145 4011 3361 4081 quidem
3414 4026 3602 4070 servus

2012 4097 2104 4154 ille
2127 4097 2358 4154 hominis
2385 4099 2548 4154 homo
2598 4101 2874 4170 pecuniam
2908 4101 3152 4158 redderet
3208 4117 3304 4173 pro
3350 4121 3602 4162 consum-

2014 4189 2122 4257 ptis
2158 4190 2346 4244 ovibus
2380 4210 2394 4243 :
2425 4190 2616 4246 Petrus
2666 4193 2974 4262 sanguinem
3005 4193 3234 4250 reddidit
3268 4211 3364 4265 pro
3409 4197 3600 4256 cvibus

2012 4281 2359 4335 conservatis.

2083 4390 2310 4448 CAPUT
2342 4392 2428 4447 IV.
2465 4423 2532 4434 —-
2579 4395 2633 4450 5.
2674 4394 2878 4450 Generis
2930 4396 3171 4452 Ecclesia
3222 4401 3503 4467 pastoribus
3547 4403 3603 4456 id

2013 4485 2328 4549 mandatum,
2346 4485 2482 4555 quod
2508 4484 2678 4540 Petro.
2707 4487 2916 4542 Animus
2959 4491 3187 4559 martyrii
3223 4500 3490 4562 martyrem
3518 4497 3602 4566 fa-

2013 4574 2100 4627 cit.
2132 4573 2257 4638 Eia,
2311 4573 2501 4630 fratres
2525 4615 2538 4640 ,
2585 4577 2781 4646 aliquid
2822 4591 2919 4646 pro
2961 4589 3200 4648 tempore
3239 4581 3360 4636 volo
3396 4581 3598 4638 dicere.

2014 4665 2164 4732 Quod
2194 4667 2351 4722 Petro
2377 4667 2804 4724 commendatum
2849 4678 2929 4724 est
2954 4710 2968 4736 ,
2992 4671 3132 4740 quod
3180 4672 3344 4728 Petro
3377 4675 3602 4729 manda-

2015 4766 2128 4812 tum
2152 4765 2252 4822 est,
2287 4772 2392 4814 non
2420 4758 2609 4815 Petrus
2634 4760 2798 4825 solus,
2828 4760 2921 4816 sed
2943 4762 3100 4817 etiam
3119 4763 3204 4817 alii
3235 4765 3481 4833 Apostoli
3503 4779 3603 4819 au-

2013 4847 2245 4912 dierunt,
2265 4855 2568 4916 tenuerunt,
2595 4861 2967 4917 servaverunt,
2986 4854 3324 4924 maximeque
3344 4857 3458 4925 ipse
3471 4869 3604 4912 con-

2013 4953 2134 4994 sors
2161 4939 2432 5008 sanguinis
2458 4948 2512 4994 et
2538 4940 2643 4996 diei
2666 4943 2686 4974 ³
2715 4944 2988 5011 apostolus
3035 4945 3248 5000 Paulus.
3304 4947 3602 5004 Audierant

2013 5029 2131 5096 ista,
2154 5040 2208 5084 et
2231 5029 2300 5084 ad
2323 5045 2426 5086 nos
2448 5031 2706 5088 audienda
2735 5035 3158 5091 transmiserunt.
3183 5037 3459 5096 Paseimus
3479 5055 3598 5108 vos,

2014 5120 2283 5189 poscimur
2304 5121 2598 5176 Vobiscum.
2629 5123 2730 5178 Det
2759 5125 2912 5180 nobis
2933 5126 3071 5182 Deus
3097 5128 3236 5184 vires
3267 5131 3348 5186 sic
3387 5133 3600 5189 amandi
3701 5131 3707 5138 ’

2014 5225 2131 5274 vos,
2163 5219 2219 5264 ut
2239 5211 2503 5281 possimus
2523 5211 2684 5268 etiam
2712 5214 2848 5269 mori
2876 5229 2970 5284 pro
2994 5217 3147 5272 vobis
3170 5261 3184 5286 ,
3231 5229 3325 5276 aut
3356 5219 3546 5279 ell‘ectu
3581 5268 3596 5292 ,

2013 5311 2106 5354 aut
2131 5299 2346 5356 aﬁ‘eeto.
2379 5300 2494 5356 Non
2523 5303 2665 5358 enim
2696 5304 2816 5372 ipsis
2831 5304 3022 5361 Joanni
3051 5307 3294 5380 apostolo
3309 5315 3490 5382 passio
3507 5313 3603 5371 dc-

2013 5390 2132 5455 fuit,
2153 5391 2275 5447 ideo
2298 5393 2532 5463 μιήοηί
2577 5395 2790 5451 animus
2818 5409 3145 5468 praeparatus
3171 5401 3364 5460 deesse
3405 5408 3598 5477 potuit.

2013 5481 2128 5537 Non
2159 5491 2242 5537 est
2271 5498 2478 5553 passus,
2501 5485 2598 5541 sed
2623 5487 2793 5556 potuit
2820 5490 2950 5558 puti.
3008 5491 3455 5563 Prasparationem
3483 5499 3600 5568 ejus

2015 5575 2156 5632 Deus
2177 5587 2416 5633 noverat.
2443 5577 2901 5646 Quemadmodum
2934 5591 3042 5641 tres
3068 5589 3218 5657 pueri
3254 5592 3425 5649 amori
3447 5594 3599 5651 missi

2076 5702 2092 5735 ι
2119 5704 2295 5775 begins
2317 5711 2416 5763 Ms,
2439 5710 2550 5776 gam
2565 5719 2681 5780 ergo
2700 5705 2983 5781 informatus
3000 5711 3061 5762 de
3084 5715 3320 5789 exempto.
3395 5778 3408 5790 ν

2076 5768 2096 5796 ³
2119 5765 2236 5816 Edtti
2253 5799 2268 5827 ,
2290 5773 2337 5815 et
2361 5775 2465 5818 net.
2491 5767 2660 5819 Melius
2675 5771 2900 5834 plenqne
2923 5784 3229 5838 manuscript:
3244 5812 3260 5835 ,
3283 5785 3328 5828 et
3357 5778 3469 5830 diri.

2666 5851 3163 5930 {Quarantc-tro
3172 5859 3284 5924 is.)
