3954 6198
290 279 312 301 ,φ
379 232 516 288 ιδειε

320 312 333 349 ι

326 346 338 422 ξ
372 357 501 404 sunt
529 346 581 403 in
608 348 874 404 caminum
894 389 910 416 ,
935 364 1045 404 non
1076 349 1287 405 victuri.
1318 346 1636 422 Nrgabllnus
1671 367 1765 408 eos
1814 369 1958 409 mare

290 514 296 520 '
329 418 337 436 ’
374 451 536 512 tyres,
565 443 686 512 quia
706 442 919 497 llsmma
946 456 1043 497 eos
1076 458 1231 499 urere
1277 418 1642 516 nou'potuit?
1696 445 1962 517 Interroga

372 531 544 602 ignes,
588 532 731 603 passi
760 547 867 587 non
896 543 1057 588 sunt:
1092 534 1360 606 interroga
1401 535 1726 592 voluntatem
1747 578 1765 606 ,
1809 548 1962 594 coro-

372 623 483 679 nati
511 631 656 679 sunt.
694 622 876 680 Potens
904 634 979 679 est
997 626 1134 682 enim
1156 625 1406 683 Dominus
1426 670 1443 695 ,
1470 627 1719 685 dixerunt
1744 672 1761 700 ,
1791 647 1963 687 eruca

370 730 461 767 nos
482 711 548 767 de
571 713 802 771 manibus
830 715 930 770 tuis
953 731 973 769 :
993 716 1084 769 sed
1112 725 1160 771 et
1179 716 1226 771 si
1252 733 1355 771 non
1385 733 1405 773 :
1434 717 1505 774 ibi
1543 728 1671 775 sunt
1695 731 1841 777 certe
1865 736 1960 792 pe-

366 816 516 863 ctora
543 812 597 861 et
625 805 832 862 stabilis
860 806 1012 875 ﬁdes,
1041 806 1114 864 ibi
1139 807 1309 865 virtus
1336 809 1653 867 inconcussa
1671 854 1686 878 ,
1723 813 1793 869 ibi
1813 822 1958 870 certa

368 894 586 951 victoria
613 915 628 952 :
656 896 745 953 sed
769 906 816 952 at
851 898 897 953 si
936 914 1038 953 non
1062 939 1078 965 ,
1110 909 1287 954 notum
1329 899 1419 955 tibi
1468 902 1553 967 sit,
1583 919 1693 970 rex,
1718 904 1959 975 quoniam

375 993 592 1041 statuam
613 1002 766 1058 quant
788 989 1030 1057 statuisti,
1061 1005 1162 1045 non
1181 990 1476 1046 adoramus.
1501 992 1659 1048 Aliud
1689 993 1800 1049 Deo
1848 994 1960 1065 pla-

363 1077 475 1133 cuit
503 1095 517 1132 :
545 1093 650 1132 nou
679 1086 950 1144 arserunt,
976 1080 1073 1135 sed
1100 1078 1279 1153 ignem
1320 1081 1634 1139 idololatriae
1684 1082 1737 1138 in
1776 1084 1958 1139 animo

366 1169 506 1239 regis
530 1171 903 1226 exstinxerunt
929 1171 949 1244 (
974 1170 1111 1227 Dan.
1135 1172 1240 1246 in).

432 1279 662 1337 CAPUT
687 1279 748 1336 ν.
776 1312 848 1323 -
867 1281 921 1339 6.
947 1282 1316 1341 Tribulationes
1352 1286 1651 1358 temporales
1694 1303 1787 1359 pro
1813 1291 1956 1359 fitn-

360 1364 607 1444 «mea;
620 1369 863 1441 fatenda.
894 1371 1075 1428 Rouue
1106 1375 1320 1429 vastatio
1371 1376 1673 1447 ternporibus
1717 1377 1955 1432 christia-

363 1450 703 1537 ᾐὲιιυῖᾕιὶωε
731 1477 884 1534 ergo,
903 1464 1228 1530 cbarissimi,
1257 1480 1377 1536 qua:
1423 1474 1548 1521 sunt
1595 1468 1867 1537 proposita
1902 1470 1953 1524 in

342 1530 936 1624 miteliintpireservis
988 1554 1131 1621 Dei,
1190 1530 1409 1625 propter
1449 1530 1951 1629 futuram-geriem

360 1642 827 1713 quantum."
856 1646 907 1701 in
939 1647 1095 1702 nobis
1121 1665 1133 1699 :
1167 1656 1350 1703 contra
1380 1654 1539 1719 quam
1589 1650 1813 1719 gloriam
1847 1668 1952 1707 non

358 1732 674 1803 appenditur
706 1736 955 1805 quaelibet
985 1736 1317 1807 quantalibet
1372 1738 1640 1794 tribulatio
1689 1748 1955 1812 tempora.

363 1827 448 1879 lis.
482 1825 723 1898 Indignor
745 1829 889 1883 enim
916 1837 1031 1883 sunt
1081 1833 1341 1900 passiones
1381 1831 1535 1903 Imjus
1571 1835 1839 1904 temporis,
1880 1835 1954 1889 ait

356 1918 662 1985 Aposlolus,
697 1918 765 1970 ad
792 1919 1015 1987 futuram
1035 1919 1273 1990 gloriam,
1318 1936 1432 1992 qua!
1459 1922 1755 1977 revelabitur
1781 1925 1833 1979 in
1857 1941 1951 1979 no~

357 2006 430 2060 bis
460 2005 645 2076 (Rom.
672 2023 788 2072 vui,
816 2009 924 2077 l8).
951 2008 1008 2064 Si
1032 2009 1147 2064 hanc
1177 2009 1248 2064 ita
1277 2018 1424 2078 sunt,
1454 2011 1613 2067 modo
1658 2028 1818 2069 nemo
1862 2029 1953 2071 co-

354 2100 484 2165 gitet
511 2098 819 2165 carnaliter,
851 2115 957 2155 nou
979 2110 1065 2155 est
1091 2110 1322 2172 tempus.
1348 2100 1661 2160 Concutitur
1701 2105 1948 2171 tnundus,

355 2188 627 2243 excutitur
648 2195 799 2242 vetus
825 2188 984 2244 homo
1016 2204 1029 2242 :
1061 2192 1321 2259 premitur
1347 2206 1495 2258 caro,
1546 2193 1804 2264 liquescat
1845 2198 1955 2267 Spi-

359 2278 511 2334 ritus.
533 2278 687 2333 iacet
712 2277 854 2334 Petri
879 2293 1077 2349 corpus
1091 2279 1298 2348 Romae,
1327 2280 1508 2338 dicunt
1536 2283 1814 2352 homines;
1860 2287 1942 2357 ja-

358 2376 445 2423 cet
494 2368 643 2423 Pauli
700 2384 897 2440 corpus
926 2369 1141 2436 Romae,
1186 2370 1455 2428 Laurentii
1498 2388 1693 2445 corpus
1735 2376 1949 2446 nonne,

353 2460 578 2515 aliorum
604 2469 912 2516 sanctorum
938 2469 1231 2534 martyrum
1247 2477 1472 2534 corpora
1513 2465 1695 2534 jacent
1718 2466 1902 2523 Roma:
1932 2485 1947 2534 ;

359 2560 415 2605 et
442 2553 633 2608 misera
675 2562 759 2608 est
796 2555 989 2619 Roma.
1037 2563 1095 2611 et
1132 2564 1371 2611 vastatur
1424 2556 1592 2615 Roma
1617 2600 1633 2628 ,
1676 2559 1947 2633 afﬂigitur,

353 2645 673 2713 sottteritur,
703 2644 1025 2704 incenditur.
1059 2647 1162 2705 Tot
1183 2656 1391 2720 strages
1426 2652 1618 2707 mortis
1672 2653 1826 2722 tiunt,
1853 2669 1951 2725 per

354 2735 570 2803 famem,
602 2751 696 2806 per
730 2746 956 2807 pestem,
983 2754 1080 2810 per
1102 2738 1353 2810 gladium;
1378 2741 1465 2796 ubi
1512 2752 1639 2799 sum
1680 2744 1949 2803 Memoriae

357 2828 777 2898 Apostolorum?
805 2827 941 2899 Quid
961 2831 1132 2888 dicis?
1163 2832 1306 2889 Ecce
1324 2833 1428 2891 hoc
1454 2834 1584 2903 disi,
1615 2837 1785 2892 Tanta
1812 2838 1947 2894 mala

355 2920 523 2978 manu
555 2923 776 2993 patitur,
807 2924 898 2979 ubi
923 2934 1050 2981 sunt
1094 2925 1365 2983 Memoria:
1409 2930 1834 2999 Apostolorum?
1875 2928 1946 2987 lbi

351 3012 610 3077 sunt,sed
633 3012 688 3069 in
714 3022 768 3069 te
819 3029 926 3070 non
954 3025 1100 3072 sum.
1145 3016 1359 3074 Utinam
1400 3019 1452 3072 iu
1501 3028 1552 3074 te
1587 3029 1788 3087 essent,
1810 3022 1947 3093 quis-

347 3103 468 3171 quis
492 3103 590 3158 ista
626 3103 884 3174 loqueris,
904 3108 1151 3179 quisquis
1180 3109 1254 3163 ita
1280 3109 1479 3181 desipis
1497 3151 1513 3175 ,
1562 3110 1807 3183 quisquis
1845 3130 1944 3171 vo-

348 3201 502 3248 catus
528 3194 584 3249 in
607 3195 798 3264 spiritu
823 3199 1111 3253 causaliter
1157 3200 1321 3270 sapis.
1372 3200 1599 3257 Prorsus
1635 3202 1809 3260 adhuc
1852 3220 1943 3275 pa-

347 3286 598 3343 tientiam
644 3285 849 3356 doceo,
898 3288 1132 3346 nondum
1164 3292 1502 3362 sapientiam.
1554 3293 1768 3352 Patiens
1803 3306 1940 3364 esto,

348 3380 605 3437 Doruiuus
642 3381 775 3437 vult.
795 3382 1015 3452 Qumris
1043 3398 1215 3455 quare
1250 3385 1422 3441 velit?
1472 3385 1635 3442 Itill‘er
1675 3398 1937 3444 secretum

344 3474 684 3545 cognitionis,
726 3475 1102 3532 strennitatem
1135 3478 1452 3535 obedientia:
1480 3494 1737 3551 praepara.
1776 3481 1938 3539 Ferre

348 3574 405 3620 te
432 3564 546 3620 vult
576 3583 592 3621 :
620 3565 756 3622 ferto
782 3567 927 3639 quod
953 3569 1084 3635 vult,
1112 3577 1168 3625 et
1188 3569 1334 3625 dabit
1350 3570 1490 3641 quod
1520 3571 1617 3627 vis.
1641 3570 1710 3627 Et
1735 3580 1931 3639 tamen,

343 3657 539 3713 fratres
564 3659 689 3726 mei,
734 3673 864 3716 ecce
886 3660 1060 3716 audeo
1084 3660 1309 3717 dicere:
1338 3661 1568 3718 libenter
1601 3663 1829 3719 audituri
1851 3679 1936 3720 es—

340 3747 497 3816 tis,si
524 3747 1055 3820 jam'primaspartes
1071 3751 1390 3808 obedientim
1415 3752 1691 3817 retinetis,
1721 3754 1765 3808 si
1785 3755 1931 3815 estin

337 3839 493 3901 vobis
513 3840 649 3896 lenis
671 3851 731 3897 et
748 3841 895 3896 mitis
915 3842 1167 3912 patientia
1221 3843 1426 3898 tetendi
1466 3842 1804 3900 dominicam'
1835 3860 1933 3900 vo-

337 3932 627 3989 luntatem.
647 3933 814 3991 Lenia
855 3935 1052 4006 quippe
1082 3951 1187 3993 non
1216 3934 1466 4003 ferimus,
1510 3937 1604 3994 sed
1647 3952 1927 3995 amamus:

336 4038 526 4095 aspera
578 4025 901 4093 toleramus,
954 4027 1023 4081 ad
1080 4028 1220 4083 lenia
1261 4028 1572 4099 gaudemus.
1643 4030 1927 4087 Dominum

337 4118 509 4174 Deum
552 4128 700 4174 tuum
730 4119 885 4191 vide,
912 4130 1069 4192 caput
1111 4130 1256 4177 tuum
1288 4122 1439 4189 vide,
1463 4125 1767 4195 exemplum
1812 4125 1931 4180 vitze

342 4218 449 4276 tua:
482 4208 637 4276 vide;
666 4210 1058 4282 redemptorem
1090 4222 1275 4278 tuum,
1335 4226 1600 4285 pastorem
1649 4223 1794 4271 tuum
1844 4225 1930 4271 at—

336 4299 534 4357 tende:
563 4299 738 4367 Pater,
771 4303 817 4360 si
834 4304 947 4373 ﬁeri
980 4316 1138 4376 potest
1155 4347 1172 4374 ,
1200 4316 1427 4363 transeat.
1458 4325 1492 4382 ᾳ
1535 4325 1612 4365 ate
1641 4310 1784 4365 calta:
1814 4310 1926 4365 iste-

336 4388 618 4455 Q'uomodo
642 4394 902 4449 ostendit
929 4394 1213 4453 humanam
1256 4398 1610 4464 voluntatem,
1658 4409 1712 4457 et
1756 4401 1929 4457 conti-

340 4492 448 4534 nuo
466 4482 729 4536 convertit
748 4483 980 4538 retusum
1027 4485 1097 4543 ad
1134 4485 1491 4545 obedientiam
1518 4490 1541 4545 ἲ
1574 4489 1928 4547 Verumtamen

333 4585 436 4625 non
463 4569 601 4639 quod
624 4587 719 4642 ego
740 4571 873 4636 noto,
906 4572 997 4627 sed
1043 4574 1179 4643 quod
1226 4585 1280 4630 tu
1330 4579 1438 4644 vis,
1484 4577 1643 4635 Pater
1685 4580 1920 4653 (dirutis.

222 4712 225 4715 η
332 4677 491 4729 nvi,
519 4662 590 4720 59
610 4664 649 4735 ).
679 4664 820 4720 Ecce
845 4665 1007 4722 Petro
1037 4666 1140 4722 hoc
1163 4666 1298 4723 dixit
1321 4667 1489 4726 :Cttsrt
1516 4674 1757 4739 meris,
1796 4675 1924 4729 alter

329 4765 380 4810 te
401 4756 589 4828 cinget,
606 4766 655 4812 et
679 4761 807 4831 feret
827 4775 926 4829 quo
943 4769 997 4813 tu
1023 4776 1125 4815 non
1147 4762 1238 4816 sis.
1260 4759 1507 4819 Ostendit
1524 4764 1577 4819 in
1600 4762 1698 4821 illo
1729 4765 1919 4823 buma-

329 4860 452 4902 ttam
487 4846 847 4920 voluntatem,
886 4849 1027 4905 circa
1068 4852 1469 4921 trepidationem
1507 4856 1717 4911 mortis.
1755 4859 1921 4914 Num-

327 4936 454 5006 quid
479 4940 603 5009 quia
626 4939 818 4996 nolens
841 4952 1084 4998 mortuus
1112 4952 1214 5007 est,
1250 4944 1437 5001 nolens
1488 4957 1776 5005 comnotus
1811 4951 1917 5007 est?
1945 4966 1948 4970 λ

325 5028 419 5083 Sic
434 5038 494 5085 et
516 5037 571 5085 tu
600 5031 828 5088 nolebas
855 5033 990 5089 forte
1016 5033 1262 5091 amittere
1286 5036 1550 5106 peculium
1580 5047 1747 5108 tuum,
1772 5043 1915 5112 quod

324 5117 412 5174 hic
453 5118 740 5177 relicturus
775 5137 896 5179 eras
921 5141 936 5178 :
963 5123 1178 5183 attende
1202 5141 1272 5182 ne
1294 5142 1419 5183 cum
1451 5128 1798 5200 relinquendo
1826 5149 1911 5189 re-

320 5225 564 5269 maneas.
582 5211 811 5270 Nolebas
824 5225 950 5281 ante
966 5227 1018 5273 te
1031 5217 1173 5274 mori
1188 5217 1355 5275 ﬁlium
1373 5230 1542 5288 tuum,
1558 5224 1780 5281 nolebas
1788 5236 1916 5284 ante

327 5313 382 5357 te
397 5304 532 5359 mori
554 5319 774 5362 uxorem
795 5316 961 5367 tm.
977 5307 1113 5375 Quid
1137 5310 1314 5367 enim?
1336 5311 1449 5368 Etsi
1495 5313 1666 5370 Rosea
1685 5331 1791 5372 non
1819 5333 1910 5374 ca-

330 5406 568 5463 peretur.
585 5411 693 5456 non
707 5398 900 5472 aliquis
911 5410 1149 5475 vestrum
1167 5405 1310 5474 prior
1325 5408 1612 5465 moriturus
1625 5414 1779 5467 erat?
1802 5412 1909 5468 No-

330 5486 482 5553 lchos
496 5498 620 5546 ante
640 5500 691 5547 te
707 5493 841 5549 mori
858 5506 1078 5551 uxorem
1094 5503 1262 5564 tuam,
1280 5497 1491 5556 nolebat
1514 5516 1649 5557 osor
1664 5513 1754 5558 tua
1782 5516 1911 5562 ante

328 5588 391 5631 se
419 5579 553 5634 mori
580 5581 750 5638 virum
780 5598 933 5663 suum
961 5602 975 5640 :
1004 5584 1268 5645 ambobus
1304 5587 1767 5662 obtemperaturus
1791 5607 1909 5652 erat

325 5664 619 5725 Dominus?
652 5670 794 5728 Ordo
820 5690 982 5745 penes
1011 5677 1180 5748 ipsum
1206 5679 1287 5735 ‘sit
1308 5720 1323 5747 ,
1348 5680 1438 5753 qui
1479 5674 1628 5740 novit
1658 5685 1923 5744 ordinare

1599 235 1655 290 S.
1693 230 2054 294 AUGUSTI.“
2105 236 2407 298 El'iSlDPl

3520 254 3663 312 1⁸556

2071 358 2212 429 quod
2240 366 2464 417 creavit.
2506 364 2828 438 Obtempcra
2872 386 3000 442 ergo
3039 379 3197 427 tanta:
3241 375 3508 431 voluntati
3542 378 3660 432 Dei.

2135 448 2361 533 QAPUT
2398 452 2489 509 Vl.
2514 485 2584 496 -—
2608 458 2660 511 7.
2695 457 2908 531 Pagano
2932 463 2997 516 de
3025 463 3189 518 Roma
3216 466 3505 521 rhristiauis
3535 478 3661 522 tein-

2070 541 2277 610 poribus
2291 542 2498 599 incensa
2521 546 2785 603 insultanti
2804 553 2926 622 quid
2952 555 3378 626 respondendum.
3405 556 3658 613 Christia-

2068 646 2162 686 nus
2187 643 2386 691 vocatus
2405 653 2506 692 non
2530 640 2599 693 ad
2625 649 2821 697 terrena
2838 684 2852 707 ,
2877 644 2967 699 sed
2992 646 3063 700 ad
3088 646 3325 705 ca'lestt'a.
3355 648 3476 705 ιω
3499 649 3658 705 video

2067 723 2193 808 quid
2217 725 2365 782 dicas
2390 727 2443 784 in
2468 730 2633 787 corde
2662 740 2793 788 tuo:
2824 734 2963 791 Ecce
2991 738 3319 808 temporibus
3346 739 3655 795 christianis

2064 804 2234 875 Roma
2275 819 2470 877 aﬂlieta
2501 832 2605 891 est,
2634 834 2691 880 et
2717 824 2933 882 incensa
2966 837 3069 885 est.
3102 804 3283 899 Quare
3321 834 3653 904 temporibus

2059 910 2365 971 cbrlstianis
2383 914 2553 985 iQuis
2576 916 2679 974 hoc
2704 919 2876 975 dicit?
2904 921 3278 979 Christianus?
3307 925 3446 996 Ergo
3470 936 3526 981 ιι
3554 926 3651 983 tibi

2059 1001 2345 1072 responde,
2373 1003 2420 1061 si
2444 1005 2767 1065 christianos
2791 1024 2851 1065 es
2873 1026 2887 1064 :
2913 1010 3137 1079 Quando
3159 1012 3330 1069 voluit
3357 1014 3520 1070 Deus.
3540 1014 3648 1072 Sed

2058 1091 2187 1163 quid
2208 1092 2328 1152 dico
2352 1099 2597 1168 pagano?
2620 1097 2843 1158 insultat
2861 1101 3010 1158 mihi.
3031 1103 3170 1173 Quid
3193 1105 3288 1161 tibi
3305 1104 3436 1162 dicit
3453 1108 3481 1161 2
3507 1108 3649 1164 unde

2061 1182 2152 1266 tibi
2190 1183 2443 1242 insultat?
2485 1188 2624 1246 Ecce
2649 1191 2863 1262 quando
2899 1191 3222 1253 faciebamus
3249 1196 3511 1252 sacriﬁcia
3544 1198 3644 1254 diis

2058 1274 2276 1341 nostris,
2304 1276 2478 1333 stabat
2501 1279 2701 1350 Roma,
2733 1282 2957 1341 ﬂorebat
2980 1284 3178 1352 Roma;
3205 1286 3371 1343 modo
3389 1289 3514 1359 quia
3549 1306 3640 1346 su-

2059 1365 2261 1433 peravit
2279 1374 2334 1422 et
2360 1367 2647 1427 abundavit
2668 1373 2986 1432 sacriﬁcium
3014 1375 3106 1433 Dei
3132 1378 3317 1446 vestri,
3340 1388 3398 1435 et
3423 1380 3643 1438 inhibita

2056 1463 2182 1509 sunt
2216 1464 2272 1510 et
2295 1457 2560 1528 prohibita
2595 1462 2854 1520 sacriﬁcia
2895 1454 3133 1522 deorum.
3157 1476 3491 1536 nostrorum,
3518 1486 3644 1528 ecce

2055 1547 2181 1618 quid
2207 1549 2404 1619 patitur
2433 1551 2618 1609 Roma.
2646 1555 2888 1613 Breviter
2906 1559 3172 1630 responde
3190 1561 3429 1628 interim,
3466 1573 3524 1617 ut
3554 1564 3648 1619 ille

2055 1653 2357 1707 careamus;
2386 1653 2638 1701 carterum
2662 1644 2753 1703 tibi
2779 1648 2879 1703 alia
2905 1650 3177 1706 meditatio
3201 1661 3303 1708 est.
3344 1653 3462 1708 Non
3500 1656 3646 1710 enim

2056 1738 2272 1786 vocatus
2297 1746 2355 1787 es
2384 1732 2450 1788 ad
2484 1736 2907 1807 amplectendam
2934 1750 3153 1808 terram,
3192 1742 3287 1798 sed
3324 1744 3393 1800 ad
3424 1760 3648 1816 compa—

2056 1819 2278 1876 randum
2304 1824 2533 1892 emittm;
2561 1842 2668 1883 nou
2691 1840 2907 1886 vocatus
2934 1846 2994 1887 es
3018 1831 3083 1888 ad
3120 1832 3425 1891 felicitatem
3470 1847 3647 1892 terre-

2055 1925 2211 1978 nam,
2232 1912 2325 1967 sed
2352 1914 2419 1968 ad
2448 1915 2756 1984 caelestem;
2784 1936 2891 1976 non
2914 1921 2980 1976 ad
3013 1924 3331 1994 temporales
3357 1941 3644 1983 successus

2053 2012 2107 2057 et
2152 2004 2551 2074 prosperitatem
2586 2010 2865 2066 volaticam
2900 2021 2955 2067 et
2984 2014 3338 2070 transitoriam
3361 2058 3377 2084 ,
3421 2017 3524 2072 sed
3570 2019 3640 2071 ad

2054 2102 2306 2149 mlernam
2346 2111 2469 2153 cum
2509 2099 2726 2170 Angelis
2766 2104 2949 2158 vitam.
2995 2104 3195 2161 Tamen
3246 2106 3367 2163 huic
3402 2112 3644 2164 amatori

2053 2185 2281 2242 tumulis
2301 2186 2581 2256 felicitatis,
2609 2201 2665 2247 ct
2688 2197 3063 2253 mttrtnurateri
3090 2198 3340 2255 adversus
3361 2201 3532 2258 Deum
3555 2204 3645 2257 vi-

2055 2293 2176 2332 vum
2201 2285 2257 2333 et
2289 2295 2505 2347 verum,
2538 2283 2733 2340 volenti
2763 2288 2963 2343 servire
2995 2288 3275 2347 daemoniis
3306 2303 3360 2348 et
3384 2292 3552 2364 lignis
3586 2306 3642 2349 ct

2054 2367 2338 2439 lapidibus,
2360 2372 2469 2428 cito
2497 2376 2777 2446 responde.
2800 2377 2949 2434 Sicut
2978 2380 3137 2436 habet
3172 2383 3396 2441 historia
3423 2400 3640 2452 eorum,

2054 2460 2353 2518 incendium
2380 2464 2484 2521 hoc
2504 2466 2755 2523 Romanae
2780 2470 2926 2525 urbis
2945 2474 3155 2528 tertium
3176 2483 3279 2529 est.
3308 2477 3459 2532 Sicut
3477 2476 3644 2532 habet

2053 2550 2271 2609 historia
2300 2570 2507 2625 eorum,
2535 2558 2671 2615 sicut
2706 2559 2904 2617 habent
2937 2562 3125 2621 litterae
3159 2567 3417 2637 ipsorum,
3449 2569 3639 2626 incen-

2052 2641 2196 2699 dium
2220 2645 2476 2703 Romanae
2499 2649 2665 2717 urbis,
2693 2652 2832 2723 quod
2856 2654 3015 2710 modo
3028 2657 3268 2728 contigit,
3290 2661 3508 2715 tertium
3527 2674 3637 2717 est.

2049 2732 2180 2801 Qua:
2203 2735 2365 2792 modo
2387 2741 2552 2796 semel
2577 2742 2726 2807 arsit,
2753 2742 2889 2798 inter
2907 2744 3163 2802 sacriﬁcia
3180 2745 3636 2819 Christianorum,

2050 2826 2156 2895 iam
2199 2826 2278 2882 bis
2310 2838 2514 2886 arserat
2546 2830 2687 2887 inter
2713 2831 2972 2890 sacrificia
3002 2834 3352 2908 Paganorum.
3381 2838 3567 2897 Semel
3604 2860 3635 2897 a

2047 2917 2217 2974 Gallis
2242 2921 2320 2976 sic
2355 2922 2568 2979 incensa
2598 2933 2709 2990 est,
2743 2934 2799 2981 ut
2822 2927 2972 2983 sules
3004 2929 3161 2985 collis
3192 2931 3527 3003 Capitolinus
3550 2952 3641 2991 re-

2050 3021 2311 3067 maneret.
2343 3013 2532 3071 Postea
2563 3031 2593 3071 a
2625 3016 2863 3086 Nerone,
2904 3022 3088 3077 nescio
3119 3030 3295 3080 utrum
3321 3024 3499 3083 dicam
3527 3044 3637 3083 sa:-

2051 3105 2226 3161 viente
2243 3121 2310 3160 an
2337 3106 2555 3175 ﬂuente,
2578 3111 2812 3167 secundo
2828 3113 2952 3184 igne
2976 3115 3144 3172 Roma
3178 3116 3435 3191 ﬂagravit.
3462 3120 3639 3179 iussit

2046 3192 2187 3250 Nero
2217 3196 2502 3268 imperator
2523 3200 2686 3272 ipsius
2712 3201 2916 3270 “om,
2939 3220 3129 3262 servus
3155 3208 3443 3275 idolorum,
3473 3212 3635 3268 inter-

2044 3285 2213 3343 fector
2232 3289 2627 3360 Apostolorum,
2638 3294 2817 3364 jussit,
2840 3306 2895 3351 et
2916 3297 3130 3355 incensa
3143 3310 3223 3356 est
3240 3300 3429 3357 Roma.
3454 3303 3633 3373 Quare

2044 3381 2276 3451 putatis?
2299 3398 2399 3454 qua
2417 3386 2617 3441 causa?
2644 3387 2814 3445 llomo
2829 3390 3023 3457 elatus,
3047 3395 3307 3464 superbus
3329 3407 3385 3453 et
3409 3397 3627 3462 ﬂuidus.

2040 3474 2333 3532 delectatus
2361 3487 2444 3533 est
2468 3479 2711 3537 Romano
2730 3482 2995 3541 inccndio.
3022 3485 3234 3554 Videre,
3263 3489 3457 3561 inquit,
3484 3494 3627 3555 vuln,

2038 3568 2306 3636 quomodo
2334 3568 2492 3640 Troia
2514 3573 2728 3630 arserit.
2755 3574 2901 3632 Arsit
2921 3592 3049 3648 ergo
3077 3579 3154 3634 sic
3175 3582 3362 3648 semel,
3391 3583 3498 3652 bis,
3516 3596 3623 3639 ter-

2039 3659 2135 3715 tio.
2158 3660 2314 3718 Modo
2340 3670 2393 3719 te
2410 3663 2536 3735 quid
2571 3664 2800 3723 delectat
2823 3678 3011 3726 contra
3050 3670 3215 3727 Deum
3243 3674 3500 3741 stridere,
3531 3693 3626 3749 pro

2035 3766 2094 3807 ea
2116 3767 2235 3823 qlia-
2257 3756 2534 3811 consuevit
2553 3756 2740 3813 ardere
2764 3757 2880 3831 (a)?

2105 3843 2334 3901 CAPUT
2373 3845 2482 3900 VII.
2511 3878 2582 3890 —-
2599 3848 2654 3904 8.
2687 3847 3086 3907 Christianorum
3112 3861 3185 3910 est
3210 3855 3319 3925 pati
3341 3859 3613 3913 metutam

1982 3964 1991 3983 ι
2039 3935 2254 4006 paratio,
2287 3946 2335 3992 et
2358 3955 2562 4009 sperare
2582 3939 2715 3995 bona
2737 3942 3061 4014 sempiterna.
3091 3943 3464 4004 Tribatatioues
3485 3967 3619 4020 prc'

2033 4025 2183 4080 dictae
2203 4041 2236 4079 α
2264 4026 2483 4083 Christo.
2508 4027 2612 4085 Sed
2636 4029 2689 4085 in
2722 4045 2805 4099 ea,
2833 4030 3097 4105 inquiunt,
3119 4037 3263 4107 passi
3298 4047 3435 4094 sunt
3473 4048 3618 4095 tanta

2033 4117 2171 4172 mala
2196 4128 2301 4174 tam
2327 4121 2476 4176 multi
2507 4121 2810 4179 Christiani.
2840 4124 3051 4183 Excidit
3079 4128 3171 4184 tibi
3195 4129 3315 4200 quia
3349 4131 3613 4186 Christia-

2031 4224 2219 4265 norum
2246 4220 2327 4266 est
2350 4213 2455 4282 poti
2482 4213 2618 4268 mala
2647 4216 2975 4285 temporalia,
2993 4226 3048 4273 et
3069 4217 3204 4274 bona
3227 4235 3617 4293 sperarem-m-

2033 4301 2272 4372 piterun?
2290 4303 2370 4359 Tu
2387 4305 2625 4376 quisquis
2650 4321 2886 4378 paganus
2904 4323 2984 4377 es,
3014 4308 3178 4366 babes
3191 4312 3334 4382 quod
3356 4313 3579 4385 plangas
3598 4335 3615 4379 ;

2028 4393 2149 4462 quia
2193 4394 2500 4463 temporalia
2532 4395 2832 4467 perdidisti,
2869 4407 2926 4453 et
2953 4408 3151 4455 :eterna
3186 4401 3420 4458 nondum
3460 4404 3616 4460 inve-

2029 4482 2171 4537 nisti.
2205 4482 2372 4538 llabet
2404 4482 2722 4541 ehristiauus
2752 4488 2891 4558 quod
2915 4489 3112 4560 cogitet
3138 4508 3154 4546 :
3179 4490 3344 4546 Ornat
3365 4495 3616 4565 gaudium

2026 4574 2323 4640 existimate,
2353 4580 2538 4645 fratres
2565 4578 2681 4645 mei,
2704 4594 2816 4632 cum
2839 4579 2892 4633 in
2920 4582 3273 4638 tentatiouilnts
3300 4586 3457 4641 rariis
3476 4587 3617 4641 inti-

2025 4667 2199 4722 deritis
2248 4665 2451 4740 (Jacobi
2505 4683 2557 4736 t,
2599 4667 2679 4740 2).
2732 4670 2872 4727 Dicis
2926 4673 3134 4743 itaque,
3162 4688 3196 4729 ο
3222 4689 3425 4747 pagane
3472 4694 3489 4733 :
3528 4678 3615 4737 Dii

2025 4757 2276 4827 prresidcs
2316 4757 2540 4814 Romam
2579 4760 2738 4817 modo
2786 4774 2889 4817 non
2930 4772 3299 4832 servaverunt,
3341 4766 3469 4831 quia
3503 4783 3615 4824 non

2022 4861 2140 4905 sunt
2167 4857 2334 4916 stunc
2353 4861 2716 4919 servaverunt,
2744 4854 2958 4924 qliaudo
2982 4865 3152 4912 erant.
3177 4856 3286 4915 Nos
3312 4858 3486 4917 Deum
3514 4877 3615 4918 no-

2020 4950 2188 4996 strum
2216 4940 2545 4998 ostendimus
2573 4957 2836 4999 verticem.
2866 4944 3119 5003 Priedixit
3155 4948 3254 5004 ista
3291 4952 3498 5019 omnia,
3526 4953 3612 5009 le-

2020 5031 2192 5102 gistis,
2238 5031 2462 5087 audistis
2508 5050 2523 5085 :
2570 5034 2662 5090 sed
2693 5036 2876 5091 nescio
2918 5047 3099 5093 utrum
3143 5042 3488 5107 meministis,
3518 5047 3609 5116 qui

2021 5125 2212 5180 talibus
2258 5125 2437 5182 verbis
2490 5126 2794 5183 turbnmiui.
2840 5127 2956 5185 Non
3010 5130 3234 5207 audistis
3281 5131 3606 5206 Prophetas,

2020 5232 2125 5274 non
2150 5218 2373 5275 audistis
2394 5218 2566 5290 ipsum
2594 5221 2875 5279 Dominum
2900 5221 3083 5280 Iesum
3104 5223 3380 5282 Christum
3404 5228 3602 5298 ιιι-εὼς

2014 5318 2222 5365 centeni
2254 5310 2390 5366 mala
2432 5310 2646 5367 futura?
2669 5312 2933 5379 Quantum
2970 5314 3179 5372 accedit
3211 5325 3343 5373 tetas
3375 5318 3597 5385 mundo,

2018 5411 2220 5457 tantum
2269 5396 2651 5475 propinquatur
2699 5403 2811 5460 ﬁni.
2858 5405 3129 5476 Audistis,
3171 5406 3392 5477 fratres,
3435 5410 3605 5467 sitnul

2013 5493 2355 5549 audivimus:
2387 5494 2548 5550 Erunt
2593 5493 2745 5563 ὕδωρ,
2791 5505 2935 5551 erant
2982 5500 3248 5567 tumultus,
3274 5509 3420 5556 erant
3458 5518 3601 5572 παι

2011 5601 2164 5654 sitne,
2188 5596 2333 5641 erant
2358 5591 2518 5660 [ames
2547 5586 2697 5660 (Luc.
2728 5603 2846 5654 ιιι,
2872 5587 3049 5660 9-H).
3078 5588 3255 5661 Quare
3284 5594 3436 5650 nobis
3468 5596 3600 5668 ipsis

2073 5698 2146 5755 (η)
2168 5697 2282 5750 vide
2304 5701 2368 5750 de
2392 5699 2590 5751 Civitate
2607 5701 2710 5762 Dei,
2735 5697 2818 5751 lib.
2846 5697 2895 5766 2,
2919 5713 3006 5766 cap
3045 5700 3121 5754 Ω.
