3974 6170
287 353 419 408 15ὕῖ

285 492 536 546 contrarii
559 503 770 554 sumus,
798 499 855 544 ut
873 488 1084 559 quando
1115 489 1356 557 leguntur
1382 483 1680 549 credamus,
1704 497 1874 552 quan-

285 585 354 636 do
377 581 662 650 implentur
682 577 1111 634 murmuremus?

356 671 580 728 CAPUT
637 670 768 725 Vlll.
815 700 886 711 —
926 670 978 724 9.
1007 667 1382 722 Tribulatioues
1407 664 1712 734 temporibus
1742 662 1874 716 cltri-

286 765 481 830 stianis,
509 782 574 818 an
597 766 812 830 maiores
849 763 967 826 sint,
1012 771 1058 814 et
1084 777 1256 830 quare.
1283 758 1649 812 Thesaurizare
1669 757 1722 809 in
1750 754 1873 808 ctelo

283 855 534 926 iubentur,
565 871 664 927 non
690 855 744 908 in
773 864 926 907 terra.
959 851 1066 907 Sed
1107 852 1226 922 plus
1264 849 1526 920 inquiunt,
1554 847 1673 917 plus
1703 852 1875 899 vasta-

287 956 373 1000 tur
403 945 561 1002 modo
590 961 758 1016 genus
780 945 1092 1000 humanum.
1122 943 1339 998 Interim
1380 940 1711 995 considerata
1736 953 1872 1008 pra:-

290 1038 442 1094 terita
491 1037 732 1102 historia,
779 1037 924 1090 salva
967 1036 1280 1106 qtuestione,
1317 1033 1498 1087 nescio
1525 1041 1700 1086 utrum
1733 1029 1872 1100 plus.

229 1113 238 1134 ’
287 1127 390 1182 Sed
435 1142 558 1183 ecce
601 1127 670 1182 sit
718 1127 836 1196 plus
865 1143 880 1180 :
908 1125 1070 1180 credo
1113 1125 1233 1193 quia
1279 1123 1416 1193 plus.
1462 1120 1718 1175 Dominus
1761 1118 1874 1188 ipse

287 1217 444 1272 solvit
466 1218 814 1288 qua'stionem
846 1235 859 1269 :
893 1217 1012 1286 plus
1039 1215 1197 1270 modo
1225 1223 1460 1268 vastatur
1481 1209 1729 1274 mundus,
1755 1210 1874 1280 plus

289 1316 545 1363 vastatur.
570 1307 707 1362 Audi
733 1321 900 1376 quare
919 1304 1078 1361 modo
1110 1306 1226 1376 plus
1252 1312 1508 1367 vastatur,
1540 1316 1663 1356 cum
1693 1301 1872 1354 Evan-

285 1399 484 1467 gelium
526 1399 720 1485 ubique
764 1397 1100 1468 praedicatur.
1140 1394 1384 1451 Attendis
1424 1401 1620 1464 quanta
1646 1390 1872 1448 celebri-

289 1500 398 1544 tate
429 1482 774 1562 Evangeliutn
811 1488 1156 1559 lprmdicatur,
1189 1494 1242 1541 et
1270 1500 1375 1540 non
1411 1482 1640 1538 attendis
1673 1490 1872 1552 quanta

287 1580 556 1651 impietate
603 1577 1010 1634 contemnatur?
1053 1577 1210 1642 Jam,
1265 1574 1493 1639 fratres,
1546 1571 1875 1628 dimittamus

289 1669 563 1738 paululum
591 1669 832 1739 Paganos
870 1668 1016 1733 foris,
1041 1667 1254 1722 oculum
1282 1667 1347 1721 ad
1379 1681 1496 1720 nos.
1526 1664 1871 1734 Evangelium

290 1762 606 1831 praedicatur
632 1770 742 1816 toto
769 1759 965 1814 mundo
995 1777 1009 1812 :
1041 1775 1221 1813 verum
1245 1765 1345 1812 est.
1375 1759 1672 1826 Antequam
1698 1754 1873 1809 Evan-

287 1853 482 1922 geliutn
516 1851 912 1921 prazdicaretur,
955 1849 1154 1904 latebat
1184 1849 1429 1901 voluntas
1475 1845 1566 1900 Dei
1600 1863 1612 1898 :
1654 1847 1705 1898 in
1734 1859 1872 1914 prat-

289 1942 554 1998 dicatione
584 1941 854 2011 Evangelii
907 1940 1072 2010 patuit
1114 1939 1360 1994 voluntas
1400 1935 1511 1990 Dei.
1555 1935 1760 1990 Dictum
1793 1943 1873 1989 est

289 2035 443 2090 nobis
473 2035 523 2088 in
556 2033 932 2103 przcdicatione
969 2031 1237 2101 Evangelii
1281 2029 1410 2099 quid
1449 2043 1629 2082 amare
1672 2027 1870 2082 debea-

290 2141 430 2191 mus,
458 2125 583 2196 quid
609 2134 976 2189 Contemnere,
1008 2123 1133 2194 quid
1164 2137 1342 2191 agere,
1372 2119 1498 2190 quid
1528 2120 1712 2184 vitare,
1746 2117 1872 2188 quid

288 2232 525 2285 sperare.
567 2217 756 2272 Omnia
802 2216 1096 2270 audivimus
1140 2233 1152 2268 :
1199 2229 1304 2267 non
1344 2213 1470 2266 latet
1507 2211 1751 2266 voluntas
1779 2210 1872 2264 Dei

291 2321 385 2375 per
412 2315 576 2360 totum
607 2305 885 2360 mundum.
928 2305 1072 2360 Pone
1102 2317 1315 2357 servum
1361 2300 1617 2354 mundum
1659 2316 1672 2351 :
1717 2307 1875 2352 etat-

291 2396 447 2451 tendc
485 2396 847 2466 Evangelium.
881 2396 1016 2449 Audi
1054 2395 1263 2450 Domini
1302 2408 1506 2448 vocem.
1552 2391 1745 2447 Servus
1775 2393 1876 2446 iste

293 2487 522 2542 mundus
549 2497 650 2552 cst.
678 2487 866 2542 Servus
891 2487 1112 2562 nesciens
1141 2486 1444 2540 voluntatem
1481 2483 1672 2537 domini
1698 2483 1795 2546 sui,
1827 2492 1874 2536 et

293 2579 484 2648 faciens
509 2577 661 2649 digna
687 2577 870 2648 plagis,
898 2577 1152 2646 vapulabit
1179 2591 1359 2644 pauca.
1391 2573 1590 2629 Servus
1624 2571 1870 2626 mundus.

289 2670 566 2737 Quomodo
596 2684 783 2724 servus
816 2667 1078 2724 mundus?
1120 2667 1249 2735 Quia
1288 2667 1506 2720 mundus
1536 2682 1625 2735 per
1647 2681 1762 2718 eum
1789 2665 1872 2734 [a—

286 2772 393 2817 ctus
431 2772 522 2825 est.
551 2772 599 2816 et
638 2761 854 2815 mundus
891 2775 1004 2816 eum
1041 2777 1138 2814 non
1175 2759 1402 2829 cognorit
1450 2755 1626 2828 (Joau.
1671 2772 1706 2821 t,
1759 2754 1872 2825 10).

289 2853 475 2908 Servus
503 2853 725 2907 nesciens
759 2851 1064 2905 voluntatem
1104 2849 1295 2902 domini
1318 2848 1414 2902 sui.
1446 2847 1583 2902 Ecce
1607 2845 1732 2915 quid
1758 2855 1876 2900 erat

286 2953 409 3000 ante
438 2944 684 2998 mundus.
727 2943 880 2997 Nunc
922 2955 1048 2997 vero
1088 2939 1251 3009 quid?
1290 2939 1478 2993 Servus
1521 2947 1688 2991 autem
1715 2937 1874 2990 sciens

287 3035 586 3089 uoluntatem
613 3035 804 3089 domini
829 3033 928 3097 sui,
959 3042 1004 3087 et
1025 3033 1214 3103 faciens
1234 3030 1386 3101 digna
1409 3028 1594 3100 plagis,
1617 3027 1874 3098 caltulabit

286 3126 443 3179 multa
473 3125 623 3199 (Luc.
679 3142 784 3191 xu,
823 3125 935 3194 47).
986 3123 1053 3177 Et
1077 3124 1275 3177 utinam
1319 3121 1483 3176 multa
1508 3121 1742 3189 vapulet,
1767 3136 1871 3174 non

287 3216 452 3270 semel
474 3216 773 3269 damnetur.
792 3212 928 3281 Quid
955 3226 1170 3267 recusas
1185 3211 1434 3280 vapulare
1453 3209 1638 3274 multa,
1663 3224 1694 3263 ο
1718 3223 1873 3264 serve

286 3307 461 3361 sciens
487 3307 807 3360 voluntatem
829 3304 1028 3359 domini
1058 3303 1150 3367 tui,
1181 3313 1234 3358 et
1261 3301 1458 3356 faciens
1486 3301 1641 3372 digna
1673 3301 1871 3372 plagis?

288 3396 487 3462 Dicitur
515 3396 607 3450 tibi
634 3395 782 3468 (ecce
809 3411 911 3448 una
938 3394 1181 3452 voluntas
1205 3391 1410 3448 Domini
1439 3392 1536 3460 tui)
1559 3408 1571 3443 :
1591 3389 1868 3445 Thesauri-

286 3495 397 3539 zate
410 3477 542 3539 vobis
560 3485 818 3538 thesauros
837 3485 889 3537 in
910 3482 1054 3547 celo,
1072 3483 1155 3537 ubi
1171 3498 1328 3559 neque
1345 3497 1537 3551 aerugo,
1559 3497 1716 3550 neque
1730 3496 1870 3534 com-

285 3585 450 3630 esturn
473 3579 792 3641 exterminat,
825 3576 908 3629 ubi
933 3578 1068 3646 [ures
1095 3592 1194 3629 non
1223 3573 1488 3641 effodiunt,
1521 3589 1609 3626 uec
1634 3572 1872 3641 furantur

286 3666 497 3737 (.llattlt.
530 3683 602 3732 vt,
633 3667 744 3736 20).
774 3664 852 3721 Tu
881 3666 931 3719 in
963 3675 1102 3720 terra
1131 3664 1457 3720 thesaurizas
1485 3679 1498 3715 :
1533 3662 1622 3718 ille
1651 3662 1704 3717 in
1731 3663 1871 3718 cmlo

281 3759 450 3828 jubet,
480 3758 665 3814 dicens
686 3758 800 3821 tibi,
846 3756 969 3812 Mihi
993 3755 1080 3819 da,
1110 3754 1181 3809 ibi
1205 3753 1395 3808 habeto
1420 3753 1750 3820 thesaurum,
1780 3753 1869 3809 ubi

284 3865 383 3920 rgo
409 3865 524 3904 sum
565 3859 764 3906 custos.
795 3849 938 3903 Mitte
965 3855 1088 3901 ante
1119 3855 1168 3901 te
1203 3845 1358 3916 :quid
1394 3859 1574 3900 servas
1602 3845 1655 3899 in
1691 3845 1868 3900 terra?

285 3942 434 4008 Quod
465 3941 696 4000 Cttledll
716 3940 978 4006 Christus,
1000 3925 1104 3993 non
1137 3937 1274 3993 tollit
1301 3936 1524 3993 Gothus.
1549 3936 1628 3991 Tu
1657 3945 1864 4001 contra,

288 4031 595 4098 prudentior
630 4029 831 4086 scilicet
859 4039 912 4084 et
950 4027 1240 4096 sapientior
1275 4025 1503 4082 Domino
1543 4035 1651 4091 tuo,
1683 4024 1868 4080 condis

286 4122 339 4176 in
373 4132 532 4177 terra.
556 4122 659 4178 Sed
689 4121 983 4192 cognovisti
1007 4120 1331 4174 voluntatem
1356 4118 1566 4173 Domini
1596 4118 1671 4173 tui
1699 4135 1711 4170 :
1744 4132 1864 4172 sur-

284 4228 402 4268 sum
437 4213 664 4268 condcrc
698 4213 881 4268 voluit.
912 4211 974 4266 Et
1009 4222 1062 4266 tu
1093 4228 1106 4266 :
1137 4212 1246 4282 Ego
1273 4211 1323 4265 in
1367 4219 1505 4265 terra
1531 4210 1724 4266 condo.
1767 4210 1868 4266 Pa-

284 4315 428 4359 ratus
454 4321 580 4376 ergo
602 4316 717 4361 esto
750 4306 1004 4374 vapulare
1030 4306 1214 4359 multa.
1245 4304 1381 4360 Ecce
1411 4303 1515 4358 scis
1541 4304 1866 4360 voluntatem

285 4395 492 4450 Domini
539 4397 610 4450 tui
657 4397 882 4452 volentis
914 4405 965 4451 te
1009 4411 1224 4450 servare
1253 4395 1304 4450 in
1331 4394 1491 4462 cmlo,
1523 4403 1577 4449 et
1604 4403 1660 4449 tu
1685 4410 1868 4452 servas

283 4489 337 4541 in
369 4497 505 4541 terra
538 4504 551 4540 :
588 4487 716 4542 facis
742 4486 897 4556 digna
926 4487 1109 4557 plagis.
1141 4487 1208 4541 Et
1240 4485 1453 4556 quando
1491 4485 1725 4556 vapulas,
1756 4472 1866 4540 bis;

290 4579 559 4648 sphcmas.
606 4578 972 4650 Blasphemas.
1016 4593 1350 4641 murmuras;
1400 4576 1534 4632 dicis
1578 4576 1719 4648 quod
1772 4576 1862 4632 tibi

285 4669 410 4724 lacit
454 4670 711 4726 Dominus
752 4679 889 4731 tuus,
921 4668 1034 4724 fieri
1085 4683 1190 4723 non
1231 4668 1430 4723 debuit.
1464 4667 1615 4736 Quod
1648 4666 1861 4738 facistu

286 4777 470 4819 servus
499 4765 689 4828 malus,
716 4764 815 4818 hoc
844 4761 956 4817 fieri
986 4760 1201 4818 debuit?
1547 4798 1551 4802 .

351 4853 577 4910 CAPUT
628 4853 718 4910 IX.
747 4883 812 4894 —
841 4852 924 4908 l0.
970 4851 1157 4908 Contra
1201 4849 1363 4904 Deum
1415 4850 1465 4902 itt
1503 4849 1723 4904 adversis
1765 4867 1862 4904 non

289 4944 721 5001 murmurantium.
749 4943 1030 5014 lntpiorum
1058 4941 1273 5012 felicitas
1295 4957 1477 5012 magna
1503 4941 1578 4994 ira
1609 4940 1722 4995 Dei.
1746 4939 1864 4994 Sal—

273 5043 389 5091 tem
420 5035 567 5090 illum
595 5033 770 5090 locum
795 5043 936 5096 tene,
967 5031 1071 5088 noli
1100 5045 1453 5093 murmurare,
1483 5029 1592 5084 noli
1622 5030 1866 5100 blaSplte-

281 5143 447 5183 mare.
480 5117 657 5182 Lauda
687 5125 853 5195 magis
884 5123 1163 5180 Dontinum
1186 5133 1355 5189 tuum,
1383 5122 1502 5193 quia
1532 5122 1752 5193 corripit
1782 5131 1861 5178 te:

279 5216 434 5272 lauda
461 5217 582 5288 quia
611 5214 861 5271 emendat
890 5223 960 5280 te,
999 5222 1057 5267 ut
1099 5213 1406 5268 consoletur
1443 5223 1510 5267 te.
1547 5212 1705 5278 Quem
1734 5214 1863 5266 enim

279 5307 446 5379 diligit
488 5305 644 5372 Deus,
687 5305 932 5376 corripit;
977 5303 1201 5375 ﬂagellat
1239 5313 1402 5356 autem
1449 5319 1642 5358 onmem
1679 5304 1862 5374 ﬁlium,

279 5415 424 5469 quem
460 5399 636 5470 recipit
688 5395 870 5469 (llebr.
903 5411 995 5463 xu,
1031 5394 1106 5467 6).
1136 5395 1214 5451 Tu
1241 5394 1498 5450 delicatus
1527 5395 1664 5450 filius
1695 5395 1865 5452 domi-

278 5493 447 5554 nicus,
479 5499 534 5546 et
556 5489 719 5558 recipi
748 5488 851 5554 vis,
879 5496 934 5542 et
961 5486 1214 5558 ﬂagellari
1240 5503 1347 5543 non
1378 5487 1455 5542 vis
1484 5505 1496 5541 :
1526 5494 1582 5542 ut
1624 5496 1677 5543 tu
1707 5487 1863 5557 (luas,

272 5580 371 5637 illc
399 5581 703 5638 mentiatur.
757 5577 949 5635 Debuit
996 5593 1123 5648 ergo
1167 5578 1542 5648 Apostolorum
1589 5578 1839 5636 Memoria

274 5686 372 5744 per
396 5688 554 5742 quam
582 5669 674 5732 tibi
696 5678 1024 5742 prmparatur
1043 5670 1258 5737 castum,
1286 5686 1502 5728 scrvare
1529 5671 1621 5728 tibi
1644 5672 1696 5728 in
1726 5682 1864 5728 terra

275 5761 486 5820 theatra
517 5761 859 5820 insanorum?
891 5759 1054 5820 Planc
1093 5776 1276 5817 verum
1306 5772 1390 5821 est
1422 5781 1432 5819 :
1466 5757 1588 5817 ideo
1621 5771 1883 5835 martws.

1648 341 1880 399 διεπιΜο
1917 339 2182 398 CCXCVI.

3431 349 3568 406 1358

1986 469 2066 516 est
2095 460 2297 524 Petrus,
2323 470 2377 515 et
2397 460 2578 514 Romae
2608 460 2829 530 positus,
2848 469 2904 516 ut
2921 460 3121 532 lapides
3145 462 3208 518 de
3227 462 3435 520 theatro
3460 481 3564 521 non

1982 551 2264 606 caderent?
2289 551 2501 606 Excutit
2521 551 2659 606 Deus
2679 551 2895 607 delicias
2925 567 3208 622 puerorum
3236 554 3303 609 de
3323 555 3565 611 manibus

1981 640 2513 712 indisciplinatorum.
2538 641 2773 708 Fratres,
2800 651 3013 712 peccata
3035 643 3334 697 minuamus
3348 654 3401 704 et
3423 661 3567 701 mur-

1981 750 2154 788 mura.
2181 735 2370 789 llostes
2391 734 2559 789 simus
2580 735 2940 805 iniquitatibus
2964 735 3177 799 nostris,
3197 737 3454 791 murmuri
3470 753 3564 794 nos

1981 835 2093 880 stro
2125 843 2137 879 :
2181 826 2334 880 nobis
2359 827 2667 889 irascamur,
2699 841 2800 881 non
2841 827 2968 880 Deo.
2997 825 3306 893 lrascimini,
3339 842 3563 898 prorsus

1981 915 2276 970 irascimini
2302 933 2314 969 :
2339 915 2433 970 sed
2459 915 2526 970 ad
2553 932 2684 987 quos
2710 917 2868 971 usus?
2891 915 2954 970 Et
2982 917 3134 970 nolite
3159 933 3364 987 peccare
3389 917 3563 989 (Psal.

1981 1022 2056 1072 tv,
2086 1008 2161 1079 5).
2192 1007 2270 1062 Ad
2304 1008 2404 1063 hoc
2431 1009 2737 1072 irascimini,
2770 1024 2836 1064 ne
2867 1009 3116 1079 peccetis.
3146 1009 3357 1066 Etenim
3394 1013 3568 1067 omnis

1980 1097 2160 1164 homo,
2188 1114 2345 1169 quem
2377 1100 2617 1169 panitet,
2644 1100 2746 1156 sibi
2773 1101 3017 1156 irascitur
3045 1118 3057 1154 :
3084 1103 3410 1171 poenitentiae
3435 1103 3566 1159 iram

1978 1199 2194 1246 exercet
2214 1190 2266 1245 in
2289 1207 2366 1246 se.
2386 1191 2479 1246 Vis
2499 1207 2624 1262 ergo
2647 1202 2701 1246 ut
2727 1193 2818 1247 tibi
2845 1202 3027 1262 parcat
3046 1193 3224 1249 Deus?
3245 1195 3322 1249 Tu
3345 1195 3436 1251 tibi
3459 1196 3567 1252 noli

1978 1295 2218 1350 parcere.
2247 1281 2381 1350 Quia
2423 1283 2469 1337 si
2516 1290 2570 1337 tu
2617 1284 2706 1339 tibi
2745 1284 2935 1354 parcis,
2969 1284 3059 1339 ille
3087 1283 3182 1340 tibi
3210 1300 3316 1343 non
3345 1298 3564 1357 parcet:

1977 1371 2099 1440 quia
2134 1372 2182 1428 si
2223 1383 2277 1428 et
2303 1373 2392 1428 ille
2435 1373 2526 1428 tibi
2554 1384 2755 1445 parcat,
2797 1375 2958 1445 peris.
2989 1374 3066 1432 Ne
3091 1377 3194 1430 scis
3228 1377 3368 1447 quod
3392 1388 3566 1449 optas,

1979 1464 2168 1531 miser;
2193 1467 2354 1536 peris.
2375 1466 2526 1523 Sicut
2543 1467 2686 1524 enim
2703 1467 2956 1538 scriptum
2975 1478 3075 1534 est,
3100 1467 3353 1539 Flagellat
3369 1485 3569 1528 omnem

1978 1554 2158 1622 ﬁlium,
2208 1575 2356 1625 quem
2411 1559 2594 1628 recipit
2641 1575 2659 1611 :
2711 1559 2788 1612 sic
2831 1560 2992 1614 etiam
3027 1559 3152 1614 illud
3203 1559 3566 1628 time,-lm’ta-

1977 1647 2045 1701 rit
2085 1645 2359 1704 Dominum
2407 1659 2658 1720 peccator.
2709 1649 2862 1706 Unde
2916 1650 3063 1705 scis?
3110 1650 3262 1722 quasi
3301 1650 3569 1711 diceretur

1978 1737 2076 1800 illi,
2110 1739 2258 1795 Unde
2277 1741 2383 1794 scis
2407 1741 2527 1810 quia
2554 1741 2778 1794 irritavit
2809 1741 3088 1795 Dominum
3123 1743 3400 1811 peccator?
3427 1741 3569 1800 Vidit

1980 1828 2187 1886 felicem
2224 1841 2574 1902 peccatorem,
2602 1831 2836 1904 quotidie
2862 1831 2998 1886 mala
3028 1831 3325 1897 facientem,
3357 1840 3411 1888 et
3435 1833 3564 1890 nihil

1978 1922 2100 1976 mali
2129 1923 2437 1993 patientem,
2470 1932 2524 1976 et
2551 1922 2603 1976 in
2636 1922 2844 1992 Spiritu
2872 1931 3054 1976 sancto
3077 1925 3093 1954 ¹
3137 1921 3362 1988 horruit,
3393 1932 3446 1978 et
3471 1923 3568 1978 do—

1979 2012 2095 2079 luit,
2147 2021 2200 2067 ct
2243 2013 2406 2076 dixit,
2441 2010 2668 2066 Irritarit
2715 2011 2993 2066 Dominum
3037 2023 3288 2083 peccator.
3314 2013 3567 2068 Peccator

1979 2101 2077 2156 istc
2109 2103 2196 2171 qui
2235 2102 2356 2155 facit
2385 2109 2529 2156 tanta
2568 2102 2726 2166 mala,
2759 2109 2810 2157 ct
2837 2101 2968 2155 nihil
3001 2102 3119 2156 mali
3149 2103 3363 2172 patitur,
3393 2103 3566 2158 irrita.

1980 2194 2050 2246 vit
2093 2193 2397 2246 Dominum.
2429 2193 2690 2248 Provocat
2723 2192 3004 2247 Dominum
3041 2212 3053 2246 :
3087 2211 3178 2263 pro
3224 2196 3567 2264 magnitudine

1983 2283 2074 2336 ἕνα·
2097 2299 2202 2336 sua:
2222 2299 2321 2336 non
2347 2284 2566 2350 exquiret
2596 2281 2776 2353 (Psal.
2810 2298 2883 2346 ις,
2912 2281 2990 2352 4).
3021 2281 3141 2336 ldeo
3170 2299 3273 2336 non
3301 2285 3561 2354 exquiret.

1980 2374 2099 2442 quia
2125 2374 2345 2426 multum
2371 2373 2633 2426 irascitur.
2673 2372 2769 2440 Qui
2804 2372 2939 2426 tollit
2965 2374 3383 2442 correptionem,
3417 2388 3564 2445 parat

1980 2465 2398 2520 damnationem.
2433 2464 2552 2519 Non
2579 2465 2800 2536 exquiret
2831 2480 2850 2520 :
2881 2480 3002 2518 nam
3033 2465 3076 2519 si
3113 2467 3443 2535 exquireret,
3471 2467 3561 2524 ﬂa-

1978 2556 2226 2627 gellaret;
2260 2564 2313 2612 et
2337 2555 2560 2611 fortasse
2597 2554 2925 2611 emendaret.
2956 2555 3112 2610 Modo
3135 2565 3311 2611 autem
3342 2558 3563 2614 multum

1979 2649 2224 2704 irascitur
2264 2667 2276 2703 :
2326 2647 2567 2704 felicibus
2611 2648 2807 2720 iniquis
2854 2649 3076 2703 multum
3126 2649 3390 2718 irascitur,
3443 2668 3563 2709 cum

1979 2756 2083 2794 mn
2115 2740 2460 2811 llagellanlur.
2492 2739 2668 2795 Nolite
2702 2740 2876 2794 zelare
2904 2741 3042 2802 illos,
3090 2741 3252 2795 nolite
3285 2743 3421 2799 velle
3445 2759 3568 2800 esse

1978 2832 2116 2887 sicut
2142 2832 2214 2884 illi
2249 2829 2530 2887 infeliciter
2561 2831 2766 2887 felices.
2804 2831 2990 2887 Melius
3025 2840 3106 2886 est
3135 2832 3199 2886 ad
3242 2842 3448 2905 tempus
3473 2837 3568 2890 fla-

1977 2922 2184 2992 gellari,
2218 2937 2377 2991 quam
2404 2923 2455 2976 in
2483 2931 2741 2978 mternum
2770 2922 3028 2977 damnari.

2049 3011 2276 3069 CAPUT
2313 3013 2381 3068 Χ.
2407 3043 2481 3054 -—
2505 3014 2591 3068 ll.
2635 3013 2791 3067 Antor
2827 3014 2880 3066 in
2914 3013 3073 3067 Deum
3114 3024 3218 3068 tum
3247 3027 3489 3086 apparet,
3522 3021 3567 3072 si

1978 3112 2217 3157 amantur
2245 3104 2390 3158 lucra
2420 3104 2534 3158 Dei.
2562 3106 2700 3176 Ergo
2725 3105 3117 3161 commendavit
3136 3107 3287 3162 nobis
3312 3108 3566 3164 Dominus

1977 3212 2106 3252 oves
2125 3212 2269 3265 suas,
2296 3198 2418 3268 quia
2444 3198 2604 3254 Petro
2626 3198 3022 3255 commendavit
3046 3217 3060 3252 :
3089 3200 3134 3254 si
3167 3211 3340 3255 tamen
3376 3217 3441 3257 ex
3466 3203 3564 3257 ali-

1977 3301 2078 3356 qua
2107 3297 2257 3356 parte
2279 3287 2361 3343 vel
2381 3299 2619 3345 extrema
2639 3288 2784 3360 digni
2811 3304 2996 3344 sumus
3019 3292 3292 3361 pulverem
3316 3293 3565 3363 vestigio-

1975 3393 2094 3433 rum
2114 3378 2258 3433 Petri
2279 3379 2518 3445 calcare;
2541 3380 2933 3436 commendavit
2954 3375 3106 3436 nobis
3126 3395 3254 3436 oves
3285 3383 3560 3438 Dominus.

1976 3469 2114 3524 Oves
2159 3471 2326 3541 ipsius
2353 3471 2480 3524 estis
2504 3510 2519 3535 ,
2568 3471 2838 3526 vobiscum
2866 3485 2994 3525 oves
3022 3486 3204 3526 sumus
3229 3514 3242 3537 ,
3273 3474 3394 3543 quia
3418 3473 3562 3528 chri-

1976 3560 2134 3614 stiani
2182 3575 2387 3615 sumus.
2419 3559 2533 3614 Jam
2564 3561 2826 3626 diximus,
2871 3561 3137 3630 pascimus
3177 3570 3231 3615 et
3275 3561 3561 3630 poscimur.

1975 3652 2166 3705 Amate
2189 3651 2374 3714 Deum,
2393 3657 2452 3704 ut
2476 3659 2619 3704 amet
2638 3664 2732 3704 vos
2750 3650 2907 3706 Deus.
2931 3650 2998 3706 Et
3020 3666 3124 3704 non
3142 3652 3363 3720 potestis
3388 3662 3535 3709 esten
3550 3680 3565 3693 -

1975 3741 2104 3798 dere
2132 3749 2386 3812 quantum
2415 3741 2604 3796 ametis
2634 3742 2820 3806 Deum,
2850 3741 2948 3796 nisi
2975 3752 3229 3814 quantum
3254 3748 3563 3815 apparueri~

1976 3833 2044 3888 tis
2071 3847 2254 3889 amare
2291 3832 2437 3887 lucra
2462 3832 2573 3887 Dei.
2604 3832 2739 3901 Quid
2769 3833 2932 3887 habes
2961 3845 3217 3902 prmstare
3241 3835 3368 3902 Deo,
3403 3835 3564 3893 homo

1945 3924 2227 3980 -cordate?
2265 3924 2389 3996 quid
2430 3931 2652 3994 praestas
2685 3924 2825 3979 Deo?
2853 3923 2988 3993 Quid
3028 3927 3310 3994 prmstabat
3339 3927 3562 3983 Petrus?

1973 4019 2164 4073 Totum
2194 4017 2296 4072 hoc
2326 4035 2340 4071 :
2372 4015 2536 4072 Pasce
2561 4032 2674 4071 oves
2721 4031 2858 4070 meas
2888 4014 2908 4089 (
2925 4015 3079 4071 Joan.
3127 4033 3237 4084 χχι,
3274 4018 3393 4091 17).
3423 4018 3560 4089 Quid

1973 4120 2195 4182 praestas
2225 4110 2352 4176 Deo,
2377 4119 2434 4163 ut
2457 4110 2526 4164 sit
2555 4108 2744 4178 major,
2775 4117 2833 4162 ut
2859 4109 2927 4163 sit
2954 4108 3166 4176 melior,
3201 4119 3258 4164 ut
3283 4110 3348 4165 sit
3379 4110 3556 4174 ditior.

1973 4210 2028 4255 ut
2048 4201 2117 4256 sit
2147 4200 2493 4256 honoratior?
2527 4199 2936 4269 Qualiscumque
2963 4209 3016 4254 tu
3047 4205 3175 4267 eris,
3209 4200 3297 4256 ille
3324 4202 3422 4256 hoc
3461 4202 3562 4258 erit

1972 4290 2110 4362 quod
2149 4297 2285 4345 erat.
2333 4290 2475 4361 Ergo
2513 4289 2726 4345 attende
2751 4289 2902 4360 juxta
2935 4299 3006 4356 te,
3037 4305 3104 4346 ne
3143 4289 3278 4346 forte
3321 4293 3562 4362 proximo

1973 4392 2229 4454 praestare
2267 4381 2496 4445 debeas.
2525 4381 2666 4452 quod
2695 4383 2969 4452 perveniat
3006 4383 3072 4436 ad
3114 4383 3297 4439 Deum.
3344 4381 3562 4450 Quando

1972 4475 2058 4528 um'
2083 4490 2146 4528 ex
2181 4473 2401 4526 minimis
2439 4474 2560 4526 meis
2585 4474 2793 4544 fecistis,
2817 4474 2940 4528 mihi
2969 4475 3154 4544 fecistis
3187 4475 3401 4544 (Matth.
3429 4491 3556 4538 xxv,

1973 4563 2098 4635 40).
2127 4563 2182 4619 Si
2213 4578 2342 4634 ergo
2363 4564 2615 4618 esurienti
2635 4563 2839 4634 jubcris
2859 4580 3052 4634 panem
3077 4564 3339 4636 frangere,
3365 4575 3418 4620 tu
3441 4569 3526 4636 put
3543 4600 3558 4608 -

1973 4656 2110 4710 santi
2138 4653 2305 4710 debes
2329 4654 2610 4710 ecclesiam
2639 4653 2933 4711 claudere?
3327 4667 3333 4673 ’

2042 4745 2272 4803 CAPUT
2311 4746 2402 4802 ΧΙ.
2429 4777 2500 4788 -
2529 4747 2616 4804 12.
2649 4745 2736 4804 Ea;
2763 4747 2944 4804 [torreri
2975 4750 3128 4804 etiam
3163 4761 3276 4819 post
3304 4754 3559 4823 relapsum

1970 4837 2252 4902 redeuntes,
2283 4837 2492 4908 benigne
2527 4838 2826 4907 reeipiendi.
2862 4838 3038 4907 Quare
3061 4839 3164 4894 hoc
3188 4839 3334 4895 dixi?
3351 4840 3560 4900 (λοιπῆς

1969 4927 2138 4982 stavit
2171 4941 2271 4982 nos
2305 4926 2446 4996 quod
2483 4926 2808 4992 audivimus,
2837 4928 3092 4997 quamvis.
3116 4939 3408 4999 praesentia
3451 4945 3559 4988 non
3636 4960 3639 4963 -

1970 5017 2251 5084 fuerimus,
2278 5017 2420 5088 quod
2449 5017 2662 5088 quidam
2690 5033 2759 5073 ex
2787 5018 3074 5074 Donatistis
3109 5021 3330 5079 veniens
3357 5023 3422 5078 ad
3452 5023 3558 5080 ες.

1972 5107 2226 5173 clesiam,
2285 5116 2557 5178 peccatum
2611 5109 3040 5180 rebaptizationis
3083 5115 3380 5182 conﬁtens,
3435 5133 3556 5174 cum

1972 5197 2041 5253 ad
2069 5199 2436 5269 paenitentiam
2479 5197 2546 5254 ab
2573 5199 2825 5270 episcopo
2850 5199 3251 5271 exhortaretur,
3300 5207 3558 5265 reclama-

1976 5303 2084 5348 tum
2109 5301 2194 5349 est
2219 5307 2248 5346 a
2285 5291 2602 5363 quibusdam
2641 5291 2922 5358 fratribus,
2952 5303 3006 5349 et
3029 5296 3272 5368 repulsus
3300 5308 3400 5356 est.
3431 5301 3556 5362 Dico

1974 5384 2230 5441 Charitati
2261 5391 2470 5447 vestrae,
2497 5393 2632 5439 torta
2659 5394 2804 5452 sunt,
2835 5392 2970 5440 torta
2999 5399 3123 5443 sunt
3145 5404 3206 5444 es
3237 5389 3337 5446 hoc
3352 5393 3554 5450 viscera

1975 5484 2176 5532 nostra.
2202 5474 2454 5532 Fateatur
2479 5475 2648 5542 vobis,
2679 5491 2784 5533 non
2811 5477 2965 5534 nobis
2993 5479 3164 5550 placet
3192 5482 3309 5538 talis
3333 5482 3556 5557 diligen-

1976 5568 2065 5623 tia.
2100 5567 2223 5624 Scio
2249 5567 2372 5638 quia
2403 5568 2519 5624 zelo
2549 5568 2642 5624 Dei
2687 5567 2929 5627 fecerunt
2955 5581 3010 5628 et
3044 5573 3311 5632 Ecclesiae.
3353 5575 3556 5636 Putatis

1975 5660 2097 5730 quia
2125 5658 2256 5714 nihil
2287 5660 2481 5715 factum
2500 5667 2603 5726 est,
2631 5662 2752 5731 quia
2781 5661 2882 5721 hoc
2909 5662 2976 5720 ad
3007 5677 3194 5722 omnes
3217 5666 3425 5724 sonuit?
3449 5667 3553 5725 lto-

2039 5772 2055 5802 ι
2081 5775 2238 5839 recte,
2257 5777 2308 5822 et
2324 5769 2376 5823 tn
2397 5771 2568 5834 spiritu
2589 5784 2689 5824 aia.
