3974 6170
405 373 542 431 1365

378 480 383 486 ’
402 483 690 546 offendisti,
722 487 779 535 ut
805 480 942 535 inter
970 476 1144 533 omnia
1173 490 1291 549 qum.
1309 474 1392 531 vis
1413 474 1567 542 bona,
1586 473 1730 528 solus
1749 470 1882 527 velis
1895 485 1984 527 es—

405 590 465 632 se
493 570 704 631 malus?
726 570 859 627 Cara
876 579 957 625 est
981 568 1075 624 tibi
1098 567 1243 634 villa,
1274 582 1413 623 uxor
1442 574 1551 633 tua,
1585 564 1749 620 vestis
1763 570 1874 626 tua,
1906 570 1982 628 et,

405 676 463 721 ut
491 664 557 720 ad
585 672 881 739 extremum
927 661 1228 727 veniamus,
1278 657 1445 728 caliga
1489 665 1610 721 tua;
1650 664 1703 710 et
1724 652 1874 709 viluit
1891 651 1984 706 tibi

401 756 576 812 anima
603 753 734 810 tua?
761 752 922 809 Certe
957 753 1064 807 vita
1094 751 1192 806 ista
1217 747 1665 817 laboribus-plena
1694 751 1796 807 est,
1836 757 1979 798 teru-

404 847 562 912 mnis,
614 843 1015 910 tentationibus,
1057 841 1307 907 miseriis,
1355 838 1646 904 doloribus,
1705 834 1985 891 timoribus

403 938 555 1008 plena
578 944 661 991 est
715 936 813 990 ista
852 935 960 990 vita
991 951 1006 987 :
1035 941 1182 989 certe
1230 930 1568 985 manifestum
1603 935 1684 984 est
1729 926 1852 997 quia
1878 924 1984 980 his

400 1026 648 1083 omnibus
676 1026 829 1081 malis
850 1024 1003 1095 plena
1019 1031 1120 1080 est.
1138 1022 1206 1078 Et
1227 1030 1403 1077 tamen
1423 1020 1502 1076 sic
1523 1017 1790 1089 quomodo
1811 1015 1987 1071 omni-

401 1122 500 1176 bus
540 1118 694 1174 malis
726 1118 880 1188 plena
929 1125 1033 1183 est,
1064 1116 1107 1171 si
1131 1115 1250 1186 quis
1293 1114 1437 1168 illam
1468 1112 1622 1167 nobis
1646 1110 1799 1167 daret
1825 1116 1984 1164 reter-

399 1226 522 1266 nam
538 1209 635 1275 sic,
666 1209 824 1264 talem
858 1207 1031 1279 qualis
1067 1214 1165 1271 est,
1200 1202 1423 1277 quantas
1457 1203 1658 1274 gratias
1681 1214 1981 1271 ageremus,

398 1308 460 1357 ut
477 1314 690 1371 semper
708 1299 890 1354 miseri
916 1312 1156 1354 essemus
1176 1296 1202 1350 τ
1224 1294 1337 1350 Non
1361 1290 1519 1349 talem
1550 1293 1833 1364 promittit,
1863 1307 1972 1346 non

399 1391 716 1463 quicumque
745 1390 927 1457 homo,
969 1389 1062 1444 sed
1092 1389 1230 1444 Deus
1259 1401 1435 1443 verus.
1466 1386 1599 1441 Vera
1634 1386 1837 1440 veritas
1864 1398 1989 1455 pro-

324 1470 331 1487 ’
401 1482 563 1536 mittit
588 1482 771 1547 vitam,
804 1496 909 1535 non
942 1480 1114 1536 solum
1130 1490 1407 1540 :nternam,
1430 1477 1526 1532 sed
1545 1477 1703 1531 etiam
1732 1476 1940 1531 beatam
1966 1491 1981 1541 ;

401 1572 489 1627 ubi
520 1572 659 1627 nulla
684 1572 946 1632 molestia,
972 1571 1153 1626 nullus
1199 1570 1368 1636 labor,
1393 1568 1570 1623 nullus
1599 1568 1776 1635 timor,
1809 1566 1985 1622 nullus

397 1664 573 1720 dolor.
605 1664 678 1719 lbi
706 1665 858 1734 plena
880 1672 933 1718 et
960 1671 1067 1718 t0ta
1088 1670 1235 1717 certa
1264 1661 1542 1717 securitas.
1572 1659 1690 1713 Vita
1720 1658 1820 1712 sub
1846 1658 1981 1724 Deo,

403 1758 510 1811 vita
532 1770 653 1810 cum
683 1756 812 1821 Deo,
836 1754 942 1809 vita
967 1753 1036 1809 de
1083 1753 1215 1816 Deo,
1244 1752 1350 1806 vita
1381 1751 1493 1820 ipse
1520 1751 1682 1814 Deus,
1714 1748 1861 1804 Talis
1890 1762 1987 1803 no-

402 1848 485 1903 bis
528 1858 725 1903 aiterna
776 1847 1144 1917 promittitur:
1176 1854 1231 1900 et
1257 1845 1383 1899 huic
1426 1842 1753 1913 temporalis,
1783 1850 1837 1896 et
1863 1842 1979 1905 ista,

405 1940 505 1994 hoc
534 1947 637 2006 est,
667 1939 857 1994 misera
902 1946 957 1992 et
980 1950 1280 1991 aerumnosa
1311 1931 1675 2005 prteponitur?
1716 1933 1987 2002 Pra-poni-

402 2041 506 2091 tur,
548 2028 783 2098 inquam,
812 2042 879 2081 an
907 2026 1056 2081 non?
1084 2020 1439 2095 Prmponitur,
1467 2023 1681 2095 quando
1707 2023 1788 2078 vis
1814 2023 1988 2078 homi-

396 2121 594 2176 ridinm
623 2119 817 2186 facere,
857 2135 924 2176 ne
946 2119 1210 2175 moriaris.
1241 2117 1420 2173 Times
1441 2117 1585 2173 enim
1613 2130 1681 2172 ne
1710 2124 1760 2171 te
1780 2115 1986 2171 occidat

398 2227 604 2279 servus,
644 2220 699 2268 et
725 2221 776 2267 tu
820 2211 1019 2267 occidis
1059 2224 1293 2265 servum.
1333 2209 1514 2264 Times
1560 2224 1627 2264 ne
1678 2198 1745 2263 te
1777 2208 1985 2264 occidat

403 2320 557 2371 uxor,
575 2304 639 2359 de
664 2318 765 2374 qua
816 2302 952 2359 forte
1002 2301 1194 2357 falsum
1239 2301 1575 2373 suSpicaris;
1590 2308 1646 2356 et
1673 2308 1727 2355 tu
1764 2299 1984 2355 dimissa

398 2410 591 2461 uxore,
637 2393 964 2449 adulterinas
1001 2393 1213 2463 nuptias
1247 2406 1369 2446 eum
1414 2391 1584 2446 altera
1629 2389 1982 2460 concupiscis.

400 2486 535 2541 licce
562 2485 789 2540 amando
814 2484 996 2548 vitam,
1029 2483 1307 2555 perdidisti
1347 2481 1510 2535 vitam
1548 2499 1564 2536 :
1608 2491 1824 2537 retentae
1858 2482 1982 2536 vita:

397 2576 772 2645 temporalem,
802 2576 974 2631 beata:
1001 2575 1250 2629 miseram
1279 2572 1571 2643 prmtulisti.
1599 2573 1665 2627 Et
1686 2572 1809 2642 quid
1838 2573 1985 2628 inve-

397 2668 520 2723 nisti
542 2666 566 2720 ?
595 2666 753 2722 Forte
777 2682 898 2721 cum
919 2680 1099 2720 servas
1115 2665 1298 2730 vitam,
1318 2663 1507 2719 nolens
1527 2664 1785 2735 exspiras.
1804 2663 1983 2733 Quan-

397 2758 469 2814 do
512 2758 638 2813 hinc
667 2772 778 2837 eas,
817 2757 1049 2827 ignoras.
1082 2755 1196 2823 Qua
1233 2754 1403 2809 fronte
1431 2755 1545 2810 exis
1567 2755 1633 2809 ad
1662 2754 1933 2810 Christum
1959 2753 1983 2807 Ἰ

402 2851 516 2919 Qua
546 2849 720 2905 fronte
743 2864 960 2904 recusas
989 2847 1342 2919 supplicium!
1367 2846 1481 2901 Non
1502 2846 1644 2910 dico,
1667 2846 1779 2915 Qua
1811 2846 1983 2902 fronte

399 2943 633 3012 postulas
665 2941 985 3013 praemium?
1016 2941 1134 2995 Eris
1173 2940 1224 2994 in
1245 2947 1439 2994 interna
1472 2949 1645 2994 morte
1670 2940 1975 3006 damnatus,

397 3034 484 3103 qui
512 3033 661 3103 eligis
707 3030 1052 3102 temporalem
1082 3030 1269 3096 vitam,
1311 3029 1463 3100 cujus
1509 3029 1769 3084 electione
1793 3038 1979 3085 conte-

399 3126 537 3179 mnis
565 3125 992 3192 sempiternath

466 3215 690 3272 CAPUT
728 3216 819 3270 Vl.
850 3216 996 3272 —9.
1053 3215 1164 3269 Vita
1213 3214 1359 3269 beata
1411 3216 1491 3269 hic
1543 3231 1642 3269 non
1687 3217 1980 3287 qmerenda.

404 3307 520 3363 Dies
550 3309 708 3363 malos
728 3322 818 3362 nos
844 3307 1077 3379 furiatus.
1108 3305 1316 3360 Homini
1345 3306 1533 3360 malum
1563 3307 1764 3361 nonnisi
1788 3307 1850 3361 ab
1884 3308 1981 3362 Ito-

398 3402 552 3455 mine.
579 3397 745 3453 Homo
770 3415 801 3451 a
821 3398 954 3452 mulo
984 3414 1036 3452 se
1055 3398 1167 3468 ipso
1190 3396 1430 3452 liberatus
1470 3396 1587 3451 (rudi
1612 3397 1675 3451 ab
1700 3398 1869 3468 aliqua
1885 3415 1985 3454 non

399 3500 579 3560 potest.
602 3489 710 3545 Sed
758 3505 865 3544 non
906 3487 1057 3543 audis
1085 3488 1387 3543 consilium.
1411 3489 1584 3542 Vitam
1627 3490 1840 3559 quieris,
1871 3490 1987 3544 dies

401 3585 570 3639 honos
598 3583 811 3654 qumris.
849 3583 1050 3636 Bonum
1079 3590 1163 3637 est
1205 3581 1347 3653 quod
1372 3582 1587 3653 quieris,
1613 3581 1708 3636 sed
1758 3596 1864 3637 non
1904 3592 1988 3637 est

399 3676 508 3732 hic.
562 3675 733 3731 liabet
780 3676 881 3732 iste
925 3675 1060 3746 lapis
1086 3675 1349 3746 pretiosus
1375 3675 1646 3744 regionem
1681 3690 1852 3741 suam,
1881 3689 1985 3730 non

402 3770 488 3825 hic
512 3769 763 3825 nascitur.
797 3768 1195 3837 Quantumlilzet
1223 3768 1430 3823 labores
1466 3768 1735 3836 fodiendo,
1766 3784 1869 3824 non
1903 3769 1990 3825 hic

401 3862 638 3919 invenies
661 3861 803 3934 quod
854 3861 942 3916 hic
979 3876 1084 3915 non
1115 3871 1216 3915 est.
1245 3858 1350 3916 Sed
1376 3860 1458 3915 fac
1487 3860 1627 3930 quod
1672 3860 1908 3931 julietur,
1936 3872 1991 3917 et

401 3954 542 4026 quod
562 3969 709 4010 amas
726 3952 996 4010 reddetur.
1029 3953 1169 4008 Ecce
1218 3950 1359 4008 enim
1391 3952 1681 4023 quamlith
1721 3954 1875 4025 longa
1921 3954 1991 4009 sit

402 4046 508 4103 vita
538 4046 660 4113 ista,
716 4044 970 4115 numquid
1002 4042 1119 4099 dies
1148 4044 1315 4098 honos
1355 4042 1591 4098 invenies
1616 4042 1703 4097 hic
1730 4043 1754 4095 ἲ
1801 4043 1989 4099 Videte

400 4137 527 4208 quid
575 4137 913 4209 adjuuxerit:
946 4135 1114 4191 Vitam
1157 4145 1204 4189 et
1229 4132 1335 4190 dies
1361 4134 1515 4190 bonos
1541 4151 1558 4189 :
1582 4151 1648 4189 ne
1669 4135 1735 4190 sit
1764 4135 1894 4202 vita,
1928 4144 1984 4191 ct

402 4230 595 4285 misera
632 4228 701 4283 sit
730 4236 945 4300 propter
969 4227 1084 4283 dies
1111 4226 1301 4283 malos.
1324 4226 1609 4282 Abundant
1634 4226 1721 4282 hic
1745 4226 1860 4283 dies
1873 4242 1987 4283 ma-

402 4324 435 4375 li
481 4340 493 4375 :
525 4320 618 4375 sed
649 4319 763 4393 dies
808 4320 977 4374 malos
1028 4334 1132 4374 non
1169 4318 1258 4375 ille
1283 4319 1364 4374 sol
1411 4318 1553 4384 facit,
1597 4319 1686 4389 qui
1716 4319 1883 4374 currit
1921 4318 1991 4373 ab

402 4413 609 4468 oriente
629 4411 680 4467 in
694 4412 1022 4468 occidentem
1039 4412 1279 4476 veniens,
1294 4421 1348 4467 et
1368 4411 1536 4466 altero
1552 4410 1639 4465 die
1658 4410 1948 4481 procedens
1970 4429 1986 4466 :

403 4502 496 4558 sed
522 4501 638 4559 dies
667 4502 854 4569 malos,
888 4500 1099 4567 fratres,
1130 4508 1228 4556 no‘s
1253 4502 1493 4558 facimus.
1522 4502 1580 4557 Si
1605 4502 1741 4557 bene
1776 4501 1989 4557 vivere-

403 4606 523 4647 mus
546 4606 734 4646 omnes
761 4591 895 4656 dies,
928 4598 982 4646 et
1004 4592 1093 4646 hic
1141 4591 1465 4647 haberemus
1495 4592 1667 4647 bonos
1713 4591 1853 4649 dies.
1892 4592 1991 4648 Et-

402 4684 546 4740 enim
571 4682 768 4738 homini
793 4681 930 4738 unde
955 4681 1172 4750 malum,
1201 4681 1394 4737 nisi'ab
1416 4682 1629 4738 homine
1653 4683 1678 4738 τ
1699 4686 1991 4740 Enumera-

404 4789 455 4832 te
484 4781 678 4849 quanta
720 4774 1051 4832 extrinsecus
1095 4773 1341 4836 homines
1372 4776 1661 4846 patiantur.
1716 4775 1848 4843 Qua:
1878 4791 1985 4832 non

404 4870 680 4928 videantur
694 4868 762 4924 ab
788 4866 1089 4924 hominibus
1116 4865 1250 4933 fieri,
1275 4883 1535 4939 perpauca
1553 4876 1693 4923 sunt.
1710 4868 1993 4925 Abundant

312 5002 313 5005 η
404 4964 544 5019 mala
581 4961 784 5019 homini
811 4962 878 5018 ab
919 4960 1156 5016 homine.
1200 4959 1359 5017 Furta
1390 4960 1458 5017 ab
1508 4960 1743 5025 homine,
1777 4963 1989 5020 adulte-

403 5054 540 5110 rium
571 5068 759 5124 passus
796 5060 880 5108 est
905 5052 956 5106 in
990 5068 1156 5108 uxore
1181 5051 1250 5107 ab
1297 5052 1534 5118 homine,
1564 5054 1813 5109 seductus
1842 5063 1923 5109 est
1943 5056 1991 5110 ei

403 5159 593 5201 servus
612 5143 678 5199 ab
703 5142 939 5204 homine.
967 5142 1170 5198 celatus
1199 5152 1283 5198 est
1311 5142 1378 5197 ab
1401 5143 1638 5212 homine,
1667 5146 1994 5216 proscriptus

403 5246 487 5293 est
509 5236 576 5291 ab
622 5234 857 5298 homine,
890 5244 1223 5306 expugnatus
1252 5243 1336 5290 est
1363 5234 1430 5289 ab
1460 5236 1694 5302 homine,
1743 5238 1986 5307 captivus

402 5328 594 5386 ductus
628 5335 710 5383 est
753 5326 818 5381 ab
843 5324 1079 5381 homine.
1108 5323 1290 5381 Libera
1316 5342 1420 5391 me,
1446 5325 1678 5394 Domine,
1703 5328 1764 5381 ab
1793 5330 1996 5385 [tantine

404 5420 541 5476 man
571 5418 592 5495 (
626 5419 767 5477 Psat.
795 5436 1017 5489 LXXXIX,
1043 5421 1078 5475 2
1110 5421 1150 5491 ).
1178 5417 1292 5476 Jam
1329 5428 1383 5475 tu
1427 5422 1666 5492 quisquis
1692 5421 1992 5487 audis,non

404 5514 607 5583 cogitas
627 5512 727 5570 nisi
757 5512 826 5569 de
851 5513 1088 5578 inimico,
1117 5528 1275 5584 quem
1294 5513 1495 5584 pateris
1524 5507 1753 5568 vicinum
1774 5515 1991 5579 malum,

406 5613 695 5673 potentem,
726 5616 1050 5672 consortem,
1079 5606 1271 5662 civem.
1308 5605 1551 5663 Forsitan
1578 5606 1643 5664 de
1670 5607 1873 5665 latrone
1896 5609 1993 5665 ista

406 5694 627 5764 rogitas,
654 5698 864 5768 quando
896 5699 1067 5766 audis,
1101 5699 1280 5753 Libera
1326 5717 1420 5767 me,
1446 5699 1678 5767 Domine,
1707 5701 1768 5756 ab
1799 5703 1996 5760 homine

407 5786 542 5841 mulo
565 5801 584 5855 ;
610 5796 664 5841 ct
692 5790 768 5843 sic
799 5802 938 5856 oras,
975 5787 1185 5860 quando
1232 5804 1375 5859 oras,
1400 5807 1454 5845 ιιι
1484 5789 1669 5847 liberet
1691 5800 1740 5847 te
1767 5793 1906 5851 Deus
1926 5796 1992 5850 ab

1631 359 1690 418 S.
1732 348 2099 415 AUGUSTINI
2133 348 2433 409 EHSCOPI

3536 363 3677 421 1565

2092 464 2310 524 lmmiue
2357 469 2521 533 malo,
2571 468 2662 525 illo
2691 469 2773 526 vel
2806 470 2903 526 illo
2929 471 3146 528 inimico
3194 474 3408 531 tuo.Tu
3443 477 3551 532 coli
3584 479 3679 533 tibi

2088 574 2211 615 esse
2245 559 2434 615 malus.
2466 560 2603 618 Audi
2630 579 2718 620 me
2747 582 2760 618 :
2790 564 2981 621 liberet
3010 574 3063 621 te
3093 565 3231 622 Deus
3258 582 3288 621 a
3328 578 3399 623 te.
3444 568 3677 637 Quando

2094 651 2239 706 enim
2262 653 2402 708 Dens
2429 654 2598 725 gratia
2620 669 2714 711 sua
2734 664 2788 711 et
2815 657 3179 715 misericordia
3205 658 3274 716 de
3296 660 3438 715 malo
3464 661 3593 717 facit
3625 672 3680 717 te

2091 745 2288 800 bonum
2318 764 2333 812 ;
2371 748 2511 803 unde
2540 756 2593 804 te
2638 748 2763 804 facit
2794 749 3013 816 bonum,
3062 750 3205 809 unde
3232 762 3285 809 te
3314 753 3528 816 liberat,
3565 755 3675 809 nisi

2090 850 2120 889 n
2151 845 2203 890 te
2249 836 2366 907 ipso
2411 837 2641 895 homine
2675 840 2855 894 malo?
2888 840 3140 903 Omnino,
3183 842 3382 899 fratres
3411 845 3543 908 mei.
3575 845 3684 902 hoc

2089 940 2273 981 vet-tun
2299 936 2402 993 est,
2445 929 2547 984 hoc
2595 939 2801 985 certum
2828 939 2931 997 est,
2958 931 3060 987 hoc
3090 934 3252 988 fixum
3276 943 3360 988 est
3395 952 3408 987 :
3450 935 3499 989 si
3528 936 3678 991 Deus

2088 1026 2143 1073 te
2168 1018 2474 1075 liberaverit
2501 1036 2531 1097 ξι
2553 1029 2609 1076 te
2634 1021 2750 1091 ipso
2776 1021 2993 1079 homine
3028 1024 3188 1093 malo,
3221 1024 3356 1080 nihil
3387 1025 3477 1081 tibi
3511 1042 3680 1083 nore-

2089 1110 2165 1167 bit
2189 1112 2425 1183 quisquis
2445 1112 2604 1169 fuerit
2625 1114 2760 1169 alius
2777 1114 2939 1172 homo
2961 1117 3150 1173 malus.

2159 1203 2388 1259 CAPUT
2431 1203 2538 1259 νη.
2565 1235 2639 1246 -
2657 1205 2742 1260 10.
2773 1205 2974 1262 Paulus
2992 1224 3025 1260 a
3048 1208 3184 1263 malo
3205 1225 3260 1263 se
3275 1209 3387 1279 ipso
3407 1209 3673 1264 liberatus.

2092 1292 2404 1363 Exemplum
2440 1309 2729 1364 proponam
2752 1296 2892 1352 unde
2914 1298 3109 1365 agitur,
3156 1297 3225 1354 de
3251 1298 3369 1367 ipso
3415 1301 3676 1369 apostolo

2088 1384 2270 1452 Paulo,
2301 1386 2452 1456 cujus
2470 1387 2802 1443 celebramus
2822 1390 3085 1459 passionis
3102 1389 3265 1446 diem.
3281 1390 3402 1446 Fuit
3424 1406 3677 1460 perseeu-

2089 1485 2195 1544 tor,
2220 1476 2580 1548 blasphemus,
2611 1478 2913 1549 iniuriosus.
2958 1480 3129 1536 Homo
3153 1489 3269 1536 erat
3313 1482 3488 1537 malus
3513 1499 3529 1545 ;
3559 1497 3677 1552 pm-

2087 1584 2156 1623 na
2183 1584 2278 1625 sua
2315 1569 2429 1641 ipse
2471 1571 2571 1628 sibi
2594 1581 2729 1626 erat.
2758 1572 2927 1627 Porro
2960 1582 3141 1629 autem
3167 1573 3534 1643 cunLanhelat
3557 1589 3670 1629 ea.

2087 1660 2202 1727 des,
2226 1671 2280 1717 et
2318 1661 2432 1717 sitit
2458 1662 2768 1733 sanguinem
2795 1662 3240 1731 Christianorum,
3287 1662 3502 1719 [usurus
3534 1678 3673 1736 pro-

2089 1755 2284 1825 prium,
2329 1755 2530 1811 habens
2568 1756 2774 1812 litteras
2797 1772 2827 1811 a
2854 1756 3179 1828 principibus
3206 1756 3577 1823 sacerdotum,
3602 1765 3664 1811 ut

2087 1845 2226 1916 apud
2271 1846 2581 1903 Damascum
2635 1862 3001 1918 quoscumque
3049 1847 3312 1903 inveniret
3358 1846 3671 1902 christiana:

2084 1938 2188 1993 via:
2216 1946 2531 2007 sectatores,
2553 1940 2762 1996 vinctos
2782 1939 3070 1996 adduceret
3091 1934 3406 2012 puniendos,
3437 1954 3672 2009 carpens

2087 2027 2226 2082 viam
2253 2027 2601 2095 crudelitatis,
2649 2029 2894 2085 nesciens
2940 2030 3173 2100 pietatis,
3225 2029 3428 2084 audivit
3482 2043 3673 2084 vocem

2087 2117 2319 2189 desuper
2344 2119 2509 2190 ipsius
2539 2120 2747 2175 Domini
2772 2122 2937 2177 nostri
2965 2120 3092 2177 Jesu
3113 2122 3308 2177 Christi
3335 2121 3405 2177 de
3427 2121 3570 2178 celo
3590 2122 3675 2177 di-

2087 2209 2258 2265 centis
2295 2229 2308 2265 :
2340 2209 2517 2276 Scuta,
2563 2209 2759 2279 Sardo,
2798 2212 2921 2285 quid
2963 2227 3045 2266 me
3086 2212 3386 2283 persequeris
3410 2213 3437 2266 .’
3464 2210 3676 2265 Durum

2087 2313 2160 2359 est
2201 2304 2290 2359 tibi
2324 2304 2562 2360 adversm
2594 2305 2853 2359 stimulant
2891 2303 3197 2379 calcitrare(
3224 2306 3332 2359 Act.
3358 2321 3434 2370 ιι,
3474 2306 3530 2369 ι,
3561 2305 3601 2360 5
3631 2307 3671 2374 ).

2089 2393 2191 2448 Ista
2239 2409 2368 2449 voce
2421 2408 2727 2466 percussus,
2783 2404 3079 2466 prostratus
3122 2405 3224 2462 est.
3251 2405 3582 2464 persecutor,
3615 2405 3669 2451 et

2086 2493 2296 2540 erectus
2338 2494 2421 2541 est
2474 2486 2819 2557 praedicator:
2848 2496 3143 2543 excaecatus
3192 2498 3277 2543 est
3304 2490 3358 2541 in
3385 2502 3570 2554 carne,
3613 2498 3673 2542 ut

2086 2575 2293 2631 videret
2323 2576 2373 2630 in
2391 2576 2590 2642 corde;
2624 2577 2948 2633 illuminatus
2977 2587 3059 2632 est
3104 2579 3155 2631 in
3186 2593 3370 2640 carne,
3396 2587 3453 2632 ut
3481 2577 3671 2647 ιιιτειιῑ-

2087 2680 2236 2725 caret
2263 2687 2327 2727 ex
2351 2672 2531 2728 corde.
2577 2670 2714 2741 Quid
2746 2672 2974 2737 videtur,
3018 2671 3208 2727 fratres
3231 2671 3257 2723 ?
3283 2671 3567 2726 Liberatus
3586 2679 3673 2726 est

2090 2762 2282 2819 Saulus
2306 2763 2373 2819 ab
2397 2762 2615 2819 homine
2643 2764 2784 2819 malo
2808 2783 2821 2817 :
2853 2779 2882 2818 a
2908 2779 3033 2835 quo,
3063 2765 3163 2819 nisi
3194 2779 3223 2817 a
3248 2779 3308 2818 se
3326 2764 3445 2834 ipso
3468 2763 3628 2819 Saulo
3645 2763 3672 2815 ?

2089 2855 2373 2927 Propterea
2397 2859 2645 2927 quoniam
2677 2858 2929 2913 liberatus
2966 2857 3152 2912 est'ab
3173 2856 3390 2912 homine
3428 2857 3571 2911 malo
3610 2870 3671 2912 se

2089 2946 2225 3015 ipso,
2250 2946 2372 3016 quid
2409 2948 2458 3001 ei
2486 2945 2616 3001 fecit
2640 2947 2783 3002 alius
2813 2947 2974 3003 homo
3008 2947 3218 3003 malus?
3255 2947 3490 3017 Apostoli
3528 2946 3669 3002 Petri

2088 3036 2248 3091 verba
2295 3046 2460 3091 sunt:
2493 3036 2560 3090 Et
2605 3039 2717 3109 quis
2762 3037 2899 3092 vobis
2926 3038 3138 3104 nocebit,
3167 3038 3210 3091 si
3255 3038 3372 3091 boni
3420 3046 3671 3090 mataras

2089 3128 2287 3197 fueritis
2314 3128 2334 3198 (
2359 3129 2375 3182 Ι
2410 3127 2549 3182 Petr.
2594 3145 2673 3194 tu,
2704 3130 2772 3185 i3
2791 3130 2857 3200 )?
2887 3130 3207 3186 Persecutus
3237 3140 3321 3184 est
3359 3129 3519 3184 homo
3550 3144 3671 3183 ma-

2090 3220 2192 3286 lu:,
2220 3219 2472 3291 lapidavit
2510 3220 2669 3277 homo
2717 3222 2912 3288 malus,
2941 3221 3101 3292 virgis
3146 3221 3336 3276 cecidit
3374 3221 3532 3274 homo
3556 3235 3674 3279 ma.

2095 3313 2215 3368 lus:
2264 3314 2329 3368 ad
2373 3323 2670 3369 extremum
2700 3315 2889 3381 tenuit,
2927 3315 3114 3376 vinxit,
3139 3313 3317 3378 traxit,
3350 3311 3541 3367 occidit
3569 3310 3671 3367 llo-

2092 3422 2180 3460 mo
2225 3406 2415 3459 malus.
2463 3406 2669 3474 Quanta
2729 3407 2820 3461 ille
2868 3406 3072 3461 addidit
3124 3407 3296 3472 mala,
3336 3415 3484 3462 tanta
3534 3406 3676 3460 Drus

2090 3500 2408 3571 pra'paravit
2432 3499 2589 3554 bona.
2612 3499 2839 3570 Quiquid
2866 3514 3052 3570 passus
3072 3510 3175 3566 est,
3191 3515 3296 3554 non
3320 3499 3415 3553 fuit
3433 3509 3642 3554 tarmen
3659 3529 3676 3540 -

2044 3626 2051 3633 ο
2096 3600 2203 3645 tum
2241 3606 2435 3662 poenae,
2463 3590 2557 3646 sed
2570 3591 2782 3648 occasio
2810 3605 3041 3646 coronae.
3072 3590 3254 3645 Videte
3283 3590 3408 3661 quid
3454 3591 3527 3644 sit
3546 3590 3677 3644 lihe-

2093 3684 2199 3738 rari
2235 3686 2302 3738 ab
2332 3683 2547 3740 herniae
2575 3685 2734 3750 malo,
2768 3684 2869 3739 hoc
2893 3693 2977 3740 est
3003 3700 3030 3737 a
3065 3700 3123 3739 se
3146 3685 3277 3754 ipso.
3309 3684 3457 3751 Quia,
3483 3684 3671 3753 inquit,

2090 3773 2231 3828 vobis
2262 3773 2478 3839 nocebit,
2502 3774 2547 3828 si
2569 3772 2689 3827 boni
2709 3784 2959 3829 amatores
2988 3774 3186 3845 {ueritis
3210 3773 3238 3827 2
3614 3810 3621 3816 .

2163 3862 2392 3921 CAPUT
2434 3864 2564 3919 Vill.
2588 3894 2661 3906 —-
2687 3866 2772 3921 il.
2797 3865 2929 3921 Mali
2949 3883 3049 3920 non
3063 3875 3240 3919 nocent
3261 3864 3452 3919 homini
3468 3863 3676 3919 librante

2094 3971 2128 4008 (ι
2159 3971 2214 4009 se
2238 3956 2347 4025 ipso
2372 3956 2526 4011 malo.
2553 3954 2711 4012 Festa
2755 3968 3051 4012 sanctorum
3079 3957 3328 4028 quomodo
3355 3956 3675 4011 celebranda.

2096 4049 2200 4104 Sed
2237 4063 2362 4104 ecce
2393 4058 2588 4105 nocent
2631 4050 2873 4105 homines
2906 4051 3050 4105 mali.
3084 4050 3250 4105 Tanta
3278 4050 3371 4104 tibi
3401 4049 3670 4118 fecerunt,

2094 4155 2128 4197 ο
2159 4141 2335 4197 Paule.
2394 4141 2702 4212 Respondet
2731 4140 2821 4196 tibi
2863 4141 3057 4197 Paulus
3086 4158 3101 4194 :
3129 4142 3274 4211 Opus
3297 4150 3515 4196 essetut
3542 4140 3680 4196 iibe-

2096 4243 2244 4288 ratus
2289 4249 2465 4290 essent
2512 4234 2581 4289 ab
2628 4232 2843 4289 homine
2884 4233 3046 4297 malo,
3079 4232 3184 4289 hoc
3214 4243 3318 4301 est,
3350 4249 3379 4287 a
3405 4248 3498 4288 me
3540 4232 3679 4301 ipso.

2095 4323 2357 4380 Caeterum
2383 4324 2508 4396 quid
2546 4324 2632 4380 isti
2656 4323 2900 4379 homines
2921 4323 3046 4379 mali
3070 4323 3198 4379 mihi
3232 4322 3429 4378 faciunt
3448 4322 3476 4376 τ
3514 4340 3537 4374 ι
3564 4321 3682 4378 Non

2103 4434 2123 4465 ι
2162 4424 2288 4471 sunt
2324 4415 2601 4487 condigna:
2654 4416 2931 4487 passiones
2958 4415 3115 4485 hujus
3158 4417 3415 4486 temporis
3436 4415 3509 4470 ad
3538 4414 3684 4470 futu-

2104 4524 2122 4554 ι
2162 4521 2272 4562 ram
2306 4506 2550 4578 gloriam,
2583 4522 2701 4578 qua:
2724 4506 3049 4561 revelabitur
3069 4506 3122 4561 in
3152 4505 3306 4561 nobis
3334 4504 3530 4575 (Rom.
3565 4521 3684 4571 vni,

2105 4617 2121 4651 ι
2166 4600 2303 4668 l8).
2357 4599 2563 4655 Etenim
2590 4601 2729 4670 quod
2777 4609 2861 4655 est
2886 4599 3007 4656 leve
3051 4597 3406 4654 tribulationis
3454 4608 3682 4666 nostrze,

2106 4710 2124 4743 ι
2161 4706 2317 4760 supra
2362 4691 2723 4747 incredibilem
2754 4691 2994 4757 modum,
3023 4699 3280 4746 :cternum
3328 4688 3520 4759 gloria:
3545 4705 3686 4760 pon~

2105 4800 2122 4832 ι
2162 4781 2261 4837 dus
2296 4790 2549 4852 operatur
2596 4783 2751 4838 nobis
2783 4784 2958 4847 ','non
2985 4778 3394 4851 respicientibus
3438 4794 3565 4850 qua:
3607 4783 3685 4833 vi-

2105 4894 2122 4925 ι
2159 4876 2369 4930 dentur.
2400 4874 2529 4944 Quae
2557 4874 2699 4930 enim
2746 4873 3011 4940 videntur,
3041 4874 3349 4943 temporalia
3377 4884 3537 4937 sunt;
3568 4888 3687 4944 qua:

2107 4984 2125 5015 ‹
2164 4974 2338 5021 autem
2367 4980 2471 5020 non
2495 4966 2759 5031 videntur,
2791 4973 2987 5023 teterna
3025 4984 3045 5018 ι
3081 4965 3101 5037 (
3127 4965 3167 5018 ll
3189 4963 3308 5021 Cor.
3336 4980 3409 5032 tv,
3442 4965 3532 5030 l7,
3556 4964 3683 5033 18).

2105 5058 2244 5114 \‘ere
2261 5057 2515 5113 liberatus
2540 5073 2599 5113 es
2625 5058 2694 5113 ab
2713 5058 2929 5114 homine
2948 5056 3109 5123 malo,
3139 5055 3243 5111 hoc
3268 5065 3354 5111 est
3375 5070 3406 5108 a
3439 5063 3493 5111 te
3521 5055 3671 5125 ipso;

2101 5164 2157 5208 ut
2176 5153 2351 5208 ceteri
2383 5152 2473 5207 tibi
2502 5151 2627 5207 mali
2650 5152 2894 5207 homines
2922 5165 3027 5207 non
3058 5150 3333 5213 obessent,
3376 5147 3474 5202 sed
3507 5147 3677 5218 magis

2100 5245 2436 5314 prodessent.
2455 5243 2616 5315 Ergo,
2635 5241 2953 5307 eharissimi,
2973 5239 3169 5296 festum
3195 5247 3505 5294 sanctorum
3520 5238 3682 5301 diem,

2101 5335 2190 5404 qui
2213 5334 2469 5390 adversus
2511 5341 2782 5403 peceatum
2808 5346 2975 5402 usque
2999 5329 3066 5384 ad
3087 5329 3397 5399 sanguinem
3440 5338 3686 5384 certave-

2101 5434 2245 5491 runt,
2266 5425 2573 5487 et,Domino
2598 5437 2698 5479 suo
2715 5423 2950 5478 donante
2980 5429 3143 5491 atque
3160 5420 3406 5491 juvante,
3424 5419 3685 5483 vicerunt,

2105 5519 2180 5571 sic
2204 5518 2559 5583 celebremus,
2603 5525 2656 5570 ut
2688 5529 2967 5580 amemus;
2999 5513 3078 5568 sic
3114 5525 3378 5577 amemus,
3411 5519 3475 5565 ut
3521 5510 3687 5565 imite-

2166 5746 2179 5775 ¹
2209 5741 2357 5799 miti,
2396 5741 2444 5791 in
2486 5743 2632 5794 vobis.
2678 5743 2816 5793 Abest
2838 5776 2852 5800 .
2886 5742 2960 5804 in,
2987 5753 3012 5790 a
3037 5739 3374 5801 manuscriptis
3401 5748 3453 5788 et
3478 5750 3508 5788 a
3531 5749 3689 5802 graeco

2102 5813 2242 5856 textu
2260 5810 2290 5854 Α
2303 5804 2494 5870 postult.
