3974 6170
387 407 409 459 l
422 403 524 459 365

381 534 518 573 mur:
543 526 600 573 ut
615 516 827 583 imitati,
840 516 905 572 ad
915 529 1099 573 eorum
1115 514 1330 586 prmmia
1351 511 1626 584 pervenire
1645 524 1959 566 mereamur.

808 608 1038 666 sautio
1071 605 1408 665 ccxcvtu-
1441 606 1539 678 (α).

565 694 614 738 tn
647 686 796 740 satall
825 690 1153 752 apostolorum
1183 688 1311 744 Petri
1344 693 1396 738 et
1427 685 1555 737 Pauli
1589 684 1682 749 (ὁ),
1714 699 1777 734 iv.

450 766 715 827 CAPUT
775 770 1106 827 PRIMUM.
1137 800 1206 810 --
1240 770 1291 825 Ι.
1327 768 1466 824 Petri
1520 778 1567 822 et
1617 765 1772 821 Pauli
1819 775 1966 821 nata-

386 857 495 912 litia
523 861 800 929 frequentia
849 862 1043 932 majore
1079 859 1395 915 celebranda.
1438 859 1726 914 Debuimus
1753 856 1963 928 quidem

385 957 648 1004 tantorum
678 959 970 1021 martyrum
993 952 1156 1014 diem,
1176 951 1278 1006 hoc
1296 959 1398 1017 est,
1421 959 1724 1004 sanctorum
1751 955 1966 1019 aposto~

385 1039 560 1095 lorum
594 1041 735 1096 Petri
763 1053 816 1097 et
845 1043 990 1098 Parui
1017 1043 1219 1113 majore
1248 1042 1538 1112 frequentia
1569 1039 1864 1094 celebrare.
1906 1037 1964 1092 Si

382 1133 526 1188 enim
570 1133 901 1189 celebramus
943 1134 1368 1205 frequentissime
1405 1132 1641 1188 natalitia
1679 1145 1961 1200 agnorum,

382 1230 582 1289 quanto
610 1224 778 1292 magis
816 1223 1071 1280 debemus
1097 1224 1362 1278 arietum?
1406 1224 1478 1277 De
1518 1221 1764 1276 ﬁdelibus
1796 1220 1960 1285 enim,

380 1325 516 1377 quos
546 1311 732 1366 lucrati
759 1322 883 1367 sunt
903 1314 1138 1383 Apostoli
1166 1313 1541 1382 praedicatione
1563 1327 1681 1376 sua,
1703 1310 1961 1380 scriptum

381 1411 485 1464 est,
513 1403 700 1469 AIferte
725 1404 940 1460 Domino
965 1407 1098 1475 ﬁlios
1121 1407 1331 1460 arietant
1356 1403 1523 1474 (Psal.
1547 1419 1736 1470 xsvut,
1767 1401 1835 1472 l).
1865 1401 1966 1455 Per

382 1496 654 1563 angustias
697 1497 1024 1566 passionum,
1071 1513 1165 1566 per
1202 1497 1336 1550 viam
1373 1496 1539 1565 spinis
1579 1494 1785 1564 plenam
1811 1535 1824 1557 ,
1869 1508 1965 1563 pt't‘

385 1583 754 1639 tribulationes
807 1587 1263 1655 persecutionum,
1299 1593 1354 1639 ut
1434 1591 1706 1639 transeant
1778 1593 1962 1652 postea

383 1671 591 1738 tidelcs,
641 1675 926 1743 Apostolus
969 1675 1133 1731 duces
1178 1676 1492 1729 halmerunt.
1538 1675 1729 1729 Beatus
1775 1675 1964 1728 Petrus

385 1762 585 1828 primus
615 1764 1009 1833 Apostolorum,
1044 1765 1229 1820 beatus
1260 1765 1449 1819 Paulus
1473 1765 1793 1818 novissimus
1824 1765 1966 1831 Apo-

382 1853 639 1906 stolorum
669 1871 682 1907 :
710 1854 798 1923 qui
827 1839 928 1908 rite
955 1855 1233 1909 coluerunt
1262 1871 1380 1909 eum
1404 1856 1488 1924 qui
1525 1854 1686 1914 dixit,
1723 1853 1828 1925 Ego
1853 1870 1964 1906 sum

381 1941 597 2007 primus,
620 1951 667 1994 et
695 1958 786 2012 ego
811 1960 920 1997 sum
949 1944 1243 1999 novissimus
1268 1943 1446 2013 (Apoc.
1474 1961 1510 2006 ι,
1541 1944 1627 2012 l7)
1652 1960 1664 2009 ;
1695 1943 1762 1996 ad
1799 1958 1961 1996 unum

383 2033 527 2087 diem
557 2033 822 2102 passionis
859 2035 957 2090 sibi
997 2035 1588 2106 occurrerunpprimus
1632 2043 1684 2089 ct
1729 2033 1962 2086 novissi-

381 2138 516 2176 nms.
553 2121 743 2178 Petrus
768 2123 1040 2178 ordinator
1067 2124 1234 2178 sancti
1268 2123 1518 2193 Stephani
1559 2122 1657 2176 fuit
1693 2120 1712 2195 (
1732 2121 1844 2175 Act.
1883 2137 1960 2187 vr,

382 2213 478 2282 6).
522 2213 748 2281 Quando
774 2214 1048 2269 ordinatus
1090 2224 1171 2268 est
1213 2214 1467 2268 diaconus
1506 2222 1706 2284 martyr
1733 2210 1962 2279 Stepha-

383 2320 501 2367 nus,
533 2306 669 2358 inter
713 2304 844 2359 alios
888 2304 1174 2375 Apostolos
1215 2320 1336 2358 eum
1381 2302 1647 2358 ordinavit
1691 2300 1962 2371 apostolus

388 2392 598 2448 Petrus.
633 2395 822 2450 Petrus
845 2395 983 2450 illius
1009 2394 1302 2459 ordinator,
1331 2393 1522 2448 Paulus
1550 2392 1688 2446 illius
1717 2407 1965 2461 persecu-

385 2492 485 2536 tor.
512 2481 616 2539 Sed
644 2485 812 2554 prima
849 2485 995 2539 Pauli
1039 2500 1143 2538 non
1185 2498 1518 2560 quaeramus,
1557 2483 1624 2536 de
1663 2481 1965 2537 novissimis

384 2573 662 2628 novissimi
700 2574 1045 2644 gaudeamus.
1087 2573 1218 2628 Nam
1248 2563 1494 2642 si'priora
1527 2573 1832 2644 quzcrimus,
1867 2585 1965 2626 nec

386 2663 548 2730 ipsius
578 2664 728 2719 Petri
778 2665 908 2720 satis
959 2665 1256 2735 placebunt.
1303 2665 1523 2719 Paulum
1567 2662 1798 2716 diximus
1841 2660 1964 2716 Ste-

384 2754 543 2821 phani
573 2755 742 2812 fuisse
772 2764 1192 2827 persecutorem,
1231 2755 1446 2810 Petrum
1484 2751 1830 2822 respiciamus
1861 2751 1967 2805 Do-

385 2846 511 2902 mini
538 2859 870 2918 negatorem.
901 2849 1090 2903 Petrus
1115 2847 1446 2919 negationem
1477 2843 1690 2900 Domini
1717 2843 1964 2912 lacrymis

386 2936 508 2990 lavit
533 2956 545 2991 :
572 2937 770 2992 Paulus
794 2937 1218 3008 persecutionem
1245 2934 1497 3005 Stephani
1523 2933 1761 2988 eiecitate
1787 2931 1966 3000 expia-

385 3025 477 3079 vit.
511 3025 684 3080 Flevit
713 3027 902 3081 Petrus
929 3034 1052 3080 ante
1079 3023 1363 3097 ﬂagellum,
1387 3023 1580 3078 Paulus
1605 3035 1787 3090 passus
1809 3029 1891 3075 cst
1912 3029 1962 3074 et

386 3115 672 3186 ﬂagellum.
713 3117 842 3171 Boni
882 3118 1073 3179 ambo,
1112 3115 1316 3179 sancti,
1357 3113 1685 3168 dcvmissimi
1710 3130 1722 3165 :
1752 3111 1964 3166 Litterae

387 3209 625 3276 ipsorum
666 3208 904 3278 quotidie
932 3205 1138 3276 populis
1163 3205 1471 3260 recitantur.
1497 3202 1773 3272 Et‘quibus
1799 3217 1968 3272 popu-

387 3299 487 3352 lis?
513 3306 568 3352 et
595 3297 807 3368 quantis
836 3298 1084 3368 populis?
1123 3297 1389 3351 Psalmum
1429 3294 1720 3350 attendite:
1753 3291 1819 3347 In
1853 3309 1963 3347 om-

389 3405 501 3441 nem
529 3398 714 3442 terram
752 3389 898 3443 exivit
927 3403 1077 3443 sonus
1106 3403 1276 3442 eorum
1293 3430 1308 3454 ,
1336 3397 1383 3442 et
1419 3388 1471 3440 in
1500 3387 1626 3456 ﬁnes
1653 3385 1785 3440 orbis
1819 3395 1965 3440 terra:

389 3477 537 3532 verba
562 3495 734 3533 eorum
759 3478 921 3552 (Psal.
959 3494 1112 3543 xvtu,
1142 3479 1234 3548 5).
1265 3478 1326 3532 Et
1349 3492 1444 3532 nos
1471 3477 1785 3548 probamus,
1817 3485 1873 3531 et
1897 3474 1965 3528 ad

391 3587 488 3626 nos
513 3571 612 3626 ista
640 3571 799 3626 verba
827 3580 1102 3637 venerunt,
1128 3579 1180 3624 et
1208 3569 1273 3624 ad
1302 3570 1581 3624 sanitatem
1611 3568 1730 3623 ﬁdei
1759 3567 1826 3622 ab
1847 3567 1965 3622 inli-

385 3663 616 3721 delitatis
632 3663 831 3718 insania
860 3670 1254 3719 converterunt.

456 3753 681 3811 CAPUT
718 3753 781 3809 ll.
808 3785 876 3793 —
903 3753 958 3806 2.
1001 3752 1219 3806 Amandi
1246 3752 1299 3805 in
1325 3751 1500 3822 primis
1535 3749 1713 3804 Petrus
1742 3759 1786 3805 et
1819 3748 1967 3804 Pau-

385 3845 696 3900 lus.Vulnus
721 3846 924 3899 amoris.
956 3844 1078 3899 llaec
1103 3843 1312 3913 loquor,
1334 3841 1651 3907 cbarissimi,
1680 3841 1838 3901 laetus
1854 3841 1966 3916 qui-

385 3936 507 3992 dem
538 3935 799 3991 hodierno
841 3934 927 3989 die
966 3941 1183 4005 propter
1215 3940 1412 3987 tantam
1449 3931 1786 3991 festivitatem
1811 3976 1826 4000 ,
1872 3934 1964 3990 sed

385 4027 768 4098 aliquantulum
799 4026 985 4091 tristis,
1017 4025 1137 4096 quia
1169 4039 1271 4078 non
1299 4021 1452 4077 video
1483 4031 1684 4080 tantum
1713 4023 1964 4100 populum

389 4127 784 4202 congregatum,
836 4125 1064 4188 quantus
1111 4113 1426 4192 congregari
1471 4111 1652 4172 debuit
1699 4115 1752 4170 in
1795 4114 1965 4169 Natali

391 4209 650 4278 passionis
666 4207 1054 4278 Apostolorum.
1081 4206 1140 4266 Si
1157 4207 1346 4264 lateret
1369 4222 1486 4274 nos,
1502 4221 1606 4262 non
1625 4205 1775 4260 nobis
1792 4204 1966 4272 impu-

391 4309 588 4355 taretur
618 4318 630 4352 :
660 4301 703 4354 si
745 4308 923 4356 autem
955 4303 1223 4359 neminem
1254 4302 1398 4366 latet,
1427 4316 1544 4372 qua:
1574 4307 1653 4354 est
1695 4299 1792 4353 ista
1826 4305 1967 4352 tanta

397 4394 637 4465 pigritia?
657 4391 771 4452 Non
795 4395 986 4452 amatis
1010 4394 1226 4450 Petrum
1253 4401 1308 4448 et
1330 4391 1585 4463 Paulum?
1609 4389 1722 4458 Ego
1745 4389 1796 4444 in
1819 4387 1968 4442 vobis

394 4489 496 4545 illis
524 4488 715 4559 loquor
738 4487 827 4560 qui
854 4487 939 4542 hic
968 4501 1073 4541 non
1099 4493 1242 4556 sunt.
1280 4471 1412 4539 Nam
1440 4481 1589 4537 vobis
1616 4496 1716 4552 ago
1748 4480 1965 4552 gratias,

394 4581 516 4651 quia
541 4580 622 4636 vel
646 4594 742 4635 vos
767 4578 1006 4634 venistis.
1032 4577 1096 4631 Et
1123 4585 1296 4646 potest
1319 4573 1526 4629 aninuts
1550 4572 1804 4642 cujusque
1829 4569 1969 4625 chri-

397 4672 551 4727 stiani
582 4686 686 4726 non
717 4683 898 4724 amare
924 4668 1137 4722 Petrum
1161 4675 1215 4722 et
1241 4663 1498 4719 Paulum?
1526 4663 1582 4718 Si
1618 4662 1792 4717 adhuc
1820 4661 1967 4732 frigi-

393 4761 494 4816 dus
519 4769 621 4827 est,
653 4760 792 4832 legat
824 4767 880 4814 et
910 4766 1090 4812 amet:
1123 4757 1165 4810 si
1195 4753 1370 4810 adhuc
1398 4768 1502 4808 non
1531 4761 1692 4817 amat,
1724 4752 1967 4822 sagittam

398 4851 543 4906 verbi
574 4849 625 4904 in
654 4864 749 4905 cor
771 4847 1016 4919 accipiat.
1041 4845 1116 4900 De
1147 4843 1276 4915 ipsis
1303 4843 1444 4897 enim
1475 4842 1744 4911 Apostolis
1771 4840 1968 4896 dictum

394 4950 495 5007 est,
525 4941 740 5013 Sagitta:
765 4948 866 4993 tum
890 4947 1071 5005 acutas,
1103 4931 1456 5007 potentissimi:
1481 4933 1518 4985 '.
1546 4933 1746 5001 Quibus
1769 4934 1970 5004 sagittis

396 5033 586 5088 factum
621 5039 704 5086 est
727 5029 868 5101 quod
893 5028 1151 5099 sequitur,
1178 5023 1370 5094 Populi
1396 5023 1488 5079 sub
1518 5034 1564 5076 te
1584 5023 1761 5076 cadent
1798 5022 1967 5094 (Psal.

402 5141 550 5190 sLtv,
579 5124 647 5196 6)
694 5123 838 5178 Bona
868 5130 991 5176 sunt
1017 5121 1138 5174 talia
1164 5118 1404 5172 vulnera.
1434 5114 1637 5170 Vulnus
1661 5116 1856 5168 amoris
1881 5130 1970 5169 sa-

398 5218 547 5273 lubre
575 5225 676 5273 est.
703 5215 908 5286 Sponsa
937 5210 1132 5267 Citriin
1169 5218 1346 5264 cantat
1386 5209 1437 5262 iu
1477 5207 1697 5261 Cantica
1735 5205 1969 5261 cantico—

460 5333 476 5362 ί
1007 5323 1257 5394 Ali_l_editi,_
1268 5319 1624 5394 potentissimis.
1644 5321 1716 5369 sic
1734 5320 1879 5369 etiam
1902 5317 1972 5369 le-

395 5394 525 5462 ιςίιμτ
547 5386 784 5462 εηάίτςὶη
807 5388 1032 5462 1³⁵³¹ξηοβν
1055 5386 1336 5462 “nnc”;
1381 5391 1432 5462 ll:

459 5457 477 5474 '
503 5454 790 5514 ttecognitus
808 5443 860 5500 in
882 5449 945 5514 cl.
969 5443 1186 5514 d.’gr_.r.
1213 5454 1248 5495 t.
1289 5448 1341 5494 et
1385 5445 1433 5514 i_u
1467 5443 1602 5514 litim.
1629 5449 1733 5512 par.
1759 5447 1890 5514 t_.ov.,
1923 5448 1974 5514 et

395 5504 656 5578 quidemiﬁ
676 5512 1025 5578 posterioribus
1046 5504 1372 5578 aliquot'htss.
1399 5506 1592 5578 brevior
1628 5504 1975 5578 iuventus__est

396 5565 538 5638 riuum
561 5577 613 5625 in
659 5565 976 5634 éditionibus;
1013 5570 1101 5621 sed
1137 5565 1378 5619 editiones
1419 5578 1446 5613 a
1492 5565 1829 5615 vetustissimis
1867 5571 1970 5612 Mss.

397 5639 575 5688 habent
593 5638 941 5686 auctoritatem.

479 5699 532 5760 α)
559 5699 703 5756 Alias,
728 5698 798 5760 de
832 5698 1038 5744 Diversis
1072 5692 1145 5740 ll.
1176 5753 1187 5760 _
1369 5751 1382 5760 _
1455 5757 1462 5760 _
1535 5757 1558 5760 _
1592 5748 1622 5760 η
1891 5749 1898 5758 ο

480 5748 531 5820 b3
559 5748 612 5808 tu
645 5748 782 5808 Bedic
816 5771 930 5806 vera
965 5765 1014 5806 ct
1062 5753 1272 5805 nendum
1306 5751 1497 5813 vulgata
1529 5748 1816 5799 collectione
1861 5749 1973 5796 rita—

401 5828 479 5869 lur
507 5821 566 5871 ad
599 5827 629 5868 tt
663 5821 778 5868 ‘tim.
815 5833 876 5867 tv.

1763 391 1991 451 SERMO
2024 391 2338 452 CCXCVIII.

3511 399 3643 455 4366

2071 522 2209 573 rum,
2253 504 2527 562 Vulnerata
2565 505 2805 560 charitate
2833 521 2922 576 ego
2956 522 3067 562 sunt
3095 507 3262 578 (Cant.
3293 524 3350 570 ι’.
3388 509 3425 566 8
3444 527 3484 582 ι.
3511 511 3642 575 γυι-

2071 613 2173 654 nos
2202 598 2302 654 hoe
2326 598 2538 669 quando
2574 599 2829 654 sanatur?
2852 596 3075 666 Quando
3101 599 3380 657 satiabitur
3409 602 3460 657 in
3490 602 3644 660 bonis

2070 689 2393 747 desiderium
2415 699 2678 746 nostrum.
2703 691 2904 746 Vulnus
2926 691 3140 757 dicitur,
3162 692 3410 762 quamdiu
3435 693 3646 752 deside-

2069 795 2270 847 ramus,
2301 789 2353 835 et
2399 780 2630 835 nondum
2661 790 2918 836 tenemus.
2957 780 3046 838 Sic
3077 781 3220 836 enim
3247 779 3331 838 est
3373 796 3542 850 amor,
3587 792 3644 838 ut

2069 870 2139 925 sit
2164 870 2268 926 illic
2295 869 2468 926 dolor.
2497 869 2630 926 Cum
2661 870 3054 940 pervencrimus
3100 873 3442 928 tunetransit
3467 872 3638 939 dolor,

2071 975 2174 1016 nou
2208 961 2386 1017 deficit
2415 977 2586 1016 amor.

2139 1055 2193 1110 5.
2236 1051 2390 1106 Pauli
2435 1053 2674 1124 gaudium
2703 1053 2934 1123 passione
2959 1069 3055 1109 sua
3077 1053 3384 1108 imminente.
3419 1049 3521 1107 Per
3546 1070 3642 1106 an-

2069 1144 2264 1214 gustias
2292 1143 2532 1196 transitur
2567 1143 2636 1196 ad
2665 1143 2828 1196 locum
2869 1141 3168 1196 latitudinis.
3211 1143 3448 1198 Audistis
3485 1144 3642 1198 verba

2072 1233 2122 1286 in
2155 1231 2384 1302 Epistula
2416 1231 2562 1286 Pauli
2581 1275 2594 1294 ,
2623 1248 2778 1302 quam
2809 1233 3017 1302 scripsit
3044 1233 3109 1288 ad
3137 1232 3450 1302 discipulum
3490 1247 3642 1287 suum

2071 1324 2282 1380 beatum
2308 1323 2644 1380 Timotheum
2677 1343 2690 1379 :
2727 1325 2832 1396 Ego
2855 1326 2985 1378 enim
3003 1327 3116 1395 jam
3144 1325 3393 1379 immolor.
3425 1322 3644 1380 Videbat

2072 1417 2431 1472 imminentem
2465 1418 2760 1488 passionem
2794 1437 2808 1472 :
2852 1418 3081 1482 videbat,
3129 1417 3224 1473 sed
3268 1433 3372 1472 non
3404 1417 3637 1472 timebat.

2069 1507 2242 1575 Quare
2269 1522 2372 1562 non
2403 1508 2656 1563 timebat?
2683 1508 2811 1576 Quia
2838 1509 2946 1577 jam
2985 1509 3221 1572 dixerat,
3265 1508 3632 1578 Concupiscen-

2071 1600 2191 1652 tiam
2231 1598 2417 1654 habens
2447 1599 2652 1653 dissolvi
2686 1609 2731 1653 et
2760 1616 2864 1655 esse
2891 1617 3006 1653 cum
3047 1598 3244 1654 Christo
3281 1597 3548 1672 (Philipp.
3595 1616 3635 1660 t,

2067 1689 2140 1744 23
2159 1690 2198 1758 ).
2226 1688 2334 1761 Ego
2359 1690 2512 1757 enim,
2542 1690 2732 1761 inquit,
2745 1693 2861 1762 jam
2884 1691 3134 1745 immolor.
3157 1690 3324 1746 Nemo
3349 1707 3469 1744 eum
3502 1700 3638 1744 tanta

2070 1781 2420 1836 exsultatione
2442 1781 2568 1836 dicit
2595 1796 2653 1836 se
2682 1797 2801 1836 esse
2827 1797 3165 1851 pransurum,
3188 1790 3485 1852 et-magnas
3514 1796 3641 1850 epu-

2071 1872 2148 1926 las
2175 1871 2505 1937 habiturum,
2532 1889 2651 1928 cum
2679 1881 2871 1943 quanta
2900 1873 3251 1928 exsultatione
3289 1872 3415 1927 dicit
3441 1887 3499 1927 se
3525 1889 3640 1926 esse.

2068 1977 2366 2032 passurum.
2394 1961 2503 2033 Ego
2524 1963 2654 2016 enim
2670 1963 2785 2032 jam
2805 1963 3060 2017 inunolor.
3083 1961 3219 2029 Quid
3247 1971 3347 2029 est,
3376 1961 3642 2015 immolor.’

2068 2051 2396 2108 Sacriﬁcium
2422 2067 2535 2107 cro.
2558 2051 2886 2107 Sacriﬁcium
2914 2053 3103 2122 cujus?
3124 2052 3217 2107 Dei
3245 2070 3256 2106 :
3280 2053 3399 2122 quia
3426 2051 3641 2121 pretiosa

2069 2145 2122 2198 in
2137 2154 2405 2215 conspectu
2420 2144 2622 2199 Domini
2635 2161 2767 2200 mors
2781 2154 3065 2200 sanctorum
3081 2147 3190 2217 ejus
3203 2144 3370 2216 (Psal.
3385 2161 3450 2200 cx
3461 2161 3512 2211 v,
3532 2145 3550 2198 l
3565 2144 3636 2213 ὃ).

2071 2234 2199 2306 Ego,
2223 2237 2409 2306 inquit,
2433 2238 2679 2292 innnolor.
2704 2237 2938 2293 Securus
2957 2254 3074 2292 sum
3097 2258 3108 2290 :
3135 2238 3303 2294 habeo
3327 2253 3534 2292 sursum
3553 2255 3606 2292 sa
3621 2265 3640 2275 -

2069 2326 2361 2393 cerdotcm,
2376 2328 2464 2396 qui
2478 2342 2563 2383 me
2574 2327 2760 2383 offerat
2775 2329 2901 2384 Deo.
2919 2327 3093 2397 Ipsum
3108 2327 3276 2383 habeo
3288 2327 3613 2384 sacerdotem
3624 2369 3636 2391 ,

2068 2417 2156 2486 qui
2192 2432 2287 2486 pro
2319 2433 2404 2473 me
2437 2418 2578 2487 prior
2600 2418 2806 2474 victima
2837 2417 2951 2472 fuit.
2973 2417 3360 2481 Jamintmolor,
3382 2427 3423 2471 et
3445 2428 3638 2486 tempus

2070 2523 2192 2561 mete
2223 2507 2538 2562 resolutionis
2559 2508 2726 2562 instat.
2759 2507 3153 2563 Resolutioncm
3184 2507 3310 2564 dicit
3337 2523 3367 2562 a
3395 2522 3635 2578 corpore.

2139 2599 2363 2656 CAPUT
2403 2599 2488 2654 ΙΙΙ.
2515 2631 2585 2641 -
2611 2600 2704 2656 Est
2730 2601 2868 2654 enim
2897 2599 3162 2671 quoddam
3197 2599 3350 2656 dulce
3377 2579 3638 2654 vinculum

2069 2689 2332 2760 corporis,
2357 2701 2410 2746 et
2440 2691 2631 2761 ligatus
2658 2699 2740 2746 est
2764 2690 2942 2757 homo,
2987 2698 3042 2745 et
3077 2689 3212 2744 solvi
3253 2704 3356 2745 non
3388 2688 3514 2744 vult.
3550 2688 3640 2744 illo

2073 2789 2249 2836 tamen
2273 2779 2363 2852 qui
2389 2781 2595 2838 dicebat
2615 2824 2632 2849 ,
2661 2773 3124 2848 Concupiscentiam
3172 2781 3356 2848 habens
3397 2783 3602 2838 dissolui
3624 2824 3638 2848 ,

2069 2879 2118 2926 et
2141 2888 2247 2926 esse
2269 2888 2380 2926 cum
2405 2871 2625 2938 Christo,
2647 2867 3006 2942 gratulabatur
3029 2871 3169 2942 quod
3200 2872 3298 2926 ista
3321 2872 3525 2926 vincula
3554 2889 3640 2926 es-

2069 2970 2188 3017 sent
2214 2963 2495 3034 aliquando
2521 2963 2791 3018 solvenda.
2823 2962 3088 3020 Solvenda
3117 2963 3327 3018 vincula
3352 2961 3641 3018 carnalium

2070 3055 2470 3122 tnembrorum,
2516 3054 2820 3126 accipienda
2867 3055 3174 3113 indumenta
3223 3062 3278 3109 et
3334 3062 3641 3109 ornamenta

2067 3155 2387 3232 internarum
2413 3148 2686 3202 virtutum.
2713 3147 2944 3204 Securus
2969 3148 3196 3219 ponebat
3219 3163 3457 3213 caauem,
3486 3161 3640 3202 coro-

2071 3256 2190 3296 nam
2212 3249 2538 3311 aecepturus.
2558 3240 2704 3296 Felix
2727 3242 2970 3306 mutatio,
2993 3248 3178 3297 sancta
3200 3239 3460 3311 migratio.
3477 3239 3642 3309 Quam

2067 3331 2221 3388 beata
2249 3331 2472 3396 inausio,
2502 3329 2632 3386 fides
2659 3345 2780 3388 eam
2802 3331 2964 3396 videt,
2995 3330 3230 3386 nondum
3258 3329 3444 3384 oculus
3471 3347 3484 3383 :
3525 3330 3643 3400 quia

2069 3439 2158 3477 nec
2196 3423 2368 3476 oculus
2405 3423 2547 3486 cidit,
2593 3439 2681 3476 nec
2707 3424 2843 3478 auris
2869 3424 3082 3486 audivit,
3117 3439 3204 3476 nec
3233 3423 3283 3475 in
3314 3439 3398 3476 ror
3432 3422 3646 3476 hominis

2068 3513 2310 3578 ascendit,
2329 3529 2442 3581 quat
2470 3514 2768 3584 prwpararit
2799 3512 2936 3567 Deus
2963 3512 3277 3582 diligentihus
3298 3530 3348 3567 se
3373 3512 3419 3583 (l
3442 3511 3568 3581 Cor.
3586 3529 3641 3576 ιι,

2071 3601 2165 3674 9).
2194 3602 2292 3658 Ubi
2321 3612 2440 3656 sunt
2470 3602 2636 3656 sancti
2667 3602 2786 3666 isti,
2817 3600 3202 3671 putatnus?.lbi
3239 3601 3324 3655 ubi
3371 3601 3506 3655 bene
3543 3611 3642 3656 est.

2069 3693 2204 3761 Quid
2231 3694 2424 3764 qumris
2453 3693 2712 3763 amplius?
2751 3692 2863 3748 Non
2901 3691 3038 3746 nosti
3083 3691 3296 3755 locum,
3339 3690 3430 3745 sed
3475 3691 3642 3760 cogita

2071 3787 2336 3841 meritum.
2371 3785 2693 3856 Ubicumque
2721 3793 2863 3852 sunt,
2902 3800 3020 3839 cum
3065 3784 3172 3838 Deo
3211 3791 3350 3841 sunt.
3381 3780 3644 3839 Justortam

2071 3881 2254 3937 animm
2281 3881 2329 3935 in
2357 3895 2506 3934 manu
2538 3877 2634 3935 Dei
2663 3887 2799 3947 sunt,
2823 3887 2867 3936 rt
2895 3896 2994 3935 non
3020 3888 3183 3951 tanget
3210 3883 3323 3934 illos
3349 3888 3646 3934 tormentum

2074 3976 2227 4044 (Sap.
2275 3991 2352 4040 ιιι,
2400 3974 2481 4043 l).
2521 3972 2623 4028 Sed
2652 3973 2718 4026 ad
2746 3973 2918 4027 locum
2964 3971 3080 4027 sine
3126 3977 3388 4026 tormento
3415 3985 3506 4039 per
3535 3979 3643 4026 tor-

2075 4076 2249 4122 menta
2281 4068 2632 4121 transierunt:
2661 4065 2725 4120 ad
2752 4066 2925 4120 locum
2955 4063 3242 4118 latitudinis
3267 4078 3360 4132 per
3379 4063 3644 4132 angustias

2077 4167 2447 4226 pervenerunt.
2478 4156 2594 4213 Non
2623 4172 2749 4227 ergo
2781 4156 2962 4210 timeat
3006 4154 3321 4208 laboriosam
3355 4152 3489 4207 viam
3511 4195 3526 4219 ,
3557 4154 3643 4222 qui

2077 4252 2230 4306 talem
2263 4249 2526 4305 desiderat
2555 4249 2800 4320 patriam.
2831 4245 3070 4317 Tempus,
3104 4244 3302 4314 inquit,
3332 4244 3644 4297 resolutionis

2075 4357 2197 4396 mea:
2216 4341 2388 4394 instat.
2412 4339 2608 4394 Bonum
2651 4346 2896 4392 certamen
2921 4336 3124 4400 certavi,
3165 4351 3364 4388 cursum
3409 4349 3642 4386 consum-

2075 4433 2227 4500 mati,
2256 4432 2407 4501 fidem
2430 4431 2620 4486 servavi
2642 4445 2660 4482 :
2680 4429 2742 4482 de
2767 4437 2942 4482 cetera
2969 4434 3192 4497 superest
3214 4425 3338 4479 mihi
3360 4440 3544 4477 corona
3554 4424 3644 4494 ju-

2074 4527 2243 4579 stitiaz.
2271 4523 2456 4579 Ilerito
2485 4521 2732 4583 festinas,
2771 4520 2960 4574 merito
3006 4527 3058 4572 te
3104 4514 3480 4571 immolandum
3527 4529 3646 4570 esse

2077 4615 2272 4670 laetaris
2317 4631 2334 4668 :
2377 4618 2624 4682 superest
2659 4611 2800 4664 enim
2843 4609 2940 4664 tibi
2974 4620 3170 4662 corona
3195 4605 3430 4676 jostitim.
3461 4603 3644 4658 Adhuc

2076 4707 2318 4762 imminet
2355 4701 2652 4760 amaritudo
2689 4699 2972 4770 passionis,
3017 4697 3110 4752 sed
3141 4695 3331 4751 transit
3369 4710 3486 4752 eam
3531 4711 3646 4763 pas-

2075 4799 2184 4854 suri
2223 4796 2493 4868 cogitatio,
2519 4803 2573 4848 et
2600 4791 2725 4863 quid
2758 4791 2890 4845 ultra
2917 4788 2986 4842 sit
3013 4787 3234 4857 cogitat;
3258 4801 3362 4840 non
3391 4800 3490 4855 qua
3517 4786 3641 4849 itur,

2076 4889 2166 4944 sed
2192 4903 2296 4959 quo
2319 4889 2439 4940 itur.
2467 4883 2533 4938 Et
2556 4883 2674 4953 quia
2697 4895 2814 4934 cum
2843 4892 3033 4949 magno
3056 4891 3236 4931 amore
3262 4875 3521 4945 cogitatur
3540 4889 3645 4945 quo

2077 4980 2200 5042 itur,
2227 4991 2346 5032 cum
2372 4985 2559 5042 magna
2593 4968 2897 5024 fortitudine
2925 4968 3157 5020 calcatur
3183 4981 3283 5034 qua
3312 4965 3433 5018 itur.

2147 5062 2369 5120 CAPUT
2410 5061 2581 5115 lV.——
2606 5059 2658 5112 4.
2689 5057 2884 5111 Corona
2908 5071 3008 5108 non
3035 5054 3323 5106 redderetur
3338 5052 3524 5118 debita,
3549 5056 3646 5107 nisi

2076 5156 2239 5227 gratia
2269 5153 2408 5222 prius
2435 5150 2552 5202 data
2579 5147 2748 5218 [uisset
2775 5144 3013 5198 indebita.
3043 5142 3172 5198 Cum
3198 5151 3373 5197 autem
3400 5143 3642 5209 dixisset,

2079 5246 2318 5313 Superest
2357 5241 2480 5293 mihi
2521 5253 2705 5292 corona
2737 5235 2984 5309 justitiaz;
3028 5233 3239 5300 intulit,
3279 5248 3430 5303 quam
3474 5231 3645 5286 reddet

2078 5334 2200 5388 mihi
2227 5331 2470 5385 Dominus
2495 5330 2544 5382 in
2574 5327 2666 5383 illa
2695 5327 2776 5380 die
2814 5327 2986 5400 justus
2995 5324 3160 5396 judea:
3190 5322 3210 5395 (
3235 5323 3278 5378 ll
3320 5321 3456 5377 Tim.
3489 5335 3562 5390 tv,
3586 5322 3645 5378 6-

2079 5429 2154 5492 8).
2181 5423 2382 5480 Reddet
2402 5422 2595 5492 justus,
2613 5431 2734 5474 ante
2755 5435 2858 5473 non
2884 5416 3132 5473 reddidit.
3155 5415 3286 5471 Nam
3314 5415 3380 5482 si,
3409 5432 3442 5467 o
3463 5413 3643 5481 Paule,

2081 5518 2249 5588 primo
2275 5515 2450 5580 Saule,
2480 5512 2688 5582 quando
2716 5496 3125 5582 persequebaris
3166 5515 3377 5563 sanctos
3417 5503 3676 5569 Christi,‘

2079 5607 2291 5679 quando
2329 5605 2576 5660 servabas
2618 5602 2930 5655 vestimenta
2971 5597 3319 5669 lapidatorum
3359 5595 3646 5666 Stephani,

2079 5706 2351 5756 exerceret
2378 5699 2516 5752 circa
2545 5705 2593 5750 te
2626 5694 2877 5750 Dominus
2905 5691 3105 5761 ju5tum
3127 5690 3380 5758 judicium
3401 5729 3416 5752 ,
3445 5687 3532 5742 ubi
3560 5701 3648 5740 cs-

2083 5797 2205 5850 ses?
2233 5792 2401 5849 Tanto
2439 5791 2622 5845 sceleri
2669 5795 2756 5842 tuo
2786 5787 2908 5856 quis
2939 5786 3082 5840 locus
3125 5783 3175 5838 in
3207 5781 3368 5837 l'uudo
3395 5779 3647 5850 gelteuue
