3974 6170
390 380 527 437 1367

390 496 759 569 reperiretur?
794 492 903 550 Sed
943 501 1066 547 tunc
1112 490 1205 546 tibi
1255 503 1360 544 non
1407 485 1666 546 reddidit.
1712 490 1769 536 ut
1804 476 1970 534 modo

389 588 599 647 reddat.
631 586 804 642 Verba
834 585 975 643 enim
1010 594 1095 639 tua
1122 580 1193 638 de
1223 580 1488 653 prioribus
1510 578 1668 634 iactis
1702 576 1806 631 tuis
1839 573 1972 644 legi-

389 695 511 737 mus
541 681 591 735 iu
621 677 860 747 Epistula
902 685 1010 744 tua,
1042 684 1097 730 et
1125 689 1220 745 per
1252 684 1307 728 te
1344 671 1611 727 novimus.
1641 667 1720 722 Tu
1749 664 1929 720 dixisti
1953 706 1968 732 ,

388 773 503 843 Ego
530 772 661 826 enim
692 785 801 823 sum
824 767 1118 822 novissimus
1139 762 1512 837 Apostolorum,
1534 762 1619 830 qui
1640 775 1739 814 non
1760 774 1871 812 sum
1894 757 1974 810 di-

388 881 519 935 gnus
546 863 714 917 vocari
740 861 1019 933 apostolus.
1043 857 1255 926 Quare?
1272 857 1404 922 Quia
1424 863 1709 926 persecutus
1728 868 1838 906 sum
1866 847 1970 903 Ec-

387 959 592 1014 clesium
612 955 727 1010 Dei.
747 954 803 1010 Si
828 960 1136 1024 persecutus
1152 966 1211 1006 es
1228 948 1516 1004 Ecclesium
1539 945 1655 1012 Dei,
1685 943 1827 999 uiide
1847 954 1975 1012 ergo

386 1049 700 1121 apostolus?
741 1046 847 1103 Sed
874 1045 1039 1116 gratia
1071 1042 1164 1097 Dei
1191 1059 1301 1097 sum
1329 1039 1464 1111 quod
1500 1055 1629 1093 sum.
1675 1038 1813 1091 Ante
1847 1049 1973 1105 gra-

280 1130 289 1139 ’
390 1142 481 1209 tia,
512 1138 671 1195 modo
700 1138 957 1195 debitum.
990 1136 1127 1191 Ante
1151 1133 1318 1205 gratia
1342 1131 1663 1197 donabatur,
1690 1128 1852 1183 modo
1880 1126 1975 1181 de-

385 1234 556 1288 bitum
598 1231 856 1286 redditur.
900 1228 1079 1283 Gratia
1110 1225 1200 1280 Dei
1242 1240 1391 1290 sum,
1435 1222 1635 1295 inquit,
1666 1220 1802 1293 quod
1839 1232 1971 1273 sum.

389 1327 503 1396 ligo
532 1323 660 1381 nihil
691 1339 830 1380 sum.
859 1318 1125 1391 Quidquid
1153 1333 1294 1381 sum,
1322 1315 1492 1387 gratia
1524 1313 1615 1369 Dei
1644 1326 1784 1367 sum.
1810 1307 1974 1379 Quid-

390 1416 515 1488 ,μιῐά
544 1413 803 1480 sum;sed
834 1411 992 1467 modo
1019 1410 1328 1481 apostolus;
1358 1419 1483 1461 nam
1508 1402 1648 1475 quod
1677 1415 1846 1468 eram,
1876 1413 1976 1470 ego

390 1524 535 1564 cram
562 1527 574 1563 :
607 1505 784 1563 Gratia
809 1503 905 1559 Dei
932 1520 1044 1558 sum
1068 1501 1205 1575 quod
1230 1515 1379 1555 sum:
1415 1508 1461 1554 et
1487 1497 1652 1570 gratia
1679 1496 1789 1567 ejus
1812 1493 1869 1547 in
1896 1508 1979 1546 me

390 1615 547 1654 vacua
581 1616 680 1653 non
722 1598 852 1668 fuit;
886 1595 976 1651 sed
1018 1593 1133 1666 plus
1159 1592 1389 1648 omnibus
1418 1589 1519 1644 illis
1556 1587 1798 1643 laboravi.
1837 1583 1977 1654 Quid

392 1701 494 1759 ρει,
523 1690 761 1760 apostolo
787 1687 985 1743 Paule?
1010 1683 1171 1752 Quasi
1202 1681 1437 1739 extulisti
1468 1690 1520 1736 te
1538 1721 1553 1746 ,
1582 1678 1732 1749 quasi
1773 1676 1839 1732 de
1874 1675 1978 1731 ali-

391 1798 493 1852 qua
520 1780 781 1837 cervicula
806 1779 1017 1835 videtur
1042 1777 1264 1841 dictum,
1294 1772 1421 1828 Plus
1449 1770 1678 1826 omnibus
1704 1769 1809 1824 illis
1837 1767 1977 1823 laba-

391 1876 519 1929 ravi.
548 1876 792 1945 Agnosco
819 1888 966 1943 ergo.
994 1870 1259 1942 Agnosco,
1290 1865 1495 1937 inquit:
1528 1862 1649 1918 Non
1674 1878 1764 1933 ego
1787 1870 1974 1924 autem,

390 1966 480 2020 sed
503 1970 666 2036 gratia
693 1965 788 2018 Dei
814 1980 1005 2019 mecum
1034 1961 1087 2032 (l
1114 1960 1231 2015 Cor.
1255 1975 1349 2027 xv,
1378 1958 1433 2025 9,
1462 1955 1575 2029 ill).
1610 1955 1726 2011 Non
1749 1961 1863 2011 erat
1884 1951 1980 2009 ob-

396 2056 543 2122 litus,
571 2054 666 2110 sed
710 2054 848 2108 unde
885 2052 1209 2125 gaudeamus
1254 2049 1306 2103 in
1351 2046 1704 2111 novissimo‘,
1735 2043 1979 2099 servabat

394 2145 738 2201 novissimus.
770 2142 889 2199 Non
916 2160 1005 2214 ego
1031 2150 1214 2205 autent,
1256 2139 1344 2194 sed
1371 2138 1535 2209 gratia
1572 2136 1669 2191 Dei
1690 2150 1904 2190 mecum.

463 2232 686 2291 CAPUT
726 2233 792 2288 ν.
838 2265 909 2274 -
950 2233 1002 2288 5.
1047 2231 1267 2285 Victoria
1292 2229 1503 2283 certanti
1530 2228 1681 2281 datur
1710 2242 1798 2297 per
1825 2225 1976 2280 Chri-

392 2337 546 2380 rtum.
590 2325 772 2380 Merita
802 2323 1016 2379 hominis
1064 2323 1197 2377 dona
1234 2331 1353 2376 sunt
1388 2319 1502 2375 Dei.
1540 2319 1690 2375 Tunc
1720 2334 1824 2374 non
1856 2318 1981 2373 red-

392 2420 560 2474 ditum
607 2420 719 2482 eSl,
758 2417 916 2474 modo
945 2415 1110 2488 quid?
1152 2414 1368 2471 Cursum
1402 2413 1779 2477 consummavi,
1825 2412 1980 2481 [idem

391 2511 583 2565 servavi
608 2526 626 2564 :
654 2510 716 2563 de
739 2519 917 2567 caetero
941 2517 1165 2578 superest
1191 2506 1316 2559 mihi
1343 2521 1528 2559 corona
1544 2501 1781 2577 justitiar,
1824 2519 1978 2574 quam

392 2602 567 2657 reddet
595 2602 719 2655 milii
761 2600 1008 2654 Dominus
1042 2599 1095 2653 in
1122 2598 1213 2653 illa
1249 2598 1329 2651 die
1367 2597 1529 2661 iustus
1546 2594 1731 2665 judex.
1773 2593 1977 2648 Bonum

394 2707 617 2763 agonem
663 2692 896 2747 certasti.
941 2689 1049 2747 Sed
1088 2688 1207 2759 quis
1247 2686 1373 2743 fecit
1414 2694 1473 2741 ut
1514 2683 1794 2740 vinceres?
1838 2684 1979 2753 Lego

396 2783 489 2838 tibi
522 2791 594 2851 te,
624 2793 676 2839 et
703 2791 756 2838 tu
784 2782 938 2849 dicis,
972 2781 1173 2836 Gratias
1210 2796 1305 2853 ago
1340 2778 1470 2846 Deo,
1520 2779 1606 2852 qui
1659 2776 1796 2832 dedit
1837 2775 1980 2831 nobis

393 2875 652 2933 victoriam
676 2892 763 2951 per
787 2874 1065 2931 Dominum
1099 2880 1326 2928 nostrum
1342 2871 1517 2924 Iesum
1538 2869 1789 2924 Christum
1818 2866 1975 2940 (Ibid.

394 2965 524 3038 57).
553 2965 688 3034 Quid
728 2965 969 3038 proderit
1013 2974 1270 3028 certasse,
1315 2962 1358 3017 si
1398 2977 1502 3018 non
1544 2960 1712 3032 prosit
1756 2960 1981 3015 vicisse?

394 3058 536 3130 Ergo
563 3058 729 3114 habes
757 3057 880 3128 quia
906 3056 1121 3113 certasti
1151 3054 1386 3127 quidem,
1417 3052 1509 3109 sed
1550 3049 1793 3108 Christus
1833 3049 1981 3108 dedit

392 3148 691 3204 victoriam.
740 3148 976 3218 Sequere
1018 3146 1198 3201 aliud:
1250 3136 1464 3199 Cursum
1511 3142 1867 3198 consummavi.
1912 3142 1981 3197 Et

394 3240 500 3294 hoc
524 3239 645 3309 quis
671 3239 724 3293 in
758 3239 847 3293 te?
875 3238 1061 3293 Nonne
1091 3244 1148 3293 tu
1174 3236 1374 3300 dixisti,
1404 3235 1526 3290 Non
1550 3235 1787 3299 volentis,
1822 3251 1983 3304 neque

392 3332 661 3398 currentis,
698 3331 787 3385 sed
812 3330 1088 3385 ntiserentis
1117 3340 1187 3385 est
1218 3328 1314 3385 Dei
1356 3328 1549 3403 (Rom.
1590 3343 1670 3394 ιι,
1719 3326 1848 3399 lli).
1885 3327 1980 3381 Dic

392 3420 537 3494 quod
566 3423 842 3496 sequitur:
869 3422 1050 3479 Fidem
1075 3422 1282 3478 servavi.
1308 3422 1375 3478 Et
1401 3422 1501 3477 hoc
1527 3421 1666 3477 unde
1690 3421 1822 3476 tibi?
1842 3419 1978 3475 Audi

392 3516 556 3573 verba
590 3527 712 3573 tua:
754 3516 1179 3583 Misericordiam,
1222 3516 1424 3587 inquit,
1456 3524 1746 3569 consecutus
1769 3529 1901 3581 sum,
1928 3519 1981 3567 ut

392 3610 561 3677 ﬁdelis
588 3627 746 3665 essent
776 3609 829 3681 (1
859 3609 977 3667 Cor.
1011 3627 1105 3676 vn,
1132 3609 1202 3665 25
1222 3611 1262 3680 ).
1311 3609 1451 3680 Ergo
1479 3608 1634 3663 ﬁdem
1660 3606 1887 3664 servasti
1912 3621 1977 3661 ex

391 3700 756 3758 misericordia
787 3703 905 3770 Dei,
948 3718 1051 3757 non
1091 3717 1154 3757 ex
1188 3700 1491 3756 fortitudine
1538 3709 1646 3755 tua.
1682 3699 1758 3754 De
1783 3707 1981 3752 caetero

392 3813 522 3869 ergo
550 3806 792 3866 superest
822 3795 913 3852 tibi
942 3810 1137 3851 corona
1170 3794 1411 3865 justiticc,
1452 3807 1608 3860 quam
1657 3790 1845 3846 reddet
1882 3788 1978 3845 tibi

393 3888 652 3943 Dominus
682 3889 736 3943 in
767 3888 854 3943 illa
881 3886 967 3942 die
983 3886 1157 3957 justus
1178 3884 1359 3955 judex.
1384 3883 1584 3938 Meritis
1605 3883 1746 3936 enim
1768 3878 1973 3946 reddet,

393 3980 515 4037 ideo
534 3982 710 4053 justus
731 3980 917 4051 judcx.
946 3978 1050 4034 Sed
1078 3978 1237 4034 etiam
1261 3977 1345 4033 hic
1372 3992 1477 4031 non
1505 3972 1974 4029 extollaturcervis

394 4079 505 4136 tua,
529 4072 650 4142 quia
672 4071 809 4127 dona
827 4070 991 4142 ipsius
1008 4077 1131 4124 sunt
1150 4069 1335 4125 merita
1360 4077 1465 4123 tua.
1486 4066 1639 4136 Quod
1664 4067 1734 4121 illi
1759 4065 1887 4131 dixi,
1912 4067 1980 4122 ab

393 4164 485 4219 illo
500 4164 682 4228 didici,
701 4173 755 4221 et
771 4180 864 4220 vos
883 4179 1089 4220 mecum
1108 4163 1159 4221 in
1181 4162 1275 4218 ista
1295 4161 1477 4221 schola
1496 4162 1678 4233 utique
1697 4160 1976 4217 didicistis.

392 4255 681 4326 Superiore
704 4256 821 4311 loco
843 4263 1060 4327 propter
1077 4255 1399 4325 praeconium
1420 4254 1788 4325 prmsidemus,
1812 4252 1904 4309 sed
1928 4254 1979 4307 in

397 4362 499 4401 una
531 4346 710 4401 schola
740 4361 1074 4401 communem
1100 4345 1407 4417 magistrum
1440 4344 1492 4399 in
1523 4344 1671 4399 coelis
1701 4343 1975 4399 habemus.

845 4458 1075 4516 saeuo
1114 4456 1404 4515 coxas:
1438 4457 1535 4528 (α).

629 4578 698 4620 De
729 4569 875 4623 Natali
908 4570 1229 4631 apostolorum
1259 4570 1389 4620 Petri
1421 4577 1475 4621 et
1504 4569 1658 4629 Pauli,
1693 4585 1740 4620 v.

312 4674 324 4767 LI
421 4731 432 4742 ,
480 4675 549 4730 In
574 4689 675 4746 quo
705 4672 995 4744 disputatur
1014 4682 1194 4728 contra
1227 4671 1618 4744 Pelagianorum
1645 4675 1895 4728 hmesim.

468 4812 518 4865 l.
561 4808 746 4865 Petrus
794 4808 1147 4880 Apostolorum
1182 4805 1394 4879 primus,
1434 4803 1628 4861 Paulus
1662 4807 1977 4863 novissimus.

290 4976 295 4981 Δ
394 4901 761 4961 PrmdiCaudis
789 4898 1244 4970 prmdicatoribus,
1264 4908 1317 4955 et
1339 4896 1503 4954 tantis
1524 4898 1976 4969 prmdicatoribus,

392 4993 460 5049 de
487 4993 684 5066 quibus
714 4992 1011 5049 audivimus
1053 4993 1478 5057 clcautavimus,
1522 4989 1662 5060 quod
1711 4991 1763 5045 in
1783 5008 1979 5046 onmem

393 5094 580 5140 terram
604 5084 757 5139 exivit
786 5100 939 5139 sonus
962 5100 1156 5150 eorum,
1196 5093 1241 5137 et
1266 5084 1318 5138 in
1342 5084 1468 5152 lines
1492 5083 1625 5138 orbis
1660 5093 1807 5138 terra:
1832 5084 1981 5138 verba

391 5191 567 5231 eorum
594 5174 770 5245 (Psal.
790 5190 938 5241 xvm,
963 5171 1045 5239 5‘,
1062 5176 1244 5237 procul
1261 5174 1421 5230 dubio
1444 5177 1582 5230 nulla
1614 5188 1793 5231 nostra
1817 5178 1977 5233 verba

394 5268 686 5325 sufﬁciunt.
722 5268 1068 5324 Devotionem
1116 5268 1394 5335 debemus,
1438 5280 1668 5324 vestram
1704 5280 1979 5340 exspecta-

394 5360 593 5417 tionem
617 5374 723 5415 non
752 5359 1055 5432 implemus.
1080 5358 1415 5431 Exspectalis
1440 5359 1581 5414 enim
1598 5376 1625 5416 a
1644 5361 1798 5417 nobis
1816 5361 1977 5417 hodie

456 5551 475 5621 ξ
500 5552 645 5621 δόιιί,
668 5551 717 5604 in
1053 5560 1121 5621 Αι⁸
1144 5558 1479 5621 manusaipti,
1503 5554 1554 5608 in
1569 5550 1835 5612 novissimo.

456 5611 528 5685 (α)
560 5620 624 5663 Ex
669 5622 843 5685 vetere
867 5611 991 5666 libro
1022 5616 1266 5685 corbeinsi
1292 5611 1419 5685 nutic
1448 5611 1651 5685 primum
1675 5622 1845 5685 prodit.
1882 5631 1973 5674 Ex-

392 5675 647 5747 ggrptays
664 5675 762 5747 beo
784 5688 1010 5727 sermone
1026 5678 1279 5747 trisdedit
1300 5679 1423 5729 Beda
1448 5675 1655 5747 nondum
1676 5675 1902 5747 vulgatus
1926 5688 1972 5737 in

392 5734 522 5842 Pputl
553 5736 783 5820 Epistolas
818 5751 828 5786 :
863 5752 1012 5791 mium
1031 5738 1267 5811 proliﬂus
1291 5754 1400 5793 cum
1426 5742 1567 5816 Floro.
1579 5744 1638 5796 ad
1657 5750 1689 5794 tt
1709 5734 1813 5796 Coi.
1844 5734 1896 5807 vi;
1925 5734 1975 5798 et

393 5804 418 5842 ι
440 5807 483 5842 ta
502 5795 724 5842 lireﬁom
745 5794 839 5842 duo
861 5798 918 5842 ad
944 5807 973 5842 tl
996 5808 1112 5842 nm.
1140 5814 1203 5842 nr.
1227 5815 1336 5842 (IMP
1361 5812 1586 5842 muniam:
1614 5807 1777 5842 Flnnm

393 5794 483 5844 Ilia
502 5794 724 5847 bre't‘lora
745 5794 839 5848 duo
861 5798 919 5849 ad
944 5807 974 5848 tt
996 5794 1112 5850 nm.
1140 5814 1203 5861 tv,
1227 5815 1336 5865 (ιιιεε
1359 5794 1596 5865 praeteriit
1614 5794 1793 5857 Florus.

1612 364 1670 418 S.
1696 351 2080 415 -ιυσυδτιω
2119 352 2417 419 ΒΡΒΕΟΡΙ

2084 479 2360 549 prdit-ari
2400 482 2675 550 apostolos
2698 484 2922 553 Petrum
2963 494 3020 543 οι.
3046 486 3293 556 Paldtll,
3332 500 3565 559 tilum
3584 505 3681 549 so-

2079 572 2272 629 lemnis
2310 573 2396 630 hic
2441 575 2557 631 dies
2607 584 2709 632 est.
2751 579 2998 648 Agnosco
3042 580 3179 651 quid
3215 582 3574 652 exspectetis;
3622 593 3682 639 et

2082 668 2171 723 ubi
2213 683 2465 742 agnosco,
2492 671 2806 727 succumbo.
2831 672 3172 729 Video‘enim
3198 672 3495 749 aspectari
3515 674 3678 747 quid,

2078 775 2110 816 a
2157 774 2283 834 quo.
2331 760 2435 817 Sed
2463 761 2584 835 quia
2634 760 2774 818 Deus
2819 778 3004 819 corum
3052 763 3261 820 laudari
3302 765 3555 834 dignatur
3605 766 3682 821 ab

2080 853 2327 909 omnibus
2343 854 2518 921 nobis,
2544 870 2649 909 non
2678 855 3034 933 dedignentur
3056 858 3198 913 servi
3218 856 3346 929 'ejus
3373 866 3675 929 utcumque

2084 944 2362 1021 prmitieari
2389 945 2456 1001 ab
2480 945 2560 1000 eis
2580 949 2669 1016 qui
2700 949 2939 1002 serviunt
2962 949 3133 1004 vobis.

2147 1035 2203 1090 2.
2236 1034 2384 1091 Idem
2409 1047 2653 1092 tractatur
2677 1050 3049 1111 argumentum.
3078 1038 3231 1096 Sicut
3264 1041 3452 1106 nostis,
3482 1056 3682 1099 omnes

2081 1132 2170 1205 qui
2224 1131 2525 1203 Scripturas
2599 1143 2813 1190 sanctas
2880 1134 3069 1201 nostis,
3139 1134 3414 1205 apostolus
3482 1134 3680 1192 Petrus

2083 1224 2223 1280 inter
2246 1223 2555 1293 discipulos,
2584 1240 2718 1295 quos
2740 1224 3000 1281 Dominus
3030 1238 3265 1294 prteseus
3294 1225 3347 1279 i‘n
3375 1240 3538 1279 carne
3560 1225 3679 1280 ele-

2081 1318 2175 1389 git,
2206 1316 2410 1396 primus
2423 1316 2626 1373 electus
2646 1326 2731 1372 est
2761 1333 2775 1369 :
2803 1315 3001 1372 Paulus
3024 1314 3197 1371 autem
3227 1331 3333 1371 non
3368 1317 3510 1372 inter
3524 1319 3672 1381 illos,

2082 1423 2186 1463 non
2214 1423 2335 1463 cum
2367 1407 2502 1473 illis;
2530 1405 2625 1461 sed
2654 1408 2809 1478 longe
2839 1415 3041 1477 postea,
3070 1423 3176 1462 non
3198 1407 3379 1477 dispar
3407 1409 3530 1462 illis.
3564 1408 3674 1463 Pe-

2083 1508 2198 1555 trus
2222 1514 2349 1570 ergo
2380 1501 2583 1569 primus
2621 1500 3027 1568 Apostolorum,
3073 1498 3272 1554 Paulus
3295 1500 3630 1554 noris’simns
3659 1518 3673 1555 :

2082 1591 2225 1647 Deus
2245 1599 2444 1655 autem,
2472 1590 2623 1663 cujus
2649 1589 2700 1644 hi
2728 1591 2888 1655 servi,
2918 1591 3070 1660 cujus
3102 1591 3155 1645 hi
3181 1604 3476 1660 pracones,
3518 1591 3676 1660 cujus

2084 1681 2136 1736 hi
2193 1681 2588 1752 praedicatores,
2638 1682 2841 1752 primus
2878 1689 2933 1736 ct
2984 1680 3321 1736 novissimus.
3366 1682 3560 1737 Petrus
3620 1683 3676 1736 in

2084 1772 2352 1844 Apostolis
2390 1772 2610 1843 primus,
2661 1773 2857 1828 Paulus
2898 1772 2955 1828 in
2995 1772 3262 1841 Apostolis
3301 1772 3631 1827 novissimus
3658 1788 3679 1825 :

2083 1861 2225 1918 Deus
2244 1872 2296 1917 et
2328 1863 2527 1932 primus
2550 1872 2598 1918 et
2631 1863 2972 1928 novissimus,
3000 1871 3124 1916 ante
3144 1876 3301 1932 quem
3324 1860 3458 1915 nihil
3481 1871 3679 1931 etpost

2083 1968 2239 2024 quem
2264 1952 2413 2006 nihil.
2443 1953 2585 2008 Deus
2599 1967 2726 2025 ergo
2747 1951 2838 2023 qui
2872 1966 2931 2007 se
2962 1950 3187 2021 primum
3237 1960 3293 2006 et
3322 1951 3677 2006 novissimum

2083 2043 2377 2098 mternitate
2420 2042 2830 2107 commendavit,
2874 2041 2990 2113 ipse
3040 2042 3325 2111 Apostolos
3360 2043 3593 2112 primum
3622 2052 3680 2098 et

2085 2133 2430 2187 novissimum
2452 2134 2697 2203 passione
2722 2132 3019 2203 conjunxit.
3045 2131 3327 2203 Utriusque
3340 2135 3516 2202 passio
3531 2148 3677 2188 con-

2083 2224 2666 2297 cordat_solemnitate,
2720 2225 2997 2296 utriusque
3044 2224 3149 2279 vita
3184 2235 3435 2279 consonat
3479 2224 3677 2279 chari-

2044 2308 2051 2321 ’
2086 2325 2211 2371 tate.
2237 2314 2300 2369 In
2328 2333 2524 2371 omnem
2551 2326 2736 2370 terram
2778 2316 2900 2370 exiit
2952 2308 3105 2370 sonus
3142 2332 3334 2382 eorum,
3374 2325 3421 2370 et
3461 2318 3520 2370 in
3545 2316 3679 2386 ﬁnes

2084 2408 2217 2462 orbis
2250 2417 2396 2462 teme
2436 2408 2584 2462 verba
2611 2424 2784 2462 eorum
2811 2417 3125 2463 sonuerunt.
3178 2407 3281 2464 Ubi
3327 2407 3486 2464 eleCIi
3524 2418 3674 2477 sunt,

2086 2500 2172 2555 ubi
2204 2500 2645 2571 praedicaverunt,
2674 2499 2760 2557 ubi
2788 2502 2946 2559 etiam
2979 2503 3117 2572 passi
3151 2511 3296 2570 sunt,
3344 2515 3535 2558 omnes
3576 2517 3677 2557 no-

2085 2591 2277 2647 vimus.
2332 2591 2457 2647 lllos
2505 2601 2684 2647 autem
2734 2592 2879 2663 ipsos
2935 2592 3074 2649 unde
3112 2610 3209 2649 nos
3248 2593 3515 2659 novimus,
3571 2595 3676 2651 nisi

2084 2682 2208 2753 quia
2236 2682 2287 2738 in
2318 2699 2514 2737 onmem
2542 2693 2727 2738 terram
2750 2684 2871 2743 exiit
2891 2701 3044 2739 sonus
3068 2701 3237 2739 eorum
3254 2687 3281 2739 .’

2154 2773 2208 2829 3.
2251 2774 2478 2843 Apostoli
2514 2774 2657 2828 vcrba
2679 2775 2741 2829 de
2763 2777 2996 2849 passione
3017 2794 3112 2831 sua
3126 2776 3436 2833 inminente.
3469 2777 3552 2833 Ea:
3578 2778 3677 2834 Dei

2081 2866 2246 2937 gratia
2274 2877 2321 2927 et
2362 2866 2607 2922 debitores
2636 2869 2891 2940 eﬁicimur,
2938 2878 2988 2924 et
3032 2870 3332 2928 redditores.
3380 2871 3673 2945 Martyrum

2036 3010 2043 3017 ,
2083 2958 2243 3013 virtus
2269 2974 2301 3012 a
2342 2955 2471 3013 Deo.
2506 2956 2831 3019 Revelutione
2859 2960 3059 3017 Paulus
3100 2964 3429 3033 con/innatus
3475 2965 3542 3019 de
3579 2982 3675 3020 sua

2083 3038 2258 3123 futura
2282 3052 2514 3121 passione
2553 3062 2599 3106 et
2626 3053 2852 3108 victoria.
2906 3055 2984 3110 De.
3004 3038 3263 3125 passione
3289 3070 3384 3111 sua
3409 3057 3518 3126 jam
3567 3059 3674 3113 im-

2080 3143 2319 3203 minente
2347 3153 2402 3203 et
2440 3145 2835 3218 propinquante
2876 3150 3323 3221 prscnuntiautem
3369 3149 3674 3205 audivimus

2082 3237 2330 3315 Paulum,
2369 3254 2491 3301 cum
2535 3240 2652 3309 ejus
2705 3241 2947 3327 Epistola
2975 3238 3279 3315 legeretur:
3315 3262 3334 3294 ι
3374 3238 3487 3317 Ego
3527 3242 3673 3298 enim

2028 3378 2033 3385 .
2078 3330 2190 3401 jam
2227 3330 2510 3399 immolor,
2556 3342 2614 3387 et
2654 3342 2867 3405 tempus
2910 3334 3253 3392 resolutionis
3306 3352 3441 3391 mea:
3481 3336 3664 3391 instat.

2084 3422 2289 3483 Bonum
2310 3432 2583 3482 certamen
2607 3426 2833 3491 cenavi,
2856 3442 3071 3486 cursum
3098 3428 3671 3503 consummavi,.lidem

2084 3513 2290 3573 Servavi
2314 3530 2328 3566 :
2350 3511 2421 3570 de
2448 3522 2645 3571 czetero
2673 3516 2909 3586 reposita
2944 3525 3027 3573 est
3048 3516 3175 3571 mihi
3204 3517 3672 3588 coronajustitim,

2085 3618 2242 3673 quam
2265 3604 2451 3660 reddet
2475 3605 2604 3660 mihi
2638 3605 2898 3663 Dominus
2939 3607 2991 3662 in
3014 3607 3100 3662 illa
3130 3606 3217 3663 die
3242 3608 3418 3679 justus
3456 3608 3625 3685 inde;
3656 3625 3671 3660 :

2088 3709 2194 3759 non
2222 3694 2399 3775 solum
2425 3705 2625 3763 autem,
2665 3694 2853 3767 inquit,
2894 3695 3046 3762 mihi,
3072 3697 3167 3753 sed
3195 3697 3563 3775 omnibusqni
3593 3690 3675 3753 di-

2086 3784 2753 3865 ligpntmanilestationem
2805 3786 2941 3858 ejus.
2984 3786 3048 3859 (ll
3078 3785 3214 3842 Tim.
3241 3804 3312 3857 tv,
3337 3787 3373 3843 6
3405 3784 3488 3855 8).
3539 3788 3675 3846 [line
3725 3804 3747 3827 ·

2083 3879 2322 3937 dicamus
2340 3878 2579 3951 aliquid:
2623 3877 2882 3949 adjuvant
2930 3880 3073 3941 enim
3116 3895 3237 3944 nos,
3286 3896 3406 3951 quae
3457 3885 3511 3934 in
3540 3874 3672 3935 lines

2083 3970 2229 4029 orbis
2253 3978 2410 4029 teme
2440 3968 2706 4034 exierunt.
2740 3970 2901 4027 verba
2953 3985 3159 4037 eorum.
3204 3970 3389 4026 Primo
3432 3982 3672 4026 sanctam

2084 4061 2420 4121 devotionem
2449 4060 2647 4119 videte.
2698 4061 2966 4119 lmmolari
3015 4076 3074 4119 se
3127 4060 3282 4130 dixit,
3335 4078 3442 4117 non
3487 4062 3672 4117 mori:

2085 4170 2189 4211 non
2220 4155 2340 4229 quia
2369 4170 2475 4211 non
2500 4154 2746 4222 moritur,
2776 4153 2867 4226 qui
2897 4154 3231 4218 immolatur;
3256 4153 3350 4213 sed
3370 4169 3478 4208 non
3499 4155 3675 4209 omnis

2083 4244 2172 4314 qui
2193 4245 2437 4308 moritur,
2474 4244 2795 4312 immolatur.
2827 4243 2963 4316 Ergo
2990 4243 3253 4311 immolari
3272 4253 3355 4299 est
3378 4244 3487 4300 Deo
3516 4244 3673 4298 mori.

2086 4338 2312 4405 Ductnm
2356 4346 2441 4391 est
2481 4336 2624 4391 enim
2653 4335 2884 4391 Verbum
2929 4351 2960 4391 a
2998 4334 3283 4391 sacrificio.
3319 4335 3494 4393 Omne
3532 4336 3675 4407 quod

2084 4428 2435 4495 sacrificatur,
2462 4428 2580 4485 Deo
2603 4428 2877 4487 occiditur.
2911 4427 3174 4483 lntellexit
3198 4428 3339 4481 enim
3382 4426 3675 4500 Apostolus

2085 4519 2171 4575 cui
2199 4520 2316 4590 ejus
2363 4520 2576 4590 sanguis
2628 4520 2678 4579 in
2728 4520 2980 4588 passione
3022 4518 3345 4591 deberetur:
3380 4514 3554 4575 tinctus
3593 4530 3677 4576 est

2085 4610 2227 4666 enim
2244 4608 2455 4667 debitor
2479 4610 2752 4685 sanguinis
2781 4612 2880 4675 sui,
2924 4626 3020 4680 pro
3039 4628 3149 4681 quo
3212 4611 3360 4666 fusus
3413 4621 3499 4667 est
3549 4626 3676 4666 san-

2082 4701 2201 4771 guis
2229 4701 2434 4757 Domini
2464 4702 2565 4757 sui.
2600 4702 2744 4759 Unus
2776 4701 2865 4757 ille
2892 4703 3201 4773 sanguinem
3230 4700 3384 4769 ludit,
3408 4714 3464 4758 et
3485 4720 3675 4760 onines

2084 4792 2465 4863 Oppigneravit.
2496 4792 2764 4864 Quotquot
2790 4794 2929 4849 illam
2960 4793 3114 4849 lldem
3156 4792 3464 4864 recipimus,
3508 4794 3672 4851 ἄδικα

2085 4893 2203 4931 mus
2227 4875 2367 4948 quod
2408 4878 2699 4946 accipimus
2733 4895 2745 4931 :
2779 4886 2832 4933 et
2881 4876 2980 4933 hoc
3024 4879 3144 4951 quia
3182 4878 3428 4953 dignatus
3482 4891 3566 4935 est
3598 4882 3675 4934 fa-

2084 4987 2203 5027 cere
2218 4981 2271 5027 et
2297 4970 2566 5027 debitores
2591 4980 2644 5027 et
2664 4973 2979 5053 reddituros.
3013 4971 3139 5042 Quis
3170 4973 3310 5035 enim
3349 4984 3593 5028 nostrum
3617 4974 3671 5029 in

2038 5078 2047 5081 ‘
2086 5074 2224 5119 tanta
2255 5063 2431 5134 inpia
2455 5074 2509 5120 et
2538 5073 2846 5135 paupertate
2875 5063 3169 5121 inlimitatis
3188 5063 3412 5121 idoneus
3436 5080 3525 5120 est.
3550 5067 3670 5120 red-

2083 5158 2210 5213 dere
2232 5167 2378 5213 tanto
2406 5157 2692 5213 creditori?
2712 5159 2814 5215 Sed
2842 5159 3107 5229 quomodo
3134 5160 3391 5230 scriptum
3420 5168 3529 5225 est,
3563 5159 3670 5214 Do-

2085 5252 2251 5305 minus
2306 5250 2443 5305 dabit
2517 5252 2718 5306 verbum
2762 5252 3211 5324 euangelizantibus
3275 5253 3457 5306 virtute
3506 5255 3669 5307 multa

2084 5341 2252 5409 (Psal.
2286 5360 2454 5405 van,
2483 5343 2570 5414 12)
2604 5362 2616 5398 :
2651 5344 2891 5407 verbum,
2921 5359 3028 5417 quo
3067 5342 3448 5409 dilTamentur;
3499 5346 3669 5400 virtu-

2083 5443 2209 5498 tem,
2241 5449 2341 5505 qua
2371 5434 2653 5505 patiantur.
2686 5434 2802 5504 ipse
2824 5450 2954 5505 ergo
2981 5436 3082 5489 sibi
3111 5435 3354 5491 victimas
3378 5435 3531 5501 fecit,
3556 5437 3669 5507 ip<e

2081 5525 2179 5580 sibi
2203 5525 2459 5581 sacrificia
2480 5525 2696 5592 dicavit,
2727 5527 2839 5597 ipse
2872 5526 3111 5598 implevit
3149 5525 3352 5596 Spiritu
3380 5536 3667 5598 martyres,

2082 5614 2194 5679 ipse
2236 5617 2429 5671 virtute
2457 5616 2711 5671 instruxit
2756 5617 3109 5673 conlessores.
3141 5616 3233 5671 Eis
3258 5616 3460 5687 quippe
3511 5616 3665 5682 dixit,

2085 5710 2203 5766 Non
2224 5711 2356 5765 enim
2382 5726 2466 5766 vos
2486 5712 2603 5767 estis
2627 5712 2717 5783 qui
2738 5710 2996 5782 loquinuni
3019 5710 3225 5783 (Matth.
3255 5728 3307 5777 ι,
3328 5708 3448 5782 2ο).
3473 5711 3668 5780 0mm-

2084 5803 2163 5859 vis
2193 5818 2319 5873 ergo
2346 5818 2596 5873 passurus
2616 5844 2629 5870 ,
2683 5803 2924 5873 quamvis
2950 5818 3045 5873 pro
3080 5802 3183 5860 lidc
3207 5801 3409 5857 Christi
3448 5801 3671 5874 sangui-
