3954 6198
266 420 399 490 r509

262 564 383 603 nem
407 546 651 611 fusuros;
678 552 821 598 recte
850 550 1029 596 tamen
1068 538 1216 604 dicit,
1252 536 1703 605 Quid‘retribuam
1736 524 1844 584 Da-

266 641 401 695 mino
426 655 521 711 pro
544 630 772 691 anniibus
799 646 913 704 qua
950 630 1174 686 retribuit
1203 629 1371 683 mihi?
1396 628 1460 682 Et
1493 626 1618 697 quid
1657 636 1846 680 occur-

262 726 381 787 rit?
398 726 616 786 Calicem
643 727 880 782 salutaris
906 725 1170 795 accipiam,
1199 730 1246 777 et
1268 737 1464 776 nantem
1485 719 1687 774 Domini
1708 719 1849 771 inva-

262 821 384 876 cabo
413 817 585 892 (Psal.
608 833 729 882 σιν,
761 816 827 872 12
841 815 1016 883 eti3).
1048 814 1124 869 De
1161 812 1511 867 retributione
1555 808 1846 880 cogitabas,

264 909 389 980 quid
416 909 742 965 retribueres
767 907 1106 977 inquirebas;
1133 913 1187 960 et
1205 902 1440 958 occurrit
1467 901 1559 956 tibi
1586 900 1733 970 quasi
1764 914 1849 954 re-

266 1002 549 1069 tributore,
577 1000 794 1054 Calicem
834 997 1074 1052 salutaris
1104 997 1368 1067 accipiam,
1415 1002 1463 1047 et
1505 1008 1685 1046 nomen
1739 989 1847 1043 Dos

268 1095 391 1160 mini
416 1096 671 1149 invocabo.
722 1092 882 1147 Certe
923 1090 1223 1145 redditurus
1266 1086 1419 1142 eras?
1448 1085 1589 1141 Ecce
1631 1080 1847 1152 accipis.

268 1184 417 1254 Quod
442 1185 638 1254 accipis
667 1189 816 1254 ergo,
844 1183 966 1252 quia
990 1179 1242 1249 accepisti
1296 1176 1435 1249 quod
1469 1176 1717 1241 deberes,
1763 1188 1852 1227 ac-

268 1278 400 1346 cipis
427 1275 567 1331 unde
615 1272 842 1337 reddas;
883 1272 1093 1326 debitor
1139 1285 1257 1323 cum
1297 1267 1585 1337 acet-peris,
1643 1264 1854 1318 debitor

266 1383 386 1424 Cum
417 1364 733 1422 reddideris.
761 1364 893 1429 Quid
931 1363 1072 1417 enim
1116 1359 1411 1425 retribuam,
1459 1357 1666 1427 inquit?
1709 1352 1852 1411 Cali-

267 1476 374 1514 cem
405 1457 642 1512 salutaris
667 1456 932 1526 accipiam.
968 1453 1107 1523 Elge
1156 1459 1210 1507 et
1240 1450 1345 1504 hoc
1381 1450 1597 1518 accipis,
1633 1446 1851 1500 calicem

276 1526 558 1621 passionis;
611 1550 829 1604 calicem
858 1548 922 1601 de
955 1562 1060 1617 quo
1088 1543 1341 1599 Dominus
1379 1544 1452 1597 ait
1485 1541 1733 1617 :Pomu;
1780 1539 1857 1592 bi-

274 1626 388 1697 bere
411 1641 633 1706 calicem,
666 1656 812 1712 quem
831 1655 919 1710 ego
947 1637 1191 1692 bibiturus
1230 1652 1340 1689 sum
1367 1632 1580 1705 (Matth.
1612 1648 1703 1698 xx,
1731 1630 1853 1702 ἥγε

269 1731 373 1789 Sed
401 1748 525 1789 ecce
548 1731 658 1801 jam
689 1730 824 1784 calix
859 1732 908 1784 in
933 1745 1090 1783 manu
1109 1738 1194 1782 tua
1217 1735 1316 1790 est,
1336 1726 1445 1795 jam
1474 1725 1716 1779 imminet
1737 1737 1858 1790 pas-

270 1825 391 1878 sio:
425 1822 549 1893 quid
592 1820 817 1877 facisne
856 1820 1129 1890 trepides?
1154 1817 1280 1888 quid
1330 1816 1462 1871 iacis
1510 1832 1576 1870 ne
1619 1814 1857 1869 titubes?

271 1914 396 1985 quid
429 1912 646 1968 facisne
673 1911 814 1984 quod
856 1914 965 1980 jam
1015 1918 1219 1991 portas,
1252 1908 1438 1964 bibere
1484 1922 1588 1961 non
1645 1905 1856 1975 possis?

271 2006 408 2074 Quid
453 2005 662 2073 iaciam,
697 2004 903 2074 inquit?
922 2003 988 2064 Et
1028 2000 1095 2055 ibi
1149 1999 1449 2068 accipiam:
1491 1996 1700 2051 debitor
1724 2010 1848 2061 ero;

271 2098 389 2169 quia
421 2083 609 2154 nolnen
673 2098 880 2157 Domini
913 2094 1191 2151 invocabo.
1223 2093 1354 2165 Ego,
1387 2093 1576 2167 inquit,
1600 2093 1713 2169 jam
1758 2091 1855 2144 im-

275 2192 454 2246 molor.
510 2190 892 2246 Conlirmatum
941 2189 1012 2242 illi
1070 2196 1195 2253 erat.
1231 2186 1558 2244 revelatione
1598 2184 1671 2254 (a)
1707 2203 1719 2239 :
1749 2200 1852 2239 non

272 2285 416 2341 enim
448 2285 548 2339 boc
575 2284 673 2339 sibi
707 2283 936 2341 humana
965 2280 1247 2335 inﬁrmitas
1275 2279 1587 2353 promittere
1613 2276 1851 2353 auderet.

277 2362 495 2435 Fiducia
534 2377 646 2449 ejus
693 2392 799 2428 non
830 2392 858 2427 a
906 2389 983 2437 se,
1012 2372 1103 2429 sed
1133 2372 1198 2435 ab
1225 2387 1288 2426 eo
1330 2371 1419 2440 qui
1468 2377 1634 2423 totum
1685 2368 1852 2433 dedit,

275 2485 431 2542 quem
459 2468 719 2524 intellexit
748 2482 866 2520 cum
893 2466 1092 2519 diceret
1127 2463 1368 2532 superius
1396 2480 1409 2518 :
1434 2460 1579 2527 Quid
1600 2461 1732 2516 enim
1761 2461 1856 2515 ha—

277 2561 357 2613 bes
380 2558 513 2629 quod
540 2574 638 2610 non
658 2556 891 2627 accepisti
919 2553 961 2628 (Ι
989 2551 1106 2610 Cor.
1140 2570 1210 2622 LV,
1249 2544 1330 2624 7)?
1355 2551 1634 2629 lt'go‘ergo,
1665 2550 1853 2621 inquit,

277 2654 382 2718 iam
412 2652 660 2716 immolor,
689 2659 733 2707 ct
763 2661 953 2721 tempus
975 2649 1294 2707 resolutionis
1322 2665 1445 2704 mea:
1458 2648 1636 2705 instat.
1659 2636 1859 2709 Bonum

282 2752 536 2797 certamen
570 2740 774 2799 certari.
826 2740 1097 2809 interroga
1139 2739 1519 2794 conscientiam
1546 2756 1560 2793 :
1591 2754 1694 2792 non
1730 2753 1861 2793 cun-

268 2828 470 2897 etatur,
497 2834 623 2904 quia
651 2834 701 2886 in
730 2818 957 2886 Domino
982 2831 1258 2903 gloriatur.
1287 2818 1506 2895 Bonum,
1541 2828 1728 2903 inquit,
1753 2845 1862 2882 cer-

280 2936 443 2981 tamen
467 2914 679 2995 ce‘rtavi,
701 2941 904 2980 cursum
927 2922 1288 2987 consummavi,
1319 2923 1470 2990 ﬁdem
1505 2923 1717 2976 servavi.
1748 2920 1857 2983 Me-

283 3019 387 3073 rito
417 3032 631 3074 cursum
680 3015 1082 3083 consummasti,
1130 3014 1257 3091 quia
1297 3012 1454 3068 [idem
1493 3013 1739 3069 servasti.
1781 3011 1863 3065 De

282 3119 494 3175 αιτιοι-ο,
532 3108 699 3176 inquit
724 3148 739 3171 ,
778 3115 1002 3177 superest
1050 3105 1173 3163 mihi
1229 3122 1415 3160 corona
1439 3106 1674 3177 justitiaz,
1711 3120 1862 3174 quam

289 3201 461 3255 reddet
488 3200 612 3266 mihi
642 3198 884 3255 Dominus
908 3199 958 3255 in
983 3198 1073 3255 illo
1094 3196 1176 3253 die
1191 3198 1361 3269 justus
1371 3198 1554 3270 judex.

362 3289 415 3345 4.
445 3290 644 3344 Corona
660 3289 877 3359 justitia:
897 3305 995 3341 non
1018 3287 1323 3358 martyribus
1352 3297 1563 3352 tantum,
1592 3286 1680 3340 sed
1704 3288 1865 3341 omni-

285 3383 377 3437 bus
422 3381 575 3449 ﬁdem
624 3379 934 3434 servantibus
984 3379 1249 3449 promissa.
1303 3376 1617 3433 Desiderium
1671 3377 1864 3432 adven-

284 3483 366 3527 tus
394 3471 579 3526 Christi
602 3472 794 3541 judicis
814 3472 994 3540 futuri.
1024 3469 1088 3525 Et
1114 3486 1179 3525 ne
1206 3470 1319 3539 ipse
1355 3470 1504 3541 quasi
1540 3486 1676 3524 unus
1704 3482 1863 3539 supra

287 3565 503 3621 modum
530 3564 744 3635 gloriari
786 3562 1071 3627 videretur,
1112 3570 1167 3618 et
1191 3562 1289 3616 sibi
1320 3561 1531 3630 proprie
1586 3560 1864 3614 Dominum

288 3647 582 3720 vindicare,
616 3653 920 3712 Nousolum
946 3663 1135 3720 autem,
1164 3652 1354 3723 inquit,
1389 3652 1534 3719 mihi,
1569 3651 1658 3705 sed
1700 3652 1866 3705 omni-

290 3751 382 3807 bus
411 3749 499 3820 qui
530 3748 746 3820 diligunt
773 3746 1225 3815 manifestationem
1241 3746 1372 3819 ejus.
1400 3744 1515 3803 Non
1549 3745 1723 3816 potuit
1756 3759 1870 3800 me.

245 3817 267 3841 ’
290 3841 392 3897 lius
416 3817 471 3895 et
495 3817 709 3895 brevius
725 3838 993 3895 insinuare
1008 3835 1131 3905 quid
1147 3835 1377 3892 debeant
1401 3826 1645 3891 homines
1668 3834 1866 3904 facere.

296 3938 356 3985 ut
405 3936 712 3985 mereantur
764 3927 908 3983 illam
959 3927 1178 3995 justitia:
1226 3941 1501 3985 coronam.
1570 3926 1684 3982 Non
1727 3930 1869 3983 enim

293 4034 484 4077 omnes
506 4017 891 4074 infundendum
906 4018 1216 4088 sanguinem
1233 4028 1544 4089 exspectare
1563 4019 1821 4075 debemus
1852 4036 1868 4073 :

291 4112 443 4184 pauci
475 4118 758 4180 martyres,
779 4109 873 4164 sed
895 4108 1043 4164 multi
1064 4108 1279 4165 iideies.‘
1297 4107 1563 4165 immolari
1579 4109 1871 4167 sicutPan-

297 4207 380 4261 ius
406 4220 509 4260 non
540 4202 927 4275 potes?Fidem
955 4217 1168 4258 scrvare
1188 4210 1344 4273 potos
1379 4219 1391 4254 :
1428 4201 1582 4259 [idem
1611 4202 1873 4257 servando

292 4298 468 4369 diligis
497 4295 976 4351 manifestationem
999 4294 1133 4366 ejus.
1164 4294 1217 4351 Si
1246 4295 1388 4353 enim
1430 4295 1583 4357 times
1608 4309 1675 4350 ne
1697 4295 1874 4350 veniat

294 4390 546 4445 Dominus
574 4387 671 4462 (ὁ),
696 4404 800 4445 non
824 4388 997 4460 diligis
1025 4385 1508 4449 manifestationem
1535 4387 1671 4459 ejus.
1695 4388 1875 4443 Domi-

294 4498 391 4537 nus
411 4483 655 4539 Cbristus
712 4482 872 4540 modo
920 4482 973 4537 in
1027 4481 1236 4537 occulto
1265 4488 1399 4546 est;
1449 4474 1875 4559 maiiiiestabitur

295 4583 534 4643 tempore
573 4588 690 4639 suo,
723 4572 882 4642 jndex
917 4573 1122 4629 iuturus
1162 4572 1325 4645 justo,
1368 4573 1456 4643 qui
1492 4571 1590 4633 fuit
1618 4588 1742 4641 reus
1774 4572 1874 4631 sub

292 4663 468 4735 judice
495 4665 708 4732 injuste.
738 4663 1008 4721 Venturos
1035 4671 1116 4719 est
1150 4672 1241 4718 :et
1266 4663 1534 4733 quomodo
1576 4663 1875 4721 venturus?

291 4755 652 4812 Judicaturus.
675 4754 863 4833 Neque
885 4755 1026 4812 enim
1055 4754 1245 4813 iterum
1271 4753 1611 4824 jmlicandus,|
1636 4753 1730 4811 sed
1765 4753 1873 4808 uti-

359 4928 430 4991 (a)
463 4924 605 4991 Paulo
624 4926 813 4991 allatam
845 4927 1005 4977 divina
1034 4926 1339 4991 revelatione
1372 4931 1683 4981 securitatem
1718 4932 1783 4982 de
1806 4934 1878 4983 vi-

256 5016 260 5020 -
294 4988 445 5039 ctm'ia
477 4991 527 5037 in
558 4988 727 5038 ultimo
750 4990 1024 5038 certamine
1055 5002 1152 5038 non
1183 4990 1263 5039 hic
1292 4997 1475 5040 tantum
1507 4993 1636 5043 dicit.
1668 5002 1722 5042 tn
1752 4992 1878 5045 libro

294 5051 512 5116 secundo
535 5050 600 5116 de
624 5058 926 5116 peccatorum
951 5052 1274 5116 δίει-ἥξων.
1300 5053 1450 5116 16.71).
1477 5054 1558 5115 24,
1581 5055 1878 5116 Pelagianos,

295 5064 512 5124 secundo
535 5064 600 5100 ue
624 5064 926 5123 peccatorum
951 5064 1144 5160 ueriusI
1169 5064 1274 5113 mp.
1300 5064 1376 5111 to.
1398 5066 1450 5104 n.
1477 5064 1558 5115 24,
1581 5064 1660 5106 Pet
1728 5064 1878 5116 ianos,

295 5125 380 5175 qur
405 5126 467 5161 ex
495 5112 669 5162 eodem
703 5119 793 5161 Isto
824 5110 929 5161 loco
953 5114 1339 5175 Apostoitnunc
1370 5115 1592 5166 humana:
1624 5070 1882 5168 vgﬂtntatis

298 5174 441 5229 vires.
458 5186 587 5223 nunc
602 5180 875 5223 sanctorum
892 5175 1100 5223 virorum
1123 5174 1171 5222 in
1194 5174 1284 5223 bac
1304 5176 1399 5224 vita
1424 5179 1773 5229 perfectionem
1794 5193 1882 5228 ex-

298 5233 554 5293 tollebant,
577 5236 648 5286 sic
670 5233 852 5285 relellit
882 5248 897 5284 :
941 5252 963 5279 ι
983 5234 1115 5293 Quod
1136 5236 1179 5282 si
1202 5236 1314 5291 ideo
1338 5233 1512 5290 talibus
1533 5242 1698 5290 verbis
1720 5248 1883 5291 certus

305 5313 325 5338 (ι
350 5309 652 5359 securusque
675 5296 937 5359 gaudebat,
964 5296 1077 5358 quia
1096 5296 1160 5344 de
1186 5296 1377 5347 victoria
1407 5298 1554 5350 futuri
1580 5303 1695 5350 tanti
1720 5311 1882 5351 certa-

305 5374 328 5400 ι
350 5357 493 5426 minis
508 5357 695 5426 eertum
719 5370 843 5426 eum
852 5357 1176 5426 securumque
1193 5359 1292 5426 jam
1315 5359 1495 5426 fecerat
1515 5396 1530 5420 ,
1554 5362 1637 5426 qni
1661 5364 1883 5426 eamdem

307 5434 327 5461 σ
352 5419 627 5488 passionem
657 5418 765 5488 jam.
777 5417 1482 5488 illirevelaveratimminere;
1505 5417 1600 5475 nos
1620 5437 1679 5473 re
1701 5423 1883 5488 plenis-

306 5495 329 5523 «
512 5477 600 5527 sed
623 5477 713 5540 spe
736 5477 999 5529 ﬁrmissima
1024 5480 1127 5530 hcce
1148 5481 1289 5540 dixit,
1307 5498 1329 5525 ιθ
1356 5491 1451 5531 etc.

362 5537 436 5601 (ὁ)
466 5537 706 5611 Timorem
744 5540 885 5611 _h_t_mc
916 5537 1514 5611 vehementer-improbat
1548 5547 1879 5611 Augustinus,

299 5599 464 5669 anser.
491 5601 549 5669 in
581 5599 700 5669 Psai.
738 5601 928 5669 H7._n.
966 5603 987 5657 t
1017 5617 1028 5651 :
1074 5621 1095 5647 ει
1116 5604 1159 5669 si
1189 5599 1386 5669 eum,»
1427 5606 1599 5669 inquit,
1626 5599 1656 5653 ἶ
1675 5599 1886 5661 ainatnus

308 5681 329 5709 ι
351 5660 603 5721 (histum,
620 5663 789 5728 utique
812 5662 1069 5713 adventum
1083 5665 1189 5728 ejus
1202 5660 1481 5716 desiderare
1495 5660 1748 5719 debemus.
1771 5678 1885 5720 Per-

307 5740 329 5769 ι
354 5732 550 5794 rursum
583 5725 720 5773 enim
746 5731 852 5794 est,
878 5730 927 5773 et
960 5725 1308 5794 nescioutrum
1331 5741 1501 5777 verum
1517 5764 1531 5789 ,
1556 5744 1703 5793 quem
1725 5732 1888 5794 diligis

309 5805 330 5829 ι
355 5790 531 5836 timere
556 5797 621 5837 ne
648 5786 845 5854 veniat;
879 5798 1040 5847 orare,
1080 5787 1296 5839 tdt‘t’iiiat
1329 5786 1526 5853 regmun
1561 5786 1712 5854 t'uum,
1740 5802 1787 5843 et
1812 5786 1884 5843 ’ἰῆ-

309 5863 331 5891 s
352 5857 489 5898 mere
515 5860 579 5898 ne
600 5846 887 5897 exaudiaris.
913 5863 934 5889 ››

1636 410 1863 471 SERMO
1899 409 2170 467 CCXClX.

1954 541 2057 594 que
2076 526 2185 596 jam
2203 526 2552 596 jutﬁcaturus,
2579 527 2716 583 sient
2768 529 3033 596 navium,-
3067 530 3203 585 situt
3239 532 3532 598 troilus;

1954 606 2190 671 tie-vivis
2240 625 2296 672 et
2337 619 2583 674 mortuis.
2610 616 3225 691 inermem
3258 621 3535 679 basium

1961 709 2224 765 intentum
2280 710 2339 763 in
2386 722 2508 773 me,
2558 719 2617 765 ut
2660 711 3023 788 amictus:
3082 711 3390 781 διιπωρυς
3438 728 3536 775 re»

1954 799 2219 869 spondeat
2262 814 2372 857 non
2412 801 2565 866 mihi,
2622 802 2715 857 sed
2754 803 2856 858 sibi
2885 803 3016 857 τηις
3059 812 3119 856 ut
3154 803 3335 858 unm
3372 802 3535 872 inde:

1955 891 2093 946 iste?
2116 890 2271 959 Volo,
2306 892 2497 963 inquit.
2527 892 2660 948 Vide
2684 893 2810 963 quid
2830 893 2966 948 dicit
2992 893 3080 947 :si
3102 904 3292 948 rem
3311 891 3466 959 dicis,
3491 893 3536 947 si

1952 983 2033 1036 vis
2055 991 2112 1037 ut
2131 984 2327 1049 veniat,
2352 983 2480 1039 vide
2507 984 2776 1054 quomodo
2817 991 2869 1038 te
2896 984 3147 1041 inveniat.
3186 982 3357 1037 ludes
3383 985 3527 1038 enim

1954 1083 2211 1131 venturus
2230 1085 2316 1131 est
2340 1093 2353 1131 :
2376 1076 2486 1146 jam
2510 1077 2607 1132 tibi
2637 1084 2934 1147 praerogata
2963 1086 3046 1131 est
3078 1076 3372 1141 humilitas,
3409 1090 3539 1130 ven-

1954 1174 2073 1220 tura
2105 1164 2463 1235 estpotestas.
2496 1166 2612 1221 Non
2630 1168 2777 1222 enim
2796 1168 3147 1222 sievesitm'os
3175 1175 3280 1233 est,
3328 1174 3386 1221 ut
3408 1180 3537 1221 cor-

1958 1270 2088 1325 pore
2114 1254 2386 1322 induatur,
2418 1258 2489 1314 de
2525 1268 2696 1313 matre
2720 1268 2994 1320 nascatur.
3018 1268 3180 1329 suam
3216 1259 3401 1324 ubera,
3439 1272 3538 1313 eu-

1959 1349 2041 1403 nis
2089 1349 2406 1413 involvantur,
2434 1351 2483 1404 in
2542 1365 2779 1420 puissepe
2814 1360 3069 1419 ponatur;
3115 1360 3387 1420 postremo
3429 1349 3541 1418 jam

1953 1438 2163 1510 juvenis
2210 1440 2277 1495 ab
2322 1440 2547 1495 homine
2583 1440 2865 1504 “ludam,
2922 1438 3539 1509 teneamﬂageiletur,

1952 1520 2516 1598 sitspendatur;tacest
2539 1544 2659 1585 eum
2684 1531 2971 1601 judicatur.
3002 1531 3079 1585 Ne
3102 1528 3241 1588 {orte
3267 1529 3387 1584 ideo
3412 1545 3543 1585 ven-

1958 1629 2135 1675 turum
2163 1629 2461 1691 exspectes,
2486 1621 2609 1691 quia
2639 1620 2892 1676 humilem
2916 1630 3200 1677 venturum
3241 1621 3416 1675 adhuc
3443 1635 3540 1690 pu-

1953 1720 2061 1765 tas.
2094 1711 2279 1768 Tacuit
2303 1712 2644 1789 iudicandus;
2681 1727 2787 1766 non
2838 1713 3036 1767 tacebit
3055 1712 3405 1781 jndicaturus.
3440 1710 3546 1769 0c-

1954 1803 2249 1858 cultns'bie
2273 1802 2390 1866 fuit,
2420 1811 2612 1857 utnon
2636 1811 3047 1873 agnosceretur:
3073 1801 3135 1858 Si
3176 1803 3313 1857 enim
3353 1818 3543 1873 cogno-

1950 1895 2159 1958 vissent,
2187 1910 2445 1964 nunquam
2470 1894 2744 1949 Dominum
2766 1896 2942 1965 gloria:
2963 1895 3327 1963 craeiﬁsisscnt
3349 1892 3398 1965 (I
3417 1893 3541 1950 Cor.

1960 2000 2017 2050 ιι,
2050 1985 2126 2051 8).
2152 1984 2281 2038 Cum
2321 1999 2450 2054 ergo
2488 1985 2578 2038 bie
2599 1986 2708 2053 jam
2746 1985 3247 2039 iueritoceultusin
3283 1993 3547 2053 potestate

1952 2093 2076 2143 sua,
2106 2078 2298 2131 tacitus
2337 2077 2438 2131 sub
2457 2077 2665 2143 aliena;
2698 2078 3025 2132 cornu-arium
3065 2079 3167 2131 erit
3199 2077 3544 2131 oceultatioui

1959 2180 2012 2225 et
2058 2170 2181 2226 huic
2218 2170 2567 2225 taeitomitati
2617 2170 2757 2239 quod
2818 2180 3096 2224 venturum
3151 2177 3542 2239 exspectamus.

1960 2261 2099 2316 Deus
2124 2264 2265 2316 enim
2295 2261 2593 2328 manifestus
2622 2262 2801 2315 veniet.
2819 2261 2920 2328 Qui
2951 2261 3093 2330 prius
3112 2260 3257 2313 venit
3281 2259 3542 2325 occultus,

1960 2355 2137 2409 veniet
2162 2352 2494 2408 manifestus.
2522 2354 2664 2407 Ecce
2696 2353 2863 2407 babes
2894 2352 3243 2415 contrarium,
3270 2352 3347 2405 illi
3367 2352 3547 2407 occul-

1963 2445 2146 2500 tationi
2183 2462 2198 2500 :
2225 2444 2344 2499 vide
2371 2443 2708 2499 contrarium
2729 2443 2804 2498 illi
2824 2440 3191 2497 taciturnitati.
3218 2441 3358 2496 Deus
3379 2450 3547 2497 noster

1961 2536 2139 2602 veniet,
2172 2542 2218 2590 et
2243 2552 2344 2589 non
2368 2534 2549 2589 silebit.
2570 2531 2737 2590 ‘Siluit
2762 2534 3001 2588 occultus
3020 2548 3036 2599 ;
3055 2534 3174 2603 quia
3196 2534 3326 2587 sicut
3355 2533 3459 2587 ovis
3477 2534 3547 2587 ad

1961 2629 2324 2683 inmolandam
2372 2627 2553 2682 ductus
2594 2624 2694 2692 'est,
2741 2626 2896 2682 Siluit
2930 2626 3203 2691 occultus;
3255 2625 3379 2696 quia
3420 2626 3549 2680 sicut

1963 2736 2122 2793 agnus
2147 2736 2318 2775 coram
2357 2721 2593 2775 tondente
2625 2737 2679 2775 se
2696 2719 2804 2775 sine
2839 2735 2977 2785 voce,
3008 2720 3080 2773 sit:
3120 2734 3223 2772 non
3266 2717 3467 2789 aperuit
3491 2734 3549 2771 os

1968 2829 2131 2866 utam.
2162 2810 2320 2869 Siioit
2345 2812 2618 2876 occultas;
2647 2816 2769 2881 quis
2786 2812 2843 2865 in
2872 2809 3418 2881 humilitatejndiciunt
3437 2808 3550 2880 ejus

1964 2905 2271 2960 sublevatum
2294 2904 2455 2975 (a)est
2473 2903 2626 2975 (lsai.
2651 2918 2761 2969 un,
2784 2905 2837 2969 7,
2856 2902 2936 2972 8).
2958 2901 3120 2957 Siluit
3140 2902 3408 2965 occultus;
3425 2899 3548 2970 quia

1968 2994 2130 3051 homo
2151 3004 2353 3049 tantum
2383 3003 2595 3065 putatus
2619 3001 2701 3048 est
2725 3006 2747 3048 :'
2769 2993 2863 3049 sed
2886 2991 3024 3047 Deus
3038 2992 3339 3064 manifestus
3367 2991 3547 3055 veniet,

1967 3083 2109 3139 Deus
2155 3093 2324 3139 noster
2348 3094 2395 3138 et
2426 3100 2530 3138 non
2553 3084 2733 3138 silebit.
2766 3083 2900 3152 Quid
2923 3098 3051 3153 ergo
3088 3091 3144 3136 tu
3187 3081 3274 3152 qui
3304 3082 3548 3144 dicebas,

1968 3173 2103 3229 Volo
2131 3174 2307 3229 veniat
2340 3190 2355 3228 :
2391 3173 2543 3240 Volo,
2591 3174 2780 3244 inquit,
2824 3173 3019 3237 veniat,
3077 3172 3287 3226 veniat:
3315 3170 3551 3226 nondum

1968 3268 2158 3323 times?
2205 3264 2351 3338 Ignis
2399 3276 2518 3321 ante
2567 3267 2735 3337 ipsum
2774 3265 2969 3337 praeibit
3011 3262 3450 3337 (Psal.xux,3).
3494 3262 3552 3318 Si

1970 3372 2075 3413 non
2102 3358 2258 3412 times
2281 3356 2540 3426 judicem,
2575 3372 2679 3411 non
2708 3355 2919 3426 ignem?

2041 3449 2095 3503 δ.
2127 3447 2326 3501 Corona
2363 3446 2529 3500 debita
2580 3445 2889 3500 servantibus
2940 3446 3113 3514 ﬁdem.
3139 3442 3248 3504 Sed
3288 3444 3333 3498 si
3370 3457 3554 3501 sema

1973 3537 2155 3604 fidem,
2187 3537 2360 3609 diligis
2386 3552 2515 3592 vere
2540 3536 2657 3606 ejus
2682 3534 3186 3602 manifestationem,
3213 3550 3435 3590 securus
3457 3550 3553 3590 co-

1972 3642 2160 3683 ronam
2187 3627 2353 3683 debes
2378 3637 2689 3697 exspectare
2708 3625 2928 3695 jostitia:
2960 3643 2974 3678 :
3007 3639 3113 3679 non
3152 3625 3297 3680 enim
3326 3623 3557 3680 donatur

1977 3719 2191 3786 talibus,
2230 3718 2325 3774 sed
2369 3717 2610 3775 debetur.
2663 3717 2794 3773 Nam
2840 3726 2895 3772 et
2924 3716 3037 3786 ipse
3067 3716 3337 3786 apostolus
3362 3715 3556 3771 Paulus

1977 3819 2223 3881 tauquam
2252 3810 2487 3866 debitum
2514 3810 2713 3880 ﬂagitat
2740 3826 2756 3863 :
2789 3807 2955 3874 Quam
2978 3807 3171 3875 reddet,
3194 3808 3380 3878 inquit,
3431 3808 3557 3862 mihi

1975 3904 2222 3958 Dominus
2251 3904 2305 3958 in
2328 3903 2420 3957 illo
2439 3904 2521 3957 die
2534 3904 2708 3974 justus
2745 3902 2922 3971 iudex.
2947 3901 3172 3965 Reddet,
3220 3901 3344 3971 quia
3382 3901 3557 3971 justus

1975 4005 2057 4051 est
2088 4012 2102 4049 :
2129 3994 2254 4051 fecit
2302 4008 2361 4051 se
2399 3996 2526 4050 mibi
2555 3995 2905 4069 promissione
2930 3994 3245 4067 debitorem.
3271 3993 3553 4063 Praecepit,

1975 4086 2152 4141 audivi
2182 4105 2195 4141 :
2227 4087 2551 4158 praedicavit,
2579 4086 2800 4143 credidi.
2831 4085 3031 4140 Bonum
3055 4095 3304 4140 certamen
3349 4088 3553 4151 certavi,

1976 4194 2177 4233 cursum
2196 4180 2555 4234 consummavi.
2602 4217 2617 4232 .
2662 4221 2676 4231 .
2718 4217 2734 4233 .
2766 4218 2782 4233 .
2828 4217 2842 4232 .
2888 4216 2903 4230 .
2947 4219 2959 4232 .
3006 4216 3021 4232 .
3065 4218 3079 4231 .
3125 4219 3137 4231 .
3181 4218 3195 4231 .
3247 4216 3258 4229 .

1979 4269 2073 4325 liis
2096 4269 2257 4324 donis
2282 4270 2394 4324 suis
2424 4269 2723 4338 debctpro.
2764 4306 2778 4321 .
2829 4308 2841 4321 .
2888 4308 2899 4319 .
2944 4308 2958 4321 .
3006 4307 3019 4321 .
3064 4308 3077 4321 .
3122 4308 3136 4323 .
3184 4309 3197 4322 .
3244 4308 3257 4322 .
3303 4309 3317 4323 .
3364 4310 3376 4323 .
3420 4307 3435 4321 .
3480 4307 3495 4321 .
3540 4306 3555 4321 .

1962 4361 2226 4425 moralis,
2255 4359 2395 4430 quod
2424 4360 2620 4414 bonum
2663 4398 2677 4412 .
2720 4399 2734 4413 .
2779 4398 2795 4415 .
2840 4400 2854 4413 .
2899 4399 2912 4412 .
2957 4399 2971 4412 .
3018 4399 3031 4413 .
3076 4398 3089 4412 .
3134 4400 3147 4411 .
3194 4399 3206 4413 .
3252 4400 3265 4413 .
3309 4398 3323 4413 .
3369 4400 3381 4413 .
3427 4398 3441 4413 .
3485 4397 3501 4413 .
3542 4401 3556 4416 .

1980 4467 2183 4518 servas,
2214 4453 2281 4507 ab
2325 4452 2416 4506 illo
2460 4451 2643 4506 habes.
2683 4451 2782 4516 Qu.
2832 4491 2846 4505 .
2892 4492 2904 4504 .
2952 4492 2965 4504 .
3010 4490 3025 4504 .
3069 4491 3082 4503 .
3128 4491 3142 4505 .
3187 4490 3201 4505 .
3246 4492 3259 4505 .
3305 4491 3319 4504 .
3365 4492 3378 4505 .
3425 4490 3438 4506 .
3483 4490 3498 4504 .
3540 4491 3556 4505 .

1982 4543 2522 4617 accepis‘ti?Sedbis,
2557 4544 2791 4615 inquam.
2838 4582 2849 4594 .
2897 4583 2910 4597 .
2956 4585 2968 4596 .
3014 4584 3025 4597 .
3074 4585 3086 4597 .
3134 4584 3146 4596 .
3193 4584 3205 4596 .
3243 4583 3255 4596 .
3303 4583 3317 4596 .
3365 4586 3377 4598 .
3423 4584 3437 4598 .
3483 4583 3497 4597 .
3542 4583 3557 4599 .

1976 4635 2727 4708 sua.Antequamtaiiadon.
2770 4674 2786 4689 .
2830 4674 2845 4691 .
2888 4672 2904 4690 .
2946 4675 2962 4691 .
3008 4674 3021 4688 .
3066 4676 3081 4691 .
3125 4678 3142 4703 ,
3187 4676 3200 4687 .
3245 4676 3259 4690 .
3305 4675 3321 4691 .
3364 4677 3380 4692 .
3424 4675 3440 4691 .
3486 4678 3561 4695 .,

1980 4727 2165 4785 iteret?

2052 4822 2107 4877 6.
2142 4821 2382 4876 Salvator
2410 4820 2641 4875 Christus
2659 4818 2830 4874 Iesus.
2859 4804 3054 4872 Paulus
3079 4820 3272 4889 primus
3308 4828 3559 4889 peccator,

1980 4914 2100 4985 quia
2149 4912 2343 4966 testeris
2383 4909 2782 4981 persecutoribus
2822 4909 3117 4962 crudelitate
3157 4909 3404 4979 superior.
3456 4908 3563 4962 Pro

1982 5004 2233 5075 supplicio
2276 5002 2439 5057 debito
2482 5002 2621 5055 salus
2659 5000 2758 5068 ipsi
2798 4999 3015 5059 reddita.
3066 4998 3296 5057 Medicus
3337 4997 3567 5055 Christus

1984 5098 2107 5153 artis
2154 5109 2261 5150 sua:
2302 5094 2401 5146 vim
2431 5093 2487 5145 in
2529 5090 2683 5144 Pauli
2718 5090 2977 5144 curatione
3014 5090 3400 5145 commendavit.
3434 5090 3567 5147 Vide

1988 5185 3567 5259 ipwmApostol................‘....

1992 5274 2681 5348 etomniacceptimzedign.
2726 5311 2738 5324 .
2787 5315 2798 5327 .
2841 5314 2854 5326 .
2903 5313 2915 5325 .
2964 5312 2976 5325 .
3025 5311 3036 5324 .
3085 5313 3096 5325 .
3143 5313 3155 5325 .
3203 5313 3215 5326 .
3260 5312 3274 5325 .
3319 5312 3331 5327 .
3377 5316 3391 5329 .
3435 5315 3450 5329 .
3496 5314 3508 5327 .
3552 5314 3566 5329 .

1996 5373 2047 5427 in
2077 5367 2644 5438 mundumpeccatores.
2674 5403 2688 5421 .
2726 5403 2746 5419 .
2791 5403 2804 5418 .
2849 5403 2864 5419 .
2907 5405 2921 5419 .
2966 5405 2981 5421 .
3024 5403 3039 5419 .
3083 5403 3097 5419 .
3145 5405 3158 5419 .
3204 5405 3217 5419 .
3262 5403 3274 5417 .
3323 5408 3337 5421 .
3380 5404 3395 5419 .
3439 5405 3453 5419 .
3495 5366 3570 5435 (b)

2054 5482 2126 5541 (a)
2159 5486 2315 5541 Forte,
2342 5475 2597 5529 sublatum.

2053 5536 2125 5605 (tr)
2159 5549 2267 5592 Haec
2290 5540 2458 5605 lacuna
2481 5538 2683 5605 contigit
2719 5537 2794 5605 (ut
2816 5549 2950 5605 sim-pe
2975 5536 3092 5605 alias
3124 5537 3170 5587 ln
3196 5536 3576 5605 elegantioribus

1991 5599 2346 5677 manuscriptis)
2364 5603 2576 5677 facinore
2600 5599 3129 5677 nebuloniscujusdam!
3145 5599 3273 5677 male
3292 5599 3467 5677 leriau,
3483 5601 3575 5677 qui

1992 5665 2201 5719 litteram
2233 5662 2470 5726 initialem
2492 5663 2637 5726 hujus
2660 5662 3048 5726 sermonisauro
3069 5662 3313 5726 minioque
3338 5662 3578 5726 depictam

1995 5728 2152 5778 cum"
2185 5725 2416 5801 [λῖίεείίὲίίς
2438 5722 2579 5801 Ψοξῗ
2593 5736 2847 5801 E99999}.
2862 5723 3131 5801 E‘E’,‘P°§.‘E‘.’.‘.
3153 5722 3354 5801 εῗίῖῗίίὲξῗ
3388 5722 3580 5801 illi???

1994 5803 2102 5841 ﬂlllS
2117 5825 2131 5848 ,
2155 5784 2244 5848 nisi
2270 5787 2504 5850 scriptura
2525 5785 2755 5850 detracta!
2780 5784 2956 5850 littera:
2991 5784 3214 5850 spatioin
3236 5797 3404 5836 aversa
3431 5791 3566 5845 parte

2001 5865 2056 5901 re
2072 5846 2303 5913 mandens
2328 5846 2500 5899 eodem
2528 5847 2730 5899 vulnere
2759 5848 3000 5917 periisset.
3024 5846 3082 5882 ἒ-
3105 5846 3256 5898 Addit.
3492 5850 3497 5859 '
