4098 6340
358 446 435 502 ΞΕ)
1578 440 1822 497 SECTIO
1858 439 1925 497 lI.
1966 436 2329 493 EPITAPIIIA
2341 476 2355 490 .
3558 428 3628 485 50

361 558 645 628 Κάλλιμος
675 558 873 627 ἠϊθέων
895 556 1198 628 Εὐφήμιος,
1230 555 1285 610 εἴ
1312 558 1429 610 ποτ’
1457 556 1553 627 ἔην
1587 574 1672 625 γε,

436 639 715 719 Κδιλλιμος
744 651 802 701 ὲν
834 649 1035 718 χώροις
1068 648 1245 721 χῶρος
1278 648 1352 699 ὅδ’
1392 647 1662 709 Ἠλύσιος.

361 740 629 792 Τοῦνεκεν
660 742 739 801 εἰς
764 740 820 790 ἓν
840 739 1092 809 ἄγερθεν,
1120 739 1242 790 ἐπεὶ
1264 737 1407 807 ζωὴν
1438 739 1533 808 μὲν
1565 736 1801 806 έλειψεν·

440 832 505 885 10
536 830 752 901 Οὖνομα
776 830 821 882 δ’
850 827 915 882 αὖ
949 829 1109 900 χώρῳ
1138 828 1397 882 κάλλιπεν
1422 827 1661 897 ἠγαθέῳ.

822 946 945 1001 ΛΖ’.
988 946 1095 1008 Εἰς
1143 941 1481 996 Ἐλλὰδιον.

362 1055 483 1108 Δίεί
522 1072 603 1108 σοι
628 1055 748 1117 νόος
781 1050 878 1125 ἦεν
906 1056 966 1117 ἐς
994 1052 1244 1124 οὐρανὸν,
1274 1052 1383 1104 οὐδ’
1414 1050 1506 1103 ἐπὶ
1539 1048 1701 1118 γαίης

438 1144 690 1214 Ἤρειδες
715 1143 1003 1213 χθαμαλῆς
1034 1142 1199 1212 ἴχνιον
1226 1142 1335 1193 οὐδ’
1357 1141 1558 1208 ὀλίγον.

364 1235 631 1288 Τοῦνεκεν
652 1236 727 1298 ὡς
756 1236 918 1305 τάχος
940 1231 1102 1304 ἦλθες
1133 1235 1241 1288 ἀπὸ
1262 1234 1469 1305 χθονός.
1497 1230 1757 1294 Εὐλάλιος
1784 1229 1841 1282 δὲ

437 1326 541 1397 Σὴν
572 1326 721 1379 κόνιν
751 1327 1023 1398 ἀμφιέπει
1059 1326 1150 1389 σὸς
1188 1326 1370 1392 κάσις,
1404 1324 1664 1378 Ἐλλάδιε.

966 1438 1099 1492 AH'.
1135 1440 1347 1493 Ἀλλο.

365 1546 469 1599 Τὸν
499 1547 708 1619 νεαρὸν,
738 1548 960 1619 Χριστῷ
990 1548 1047 1601 δὲ
1086 1548 1283 1620 μέγαν,
1316 1548 1500 1601 πολιόν
1530 1564 1591 1599 τε
1628 1548 1808 1618 νόημα

1987 558 2037 612 Α
2132 552 2321 623 Χῶρος
2344 550 2417 603 ὅδ’
2447 546 2779 617 ἁθλοφόρων,
2820 544 3086 599 Ἐλλάδιον
3112 545 3345 616 κατέχω.

2056 644 2131 695 Οὐ
2158 644 2395 711 νέμεσις.
2424 640 2635 700 Κείνοις
2664 638 2771 708 γὰρ
2796 638 3005 707 ὁμοίϊον
3034 636 3196 703 ἄλγος
3224 637 3421 706 ἀνέτλη

2128 734 2357 807 Σϐεννξλς
2390 731 2683 785 ἀντιπάλου
2712 729 2804 781 τοῦ
2838 728 3114 799 φθονεροῖο
3146 728 3326 799 μόθον.

2656 842 2779 893 ΛΘ’.
2822 842 3028 893 Ἄλλο.

2054 953 2266 1017 Μικρὸν
2306 956 2402 1025 μὲν
2434 953 2717 1016 πνείεσκες
2748 954 2840 1005 ἐπὶ
2875 952 3024 1022 χθονὶ
3056 952 3255 1022 σαρκὸς
3287 952 3521 1026 ἀνάγκῃ,

2128 1047 2357 1099 Πλείονα
2384 1046 2439 1098 δὲ
2466 1046 2612 1115 ζωῆς
2639 1044 2796 1113 ὑψόθι
2834 1046 3025 1113 μοῖραν
3060 1042 3223 1111 ἔχεις,

2067 1136 2330 1201 Ἑλλάδιε,
2356 1138 2613 1207 Χριστοῖο
2650 1136 2791 1206 μέγα
2822 1134 2977 1196 κλέος
2998 1151 3012 1165 ο
3047 1135 3094 1186 εί
3126 1134 3182 1185 δὲ
3204 1133 3433 1203 τάχιστα

2127 1230 2353 1301 Δεσμῶν
2384 1228 2659 1299 ὲξελύθης,
2692 1227 2849 1280 τοῦτο
2878 1226 3043 1297 γέρας
3066 1226 3345 1296 καμάτων.

2502 1343 2595 1396 Μ’.
2624 1344 2734 1408 Εὶς
2764 1340 3180 1409 Μαρτινιανόν.

2056 1455 2125 1510 Εἴ
2150 1473 2233 1519 τις
2263 1454 2533 1518 Τάνταλός
2560 1456 2707 1507 ἐστιν
2738 1456 2795 1507 ὲν
2821 1453 3007 1506 ὕδασιν
3036 1447 3163 1514 αὖος
3194 1450 3461 1513 ἀπίστοις,

2127 1548 2194 1601 Ei
2220 1564 2304 1610 τις
2324 1547 2466 1618 ὑπὲρ
2504 1545 2747 1617 κεφαλῆς
2786 1545 2983 1617 πέτρος
3019 1544 3105 1598 ἀεὶ
3142 1541 3382 1612 φοϐέων

866 1701 1102 1774 Pulcher
1134 1702 1279 1774 inter
1311 1700 1700 1774 adolescentes
1727 1700 2085 1774 Euphemius,
2118 1701 2166 1756 si
2197 1703 2322 1772 quis
2354 1718 2597 1774 unquam
2629 1704 2753 1773 fuit,

938 1772 1268 1825 Pulcher-in
1304 1773 1618 1842 agris'ager
1654 1773 1741 1825 hic
1773 1771 2012 1841 Elysius.

868 1841 1219 1910 Quapropter
1250 1844 1305 1895 in
1341 1841 1508 1895 unum
1547 1857 1883 1906 convenere,
1918 1841 2187 1909 siquidem
2216 1842 2388 1897 vitam
2429 1845 2649 1910 amisit;

940 1913 1006 1967 10
1038 1911 1247 1966 Nomen
1280 1922 1459 1966 autem
1490 1912 1608 1965 loco
1640 1912 1867 1981 reliquit
1898 1911 2106 1965 divino.

1365 2006 1825 2076 1122-1123
1864 2004 2132 2060 XXXVII.
2175 2005 2243 2061 In
2279 2006 2648 2062 Helladium‘.

868 2100 1093 2169 Semper
1125 2109 1215 2153 tua
1252 2116 1415 2171 mens,
1434 2102 1764 2155 versabatur
1794 2101 1850 2154 in
1881 2101 2105 2164 cmlum,
2137 2116 2317 2171 neque
2350 2116 2516 2171 super
2547 2108 2752 2157 terram

940 2171 1211 2225 Humilem
1250 2170 1506 2223 ﬁrmabas
1540 2170 1833 2239 vestigium
1862 2172 1948 2225 vel
1984 2170 2289 2238 paululum.
2424 2170 2433 2171 7
2706 2187 2719 2201 ·

866 2240 1038 2307 Quam
1073 2242 1143 2293 ob
1172 2255 1284 2292 rem
1322 2240 1612 2295 celerrime
1644 2239 1828 2294 abiisti
1860 2256 1889 2293 a
1921 2250 2090 2294 terra.
2128 2240 2373 2294 Eulalius
2403 2255 2534 2295 vero

936 2310 1116 2365 Tuum
1144 2312 1385 2365 cinerem
1415 2311 1767 2380 amplectitur
1803 2309 1975 2364 frater
2007 2320 2159 2374 tuus,
2195 2310 2434 2366 Helladi.

1740 2413 2033 2470 XXXVIII.
2076 2415 2238 2470 Aliud
2273 2417 2337 2469 “.

865 2505 1148 2583 Juyenem,
1182 2512 1405 2583 Christo
1437 2518 1933 2583 autem_r_nagnum,
1976 2528 2275 2583 senemque
2304 2512 2563 2577 consilio,

937 2578 1115 2652 Locus
1146 2582 1235 2636 hic
1268 2590 1595 2652 martyrum,
1630 2578 1941 2636 Helfadium
1979 2578 2257 2638 contineo.

865 2647 978 2722 Nec
1018 2647 1432 2722 indignandum:
1469 2652 1582 2705 Illis
1618 2653 1767 2705 enim
1799 2653 2034 2707 similem
2085 2653 2337 2708 dolorem
2383 2651 2686 2718 sustinuit,

936 2719 1304 2792 Exstingueus
1342 2722 1554 2777 inimici
1584 2722 1754 2777 invidi
1782 2738 2049 2793 pugnam.

1760 2820 2005 2875 XXXIX.
2066 2821 2223 2875 Aliud
2249 2822 2339 2876 “'.

868 2912 1064 2987 Parum
1096 2916 1314 2986 quidem
1356 2917 1578 2987 spirasti
1619 2933 1787 2983 super
1815 2926 2021 2973 terram
2050 2917 2237 2972 carnis
2272 2917 2630 2984 necessitate,

941 2985 1205 3052 Maiorem
1234 3003 1368 3041 vero
1387 2985 1525 3041 'vitze
1560 2989 1614 3041 in
1647 2989 1803 3043 ccelis
1836 2995 2044 3043 sortem
2079 2987 2274 3050 habes,

869 3054 1097 3128 He_l_l_adi.
1131 3058 1333 3111 Christi
1362 3074 1617 3128 maguum
1650 3061 1858 3121 decus;
1887 3058 2033 3127 quod
2060 3073 2191 3112 vero
2221 3057 2517 3112 celerrime

940 3124 1192 3182 Vinculis
1221 3129 1436 3183 solutus
1457 3124 1547 3195 es,
1575 3129 1679 3183 hoc
1713 3124 1999 3198 praemium
2034 3128 2306 3183 laborum.

1645 3230 1759 3284 XL.
1804 3230 1872 3284 In
1909 3229 2304 3284 Martinianum
2328 3232 2436 3287 ““.

874 3322 931 3377 Si
968 3323 1092 3391 quis
1122 3323 1389 3378 Tantalus
1416 3331 1501 3378 est
1528 3323 1672 3377 inter
1702 3322 1900 3375 infidas
1932 3322 2129 3377 sitiens
2170 3337 2365 3390 aquas,

947 3394 1005 3449 Si
1034 3394 1160 3464 quis
1195 3395 1490 3450 imminens
1522 3394 1685 3464 capiti
1716 3393 1856 3464 lapis
1885 3408 2102 3463 semper
2130 3401 2367 3459 terrens,

433 3550 450 3568 ‘
476 3548 753 3621 Scriptum
783 3563 874 3621 an.
901 3548 1025 3601 571.
1054 3578 1125 3621 ἡ
1148 3548 1301 3621 Alias
1328 3548 1597 3621 Murator.
1622 3548 1712 3601 47.

372 3620 497 3674 ό71.
522 3619 782 3676 -ίΑιίοε
807 3619 1069 3675 Murator.
1096 3619 1189 3675 49.

448 3773 484 3829 9
527 3774 822 3843 Ἀτερθεν.
870 3772 1103 3837 Gratim,
1146 3780 1207 3827 ut
1245 3774 1425 3843 placet
1471 3772 1810 3836 Muratorio,
1863 3771 1953 3825 vel

375 3845 567 3914 potius
618 3842 955 3914 Euphemius
1001 3854 1056 3899 et
1094 3842 1281 3910 locus,
1323 3844 1414 3897 cui
1461 3844 1703 3898 moriens
1748 3857 1953 3896 nomen

377 3915 625 3981 reliquit.

453 3973 714 4037 XXXVII.
768 3981 891 4036 Τιτ.
936 3985 1039 4049 Εἰς
1077 3983 1402 4037 Ἐλλάδων.
1451 3982 1714 4048 Quamvis
1758 3981 1953 4036 Billius

374 4055 435 4108 in
471 4056 617 4107 notis
651 4054 716 4106 ad
748 4053 1006 4106 Carmina
1038 4053 1275 4122 Gregorii
1322 4067 1443 4122 quae
1475 4052 1666 4113 edidit.
1703 4068 1811 4105 non
1845 4052 1953 4104 nisi

371 4140 551 4178 unum
586 4122 888 4177 Helladium
925 4132 1207 4193 agnoscat,
1234 4124 1372 4177 alius
1407 4123 1453 4177 is
1493 4130 1643 4176 certe
1666 4123 1734 4176 ab
1768 4122 1954 4193 Hella-

371 4195 472 4249 dio
508 4194 693 4248 Basilii
739 4194 921 4262 magni
966 4191 1327 4249 successore:
1362 4194 1519 4255 alius,
1570 4194 1814 4260 inquam,
1847 4191 1951 4262 iste

371 4274 482 4327 est,
518 4261 958 4332 quandoquidem
998 4265 1286 4332 episcopus
1337 4263 1505 4317 fuisse
1548 4278 1825 4330 nunquam
1872 4261 1951 4315 le-

372 4336 547 4403 gitur,
587 4334 709 4386 imo.
729 4333 949 4402 juvenis
979 4335 1135 4388 obiit.
1166 4332 1320 4399 Quod
1349 4333 1415 4385 ad
1441 4333 1706 4385 Eulaliqu
1734 4333 1946 4403 attinet,

373 4402 614 4473 primum
647 4405 768 4456 vita:
795 4404 1110 4457 monasticae
1134 4404 1441 4473 institutum
1472 4411 1735 4463 sectatus,
1755 4402 1951 4473 deinde

370 4470 436 4527 iit
462 4474 759 4527 verisimile
786 4480 893 4537 est,
924 4472 1185 4529 Ecclesia:
1225 4472 1607 4535 Nazianzcnm,
1644 4488 1776 4526 cura
1812 4470 1951 4525 Gre-

369 4543 512 4615 gorii
526 4586 537 4605 ,
566 4543 856 4615 prtel'ectus
886 4550 992 4596 est.

448 4610 721 4668 xng'rn.
747 4614 849 4677 Εἰς
879 4614 1300 4681 Μςιρτινιανόν.
1332 4610 1466 4666 Gens
1498 4611 1951 4666 Martinianorum

1794 3546 2147 3619 “Scriptum
2179 3564 2268 3601 an.
2304 3548 2399 3601 571
2433 3577 2503 3587 —-
2526 3546 2678 3602 Alias
2705 3546 2964 3602 Murator.
2996 3546 3085 3602 48.
3129 3547 3190 3570 "‘
3226 3544 3500 3619 Scriptum
3533 3563 3622 3603 an.

1382 3618 1659 3690 Scriptum
1690 3634 1781 3672 an.
1805 3618 1931 3675 572.
1957 3647 2031 3658 ——
2052 3619 2207 3673 Alias
2249 3620 2518 3671 Murator.
2546 3619 2598 3672 ’5-

2052 3772 2157 3842 fuit
2188 3772 2417 3825 illustris
2440 3785 2461 3823 :
2491 3771 2837 3839 plurimorum
2869 3772 3105 3825 meminit
3127 3769 3478 3834 Muralorius,
3510 3774 3627 3842 qui-

2054 3843 2150 3895 bus
2192 3843 2327 3895 alios
2363 3842 2557 3896 addere
2581 3842 2739 3909 facile
2778 3853 2930 3896 esset.
2970 3842 3099 3906 Quis
3150 3859 3266 3896 vero
3315 3844 3403 3896 ille
3438 3844 3527 3905 sit,
3560 3844 3627 3895 ad

2053 3928 2203 3981 quem
2226 3915 2525 3978 pertineant
2548 3913 2835 3981 epitaphia,
2856 3930 2957 3965 non
2985 3912 3155 3964 ausim
3179 3930 3430 3967 asserere.
3460 3913 3629 3978 Quid-

2054 3982 2179 4050 quid
2210 3984 2298 4045 sit,
2330 3984 2374 4034 is
2422 3983 2512 4036 ille
2544 3982 2690 4035 nobis
2729 3999 2838 4035 esse
2871 3981 3233 4035 Martinianus
3283 3986 3505 4044 videtur,
3538 3984 3628 4050 qui

2054 4053 2284 4119 primum
2308 4054 2344 4103 Α
2358 4052 2526 4118 (riae,
2545 4052 2731 4106 deinde
2745 4052 2939 4113 Roma',
2959 4061 3007 4105 et
3028 4063 3206 4118 postea
3231 4056 3325 4105 toti
3352 4054 3627 4120 prtefectus

2057 4121 2236 4174 Italia:
2256 4122 2378 4189 fuit,
2405 4123 2474 4173 ad
2497 4138 2646 4191 quem
2668 4132 2841 4175 exstat
2878 4122 3067 4175 Basilii
3099 4122 3277 4191 Magni
3307 4124 3531 4191 epistola
3564 4124 3629 4178 74

2057 4208 2202 4245 nocte
2228 4193 2352 4245 edit.
2388 4193 2557 4261 (tom.
2584 4191 2672 4255 III,
2708 4192 3015 4262 pag.168),
3055 4192 3180 4245 olim
3217 4193 3340 4253 574,
3380 4211 3465 4245 an.
3500 4194 3625 4254 571,

2060 4279 2163 4331 qua
2193 4278 2310 4314 eum
2335 4272 2485 4329 rogat
2516 4271 2574 4314 ut
2612 4264 2981 4331 imperatorem
3018 4262 3195 4324 adeat,
3225 4273 3273 4316 et
3309 4264 3629 4317 demonstret

2060 4342 2261 4400 quanta
2295 4348 2359 4385 ex
2389 4332 2733 4385 distractione
2762 4332 3109 4400 Cappadocia:
3142 4346 3523 4402 consequantur
3549 4336 3630 4386 in-

2059 4402 2353 4455 commoda.
2390 4401 2584 4455 Omnia
2609 4404 2938 4465 conveniunt,
2963 4404 3062 4456 viri
3097 4405 3284 4456 merita
3307 4401 3491 4473 qualia
3518 4405 3630 4457 Ba-

2059 4473 2213 4524 silius
2257 4474 2609 4534 commendat,
2657 4489 2719 4525 ac
2763 4474 2941 4540 patria
2984 4489 3098 4541 quae
3136 4483 3185 4525 et
3220 4474 3274 4526 in
3296 4476 3447 4541 epist.
3488 4486 3536 4528 et
3557 4475 3629 4538 .in

2058 4543 2339 4609 epitaphiis
2380 4543 2433 4594 in
2457 4541 2845 4595 Martinianum
2870 4542 3218 4611 Cappadociw
3250 4546 3458 4598 nomine
3489 4545 3629 4597 desi-

2059 4622 2253 4681 gnatur
2274 4625 2293 4664 .'
2328 4612 2423 4664 viri
2448 4622 2623 4666 autem
2651 4614 2839 4667 merita
2865 4629 2926 4668 ea
2954 4623 3075 4666 sunt
3106 4614 3167 4668 de
3186 4614 3373 4684 quibus
3397 4616 3630 4683 epistola:

1657 4770 1990 4831 METRICA
2043 4769 2338 4830 VERSIO.

371 4894 671 4969 Formosos
702 4896 932 4966 pulcher
956 4898 1186 4967 juvenes
1216 4898 1549 4969 Euphemius
1584 4900 1745 4965 inter,

446 4966 679 5039 Pulcher
737 4978 789 5021 et
821 4969 875 5020 in
910 4966 1054 5039 agris
1084 4970 1170 5022 hic
1198 4966 1327 5038 ager
1359 4969 1592 5039 Elysius.

373 5038 509 5091 Hinc
548 5038 621 5090 ibi
653 5038 961 5092 convenere
988 5040 1181 5105 simul;
1215 5055 1339 5092 nam
1374 5038 1577 5092 lumina
1608 5039 1835 5106 clausit;

448 5106 555 5162 Sed
587 5117 748 5161 terra:
780 5123 983 5162 nomen
1010 5110 1248 5163 contulit
1278 5112 1562 5164 eximium.

850 5212 1055 5252 XXXVII.
1096 5216 1151 5253 IN
1186 5214 1514 5253 HELLADIUII.

763 5290 866 5359 (Α.
894 5290 961 5344 Β.
986 5291 1203 5345 Caillau
1232 5292 1559 5361 interprete.)

377 5380 605 5450 Semper
633 5389 815 5435 mente
848 5380 973 5448 polo
1002 5396 1264 5450 praesens,
1298 5380 1526 5449 vestigia
1556 5388 1713 5434 terrm

442 5449 636 5503 Fixisti
674 5466 955 5519 nunquam
994 5449 1215 5504 Sordida
1246 5452 1329 5505 vel
1358 5452 1662 5502 minimum.

378 5520 503 5573 Inde
532 5522 645 5575 cito
677 5523 941 5574 mundum
976 5521 1217 5590 liquisti:
1252 5521 1590 5588 amplexibus
1620 5534 1751 5575 ossa

442 5590 635 5645 Frater
664 5601 721 5644 at
745 5591 991 5645 Eulalius
1018 5607 1164 5645 nunc
1188 5591 1319 5645 colit
1349 5590 1599 5645 llelladii.

960 5693 1188 5733 XXXVIII.
1224 5696 1408 5735 ALIUD.

871 5765 1101 5837 (Eodem
1130 5764 1453 5834 interprete.)

378 5857 554 5917 Mente
584 5876 794 5929 senem,
817 5876 1184 5933 magnumque
1208 5859 1340 5929 Deo,
1364 5858 1705 5932 juvenilibus
1728 5858 1909 5928 annis,

1984 4909 2024 4963 Β
2122 4896 2406 4950 Victorum
2439 4896 2595 4951 locus
2627 4896 2715 4950 hic
2741 4896 3053 4950 Helladium
3087 4904 3265 4950 teneo.

2055 4966 2165 5021 Nec
2200 4969 2394 5021 subeat
2424 4969 2580 5022 livor.
2618 4967 2837 5022 Similes
2870 4968 2994 5020 tulit
3030 4966 3118 5021 ille
3149 4967 3388 5030 dolores,

2122 5037 2490 5109 Exstinguens
2519 5038 2694 5092 hostis
2730 5036 2936 5106 perﬁda
2969 5039 3073 5091 tela
3104 5036 3252 5089 mali.

2664 5144 2850 5181 XXXIX.
2886 5144 3064 5182 ALIUD.

2549 5218 2568 5287 (
2588 5216 2781 5271 Eodem
2812 5216 3136 5287 interprete.)

2060 5305 2292 5376 Spirasti
2328 5306 2547 5375 paulum
2581 5309 2636 5360 in
2670 5308 2849 5365 terris.
2882 5307 2961 5361 sic
2987 5322 3153 5361 carne
3179 5306 3422 5376 iubente,

2130 5374 2187 5427 In
2216 5377 2371 5430 cmlis
2404 5376 2598 5431 melior
2633 5377 2727 5430 sed
2758 5377 2857 5429 tibi
2892 5378 2999 5429 vita
3025 5374 3207 5441 datur,

2060 5443 2291 5519 IIejladi,
2315 5446 2490 5519 honor
2512 5446 2714 5500 Christi
2744 5446 2989 5519 fulgens;
3015 5449 3159 5519 quod
3187 5447 3405 5519 vincula
3424 5452 3623 5519 praesto

2126 5514 2365 5587 Rupisti,
2396 5516 2500 5571 hoc
2533 5531 2744 5571 merces
2774 5518 2936 5585 digna
2969 5518 3157 5572 labore
3185 5518 3307 5573 tibi.

2688 5623 2775 5662 XL.
2815 5621 2994 5660 ALIUD.

2546 5698 2776 5767 (Eodem
2819 5699 3138 5771 interprete.)

2053 5787 2251 5847 Inﬁdas
2285 5790 2333 5847 si
2365 5793 2488 5861 quis
2516 5792 2634 5848 sitit
2667 5791 2808 5846 inter
2841 5791 3103 5847 Tantalus
3127 5791 3322 5859 undas,

2130 5861 2237 5915 Aut
2270 5864 2436 5934 capiti
2469 5872 2680 5922 terrens
2714 5862 2961 5921 imminet
2992 5878 3163 5934 usque
3195 5862 3363 5933 lapis:
