4098 6340
295 401 364 457 61
1575 412 1817 470 SECTIO
1854 415 1921 470 ll.
1963 417 2340 475 EPITAPHIA.
3487 417 3562 476 6?.

314 524 534 580 Ἐνθάδε
564 526 738 581 Νὸννα
765 528 892 600 φίλη
921 533 1224 602 κοιμήσατο
1251 531 1342 585 τὸν
1373 531 1539 602 βαθὺν
1573 533 1757 601 ὐπνον,
1910 543 1958 599 Α
1985 538 2193 609 Μικρὸν
2216 538 2295 594 ἔτι
2319 538 2497 609 ψυχῆς
2527 533 2593 609 ἦν
2621 538 2680 592 τὸ
2707 539 2898 592 πνέονο
2931 538 3044 594 ἀλλ’
3066 540 3171 612 ἄρα
3195 540 3289 594 καὶ
3316 541 3378 594 τὸ

372 616 558 680 Ἵλαος
583 619 856 690 έσπομένη
885 614 930 688 ᾧ
960 621 1082 674 πόσι
1106 623 1410 694 Γρηγορίῳ.
2050 630 2121 684 20
2148 631 2302 682 Νόνν’
2333 631 2580 684 ἀπέδωκε
2605 630 2726 701 Θεῷ
2752 631 2876 684 ἔνθα
2907 633 3024 687 ποτ’
3044 633 3328 705 εὐχομένη.
3373 629 3382 636 ’

299 707 335 762 5
353 707 575 779 Θάμϐος
597 711 752 778 ὁμοῦ,
777 713 872 765 καὶ
892 714 1106 783 χάρμα·
1133 715 1268 786 πρὸς
1286 715 1514 785 οὐρανὸν
1537 716 1684 770 ἔνθεν
1708 719 1878 792 ἀέρθη
1981 718 2238 788 Πέμψατε
2267 721 2330 770 ἐκ
2358 719 2486 789 νηοῦ
2514 719 2749 773 θεοειδέα
2777 719 3002 782 Νόνναν,
3044 720 3305 784 ἅπαντες·

371 799 553 871 Εὐχῆς
584 805 648 854 ὲκ
684 805 922 874 μεσάτης
949 806 1124 857 Νόννα
1158 805 1390 859 λιποῦσα
1423 807 1556 875 βίον.
2055 807 2393 879 Πρέσϐειραν
2423 810 2663 880 μεγάλην
2690 808 2925 878 πέμψατ’
2949 811 3291 881 ἁειρομένην.

297 892 481 962 Εὐχῆς
511 893 603 945 καὶ
631 891 805 962 βιότου
837 895 1009 965 Νόννῃ
1043 896 1219 959 τέλος·
1250 897 1345 966 ἥδε
1370 897 1618 965 τράπεζα
1984 899 2087 951 Ἕκ
2115 917 2179 966 με
2204 899 2332 963 Θεὸς
2367 901 2628 971 καθάροιο
2657 902 2793 972 πρὸς
2818 902 3040 972 οὐρανὸν
3066 904 3282 974 ἥρπασε
3306 904 3459 976 νηοῦ,

372 984 620 1052 Μάρτυς,
651 986 742 1053 ἀφ’
771 981 838 1054 ἧς
867 986 1006 1054 ήρθη
1035 988 1232 1050 ἄπνοος
1261 988 1538 1059 ἐξαπίνης.
2052 991 2256 1042 Νόνναν
2285 993 2644 1062 ἐπειγομένην
2669 993 2938 1062 οὐρανίοις
2964 993 3210 1048 πελάσαι.

296 1072 510 1142 Νόννης
537 1076 690 1144 ἠρίον
720 1077 834 1146 εἰμὶ
865 1078 1180 1147 σαόφρονος,
1212 1079 1246 1148 ἦ
1280 1081 1348 1148 ῥα
1380 1079 1612 1151 πύλῃσιν
1979 1081 2048 1134 25
2077 1081 2231 1134 Νόνν’
2267 1083 2678 1153 ἀπανισταμένη
2721 1083 2848 1154 νηοῦ
2886 1084 3141 1153 μεγάλου,
3175 1085 3284 1138 τόδ’
3325 1084 3506 1140 ἔειπεν
3531 1100 3549 1118 ⁸

373 1164 440 1218 10
475 1167 736 1238 Ἕχριμψ¹
765 1169 1063 1239 οὐρανίαις,
1094 1171 1222 1239 πρὶν
1252 1170 1447 1240 βιότοιο
1474 1173 1628 1244 λυθῇ.
2051 1172 2171 1226 Τῶν
2203 1174 2414 1226 πολλῶν
2442 1175 2701 1245 καμάτων
2738 1174 2957 1245 μείζονα
2983 1175 3168 1245 μισθὸν
3197 1177 3324 1247 ἔχω.

293 1251 571 1324 Δακρύετε
601 1255 826 1326 θνητοὺς
857 1255 1064 1328 θνητῶν
1087 1259 1269 1327 γένος’
1305 1264 1352 1314 εἰ
1378 1263 1434 1314 δέ
1467 1281 1549 1326 τις
1576 1263 1768 1330 οὕτως,
1979 1265 2174 1326 Νόννα,
2207 1265 2366 1337 φίλης
2396 1267 2561 1337 εὐχῆς
2589 1268 2810 1338 ἱερήϊον,
2838 1268 3023 1320 ἐνθάδε
3050 1271 3223 1322 κεῖται
3242 1285 3258 1300 ·

379 1345 467 1408 Ὠς
497 1346 656 1399 Νόνν⁹
688 1348 980 1421 εὐχομένη,
1010 1351 1294 1418 κάτθανεν,
1325 1354 1385 1404 οὐ
1412 1353 1649 1426 δακρύω.
2049 1358 2227 1410 Νόννα
2254 1360 2370 1410 ποτ’
2401 1358 2668 1429 εὐχομένη
2697 1359 2838 1412 τοῦδ’
2870 1359 3034 1430 ἐλύθη
3070 1359 3269 1430 βιοτοῦ.

293 1434 504 1506 Νόννης
535 1435 796 1507 ἁζόμενος
820 1441 980 1508 ἁγνὸν
1002 1439 1136 1510 βίον,
1168 1441 1295 1506 ἅζεο
1325 1443 1522 1512 μᾶλλον
1685 1465 1687 1467 ί
1993 1447 2087 1499 Ἐκ
2117 1447 2246 1517 νηοῦ
2282 1448 2534 1517 μεγάλοιο
2557 1447 2680 1512 θύος
2714 1451 2855 1520 μέγα
2881 1451 3034 1504 Νόνν’
3069 1452 3346 1524 ἀπανέστη
3365 1467 3381 1482 ⁶

366 1527 478 1580 Καὶ
497 1527 676 1592 τέλος·
717 1531 776 1582 ὲν
805 1531 916 1601 νηῷ
943 1531 1208 1586 κάτθανεν
1233 1534 1520 1604 εὐχομένη.
1786 1567 1792 1572 -
2049 1537 2117 1590 ’50
2140 1537 2272 1608 Νηῷ
2294 1539 2450 1592 Νόνν’
2489 1540 2651 1613 ἐλύθη
2674 1558 2688 1571 ο
2720 1543 2958 1614 χαίρετε,
2999 1544 3268 1608 εὐσεϐέες.

293 1617 362 1672 15
403 1618 573 1670 Ἔνθα
606 1620 722 1671 ποτ’
747 1620 1010 1692 εὐχομένη
1040 1622 1250 1691 πρηνὴς
1281 1622 1408 1676 θάνε
1436 1625 1614 1679 Νόννα
1643 1626 1869 1698 φαεινή·
1982 1630 2113 1682 Ἥδε
2135 1631 2384 1701 τράπεζα
2403 1632 2521 1702 Θεῷ
2553 1632 2788 1687 θεοειδέα
2812 1636 3018 1689 Νόνναν
3043 1636 3308 1707 ἔπεμψεν.

355 1711 472 1765 Νῦν
499 1713 545 1766 δ’
574 1713 660 1785 ἄρ’
689 1717 746 1766 ὲν
771 1715 1036 1768 εὐσεϐέων
1061 1715 1302 1770 λίσσεται
1339 1718 1603 1790 ἱσταμένη
2087 1725 2212 1778 ΡΑ’.
2259 1724 2380 1778 Τῶν
2403 1725 2626 1780 τοκέων
2651 1729 2952 1781 θανόντων
2978 1730 3447 1798 προσωποποιία.

288 1803 470 1873 Στήλη
499 1821 578 1857 σοι
611 1805 838 1859 θανάτου
867 1807 1141 1878 μελιηδέος
1177 1808 1273 1878 ἦδε
1303 1809 1575 1880 τράπεζα,
1772 1843 1780 1846 -
1981 1814 2082 1884 Εἴη
2118 1832 2198 1869 σοι
2227 1815 2341 1885 βίος
2373 1817 2559 1881 ἐσθλὸς
2590 1820 2677 1871 ἐπ’
2709 1819 3035 1888 εὐλογίαισιν
3067 1822 3309 1886 άπάσαις

357 1896 560 1954 Νόννα.
588 1899 717 1969 παρ’
747 1894 999 1972 ᾖὲλύθης
1021 1900 1287 1972 εὐχομένη
1313 1900 1556 1971 πύματα.
2062 1907 2340 1962 Ὀσσάτιαι
2372 1910 2576 1964 τοκέων
2605 1910 2744 1965 υἱέσι
2773 1913 3120 1985 γηροκόμοις,

802 2050 1122 2128 Hicl‘lonna
1152 2053 1318 2108 chara
1343 2053 1669 2128 obdormivit
1691 2056 2020 2128 profundum
2052 2073 2330 2128 somnum,

872 2122 1072 2197 I_.ibens
1103 2133 1289 2197 secuta
1320 2124 1493 2176 virum
1513 2122 2056 2197 _suum'Gregorium.

803 2192 837 2246 5
871 2192 1071 2246 Terror
1096 2194 1280 2252 simul,
1306 2203 1359 2247 et
1387 2194 1680 2261 gaudium;
1710 2196 1764 2249 in
1793 2192 1990 2252 cfnlum
2020 2200 2148 2255 hinc
2178 2202 2394 2258 sublata
2424 2212 2510 2260 est

876 2261 1040 2316 Prece
1069 2279 1098 2317 e
1131 2263 1328 2325 media,
1355 2261 1567 2328 Nonna,
1600 2266 1850 2333 linquens
1884 2270 2072 2323 vitam.

803 2331 989 2386 Precis
1019 2343 1073 2386 et
1094 2334 1219 2386 vita:
1252 2348 1357 2386 una
1385 2333 1590 2388 Nonna:
1623 2331 1744 2389 ﬁnis
1781 2336 1924 2390 fuit:
1962 2355 2118 2393 sacra
2156 2342 2271 2397 haec
2307 2358 2496 2399 mensa

871 2401 1074 2465 Testis,
1108 2404 1249 2478 unde
1278 2405 1487 2458 sublata
1517 2414 1601 2478 est
1629 2408 1894 2462 exanimis
1928 2419 2150 2478 repente

799 2470 1005 2544 Nonna:
1036 2475 1276 2544 tumulus
1299 2490 1418 2529 sum
1450 2475 1679 2544 pudicae,
1712 2492 1832 2544 quae
1863 2480 1928 2530 ad
1965 2470 2109 2534 fores

875 2543 942 2614 i0
972 2543 1194 2612 Appulit
1223 2543 1499 2606 cmlestes,
1531 2543 1818 2614 antequam
1857 2549 1967 2601 vita
1998 2551 2175 2604 soluta
2206 2563 2370 2607 esset.

801 2609 1258 2693 Deﬂete—caeteros
1287 2615 1564 2693 mortales,
1597 2609 1912 2693 mortalium
1942 2633 2116 2688 genus
2143 2640 2155 2676 :
2193 2623 2239 2676 si
2270 2625 2396 2693 quis
2421 2633 2600 2680 autem
2631 2622 2714 2680 sic

881 2681 948 2736 Ut
980 2682 1170 2736 Nonna
1205 2699 1391 2748 orans,
1420 2686 1576 2748 obiit,
1612 2702 1720 2739 non
1751 2681 1970 2740 deﬂeo:
2122 2714 2124 2716 -

799 2751 1019 2832 Nalm-ie
1035 2769 1302 2832 venerans
1335 2763 1539 2832 castam
1571 2756 1759 2818 vitam,
1791 2773 2052 2812 venerare
2083 2762 2257 2832 magis

874 2821 941 2894 [ξι
971 2824 1217 2888 'obitum;
1253 2825 1306 2877 in
1340 2827 1540 2894 templo
1568 2833 1780 2879 mortua
1811 2838 1894 2880 est
1919 2843 2105 2882 orans.

802 2891 996 2964 iSﬁiIic
1020 2895 1294 2962 quondam
1328 2891 1492 2948 orans
1523 2912 1692 2964 prona
1724 2899 1980 2950 occubuit
2010 2898 2198 2955 Nonna
2232 2902 2492 2958 illustris:

869 2961 1025 3016 Nunc
1040 2961 1226 3018 autem
1261 2965 1314 3017 in
1341 2961 1551 3034 piorum
1574 2975 1717 3019 ccetu
1748 2977 1900 3021 stans
1929 2977 2070 3023 orat.

799 3033 1007 3102 Cippus
1031 3036 1128 3088 tibi
1157 3033 1372 3088 mellita:
1399 3036 1588 3090 mortis
1618 3038 1731 3090 haec
1766 3053 1975 3099 mensa,

870 3103 1087 3167 ‘Nonna,
1123 3106 1274 3172 juxta
1307 3120 1468 3174 quam
1494 3107 1668 3159 soluta
1690 3123 1749 3160 es
1784 3116 2120 3174 postremum
2155 3124 2346 3166 orans.

802 3173 1047 3245 Exiguus
1078 3176 1254 3228 adhuc
1280 3173 1476 3228 animae
1510 3179 1747 3230 restabat
1778 3173 2003 3245 spiritus
2031 3199 2044 3233 :
2077 3179 2172 3233 sed
2202 3190 2255 3235 et
2282 3183 2426 3236 hunc

871 3247 942 3297 20
968 3244 1160 3298 Nonna
1185 3245 1419 3299 reddidit
1445 3245 1554 3298 Deo
1589 3247 1676 3299 hic
1700 3244 1828 3300 olim
1861 3262 2045 3311 orans,

803 3313 1204 3386 Prosequitnini
1235 3331 1264 3368 e
1293 3316 1492 3384 templo
1517 3315 1755 3368 divinam
1790 3314 2060 3386 Nonnam,
2094 3333 2315 3386 omnes;

878 3384 1168 3438 Patronam
1200 3401 1449 3454 magnam
1483 3385 1876 3454 prosequimini
1905 3404 2122 3442 sursum
2151 3384 2441 3445 sublatam.
2683 3409 2691 3436 ι

806 3455 1064 3526 MeADeus
1090 3471 1120 3508 e
1147 3470 1282 3526 puro
1310 3457 1364 3508 in
1396 3458 1601 3526 caelum
1626 3455 1806 3524 rapuit
1842 3459 2058 3526 templo,

879 3524 1124 3577 Nonnam
1163 3525 1509 3578 festinantem
1539 3525 1605 3577 ad
1636 3527 1886 3580 caelestes
1917 3524 2196 3582 accedere.

811 3593 1284 3669 1148-1159
1308 3595 1380 3647 25
1405 3594 1594 3669 Nonna
1621 3610 1839 3650 sursum
1872 3597 2082 3669 sublata
2113 3616 2142 3652 e
2176 3599 2374 3668 templo
2403 3614 2429 3652 n

1356 3595 1380 3647 5
1405 3594 1594 3669 Nonna
1621 3610 1839 3650 sursum
1872 3597 2082 3669 sublata
2113 3616 2142 3652 e
2176 3599 2374 3668 templo
2403 3611 2623 3669 magno,
2653 3596 2758 3651 hoc
2792 3593 2930 3650 dixit
2960 3613 2974 3650 :

881 3664 1060 3719 Militis
1102 3667 1374 3719 laboribus
1409 3664 1663 3734 majorem
1692 3667 1991 3719 mercedem
2028 3668 2220 3724 habeo.

807 3736 1021 3797 Nonna,
1054 3735 1264 3789 dilectae
1287 3735 1464 3804 precis
1496 3735 1732 3800 victima,
1769 3735 1856 3788 hic
1879 3736 2024 3804 jacet
2051 3757 2063 3791 :

878 3807 1071 3860 Nonna
1098 3804 1370 3874 quondam
1401 3820 1566 3858 orans
1601 3806 1698 3857 hac
1727 3809 1903 3859 soluta
1937 3813 2020 3860 est
2051 3807 2180 3859 vita.

808 3876 852 3930 E
875 3876 1075 3944 templo
1102 3890 1298 3944 magno
1328 3874 1553 3944 ivictima
1577 3888 1790 3944 magna,
1820 3874 2011 3929 Nonna
2051 3892 2266 3930 sursum
2293 3877 2504 3931 sublata
2533 3881 2652 3940 est;

879 3949 948 4001 '50
977 3943 1036 3999 In
1072 3943 1268 4012 templo
1295 3943 1500 4016 Nonna
1520 3943 1699 4016 soluta
1728 3953 1812 4016 est
1844 3964 1856 3998 :
1900 3945 2147 4016 gaudete,
2185 3949 2276 4016 pii.

806 4015 932 4072 Haec
965 4031 1120 4072 sacra
1149 4030 1335 4069 mensa
1363 4015 1430 4068 ad
1474 4013 1638 4067 Deum
1669 4013 1921 4067 divinam’
1946 4013 2200 4069 Nonnaui
2233 4015 2555 4072 transmisit.

1089 4111 1176 4166 CI.
1227 4111 1515 4164 Parentum
1562 4121 1890 4166 mortuorum
1935 4115 2359 4182 prosopopwia'.

809 4206 893 4261 Sit
925 4207 1022 4261 tibi
1053 4209 1164 4260 vita
1193 4221 1452 4275 prospera
1478 4222 1576 4274 per
1601 4222 1791 4260 omnes
1819 4208 2250 4270 benedictiones.

878 4277 1228 4346 Quacunque
1250 4277 1572 4347 contingunt
1605 4277 1730 4332 tiliis
1765 4286 2050 4348 parentum
2083 4287 2415 4336 senectutem
2446 4279 2775 4345 colentibus,

397 4444 420 4463 ⁶
448 4439 726 4510 Scriptum
762 4454 852 4496 an.
886 4438 1090 4494 374.—
1117 4438 1268 4494 Alias
1299 4436 1565 4494 Murator.
1607 4439 1693 4494 11.

1601 4577 1936 4638 METRICA
1959 4577 2258 4639 VERSIO.

293 4723 394 4778 Hic
428 4719 757 4775 obdormivit
786 4734 1039 4776 somnum
1072 4720 1270 4775 dilecta
1301 4719 1659 4789 profundum,
1909 4733 1953 4787 Β
2055 4720 2308 4776 Reddidit
2341 4719 2431 4774 hic
2461 4732 2627 4774 orans
2653 4717 2846 4774 Nonna
2879 4719 3036 4789 beata
3063 4717 3202 4789 iDeo.

369 4792 523 4847 Ultro
554 4790 872 4860 Gregorium
909 4790 1100 4844 Nonna
1136 4788 1321 4845 secuta
1354 4791 1554 4844 virum.
1981 4789 2025 4844 E
2058 4792 2259 4859 templo
2287 4791 2471 4860 cuncti
2507 4791 2746 4844 divinam
2782 4789 2998 4844 educite
3029 4788 3304 4850 Nonnam,

291 4863 506 4917 Laatitia
537 4869 588 4915 et
617 4859 832 4914 terror:
873 4861 1022 4928 petiit
1051 4862 1247 4930 catlqu
1274 4861 1420 4923 inde,
1454 4861 1769 4930 relinquens
1981 4928 2027 4930 Η
2052 4861 2183 4925 Quae
2213 4863 2361 4913 volat
2392 4859 2459 4912 ad
2493 4862 2743 4913 meritum
2774 4861 2878 4913 ﬁda
2908 4869 3134 4928 patrona
3168 4861 3374 4928 polum.

367 4935 425 4986 In
461 4931 640 4984 media
676 4931 800 4984 vitae
831 4931 1035 4983 lumina
1060 4929 1250 4984 Nonna
1282 4945 1460 4997 prece.
1613 4928 1627 4930 “
1977 4928 2062 4985 Me
2090 4931 2232 4986 Deus
2270 4931 2326 4984 in
2352 4931 2551 4983 caelum
2581 4944 2713 4998 pura
2750 4933 2986 4998 raptavit
3016 4931 3082 4983 ab
3111 4931 3248 4994 aede,

289 5004 396 5070 Qui
432 5001 633 5070 precis,
660 5000 746 5053 hic
775 5000 897 5054 linis
928 5002 1085 5055 vitae:
1116 5001 1186 5055 sit
1221 5001 1448 5070 mystica
1487 5000 1644 5057 testis
1982 5067 2025 5070 __
2053 4999 2322 5062 Nonnant,
2355 5015 2476 5069 qua:
2498 5000 2623 5070 curti
2654 4999 2838 5052 limina
2863 5014 3018 5054 sacra
3047 5008 3190 5067 peto.

365 5067 574 5130 Mensa,
603 5071 694 5124 cui
723 5080 877 5138 rapta
903 5078 987 5138 est
1014 5070 1203 5124 funere
1233 5067 1422 5122 Nonna
1453 5071 1584 5125 cito.
1981 5067 2174 5125 Nonna
2207 5067 2600 5126 sacro'sublata
2637 5071 2755 5122 loco
2786 5085 2951 5138 super
2975 5071 3202 5134 aethera,
3235 5067 3410 5122 dixit:

293 5142 430 5196 Sum
460 5147 630 5194 castae
662 5137 904 5192 tumulus
938 5137 1161 5201 Nonnte,
1197 5140 1537 5210 quaelimina
1567 5141 1770 5210 pressit
1989 5209 1998 5210 ί
2051 5141 2206 5194 Nunc
2236 5139 2443 5208 majora
2475 5139 2624 5210 gravi
2655 5139 2796 5210 dona
2831 5137 3014 5210 labore
3045 5138 3181 5210 fero.

361 5213 505 5265 Ante
541 5210 672 5278 poli,
704 5211 813 5261 vita
845 5225 1009 5278 quam
1044 5207 1282 5278 resoluta
1313 5207 1472 5272 foret.
1567 5207 1585 5210 ”
1986 5209 2178 5263 Nonna
2201 5207 2376 5278 prccis
2401 5210 2560 5278 jacet!
2576 5209 2663 5262 hic
2685 5207 2909 5278 dilectae
2941 5208 3196 5278 victima;
3229 5207 3339 5260 vita

291 5276 558 5335 Mortales
594 5280 752 5340 alios,
782 5276 1063 5348 mortales,
1093 5277 1236 5340 ﬂete,
1275 5278 1368 5334 sed
1401 5281 1542 5334 inter
2051 5281 2162 5333 Hoc
2189 5276 2351 5333 orans
2381 5276 2654 5348 quondam
2685 5276 2878 5330 Nonna
2910 5279 3104 5348 soluta
3128 5277 3270 5330 loco.

363 5349 484 5403 Non
515 5349 761 5418 deﬂenda
793 5348 925 5401 mihi
957 5347 1147 5402 Nonna
1176 5365 1365 5418 preces
1391 5351 1652 5405 moriens.
1976 5349 2167 5418 Magna
2201 5351 2302 5401 hoc
2330 5365 2360 5403 e
2394 5345 2588 5416 magno
2620 5348 2962 5418 sublataest
2983 5347 3201 5402 victima
3234 5345 3459 5416 templo,

293 5419 596 5474 lnnocuam
631 5417 841 5471 Nonna:
871 5419 1036 5470 vitam
1063 5416 1342 5489 venerare,
1372 5421 1658 5489 magisque
2044 5416 2232 5473 Nonna
2270 5419 2449 5473 sacris
2484 5419 2756 5489 moriens:
2805 5416 3064 5486 plaudite,
3099 5424 3290 5470 sancta
3312 5418 3548 5489 _cohors,

369 5489 622 5554 Funera;
657 5503 782 5540 nam
811 5503 965 5542 sacra
998 5488 1180 5542 deﬁcit
1212 5490 1326 5542 aede
1357 5485 1607 5557 precaris.
1739 5543 1744 5547 _
1971 5485 3089 5544 TranstulitadCbristumNonnamsacra
3104 5501 3292 5542 mensa
3310 5487 3549 5543 beatam.

296 5557 412 5634 Hoc
438 5572 604 5612 orans
635 5559 768 5634 obiit
795 5557 1068 5634 quondam
1098 5557 1288 5634 Nonna
1320 5560 1773 5634 inclyta__templo,
2607 5595 2679 5634 ει,
2718 5594 2901 5632 mm),

365 5627 524 5683 Nunc
553 5636 707 5683 stans
734 5627 788 5679 in
821 5627 1034 5696 superis
1059 5629 1290 5682 canibus
1319 5627 1441 5680 orat
1467 5628 1664 5684 adhuc.

299 5696 432 5772 Haec
449 5699 550 5752 tibi
579 5697 796 5772 mellita:
827 5697 1034 5772 mortis.
1057 5713 1211 5751 sacra
1246 5713 1434 5751 mensa
1468 5702 1760 5772 columna:
1983 5765 2030 5772 ἡ,
2093 5765 2108 5772 _
2303 5763 2334 5772 ,ί
2363 5696 2547 5772 ν’λξλ
2581 5696 2795 5772 ‘f“_"‘“"
2829 5696 3148 5772 ξξ⁶⁴⁶ξ¹¹ξῗέ⁶⁵⁶¹
3212 5759 3244 5772 Α,

371 5767 471 5821 Hic
494 5767 668 5826 cadis,
701 5776 966 5828 extrema,
993 5765 1205 5829 Nonna,
1235 5776 1458 5836 precata
1484 5771 1624 5823 vice.
1978 5765 2060 5821 Sit
2093 5765 2246 5836 bona
2265 5763 2375 5836 vita
2407 5763 2526 5825 tibi,
2562 5761 2674 5816 sint
2705 5761 2898 5836 gaudia
2926 5761 3104 5814 debita
3136 5761 3304 5822 natis,

303 5835 544 5909 Exiguus
579 5837 820 5892 restabat
851 5836 1028 5891 adhuc
1059 5851 1222 5907 super
1239 5831 1481 5905 ltalitus,
1510 5840 1663 5892 illum
2049 5835 2341 5907 Sanguinis
2371 5841 2621 5888 auctores
2645 5835 2736 5901 qui
2770 5831 2992 5887 coluere
3021 5844 3215 5889 senes;

2363 5670 2447 5740 (Α.
2481 5668 2547 5722 Β.
2581 5667 2812 5723 Caillau'
2827 5665 3148 5737 interprete.)
