4098 6340
313 321 384 376 69
1583 323 1828 381 SECTIO
1868 326 1929 380 II.
1974 327 2362 384 EPITAPIIIA.

924 441 1069 498 PII".
1104 443 1304 495 Ἄλλο.

313 553 523 624 Δέρκεο
558 569 653 605 και
677 550 884 622 τύμϐον
918 551 1277 621 Νικομήδεος,
1313 550 1368 602 εἰ
1396 553 1501 602 τιν’
1530 550 1770 615 ἀκούεις,

389 645 487 706 Ὃς
512 643 639 711 νηὸν
664 640 886 713 Χριστῷ
914 643 1241 710 δειμάμενος
1273 640 1514 711 μεγάλῳ,

315 733 485 788 Αὐτὸν
519 734 617 803 μὲν
652 733 979 803 πρώτιστον,
1007 732 1199 785 ἔπειτα
1228 731 1283 784 δὲ
1309 733 1408 800 τὴν
1438 733 1742 801 περίϐωτον

385 822 571 873 Δῶκεν
594 822 765 889 ἁγνὴν
789 820 1002 889 θυσίην,
1039 818 1339 889 παρθενίην
1370 818 1593 881 τεκέων,

314 913 349 968 5
384 914 653 983 d’ér/tepov
680 912 830 964 οὐδὲν
864 911 1001 981 ἔχων
1045 911 1222 980 ἱερεὺς
1251 911 1477 979 γενὲτης
1510 927 1568 962 τε
1614 909 1899 980 φέριστοςο

386 1003 632 1057 Τοῦνεκα
662 1004 756 1056 καὶ
798 1002 1008 1074 μεγάλῃ
1042 996 1163 1055 ὦκα
1194 1002 1327 1072 μίγη
1356 1000 1571 1071 Τριὰδι.

908 1115 1052 1167 ΡΙΔ’.
1090 1115 1302 1166 Ἀλλο.

314 1228 589 1280 ’Υστατον
628 1229 687 1290 ἐς
726 1226 841 1297 βίον
870 1223 1033 1298 ἦλθες
1063 1228 1334 1295 ἀοίδιμοψ
1368 1225 1501 1279 ἀλλὰ
1533 1227 1761 1296 τάχιστα

385 1320 579 1372 Ἔνθεν
615 1319 907 1390 ἁνηέρθης.
943 1319 1040 1381 Τίς
1062 1318 1178 1371 τάδ’
1210 1318 1394 1370 ἔνευσε
1424 1318 1579 1388 δίκη;

306 1409 544 1479 Χριστὸς
575 1408 731 1473 ἅναξ,
753 1408 1083 1478 Νικόμηδες,
1120 1408 1267 1470 ὅπως
1296 1408 1387 1460 σέο
1412 1408 1537 1460 λαὸν
1564 1406 1772 1460 ἄνωθεν

392 1500 601 1570 Ἱθύνῃς
628 1500 831 1554 τεκέων
860 1501 956 1553 σὺν
993 1500 1113 1570 ἱερῇ
1152 1498 1328 1555 δυάδι.

3520 341 3588 395 70

2482 449 2625 502 PIE'.
2654 451 2759 515 Εἰς
2782 448 3121 519 Καρτέριον.

2012 560 2093 629 [Ιῇ
2118 578 2181 628 με
2213 559 2384 612 λιπὼν
2403 559 2740 629 πολύμοχθον
2769 561 2862 613 ἐπὶ
2889 560 3058 630 χθονὶ,
3086 560 3297 629 φίλταθ’
3331 561 3563 633 ἑταίρων

2086 652 2315 715 Ἤλυθες
2354 652 2662 722 ἁρπαλέως,
2704 652 2896 722 κύδιμε
2928 653 3233 723 Καρτέριες

2010 745 2092 814 Πῆ
2128 747 2245 797 ποτ’
2280 744 2430 812 ἔϐης,
2456 745 2704 814 νεότητος
2731 746 2868 814 ἐμῆς
2909 744 3053 814 οἰηῖα
3087 745 3307 814 νωμῶν,

2079 831 2260 904 Ἦμος.
2298 836 2383 887 ἐπ’
2413 833 2715 902 ἀλλοδαπῆς
2751 833 2917 903 μύθον
2946 834 3286 903 ὲμετρεόμην
3305 850 3319 863 ⁸

2011 927 2045 980 5
2080 928 2175 988 Ὃς
2209 926 2369 994 βιότῳ
2405 926 2459 994 μ’
2491 924 2746 993 ἐνέδησας
2774 925 3033 994 ἁσὰρκεῖ;
3067 920 3157 995 ἦρ’
3180 925 3325 977 ἐτεόν
3354 942 3433 979 σοι

2082 1011 2310 1080 Χριστὸς
2336 1010 2467 1076 ἄναξ
2495 1011 2711 1063 πάντων
2743 1011 3009 1081 φίλτερος,
3042 1010 3099 1063 ὃν
3139 1011 3231 1063 νῦν
3264 1011 3407 1082 ἔχεις

2034 1098 2322 1168 Αστεροπὴ
2352 1097 2607 1167 Χριστοῖο
2638 1098 2954 1167 μεγακλέος,
2992 1099 3152 1170 ἕρκος
3177 1099 3411 1169 ἄριστον,

2091 1192 2335 1254 ἨῖΟέων,
2370 1192 2511 1261 ζωῆς
2539 1193 2708 1261 ἡνίοχ⁹
2743 1191 3038 1261 ἡμετέρης,

2008 1285 2199 1340 Μνώεο
2231 1284 2569 1355 Γρηγορίοιο,
2596 1285 2687 1337 τὸν
2721 1284 2958 1346 ἔπλασας
2983 1285 3136 1354 ἤθεσι
3170 1283 3374 1347 κεδνοίς

2078 1375 2144 1430 10
2180 1372 2286 1429 τΗν
2315 1378 2403 1430 ὅτε
2436 1372 2523 1447 ἦν,
2554 1376 2756 1448 ἀρετῆς
2788 1377 3026 1448 κοίρανε,
3060 1376 3352 1447 Καρτέριε.

1734 1734 1920 1792 CXIII.
1961 1735 2118 1789 Aliud
2149 1736 2184 1789 ⁶.

817 1852 954 1909 Vide
982 1862 1036 1909 et
1074 1857 1346 1911 tumulum
1374 1853 1708 1918 Nicomedis,
1744 1854 1789 1908 si
1819 1869 1978 1923 quem
2010 1853 2187 1914 audis,

890 1924 992 1996 Qui
1026 1929 1286 1996 templum
1318 1942 1442 1979 cum
1468 1925 1688 1980 Christo
1710 1924 2076 1996 exstruxisset
2109 1936 2327 1996 magno,

817 1995 1069 2065 oeipsum
1100 1993 1317 2065 quidem
1345 1996 1606 2065 primum,
1638 1995 1830 2048 deinde
1858 2004 1909 2047 et
1942 1995 2086 2065 illam
2120 1993 2389 2047 celebrem

883 2062 1043 2134 Dedit
1073 2062 1264 2133 puram
1313 2062 1548 2119 hostiam
1578 2066 1947 2134 virginitatem
1981 2064 2237 2124 ﬁliorum,

812 2131 847 2187 5
883 2133 1033 2204 Nihil
1072 2126 1420 2204 praestantius
1452 2126 1959 2189 habens'sacerdos
1993 2135 2315 2203 genitorque
2346 2126 2629 2200 optimus:

880 2203 1091 2258 Idcirco
1134 2214 1188 2263 et
1212 2221 1421 2276 magna:
1450 2207 1559 2259 cito
1598 2207 1795 2261 mistus
1826 2214 1909 2259 est
1942 2204 2150 2261 Triadi.

1457 2315 1751 2387 1154-1
1766 2315 1923 2386 155
1963 2314 2146 2369 CXIV.
2187 2316 2224 2368 A
2239 2315 2349 2368 liud

812 2421 949 2496 Sero
979 2425 1143 2479 vitam
1170 2426 1542 2496 amplexus_es
1573 2425 1854 2496 inclytam,
1894 2426 1988 2481 sed
2022 2427 2285 2482 citissime

882 2494 1019 2549 Hinc
1048 2494 1298 2550 sublatus
1325 2511 1407 2549 es.
1446 2494 1579 2561 Quae
1615 2494 1744 2550 vero
1770 2496 1883 2549 haec
1922 2498 2167 2564 permisit
2190 2494 2447 2563 justitia?

808 2564 1064 2635 Christus
1094 2581 1210 2630 rex,
1241 2581 1275 2619 ο
1299 2565 1643 2628 Nicomedes,
1690 2572 1751 2618 ut
1781 2569 2037 2635 populum
2066 2576 2220 2620 tuum
2253 2568 2321 2622 de
2347 2564 2487 2620 coelo

877 2633 1055 2706 [tegas
1086 2650 1212 2690 cum
1239 2636 1414 2691 sacris
1451 2635 1667 2690 duobus
1698 2633 1826 2691 ﬁliis
1857 2633 1989 2691 tuis.

1601 2743 1762 2799 CXV.
1807 2744 1874 2799 In
1906 2744 2207 2800 Carterium
2232 2747 2313 2800 “'.

808 2867 927 2933 Quo
955 2880 1041 2919 me
1073 2864 1386 2935 relinquens
1418 2861 1924 2935 miultis‘laboribus
1957 2879 2280 2935 oppressum
2316 2863 2371 2918 in
2405 2871 2574 2929 terra,
2609 2861 2933 2918 charissima
2964 2860 3289 2922 amicorum,

883 2935 1099 3004 Raptim
1128 2932 1333 2997 abiisti,
1377 2934 1578 3003 inclyte
1602 2932 1847 2988 Carteri?

813 3003 1060 3073 Quonam
1093 3004 1294 3066 abiisti,
1325 3004 1417 3073 qui
1444 3004 1748 3071 juvenlutis
1779 3019 1911 3057 meae
1938 3004 2305 3073 gubernacula
2335 3003 2586 3074 regebas,

887 3073 1118 3142 Quando
1147 3075 1202 3126 in
1232 3075 1407 3127 aliena
1441 3074 1661 3143 regione
1688 3074 1852 3128 verba
1876 3075 2243 3143 admetiebar;

813 3147 847 3202 5
872 3146 974 3213 Qui
1002 3146 1126 3198 vita:
1156 3158 1243 3197 me
1273 3142 1902 3212 alligastiincorporem?
1934 3142 2071 3197 Vere
2098 3144 2192 3196 tibi

882 3215 1260 3284 Christusrex
1289 3215 1529 3267 omnium
1556 3214 1936 3277 charissimus,
1969 3229 2128 3282 quem
2160 3227 2309 3267 nunc
2333 3213 2603 3284 possides.

812 3286 859 3341 Ο
889 3288 1070 3355 fulgur
1098 3283 1302 3338 Christi
1330 3283 1731 3352 gloiiosissimi,
1765 3284 1930 3338 tutela
1963 3284 2170 3353 optima

874 3354 1163 3413 Juvenum.
1198 3355 1323 3406 vitae
1352 3354 1661 3407 moderator
1693 3369 1843 3417 meae,

811 3427 1080 3482 Memento
1107 3422 1377 3492 Gregorii,
1410 3439 1571 3492 quem
1604 3425 1792 3492 probis
1825 3422 2072 3479 formasti
2118 3422 2363 3479 moribus

878 3499 947 3552 10
981 3493 1336 3563 Iampridem,
1362 3493 1579 3549 virtutis
1614 3496 1891 3566 princeps,
1921 3492 2158 3549 Carteri.

298 3662 303 3665 ⁷
370 3686 394 3710 ⁸
432 3685 707 3756 Scriptum
737 3700 830 3740 an.
866 3684 992 3756 316.
1022 3713 1093 3725 —-
1117 3682 1268 3756 Alias
1304 3679 1569 3737 Murator.
1594 3681 1684 3737 '57.

298 3770 394 3809 an.
421 3752 648 3811 576.'—
682 3755 836 3810 Alias
871 3754 1141 3809 Murator.
1178 3752 1273 3807 59.

1764 3682 1806 3704 “
1830 3677 2106 3749 Scriptum
2136 3693 2229 3735 an.
2284 3677 2411 3733 376.
2436 3708 2507 3719 -—
2527 3677 2676 3732 Alias
2725 3674 2989 3731 Murator.
3029 3671 3118 3727 '58.
3196 3673 3262 3695 ‘“
3294 3670 3567 3743 Scriptum

370 3934 623 3991 CXIII.5
659 3934 857 3991 Αὑτὸν
887 3935 1025 4004 μέν.
1073 3938 1350 4001 interpres
1408 3926 1668 3993 Graecus,
1708 3924 1881 3994 ipsam
1984 3919 2611 4004 ximus,-quam_qu0d
2672 3919 2789 4004 suis
2845 3918 3331 4004 epigrammatibus
3396 3920 3567 4004 refert

367 4006 387 4035 ἀ

300 4024 691 4143 “smnpm.
728 4074 864 4140 Quia
905 4073 1048 4128 ﬁlios
1073 4070 1293 4131 obtulit,
1318 4083 1430 4143 n_o_n
1449 4062 1884 4143 quodsacerdos

295 4156 470 4208 esset,
511 4136 595 4201 rel
648 4136 819 4201 etiam
860 4147 1180 4215 episcopus,
1234 4149 1295 4194 ut
1351 4136 1655 4193 Muratorio
1702 4136 1884 4189 visum

296 4226 559 4342 es‘CXIV.
591 4287 617 4339 1
641 4286 953 4341 Ὕστατον.
987 4283 1092 4338 Int.
1122 4281 1335 4335 tandem
1362 4277 1431 4333 ad
1464 4276 1627 4330 vitam
1659 4273 1883 4328 avolasti

294 4364 707 4482 “Eriii'i'au.
747 4426 850 4490 Είς
879 4423 1218 4495 Καρτέριον.
1246 4420 1394 4475 Nihil
1422 4419 1490 4475 de
1512 4415 1765 4476 Carterio
1786 4429 1884 4468 no-

1990 3988 2308 4059 Gregorius,
2345 3988 2439 4060 qui
2472 3990 2593 4059 ejus
2642 3992 2807 4045 etiam
2857 3988 3107 4043 meminit
3156 3990 3213 4043 in
3266 4004 3438 4044 carm.
3491 3992 3563 4044 ad

1995 4062 2318 4115 Hellenium.

2066 4133 2098 4187 5
2121 4131 2411 4198 Ἀσάρκεϊ.
2436 4127 2559 4202 νοις
2608 4140 2693 4185 est
2740 4144 2863 4199 qua
2890 4128 3027 4184 solet
3068 4127 3363 4202 Gregorius
3398 4131 3566 4185 vitam

1991 4203 2354 4256 monasticam
2384 4199 2699 4265 signiﬁcare

2064 4273 2131 4325 10
2156 4268 2268 4326 τῌν
2305 4271 2403 4323 ὅτε
2430 4269 2528 4342 ἦν.
2568 4268 2920 4342 Jampridem.
2945 4268 3081 4324 Vide
3110 4269 3208 4325 lib.
3249 4285 3310 4336 It,
3353 4277 3488 4326 sect.
3522 4285 3563 4335 t,

1990 4356 2165 4398 carm.
2203 4357 2322 4407 xm,
2362 4340 2833 4405 alg‘émaxénoug.

1607 4594 1939 4657 METch
1969 4589 2269 4651 VERSIO.

898 4780 1051 4819 CXIII.
1099 4778 1283 4818 ALIUD.

689 4873 779 4945 (Α.
811 4874 877 4929 Β.
917 4873 1129 4930 Caillau
1165 4869 1488 4940 interprete.)

290 4985 572 5055 Conspice
599 4984 847 5055 praeclari
878 4979 1496 5055 tumulumNicomedis
1533 4976 1702 5055 3_Iesu

363 5048 472 5122 Qui
502 5048 629 5107 cum
662 5053 946 5108 fundasset
977 5053 1260 5123 Splendida
1294 5050 1494 5123 templa
1533 5048 1664 5114 Deo,

295 5122 367 5179 Se
388 5121 627 5194 primum
660 5124 865 5187 oblato,
896 5121 1150 5177 natorum
1183 5121 1377 5194 deinde
1400 5134 1625 5194 suorum

362 5189 857 5264 Corporasacrato
889 5208 1114 5247 munere
1143 5201 1290 5245 casta
1323 5189 1492 5247 dedit.

292 5255 984 5335 Mysta'nihilgeuitorque
1013 5271 1203 5335 tenens
1231 5260 1580 5335 praestantius
1606 5276 1618 5313 :
1667 5255 1809 5311 unde

364 5333 563 5389 Mistus
592 5329 1165 5402 adorandae—protinus
1200 5329 1284 5385 εει
1310 5329 1518 5383 Triadi.

898 5461 1043 5501 CXIV.
1100 5460 1282 5499 ALIUD.

795 5537 1017 5610 (Eodem
1062 5532 1389 5605 interprete.)

287 5629 435 5687 Sero
464 5629 570 5699 pia:
597 5629 761 5685 datus
784 5646 844 5685 es
873 5630 1017 5693 vitae,
1046 5627 1143 5683 sed
1175 5620 1635 5699 proniptius‘inde

372 5693 806 5769 Sublatus.Quo
843 5716 933 5755 res
957 5700 1082 5768 jure
1107 5693 1499 5769 peracta’fuit?
1633 5760 1649 5769 _
1764 5757 1775 5769 .

300 5767 412 5827 Hoc
444 5769 621 5825 voluit
649 5760 925 5837 Christus,
957 5760 1197 5839 superis,
1224 5764 1568 5830 Nicomedes,
1603 5760 1670 5817 ab
1699 5760 1813 5815 oris

1913 4774 1964 4835 Β
2060 4749 2131 4805 Ut
2159 4757 2291 4804 nato
2314 4749 2526 4822 plebem
2551 4749 2778 4819 junctus
2800 4747 3020 4820 utrique
3045 4763 3223 4819 regas.

2601 4898 2723 4938 ριν.
2765 4897 2944 4937 ALIUD.

2484 4992 2705 5065 (Eodem
2740 4994 3059 5064 interprete.)

1984 5128 2230 5195 Quonam
2266 5130 2502 5192 cessmti,
2538 5129 2813 5197 linquens.
2850 5125 3192 5197 charissime,
3228 5131 3451 5188 terram,

2058 5199 2263 5253 Carteri
2292 5201 2483 5265 amice,
2513 5195 2675 5253 nimis
2703 5214 2863 5266 quam
2895 5200 3035 5249 mala
3065 5196 3200 5249 dura
3241 5195 3526 5263 premunt!

1989 5267 2234 5334 Quonam
2264 5270 2500 5332 cessisti,
2528 5270 2716 5337 primae
2743 5268 2854 5321 dux
2884 5267 2988 5320 [ide
3012 5266 3271 5337 juventae,

2063 5337 2288 5408 Hospite
2323 5336 2543 5392 metirer
2565 5354 2689 5391 cum
2726 5352 2865 5408 nova
2894 5337 3057 5408 verba
3085 5336 3202 5408 solo
3226 5351 3239 5398 ;

1990 5403 2257 5479 Qu_i_mihi
2288 5409 2549 5479 virginem,
2577 5407 2843 5463 strinxisti
2874 5407 3087 5479 vincula
3116 5403 3273 5479 yitaa?

2063 5476 2216 5533 Unus
2248 5472 2401 5531 amor
2425 5478 2697 5540 Christus,
2729 5491 2888 5545 quem
2921 5476 3082 5529 modo
3114 5476 3267 5529 laetus
3298 5472 3484 5531 habes.

1990 5546 2036 5603 Ο
2056 5550 2189 5603 clari
2220 5549 2401 5617 fulgur
2426 5548 2646 5610 Christi,
2680 5548 2846 5600 tutela
2872 5545 3111 5617 juventa:

2060 5617 2242 5671 Firma
2274 5616 2427 5680 mea},
2458 5625 2511 5673 et
2536 5632 2730 5672 cursus
2764 5620 2923 5670 anxia
2950 5616 3067 5669 vela
3090 5628 3304 5684 regens,

1989 5686 2235 5757 Gregorii
2258 5702 2467 5741 memor
2495 5696 2634 5750 esto,
2671 5687 2858 5756 probis
2890 5699 3049 5754 quem
3076 5682 3322 5742 moribus
3355 5682 3486 5740 olim

2058 5757 2350 5818 Formasti.
2391 5773 2604 5815 morum
2634 5759 2810 5827 prima
2833 5757 3012 5812 nitore
3046 5762 3256 5811 tenens.
