2049 3170
231 149 281 178 103
569 148 597 174 S.
619 146 782 174 GIIEGORII
802 145 926 173 TIIEUL.
948 131 1130 173 CARIIINIEM
1150 144 1249 172 LIIIIiR
1270 144 1302 172 II.
1324 143 1517 171 IIIS'I'OIIICA.

530 206 591 232 AZ’.
613 207 718 233 'A.1.lo.

271 252 407 288 Ἐξηπάτη
412 260 460 287 μαι
471 259 479 267 ·
492 252 537 278 τὸν
550 252 635 286 τάφον
651 252 679 278 δέ
692 253 718 286 γ’
731 252 825 287 ᾠόμην

230 299 329 330 Χὼσας
342 298 479 329 τοσοῦτον,
497 298 600 324 αἰδέσαι
619 297 721 333 βροτῶν
736 297 822 331 γένος.

231 347 261 372 υἱ
277 345 298 371 δ’
311 345 347 376 ὡς
361 343 450 379 νεκρῷ
463 352 506 378 μοι
522 343 740 378 προσδραμόντες
755 342 882 377 πλουσίῳ,

233 391 344 425 Ἔχουσι
359 389 461 424 τύμϐον
472 398 477 403 ·
492 390 522 415 οὺ
536 389 590 424 γὰρ
603 387 674 423 εἶχον
686 388 749 414 ἄλλο
759 397 794 414 τι.

530 447 593 472 AH’.
612 447 715 471 Ἄλλο.

235 494 357 528 ’¹Ορυσσ’,
374 493 471 527 ἧρυσσε
487 492 600 526 τύμϐον,
623 492 664 523 Ὠς
681 491 754 525 αὐτῷ
773 490 877 526 βὸορον,

233 539 270 566 Εὖ
291 539 354 571 ἴσθ’,
364 539 501 574 ὀρύσσεις,
514 538 613 573 χρυσὸν
626 539 656 564 ἐκ
671 537 768 572 νεκροῦ
780 537 879 571 φέρων,

233 587 280 618 Εἰς
295 587 324 612 δν
339 586 414 620 βαλεῖ
427 594 455 611 σε
468 585 513 611 καί
530 584 588 610 ποθ’
603 583 715 619 ὕστερον
730 584 791 618 δίκη
801 592 807 598 ⁸

240 630 419 661 Ὀπιςῦόπους
435 630 494 665 μὲν,
511 631 558 656 σὺν
572 629 643 663 τόκῳ
653 629 674 655 δ’
692 629 848 664 ἐπέρχεται.

532 686 594 712 ΛΘ¹.
615 686 719 712 Ἀλλο.

234 733 353 760 Πέπονθε
365 732 449 759 δεινὸν
464 732 564 767 τύμϐος
574 741 580 747 ⁸
597 734 611 758 ὁ
626 732 742 767 σκάψας,
753 732 841 759 πλέον.

241 779 271 805 Ὁ
289 779 336 813 μὲν
349 777 403 812 γὰρ
415 778 489 804 οὐδὲν
502 774 538 804 ὧν
552 777 663 804 πέπονθ’
678 778 836 804 αἰσθάνεται
847 786 853 792 ·

237 825 272 851 Σὺ
287 825 309 852 δ’
326 822 351 851 εἷ
369 825 477 860 λάλημα
492 825 585 856 πᾶσιν,
598 820 621 851 ὧ
635 823 735 860 χρυσοῦ
749 823 844 859 λάτρα,

1808 140 1860 168 104

1034 208 1057 235 Α
1074 205 1121 229 ’ον
1133 203 1193 229 οὐδὲ
1207 203 1309 238 τύμϐος
1323 202 1427 234 δέξεται
1440 201 1601 236 τεθνηκότα.

1380 269 1425 296 Μ’.
1443 270 1543 295 Ἄλλο.

1079 328 1189 360 Ὀλοιτ“,
1205 328 1290 353 (ιλοιτο
1306 326 1404 362 χρυσὸς
1418 328 1448 352 ἐκ
1465 327 1546 360 μέσον
1561 324 1672 360 βροτῶν,

1073 375 1121 404 Ὃς
1133 371 1248 409 ἐξέμηνε
1261 373 1308 399 καὶ
1327 373 1429 406 τάερους
1444 373 1501 403 τοῖς
1514 371 1660 401 πλουσίοις.

1077 418 1105 444 ’0
1122 419 1143 444 δ’
1159 418 1216 444 ἐστι
1233 418 1344 452 μάρτυς,
1360 416 1446 443 οὐκέτ’
1459 415 1496 441 ὣν
1510 415 1594 449 τάψος
1615 414 1704 443 τόσος.

1073 463 1194 499 Ἀνδρες,
1212 463 1338 498 βοηοείς“,
1355 463 1370 497 ἣ
1385 462 1469 488 κακόν
1484 470 1524 492 τις
1540 460 1661 495 λήψεται.

1363 517 1431 543 MA'.
1453 517 1557 542 Ἄλλο.

1076 574 1119 605 Ὠς
1133 573 1233 608 ἀσϐόλη
1253 580 1293 599 σοι
1308 572 1417 608 χρυσὸς,
1440 572 1472 598 ἂν
1485 571 1531 597 καί
1542 580 1583 602 τις
1594 571 1662 604 φανῇ

1072 621 1165 655 Τάφῳ,
1183 620 1295 654 γένοιτο.
1314 619 1392 645 Τοῦτ’
1407 619 1439 645 ἂν
1453 618 1555 644 ἔνδικον
1572 616 1678 647 πάθοις,

1073 666 1183 699 Τάφους
1198 665 1309 700 διοχλῶν
1323 665 1376 691 τῶν
1389 665 1472 691 πάλαι
1483 663 1661 698 τεθνηκότων.

1372 722 1436 750 MB’.
1455 722 1559 748 Ἄλλο.

1074 778 1174 804 Σκόπει
1187 778 1236 805 τίν’
1248 778 1391 813 ἠδίκησας,
1411 778 1427 812 ἢ
1443 777 1556 812 γυμνοῖς
1566 775 1637 806 τίνα,

1075 824 1183 858 Τάφους
1199 824 1332 859 ὀρύσσων,
1349 824 1395 850 καὶ
1410 823 1481 849 κόνιν
1495 820 1655 856 διφώμενος,

926 899 1058 928 XXXVII.
1077 900 1158 927 Aliud
1175 902 1193 926 '.

521 947 652 983 Deceptus
665 955 742 980 sum;
758 946 960 983 existimabam,
980 953 1042 983 cum
1057 949 1164 983 tantum

484 981 623 1011 Struerem
640 983 807 1017 sepulcrum,
827 981 892 1008 illud
912 981 1080 1008 reverituros
1095 981 1232 1017 homines.

484 1019 535 1051 Ipsi
553 1026 617 1046 vero
630 1018 657 1044 in
672 1015 716 1044 ine
732 1022 869 1043 mortuum
882 1017 1029 1047 irruentes,
1044 1020 1174 1051 tanquam
1187 1015 1299 1043 divitem
1312 1035 1320 1047 ,

485 1050 590 1081 IIabcnt
601 1061 691 1080 meum
708 1052 864 1086 sepulcrum
878 1059 948 1078 :non
965 1052 1039 1077 enim
1054 1051 1155 1077 habent
1172 1051 1245 1078 aliud
1258 1050 1418 1086 quidquam.

909 1097 1052 1124 XXXVIII.
1068 1098 1148 1125 Aliud
1166 1098 1196 1125 ".

521 1143 604 1173 Fode.
625 1142 686 1169 fode
701 1142 866 1176 sepulcrum.
887 1142 931 1167 Sic
948 1142 996 1168 libi
1012 1142 1063 1176 ipsi
1085 1142 1202 1174 foveam,

485 1179 513 1206 Id
530 1184 604 1205 certo
619 1184 720 1208 teneas,
736 1178 816 1206 fodis.
832 1185 928 1203 aurum
946 1181 1054 1203 mortuo
1067 1177 1197 1211 eripiens,

486 1213 514 1240 In
530 1221 610 1248 quam
627 1217 653 1240 te
668 1213 776 1239 tandem
792 1211 939 1245 :iliquaudo
956 1212 1084 1248 conjiciet
1097 1212 1204 1248 justilia
1222 1211 1324 1242 divina,

485 1246 551 1281 Qua:
566 1248 645 1275 tardo
662 1249 771 1282 quidcui
789 1247 866 1281 pcile,
886 1249 931 1273 scd
944 1254 1006 1273 cum
1022 1246 1114 1274 fenore
1128 1247 1267 1274 redditura
1282 1246 1448 1282 supervenit.

910 1294 1032 1321 XXXIX.
1058 1295 1141 1322 Aliud
1156 1297 1200 1323 “¹“.

521 1346 670 1380 Perpessus
683 1349 726 1372 est
736 1344 827 1379 gravia
840 1345 980 1376 tumulus;
997 1344 1044 1371 sed
1061 1344 1107 1378 qui
1128 1344 1204 1371 illum
1222 1343 1324 1376 ell‘odit,
1341 1343 1479 1379 graviora.

487 1379 534 1408 Ille
546 1379 618 1407 enim
631 1380 698 1407 nihil
716 1388 748 1407 ex
762 1380 795 1406 iis
808 1387 868 1414 quae
883 1380 956 1411 tulit,
970 1380 1074 1406 sentit:

488 1415 529 1442 Tu
546 1423 609 1442 vero
625 1415 716 1441 fabula
732 1422 762 1441 es
789 1415 924 1446 Omnium,
940 1423 956 1440 (ι
973 1415 1033 1440 auri
1048 1414 1150 1444 cultor.

488 1450 574 1483 Quem
589 1450 709 1477 tumulus
724 1457 757 1476 ne
772 1450 881 1484 quidem
895 1450 1014 1484 excipiet
1027 1449 1198 1476 defunctum.

940 1496 995 1523 XL.
1010 1496 1091 1523 Aliud
1111 1498 1165 1524 “".

524 1541 630 1573 Pereat,
647 1546 739 1577 pereat
751 1549 847 1568 aurum
865 1549 880 1568 e
896 1542 985 1568 medio
1001 1542 1169 1574 mortalium,

517 1577 567 1603 uod
583 1577 609 1603 iu
632 1577 749 1603 furorem
763 1578 842 1603 vertit
862 1577 982 1603 tumulos
994 1577 1137 1604 divitibus.

490 1576 567 1609 Quod
583 1577 609 1603 iu
632 1577 749 1603 furorem
763 1578 842 1603 vertit
862 1577 982 1603 tumulos
994 1577 1137 1604 divitibus.

492 1612 726 1673 6182-1183
742 1611 828 1651 Ilujus
844 1612 880 1652 rei
895 1613 972 1652 testis
988 1616 1040 1642 est.
1053 1612 1098 1652 qui
1110 1612 1293 1652 j‘ain'non.cst
1312 1611 1432 1651 tumulus
1444 1615 1550 1638 tantus.

517 1655 560 1673 ll'l.
579 1648 647 1673 terte
665 1647 796 1673 auMIIUIII
816 1655 821 1671 :
835 1655 877 1673 sm
891 1655 994 1673 minus.
1008 1648 1072 1673 mali
1092 1646 1194 1673 aliuqu
1209 1647 1308 1673 ahums
1321 1651 1446 1673 accrmet.

517 1648 560 1678 iri,
579 1647 647 1674 ferte
665 1647 796 1673 auxilium
816 1655 821 1671 :
835 1647 877 1674 sin
891 1648 994 1678 minus,
1008 1648 1072 1673 mali
1092 1646 1194 1680 aliquid
1209 1647 1308 1681 aliquis
1321 1647 1446 1681 accipiet.

926 1693 994 1720 XLI.
1024 1694 1103 1720 Aliud
1121 1695 1186 1720 “““’”.

494 1742 582 1769 Instar
598 1741 718 1777 fuliginis
734 1741 779 1777 fiat
795 1742 841 1768 libi
859 1749 965 1772 aurum,
987 1742 1010 1768 si
1029 1741 1094 1776 quid
1112 1742 1171 1768 auri
1187 1745 1317 1776 appareat

497 1778 525 1803 lu
539 1781 585 1803 tuo
601 1777 714 1803 tumulo.
735 1776 873 1810 IIocjuste
886 1777 1010 1811 patiaris,

496 1812 537 1839 Tu
556 1812 602 1847 qui
619 1812 737 1839 tumulos
752 1812 881 1839 deturbas
897 1812 1037 1839 hominum
1051 1811 1156 1846 pridem
1173 1816 1355 1839 mortuorum.

935 1855 1013 1883 XLII.
1029 1855 1109 1882 Aliud

532 1900 680 1928 Considera
692 1907 771 1934 quem
786 1900 899 1930 laeseris,
919 1904 966 1927 aut
984 1908 1063 1934 quem
1084 1900 1242 1932 nudaveris,

495 1935 627 1963 Tumulos
642 1936 783 1966 effodiens,
797 1940 823 1963 et
838 1936 957 1962 cinerem
973 1940 1165 1970 perscrutans,

281 1994 292 2004 '
308 1993 382 2021 Alias
399 1993 458 2019 Bill.
477 1993 537 2023 Mt.
554 2001 615 2027 pag.
627 1993 688 2020 205.

247 2029 307 2060 M7.
321 2036 382 2063 pag.
399 2029 460 2056 205.
565 2029 639 2055 Alias
656 2028 715 2055 Bill.
730 2028 790 2058 H8,
809 2036 869 2063 pag.
885 2028 946 2054 205.

728 1995 748 2004 “
768 1993 840 2019 Alias
860 1992 920 2019 Bill.
938 1993 999 2021 I45.
1015 2000 1075 2028 pag.
1092 1992 1153 2020 203.

986 2027 1139 2054 """Alias
1154 2027 1214 2055 Bill.
1235 2028 1294 2057 I49,
1309 2036 1370 2062 pag,
1384 2029 1446 2055 205.

1244 1992 1318 2020 Alias
1332 1992 1393 2020 Bill.
1411 1993 1471 2024 146,
1489 2000 1548 2028 pag.
1560 1994 1624 2021 205.
1718 1990 1793 2017 Alias
1808 1989 1868 2016 Bill.

282 2085 427 2112 XXXVIII.
447 2086 463 2111 4
477 2086 687 2117 Ὀπισθόπους.
709 2085 754 2112 Sic
770 2085 915 2120 legendum
937 2089 1033 2113 censet
1082 2086 1225 2112 codicibus
1240 2085 1320 2121 legitu

1100 2086 1225 2112 odicibus
1240 2085 1346 2121 legitur.
1358 2086 1459 2113 Deinde
1470 2084 1532 2118 τοῖς
1543 2085 1711 2116 πλουσίοις.
1721 2082 1794 2109 Edit.
1808 2082 1870 2115 τοὺς

247 2120 342 2147 Billius
357 2129 405 2155 pro
419 2121 464 2146 ἐπὶ
477 2121 587 2151 σκότους
602 2121 671 2154 quod
692 2121 791 2147 habent
806 2121 925 2147 codices.

285 2155 339 2183 XL.
352 2154 369 2182 2
387 2155 539 2190 Ἐξέμηνε.
557 2155 602 2182 Sic
620 2156 679 2181 Bill.
706 2163 754 2190 pro
772 2155 903 2190 ὲξέμεινε,
917 2154 988 2189 quod
1006 2155 1034 2181 in

1083 2121 1237 2151 πλουσίους.

900 2213 1067 2243 METRICA
1079 2211 1228 2242 VERSIO.

537 2284 638 2302 XXXVII.
661 2284 751 2303 ALIUD.

516 2321 605 2358 (Billio
624 2322 785 2357 interprete.)

286 2368 421 2403 Deceptus
432 2376 481 2403 ego
492 2376 561 2395 sum.
580 2368 691 2395 Busium
707 2369 779 2394 enim
796 2373 899 2395 tantum
911 2372 1032 2401 struens,

251 2403 445 2431 Existimabam
463 2404 562 2430 nemini
582 2403 607 2429 id
626 2404 722 2438 praeda:
736 2404 800 2430 fore.

252 2439 286 2465 At
300 2440 434 2465 irruenles
453 2438 566 2473 improbi
579 2439 606 2464 in
623 2447 674 2470 me,
689 2443 717 2464 ut
734 2438 856 2471 divitem,

251 2473 356 2501 Habent
369 2473 534 2507 sepulcrum.
553 2473 595 2499 Nil
611 2474 694 2503 enim.
707 2473 731 2499 id
745 2478 851 2507 praeter,
868 2473 944 2500 mihi.

528 2526 639 2545 XXXVIII.
659 2527 748 2545 ALIUD.

499 2563 609 2599 (Eodem
624 2565 786 2598 interprete.)

285 2610 361 2638 Fode
393 2611 444 2637 hoc
468 2611 634 2645 sepulcrum.
660 2610 711 2637 Sed
728 2615 906 2640 tamen.dum
926 2614 1033 2638 mortuo

252 2645 387 2672 Praedaris
400 2653 507 2676 aurum,
524 2651 550 2671 lu
567 2647 615 2672 tibi
627 2646 750 2672 scrobem
768 2645 847 2677 fodis,

252 2680 381 2706 Immiuet
399 2681 425 2706 iu
442 2688 523 2714 quam
540 2684 565 2706 te
579 2680 624 2706 Dei
637 2681 734 2707 vindex
751 2681 836 2711 furor,

253 2714 305 2747 Qui
321 2722 382 2742 sero
396 2716 483 2749 punit,
499 2715 546 2742 sed
563 2720 652 2742 lamen
673 2723 735 2741 cum
749 2716 852 2742 fenore.

542 2769 635 2787 XXXIX.
658 2769 747 2787 ALIUD.

500 2805 610 2841 (Eodem
630 2806 791 2841 interprete.)

293 2850 398 2888 Laesum
410 2855 454 2888 est
466 2852 621 2886 sepulcrum
630 2861 645 2888 7:
664 2851 753 2879 fossor
765 2857 792 2878 at
808 2851 888 2879 lzesus
904 2852 999 2888 magis.

255 2883 300 2914 Nil
312 2883 551 2923 namque'bustum
566 2887 649 2915 sentit
663 2894 695 2914 ex
706 2887 748 2915 his
764 2895 823 2922 qua:
839 2888 899 2914 tulit
912 2895 919 2914 ε

1049 2269 1070 2296 Β
1085 2263 1124 2290 Τυ
1141 2270 1216 2293 vero,
1231 2270 1322 2292 avare.
1340 2262 1431 2289 fabula
1446 2270 1477 2290 es
1493 2263 1600 2290 cunctis
1623 2261 1716 2293 simul,

1086 2298 1137 2331 Qui
1154 2306 1203 2325 nec
1216 2298 1342 2332 sepulcro
1359 2304 1482 2325 mortuus
1503 2298 1660 2325 donaberis.

1400 2352 1443 2370 XL.
1463 2351 1554 2371 ALIUD.

1330 2377 1439 2413 (Eodem
1460 2379 1620 2412 interprete.,

1121 2425 1223 2451 Aurum
1239 2424 1341 2451 utinam
1362 2424 1395 2450 ab
1409 2425 1474 2451 orbe
1491 2429 1584 2458 pereat
1594 2424 1668 2451 omni
1686 2423 1819 2456 funditus,

1086 2460 1169 2486 Busta
1182 2460 1213 2486 ad
1230 2460 1345 2493 superba
1361 2459 1457 2486 divites
1474 2459 1546 2492 quod
1566 2460 1684 2493 impulit.

1090 2495 1218 2521 Tcslatur
1233 2495 1303 2521 istud
1321 2495 1442 2520 tumulus
1454 2494 1507 2524 hic.
1524 2495 1618 2528 dispar
1631 2495 1685 2520 sui.

1087 2530 1185 2557 Juvatc
1199 2539 1205 2556 :
1220 2538 1253 2557 ne
1267 2529 1331 2563 quid
1345 2529 1480 2563 quispiam
1492 2530 1609 2563 accipiat
1621 2530 1695 2555 Inali.

1398 2582 1453 2600 XLI.
1477 2582 1567 2600 ALIITD.

1340 2608 1451 2644 (Eodem
1468 2610 1628 2643 interprete.)

1125 2655 1184 2681 Tibi
1195 2655 1217 2681 si
1236 2655 1299 2689 quid
1316 2655 1374 2680 auri
1392 2655 1484 2681 forsan
1502 2656 1527 2680 iu
1541 2655 1627 2681 bustis
1642 2655 1690 2681 sict

1089 2690 1183 2724 Fuligo
1199 2692 1254 2716 fiat.
1281 2690 1336 2717 Hoc
1354 2690 1401 2716 tibi
1414 2690 1488 2723 justc
1503 2691 1619 2721 accidet,

1089 2726 1140 2757 Qui
1154 2730 1320 2752 mortuorum
1339 2733 1426 2751 saevus
1443 2725 1469 2750 iu
1486 2726 1606 2751 tumulos
1621 2725 1690 2752 ruis.

1391 2778 1456 2797 XLII.
1485 2778 1575 2797 ALIUD.

1340 2805 1449 2839 (Eodem
1469 2807 1632 2840 interprete.)

1124 2851 1209 2883 Quem
1225 2850 1311 2880 hedis,
1333 2854 1379 2877 aut
1396 2858 1475 2885 quem
1498 2851 1632 2878 barbarus
1645 2851 1744 2882 nudas,
1761 2851 1834 2881 vide.

1096 2885 1214 2913 Fodiens
1241 2886 1411 2920 sepulcrum,
1433 2890 1458 2912 ct
1478 2888 1616 2921 pulverem
1633 2891 1761 2914 sci-utazis
1782 2888 1869 2914 levem
