4098 6340
438 433 536 489 127
1097 425 1156 482 S.
1190 424 1521 482 GBEGORII
1559 424 1812 482 THEOL.
1853 423 2222 482 CARMINUM
2262 423 2468 480 LIBER
2504 424 2568 478 II.
2611 421 2981 477 IIISTORICA

3589 427 3692 485 I28

432 553 544 622 Τὴν
567 549 853 620 exaudqu
869 547 1238 618 ἐπ’ᾶρουραν·
1263 546 1397 612 ἐμοῦ
1424 545 1592 600 δ’ἄπο
1613 545 2016 617 χάζεοτύμϐου,
2043 552 2088 607 Α
2193 547 2292 599 Σὸν
2317 547 2508 616 τάφον,
2540 544 2672 615 εἴγε
2711 545 2869 616 θέμις
2887 559 2902 574 '
2935 543 3092 607 ἄλλος
3124 543 3283 616 ἔραζε
3311 543 3475 614 βάλοι.

506 643 705 706 Χάζεο.
733 641 900 694 Οὐδὲν
919 640 1028 710 ἔχω
1059 639 1199 709 πλὴν
1225 638 1467 702 ςακὸτων
1499 639 1720 692 νεκύων.

433 733 498 786 El’
534 733 603 797 σ’,
627 732 892 802 ἄπληστε,
919 733 1108 800 τάφων
1139 730 1420 801 δηλήμονα
1443 733 1584 782 τοῖον
1618 731 1853 794 ὲόλπειν,

504 823 788 886 Πάσσαλος
809 823 874 876 ἂν
901 823 1028 893 τῇδε
1054 823 1149 876 καὶ
1181 821 1373 892 τροχὸς
1398 822 1691 892 ἐκρέματο.

433 917 500 971 15
533 919 702 970 Τὶπτε
741 917 796 986 μ’
827 914 1130 984 ἀνοχλὶζεις
1158 913 1343 967 κενεὸν
1365 913 1570 982 τάφον;
1619 913 1812 968 ὐστέα
1844 913 2016 985 μοῦνα

509 1007 725 1074 Κεύθω,
753 1006 847 1061 καὶ
862 1007 1086 1078 σποδιὴν
1115 1007 1286 1058 τοῖσιν
1313 1005 1723 1076 ἐπερχομένοις.

1051 1096 1165 1164 ιιΒἌ
1199 1099 1408 1152 Ἄλλο.

435 1187 660 1260 Τύμὸος
686 1187 798 1258 ἐγὼ
833 1188 1059 1260 τύμϐων
1090 1189 1527 1260 πανυπέρτατος.
1571 1188 1735 1242 Ἀλλά
1766 1189 1820 1260 μ’
1852 1187 2017 1258 ἓῳξεν

503 1284 599 1346 Ὠς
629 1300 749 1337 τινα
779 1283 888 1336 τῶν
927 1282 1136 1336 πολλῶν
1174 1283 1497 1354 ἀνδροφόνος
1526 1283 1778 1354 παλάμη.

448 1376 798 1448 Ἀνδροφόνος
824 1375 1052 1446 παλάμη
1088 1394 1156 1447 με
1180 1375 1424 1430 διώλεσε.
1461 1377 1673 1447 Λήξατε
1700 1375 1762 1429 τύ
1773 1375 1944 1446 μὸων,

504 1468 721 1540 Θνητοὶ,
757 1469 850 1520 καὶ
883 1467 1139 1539 κτερέων.
1171 1468 1322 1520 Δεῦτ’
1351 1468 1444 1520 ἐπὶ
1467 1467 1661 1538 νεκρὰ,
1692 1466 1872 1528 κύνες.

436 1557 471 1612 5
502 1557 654 1610 Δεῦτ’
679 1558 770 1611 ἐπὶ
808 1560 994 1629 νεκρὰ,
1035 1556 1214 1619 κύνες.
1264 1556 1481 1625 Χρυσοῦ
1511 1556 1790 1627 διζήτορες
1827 1552 2016 1627 ἄνδρες

508 1650 649 1720 Ἤδη
682 1650 776 1703 καὶ
800 1648 1006 1701 νεκύων
1033 1647 1420 1717 χρυσολογοῦσι
1445 1646 1614 1699 κόνιν.

1051 1736 1162 1806 ιιῐν.
1200 1740 1400 1793 Ἄλλο.

439 1831 632 1896 Ἀλλος
658 1831 867 1904 τύμϐον
894 1830 1071 1904 ἔγειρε
1096 1847 1110 1859 ·
1149 1831 1212 1884 σὺ
1243 1829 1288 1881 δ’
1320 1827 1550 1893 ὤλεσας.
1593 1827 1785 1892 Ἀλλος
1813 1827 2016 1898 ὲγείροι

2124 638 2260 708 Ἤδη
2294 637 2388 690 καὶ
2411 637 2698 692 νεκύεσσιν
2721 636 2988 706 ὲπέκραον
3020 636 3070 687 οἱ
3099 635 3408 705 φιλόχρυσοι
3430 653 3447 668 ·

2189 731 2423 798 Φεύγετε
2449 731 2494 783 δ’
2523 733 2587 783 ὲκ
2613 729 2858 800 τύμϐων,
2895 729 2945 780 εἰ
2987 727 3191 791 σθένος,
3231 729 3280 781 οἱ
3315 728 3583 799 φθίμενοι.

2118 823 2151 877 5
2190 823 2360 875 Τίπτε
2393 823 2448 893 μ’
2483 821 2818 893 ἀνοχλίζειςς
2856 821 3062 875 νεκύων
3084 821 3328 892 ἀμενηνὰ
3353 821 3566 893 κάρηνα

2191 914 2379 969 Μοῦνα
2413 915 2593 986 φέρωε
2622 913 2857 984 Τύμϐων
2880 913 3065 977 ὀστέα,
3101 912 3328 976 πλοῦτος
3351 913 3513 976 ἅπας.

2117 1006 2405 1075 Δαίμονας,
2435 1005 2490 1058 οἵ
2522 1022 2590 1075 με
2624 1003 2862 1074 ἔχουσιν,
2889 1003 3100 1057 ἀλεύεο.
3127 1002 3256 1056 Οῦτι
3291 1003 3399 1074 γὰρ
3427 1002 3556 1057 ἄλλο

2191 1095 2408 1166 Τύμΰος
2442 1094 2568 1165 ἔχω.
2598 1093 2834 1164 Τύμϐων
2855 1092 3040 1160 ὀστέα,
3077 1090 3307 1154 πλοῦτος
3335 1093 3498 1157 ἄπας.

2117 1186 2180 1238 Εἰ
2207 1185 2410 1258 χρυσοῦ
2444 1185 2607 1256 δόμος
2638 1181 2736 1256 ἦεν
2768 1185 2888 1247 ὅλος
2921 1184 3111 1253 τάφος,
3143 1178 3187 1238 ὦ
3221 1183 3532 1255 φιλόχρυσε,

2194 1278 2259 1330 10
2294 1276 2491 1330 Οἴη-τοτ’
2523 1276 2628 1329 ἔδει
2655 1275 2804 1344 τοίην
2831 1278 2989 1346 χεῖρα
3023 1275 3210 1346 φέρειν
3235 1275 3540 1345 φθιμένοις.

2117 1366 2268 1438 Λήθη
2293 1368 2386 1420 καὶ
2412 1366 2535 1436 σιγὴ
2562 1364 2768 1419 νεκύων
2795 1364 2992 1435 γέρας’
3013 1365 3088 1426 ὡς
3111 1361 3384 1428 ἀλάπαξεν

2191 1453 2383 1521 Οὗτος,
2407 1456 2538 1528 ὲμὺν
2564 1455 2778 1520 πολλοῖς
2804 1455 2970 1525 θῆκεν
2998 1455 3200 1525 ἄεισμα
3223 1455 3412 1523 τάφον.

2118 1551 2280 1604 Πάντ⁹
2307 1550 2459 1620 ἔχετε
2493 1548 2744 1612 ζώοντες.
2787 1547 2942 1618 Ἐμοὶ
2973 1547 3018 1600 δ’
3043 1547 3214 1617 ὀλίγοι
3242 1564 3302 1600 τε
3332 1546 3473 1617 φίλοι
3507 1564 3534 1599 τ

2186 1644 2329 1706 Λᾶες
2366 1641 2444 1711 τῷ
2475 1641 2737 1712 φθιμένῳ.
2762 1640 2946 1692 Φείδεο
2970 1640 3034 1693 σὺ
3064 1639 3274 1703 νέκυος.

2118 1733 2187 1787 15
2221 1733 2294 1786 Οὐ
2320 1731 2522 1804 χρυσοῦ
2560 1731 2723 1801 δόμος
2754 1730 2869 1801 εἰμί
2890 1747 2902 1760 ·
2938 1730 2991 1782 τί
3017 1730 3286 1800 τέμνομαι
3311 1727 3471 1792 αὐτὸς
3498 1728 3694 1798 ἕγωγες

2187 1824 2426 1896 Τύμϐος,
2448 1824 2506 1876 ὃν
2537 1823 2792 1894 ὀχλξζεις,
2832 1822 3063 1886 πλοῦτος
3097 1820 3231 1892 ἐμοῦ
3258 1821 3463 1885 νέκυος.

931 1986 1188 2056 Ligonem
1216 1985 1372 2040 mitte
1405 1986 1457 2056 in
1495 2000 1623 2039 arva
1653 2004 1665 2038 :
1694 1985 1788 2056 sed
1826 1999 1856 2037 a
1891 1999 2012 2038 meo
2046 1981 2238 2050 procul
2273 1979 2694 2056 estoscpulcro,

1010 2051 1138 2111 Esto
1163 2057 1375 2126 procul.
1405 2055 1550 2109 Nihil
1580 2055 1729 2108 aliud
1757 2056 1932 2126 habeo
1967 2061 2166 2126 przeter
2198 2051 2356 2104 valde
2395 2051 2566 2104 iratos
2600 2055 2867 2104 mortuos.

932 2126 990 2181 Si
1027 2136 1102 2186 te.
1134 2124 1316 2192 avare,
1346 2127 1681 2179 tumulorum
1717 2125 2031 2179 ell'ossorem
2069 2124 2172 2176 huc
2197 2135 2528 2192 sperasscm,

1005 2197 1168 2251 Palus
1199 2197 1287 2250 hic
1320 2206 1466 2250 certe
1498 2203 1551 2249 et
1585 2202 1705 2248 rota
1737 2195 2108 2265 pependisset.

933 2266 1000 2320 15
1039 2266 1178 2332 Quid
1207 2281 1293 2320 me
1325 2280 1511 2330 vexas,
1541 2260 1773 2319 vacuum
1809 2260 2118 2318 tumulum?
2147 2261 2284 2317 Ossa
2322 2260 2440 2316 sola

1003 2336 1168 2408 Tegn,
1190 2347 1246 2391 et
1272 2337 1514 2390 cinerem
1538 2335 1950 2390 accedentibus.

1861 2421 2015 2476 XCII.
2058 2420 2221 2474 Aliud
2241 2425 2278 2475 '.

931 2516 1198 2570 Tumulus
1223 2530 1323 2585 ego
1356 2522 1690 2585 tummoﬁrum
1722 2509 2212 2585 praestantissuuus
2239 2528 2251 2564 :
2283 2509 2378 2564 sed
2411 2524 2497 2564 me
2529 2509 2676 2579 rupit

1008 2585 1072 2640 Ut
1105 2583 1339 2655 aliquem
1366 2600 1395 2638 e
1425 2584 1616 2655 multis
1640 2583 2157 2655 homicidaJmanus.

933 2649 1216 2711 Homicida
1251 2670 1446 2708 manus
1475 2670 1560 2707 me
1587 2653 1877 2706 destruxit.
1905 2649 2392 2704 Cessate'tumulis

1006 2727 1282 2786 Mortales,
1316 2733 1370 2778 et
1399 2724 1696 2792 exsequiis.
1733 2720 1922 2792 Venite
1945 2721 2012 2792 ad
2039 2720 2331 2792 cadavera.
2363 2735 2551 2792 canes.

932 2797 965 2851 5
1002 2794 1194 2851 Venite
1218 2794 1284 2847 ad
1317 2790 1605 2859 cadavera,
1633 2808 1818 2846 canes.
1854 2791 1983 2844 Auri
2013 2791 2422 2859 conquisitores
2451 2790 2554 2842 viri

1000 2865 1121 2922 Jam
1153 2875 1207 2921 et
1232 2873 1574 2918 mortuorum
1604 2878 1830 2918 aureum
1865 2860 2131 2928 colligunt
2171 2862 2438 2914 cinerem.

1830 2956 2014 3012 XCIII.
2055 2955 2217 3009 Aliud

931 3056 1087 3111 Alius
1111 3056 1380 3110 tumulum
1408 3053 1583 3109 erexit
1609 3071 1622 3106 :
1658 3059 1714 3104 tu
1744 3067 1875 3105 vero
1903 3050 2246 3105 destruxisti.
2284 3051 2440 3104 Alius
2473 3050 2649 3119 erigat

1003 3127 1180 3181 Tuum
1215 3126 1504 3186 tumulum,
1544 3127 1589 3177 si
1618 3129 1800 3176 tamen
1830 3137 2046 3190 :equum
2073 3132 2186 3188 est;
2219 3122 2359 3175 alius
2392 3123 2544 3175 humi
2577 3130 2804 3176 stcruat.

931 3197 1050 3252 Jam
1080 3206 1133 3250 et
1161 3207 1404 3250 mortuos
1435 3192 1699 3248 invadunt
1729 3193 1846 3245 auri
1872 3191 2052 3260 cupidi
2077 3209 2093 3258 ;

1003 3266 1195 3336 Fugite
1229 3281 1259 3320 e
1291 3265 1540 3336 tumulis,
1575 3263 1618 3317 si
1651 3271 1913 3336 potestas,
1939 3276 1974 3336 ο
2007 3265 2229 3336 mortui.

931 3339 965 3392 5
1004 3332 1145 3400 Quid
1172 3351 1258 3389 me
1279 3335 1486 3389 vexas?
1512 3341 1853 3386 mortuorum
1885 3332 2156 3385 imbecilla
2193 3333 2373 3402 capita

1005 3407 1238 3460 Tantum
1267 3405 1546 3459 contineo.
1585 3402 1946 3455 Tumulorum
1975 3417 2123 3466 ossa,
2155 3404 2358 3456 divitiae
2386 3418 2600 3458 omnes.

930 3475 1156 3540 Geuios,
1183 3475 1275 3544 Qui
1305 3490 1392 3528 me
1420 3473 1724 3544 possident,
1753 3471 1896 3540 fuge.
1929 3469 2075 3524 Nihil
2100 3473 2242 3526 enim
2270 3475 2416 3527 aliud

1001 3540 1269 3599 Tumulus
1296 3540 1570 3599 contineo.
1611 3540 1971 3595 Tumuloruln
2005 3557 2155 3604 ossa,
2188 3544 2393 3598 divitiae
2428 3559 2642 3598 omnes.

930 3613 988 3668 Si
1028 3630 1194 3669 aurea
1223 3613 1421 3669 domus
1453 3620 1599 3668 esset
1629 3620 1804 3665 totum
1834 3610 1939 3663 hoc
1971 3609 2218 3674 bustum,
2248 3629 2282 3665 o
2311 3629 2496 3675 avare,

1001 3687 1067 3739 10
1104 3684 1213 3739 Nec
1247 3684 1330 3738 fas

1360 3683 1579 3753 quidem
1611 3689 1756 3736 esset
1781 3681 2012 3735 mortuis
2043 3681 2153 3753 vim
2186 3684 2347 3737 talem
2381 3685 2602 3738 inferre.

931 3755 1143 3824 Oblivio
1175 3763 1228 3809 et
1258 3752 1536 3824 silentium
1565 3760 1906 3824 mortuorum
1935 3752 2218 3824 pramium
2251 3771 2264 3806 :
2295 3754 2737 3824 quandoquidem
2776 3756 3012 3809 vastavit

1004 3823 1127 3887 Iste,
1159 3839 1338 3878 meum
1370 3823 1558 3877 multis
1588 3821 1824 3874 fabulam
1854 3821 1984 3874 fecit
2013 3821 2341 3889 sepulcrum.

934 3863 2345 3966 ιᾷδᾶἱῖὲὅέὅιῖὶξιίᾶἶῖέῦἔίε”,”ἶξίῖιέὖ¹ιῖέῗ’1ἰίἰὶιῖ
2377 3901 2431 3950 et
2460 3863 2640 3966 pauci,
2667 3903 2720 3950 et
2753 3894 2908 3950 chari

1004 3960 1498 4034 [ιῖιῆιιῶἷιιόἱωο.
1530 3960 1700 4015 Parce
1729 3969 1788 4014 tu
1813 3963 2105 4034 exstincto.

930 4037 999 4091 15
1039 4031 1154 4088 Non
1179 4048 1344 4088 aurea
1373 4033 1568 4087 domus
1599 4047 1720 4086 sum
1753 4050 1766 4084 :
1795 4031 1923 4099 quid
1951 4031 2182 4100 diripmr
2209 4031 2324 4101 ipse
2346 4034 2487 4101 ego?

1002 4103 1293 4168 Tumulus,
1319 4119 1478 4173 quem
1510 4102 1722 4171 dejicis,
1747 4101 1882 4154 mihi
1914 4109 2132 4155 mortuo
2157 4109 2285 4155 sunt
2307 4104 2527 4158 divitiae.

537 4247 726 4303 ‘Alias
754 4247 1017 4303 Murator.
1056 4248 1178 4302 181.
1261 4251 1298 4270 “
1331 4245 1480 4300 Alias
1508 4243 1772 4298 Murator.
1809 4240 1932 4295 182.

500 4411 572 4470 υξ).
593 4409 888 4471 Ζακότων,
915 4414 1022 4461 ctc.
1061 4405 1225 4461 Valde
1265 4405 1461 4458 iratum
1487 4403 1728 4456 cadaver.

1744 4518 2079 4582 METRICA
2105 4511 2402 4575 VERSIO.

430 4654 573 4728 Arva
598 4657 704 4726 ligo
729 4657 931 4728 pulset.
961 4655 1158 4712 Nostro
1188 4657 1379 4728 procul
1405 4664 1524 4713 esto
1559 4656 1831 4726 sepulcro,

506 4727 634 4781 Esto
665 4727 874 4796 procul.
907 4727 1132 4783 Cineres
1162 4727 1404 4798 possidet
1437 4729 1714 4798 iramcos.

433 4795 490 4850 Si
509 4805 571 4867 te
600 4795 703 4851 huic
736 4813 1062 4867 sperassem,
1101 4795 1435 4852 tumulorum
1463 4797 1693 4852 elfossor
1727 4811 1906 4861 avare,

503 4866 604 4921 llic
633 4866 790 4937 palus
834 4868 1097 4938 pendens,
1131 4881 1187 4922 et
1216 4879 1332 4923 rota
1363 4884 1506 4923 saeva
1535 4868 1699 4924 foret.

819 4959 906 5031 (Α.
945 4960 1012 5014 Β.
1053 4961 1267 5022 Caillau
1296 4961 1620 5031 interprete.)

430 5065 571 5132 Quid
594 5081 826 5121 vacuum
851 5082 1018 5123 vexas
1040 5069 1351 5122 tumulum?
1378 5067 1737 5122 Venientibus
1767 5082 1894 5122 ossa

501 5137 629 5191 Sola
661 5144 804 5209 tego,
833 5146 888 5194 et
913 5139 1152 5193 cinerem
1177 5155 1337 5209 quem
1370 5140 1505 5194 levis
1529 5153 1663 5193 aura
1692 5139 1854 5208 rapit.

1035 5265 1164 5306 xcu.
1206 5266 1390 5306 ALIUD.
1429 5250 1441 5318 Ι

629 5362 892 5435 \Salvinio
922 5376 1219 5436 interprete,
1251 5385 1284 5422 a
1314 5369 1465 5423 nobis
1487 5369 1809 5443 emendato.)

434 5471 567 5551 Su_I_n
603 5478 832 5551 tumulis
866 5481 1112 5537 tumulus
1135 5483 1292 5551 longe
1327 5482 1617 5538 sublimior
1646 5501 1660 5537 :
1694 5492 1749 5538 at
1781 5499 1869 5539 me

507 5545 762 5626 li‘upithut
790 5564 821 5603 e
859 5545 1254 5626 multisunum'
1277 5552 1546 5626 homicida
1579 5569 1794 5608 manus.

433 5611 833 5699 De's‘truxitOnie
862 5619 1132 5699 homicida
1162 5637 1376 5699 manus.
1405 5623 1629 5699 Qessate
1657 5623 1930 5694 sepulcris

505 5683 923 5757 Exsequiisque,
955 5690 1224 5745 homines.
1259 5691 1494 5757 Quaerite
1519 5683 1784 5755 membra,
1819 5708 2005 5751 canes.

435 5749 698 5838 Membra,
728 5749 1118 5838 caries-rabidi,
1149 5749 1458 5838 conq'uirite
1490 5774 1725 5838 mortua.
1757 5749 1940 5821 Bustis

500 5823 765 5880 Auratum
790 5828 1023 5886 cinerem
1051 5847 1183 5901 gens
1213 5823 1491 5888 silibunda
1520 5835 1673 5903 petit.

2712 4652 2864 4691 XCIII.
2914 4652 3094 4691 ALIUD.

2608 4706 2864 4777 (Salvim’o
2894 4707 3216 4779 interprete.)

2125 4783 2294 4851 Erigit
2329 4780 2416 4834 hic
2447 4782 2714 4851 tumulum
2744 4797 2756 4832 :
2790 4787 2846 4851 t_u
2877 4777 3368 4851 contradcstruis;
3396 4794 3542 4834 unus

2194 4847 2397 4921 Erigat,
2433 4857 2600 4921 atque
2621 4850 2759 4921 alter
2784 4847 3032 4903 destruat
3069 4849 3280 4921 huncce
3309 4849 3432 4904 tibi.

2122 4921 2244 4977 Vita
2277 4919 2396 4975 auri
2423 4920 2606 4989 cupidi
2635 4919 2922 4973 defunctos
2953 4920 3379 4988 aggrediuntur;

2195 4991 2471 5062 Aufugite,
2504 4990 2780 5062 exstincti,
2815 4991 3042 5062 si‘pote,
3075 4989 3143 5045 de
3172 4991 3418 5062 tumulis.

2507 5059 2590 5130 (A.
2637 5059 2709 5130 Β.
2741 5058 2954 5130 Caillau
2991 5059 3310 5127 interprete.)

2123 5131 2264 5198 Quid
2292 5139 2348 5186 tu
2385 5145 2472 5185 me
2509 5129 2716 5184 vexas?
2755 5129 2943 5183 Insunt
2965 5131 3096 5182 mihi
3121 5139 3338 5184 mortua
3359 5138 3570 5187 tantum

2190 5202 2454 5271 Corpora.
2483 5198 2698 5253 Divitiae
2726 5200 2934 5271 scilicet
2961 5214 3088 5254 ossa
3115 5216 3266 5271 meae.

2118 5269 2374 5327 Astantes
2399 5273 2522 5342 fuge
2551 5279 2607 5342 tu
2635 5271 2844 5342 genios.
2873 5269 2960 5322 Nil
2986 5270 3220 5338 amplius
3250 5269 3362 5324 illic

2188 5342 2280 5396 Est
2304 5339 2698 5395 mihiCDivitiae
2728 5339 2935 5393 scilicet
2961 5353 3084 5394 ossa
3117 5355 3269 5394 meai.

2116 5412 2298 5467 Aurea
2328 5413 2374 5466 si
2410 5420 2583 5466 totum
2619 5411 2721 5463 hoc
2755 5411 2972 5464 bustum
3009 5409 3206 5464 domus
3232 5415 3399 5476 esset,
3435 5423 3624 5476 avare,

2188 5482 2298 5537 Nec
2329 5485 2377 5537 vi
2409 5481 2697 5535 defunctos
2731 5478 2811 5534 fas
2839 5482 3042 5548 agitare
3073 5477 3230 5535 foret.
3497 5546 3502 5550 φ

2117 5551 2346 5606 Praemia
2383 5552 2656 5606 defunctis
2688 5558 2817 5605 sunt
2849 5553 2958 5603 alta
2991 5550 3206 5604 silentia
3241 5551 3457 5616 noctis;

2190 5622 2276 5676 Fit
2303 5622 2466 5676 modo
2505 5621 2599 5676 sed
2630 5623 2845 5674 bustum
2875 5621 3054 5673 fabula
3087 5636 3222 5674 vana
3249 5621 3471 5676 cadens.

2118 5693 2314 5748 Omnia
2344 5692 2454 5745 sint
2477 5693 2637 5746 vivis.
2669 5689 2834 5744 Pauci
2869 5691 3132 5759 charique
3159 5697 3454 5761 supersunt

2187 5763 2257 5816 Mi
2289 5761 2518 5832 lapides.
2550 5761 2761 5815 Functo
2791 5762 3002 5832 parcite
3033 5763 3173 5832 luce,
3198 5777 3412 5830 precor.

2119 5836 2297 5903 Aurea
2327 5827 2436 5886 non
2473 5832 2631 5903 sedes
2659 5847 2760 5903 ego
2788 5827 2929 5886 sum.
2972 5830 3115 5903 Quid
3143 5827 3331 5886 vastor
3362 5827 3594 5903 inique?

2192 5902 2361 5964 Quem
2387 5900 2561 5965 laedis,
2596 5902 2725 5957 sola:
2755 5910 2882 5958 sunt
2907 5903 3040 5958 mihi
3069 5901 3263 5973 cippus
3289 5917 3444 5972 opes.
