4098 6340
467 359 570 416 139
1256 349 1593 405 ΑΡΡΕΝΜΧ
1636 349 1722 403 AD
1765 348 1820 403 S.
1857 343 2085 401 GREGO

1256 349 1593 405 APPENIHX
1636 349 1722 403 AD
1765 348 1820 403 S.
1857 343 2182 401 GREGORII
2223 342 2467 396 TIIEOL.
2509 342 2840 398 CARMINA.

462 473 586 528 Οὐδ’
617 471 682 526 ἂν
721 471 875 540 γένος
905 469 1102 522 ὄλωλεν
1133 467 1432 539 ἀνθρώπων
1464 468 1630 527 ἅπαν,

458 565 530 619 20
567 565 677 618 Καὶ
703 563 795 617 τὸν
833 561 1069 615 Δυνατὸν
1100 558 1351 613 ἁλθανείν
1382 557 1568 610 ἔπεισέ
1601 573 1734 619 πως,

473 655 792 724 ’Λγαοότητι
823 651 1033 722 δαπέδῳ
1059 651 1336 711 κατιέναι,

464 747 684 811 Καινῶς
707 743 1042 817 βῳτωθῆναί
1069 760 1130 796 τε
1161 743 1254 794 καὶ
1290 740 1480 810 τλῆναι
1515 737 1684 799 πάθος
1709 752 1723 765 ·

465 837 588 891 Οὐδ’
619 837 684 890 ἂν
715 834 827 903 ὲγὼ
860 834 1078 903 πέφυκα
1110 833 1291 902 μήτηρ
1326 826 1621 899 Παρθένος,

469 926 582 980 Καὶ
609 926 704 981 νῦν
734 925 924 979 ἔκλυον
955 923 1080 976 Υίδν
1107 920 1360 974 ἕλκεσθαι
1393 919 1572 988 κρίσει

465 1021 538 1078 25
561 1019 846 1093 Οὐράνιον,
884 1020 1070 1087 γήϊνον
1093 1054 1106 1072 .
1141 1013 1412 1082 ἀκραιφνῆ
1446 1011 1652 1077 γοναῖς,

480 1113 625 1165 Ἰδεῖν
649 1110 695 1164 τ’
724 1107 973 1178 ἔφριττον
1003 1102 1151 1156 τόνδε
1176 1098 1608 1169 καθυϐρισμένον
1625 1136 1638 1158 ,

471 1205 637 1273 Ἀτερ
669 1198 844 1254 δαλῶν
869 1196 1127 1268 φέρουσα,
1157 1192 1289 1262 cpe-:6!
1319 1191 1498 1260 δεινὴν
1529 1189 1702 1259 φλόγα
1724 1229 1739 1251 ,

472 1293 546 1346 "il
581 1291 784 1362 σφόδρα
821 1287 1120 1360 μαιμάσσει
1153 1299 1218 1354 με
1252 1282 1343 1334 καὶ
1374 1279 1589 1350 στροϐεῖ
1617 1281 1777 1351 κέαρ,

468 1383 580 1436 Kal
609 1379 834 1452 καρδίαν
865 1377 1073 1439 δίεισιν,
1116 1374 1191 1436 ὠς
1221 1373 1451 1442 ρόπτρον
1478 1371 1640 1440 μέγα,

463 1473 536 1528 '50
567 1471 654 1534 Ὦς
685 1467 965 1540 νητρεκῶς
998 1466 1132 1536 ήῦσε
1166 1459 1390 1533 Συμεὼν
1420 1460 1619 1532 γέρων,

465 1561 844 1636 Τηλεσκόποις
873 1558 1084 1631 ὄμμασι
1114 1557 1332 1618 πάντως
1367 1551 1704 1623 προόλέπων.

2073 471 2118 525 Α
2149 457 2223 513 ἾΙ
2258 479 2359 512 που
2393 459 2623 530 μεγίστη
2649 460 2856 527 γίνεται
2889 457 3150 528 σωτηρία,

2151 552 2317 604 Ὅταν
2346 550 2482 620 γυνὴ
2515 548 2650 619 πρὸς
2671 547 2837 618 ἄνδρα
2875 546 2950 617 μὴ
2974 547 3283 617 διχοστατῇ,

2149 641 2229 694 Τὰ
2256 641 2433 694 πάντα
2466 641 2822 712 συμφέρουσα
2848 639 2993 710 τῷδ’,
3027 639 3216 710 ὥσπερ
3251 639 3431 707 Θέμις,

2149 730 2218 785 55
2251 729 2404 800 Μηδὲ
2443 730 2578 800 πρὸς
2609 729 2769 783 ἄλλου
2812 729 3088 800 πάρφασίν
3111 747 3234 782 τινα
3255 729 3428 801 κλύῃ,

2161 821 2301 874 Ἀλλ’
2336 821 2449 874 ἔστι
2476 821 2863 892 συμφρονοῦσα
2902 821 3104 892 γνησίῳ
3135 821 3308 874 πόσει.

2149 913 2264 966 Νῦν
2300 913 2343 966 δ’
2368 912 2537 984 ἐχθρὰ
2561 913 2760 975 πάντα,
2789 913 2882 967 καὶ
2902 915 3048 966 νοσεῖ
3079 911 3146 964 τὰ
3176 911 3385 982 καίρια,

2151 1005 2334 1073 Αὐτῆς
2362 1003 2666 1076 προδούσης
2693 1003 2881 1076 ἄνδρα,
2911 1005 3002 1057 καὶ
3038 1005 3269 1076 κράτους
3295 1005 3471 1068 κλέος.

2151 1095 2301 1150 Φιλεῖ
2319 1096 2428 1167 γὰρ
2457 1096 2613 1168 ὓϐρις
2651 1099 2684 1168 ὴ
2711 1097 2879 1152 πάλαι
2909 1098 3113 1150 τίκτειν
3143 1098 3288 1150 νέαν.

2155 1185 2225 1238 40
2266 1185 2361 1239 Ἐκ
2399 1185 2649 1257 δακρύων
2676 1186 2887 1256 δάκρυα
2916 1186 3317 1250 καταλείϐεται,

2155 1269 2257 1330 Ὧν
2283 1273 2407 1328 οὔτε
2442 1275 2664 1346 μέτρον,
2691 1275 2802 1328 οὔτ’
2841 1276 3072 1347 ἀριθμός
3097 1277 3213 1329 ἐστί
3239 1293 3342 1339 τις.

2159 1368 2332 1440 Κακῷ
2363 1367 2472 1438 γὰρ
2505 1367 2673 1452 κακὸν
2709 1368 2789 1430 είς
2819 1367 3047 1438 ἅμιλλαν
3085 1367 3322 1439 ἔρχεται.

2160 1459 2320 1513 Ὅθεν
2353 1461 2544 1513 πότνια
2573 1457 2733 1528 φύσις
2760 1459 3081 1530 ἠτιμωμένη

2158 1551 2342 1604 Στένει
2371 1550 2610 1604 κλάουσα
2643 1548 2924 1620 συμφορὰς
2961 1547 3344 1620 πεφυρμένας,

971 1736 1158 1808 Neque
1187 1738 1500 1808 universum
1527 1735 1780 1806 periisset
1811 1734 2090 1808 hominum
2130 1745 2324 1808 genus,

973 1808 1045 1862 20
1069 1797 1268 1877 'Neque
1301 1797 1743 1876 Omnipdlentem
1779 1804 1980 1877 mederi
2017 1797 2252 1877 quodam
2282 1797 2443 1853 modo
2472 1799 2760 1869 coegisset,

973 1877 1092 1947 Pra:
1117 1871 1217 1933 sua
1251 1871 1584 1947 benignitate
1619 1877 1674 1928 in
1712 1886 1911 1947 terram
1941 1871 2295 1947 descendere,

972 1946 1124 2002 Novo
1157 1947 1318 2002 modo
1343 1943 1616 2000 hominem
1647 1944 1892 2008 induere,
1934 1953 1988 1998 et
2021 1943 2205 1998 subire
2234 1947 2463 1996 mortem
2492 1959 2506 1994 :

971 2016 1160 2088 Eque
1189 2017 1307 2088 ipsa
1329 2017 1663 2088 exstitissem
1689 2013 2117 2088 _Virgo_pa_rens,

972 2077 1159 2157 Neque
1187 2077 1335 2142 n'une
1361 2087 1607 2141 audirem
1637 2085 1703 2138 ad
1737 2077 2003 2152 supplicia
2031 2081 2172 2157 tralii
2202 2077 2403 2134 Filium

972 2157 1044 2213 25
1071 2151 1385 2218 Caelestem,
1419 2165 1722 2216 terrenum,
1756 2151 1950 2222 purum
1982 2151 2257 2206 natalibus
2284 2169 2297 2222 ς

974 2228 1081 2280 Aut
1111 2227 1388 2280 liorrerem
1419 2227 1611 2280 videns
1650 2219 1826 2292 ipsum
1860 2222 2078 2291 injuriis
2113 2219 2450 2281 lacessitum,

973 2299 1196 2366 Absque
1230 2295 1348 2350 face
1388 2294 1589 2355 ferens.
1622 2295 1756 2366 elieu
1780 2295 1791 2346 ι
1819 2294 1999 2366 diram
2028 2294 2325 2366 ﬂammam,

971 2359 1478 2434 Quaa'veliementer
1507 2380 1593 2419 me
1618 2363 1874 2434 absumit,
1907 2366 2211 2434 evertitque
2245 2359 2502 2422 animam,

976 2432 1044 2490 Et
1073 2445 1262 2506 pectus
1296 2435 1588 2502 transﬁgit,
1625 2433 1859 2506 ingentis
1887 2433 2048 2500 gladii
2083 2432 2280 2493 instar,

980 2508 1051 2561 '50
1075 2501 1160 2562 ὐι
1183 2522 1306 2558 vere
1329 2501 1657 2558 valicinatus
1686 2512 1770 2556 est
1806 2501 2025 2556 Simeon
2062 2516 2250 2564 senex,

981 2575 1434 2646 1210-1211
1479 2574 1519 2646 Ε
1557 2573 1857 2646 longinquo
1883 2571 2234 2646 cernentibus
2266 2571 2445 2626 oculis
2473 2583 2599 2624 omn

1479 2574 1519 2646 Ε
1557 2573 1857 2646 longinquo
1883 2571 2234 2646 cernentibus
2266 2571 2445 2626 oculis
2473 2567 2657 2624 omnia
2695 2571 3059 2644 prospiciens.

977 2641 1139 2700 Ceit—e
1154 2641 1579 2699 ἶιιιῖχᾟῶιίετιιιιε
1609 2654 1691 2698 est
1715 2641 2002 2712 (conjugi),

978 2715 1206 2782 Quando
1233 2715 1432 2783 eonjux
1464 2730 1494 2768 e
1518 2715 1711 2767 marito
1741 2727 1847 2766 non
1871 2711 2122 2783 dissidet.

983 2789 1168 2855 Ipsum
1204 2782 1471 2854 adjuvans
1501 2784 1554 2836 in
1587 2783 1845 2855 omuire,
1873 2791 1931 2834 ut
1952 2782 2131 2855 decet,

981 2851 1053 2910 '55
1079 2855 1185 2910 Nec
1212 2851 1285 2909 ab
1299 2856 1426 2917 alio,
1457 2869 1566 2922 quo
1587 2854 1911 2920 decipiatur,
1949 2852 2245 2922 quidquam
2270 2851 2444 2914 audit.

985 2925 1092 3005 ξω
1118 2928 1352 2994 genuino
1382 2939 1586 3005 sponso
1615 2925 1933 3004 assentitur.

982 2991 1142 3050 Nune
1167 3010 1295 3049 vero
1320 2991 1500 3048 omnia
1535 3003 1663 3047 sunt
1692 2993 1932 3053 inimica,
1964 2999 2017 3045 et
2045 2991 2295 3045 laborant
2319 2992 2615 3062 przeeipua,

976 3064 1054 3136 Ex
1079 3081 1186 3136 quo
1213 3080 1371 3136 suum
1401 3063 1639 3136 prodidit
1673 3063 1869 3125 virum,
1896 3063 2090 3131 suique
2117 3065 2328 3132 imperii
2357 3064 2548 3118 decus.

985 3133 1137 3189 Solet
1169 3139 1314 3190 enim
1348 3134 1548 3202 injuria
1578 3140 1735 3186 vetus
1768 3146 1958 3200 parere
1982 3147 2199 3187 novam.

975 3206 1048 3276 40
1077 3205 1351 3276 Lacryma:
1384 3205 1592 3276 stillant
1613 3219 1677 3256 ex
1710 3202 1986 3271 laerymis,

977 3273 1231 3340 Quarum
1246 3291 1420 3343 neque
1448 3273 1660 3334 modus.
1689 3288 1862 3338 neque
1894 3287 2156 3343 numerus
2191 3279 2298 3328 est.

978 3345 1058 3399 Ex
1089 3345 1230 3399 malo
1254 3341 1400 3400 enim
1432 3344 1632 3396 malum
1666 3344 1718 3396 in
1753 3357 1988 3410 pugnam
2013 3341 2255 3399 advenit.

980 3414 1120 3469 Hinc
1147 3417 1287 3468 alma
1315 3423 1509 3468 natura
1537 3413 1800 3466 dedecore
1823 3410 2101 3474 confecta,

984 3485 1296 3556 lngemiscit
1327 3483 1532 3539 deﬂens
1564 3483 1714 3536 varia
1743 3482 2116 3536 calamitatum
2144 3482 2382 3554 agmina,

3628 331 3734 394 ιω

547 3661 614 3716 2|
643 3660 882 3737 Δαετέδῳ
905 3662 1186 3737 κατιέναι.
1209 3663 1274 3718 1η
1299 3674 1493 3718 terram
1518 3663 1872 3737 descenderet,
1894 3683 2054 3721 novo-
2163 3705 2165 3717 ι

2163 3670 2452 3726 commodis
2486 3668 2722 3724 studens.
2751 3667 3000 3722 Genuina
3028 3667 3259 3737 hujusce
3289 3665 3444 3722 vocis
3466 3667 3733 3737 acceptio.

477 3749 584 3804 que
638 3732 789 3786 modo
843 3733 1013 3804 factus
1060 3733 1212 3788 homo
1244 3746 1463 3790 mortem
1497 3735 1690 3801 ferret,
1729 3746 1787 3789 ut
1815 3751 1929 3790 suae
1959 3739 2056 3792 be-

491 3803 744 3873 nignitati
771 3803 1137 3873 satisfaceret.

564 3871 634 3927 28
664 3871 1001 3940 Μαιμάσσει
1022 3891 1115 3942 με.
1139 3874 1402 3940 Absumit,
1431 3877 1902 3937 καταδαπανᾶται,
1932 3893 2060 3930 κατ-

488 3943 786 3998 αναλίσκει.
837 3941 958 3998 Mox
985 3941 1239 4012 στροϐεῖ,
1284 3946 1443 4010 δονεῖ,
1489 3949 1687 4011 turbat,
1721 3947 1902 4001 evertit
1945 3949 2062 4000 ani-

489 4031 653 4068 mum.

557 4084 627 4156 29
678 4085 985 4154 Ῥόπτρον.
1022 4083 1210 4156 Clara,
1243 4102 1434 4140 manus
1465 4087 1658 4156 ferrea.

658 4157 1080 4227 τηλεσκόποις.
1107 4154 1251 4211 Edil.
1281 4154 1540 4212 mendose
1569 4157 1950 4227 τηλευκόποις.

563 4223 632 4297 ὅζ
671 4221 752 4297 ΪΗ
772 4239 897 4290 που,
911 4225 1188 4297 μεγίστῃ,
1217 4235 1323 4280 etc.
1362 4228 1439 4281 Ita
1471 4221 1670 4283 Medea:
1699 4227 1886 4282 nutrix
1917 4228 2062 4297 apud

496 4290 745 4364 Euripid.
774 4290 927 4364 vers.’
952 4290 1038 4357 M,
1071 4290 1156 4347 15.

567 4363 651 4415 Μ
678 4365 752 4416 Ta
780 4363 976 4417 πάντα
1023 4365 1435 4434 συμφέρουσα,
1465 4377 1572 4421 etc.
1627 4366 1691 4420 In
1720 4365 1959 4420 omnibus
1988 4366 2072 4418 illi

499 4431 779 4499 obsequens
813 4450 832 4486 :
860 4435 916 4487 in
969 4451 1078 4488 rem
1103 4431 1250 4505 'eju's
1301 4437 1481 4490 omnia
1519 4438 1813 4507 conferens,
1860 4439 2073 4506 ejusque

499 4818 753 4892 Jam'non
788 4837 960 4892 genus
981 4823 1260 4877 hominum
1287 4821 1583 4878 occidisset
1613 4822 1843 4891 perdite,

507 4891 617 4962 [Vae
661 4894 754 4961 qui
782 4891 984 4947 mederi
1007 4903 1115 4948 tam
1145 4894 1294 4962 gravi
1333 4895 1524 4947 morbo
1558 4901 1757 4961 potest,

503 4960 778 5030 impulsus
804 4971 949 5017 esset
970 4974 1028 5016 ιιι
1066 4960 1204 5016 nova
1234 4963 1521 5016 clementia

511 5029 772 5101 l_)elapsus
803 5033 1022 5088 isthune
1060 5033 1112 5085 in
1137 5033 1336 5095 locum,
1363 5048 1505 5086 noro
1535 5031 1697 5086 modo

509 5097 708 5155 Factus
730 5102 910 5165 homo,
935 5111 1136 5157 nostrae
1159 5119 1220 5156 se
1245 5104 1394 5155 cruci
1424 5103 1795 5156 submitteret:

509 5169 620 5242 [fec
649 5182 822 5226 mater
837 5188 1016 5226 essem
1043 5170 1230 5242 Virgo,
1256 5188 1356 5226 nec
1383 5174 1522 5225 cmlo
1555 5183 1760 5236 satum,

512 5237 790 5309 Terraque
822 5252 1032 5305 natum,
1059 5237 1365 5302 innoxium,
1391 5242 1666 5296 natalibus

512 5306 740 5381 Puruni,
771 5312 911 5381 trahi
945 5311 1057 5378 jam
1088 5312 1155 5366 ad
1185 5311 1472 5380 supplicia,
1503 5312 1701 5366 misera
1739 5326 1938 5381 parens

513 5379 793 5450 Audirem,
825 5390 879 5436 et
901 5380 996 5434 illo
1030 5379 1270 5436 lacerum
1294 5379 1430 5434 eum
1461 5379 1759 5450 aspicerem
1789 5383 1974 5448 modo,

512 5447 634 5512 Quo
671 5464 816 5503 nunc
847 5450 1103 5505 inhorreo
1122 5451 1336 5514 videns,
1365 5451 1476 5510 illa,
1509 5447 1600 5503 illa
1633 5465 1734 5519 ego

514 5521 646 5581 Quae
728 5527 886 5587 porto
959 5519 1231 5576 ﬂammam
1299 5534 1594 5589 magnam,
1653 5530 1708 5573 et
1781 5519 2084 5664 ardﬁntem,

1925 5607 2020 5648 aee

1925 5607 2020 5648 aee

513 5653 696 5730 l_.‘i_ul_la,
727 5673 846 5726 qua:
868 5659 1070 5727 adurit,
1105 5675 1227 5730 quae
1247 5675 1426 5714 meum
1455 5674 1548 5712 cor
1572 5658 1808 5730 trajicit,

514 5722 766 5800 figitque
801 5722 1066 5799 tanquam'
1097 5722 1309 5800 g'ladius
1345 5730 1446 5800 alti
1479 5722 1722 5797 cuspide,

517 5793 768 5850 b‘a'itidico
799 5808 856 5851 ut
888 5793 985 5856 dre
1017 5793 1212 5855 cuncta
1251 5793 1770 5869 praevidens'procul

2159 3740 2277 3794 Non
2310 3742 2383 3794 ita
2419 3757 2477 3794 se
2497 3743 2663 3810 gessit
2694 3739 2824 3810 Era.
2862 3737 3128 3810 Sic__llled.
3159 3753 3307 3810 vers.
3339 3738 3435 3810 13,
3450 3747 3561 3810 etc.

2233 3810 2302 3864 55
2325 3806 2888 3878 Μηδέῖττρὸςάιλλου.
2937 3807 3118 3877 Neque
3163 3809 3348 3876 fallaci
3381 3807 3479 3860 ulli
3511 3806 3740 3861 sermoni

2166 3895 2346 3934 aurem
2381 3880 2610 3932 adhibet.

2239 3951 2304 4004 37
2334 3949 2464 4004 Νῦν
2479 3949 2530 4001 δ’
2549 3949 2752 4018 ἐχθρά,
2780 3948 2920 4003 Med.
2940 3964 3084 4003 vers.
3128 3948 3214 4003 16.

2235 4021 2309 4074 40
2370 4020 2470 4073 Ἐκ
2513 4015 2786 4086 δάὶρύων
2836 4019 3085 4086 δάκρυα.
3145 4019 3235 4072 Sic
3291 4017 3430 4086 apud
3493 4015 3738 4086 Euripid.

2171 4088 2368 4144 Troad.
2411 4088 2650 4152 Hecuba,
2683 4105 2826 4143 vers.
2865 4091 2990 4152 601,
3018 4089 3122 4141 616
3156 4098 3208 4142 et
3239 4087 3362 4140 6l7.

2227 4159 2297 4213 42
2336 4157 2508 4224 Κακῷ
2533 4158 2642 4228 γὰρ
2673 4159 2877 4212 κακόν.
2923 4159 3012 4211 Sic
3049 4157 3181 4212 Hec.
3205 4173 3347 4211 vers.
3381 4155 3486 4210 608
3515 4171 3530 4207 :

2531 4250 2733 4320 Ἕτερα
2759 4249 2803 4300 δ’
2837 4250 2927 4320 αφ’
2960 4249 3164 4318 ἐτέρων

2529 4318 2692 4372 Κακὰ
2724 4318 2911 4370 κακῶν
2936 4321 3112 4386 κυρεῖ.
3215 4370 3218 4373 ,

2316 4409 2440 4463 Alia
2467 4408 2532 4463 ab
2557 4409 2680 4462 aliis
2705 4409 2847 4461 mala
2887 4409 3044 4461 malis
3072 4409 3329 4461 incidunt.

1831 4636 2163 4696 METRICA
2207 4636 2503 4697 VERSIO.

2106 4829 2151 4888 Β
2183 4819 2347 4876 Vates
2378 4820 2599 4875 Simeon
2627 4821 2852 4890 protulit
2878 4837 3005 4876 vere
3029 4835 3218 4876 senex.

2181 4891 2318 4962 Tum
2347 4907 2537 4960 magna
2575 4900 2723 4944 certe
2753 4901 2974 4962 tutaque
3000 4901 3084 4946 est
3114 4893 3285 4962 salus,
3303 4905 3405 4946 suo

2183 4960 2239 5013 Si
2271 4962 2544 5014 dissidens
2576 4977 2852 5030 nunquam
2887 4960 3026 5014 uxor
3056 4976 3084 5012 a
3122 4961 3260 5022 viro,
3287 4961 3472 5015 omnia

2181 5030 2331 5085 Illius
2361 5031 2518 5084 aliert
2553 5034 2606 5084 in
2637 5032 2840 5092 sinum,
2867 5040 3050 5100 atque,
3081 5039 3139 5083 ut
3181 5031 3434 5094 addecet,

2180 5100 2392 5155 Nullius
2431 5101 2655 5155 alterius
2689 5101 2742 5153 in
2775 5117 2936 5154 aures
2959 5116 3120 5169 quam
3154 5103 3278 5167 viri,

2181 5170 2430 5225 Concors
2466 5172 2551 5222 eui
2579 5172 2669 5231 sit,
2705 5171 2870 5223 verba
2892 5172 3130 5238 prudens
3160 5170 3384 5239 excipit.

2182 5241 2385 5294 lnl'esta
2415 5247 2607 5294 contra
2639 5250 2836 5294 cuncta
2859 5255 3005 5294 nunc
3039 5240 3312 5294 letlialiter

2184 5309 2392 5375 Ruunt,
2424 5311 2678 5362 maritum
2719 5325 2785 5362 ex
2823 5325 2931 5378 quo
2965 5326 3121 5363 suum
3152 5319 3205 5362 et
3237 5311 3319 5363 sui
3349 5307 3546 5379 imperi

2187 5379 2365 5434 Decus
2391 5395 2646 5448 perenne,
2679 5381 3016 5448 gloriamque
3045 5381 3304 5447 prodidit.

2188 5449 2417 5514 Quando
2450 5458 2606 5503 vetus
2638 5449 2838 5517 injuria
2889 5465 3080 5518 parere
3130 5465 3326 5502 novam
3389 5449 3546 5511 solet,

2190 5519 2257 5590 Et
2283 5520 2692 5590 subsequuntur
2721 5520 2988 5590 lacrymas
3013 5521 3266 5588 laeryma:
3299 5519 3507 5580 alterm,

2175 5588 2360 5653 -Queis
2387 5605 2486 5642 nec
2515 5588 2708 5642 modus
2736 5587 2962 5651 sit,'nec
2991 5587 3253 5643 numerus
3285 5591 3431 5642 ullus
3466 5607 3478 5641 :
3511 5587 3655 5640 malo

2193 5657 2331 5728 Diam
2347 5673 2560 5726 semper
2589 5659 2731 5711 aliud
2765 5661 2963 5712 crescit
2994 5661 3048 5711 in
3085 5675 3317 5728 pugnam
3349 5673 3557 5713 eomes.

2193 5726 2332 5782 Hine
2365 5728 2631 5782 dedecore
2667 5730 2912 5781 coniecta
2957 5726 3428 5797 iialura'ingmnii.

2196 5797 2538 5858 Veneranda,
2567 5799 2770 5853 dellens
2793 5815 3017 5854 casuum
3051 5799 3212 5854 mista
3233 5801 3472 5852 nemina.
