4098 6340
413 333 512 389 Mi

413 430 486 486 ιδ
518 425 777 496 Διαδοχάς
807 439 865 479 τε
894 427 1004 480 τῶν
1041 426 1363 498 ἀφερτάτων
1399 425 1574 480 πόνων
1599 465 1615 490 ,

415 521 522 573 Τὸν
555 520 733 572 πάντα
765 520 1104 587 συντήκουσα
1129 517 1386 590 δακρύοις
1417 517 1607 588 χρόνον
1626 557 1640 579 ,

428 614 584 666 Ἐπεὶ
614 612 753 683 πρὸς
785 610 998 680 ἐχθροῖς
1024 610 1212 681 ᾔσθετ’
1246 611 1572 682 ἠδικημένη,

416 705 530 757 Καὶ
563 703 768 772 μητρὸς
799 701 972 772 αὐτῆς
1004 702 1398 772 πρωτοπήμονι
1426 701 1634 774 βλάϐῃ,

417 797 630 866 Πατρός
665 795 712 847 θ’
740 795 1131 857 ὐποκλίναντος
1163 789 1294 857 οὖας
1323 795 1523 865 μήτερι
1547 834 1562 858 ,

417 889 486 941 54)
509 883 608 939 Ὧν
640 887 840 949 πάντες
864 887 1030 957 ἐσμὲν
1057 888 1106 939 οἱ
1130 886 1271 940 κατὰ
1309 885 1452 956 χθόν’
1483 885 1716 954 ἔκγονοι.

495 980 601 1050 Boi
633 980 730 1050 μὲν
754 980 970 1050 ὅρκους,
995 977 1256 1032 ἀνακαλεῖ
1286 977 1488 1042 δεξιᾶς,

423 1072 612 1124 Πίστιν
645 1071 906 1142 μεγίστην
939 1071 1032 1124 καὶ
1056 1070 1190 1123 Θεὸν
1223 1068 1560 1141 μαρτύρεται
1581 1086 1594 1096 ·

421 1165 604 1231 Ἔγνω
638 1165 784 1234 καὶὴ
813 1163 1043 1217 τάλαινα
1074 1162 1372 1234 συμφορῶν
1399 1161 1526 1223 ὕπο,

420 1249 546 1307 υἷον
582 1254 842 1325 πατρῴαν
874 1253 950 1326 μὴ
982 1254 1157 1307 λιπεῖν
1191 1253 1379 1306 ἐσθλὸν
1407 1251 1603 1323 χθόνα·

421 1343 492 1398 55
519 1347 714 1414 Στυγεί
741 1345 798 1398 δὲ
828 1345 1054 1416 κόσμον,
1087 1345 1196 1398 οὐδ’
1219 1343 1383 1415 ὁρῶσ’
1416 1341 1787 1414 εὐφραίνεται.

1758 325 2106 387 CHRISTUS
2142 327 2455 386 PATIENS.

2030 437 2072 489 Α
2105 427 2197 490 Εἰς
2221 426 2379 480 τοῦτο
2411 426 2518 496 γὰρ
2548 425 2640 477 νῦν
2672 425 2924 494 ὲκὸἐϐηκ¹
2965 423 3278 494 ἀλγηδόνος,

2111 517 2260 571 Ὢσθ’
2292 519 2480 589 ἵμερός
2506 518 2558 588 μ’
2603 517 2828 587 ὑπῆλθε,
2863 521 2931 587 γῇ
2960 535 3017 570 τε
3052 519 3144 570 καὶ
3170 519 3316 588 πόλῳ

2107 612 2272 677 Δέξαι
2314 611 2578 682 μολούσας
2602 609 2760 680 δεῦρο
2790 610 3003 679 φύσεως
3035 609 3256 679 βλάϐας.

2107 703 2272 756 Οὔπω
2293 703 2400 774 γὰρ
2434 702 2714 772 ἠτάλαινα
2747 701 2978 752 παύεται
3017 701 3206 766 γόνων,

2105 797 2176 849 60
2213 795 2504 854 Τίκτουσα,
2538 793 2612 862 μὴ
2650 793 2931 857 τίκτουσα,
2966 793 3217 861 φεύγουσ’
3257 788 3323 845 αὖ
3362 793 3570 857 τόκους.

2107 887 2333 957 Δύστην’
2357 901 2370 915 ⁸
2403 887 2645 956 ἐμαυτὴν
2671 886 2778 953 γὰρ
2801 884 2962 950 λέγω,
2991 883 3224 950 λέγουσά
3250 901 3329 948 σε,

2108 977 2432 1030 Τίκτουσαν.
2465 977 2525 1029 οὐ
2556 976 2867 1040 τίκτουσαν,
2894 976 2970 1036 ὡς
2994 976 3133 1044 ὑπὲρ
3161 975 3336 1043 λόγον.

2107 1067 2276 1119 Τὸκον
2297 1065 2406 1138 γὰρ
2431 1064 2601 1132 ἔγνων
2628 1064 2821 1117 ἄτοκον
2845 1079 2857 1091 ·
2890 1064 2942 1114 τί
2976 1062 3083 1132 γὰρ
3115 1064 3341 1133 φράσω;

2109 1157 2311 1220 Πόνους
2339 1156 2586 1224 φυγοῦσα
2613 1155 2705 1208 καὶ
2729 1153 2934 1223 φθορὰν
2967 1153 3062 1207 νῦν
3083 1153 3178 1206 καὶ
3204 1151 3370 1224 πάθη.

2109 1249 2180 1303 65
2210 1249 2322 1301 Οὐκ
2356 1243 2473 1300 οἴδα
2505 1245 2714 1318 τέρψιν,
2746 1245 2853 1297 οὐδ’
2887 1243 3146 1314 ἐπίψογον
3171 1243 3330 1312 φάτιν

2109 1341 2267 1402 Τινὸς
2297 1339 2432 1410 πρὸς
2457 1339 2644 1409 ἀνδρὸς
2679 1338 2895 1408 μᾶλλον,
2926 1337 2959 1408 ἢ
2999 1336 3198 1407 χαλκὸς
3237 1336 3429 1408 βας-ἀς.

921 1521 992 1598 έὸ
1017 1517 1518 1598 successionesque
1544 1517 1966 1598 intolerabilium
2001 1519 2292 1578 malorum.
2376 1585 2389 1598 .

921 1590 1082 1643 Omni
1119 1597 1363 1657 tempore
1391 1589 1646 1658 lacrymis
1671 1589 2073 1650 contabefacta,

921 1659 1218 1729 Postquam
1236 1655 1312 1712 ab
1340 1655 1593 1714 hostibus
1623 1659 2005 1712 animadvertit
2030 1675 2090 1714 se
2125 1657 2322 1729 injuria
2349 1655 2620 1729 allectam,

923 1730 989 1800 Et
1023 1725 1197 1800 ipsius
1224 1731 1467 1799 parentis
1489 1729 1723 1800 primum
1749 1729 2008 1782 damnum
2037 1729 2140 1800 sibi
2165 1727 2437 1800 all'crentis
2471 1725 2612 1791 labe,

924 1798 1366 1869 Seductioneque
1385 1798 1557 1868 patris
1581 1813 1743 1854 aures
1779 1798 2248 1869 accommodantis
2277 1799 2460 1869 matri,

922 1871 992 1925 50
1020 1867 1480 1936 Quorum'omiies
1503 1879 1704 1923 terram
1731 1868 1973 1924 colentes
2000 1883 2192 1922 sumus
2220 1867 2445 1937 posteri.

993 1944 1206 1994 Clamat
1225 1938 1635 2008 jusjurandum,
1664 1949 1822 1994 vocat
1847 1947 1900 1993 et
1927 1939 2242 2004 dexteram;

923 2009 1212 2065 Maximam
1245 2010 1402 2065 [idem
1431 2019 1486 2064 et
1520 2009 1687 2063 Deum
1713 2017 1984 2064 testatur:

922 2079 987 2151 Et
1018 2081 1241 2151 agnovit
1273 2080 1473 2151 misera
1503 2081 1574 2134 ob
1600 2079 1937 2151 calamitates

924 2149 1094 2217 Quam
1119 2151 1193 2207 sit
1225 2150 1357 2204 utile
1382 2151 1614 2218 patriam
1643 2164 1748 2203 non
1775 2149 2030 2205 deserere
2056 2155 2259 2218 terram
2298 2165 2309 2200 :

923 2221 994 2276 55
1025 2220 1154 2276 Odit
1187 2229 1368 2274 autem
1385 2217 1682 2290 ’mundum,
1712 2235 1890 2290 neque
1922 2222 2136 2275 laetatur
2159 2217 2279 2288 ejus
2308 2223 2550 2288 aspectu.

924 2291 1003 2346 Eo
1024 2293 1171 2346 enim
1206 2305 1352 2345 nunc
1390 2305 1608 2359 perveni
1642 2289 1868 2352 doloris,

926 2359 998 2415 Ut
1027 2362 1160 2415 mihi
1201 2361 1413 2416 venerit
1444 2360 1778 2415 desiderium
1808 2368 1970 2415 terra:
2002 2369 2056 2414 et
2083 2359 2224 2415 coelo

923 2431 1136 2502 Dicere,
1167 2447 1289 2502 qua:
1318 2431 1444 2502 hinc
1465 2430 1662 2502 damna
1697 2432 2022 2500 proveniunt
2050 2439 2279 2485 naturae.

923 2500 1168 2556 Necdum
1187 2500 1388 2556 misera
1411 2500 1614 2555 desinit
1643 2516 1852 2570 parere,

925 2573 996 2641 lit)
1024 2571 1270 2635 Pariens,
1307 2587 1418 2625 non
1448 2572 1687 2641 pariens,
1713 2586 1932 2627 rursum
1961 2571 2212 2626 abnuens
2246 2577 2486 2640 partum.

925 2640 1119 2697 Infelix
1145 2660 1159 2695 :
1197 2658 1284 2697 me
1318 2640 1490 2711 ipsam
1517 2643 1661 2696 enim
1689 2641 1834 2706 dico,
1865 2643 2058 2696 dicens
2093 2650 2166 2706 te,

927 2711 1058 2782 Quae
1091 2713 1322 2782 pariam,
1345 2720 1397 2766 et
1436 2727 1544 2764 non
1584 2711 1814 2781 pariam,
1845 2722 2004 2782 partu
2035 2712 2128 2782 qui
2155 2711 2420 2766 rationem
2455 2718 2696 2781 superat.

923 2781 1058 2852 Diam
1086 2781 1300 2851 partum
1327 2796 1446 2836 sum
1471 2791 1695 2852 experta
1719 2781 2065 2852 sine’partu;
2095 2782 2226 2852 quid
2251 2784 2395 2836 enim
2419 2783 2681 2852 eloquar?

923 2851 1154 2908 Laboris
1178 2867 1397 2922 expers,
1423 2861 1479 2922 et
1505 2851 1831 2922 corruptela
1857 2851 2004 2908 nunc
2035 2861 2089 2908 et
2117 2851 2416 2922 passionis.

924 2921 1388 3045 A212-1213
1426 2921 1495 2976 65
1528 2921 1714 2992 Neque
1749 2924 2083 2993 voluptatem
2110 2921 2266 2985 novi,
2307 2937 2483 2992 neque
2521 2923 2588 2977 ab
2619 2922 2728 2977 ullo
2765 2925 2882 2978 viro
2913 2937 3188 2980 rumorem

979 2996 1094 3045 anis
1129 2994 1286 3045 fatuae
1319 2991 1526 3045 aliquid
1559 2994 1894 3045 inurentem.
1927 3009 2092 3045 uuam
2124 2993 2219 3045 aeri
2250 2993 2516 3045 tinctura.

979 2996 1094 3064 agis
1129 2994 1286 3047 fatuae
1319 2991 1526 3062 aliquid
1559 2991 1897 3061 inurentem,
1927 3009 2092 3063 quam
2124 2993 2219 3048 aeri
2250 2991 2516 3048 tinctura.

490 3168 563 3240 45
603 3167 896 3237 Διαδοχάς
941 3185 1029 3223 τε.
1073 3169 1542 3240 Successionesque
1591 3167 2009 3223 intolerabilium

424 3239 710 3301 malorum,
740 3240 986 3310 malaque
1024 3242 1386 3295 intolerabilia
1417 3239 1519 3296 sibi
1546 3240 1900 3303 succedentiu;
1934 3242 2008 3292 ita

426 3311 541 3363 l'ére
573 3310 706 3364 ibid.
749 3311 874 3365 588.

423 3380 559 3502 2646
595 3381 705 3434 Τὸν
737 3379 952 3434 πάντα.
985 3377 1063 3434 lia
1097 3381 1210 3437 fere
1262 3381 1460 3437 Medea:
1492 3379 1702 3444 nutrix,
1731 3394 1880 3436 vers.
1913 3377 2006 3443 25,

492 3519 1008 3604 ιξὶιξριωτοπῄμονι
1029 3522 1258 3604 ,βλάᾷῃἰ
1295 3519 1431 3604 βθε.
1469 3519 1611 3575 Med.
1641 3519 2011 3592 πρωτοπήμο-

423 3607 514 3652 νος
538 3590 730 3660 βλάϐῃ,
771 3592 956 3657 prima
984 3596 1216 3658 parentis
1239 3590 1401 3646 labef
1689 3590 1696 3592 ἡ

493 3664 562 3714 49
586 3662 816 3728 Πατρός
843 3663 893 3714 θ’
920 3663 1363 3726 ὐποκλίναντος
1394 3655 1543 3727 οὖας
1581 3659 1808 3730 μήτερι.
1853 3657 2009 3730 Hunc

425 3731 782 3801 versiculuu‘i,
815 3732 905 3800 qui
937 3735 1125 3785 deerat
1171 3734 1222 3784 in
1255 3733 1442 3794 editis,
1477 3729 1847 3801 suppeditavit
1882 3729 2004 3783 cod.

428 3799 596 3871 Med”
629 3799 1047 3871 sicgqueiplanus
1078 3803 1382 3871 plenusque
1415 3803 1474 3854 ﬁt
1508 3799 1723 3871 sensus.

503 3870 561 3922 5|
599 3868 742 3936 Bac?
764 3868 883 3940 pet»
915 3868 1154 3939 ὅρκους,
1188 3868 1306 3926 etc;
1328 3871 1644 3924 Juramenta
1673 3870 1892 3928 clamat,
1925 3886 2008 3921 re-

426 3949 576 3993 vocat
613 3941 882 4012 dexteras,
914 3943 1072 4010 [idem
1095 3943 1384 3996 maximam
1409 3941 1886 4012 Deumque‘testern
1920 3957 2008 4012 ap-

424 4012 608 4078 pellat.
647 4010 781 4066 Ibid.
812 4028 957 4066 vers.
991 4013 1080 4077 2|,
1111 4014 1250 4067 ενι...
1275 4014 1364 4078 δι,
1398 4013 1487 4075 55,
1514 4010 1654 4066 δικ..
1682 4010 1773 4072 56,
1802 4011 1891 4072 57,
1915 4011 2005 4072 δε,

426 4081 520 4141 59,
544 4082 634 4151 qui
663 4081 852 4151 iisdem
879 4082 991 4137 fere
1010 4091 1266 4137 constant
1299 4083 1548 4137 vocibus.

498 4150 574 4206 54’
621 4150 718 4217 Μὴ
755 4152 978 4206 λιπεῖν.
1012 4153 1187 4220 Quam
1229 4153 1423 4207 bonum
1450 4151 1685 4221 paternis
1722 4165 1826 4202 non
1858 4165 2008 4203 exce-

428 4220 553 4275 dere
584 4222 817 4276 sedibus.

495 4293 564 4347 55
612 4291 753 4362 Οὺδῗ
797 4291 974 4360 όρῶσ’
1033 4293 1435 4362 εὐφραίνεται.
1499 4289 1611 4345 Nec
1655 4293 1787 4362 ejus,
1825 4292 2008 4344 mundi

425 4372 640 4430 aspectu
670 4361 983 4416 delectatur.
1013 4361 1176 4419 Roill.
1212 4362 1366 4416 Nihil
1385 4378 1444 4416 eo
1465 4363 1682 4432 gravius
1705 4361 1864 4426 videt,
1886 4377 2008 4431 qua:

427 4434 594 4488 verba
626 4437 869 4488 auctoris
894 4443 1130 4489 mentem
1163 4449 1295 4488 sane
1325 4449 1433 4487 non
1453 4433 1788 4501 exprimunt.

424 4517 460 4554 ο
495 4503 564 4556 56
606 4503 924 4570 'Exé’éé’nx’.
960 4505 1112 4558 llanc
1148 4519 1336 4558 vocem
1386 4504 1441 4556 in
1477 4504 1635 4556 tertia
1663 4515 1893 4571 persona
1918 4514 2007 4554 ac-

428 4573 561 4642 cipit
587 4572 981 4637 Combelisius,
1008 4582 1063 4628 et
1091 4575 1160 4628 de
1189 4573 1298 4628 Eva
1339 4573 1594 4642 intelligit
1640 4591 1652 4624 :
1708 4587 1815 4626 non
1859 4571 2004 4640 quod

2116 3167 2360 3242 Reddet,
2417 3169 2516 3242 sed
2551 3169 2604 3222 in
2641 3169 2814 3238 prima
2849 3185 3082 3242 persona
3105 3211 3119 3234 ,
3164 3185 3323 3241 quem
3377 3174 3677 3242 sequimur.

2187 3239 2256 3293 57
2293 3239 2460 3293 "060’
2495 3239 2712 3307 ἵμερος,
2754 3239 2866 3295 etc;
2913 3239 3051 3294 Hinc
3102 3239 3260 3295 subiit
3318 3239 3574 3303 animum,
3627 3255 3685 3299 ut

2116 3319 2270 3381 terra:
2299 3310 2526 3381 caeloque
2562 3326 2794 3374 narrem,
2827 3319 2935 3364 etc.
2976 3312 3050 3364 Ita
3089 3313 3362 3381 prophetae
3407 3313 3460 3366 in
3510 3322 3684 3371 sacris

2117 3380 2418 3455 Scripturis
2441 3380 2640 3455 Caelum
2691 3391 2746 3455 et
2783 3390 2982 3435 terram
3013 3380 3494 3455 contestantur_,‘ct
3523 3391 3681 3455 quasi

2114 3450 2168 3503 in
2201 3451 2417 3526 illoruin
2445 3451 2682 3526 auribus
2707 3451 3023 3526 loquuntur,
3055 3461 3111 3505 ut
3139 3453 3300 3526 animi
3331 3451 3501 3516 πάθος
3521 3450 3683 3526 exag-

2115 3529 2328 3590 gerent.
2362 3521 2498 3592 Male
2547 3520 2705 3574 lloill.
2749 3520 2913 3576 vertit
2940 3539 2952 3572 :
2983 3521 3348 3588 Incommoda,
3374 3534 3496 3592 quot
3528 3520 3683 3580 habEt

2109 3608 2269 3660 genus
2299 3607 2325 3644 e
2348 3591 2473 3644 caelo
2489 3603 2537 3644 et
2567 3601 2729 3645 terra.

2183 3661 2249 3716 59
2289 3662 2462 3713 Οὔπω
2490 3663 2598 3730 γὰρ
2645 3662 2681 3727 ὴ
2703 3660 2956 3716 τάλαινα
3009 3664 3255 3716 παύεται
3289 3666 3500 3730 τόνων.
3549 3665 3684 3719 Nec-

2110 3732 2237 3784 dum
2259 3747 2443 3800 parere
2469 3731 2657 3784 desinit
2686 3730 2817 3786 Eva.
2847 3732 2983 3786 Male
3011 3731 3172 3786 Roill.
3212 3753 3223 3787 :
3249 3730 3501 3787 Nondum
3529 3735 3684 3788 lucti-

2113 3801 2207 3854 bus
2247 3803 2404 3924 ﬁggm
2459 3801 2608 3869 facit,
2658 3804 2814 3871 quasi
2868 3803 3069 3871 legeret
3109 3803 3268 3870 γόων.
3307 3814 3367 3857 ut
3421 3806 3474 3858 in
3542 3805 3681 3860 Med.

2113 3887 2257 3924 vers.
2291 3905 2302 3921 .
2364 3911 2378 3924 .

2113 3887 2257 3926 vers.
2291 3887 2378 3924 ὒν.

2180 3942 2249 3993 60
2283 3942 2592 4004 Τίκτουσα,
2609 3941 2694 4010 μὴ
2726 3942 3031 3995 τίκτουσα.
3065 3942 3310 4007 Pariens,
3339 3959 3440 3996 non
3471 3944 3682 4012 pariens

2109 4026 2174 4065 eo
2208 4019 2389 4080 partu,
2409 4013 2510 4084 Aqui
2538 4014 2652 4084 vim
2673 4027 2887 4084 omnem
2925 4013 3150 4084 rationis
3174 4014 3408 4071 excedit.
3429 4014 3684 4084 ὠςςὺπὲρ

2108 4085 2316 4154 λόγον,
2330 4081 2419 4150 qui
2436 4081 2506 4154 sit
2529 4081 2730 4154 laboris
2749 4083 3155 4154 expersintegra
3180 4085 3491 4154 virginitate.
3510 4081 3682 4148 Quam

2110 4154 2165 4204 in
2188 4151 2274 4205 his
2306 4151 2513 4205 insulse
2541 4153 2677 4205 ludit
2702 4151 2862 4205 Roill.
2890 4151 3075 4207 Modo'
3100 4151 3294 4208 ventris
3324 4155 3502 4216 edens,
3530 4157 3684 4209 modo

2111 4223 2681 4295 repentesupprimens
2706 4233 2914 4291 partum
2938 4224 2957 4274 .'
2994 4240 3156 4295 quam
3198 4239 3424 4292 prorsus
3464 4237 3684 4292 pra‘stat

2109 4291 2372 4397 carm'inis
2415 4292 2608 4347 modos
2648 4307 2924 4362 spernere,
2963 4291 3128 4364 quam
3180 4291 3260 4349 sic
3301 4291 3477 4350 sacra’
3513 4303 3685 4349 teme-

2109 4377 2232 4397 νομο

2109 4377 2260 4415 rare:

2177 4431 2237 4484 6|
2271 4431 2588 4500 Ἐμαυτήν.
2629 4430 2718 4485 Sic
2742 4431 2979 4496 llccuba,
3015 4449 3161 4490 vers.
3190 4436 3315 4490 756.

2181 4501 2251 4578 64
2281 4501 2407 4578 Mf
2437 4502 2532 4554 καὶ
2559 4502 2913 4578 πάθηκξὶθς.
2945 4504 3083 4578 Med.
3136 4522 3259 4575 sup.
3305 4507 3401 4562 lin.
3445 4508 3540 4578 νῦν
3591 4507 3684 4561 καὶ

2112 4573 2302 4625 πάλαι.
2344 4571 2408 4623 Et
2445 4589 2582 4625 nunc
2609 4583 2658 4627 et
2683 4572 2886 4640 pridem
2919 4575 3136 4643 pudoris
3174 4571 3412 4647 eiempta
3441 4571 3578 4633 labe.

1737 4758 1792 4815 Μ
1800 4757 2070 4816 ETRICA
2122 4756 2418 4816 VERSIO.

424 4946 494 5002 Et
528 4962 636 5004 non
669 4943 943 5000 ferendam
994 4959 1208 5014 semper
1250 4943 1651 5013 insurgentium

424 5017 634 5072 Novam
665 5017 918 5070 laborum
950 5016 1073 5083 plus
1111 5014 1246 5069 satis
1272 5015 1647 5083 propaginem,

425 5087 689 5143 Tabescit
719 5085 869 5140 omni
904 5087 1102 5140 misera
1139 5084 1398 5154 lacrymis
1443 5092 1720 5151 tempore,

425 5158 608 5224 Quod,
633 5157 738 5210 alia
763 5161 958 5225 printer
975 5155 1158 5225 gravia
1175 5155 1440 5225 duraque,
1467 5155 1640 5225 ipsius

425 5223 670 5281 Primum
698 5223 941 5296 parentis
975 5223 1098 5278 laesa
1121 5239 1281 5286 noxa,
1315 5223 1545 5296 injurias

428 5298 636 5362 Sensit,
663 5295 905 5350 celentes
931 5310 1052 5365 qua:
1080 5297 1300 5364 globum
1335 5295 1504 5365 istum
1541 5306 1787 5362 posteros

426 5369 649 5422 Manent
674 5384 686 5418 :
714 5363 1005 5435 datamque
1027 5363 1386 5434 jurejurando
1415 5363 1572 5417 Iidem

427 5437 794 5506 Dextramque
814 5436 1032 5500 clamat,
1059 5443 1112 5489 et
1143 5435 1308 5488 Deum
1338 5442 1531 5506 testem
1553 5443 1710 5488 vocat
1737 5453 1750 5488 :

428 5503 737 5578 Miseraque
773 5507 963 5578 didicit
987 5521 1018 5557 a
1055 5506 1232 5578 malis,
1259 5517 1422 5578 quam
1457 5503 1530 5557 sit
1555 5519 1719 5575 grave

427 5573 748 5647 nurumque
777 5577 954 5646 patrio
992 5592 1051 5631 se
1081 5577 1198 5630 solo
1229 5573 1534 5647 subducere
1563 5573 1583 5626 Ξ

427 5648 608 5703 Exosa
632 5643 916 5709 mundum,
946 5647 1020 5699 nil
1041 5662 1105 5700 eo
1133 5645 1354 5715 gravius
1388 5643 1552 5700 videt.

429 5716 508 5771 Eo
539 5718 743 5773 doloris
764 5732 909 5770 nunc
935 5717 1080 5770 enim
1111 5724 1222 5770 tota
1259 5715 1474 5776 elleror,

428 5788 650 5844 Natura:
669 5795 728 5843 ut
767 5788 896 5843 illuc
917 5787 1102 5841 omnia
1134 5786 1293 5842 velim
1338 5783 1681 5839 incommoda

2037 4952 2081 5008 Β
2112 4944 2357 5014 Referre,
2388 4951 2522 5014 quot
2557 4944 2720 5000 habet
2763 4960 2795 4999 e
2822 4945 2962 4999 coelo
2990 4953 3044 5000 et
3073 4955 3219 5000 terra
3248 4961 3442 5014 genus.

2107 5013 2242 5069 Nam
2281 5013 2480 5069 misera
2507 5014 2746 5070 nondum
2781 5016 3018 5069 luctibus
3046 5014 3206 5069 ﬁnem
3247 5013 3397 5081 facit,

2106 5083 2270 5155 Modo
2300 5085 2510 5138 ventris
2533 5084 2723 5144 edens,
2758 5088 2920 5138 modo
2941 5093 3160 5153 repente
3194 5088 3538 5155 supprimens

2103 5153 2349 5216 Partum,
2374 5155 2536 5207 modo
2568 5155 2731 5207 etiam
2754 5167 2878 5207 eum
2925 5155 3122 5208 misera
3161 5153 3376 5209 rursum
3410 5159 3675 5214 abnuens.

2103 5222 2242 5277 Nam
2274 5223 2354 5278 sic
2375 5237 2512 5292 voco
2546 5237 2632 5276 me
2658 5238 2780 5275 eum
2802 5224 2959 5292 quasi
2986 5239 3148 5292 supra
3175 5225 3395 5278 modum

2107 5293 2329 5346 Partum
2364 5291 2659 5355 ferentem,
2693 5291 2837 5345 nunc
2869 5291 3200 5360 prementem
3233 5305 3284 5348 te
3309 5312 3462 5350 voco.

2105 5361 2242 5486 3am
2270 5371 2482 5431 partum
2498 5377 2597 5432 ego
2622 5377 2740 5414 smn
2769 5373 2992 5430 experta
3042 5364 3159 5416 sine
3191 5373 3344 5431 partu
3369 5383 3380 5416 :
3407 5368 3497 5436 qui
3529 5368 3672 5422 enim

2157 5434 2336 5486 omine
2360 5433 2465 5486 alio
2494 5434 2676 5483 vocari
2715 5434 2944 5486 possim.
2971 5441 3029 5485 ut
3057 5449 3176 5486 alia:
3199 5451 3395 5486 narens

2157 5434 2336 5487 omine
2360 5433 2465 5486 alio
2494 5434 2676 5483 vocari
2715 5434 2944 5499 possim,
2971 5441 3029 5485 ut
3057 5449 3176 5502 qua:
3197 5451 3395 5503 parens

2110 5503 2316 5573 Expers
2355 5503 2555 5557 laboris
2580 5510 2632 5554 et
2653 5503 2858 5555 doloris
2886 5503 3068 5556 exstiti

2109 5575 2349 5644 integra.
2372 5581 2426 5628 et
2457 5573 2794 5644 incorrupta,
2829 5574 3011 5625 nescia
3041 5573 3186 5626 illius

2111 5642 2287 5698 Etiain
2312 5642 2627 5712 voluptatis,
2658 5643 2756 5695 viri
2781 5657 2902 5710 qua:
2925 5655 2990 5696 ex
3015 5645 3208 5711 copula
3239 5645 3359 5699 est?

2110 5713 2295 5784 Neque
2329 5713 2503 5782 magis
2542 5713 2705 5765 ullam
2739 5713 2982 5766 sentiens
3015 5713 3112 5784 viri
3143 5723 3323 5767 notam

2112 5782 2336 5839 Famam
2361 5786 2698 5847 exe-dentem,
2718 5798 2880 5852 quam
2917 5782 3146 5840 exedere
3171 5786 3366 5841 durum
3399 5783 3536 5841 solet

3733 5778 3747 5821 l
