4098 6340
376 417 485 472 145
1310 372 1316 377 ⁸
1733 419 2081 475 CHRISTUS
2119 418 2433 473 PATIENS.
3552 409 3655 467 M6

379 537 445 588 ΤΞ
471 537 517 589 δ’
550 535 667 588 ἐστί
684 552 701 600 ;
732 535 849 606 μῶν
877 552 942 604 γε
963 534 1245 606 δυσμενῶν
1272 536 1601 605 ἀγγέλλεται
1998 547 2041 602 Α
2072 539 2152 591 Τὰ
2173 537 2266 590 νῦν
2287 537 2343 588 δὲ
2368 534 2592 597 τάλαιν’,
2623 534 2656 603 ἡ
2694 530 2860 584 πάλαι
2889 528 3153 600 μακαρία.

378 625 554 695 Λύκος
588 627 852 695 κρυφαῖος
884 625 1103 678 ἑστάναι
1129 626 1251 677 κατ’
1280 626 1583 697 εὐφρόνηνς
2076 631 2273 686 Θεοτό.
2304 630 2369 680 Τί
2391 628 2435 680 δ’
2470 627 2648 689 ἐστίν;
2674 621 2710 695 ἦ
2738 641 2839 676 που
2860 623 2943 685 τίς
2970 624 3022 692 μ’
3046 621 3362 673 ἀποκτεῖναι
3392 617 3567 683 θέλει;

377 718 449 772 95
481 719 619 783 Χορ.
666 717 928 786 Ἐννυχος
957 716 1113 787 ὄχλος
1144 718 1202 769 ὲν
1233 717 1447 789 θορύϐῳ
1478 718 1701 790 συρρἐει
1721 737 1733 749 ο
2074 720 2208 785 Χορ.
2237 716 2370 776 Οὐκ,
2405 714 2543 768 ἀλλὰ
2570 714 2704 775 Παῖς
2730 711 2951 782 θνήσκει
2990 710 3076 773 σὸς
3103 710 3191 762 ὑπ’
3218 707 3547 777 ἀλαστόρων.

381 809 618 878 Στρατὸν
652 808 808 860 πόλιν
836 826 897 860 τε
929 811 1109 862 πᾶσαν
1148 808 1216 862 ἂν
1243 809 1447 879 ὄρφναν
1481 810 1685 879 βλέπω,
2076 810 2273 861 Θεοτό.
2302 808 2369 859 Oi
2391 807 2512 876 μοιῑ
2544 805 2595 858 τί
2619 804 2824 870 λέξεις;
2859 803 2933 864 ὣς
2962 802 3014 872 μ’
3040 801 3345 862 ἀπώλεσας,
3378 799 3562 867 γύναιῐ

378 900 727 969 Λαμπτῆρας
755 901 1075 971 εἰσφέροντα
1110 900 1203 953 καὶ
1233 899 1404 953 πολλὰ
1444 898 1592 970 ξίφη.
2078 899 2180 952 110
2209 902 2342 966 Χορ.
2380 898 2467 960 Ὠς
2487 896 2663 949 οὐκέτ’
2687 896 2838 958 ὄντος
2866 894 3037 955 Υἱέως
3063 888 3311 963 ιρρόντιζε
3336 891 3421 960 δή.

385 992 585 1046 Θεοτό.
618 993 729 1044 Kal.
760 992 855 1046 νῦν
891 993 1027 1066 πρὸς
1061 994 1210 1063 ἡμᾶς
1233 992 1329 1047 νῦν
1365 994 1449 1056 τίς
1476 995 1532 1046 ὲν
1564 992 1768 1063 σπουδῇ
1811 992 1970 1054 ποδὸς
2079 993 2277 1045 Θεοτό.
2302 986 2371 1042 Ὦ
2398 990 2546 1043 δεινὰ
2568 988 2765 1053 λέξασ’,
2790 987 2909 1058 οὐχὶ
2938 986 3275 1055 συγκλείσεις
3306 986 3510 1055 crepa;

384 1084 617 1155 Στείχει,
649 1085 768 1139 νέον
797 1103 850 1138 τι
879 1088 1092 1158 πρᾶγμ’
1125 1085 1263 1156 ἔχων
1293 1087 1424 1149 ἴσως
1450 1086 1652 1156 φράσαι
1677 1102 1691 1150 ;
2078 1080 2179 1133 Καὶ
2208 1081 2316 1133 πᾶν
2350 1080 2605 1150 μεθήσεις
2631 1078 2877 1149 ἀπρεπὲς
2903 1077 3053 1146 ρἧα
3086 1076 3268 1145 φέρειν
3294 1092 3307 1139 ;

386 1178 490 1231 100
529 1179 669 1238 Ἰδω,
693 1179 746 1231 τί
772 1179 936 1243 λέξει,
964 1177 1059 1232 καὶ
1080 1178 1181 1232 τίν’
1216 1179 1440 1247 ἀγγελεῖ
1468 1178 1645 1247 λόγον.
2077 1174 2179 1225 Τὸν
2209 1172 2316 1225 ὅντ’
2341 1172 2427 1225 ἀεὶ
2455 1171 2583 1240 γὰρ,
2620 1171 2809 1241 μηκέτ’
2835 1165 2971 1222 εἶναι
2995 1168 3111 1230 πῶς
3129 1168 3337 1235 λέγεις;

384 1273 521 1338 Χορ.
548 1272 767 1334 Πότνια,
795 1273 983 1337 πότνα,
1021 1272 1324 1343 σεμνοτάτη
1356 1271 1620 1343 Παρθένε,
2077 1265 2339 1336 Εὔφημος
2368 1265 2498 1329 ἴσθι,
2532 1264 2632 1317 κᾶν
2665 1262 2716 1315 τί
2746 1279 2824 1314 σοι
2852 1260 3007 1331 χρεία
3030 1260 3226 1327 λέγειν,

381 1365 472 1427 Αἲ,
508 1366 590 1429 αἲ,
615 1365 693 1429 αἶ,
720 1365 805 1418 ai!
2078 1359 2182 1413 115
2214 1359 2341 1427 Λέγ’
2365 1356 2439 1420 ὼς
2471 1356 2757 1427 προσήκει,
2787 1353 2908 1424 μηδ’
2934 1352 3206 1423 ἀτιμάσῃς
3232 1351 3383 1405 Θεόν.

386 1456 562 1526 Πολλὴ
591 1456 689 1527 μὲν
721 1458 779 1509 ἐν
807 1456 1064 1527 βροτοῖσι,
1094 1458 1231 1511 κούκ
1266 1456 1569 1526 ἀνώνυμος,
2078 1450 2246 1512 Γονᾶς
2271 1448 2379 1518 γὰρ
2405 1447 2513 1500 ἀπὸ
2538 1445 2773 1518 χρυσέας
2793 1443 3018 1497 ἐϐλαστέ
3045 1461 3130 1513 μοι
3150 1460 3162 1472 ο

396 1547 560 1618 Ἁγνὴ
587 1548 871 1620 κέκλησαι,
906 1548 1071 1619 τῆσδε
1096 1548 1201 1618 γῆς
1231 1550 1344 1601 ὅσοι
1376 1548 1534 1601 πέδον
2079 1540 2282 1593 Καινὸν
2310 1539 2365 1591 δὲ
2389 1540 2594 1591 πιτνεῖν
2627 1531 2742 1606 αἷμ’
2774 1536 2866 1588 ὑπ’
2899 1535 3104 1605 ἀνέρων
3134 1533 3291 1588 Θεοῦ.

387 1640 489 1695 105
519 1640 768 1707 Ναίουσι,
790 1639 1039 1711 λαμπρὸν
1073 1638 1189 1709 φῶς
1225 1637 1458 1708 ὁρῶντες
1496 1636 1646 1707 ἡλίου
1668 1654 1685 1666 ο
2076 1632 2268 1683 Θανείν
2306 1630 2365 1682 τὸ
2394 1629 2683 1695 ἀθάνατον,
2707 1629 2806 1681 οὐκ
2835 1626 2947 1697 ἔχει
2972 1626 3151 1694 λόγον.

901 1791 1039 1858 Quid
1081 1806 1210 1846 vero
1241 1791 1367 1846 est?
1397 1806 1527 1844 num
1566 1804 1685 1859 qua:
1719 1788 1958 1843 hostium
1984 1787 2269 1842 nuntiatur

899 1863 1111 1917 Cohors
1141 1863 1357 1915 occulta
1394 1869 1540 1915 stare
1565 1876 1661 1929 per
1693 1859 1951 1914 noctem?

900 1934 969 1987 95
1002 1933 1161 1987 Chor.
1204 1932 1482 1985 Nocturna
1516 1927 1675 1983 turba
1710 1945 1834 1985 cum
1867 1929 2105 1982 tumultu
2138 1927 2396 1988 conﬂuit;

900 2002 1212 2056 Exercitum
1244 2002 1666 2070 universamque
1699 2001 1889 2054 urbem
1920 2000 1975 2052 in
2004 2000 2245 2054 obscuro
2274 1999 2507 2059 intueor,

901 2070 1072 2128 Faces
1109 2082 1163 2126 et
1203 2073 1467 2140 plurimos
1497 2071 1708 2140 gladios
1742 2070 2021 2124 ferentem.

904 2142 1053 2212 Deip.
1099 2141 1164 2195 Et
1195 2139 1341 2195 nunc
1368 2140 1435 2194 ad
1465 2139 1568 2194 nes
1602 2142 1727 2209 quis
1758 2141 1894 2210 pede
1923 2139 2142 2212 concito

900 2207 1082 2275 Venit,
1116 2228 1312 2265 novam
1344 2212 1581 2281 aliquam
1616 2207 1731 2265 rem
1758 2207 1954 2265 ’forsan
1989 2210 2218 2281 habens,
2247 2224 2424 2281 quam
2448 2207 2696 2261 nuntiet?

908 2284 1004 2336 100
1042 2282 1319 2345 Noverim,
1357 2279 1486 2351 quid
1523 2282 1801 2351 loquatur,
1828 2293 1881 2336 et
1912 2297 2075 2351 quem
2110 2279 2551 2351 feratnuntium.

908 2298 1004 2336 ιυυ
1042 2298 1319 2345 noverim,
1357 2298 1486 2351 quia
1523 2298 1608 2350 ioq
1644 2298 1801 2346 .atur,
1828 2298 1881 2336 et
1912 2298 2075 2351 quem
2110 2298 2249 2333 ierat
2276 2298 2551 2333 nunuum.

904 2351 1367 2423 1214-1215
1407 2350 1567 2406 Chor.
1612 2298 1955 2415 eeocranda,
1990 2350 2321 2413 veneranda,
2352 2348 2662 2403 castissima
2689 2345 2875 2419 Virgo,

902 2423 1038 2487 Heu,
1076 2427 1203 2485 heu,
1240 2428 1366 2489 heu,
1398 2423 1538 2477 lieul

899 2494 1145 2547 Celebris
1176 2492 1394 2562 quidem
1429 2493 1571 2546 inter
1602 2491 1876 2557 homines,
1911 2499 1966 2546 et
1994 2506 2103 2545 non
2132 2489 2410 2561 ignobilis,

899 2564 1063 2617 Casta
1098 2564 1337 2627 vocaris,
1365 2563 1677 2632 quicunque
1709 2563 1849 2616 hanc
1881 2564 2129 2617 tellurem

903 2634 1005 2687 105
1044 2632 1325 2698 Habitant,
1357 2633 1624 2702 fulgidum
1654 2633 1901 2687 videntes
1928 2633 2115 2687 lumen
2146 2632 2316 2699 solis;

899 2702 1056 2757 Nunc
1086 2704 1307 2774 misera,
1343 2720 1464 2773 quae
1493 2704 1645 2774 prius
1676 2704 1858 2774 beata.

900 2774 1052 2838 Deip.
1095 2772 1237 2838 Quid
1274 2772 1473 2842 igitur?
1494 2772 1630 2827 hum
1661 2773 1786 2843 quis
1814 2790 1899 2828 me
1924 2777 2041 2829 vult
2070 2774 2362 2827 occidere?

902 2844 1065 2899 Chor.
1100 2843 1483 2914 Nequaquam,
1520 2844 1613 2899 sed
1648 2853 1775 2898 tuus
1806 2843 1976 2899 Filius
2004 2845 2365 2914 scelestorum
2396 2857 2561 2897 manu
2596 2844 2755 2914 perit.

901 2914 1076 2984 Deip.7
1097 2913 1217 2969 Heu
1255 2931 1340 2969 me
1360 2916 1384 2984 7!7
1409 2915 1539 2984 quid
1570 2916 1745 2969 dicis?
1771 2927 1830 2967 ut
1854 2931 1937 2969 me
1967 2913 2272 2983 perdidisti,
2312 2916 2539 2969 mulier!

903 2985 1007 3056 110
1044 2983 1205 3056 Chor.
1248 2985 1324 3039 De
1357 2983 1495 3038 Filio
1525 2996 1620 3039 tuo
1645 2994 1903 3054 tanquam
1940 2993 2159 3056 mortuo
2187 2985 2390 3056 cogita.

907 3054 1061 3123 Deip.
1101 3054 1146 3110 Ο
1175 3056 1381 3109 atrocia
1420 3057 1618 3119 locuta,
1653 3072 1760 3110 non
1791 3054 2014 3109 claudes
2057 3056 2159 3108 os?

906 3124 1016 3180 Nec
1044 3140 1262 3180 omnem
1294 3126 1513 3180 emittes
1545 3126 1860 3181 indecorum
1893 3139 2199 3180 sermonem
2228 3124 2417 3194 loqui?

906 3195 1195 3265 {Eternum
1227 3211 1481 3265 namque,
1513 3197 1787 3265 quomodo
1813 3196 1925 3263 jam
1961 3211 2066 3249 non
2096 3196 2359 3250 exsistere
2386 3198 2505 3253 ais?

907 3264 1109 3336 Fausta
1144 3264 1409 3335 precare:
1441 3275 1495 3321 et
1525 3264 1568 3321 Si
1594 3267 1724 3335 quid
1768 3267 2098 3336 loquendum
2132 3266 2414 3332 habueris,

909 3336 1014 3406 115
1054 3335 1171 3399 Dic,
1203 3344 1261 3389 ut
1286 3337 1465 3397 decet,
1497 3352 1672 3406 neque
1708 3335 1875 3391 Deum
1914 3337 2114 3405 injuria
2150 3337 2374 3391 allicias.

910 3404 983 3476 ξι
1022 3408 1192 3475 stirpe
1225 3406 1369 3459 enim
1398 3422 1565 3461 aurea
1586 3404 1731 3460 ιιιίΙιὶ
1764 3404 1983 3476 germen
2013 3406 2279 3470 ellloruit;

900 3474 1223 3545 Novumque
1256 3477 1308 3529 id
1336 3485 1505 3539 esset,
1542 3486 1599 3530 ut
1636 3477 1725 3531 Dei
1762 3474 1929 3532 cruor
1957 3478 2205 3533 elllueret
2237 3493 2400 3532 manu
2430 3478 2772 3535 mortalium.

902 3543 1048 3600 Fieri
1084 3543 1193 3601 non
1220 3555 1397 3615 potest
1424 3555 1484 3601 ut
1521 3549 1850 3603 immortalis
1883 3550 2170 3602 moriatur.

464 3702 537 3757 95
574 3702 637 3774 Tt
666 3700 907 3774 6307!;
936 3702 1069 3771 μῶν
1104 3720 1180 3774 γε
1208 3701 1547 3773 δυσμενῶν,
1580 3713 1686 3760 etc.
1722 3704 1814 3758 Sic
1842 3705 1973 3760 ibid.

1498 3721 1547 3769 ν,
1580 3713 1686 3760 etc.
1722 3704 1814 3758 Sic
1842 3705 1973 3760 ibid.
2087 3707 2229 3761 enim
2266 3705 2412 3761 fatur
2440 3705 2627 3761 Venus
2660 3721 2804 3760 vers.
2843 3705 2892 3770 1,
2925 3708 2960 3761 2
2986 3715 3035 3760 et
3064 3708 3116 3760 4.

394 3788 539 3827 vers.
576 3772 639 3827 9i
675 3771 879 3828 (Encas
934 3771 1129 3829 iisdem
1162 3773 1278 3829 fere
1312 3771 1540 3830 vocibus
1576 3774 1863 3830 Hectorem
1895 3778 1981 3830 in-
2162 3777 2264 3832 109
2307 3778 2375 3829 Ol
2398 3795 2497 3846 μοι
2518 3778 2537 3829 !
2567 3777 2623 3830 τί
2649 3776 2883 3841 defero,-
2927 3776 3017 3831 Sic
3046 3776 3269 3832 Phredra
3299 3795 3452 3834 suam
3484 3782 3657 3837 nutri~

396 3851 659 3917 terrogat.
703 3915 713 3917 7
787 3914 797 3917 7
919 3915 927 3917 _
1113 3912 1153 3917 __
1572 3916 1577 3917 7
1699 3916 1703 3917 7
2091 3863 2208 3899 cem
2241 3848 2559 3916 alloquitur,
2591 3862 2734 3901 vers.
2762 3848 2886 3907 555,
2919 3857 2972 3899 et
3000 3848 3142 3917 apud
3186 3848 3328 3902 Med.
3374 3848 3502 3905 Jaso
3547 3868 3667 3906 mu-

558 3912 715 3987 ‘Kaz‘
741 3914 1063 3987 εὐφροῖην.
1082 3912 1298 3987 7Nocty,
1322 3932 1413 3983 per
1440 3916 1607 3969 noctis
1637 3916 1870 3970 silentia.
1944 3986 1947 3987 7

1389 3932 1413 3966 r
1440 3916 1607 3969 noctis
1637 3916 1870 3970 silentia.
1944 3986 1947 3987 7
2092 3917 2322 3971 licribus
2356 3912 2647 3987 respondet
2674 3932 2816 3971 vers.
2852 3917 3006 3971 1510.

473 3985 540 4037 98
584 3986 678 4038 Ἐν
709 3984 951 4051 σπουδῇ
990 3983 1193 4054 ποδός.
1242 3985 1376 4039 lbid.
1428 3987 1633 4041 chorus
1673 3986 1861 4042 IEneae
1888 3986 1982 4041 ad-

2162 3988 2265 4039 110
2308 3988 2402 4053 Ὡς
2430 3983 2626 4042 οὐκέτ’
2661 3987 2855 4051 ὄντος.
2897 3988 2987 4041 Sic
3020 3987 3151 4041 ibid.
3190 4004 3333 4043 vers.
3366 3990 3499 4044 1511
3535 3991 3665 4048 cho-

397 4065 621 4107 vcntum
658 4058 891 4111 nuntiat.
928 4055 1065 4110 Male
1090 4053 1308 4110 Roillet.
1342 4057 1465 4119 pede
1496 4057 1729 4110 turbido.
2090 4072 2184 4112 rus
2218 4056 2475 4111 Jasonem
2508 4059 2575 4112 de
2607 4060 2754 4111 caede
2788 4059 3019 4111 Iiliorum
3053 4073 3276 4113 suorum
3310 4060 3501 4115 edocet
3530 4082 3541 4116 :

473 4126 575 4202 1
617 4127 853 4202 adorta,
887 4125 1462 4202 adtrazﬂegzhled.“
1481 4128 1696 4202 πότνια,
1728 4129 1939 4202 πότνια.
2167 4129 2255 4202 ξας
2277 4129 2459 4202 οὐκέτ’
2489 4128 2658 4180 ὅντων
2693 4128 2801 4181 σῶν
2826 4128 3029 4202 τέκνων
3061 4128 3311 4202 φρόντιζε
3346 4130 3429 4202 δή.

474 4194 579 4250 105
611 4196 819 4267 Πολλὴ
849 4196 965 4265 μὲν
992 4198 1062 4249 ὲν
1083 4194 1377 4267 βροέοῖσι.
1424 4196 1721 4261 Prwclara,
1755 4200 1971 4261 eximia,

1904 4200 1971 4261 ia,
2157 4198 2344 4267 Cogita
2376 4200 2538 4265 igitur
2572 4210 2819 4267 tanquam
2851 4199 2913 4252 de
2948 4194 3166 4252 mortuis
3199 4200 3374 4254 liberis
3397 4194 3522 4256 tuis.

400 4265 541 4319 inter
572 4266 823 4319 mortales
854 4267 1219 4321 celebrato'es.
1252 4266 1362 4321 Nec
1396 4267 1531 4322 bene
1569 4267 1784 4323 lioillct.
1818 4271 1979 4322 vertit

2162 4265 2256 4321 111
2292 4266 2367 4321 ⁷ο
2399 4269 2565 4322 δεινὰ
2594 4265 2826 4330 λέξασ’,
2858 4278 2964 4322 etc.
3003 4270 3104 4323 εἰς·
3125 4271 3350 4324 Phaedra
3393 4273 3664 4326 nutricem

401 4338 605 4409 crearo,
642 4338 909 4405 siquidem
941 4340 975 4409 67
998 4338 1185 4401 πολύς,
1215 4336 1353 4390 idem
1386 4345 1469 4391 est
1492 4354 1556 4392 ac
1580 4341 1867 4393 clarissimi
1888 4356 1977 4409 ge-

1432 4345 1469 4391 st
1492 4354 1556 4392 ac
1580 4341 1867 4393 clarissimi
1888 4356 1977 4409 ge-
2088 4355 2245 4396 suam
2272 4340 2518 4409 increpat
2552 4356 2694 4393 vers.
2728 4340 2832 4393 498
2856 4341 3050 4395 (1499.

400 4407 565 4480 aeris,
602 4409 745 4480 quod
784 4408 1144 4480 ex_ponit7vox
1190 4422 1463 4480 seque_ns,7
1500 4409 1636 4480 κούκ
1670 4407 1974 4480 ἀνώνυμος.

2160 4410 2262 4462 iis
2308 4409 2377 4461 Τὸ
2411 4407 2731 4463 ἀθάνατον.
2772 4409 2902 4476 lleg.
2936 4412 3025 4463 τὸν
3065 4409 3352 4464 ἀθάνατον.
3382 4410 3526 4466 Fieri
3560 4429 3663 4467 non

402 4476 485 4530 Ita
531 4479 793 4548 prologue
839 4477 1115 4548 Hippolyti
1150 4480 1292 4548 apud
1340 4477 1587 4549 Euripid.
1615 4482 1806 4550 incipit
1832 4476 1867 4534 z'
1900 4480 1980 4535 sic
2085 4489 2275 4550 potest,
2310 4488 2365 4531 ut
2405 4483 2493 4550 qui
2522 4490 2598 4534 est
2627 4482 2969 4547 immortalis,
3008 4482 3289 4535 moriatur.

1705 4639 2039 4700 METRICA
2062 4640 2358 4700 VERSIO.

403 4798 448 4872 ξ
482 4809 637 4870 porta
669 4800 850 4872 anheli
880 4820 893 4854 :
926 4800 1057 4870 quid
1086 4801 1207 4855 rei?
1244 4802 1326 4855 An
1361 4801 1507 4870 quod
1547 4801 1771 4856 nuntius
2013 4807 2059 4867 B
2090 4799 2252 4856 Manu
2286 4808 2444 4872 parat
2475 4817 2562 4857 me
2593 4801 2791 4872 aliquis
2822 4801 3052 4857 scelesta
3084 4800 3313 4855 tollere?

401 4868 568 4924 Venit
597 4871 840 4941 cohortis
871 4868 1109 4926 hostium
1147 4868 1540 4941 irrepentium?
1658 4940 1661 4941 7
1724 4940 1729 4941 7
2092 4872 2253 4927 Chor.
2286 4868 2413 4926 Non
2446 4874 2497 4925 id
2530 4868 2770 4941 quidem,
2804 4886 2989 4926 verum
3019 4880 3145 4925 tuus
3171 4872 3313 4941 quod
3340 4870 3507 4926 Filius

404 4941 568 4994 Chor.
610 4939 890 4995 Nocturna
925 4944 1085 4997 turba
1116 4939 1504 4997 eum'tumultu
1535 4940 1760 4996 conﬂuit
1789 4960 1803 4996 :
2093 4942 2291 4998 Misere
2314 4958 2343 4996 a
2374 4939 2875 4997 scelestistollitur.
2901 4941 3055 5009 Deip.
3078 4939 3228 4995 Vah!
3254 4942 3514 5010 quidnam
3538 4944 3661 4998 ais?

404 5010 722 5065 Exercitum
754 5018 925 5065 totam
960 5027 1056 5081 per
1087 5013 1275 5066 urbem
1310 5012 1602 5080 conspicor
2096 5012 2167 5082 7Ut
2197 5012 2485 5082 perdidisti
2517 5029 2626 5077 me,
2662 5014 2894 5066 mulier!
2927 5012 3087 5066 Chor.
3119 5011 3229 5081 Ego
3256 5014 3366 5081 jam
3396 5016 3555 5081 quasi

402 5082 462 5134 ln
496 5091 655 5135 nocte
690 5096 860 5151 opaca
894 5083 1126 5151 plurima
1160 5090 1430 5135 armatum
1460 5082 1578 5136 face
2091 5081 2211 5137 Non
2246 5084 2480 5151 amplius
2512 5082 2647 5135 Nato
2678 5092 2932 5137 manente
2956 5082 3229 5151 prospicio
3264 5083 3384 5135 tibi.

402 5152 471 5205 Et
500 5154 856 5224 ense7multo.
888 5151 1041 5221 Deip.
1074 5152 1269 5224 Nescio
1300 5153 1423 5220 quis
1457 5153 1622 5207 etiam
1649 5153 1788 5224 pede
2096 5152 2248 5220 Deip.
2287 5152 2337 5224 ΟΔ
2358 5169 2466 5206 non
2500 5153 2720 5224 ferenda
2750 5152 3055 5224 proferens,
3092 5166 3204 5205 non
3236 5151 3526 5221 impudens

403 5222 704 5276 Contendit
733 5224 798 5276 ad
826 5239 926 5277 nos
956 5223 1197 5283 turbido,
1231 5225 1372 5278 forte
1404 5230 1463 5276 ut
1494 5224 1618 5278 novi
1651 5222 1663 5224 ⁷
2092 5226 2166 5278 Us
2196 5222 2521 5284 continebis,
2548 5223 2914 5291 indeceusque
2934 5222 3151 5276 desines

404 5292 547 5357 Quid
579 5293 793 5347 nuntiet
824 5294 982 5348 nobis
1009 5312 1021 5347 :
1048 5294 1201 5361 juvat
1230 5295 1527 5347 resciscere
2094 5292 2300 5347 Ell‘erre
2328 5293 2572 5345 dictum?
2600 5292 2842 5360 Namque
2864 5308 2986 5345 eum
3022 5292 3115 5361 qui
3142 5306 3357 5359 semper
3382 5300 3486 5357 est,

405 5362 618 5431 Ecquid
655 5378 921 5417 novarum
953 5364 1181 5418 nuntius
1213 5378 1394 5417 rerum
1425 5363 1663 5417 advenit.
2093 5364 2338 5428 Quonam
2364 5377 2457 5415 ore
2482 5362 2617 5416 dicis
2647 5378 2768 5415 esse
2790 5363 2899 5430 jam
2930 5378 3036 5414 non
3062 5361 3331 5431 amplius?

407 5431 568 5487 Chor.
596 5430 800 5504 Pudica
823 5449 856 5487 ο
878 5431 1065 5504 Virgo,
1095 5434 1613 5497 casta,veneranda,
1640 5432 1730 5502 ah,
1750 5431 1853 5501 ah,
1881 5433 1946 5487 ah
1970 5434 1983 5486 !
2094 5432 2241 5485 Bona
2274 5432 2457 5504 verba,
2490 5447 2693 5504 quaeso,
2728 5441 2782 5485 et
2821 5432 2866 5485 si
2895 5432 2990 5504 tibi
3020 5442 3104 5483 est
3131 5430 3264 5504 usus
3291 5431 3452 5485 datus

404 5504 618 5556 Crebro
644 5503 866 5572 quidem
892 5512 952 5557 tu
982 5502 1133 5562 casta
1163 5504 1345 5573 magni
1375 5504 1615 5557 nominis
2096 5504 2311 5573 Aliquis
2344 5503 2620 5571 loquendi,
2659 5502 2879 5573 loquere
2912 5502 3053 5573 sicut
3081 5510 3131 5555 te
3157 5502 3334 5566 decet,

408 5573 522 5643 [las
542 5574 701 5643 inter
728 5588 919 5629 omnes
945 5575 1111 5639 dicta,
1140 5572 1278 5643 quas
1302 5588 1403 5627 suo
1429 5588 1459 5628 e
1490 5574 1612 5628 sinu
2093 5572 2203 5627 Nec
2230 5573 2482 5626 indecora
2511 5588 2641 5626 voce
2672 5572 2965 5625 dehonesta
2994 5572 3183 5643 Deum.

409 5640 681 5714 Broduxit
713 5645 841 5696 olim
876 5652 1042 5707 terra,
1076 5639 1305 5714 quicque
1338 5645 1479 5714 hanc
1508 5644 1755 5714 incolunt
2093 5643 2135 5695 lC
2166 5644 2334 5712 stirpe
2358 5658 2578 5714 germen
2614 5657 2779 5695 aurea
2804 5643 2907 5694 hoc
2934 5640 3079 5694 cedit
3110 5639 3241 5714 mihi
3272 5660 3284 5693 :

411 5711 526 5783 lloc
555 5714 829 5768 intuentes
857 5707 1151 5769 candidum
1188 5707 1322 5769 solis
1352 5707 1556 5783 jubar':
2092 5707 2409 5781 Novuiiiqtie
2436 5713 2485 5766 id
2516 5721 2681 5783 esset,
2717 5719 2774 5764 ut
2807 5726 2970 5783 manu
2999 5710 3307 5783 mortalium

408 5782 568 5854 Nunc
593 5783 705 5854 jam
746 5785 963 5845 misera,
995 5786 1149 5839 beata
1176 5801 1295 5854 quae
1324 5780 1505 5839 fueras
1535 5783 1710 5853 prius.
2092 5780 2471 5854 Elluiulei'etur
2503 5784 2580 5837 sic
2604 5782 2695 5835 Dei
2722 5782 2944 5850 sanguis
2969 5798 2984 5846 ;
3031 5780 3168 5834 mori

415 5853 572 5923 Deip.
597 5850 759 5920 Quid
787 5854 891 5911 ista
919 5850 1211 5927 trepidatio
1250 5854 1471 5911 subita?
1496 5850 1634 5910 Num
1662 5854 1807 5927 quod
1830 5870 1929 5913 sua
2094 5854 2195 5918 Qui
2223 5853 2393 5922 possit
2420 5862 2619 5920 autem,
2648 5854 2736 5908 cui
2765 5854 2902 5907 mori
2928 5865 3204 5922 nunquam
3232 5850 3433 5907 datur?
