4098 6340
378 1580 394 1610 ι

415 273 511 330 151

425 389 578 445 Ἐπεὶ
607 388 663 446 δὲ
703 389 932 462 μύσταις
965 389 1113 443 ταῦτ’
1147 389 1385 463 ὲνηχήθη
1421 389 1607 456 ξένιος,

414 480 578 535 Ἥκει
619 478 755 552 πρὸς
786 479 984 543 αὐτοὺς
1011 481 1070 533 ὲν
1097 478 1248 550 τόπῳ
1275 478 1369 533 τοῦ
1397 480 1688 550 χειμάρου,

415 572 520 628 175
560 572 705 642 Πρὸς
737 571 932 642 κῆπον,
967 565 1063 641 ἧχι
1094 568 1355 633 πολλάκις
1397 571 1680 640 συνήγετο,

418 663 515 716 Ὃν
547 661 656 716 οὐδ’
689 663 717 715 ό
746 662 958 732 πράτης
988 659 1218 728 ἀγνοῶν,
1242 659 1452 713 νυκτῶν
1488 661 1652 731 μέσον

415 755 708 826 Ἐφθασεν,
743 753 895 826 ὄχλον
927 753 1034 806 τῶν
1075 753 1371 824 μιαιφόνων
1403 753 1573 821 ἄγων,

411 846 855 918 Ξιφηφοροῦντας
893 847 988 900 καὶ
1018 846 1346 917 φρονοῦντας
1379 846 1437 900 ἐν
1467 846 1691 917 θράσει·

417 942 514 1002 ’ος
546 939 641 992 καὶ
669 938 932 1011 προσιὼν,
964 938 1039 1003 ὡς
1071 938 1242 1006 φίλος,
1274 940 1609 1012 Διδασκὰλῳ,

414 1031 518 1085 180
575 1031 761 1098 Ῥαᾶ,
791 1029 1128 1100 προσειπὼν,
1154 1030 1329 1099 χαῖρ’,
1366 1031 1541 1101 ἐφίλει
1570 1033 1907 1105 δυστρόπως.

416 1122 610 1177 Θεοτό.
645 1119 770 1187 Φεῦ,
803 1119 939 1190 φεῦί
973 1121 1026 1174 τί
1053 1123 1232 1192 χεῖρον
1269 1121 1422 1176 τοῦδε
1455 1124 1744 1195 τολμήσειέ
1771 1140 1887 1188 τις;

413 1214 479 1266 Τί
505 1213 635 1282 γοῦν
661 1213 798 1285 πρὸς
827 1212 989 1266 αὐτὸν
1019 1211 1291 1284 ἀντέφησε
1321 1214 1458 1277 Παῖς
1486 1213 1652 1284 ὲμός;

417 1308 572 1376 Ἄγιν.
601 1305 714 1360 Οὐκ
737 1301 889 1360 εἷπεν
907 1305 1079 1373 οὐδὲν,
1112 1305 1285 1376 πλήνί
1339 1306 1566 1375 ἙταΨ,
1590 1305 1681 1375 ἐφ’
1710 1305 1756 1370 ᾧ
1779 1305 1950 1376 πάρει
1971 1324 1992 1373 ;

417 1397 601 1469 Ἀφαρ
637 1396 682 1450 δ’
720 1396 908 1452 ἔϐαλον
935 1399 1124 1470 χεῖρας
1147 1399 1197 1452 οἱ
1245 1399 1537 1472 μιαιφόνοι.

415 1486 520 1543 185
547 1489 763 1561 Ἀμμες
791 1489 838 1543 δ’
866 1489 1094 1559 ἀφέντες
1131 1489 1290 1554 ἄλλος
1317 1491 1452 1562 ἄλλῃ
1484 1489 1773 1564 φεύγομεν.

1235 271 1577 328 APPENDIX
1616 271 1708 328 AD
1749 272 1807 330 S.
1851 271 2184 329 GREGORII
2226 273 2478 329 TllEOL.
2519 271 2849 328 CARMINA.

3568 261 3670 321 152

2017 395 2063 472 Α
2093 391 2296 463 Πέτρος
2325 392 2370 446 δ’
2408 394 2436 444 ὁ
2468 390 2676 452 κλεινὸς
2704 389 2796 442 καὶ
2825 388 3001 456 λόγοις
3029 385 3308 439 ἁπείπετο.

2094 483 2266 546 Μόνος
2291 483 2336 535 δ’
2375 480 2684 552 ὲπιστήῦιος
2715 480 2885 532 εἵπετ’
2919 478 3184 548 ἀτρέμας,

2095 576 2280 640 Ἔδοξε
2311 575 2356 628 δ’
2389 575 2552 636 αὐτὸς
2585 572 2692 627 ὑπό
2731 589 2822 623 του
2863 569 3181 632 πεπυθέναι,

2091 666 2225 736 Σιγῇ
2257 663 2526 732 λέγοντος,
2555 663 2630 724 ὼς
2665 659 2799 730 πρὸς
2829 659 2986 712 αὐτὸν
3019 658 3197 731 ἠρέμα

2092 756 2194 812 190
2233 757 2336 808 Τὸν
2365 753 2661 825 δύστροπον
2692 751 2902 822 πράτην
2933 767 2995 819 γε
3025 749 3116 802 τοῦ
3147 747 3475 800 Διδασκάλου
3497 762 3512 777 ·

2180 866 2199 898 ι
2232 846 2344 917 Τῆς
2376 845 2657 906 ἀσεϐείαςὲ
2694 837 2738 895 ὧ
2769 842 2903 904 τάλ’,
2939 841 2999 894 οὑ
3036 840 3173 909 φοϐῇ
3221 839 3384 904 Θεόν;

2093 941 2167 992 Οὐ
2199 937 2397 1009 Θεσμὸν
2429 937 2548 1009 αἰδῇ
2582 932 2688 990 τῶν
2724 933 2929 1006 βροτῶν
2963 930 3062 1001 τῆς
3095 929 3314 994 οὐσίας;

2104 1031 2274 1102 ’Λδάμ
2303 1047 2362 1082 τε
2394 1029 2485 1082 τὸν
2517 1028 2814 1098 σπείραντα
2844 1024 3050 1094 γηγενῆ
3085 1022 3303 1091 στάχυν,

2091 1123 2202 1176 Καὶ
2242 1121 2584 1192 πατριάρχας
2613 1116 3003 1187 ἐκλελεγμένου
3042 1113 3263 1182 γένουςς

2096 1215 2197 1270 195
2244 1213 2472 1284 Μύστης
2511 1210 2719 1280 φανεὶς,
2767 1209 2830 1261 σὺ
2867 1204 3226 1277 συμμαθητάς
3259 1201 3565 1273 αἰσχύνειςο

2094 1306 2198 1360 Τὸν
2228 1303 2602 1373 Μυσταγωγὺν
2623 1343 2638 1368 ,
2671 1300 2771 1370 φεῦ
2801 1301 2814 1354 l
2851 1298 3078 1370 προδοὺς
3105 1294 3366 1366 ἀργυρίου

2093 1395 2420 1468 Προῦδωκας
2449 1393 2609 1447 αὐτὸν
2645 1395 2722 1455 εἰς
2756 1390 2912 1460 φόνον
2961 1388 3282 1459 μιαιφόνοις.

2097 1488 2213 1542 Οὐκ
2241 1483 2414 1551 εἶπεν,
2448 1485 2506 1538 οὐ
2554 1484 2653 1554 σῆς
2692 1483 3031 1553 προνοήσατο
3069 1477 3285 1552 φρενὸς,

917 1729 1054 1803 gum
1089 1730 1420 1803 autemuhaec
1451 1732 1677 1803 insolito
1715 1731 1879 1787 modo
1918 1731 2318 1803 discipulorum
2351 1742 2514 1784 aures
2542 1723 2929 1798 perculissent,

918 1799 1082 1855 Venit
1109 1816 1234 1854 cum
1269 1801 1400 1863 illis,
1435 1802 1500 1856 ad
1533 1802 1710 1856 locum
1744 1803 2026 1865 torrentis,

916 1871 1024 1941 175
1054 1869 1138 1924 Ad
1173 1872 1414 1935 hortum,
1439 1887 1548 1940 quo
1576 1873 1775 1941 sazpius
1801 1887 1861 1927 se
1890 1872 2229 1933 conferebat,

916 1940 1087 2006 Quem
1122 1941 1267 1995 haud
1295 1942 1548 1996 nesciens
1580 1940 1830 1996 venditor
1856 1941 2032 1996 media
2067 1951 2226 1998 nocte

915 2008 1220 2082 Praevertit,
1253 2025 1446 2082 agmen
1479 2012 1836 2082 scelestorum
1865 2011 2093 2081 ducens,

917 2080 1183 2151 $icarios,
1223 2088 1279 2135 et
1297 2080 1598 2135 audaciam
1633 2081 1905 2151 spirantes
1942 2101 1954 2136 :

917 2149 1021 2221 Qui
1049 2158 1104 2221 et
1126 2151 1415 2216 accedens,
1451 2159 1510 2221 ut
1535 2149 1764 2214 amicus,
1791 2151 1858 2204 ad
1889 2149 2228 2221 Magistrum,

917 2219 1021 2290 180
1061 2220 1256 2290 Dicens
1289 2239 1301 2275 :
1335 2221 1441 2275 Ave
1473 2220 1662 2281 Rabbi,
1696 2236 1819 2275 eum
1853 2217 2158 2276 oscultatus
2187 2231 2272 2275 est
2302 2217 2524 2290 perﬁde.

921 2289 1274 2361 Qeip.7Eheu,
1306 2291 1442 2346 eheu
1467 2293 1478 2344 !
1525 2291 1656 2360 quid
1684 2291 1926 2361 atr_ocius
1955 2292 2081 2361 quis
2111 2306 2280 2346 ausus
2304 2287 2546 2345 fuisset?

918 2357 1725 2442 Ecquiduaduhunerespondit
1755 2358 1924 2442 Filius
1960 2357 2155 2442 meus?

920 2428 1090 2501 Nunt.
1123 2429 1270 2501 Nihil
1302 2432 1464 2493 dixit,
1498 2428 1606 2486 nisi
1645 2451 1658 2485 :
1691 2431 1884 2496 Amice,
1922 2432 1991 2484 ad
2019 2431 2145 2501 quid
2180 2429 2407 2485 venisti?

919 2499 1226 2570 Statimque
1262 2500 1363 2569 ipsi
1396 2517 1590 2556 manus
1619 2501 1923 2568 injecerunt
1955 2499 2229 2557 scelerati.

919 2569 1024 2641 185
1046 2567 1158 2641 Νοὲ
1197 2567 1399 2631 autem.
1432 2587 1499 2626 eo
1528 2571 1743 2634 relicto,
1780 2571 1921 2626 alius
1961 2571 2071 2625 alio
2102 2570 2414 2641 eﬂugimus.

915 2636 1113 2712 Betrus
1137 2640 1374 2712 inclytus
1408 2641 1583 2710 ipsum
1617 2641 1798 2712 verbis
1823 2643 2131 2712 abnegavit.

920 2709 1105 2780 §olus,
1136 2711 1228 2780 qui
1253 2709 1468 2780 pectori
1505 2711 1770 2774 incubuit,
1803 2709 2028 2766 secutus
2057 2718 2140 2767 est
2172 2711 2386 2779 quiete;

918 2776 985 2850 Et
1017 2776 1320 2850 ipsiivisu'm
1353 2788 1437 2835 est
1475 2781 1709 2850 aliquem
1739 2780 1978 2850 audisse,

919 2848 1022 2919 Qui
1051 2849 1321 2904 submissa
1358 2865 1510 2914 voce,
1542 2848 1596 2905 et
1628 2849 1790 2905 veluti
1827 2852 2002 2905 solum
2038 2851 2117 2906 sic
2157 2849 2528 2919 alloqueretur

921 2918 1026 2974 190
1050 2919 1334 2990 Βριᾱίιυιη
1364 2921 1607 2990 Magistri
1644 2921 1731 2975 sui
1763 2920 2094 2975 venditorem
2127 2937 2140 2975 :

989 3007 1008 3039 ‹
1050 2987 1206 3060 Vah!
1241 2985 1478 3060 impium'
1504 2991 1722 3046 scelus!
1761 3004 1794 3044 ο
1826 2992 2012 3056 miser,
2043 3005 2221 3060 neque
2250 2988 2411 3060 times
2443 2985 2655 3043 Deum?

907 3054 1094 3130 Eeque
1126 3059 1291 3130 ullam
1320 3054 1526 3116 vereris
1556 3063 1724 3130 legem
1757 3061 1972 3128 generis
2000 3054 2270 3114 humani?

908 3125 1094 3202 Ecque
1125 3129 1296 3182 Adam
1331 3125 1816 3202 terrigenw'spicaa
1855 3137 2117 3202 satorem,

906 3195 985 3250 Ne
1005 3195 1096 3252 'ue
1127 3195 1657 3266 patriarchas'eleeti
1684 3195 1958 3270 generis?

908 3215 1020 3322 ιθξ
1046 3266 1360 3322 Discinulus
1387 3271 1630 3322 habitus.
1665 3276 1789 3322 tuos
1821 3270 1952 3322 soda

1046 3265 1360 3338 Discipulus
1387 3271 1630 3335 habitus,
1665 3265 1789 3325 tuos
1821 3270 2038 3324 sodales
2064 3268 2333 3325 dedecore
2365 3265 2574 3334 amcis;

908 3334 1288 3421 hiysterioritm
1329 3342 1648 3421 magistrum
1678 3343 1907 3421 pecunia
1929 3341 2223 3421 venditum

907 3406 987 3479 At]
1019 3407 1189 3476 ipsam
1215 3406 1447 3464 mortem
1476 3406 1722 3464 barbaris
1753 3409 2065 3479 prodidisti.

903 3475 1092 3532 Nonne
1123 3481 1380 3546 prrecavit
1410 3480 1529 3543 tibi,
1573 3475 2009 3550 przemonuitque
2042 3479 2228 3535 animo

419 3669 566 3725 venit
586 3683 686 3723 vox
713 3668 781 3724 de
810 3671 969 3737 coelo,
999 3671 1158 3727 Joan.
1184 3689 1282 3736 xu,
1309 3674 1400 3739 29,
1433 3673 1525 3728 sed
1561 3674 1693 3728 nihil
1721 3675 1827 3729 tale
1851 3689 1986 3730 eon-

417 3741 560 3809 tigit,
589 3754 713 3812 cum
752 3742 928 3796 oravit
962 3752 1082 3812 post
1124 3744 1366 3797 ultimam
1415 3759 1652 3807 cumam,
1703 3760 1803 3800 nec
1838 3748 1985 3801 ullus

419 3810 873 3882 evangelistarum
904 3810 1006 3867 hoc
1036 3822 1224 3866 narrat
1255 3814 1571 3882 contigisse.

491 3880 593 3955 174
623 3880 784 3935 Ἦκει
808 3883 956 3955 apag
981 3885 1220 3948 αὐτούς.
1263 3880 1422 3955 Venit
1443 3900 1560 3936 cum
1591 3884 1698 3938 illis
1722 3884 1988 3955 (discipu-

418 3948 556 4022 lis);
583 3955 761 4022 rarior
793 3948 1044 4020 equidem
1089 3955 1214 4008 talis
1261 3953 1422 4022 hujus
1450 3948 1861 4022 praepositionis
1889 3948 1987 4010 ac-

417 4021 636 4095 ceptio._
654 4020 758 4076 Sed
792 4023 926 4076 nihil
955 4023 1103 4095 aliud
1127 4038 1259 4079 sane
1291 4020 1408 4077 vult
1437 4020 1629 4078 auctor
1652 4040 1812 4094 quam
1841 4025 1986 4095 quod

419 4092 586 4144 rel'ert
612 4089 770 4144 Joan.
807 4107 962 4155 xvm,
995 4093 1044 4146 1.

489 4160 610 4215 177.
658 4161 798 4214 Téw.
830 4161 965 4217 Male
989 4161 1118 4217 edit.
1145 4161 1259 4217 τοῦ.

488 4230 592 4284 186
633 4230 686 4282 Ὀ
713 4232 971 4298 κλεινός,
1009 4241 1116 4287 etc.
1147 4231 1224 4288 De
1258 4249 1358 4290 suo
1409 4235 1558 4291 addit
1587 4233 1751 4290 Roill.
1781 4232 1980 4289 audax.

2069 3731 2074 3738 ,
2159 3675 2260 3732 187
2290 3675 2581 3747 Ἂτρέμας.
2617 3674 2826 3742 Quiete,
2855 3675 3085 3729 silentio.
3106 3673 3327 3729 Rolllet.
3355 3692 3370 3728 :
3408 3671 3555 3728 Nihil
3587 3675 3658 3728 ti-

2085 3764 2248 3801 mens.

2160 3817 2264 3872 192
2300 3817 2416 3884 Τῆς
2438 3817 2671 3882 οὐσίας.
2696 3815 2944 3883 Roillet.,
2972 3817 3143 3869 Juris.

2158 3888 2260 3942 195
2292 3887 2643 3955 Σπείραντα.
2690 3885 2764 3938 Ita
2799 3885 2931 3956 Reg.
2977 3887 3100 3940 cod.
3153 3884 3296 3938 Etlit.
3349 3885 3659 3956 σπείροντα.

2085 3957 2165 4012 Ita
2203 3957 2312 4012 tere
2345 3957 2482 4010 Med.
2515 3972 2657 4020 vers.
2686 3957 2788 4009 479
2816 3976 2828 4010 :

2396 4027 2507 4079 Καὶ
2541 4026 2845 4096 σπεροῦντα
2879 4025 3174 4096 Θανάσιμον
3204 4025 3362 4094 γύην.

2397 4102 2463 4148 Et
2498 4098 2786 4148 seminares
2823 4097 3063 4148 Iethalem
3103 4107 3340 4165 segetem.

2162 4165 2264 4220 194
2301 4165 2762 4234 Ἐκλελεγμένου
2785 4166 3019 4234 γένους.
3055 4163 3245 4228 Electi,
3280 4167 3456 4229 idest,
3489 4163 3650 4219 Israe

2091 4235 2253 4290 tilica:
2280 4237 2478 4306 gentis;
2513 4252 2612 4290 nec
2639 4235 2773 4290 bene
2801 4234 2988 4300 ιιοιιι.,
3020 4235 3236 4291 Generis
3271 4238 3473 4306 antiqui
3497 4236 3655 4290 viros.

1699 4417 2033 4477 METRICA
2072 4413 2368 4476 VERSIO.

415 4601 542 4657 Ilaec
571 4601 788 4656 insueto
823 4616 948 4655 eum
985 4603 1149 4658 modo
1178 4606 1440 4660 comitum
1469 4605 1718 4660 omnium

412 4674 590 4746 aures
617 4672 1000 4746 perculissent,
1031 4677 1230 4744 saepius
1258 4693 1367 4746 quo
1391 4682 1610 4745 cogeret

413 4742 1001 4816 9mnes_ad_hort_um,
1037 4742 1190 4813 parte
1217 4742 1325 4816 qua
1353 4742 1570 4800 torrens
1601 4759 1756 4816 aqua:

412 4810 854 4886 Praeterﬂuebat,
879 4811 986 4867 huc
1011 4810 1189 4886 coegit
1219 4810 1250 4870 τ’
1266 4817 1510 4886 perditus

413 4882 585 4955 Quem
625 4897 733 4955 non
760 4890 815 4936 et
844 4883 960 4950 ipse
986 4882 1328 4955 callidusque
1359 4885 1611 4941 venditor

415 4951 647 5024 Oblitus,
679 4953 790 5005 alta
817 4962 978 5007 nocte
1005 4951 1302 5024 praevertit,
1340 4971 1560 5009 manum

417 5023 756 5094 Sicariorum
786 5023 933 5094 caede
957 5023 1128 5078 multa
1158 5026 1457 5094 insignium

413 5093 767 5165 Audaciaque
798 5093 908 5165 (lux
941 5096 1162 5165 trahens
1191 5113 1203 5148 :
1237 5093 1330 5165 qui
1363 5101 1651 5165 postquam
1675 5108 1742 5165 ego

415 5161 601 5234 Yenit,
629 5161 691 5216 ut
723 5163 933 5216 amicus
962 5164 1029 5216 ad
1064 5161 1387 5234 magistrum
1427 5183 1438 5217 :
1476 5161 1579 5218 Ᾱυε
1610 5163 1766 5226 Rabi,

415 5231 636 5303 {)icens,
668 5247 792 5288 eum
822 5235 1002 5300 ipsum
1031 5243 1116 5288 est
1144 5231 1429 5290 osculatus
1452 5235 1682 5303 perlide.

415 5300 569 5374 _Deip.
599 5302 779 5374 Eheu!
821 5304 945 5371 quis
978 5319 1216 5374 unquam
1252 5300 1469 5358 facinus
1506 5306 1608 5359 hoc
1639 5303 1882 5374 atrocius

415 5371 731 5442 Patrasset?
761 5388 880 5442 age,
907 5371 1168 5440 quidnam
1203 5389 1358 5429 meus
1384 5375 1439 5428 in
1469 5374 1617 5428 hunc
1652 5372 1860 5427 Filius?

417 5439 588 5494 Nunt.
621 5441 709 5497 Nil
745 5439 966 5512 gravius
1012 5445 1068 5498 in
1099 5459 1225 5499 eum
1261 5445 1582 5515 quidquam,
1623 5443 1765 5565 οξ.ἱῖ
1805 5444 1982 5566 solum

1661 5530 1736 5566 ιιι]
1771 5529 1801 5566 ιι
1831 5523 1872 5566 ιι
1897 5533 1910 5566 ;

1685 5514 1910 5568 intulit:

1661 5531 1774 5585 ltnu

414 5577 618 5653 Amice,
652 5580 902 5650 quidnam
931 5584 1030 5637 huc
1065 5583 1319 5639 advenis?
1355 5581 1492 5638 Tum
1521 5585 1774 5653 protinus

415 5646 630 5718 lnjecue
663 5646 739 5705 ἰη
795 5653 948 5708 illum
1003 5654 1250 5709 barbara:
1297 5654 1456 5708 hinc-
1485 5646 1648 5723 eique
1707 5655 1835 5779 Ιιὶρο
1872 5667 1984 5705 ma-

1789 5739 1913 5777 nus.

1789 5739 1913 5777 llllS.

2017 4635 2058 4689 Β
2088 4603 2214 4689 Ipso
2244 4604 2457 4686 relicto,
2488 4618 2592 4689 nos
2612 4603 2753 4689 alius
2777 4603 2885 4689 alio
2916 4603 3096 4685 fugam

2091 4675 2466 4742 Arripuimus.
2495 4675 2633 4740 Quin
2666 4676 2768 4728 iste
2796 4673 2990 4728 Petrus
3023 4674 3261 4743 inclytus

2091 4745 2413 4813 Audaxque,
2452 4744 2631 4797 verbis
2659 4745 2943 4813 abnegavit
2973 4745 3118 4798 hunc
3151 4744 3269 4798 suis
3298 4761 3311 4797 :

2095 4813 2260 4883 _Solus
2294 4821 2536 4878 secutus,
2568 4815 2643 4866 nil
2671 4815 2894 4876 timens,
2926 4815 3018 4883 qui
3048 4815 3257 4883 pectori

2090 4881 2342 4938 Incubuit
2370 4883 2533 4952 hujus
2563 4902 2573 4936 :
2603 4883 2734 4952 quin
2770 4884 2900 4936 mihi
2930 4881 3119 4938 vide—or
3146 4898 3363 4952 quoque

2090 4953 2326 5022 Audisse
2351 4954 2660 5022 quemdam,
2686 4953 2992 5006 clanculum
3026 4953 3118 5022 qui
3155 4953 3424 5022 perditum

2090 5021 2160 5077 Et
2191 5021 2568 5078 veluti’solum
2596 5024 2930 5077 venditorem
2961 5021 3087 5077 Heri
3128 5021 3211 5078 sui

2092 5092 2190 5148 llis
2226 5095 2543 5148 conveniret
2571 5094 2798 5146 vocibus
2835 5093 3259 5147 demurmurans
3287 5112 3298 5145 :

2167 5181 2186 5213 ι
2225 5163 2366 5216 Vah!
2400 5163 2625 5232 impium
2655 5163 2863 5216 scelus!
2901 5177 2934 5215 o
2965 5165 3154 5228 miser,
3187 5178 3289 5216 nec
3325 5169 3380 5216 tu
3413 5161 3580 5218 Deum

2093 5232 2290 5287 Metuis
2320 5248 2420 5287 nec
2453 5233 2614 5285 ullam
2644 5233 2787 5300 juris
2819 5233 3042 5286 humani
3075 5233 3232 5286 times

2094 5302 2313 5373 Legem,
2344 5313 2398 5355 et
2420 5313 2656 5373 satorem
2690 5309 2882 5373 terrea:
2921 5304 3086 5371 spica:
3115 5303 3406 5366 Adamum,

2094 5372 2160 5442 Et
2181 5372 2534 5442 patriarchas
2552 5372 2786 5442 generis
2808 5373 3014 5441 antiqui
3049 5373 3236 5426 viros?

2092 5441 2402 5512 Discipulus
2439 5441 2763 5512 habitus,tu
2795 5457 3009 5510 gregem
3043 5444 3249 5497 socium
3280 5450 3406 5496 nota

2092 5511 2270 5567 lnuris
2308 5515 2616 5574 inhonesta,
2658 5511 2739 5565 sic
2777 5526 3057 5565 sacrorum
3095 5512 3340 5580 principe

2092 5584 2298 5635 Aurum
2331 5582 2400 5635 ob
2426 5596 2648 5634 avarum
2677 5582 2915 5643 vendito,
2948 5590 3002 5633 ut
3034 5591 3087 5634 tu
3119 5581 3378 5650 pruderes

2095 5651 2230 5704 Eum
2269 5652 2512 5705 cruentis
2549 5651 2614 5702 ad
2647 5665 2836 5705 necem
2867 5651 3039 5704 diram
3076 5653 3229 5706 viris.

2094 5720 2282 5777 Nonne
2310 5722 2400 5777 ille
2431 5731 2664 5777 mentem
2699 5720 2856 5787 dixit,
2892 5730 2945 5778 et
2980 5722 3136 5777 scivit
3167 5731 3338 5788 tuam,
