4098 6340
359 407 468 462 153

357 523 589 575 Σκοπεῖν
620 523 706 591 ἐφ’
747 517 856 576 οἷσι
885 521 980 576 νῦν
1008 520 1151 576 ἑκὼν
1183 521 1506 590 ἀλγύνεται;

357 615 465 668 200
506 615 576 666 Σὺ
606 613 650 665 δ’
677 614 778 666 οὐκ
807 614 1037 683 ἀνέσχου
1058 628 1072 641 ·
1108 615 1396 684 τοιγαροῦν
1433 614 1616 684 γνοίης
1658 617 1829 684 τάχει.

361 701 434 756 Εὖ
476 705 528 772 γ’
559 704 688 765 ἴσθι,
719 705 927 777 πατρὸς
955 707 1176 770 εὐσεϐὲς
1211 705 1404 759 θάλπει
1439 706 1611 774 γένος.
1833 687 1842 695 ”

361 800 424 850 ΕΞ
461 799 534 870 μὴ
564 798 671 869 γὰρ
694 800 878 870 ὅρκοις
919 801 1168 872 Ἀϐραὰμ
1199 801 1492 870 ὑπεσχέθη,

362 894 479 944 Οὐκ
512 891 576 944 ἄν
610 892 728 944 ποτ’
757 892 882 961 ἔσχε
917 892 990 963 μὴ
1021 892 1137 946 τάδ’
1172 893 1472 958 ὑπεξιέναι,

364 981 677 1034 Κάντεῦθεν
709 983 835 1052 ὑμῖν
868 983 1158 1035 ἀποδοῦναι
1191 983 1289 1052 τὴν
1316 982 1490 1053 δίκην.

360 1074 470 1127 205
510 1077 695 1137 Δοκείς
724 1074 832 1146 γὰρ
862 1074 1024 1127 αὑτὸν
1054 1074 1168 1127 τάδ’
1197 1075 1495 1144 ὑποστῆναι
1529 1075 1698 1144 πάθη,

361 1167 426 1218 Εἰ
468 1169 538 1236 μή
570 1183 623 1218 τι
661 1167 1010 1237 κερδαίνοντα
1050 1165 1342 1219 κάντεῦθεν
1377 1167 1554 1235 μέγας

362 1257 477 1310 Νῦν
507 1259 552 1311 δ’
587 1259 651 1311 ὲκ
680 1257 871 1328 χθονὸς
903 1258 1000 1329 μὲν
1029 1253 1128 1311 ὦκ’
1162 1258 1228 1311 ἂν
1264 1259 1480 1329 ἔρχεται
1513 1258 1695 1323 πάλιν,

362 1344 584 1408 Καινῶς
616 1345 809 1400 ἄνεισι.
842 1346 998 1412 Σίγα,
1034 1345 1243 1414 δέξεται
1275 1346 1477 1418 κρίσιν.

375 1439 549 1508 Ἐρῶν
577 1437 697 1491 καθ’
733 1438 887 1510 ὑμῶν
925 1439 1097 1510 Πατρὶ
1127 1441 1227 1511 σὴν
1261 1439 1554 1510 ἁμαρτίαν,

361 1531 468 1584 910
511 1529 656 1584 Λαοῦ
695 1548 754 1583 τε
782 1530 938 1584 τοῦδε
979 1531 1234 1601 μαινόλου
1272 1532 1592 1601 τολμηρίαν,

376 1621 464 1684 Ὡς
495 1622 588 1676 καὶ
617 1625 846 1692 προεῖπε
883 1622 1106 1675 Δαυΐδου
1141 1621 1359 1694 γλώσσῃ
1394 1622 1558 1677 πάλαι

1706 404 2056 461 CHRISTUS
2093 404 2408 462 PATIENS.

1970 536 2013 586 Α
2046 525 2156 577 Οὐκ
2187 523 2472 592 ἀγνοῶντι,
2509 522 2600 576 καὶ
2633 521 2738 592 πρὸ
2767 522 2866 592 τῆς
2903 521 3233 593 τολμηρίαςο
3319 566 3326 574 .

3509 403 3617 459 154

2046 617 2247 686 Πλήσει
2273 633 2332 668 τε
2368 617 2548 667 πᾶσαν
2578 617 2738 680 γαῖαν
2785 614 3012 680 ἐνδόξων
3041 614 3233 682 λόγων,

2046 707 2263 776 Ἔργων
2290 723 2348 756 τε
2384 704 2629 766 κλεινῶν,
2678 704 2883 774 μυρίων
2927 704 3272 775 Θαυμασίων·

2043 797 2148 848 “.215
2188 795 2421 864 Ὂψεσθε
2450 796 2492 846 δ’
2524 797 2580 847 ὲν
2608 796 2816 864 [ἰατρὸς
2848 797 3092 864 μολοῦντ’
3133 792 3288 860 αὖθις
3315 796 3482 863 κλέει,

2043 887 2239 957 Κρίσιν
2269 888 2504 957 φέροντα
2537 887 2669 950 ζῶσι
2698 890 2791 940 καὶ
2833 887 3169 958 τεθνηκόσιν,

2044 982 2154 1032 Καὶ
2186 983 2318 1034 πᾶσι
2351 981 2663 1052 παρέχοντα.
2706 980 2767 1033 τὸ
2805 982 2925 1032 κατ’
2955 981 3130 1046 ἀξίαν.

2045 1071 2169 1135 Πῶς
2199 1073 2330 1140 γοῦν
2373 1072 2635 1143 προσόψει
2668 1072 2729 1124 σύ
2760 1089 2820 1124 τε
2851 1074 2944 1125 καὶ
2979 1072 3270 1142 μιαιφόνοι,

2046 1164 2116 1215 Ἢ
2155 1167 2312 1216 ποῖαν
2342 1165 2442 1217 οὐκ
2469 1163 2701 1216 ἐκτίσετ’
2732 1163 2938 1216 ἔνδικον
2982 1163 3155 1228 τίσιν;

1966 1271 1968 1273 ·
2043 1255 2148 1310 2‘20
2194 1255 2341 1326 Πλὴν
2371 1255 2464 1309 καὶ
2496 1257 2601 1327 πρὸ
2637 1254 2787 1308 τοῦδε
2814 1255 2980 1308 τίσετ*
3023 1255 3227 1309 ἔνδικον
3255 1255 3416 1318 τίσιν,

2046 1350 2106 1401 Εἰ
2153 1349 2226 1418 μὴ
2260 1349 2428 1418 χέρας
2462 1348 2679 1417 νίψεσθε
2709 1347 2808 1410 τὰς
2844 1348 3177 1417 μιαιφόνους,

2051 1441 2170 1502 “Ag,
2209 1439 2276 1509 ἢν
2313 1440 2502 1509 θέλητε
2537 1440 2640 1493 κᾶν
2677 1441 2842 1493 τανῦν
2871 1439 3124 1505 ξυνιέναι,

2047 1531 2218 1594 Αὐτὸς
2252 1535 2431 1602 ῥυτοῖς
2459 1533 2696 1603 νάμασιν
2730 1532 3120 1604 ἀπομόρξεται.

2047 1617 2127 1675 Ἦ
2160 1625 2258 1695 σῆς
2290 1642 2354 1693 γε
2389 1625 2595 1696 τόλμης
2625 1625 2721 1679 νῦν
2754 1625 2932 1698 μάθῃς
2976 1621 3322 1694 γεγευμένος,

913 1778 1150 1846 rspicere
1182 1792 1247 1832 ea
1281 1792 1518 1847 quorum
1546 1777 1722 1846 gratia
1758 1777 1952 1833 volens
1988 1778 2042 1832 in
2074 1777 2264 1834 dolore
2289 1782 2584 1836 versatur?

863 1846 971 1901 200
1009 1849 1093 1902 Tu
1132 1863 1264 1902 vero
1299 1846 1563 1913 noluisti;
1596 1849 1758 1917 igitur
1797 1864 1922 1902 mox
1953 1851 2177 1904 senties.

863 1917 1027 1988 Certo
1061 1920 1226 1980 scias,
1257 1919 1429 1987 patris
1462 1918 1608 1985 pium
1651 1918 1794 1972 fovet
1825 1935 2016 1988 genus.

864 1986 979 2058 l‘iisi
1017 2003 1162 2043 enim
1193 1986 1429 2042 Abrahae
1457 1986 2053 2058 jurejurando—fuisset
2083 1990 2367 2054 astrictus,

863 2057 1156 2128 Nunquam
1187 2059 1304 2113 haec
1333 2057 1508 2113 inulta
1539 2059 1786 2123 sivisset,

862 2128 1126 2201 Aevobis
1160 2144 1375 2198 poenam
1411 2129 1704 2184 confestim
1737 2129 2056 2201 irrogasset.

863 2198 977 2272 _2_0_5_
1000 2199 1084 2252 An
1113 2201 1316 2254 etenim
1346 2208 1508 2272 putas
1544 2201 1723 2270 ipsum
1762 2198 1890 2254 talia
1921 2216 2143 2272 passum
2182 2199 2377 2264 fuisse,

863 2267 982 2340 Nisi
1010 2285 1270 2339 magnum
1301 2267 1496 2326 erinde
1529 2267 1902 2340 perspexisset
1921 2267 2405 2326 emolumentum?

863 2338 933 2392 At
964 2338 1354 2409 nunc’quidem
1401 2338 1648 2395 mox—ille
1679 2348 1827 2395 terra
1860 2358 1917 2398 se
1961 2343 2135 2404 elfert,

864 2410 1325 2531 3220-1221
1359 2410 1786 2480 Mirabiliterque
1814 2413 2082 2468 ascendit.
2125 2411 2271 2477 Sile,
2301 2411 2570 2484 judicium
2608 2411 2822 2483 arripit,

913 2483 1163 2531 eclarans
1193 2484 1484 2531 adversum
1519 2497 1616 2531 vos
1643 2480 1794 2531 Patri
1829 2490 1982 2531 tnnm
2013 2484 2226 2531 scelus-

913 2483 1163 2536 eclarans
1193 2484 1484 2537 adversum
1519 2497 1616 2537 vos
1643 2480 1795 2536 Patri
1829 2490 1982 2537 tuum
2013 2484 2226 2548 scelus,

865 2549 973 2622 210
1004 2549 1294 2622 Plebisque
1332 2551 1496 2622 hujus
1527 2562 1767 2607 cruenta:
1783 2552 2094 2622 audaciam,

869 2619 1024 2692 Sicut
1055 2621 1184 2692 olim
1206 2619 1321 2692 'ore
1343 2619 1515 2676 David
1544 2622 1800 2692 praedixit

866 2689 1022 2774 Haud
1051 2691 1364 2774 ignorant_i,_
1389 2689 1706 2774 priusquam
1736 2694 1856 2774 haec
1887 2692 2134 2774 facinora
2167 2693 2485 2774 evenirent;

867 2759 1173 2836 Totamque
1202 2759 1670 2836 replebit‘terram
1702 2764 1853 2819 claro
1884 2766 2008 2836 lidei
2037 2766 2332 2836 praeconio,

865 2832 1614 2906 pperibusquemagniﬁcis,
1639 2832 2058 2906 innumerisqué
2098 2835 2381 2891 miraculis
2411 2855 2424 2890 :

865 2900 973 2974 215
998 2900 1266 2974 Videbitis
1294 2900 1482 2974 autem,
1501 2904 1555 2956 in
1587 2903 1767 2974 Patris
1803 2900 1984 2974 gloria
2007 2906 2209 2962 iterum
2239 2908 2574 2972 venientem,

869 2971 1101 3044 Mortuis
1118 2987 1194 3044 ac
1223 2974 1362 3027 vivis
1390 2973 1655 3044 judicium
1681 2971 1944 3030 ferentem
1967 3019 1982 3042 ,

867 3039 934 3115 Et
957 3043 1214 3115 omnibus
1237 3039 1405 3115 juxta'
1421 3059 1518 3099 sua
1553 3045 1749 3099 merita
1775 3039 2191 3115 rependentem.

866 3110 1154 3184 Quomodo
1185 3115 1348 3184 igitur
1373 3114 1546 3183 ipsius
1569 3117 1779 3170 vultum
1811 3110 2180 3182 sustinebitis,
2206 3125 2264 3171 tu
2305 3127 2361 3172 et
2389 3117 2631 3182 scelesti,

869 3183 979 3256 ᾼμι
1008 3183 1224 3256 qualem
1257 3186 1457 3256 justam
1498 3201 1607 3256 non
1641 3186 1942 3242 exsolvetis
1973 3188 2232 3256 pmnam?

870 3253 984 3329 2βο
1007 3253 1112 3307 Sed
1143 3263 1268 3308 ante
1299 3255 1444 3329 hunc
1483 3255 1625 3329 diem
1649 3272 1866 3329 {equum
1899 3253 2158 3314 subibitis
2184 3257 2540 3329 supplicium,

871 3321 988 3395 Nisi
1015 3324 1512 3395 manusrsanguine
1540 3321 1778 3381 iniectas
1799 3328 2060 3391 abluetis,

873 3392 1125 3469 μεως,ιεί
1153 3392 1514 3469 velitis'nunc
1535 3396 1697 3469 etiam
1731 3398 2057 3469 intelligere,

871 3461 1253 3536 lpse__liquiilis
1284 3465 1505 3521 ﬂuentis
1535 3467 1897 3536 abstergeret.

869 3531 1142 3604 Intelliges
1162 3550 1318 3600 sane,
1350 3550 1475 3589 cum
1511 3543 1662 3592 tuam
1703 3531 2085 3608 degustaveris
2109 3539 2424 3604 audaciam,

436 3685 542 3764 ξολ
583 3686 761 3764 Ὑμῖν.
793 3686 895 3764 _lt_a
942 3689 1071 3761 legit
1114 3689 1505 3758 Combelisius,
1531 3693 1730 3749 melius
1779 3709 1946 3764 quam

361 3760 518 3827 ἡμῖν,
559 3769 616 3812 ιιι
656 3761 709 3812 in
745 3757 926 3814 editis.

436 3828 541 3882 ἓυὸ
571 3829 775 3895 Δοκεῖς
804 3828 1076 3903 po,_etc.
1113 3831 1169 3886 In
1199 3832 1306 3888 isto
1330 3849 1488 3888 versu
1523 3842 1577 3890 et
1614 3850 1730 3903 seq.
1767 3834 1950 3888 imita-

365 3909 467 3974 [ηιξ
495 3911 692 3974 auctor
721 3910 908 3974 noster
943 3901 1156 3974 Eurip.,
1193 3905 1339 3972 apud
1373 3920 1535 3974 quem
1572 3901 1760 3959 Medea
1801 3921 1946 3960 vers.

364 3969 473 4023 Γ)ύὸ
506 3979 560 4024 et
597 3971 703 4026 569
733 3972 814 4042 sic
843 3969 1093 4042 loquitur
1113 3973 1180 4028 de
1209 3969 1412 4029 Iasone
1440 3995 1451 4028 :

509 4045 698 4103 Δοκεῖς
725 4041 834 4113 γὰρ
864 4041 929 4095 ἂν
961 4060 1028 4112 με
1061 4043 1212 4096 τόνδε
1243 4045 1523 4098 θωπεῦσαί
1555 4047 1677 4098 ποτ’
1698 4044 1786 4111 ἂν,

508 4113 572 4164 Εἰ
611 4114 684 4186 μή
712 4129 762 4165 τι
796 4113 1182 4186 κερδαίνουσαν
1263 4117 1645 4185 τεχνωμένην;

367 4181 540 4235 Putas
575 4181 715 4236 enim
749 4199 831 4236 me
861 4181 1072 4237 blandis
1113 4181 1278 4240 verbis
1309 4181 1745 4254 compellaturum
1786 4186 1953 4255 fuisse

1627 4274 1856 4310 unauam

1627 4274 1694 4309 un
1733 4274 1856 4310 uam

366 4320 494 4396 Nisi
521 4323 723 4394 aliquid
754 4324 890 4378 lucri
916 4335 1184 4396 captarem
1215 4336 1308 4380 aut
1335 4256 1667 4381 machiuaiier
1683 4275 1728 4382 ?q
1863 4297 1879 4323 ’

436 4393 543 4468 g0?
581 4396 871 4468 Ἔρχεται.
904 4393 1097 4452 Melius
1124 4414 1287 4467 quam
1323 4399 1376 4451 in
1409 4397 1540 4452 edit.
1570 4397 1819 4468 ἔρχηται.

439 4464 547 4517 208
578 4461 819 4537 Δέξεται
855 4469 1076 4534 κρίσιν.
1106 4461 1468 4523 (Ῑοωὺοίίεἱυε
1502 4461 1616 4522 luee
1637 4461 1814 4521 'verba
1835 4468 1958 4537 jun-

367 4535 445 4604 git
470 4535 859 4610 sequentibus,
881 4538 1056 4610 Πατρὶ
1073 4538 1242 4609 σὴν...
1267 4539 1367 4590 οὐκ
1385 4538 1674 4606 ἁγνοῶντι.
1703 4535 1960 4592 Cum‘I’a-

368 4605 725 4672 trejudicium
746 4609 988 4677 accipiet,
1005 4605 1106 4662 'cui
1127 4605 1307 4662 notum
1330 4619 1408 4663 est
1430 4605 1600 4662 Scelus
1626 4619 1796 4673 mum,
1823 4619 1956 4672 ete.,

2051 3697 2118 3750 ad
2153 3696 2302 3764 quod
2354 3703 2545 3749 auctor
2591 3694 2827 3750 arcessit
2873 3692 3094 3751 Davidis
3138 3694 3523 3749 auctoritatem
3561 3708 3636 3764 ex

2052 3783 2133 3836 ps.
2169 3763 2293 3832 108,
2325 3784 2431 3836 qua
2461 3766 2541 3819 sic
2578 3765 2670 3820 Dei
2704 3765 3103 3835 praescientiam
3137 3772 3478 3836 contestatur
3507 3779 3519 3813 :
3558 3763 3638 3836 le-

2050 3834 2128 3905 git
2159 3839 2323 3892 etiam
2344 3834 2403 3890 in
2432 3837 2555 3890 cod.
2590 3834 2721 3906 lleg.
2755 3851 2852 3905 pro
2919 3836 3125 3902 ἀλγῶν,
3161 3834 3407 3906 ἀθυμῶν,
3430 3849 3559 3906 qua:
3585 3834 3639 3886 in

2051 3903 2234 3969 editis,
2259 3907 2399 3978 ἐρῶν
2425 3906 2547 3978 καθ’
2575 3903 2900 3976 agamus
2925 3907 3238 3978 lectiovera
3264 3903 3367 3975 ipSi
3390 3903 3637 3956 videtur:

2053 3993 2177 4030 nam
2211 3977 2432 4032 Christo
2484 3977 2537 4029 in
2581 3980 2781 4032 cmlum
2824 3984 3043 4046 recepto
3082 3977 3265 4032 dolere
3308 3985 3361 4031 et
3409 3987 3642 4030 interiere

2053 4065 2161 4101 non
2191 4049 2467 4102 convenit.

2120 4121 2226 4174 215
2265 4116 2557 4181 Ἐνδόξων
2584 4117 2801 4185 λόγων.
2832 4114 2912 4171 De
2939 4114 3220 4187 Evangelii
3245 4116 3559 4185 praedicatic
3574 4131 3642 4171 ne

2053 4190 2167 4243 haec
2201 4189 2446 4260 profecto
2482 4197 2618 4260 sunt
2651 4187 3027 4260 intelligenda.

2121 4255 2226 4314 2H3
2271 4261 2366 4311 Ἐν
2397 4258 2624 4326 Πατρός
2649 4256 2935 4326 μολοῦντ’
2961 4257 3130 4320 αὖθις
3161 4256 3343 4311 κλέει.
3369 4256 3434 4310 In
3460 4255 3639 4326 Patris

2050 4331 2224 4402 gloria
2252 4325 2537 4402 venieittem
2570 4344 2630 4402 ac
2654 4325 2937 4402 majestate
2965 4342 3101 4380 :nec
3121 4327 3258 4402 bene
3288 4325 3453 4402 Roill.
3482 4346 3497 4380 :
3527 4325 3639 4381 Pa-

2055 4395 2152 4454 iris
2185 4401 2304 4454 hinc
2337 4398 2404 4452 ad
2443 4400 2672 4469 gloriam
2715 4399 2819 4469 sui
2847 4413 3105 4451 reversus.
3156 4395 3209 4469 l_d
3247 4406 3372 4469 ante
3404 4397 3637 4469 dixerat,

2053 4473 2256 4536 καινῶς
2288 4467 2485 4535 ἄνεισι,
2514 4471 2611 4525 sed
2661 4469 2750 4522 hic
2791 4467 2859 4523 de
2896 4477 3143 4523 extremo
3161 4467 3372 4537 judicio
3401 4468 3640 4538 loquitur

2057 4552 2235 4613 poeta.

1655 4767 1991 4827 METRICA
2027 4766 2328 4828 VERSIO.

370 4889 447 4942 Ea
479 4888 748 4952 meditari,
777 4906 898 4959 quae
928 4889 1127 4944 lubens
1155 4896 1405 4960 propter,
1437 4905 1634 4943 cruces

369 4960 718 5012 Perfert?At
754 4962 941 5014 animo
973 4961 1068 5029 qui
1107 4971 1202 5014 tuo
1232 4962 1442 5014 nullum
1475 4961 1699 5014 modum

369 5030 528 5100 Tunc
558 5030 885 5092 adhibuisti,
913 5039 1104 5100 postea
1129 5031 1240 5099 jam
1275 5031 1502 5085 senties.

369 5099 530 5170 Pium
564 5101 652 5155 ille
682 5110 830 5155 certe
862 5099 1098 5155 sustinet
1130 5102 1301 5170 patris
1326 5118 1522 5170 genus.

371 5169 508 5224 Nam
537 5171 643 5224 nisi
673 5171 719 5226 is
753 5173 1027 5225 Abraham
1054 5169 1419 5241 jurejurando
1453 5175 1589 5224 l‘oret

372 5242 671 5304 Astrictus,
702 5242 803 5296 ista
834 5258 942 5295 non
967 5242 1176 5296 subiret
1201 5257 1322 5311 qua:
1345 5244 1522 5304 subit;

371 5312 487 5365 Nec
524 5311 652 5365 inde
683 5327 873 5380 poenas
905 5315 1169 5366 innocens
1198 5315 1530 5373 exsolveret,

373 5383 494 5437 Nisi
580 5389 728 5437 certa
801 5383 986 5453 magni
1057 5383 1186 5438 hinc
1265 5392 1513 5453 surgeret
1599 5399 1729 5454 spes
1799 5398 1952 5437 com-

1716 5454 1882 5510 modi.

374 5526 443 5578 At
471 5540 618 5578 nunc
644 5525 864 5595 quidem
898 5537 1020 5579 mox
1054 5524 1146 5579 ille
1174 5540 1233 5579 se
1264 5533 1407 5578 terra
1433 5525 1643 5591 ell‘eret,
1690 5455 1709 5527 [

376 5596 751 5664 Mirabilisque
783 5595 1041 5649 ascendet
1069 5598 1123 5647 in
1147 5595 1351 5649 caelum
1382 5613 1393 5647 :
1421 5597 1542 5660 sile,

373 5665 653 5719 Judicium
678 5679 728 5720 et
755 5668 896 5719 idem
927 5667 1194 5735 suscipiet
1225 5681 1332 5719 una
1355 5681 1456 5720 suo

374 5737 514 5789 Cum
543 5737 703 5790 Patre
727 5751 965 5789 moerens
995 5744 1050 5790 et
1075 5737 1266 5791 dolens
1302 5737 1372 5789 ob
1405 5737 1622 5790 noxiam

379 5805 674 5876 Bolamque
701 5807 884 5876 populi
913 5807 1182 5860 insaniam
1217 5808 1475 5861 audacem
1510 5809 1617 5871 sui,

378 5876 602 5934 Davidia
629 5878 758 5932 olim
795 5889 852 5932 ut
878 5893 974 5934 ore
1004 5878 1327 5949 pradictum
1362 5877 1482 5943 luit,

1990 4898 2033 4952 Β
2066 4889 2237 4954 Quem
2269 4907 2378 4944 non
2402 4898 2457 4944 et
2483 4905 2678 4945 ausum
2705 4889 2866 4943 etiam
2897 4897 3022 4944 ante
3048 4889 3341 4959 quidquam
3374 4888 3634 4957 praeterit,

2071 4961 2198 5026 Qui,
2231 4978 2336 5031 qua
2368 4961 2575 5030 patebit
2608 4969 2774 5026 terra;
2805 4975 3058 5014 sermone
3096 4961 3234 5031 hanc
3269 4967 3483 5030 potens,

2061 5030 2366 5086 Immensns
2405 5046 2596 5100 opere,
2621 5046 2848 5100 magnus
2879 5037 2933 5085 et
2964 5030 3230 5084 mirabilis

2063 5100 2257 5154 Totam
2296 5102 2545 5170 replebit,
2580 5099 2759 5154 Patris
2792 5100 2920 5152 hinc
2948 5101 3016 5154 ad
3051 5101 3280 5169 gloriam

2063 5170 2158 5224 Sui
2191 5186 2466 5233 reversus,
2502 5172 2591 5223 ille
2621 5171 2850 5223 mortuis
2877 5170 3075 5224 sedens

2061 5241 2321 5309 Vivisque
2346 5241 2518 5310 judex
2545 5240 2707 5309 «ligna
2738 5240 2896 5294 factis
2918 5240 3174 5292 omnibus

2059 5307 2276 5380 Aﬂquus
2310 5307 2590 5378 rependet.
2611 5307 2766 5379 Ergo
2795 5311 2890 5378 qui
2923 5312 3128 5380 vultum
3159 5307 3308 5380 illius

2059 5381 2126 5434 Et
2152 5379 2232 5444 tu,
2265 5391 2316 5435 et
2347 5382 2424 5434 tui
2468 5381 2555 5435 isti
2589 5381 2855 5447 sanguine
2881 5379 3088 5447 aspersi
3119 5379 3220 5430 viri

2061 5451 2198 5505 Tum
2240 5451 2564 5520 perl'crctis?
2601 5450 2748 5518 justa
2785 5465 2905 5518 quae
2934 5466 3041 5502 non
3080 5447 3275 5517 perditi

2061 5521 2299 5576 Solvetis
2326 5523 2401 5574 illi
2433 5521 2738 5590 supplicia?
2767 5520 2907 5586 Quin
2936 5522 2985 5574 ei
3014 5521 3156 5590 dicm

2062 5592 2219 5645 Hunc
2248 5600 2394 5654 ante,
2433 5589 2620 5660 punias
2652 5607 2750 5644 vos
2786 5591 2946 5643 luetis
2972 5589 3209 5651 debitas,

2065 5662 2185 5716 Nisi
2209 5663 2446 5715 abluatis
2472 5662 2738 5731 sanguine
2763 5660 2991 5714 infectas
3015 5673 3231 5731 manus,

2067 5735 2236 5797 Quas,
2274 5733 2318 5784 si
2351 5733 2530 5786 velitis
2561 5729 2706 5784 nunc
2732 5733 2813 5786 vel
2840 5732 3002 5783 etiam
3037 5729 3338 5796 attendere,

2069 5805 2167 5857 ltic
2197 5817 2261 5855 ex
2296 5801 2495 5855 ﬂuente
2529 5802 2633 5856 sibi
2666 5803 2876 5870 liquore
2902 5799 3243 5855 absterserit.

2067 5875 2135 5926 At
2176 5881 2231 5925 tu
2269 5872 2418 5929 brevi
2450 5888 2596 5928 nunc
2624 5889 2746 5928 cum
2788 5871 3146 5929 scelestorum
3171 5882 3334 5942 grege
