4176 6366
460 338 565 412 ςέο
1752 364 2096 421 CHRISTUS
2132 369 2441 430 PATIENS.

464 477 569 531 655
611 480 707 531 Ὃν
738 479 894 541 ἐλπὶς
924 473 992 549 ἦν
1024 474 1119 531 καθ
1156 480 1289 532 τόνδ’
1320 480 1583 534 ἀθάνατον
1617 483 1817 551 μένειν,

478 572 710 641 Ῥύστην
748 573 795 623 τ’
833 570 1050 623 ἔσεσθαι
1082 575 1282 635 παντὸς
1332 568 1546 643 Ἰσραὴλ
1580 576 1769 641 γένους
1813 592 1828 638 ;

538 668 705 734 "Ann
760 665 914 716 Ἐπεὶ
945 664 1097 716 πόλιν
1128 682 1189 732 γε
1218 666 1376 733 τῆσδε
1410 667 1664 737 Σολομῶν
1705 667 1890 738 χθονὸς

463 759 749 820 Δις-εόντες,
784 758 1046 824 ἀφίκανον
1076 758 1135 821 ἐς
1167 759 1443 825 Στρωτοὺς
1474 760 1690 825 Λίθους,

468 849 690 899 Ἀνακτ’
720 848 850 916 ἐμὸν
883 847 1137 917 σύροντες
1166 847 1417 916 ἀλάστωρ
1446 849 1620 917 ὄχλος,

462 940 566 992 660
609 940 792 1008 Αὐτέχ’
829 939 1012 1008 ὅμιλος
1040 940 1422 1010 οὐρανοδρόμῳ
1457 941 1598 1012 ξύλῳ

474 1033 717 1101 Ἀπθῆγον,
747 1029 901 1100 ἦγον,
932 1028 1065 1101 ἦγον
1103 1034 1182 1094 εἰς
1219 1033 1385 1100 ἄκρον
1412 1033 1598 1096 τέλοςο

474 1125 658 1193 Ὀρθὸς
688 1125 731 1175 δ’
763 1126 817 1186 ἐς
850 1124 1005 1193 ὀρθὸν
1037 1123 1207 1192 αἰθέρ’
1238 1124 1572 1195 ἐστηρίζετο.

472 1219 559 1279 Ἐς
595 1216 773 1267 κλῶνα
792 1216 834 1267 δ’
862 1216 1152 1286 ἐγκάρσιον
1174 1214 1330 1268 ἄλλον
1356 1214 1559 1279 εὐθέως

462 1311 723 1369 Ἐτεινον,
759 1309 1047 1374 ἐξέτεινον,
1075 1308 1288 1375 ἥλωσαν
1318 1308 1504 1378 χέρας,

457 1401 561 1452 6ίῖἲί
590 1400 761 1463 ΙΙὸδας
788 1401 841 1452 δὲ
870 1400 1186 1470 καθήλωσαν
1218 1404 1273 1453 ἐν
1309 1401 1500 1471 πηκτῷ
1523 1401 1684 1472 ξύλῳ.

469 1494 554 1555 Ὠς
578 1493 623 1545 δ’
645 1492 801 1561 ἔσχον
833 1492 974 1545 οὕτω
1007 1494 1280 1565 Δεσπότην
1309 1494 1633 1564 ἠρτημένον,

460 1585 641 1637 ’Ἄλλοι
673 1585 771 1655 μὲν
796 1585 957 1637 αὐτον
983 1584 1212 1655 καλάμῳ
1238 1586 1579 1656 κραταιϐόλῳ

3607 374 3709 432 Ι9θ

2072 489 2122 548 Α
2157 489 2434 555 Ἔϐαλλον,
2473 495 2798 565 ἀντιπυργον
2826 493 3102 556 εἱσῦἀντες
3130 509 3332 563 πετραν
3350 508 3365 522 ·

2148 584 2327 636 ’Ἄλλοι
2357 586 2400 636 δ’
2427 585 2659 656 ὑσσώπῳ
2690 587 2921 655 σπόγγον
2946 586 3098 650 ὄξους
3126 585 3358 655 ἔμπλεον

2145 676 2249 729 670
2279 677 2420 747 Χολῇ
2446 678 2783 749 κεκραμένου
2811 679 2855 731 δ’
2887 677 3087 745 ἀνῆγον
3111 678 3167 738 ἐς
3188 675 3380 745 στόμα.

2144 770 2207 821 Οἳ
2238 769 2281 821 δ’
2302 770 2433 821 ὠσὶν
2453 769 2589 837 ἠχὴν
2616 772 2676 822 οὐ
2703 768 2887 835 σαφῶς
2918 767 3245 836 δεδεγμένοι,

2143 858 2267 912 Οὖτ⁹
2293 857 2429 913 εἶδον
2454 856 2518 912 οἷ’
2545 859 2693 931 ἔρεξε
2723 859 2952 928 θαύματ’
2985 858 3042 909 ἐν
3070 857 3299 927 βροτοῖς,

2147 952 2351 1015 ’Ἄλλως
2378 952 2583 1019 διῆγον,
2613 950 2706 1005 καὶ
2728 952 3015 1021 διήνεγκαν
3049 949 3222 1018 κάρας
3242 964 3254 976 °

2141 1044 2249 1095 Καὶ
2276 1044 2448 1112 στέρν’
2477 1042 2700 1093 ἔτυπτον
2728 1040 2951 1109 ἀμαθῶς
2988 1040 3250 1109 ἀγνωσία.
3319 1064 3326 1071 ·

2142 1135 2246 1187 67ἲὶ
2284 1132 2422 1201 Ἐγὼ
2444 1133 2500 1185 δὲ
2533 1133 2720 1203 πόρρω
2747 1131 3009 1201 (Δεσπότῃ
3034 1130 3141 1201 γὰρ
3164 1130 3440 1201 εἱπόμην),

2140 1224 2359 1293 Πρῶτον
2386 1224 2483 1293 μὲν
2510 1224 2589 1284 εἰς
2609 1221 2835 1291 χλοηρὸν
2856 1215 2968 1285 ἷξον
3001 1237 3103 1271 που
3120 1220 3309 1288 νάπος,

2139 1314 2267 1365 Τάτ’
2294 1316 2357 1367 ὲκ
2386 1312 2559 1366 ποδῶν
2590 1310 2788 1382 σιγηλὰ
2821 1312 2916 1364 καὶ
2942 1310 3191 1379 γλώσσης
3222 1310 3330 1363 ἀπο

2143 1405 2402 1468 Ἔσωζον,
2426 1404 2501 1466 ὡς
2532 1402 2671 1471 ὀρῶν
2701 1419 2803 1462 νιν,
2829 1402 2926 1471 οὐχ
2944 1398 3216 1470 ὁρώμενος

2140 1495 2321 1565 Ὄχλῳ
2351 1494 2666 1565 κακεργάτῃ
2696 1510 2755 1544 τε
2785 1492 2878 1545 καὶ
2906 1491 3194 1561 μιαιφόνῳ.

2134 1588 2238 1642 680
2264 1587 2331 1639 Σέ
2350 1588 2397 1638 τ’
2420 1582 2485 1639 αὖ
2518 1584 2918 1655 δακρυχέουσαν
2943 1582 3181 1636 ἑστῶσαν
3206 1579 3349 1645 ἰδὼν,

963 1783 1068 1856 9-35
1099 1783 1269 1849 Quem
1305 1800 1428 1852 spes
1454 1792 1579 1856 erat
1612 1785 1725 1840 fore
1755 1795 1813 1839 ut
1848 1796 1901 1841 et
1925 1787 2041 1856 ipse
2069 1798 2315 1841 maneret
2341 1782 2687 1847 immortalis,

961 1853 1026 1905 Iit
1047 1870 1207 1907 omne
1244 1871 1414 1915 genus
1452 1854 1819 1910 lsraelilarum
1863 1853 2154 1911 liberaret?

1034 1921 1221 1997 ﬁunt.
1244 1923 1561 1997 Postquam,
1593 1927 1726 1979 urbe
1753 1926 2215 1997 Jerosolymorutn

959 1991 1185 2063 Relicta,
1210 1994 1262 2046 in
1297 1993 1658 2049 Litbostrotos
1690 1991 2023 2063 pervenisset

960 2062 1325 2133 Scelestorum
1355 2079 1570 2132 agmen,
1599 2062 1778 2133 regem
1812 2081 1988 2119 meum
2018 2066 2263 2129 trahens,

958 2132 1064 2185 (560
1096 2131 1289 2185 Statim
1312 2131 1531 2187 sublimi
1562 2131 1726 2187 cruce
1755 2136 2090 2196 extulerunt,

958 2200 1189 2254 Sursum
1217 2212 1464 2268 egerunt,
1493 2216 1546 2258 et
1579 2205 1645 2258 ad
1678 2204 1922 2257 ultimum
1948 2204 2310 2259 sustulerunt.

952 2270 1023 2323 At
1056 2271 1143 2323 ille
1172 2280 1353 2325 rectus
1385 2273 1437 2325 in
1468 2274 1635 2327 alturn
1670 2274 1923 2328 aztherem
1956 2274 2292 2329 ﬁrmabatur.

959 2340 1415 2411 1246-1257
1446 2341 1701 2397 Protinus
1726 2344 1778 2396 in
1808 2344 2038 2397 alterum
2072 2344 2286 2399 arboris
2310 2360 2521 2399 ramum

953 2409 1148 2482 tu.an
1170 2409 1551 2482 extenderunt,
1584 2413 1861 2482 clavisque
1891 2413 2229 2468 conﬁxerunt
2248 2454 2263 2477 ,

952 2480 1058 2551 665
1085 2478 1150 2531 Et
1181 2481 1346 2547 pedes
1368 2481 1420 2534 in
1450 2482 1555 2535 lixo
1589 2478 2127 2551 stipite-demerunt.

951 2550 1087 2621 Cum
1118 2557 1296 2605 autem
1331 2552 1402 2604 ita
1444 2550 1728 2606 Dominum
1766 2554 2177 2621 suspendissent
2199 2594 2215 2618 ,

948 2620 1055 2691 ._A_lii
1079 2621 1252 2688 ipsum
1277 2622 1543 2675 arundine
1563 2630 1725 2691 caput
1746 2620 2083 2690 percutiente

951 2687 1403 2761 Verberaverunt,
1427 2687 1784 2747 ascendentes
1816 2707 2005 2761 rupem
2033 2690 2334 2760 oppositam
2358 2709 2375 2755 ;

951 2759 1057 2832 alii
1086 2759 1325 2832 llyssopo
1357 2762 1580 2815 oblitam
1620 2759 1905 2832 spongiam
1931 2759 2087 2832 aceto
2110 2759 2473 2828 impleverunt

950 2828 1054 2901 Q70
1090 2828 1234 2901 Felle
1267 2832 1551 2899 permisto,
1587 2842 1643 2887 et
1675 2828 1850 2901 ipsius
1886 2831 1967 2886 ori
1999 2831 2375 2885 admoverunt.

949 2896 1038 2969 lli,
1069 2899 1159 2968 qui
1196 2896 1383 2969 vocem
1412 2901 1638 2957 auribus
1669 2896 1778 2955 n—on
1815 2901 1966 2955 clare
2005 2909 2385 2969 perceperant,

947 2966 1134 3040 Eeqiie
1156 2968 1401 3022 viderant
1425 2981 1557 3040 quot
1585 2971 1847 3025 miracula
1886 2966 2028 3040 inter
2056 2966 2302 3040 homines
2325 2968 2607 3029 edidisset,

949 3036 1174 3109 Temere
1193 3054 1252 3092 se
1282 3036 1572 3105 habebant,
1609 3049 1660 3095 et
1686 3042 1865 3109 capita
1889 3040 1942 3093 in
1972 3039 2186 3093 diversa
2217 3039 2465 3093 ferebant
2498 3057 2511 3093 :
2548 3062 2553 3073 ·

948 3106 1182 3180 l‘lliﬂvero
1211 3109 1406 3163 inscite
1440 3122 1628 3179 peetus
1655 3106 1959 3180 ignorantia
1996 3110 2318 3180 tundebant.

950 3176 1054 3248 @75
1088 3177 1199 3247 Ego
1226 3185 1403 3232 autem
1442 3176 1473 3231 a
1505 3180 1659 3247 longe
1675 3176 1973 3248 '(sequebar
2004 3180 2150 3233 enim
2178 3177 2487 3247 Dominum)
2513 3219 2531 3243 ,

949 3245 1191 3316 Primum
1217 3249 1436 3316 quidem
1469 3245 1661 3303 virenti
1690 3251 1742 3303 in
1767 3245 1908 3303 saltu
1941 3250 2077 3313 sedi,

950 3314 1133 3388 anue
1167 3314 1395 3386 pedibus
1421 3319 1661 3387 quietus,
1683 3331 1735 3373 et
1762 3319 1962 3373 tacitus
1991 3319 2179 3388 lingua

950 3385 1341 3458 Observabam,
1372 3385 1519 3441 illum
1549 3389 1759 3450 videns,
1796 3405 1970 3458 neque
1997 3385 2150 3443 visus

938 3455 980 3505 Α
1006 3456 1212 3509 nefaria
1252 3467 1304 3512 et
1333 3466 1557 3511 cruenta
1591 3459 1835 3513 cohorte.

940 3525 1045 3579 680
1084 3526 1279 3581 Verum
1306 3528 1393 3581 ubi
1430 3536 1483 3583 te
1509 3529 1597 3583 hic
1624 3538 1879 3597 stantem,
1922 3528 2287 3601 Iacrymisque
2318 3526 2575 3582 liuentem
2616 3526 2801 3581 videro
2832 3565 2849 3581 .

508 3697 614 3755 658
647 3701 1051 3775 itylxarorec
1073 3703 1378 3770 Στρωτσὺς
1402 3706 1639 3775 Λίθους,
1676 3703 1889 3775 Lapsus
1921 3705 2013 3759 hic

441 3771 707 3842 memoria
750 3773 1029 3842 tragcediae
1054 3782 1275 3838 auctor;
1306 3790 1412 3827 non
1442 3776 1585 3829 enim
1611 3771 2003 3840 Litbostrotos,

435 3842 532 3893 sed
561 3840 823 3895 Calvariae
848 3840 1011 3896 'mons
1048 3842 1226 3897 dictus
1249 3851 1334 3897 est
1373 3845 1544 3908 locus,
1583 3846 1673 3899 ubi
1706 3845 1806 3899 fuit
1845 3846 2008 3899 Chri-

435 3918 557 3983 stus
587 3911 776 3966 allixus
800 3912 972 3966 cruci.
998 3911 1364 3983 Litliostrotos
1387 3924 1503 3968 erat
1534 3916 1869 3983 praetorium,
1895 3916 2010 3969 sive

432 3980 557 4047 ejus
591 3983 811 4042 atrium,
843 3984 905 4051 in
931 3997 1040 4050 quo
1069 3981 1275 4037 Pilatus
1298 3985 1475 4051 posito
1511 3980 1765 4038 tribunali
1789 3993 2006 4040 sentcn-

432 4052 785 4126 tianlmortis
808 4052 861 4105 in
887 4050 1229 4126 Servatorem
1257 4050 1391 4107 dixit
1416 4073 1429 4108 2
1462 4070 1569 4109 non
1596 4055 1729 4109 urbe
1754 4070 2009 4126 egressus

432 4128 519 4175 est
547 4118 773 4180 Pilatus,
807 4123 898 4176 sed
932 4137 961 4175 e
992 4123 1266 4191 praetorio.

508 4191 613 4244 662
657 4191 852 4257 Ὀρθὸς
874 4191 923 4243 δ’
945 4190 1013 4257 ἐς
1035 4193 1234 4259 ὀρθόν,
1267 4200 1372 4247 etc.
1397 4190 1473 4246 Ita
1500 4191 1610 4247 fere
1639 4191 1833 4246 Bacch.
1862 4208 2005 4248 vers.

434 4262 593 4333 107l,
633 4262 791 4323 1093,
822 4262 979 4325 1095',
1024 4264 1112 4316 ubi
1148 4264 1413 4331 tragicum
1444 4274 1658 4333 poetam
1704 4263 1845 4317 haud
1877 4280 2011 4319 sane

430 4332 664 4385 feliciter
694 4340 886 4386 auctor
910 4333 1081 4386 voluit
1106 4334 1371 4386 aemulari.

502 4401 603 4455 667
633 4400 891 4470 Καλάμῳ
920 4404 1307 4470 κραταιϐόλῳ,
1331 4411 1438 4457 etc.
1474 4403 1602 4457 Haec
1637 4403 2003 4472 contigerunt,

2118 3722 2225 3760 non
2252 3705 2343 3759 ubi
2371 3704 2622 3759 Christus
2654 3703 2707 3756 in
2741 3702 2982 3773 patibulo
3008 3700 3111 3757 fuit
3138 3718 3462 3772 suspensus.
3497 3711 3555 3757 ut
3587 3716 3688 3756 au-

2117 3787 2237 3830 ctor
2266 3776 2574 3836 confundit,
2602 3775 2695 3828 sed
2730 3775 2818 3826 ubi
2858 3774 2960 3826 lata
2999 3776 3192 3826 mortis
3232 3773 3520 3836 sententia,
3566 3773 3683 3825 irri-

2117 3848 2266 3899 sorie
2292 3860 2415 3900 eum
2445 3859 2682 3913 purpura
2708 3842 3025 3904 induerunt,
3052 3845 3250 3912 sceptri
3280 3844 3397 3897 loco
3421 3844 3688 3897 calamum

2117 3916 2171 3968 in
2204 3931 2367 3967 manu
2390 3914 2678 3976 dederunt,
2710 3923 2762 3967 et
2792 3922 2953 3981 eaput
2977 3914 3148 3981 ipsius
3177 3913 3346 3980 spinis
3367 3922 3689 3967 coronatum

2120 3992 2531 4053 percusserunt,
2566 3982 2755 4037 Matth.
2805 3980 2973 4043 xxvii,
3000 3980 3115 4053 ’50.
3136 3980 3358 4036 Frustra
3402 3983 3568 4052 igitur
3592 3996 3687 4035 eos

2116 4052 2772 4123 dvrimpyovciowvrs;
2804 4053 3025 4120 πέτραν,
3071 4052 3314 4118 ejusdem
3349 4068 3414 4123 ac
3458 4053 3687 4121 ipsamet

2116 4138 2249 4177 crux
2279 4120 2576 4176 altitudinis
2608 4132 2806 4191 petram
2858 4124 3278 4186 conscendentes,
3328 4120 3535 4175 inducit
3564 4136 3684 4191 rau-~

2118 4202 2351 4315 ctoraitrt
2381 4193 2453 4247 ita
2479 4190 2851 4263 percuterent,
2876 4194 3018 4262 quod
3046 4194 3112 4246 ab
3134 4193 3281 4246 omni
3306 4190 3683 4262 probabilitate

2118 4278 2235 4315 cxci
2280 4280 2293 4315 ι
2328 4306 2339 4315 .

2116 4264 2339 4317 excidit.

2184 4334 2279 4385 671
2309 4334 2393 4385 Οὐ
2424 4330 2653 4400 σαφῶς,
2687 4339 2794 4386 etc.
2827 4330 2915 4385 Sic
2940 4330 3006 4384 ll.
3037 4347 3096 4386 ιι.
3129 4330 3271 4384 Edit.
3302 4331 3376 4395 ὼς
3408 4330 3613 4401 σαφῶς.

2185 4402 2288 4455 674
2315 4402 2422 4455 Καὶ
2448 4402 2648 4469 στέρν’
2682 4402 2965 4467 ἔτυπτον,
3003 4412 3107 4456 etc.
3154 4401 3221 4455 Ut
3251 4404 3519 4459 centurio.

1719 4582 2059 4642 METRICA
2084 4580 2381 4641 VERSIO.

433 4768 659 4839 Semper
690 4766 953 4830 futurum.
984 4769 1131 4823 nulla
1165 4785 1326 4839 quem
1360 4785 1512 4823 mors
1547 4771 1792 4834 tolleret,

427 4836 614 4908 Judaca
648 4854 807 4908 quem
844 4854 973 4905 gens
1000 4841 1100 4893 sibi
1138 4836 1354 4908 putaret
1384 4839 1697 4894 vindicem?

504 4906 672 4959 Nunt.
699 4906 990 4977 Postquam
1026 4906 1160 4963 urbe
1188 4910 1537 4982 Solymorum
1568 4912 1774 4976 relicta,
1796 4911 1863 5010 Iin
1890 4909 2005 4963 edi-

1820 4990 1932 5033 tum

429 5045 641 5116 Venere
675 5054 910 5099 stratum
944 5048 1195 5116 plurimis
1218 5049 1365 5104 saxis
1392 5050 1593 5110 locum.

430 5114 630 5186 ﬁegem
662 5114 1147 5186 trahentes'impia:
1176 5122 1347 5173 turbae
1376 5136 1556 5173 meum
1592 5138 1604 5172 :

430 5185 627 5259 Statim
659 5194 879 5259 caterva
914 5185 1074 5241 molis
1116 5191 1347 5259 ingentis
1373 5206 1591 5244 crucem

428 5256 582 5329 gelo
602 5256 897 5309 minantem
929 5272 1087 5327 egere
1114 5256 1329 5313 sursum
1366 5262 1595 5329 perdite,

427 5323 599 5393 Egere
622 5341 864 5387 sursum,
905 5323 1255 5383 et'sustulere
1280 5329 1345 5382 ad
1368 5323 1648 5384 ultimum.

426 5398 500 5446 At
530 5395 619 5449 ille
651 5397 858 5447 clarum
895 5407 1081 5453 rectus
1109 5414 1171 5453 os
1204 5400 1257 5452 in
1282 5400 1484 5453 aethera

429 5464 526 5517 Est
546 5473 722 5524 actus,
748 5480 858 5517 uno
889 5474 944 5519 et
972 5468 1145 5522 altero
1170 5485 1321 5522 ramo
1350 5470 1563 5523 arboris

428 5531 683 5603 Dextram
712 5543 765 5587 et
792 5535 1072 5591 sinistram
1103 5547 1382 5603 extensus,
1413 5549 1467 5594 et
1495 5545 1632 5596 lixas
1666 5555 1861 5595 manus

427 5602 609 5682 Elavis
637 5606 1128 5682 acutis,‘parteque
1159 5610 1341 5662 intima
1372 5602 1558 5679 pedes.

431 5670 523 5726 Sic
553 5690 677 5727 cum
714 5670 961 5731 omnium
992 5670 1171 5732 rerum
1195 5670 1469 5749 potentem
1500 5682 1664 5735 altam
1695 5681 1747 5736 in
1782 5694 1997 5737 crucem

400 5809 512 5902 {Illi
533 5811 901 5887 impulissent,
925 5834 1085 5876 saxea
1119 5819 1259 5874 mole
1281 5820 1491 5875 editum

2036 4777 2079 4833 Β
2109 4765 2312 4840 Locum
2337 4776 2692 4840 occupantes,
2722 4767 2812 4823 alii
2842 4782 2965 4822 eum
3001 4767 3113 4840 acri
3138 4765 3409 4821 arundine

2114 4837 2172 4909 ln
2208 4854 2272 4893 os
2304 4837 2581 4909 petebant,
2612 4840 2700 4892 alii
2733 4848 2889 4893 aceto
2920 4839 3201 4909 spongiam

2110 4906 2331 4963 Plenam
2372 4910 2671 4965 olferebant
2697 4910 2818 4962 felle
2845 4908 3152 4970 commisto,
3188 4907 3411 4960 oblitam

2110 4977 2362 5047 llyssopo
2397 4981 2450 5033 in
2485 4981 2632 5034 illius
2658 4980 2771 5031 siti.
2801 4979 2871 5029 At
2894 4991 3022 5029 vero
3045 4979 3160 5031 suis

2108 5046 2211 5112 Qui
2238 5046 2385 5102 laeta
2411 5059 2622 5103 tantum
2657 5048 2891 5104 hausere
2917 5061 3216 5114 vocemque
3240 5046 3495 5109 auribus,

2106 5117 2294 5186 Neque
2332 5120 2564 5173 testibus
2589 5120 2765 5173 oculis
2794 5117 3041 5170 ﬁdelibus
3070 5117 3215 5186 cilita

2107 5184 2302 5242 Videre
2334 5204 2526 5256 magna
2554 5189 2821 5255 miraque,
2851 5194 3013 5253 caput
3037 5184 3089 5237 bi
3127 5199 3285 5239 suum

2105 5256 2319 5311 Movere
2345 5257 2566 5319 frustra,
2587 5267 2640 5311 et
2672 5257 2969 5311 contudere
2990 5266 3207 5323 pectora

2106 5330 2295 5392 lgnara
2328 5330 2523 5381 crebro
2557 5326 2779 5381 verbere
2806 5334 2861 5380 et
2894 5326 3111 5392 planctu
3140 5326 3376 5378 eminus.

2106 5392 2263 5467 Hunc
2291 5412 2392 5467 ego
2421 5397 2689 5467 sequebar
2725 5403 2786 5449 ut
2818 5394 2949 5447 mihi
2984 5394 3297 5467 Dominum,
3327 5392 3523 5447 sedens

2108 5466 2258 5518 Saltu
2295 5464 2348 5520 in
2381 5464 2612 5531 virente,
2640 5481 2747 5535 qua
2774 5467 2927 5518 locus
2948 5479 3070 5535 sese
3091 5464 3274 5525 dabat,

2103 5536 2340 5590 Pedibus
2370 5537 2609 5606 quietus,
2643 5532 2841 5589 tacitus
2870 5540 2924 5587 et
2950 5534 3151 5606 lingua.
3180 5532 3364 5585 omnia

2106 5607 2366 5669 Servans,
2390 5604 2723 5674 'vidensque,
2748 5606 2901 5659 visus
2923 5619 2952 5655 a
2975 5604 3125 5674 nullo
3155 5612 3335 5674 tamen

2104 5676 2246 5750 [lirae
2277 5676 2519 5750 cohortis
2544 5672 2856 5750 im'piaequc.
2886 5674 2955 5725 At
2982 5682 3033 5726 te
3058 5672 3302 5750 simulm

2106 5744 2228 5799 Vaidi
2257 5754 2313 5798 ut
2342 5746 2595 5801 ﬂuentem
2625 5740 2913 5811 lacrymis,
2936 5751 3194 5803 stantem,
3233 5740 3379 5795 illico

2105 5814 2221 5873 lluc
2258 5818 2411 5885 veni,
2437 5826 2493 5871 ut
2520 5818 2612 5871 illa
2636 5814 2855 5886 indigna
2895 5829 3015 5886 qua:
3050 5826 3438 5885 cognoscerem
