4176 6366
541 371 638 428 ιρι
1393 371 1738 428 APPENDIX
1770 372 1861 427 AD
1900 373 1958 428 S.
1997 370 2325 429 GREGORII
2363 369 2611 463 THEpL.
2650 367 2981 424 CARMINA.

545 483 784 539 Ἥλυθον
813 486 990 540 εἰπεῖν
1016 487 1076 540 οὐ
1100 487 1286 550 καλῶς
1311 488 1693 559 πεπραγμένα.

614 579 814 632 Θεοτό.
866 577 950 630 ’Ῑὼ
987 596 1097 649 μοι,
1136 577 1226 631 id)!

543 665 630 729 Ai‘,
659 667 744 718 at!
778 665 844 718 Τί
867 667 1049 738 δράσω
1075 685 1089 732 ;
1123 667 1319 738 καρδία
1353 667 1463 739 γὰρ
1487 669 1715 737 οίχεται,

437 765 440 767 ‘
545 757 690 818 Πῶς,
722 756 838 819 πῶς
863 756 908 810 δ’
929 757 1008 810 ἔτι
1031 756 1128 821 ζῶ,
1157 759 1251 810 καὶ
1290 756 1440 827 φέρω
1471 757 1643 811 ταῦτα
1665 758 1888 819 κλύεινς

544 849 649 902 685
688 849 834 902 Ἰδεῖν
865 849 960 902 καὶ⁸
985 849 1159 902 ταῦτα
1193 848 1310 912 πῶς
1341 849 1460 901 ποτ’
1491 849 1624 902 οῖσω
1648 851 2019 921 παντλήμων;

549 941 665 1004 Ἴτ’,
694 933 738 992 ὦ
759 942 1034 1007 γυναῖκες,
1059 941 1157 1002 τᾶς
1181 939 1470 1002 Γαλιλαίας
1497 940 1682 1003 τέκνα,

547 1028 878 1098 Προσείπατ’
904 1029 1097 1092 αὐτὸν,
1122 1029 1216 1082 καὶ
1238 1028 1601 1100 προπέμψατε
1631 1029 1818 1099 χθονός

543 1113 613 1170 Ὦ
638 1119 790 1172 δεῦτε
821 1120 994 1187 φίλαι,
1025 1121 1200 1185 δεῦτε,
1228 1120 1474 1192 λίπωμεν
1500 1120 1640 1184 δέος.

545 1211 682 1277 Χορ.
716 1211 788 1262 Σὺ
813 1210 921 1282 γὰρ
953 1211 1133 1284 φύγῃς
1168 1213 1261 1266 τὸν
1285 1215 1479 1285 δῆμον,
1509 1213 1650 1264 ὥστε
1681 1213 1756 1283 μὴ
1787 1212 1984 1284 πάθῃς.

546 1299 648 1353 690
677 1302 873 1357 Θεοτό.
924 1302 1094 1371 Κάγὼ
1136 1303 1288 1357 τόνδε
1326 1303 1565 1358 λιποῦσα
1595 1305 1674 1367 εἰς
1701 1304 1755 1356 τί
1798 1303 1892 1355 καὶ
1919 1303 2126 1372 τρέσω;

550 1390 750 1460 Ἴωμεν
771 1387 884 1456 οὖν,
922 1393 1111 1464 ἴωμεν,
1135 1394 1356 1448 ἀπέστω
1383 1393 1566 1464 φόϐος.

548 1479 613 1532 Τί
643 1480 752 1552 γὰρ
781 1481 860 1534 ἔτι
887 1482 985 1554 ζῇν
1016 1485 1203 1556 κέρδος
1225 1487 1358 1556 ἡμῖν
1385 1483 1601 1550 ένθάδε;

562 1572 701 1626 Ἀλλ’
726 1575 1001 1646 ἀπίωμεν,
1039 1578 1114 1642 ὡς
1140 1577 1234 1631 ἴδω
1256 1575 1454 1640 Παιδὸς
1476 1575 1644 1646 πάθη.

561 1662 645 1715 Ἰώ
670 1681 782 1734 μοι,
821 1665 883 1718 ἰώ
903 1667 916 1718 ί

550 1753 653 1808 695
679 1755 954 1825 Γυναῖκες,
979 1758 1100 1829 ὄψιν
1127 1759 1356 1832 φαιδρὰν
1385 1758 1484 1830 οὐχ
1514 1755 1626 1829 ὁρῶ
1659 1753 1884 1808 Τέκνου.

2159 494 2207 552 Α
2235 486 2438 560 Χροιὰν
2462 485 2570 559 γὰρ
2602 485 2867 556 ἠλλάξατο
2896 482 2992 538 καὶ
3011 480 3204 545 κάλλος
3227 477 3395 545 ξένον.

2229 579 2508 642 Γυναῖκες,
2533 577 2685 647 δμμα
2713 575 2937 645 στυγνὸν
2958 574 3034 638 ὡς
3069 571 3208 626 εἶδον
3233 571 3457 633 Τέκνου,

2230 670 2386 724 Ποθῶ
2412 669 2686 731 τεθνάναι.
2716 670 2816 740 ζῇν
2847 668 2892 721 δ’
2917 667 2992 720 ἐτ’
3021 664 3272 736 οὐδαμῶς
3305 663 3502 717 σθένω·

2228 762 2492 832 Χωρεῖτε,
2523 761 2759 831 χωρεῖτ’,
2795 759 2979 812 οὐκέτι
3003 757 3065 810 τὸ
3096 758 3197 828 ζῇν
3229 756 3400 828 φέρω.

2230 851 2330 905 700
2354 846 2424 902 Ὦ
2458 850 2636 903 κοινὸν
2659 848 2928 920 ὠφέλημα
2957 846 3199 917 θνητοῖσι
3232 843 3439 914 φανεὶς,

2227 943 2429 996 Τέκνον
2461 941 2729 1004 ποθεινὸν,
2751 939 2846 994 τοῦ
2873 938 3027 1008 δίκην
3061 935 3290 1007 πάσχεις
3316 933 3442 986 τάδε
3468 949 3484 997 ;

2229 1031 2427 1096 Ποινὰς
2449 1031 2504 1084 δὲ
2533 1029 2700 1084 ποίων
2735 1027 3192 1100 ἀμπλακημάτων
3222 1024 3424 1088 τίνεις;

2238 1119 2437 1187 Ἀγνὰς
2458 1119 2588 1187 γὰρ,
2621 1117 2793 1187 ἁγνὰς
2819 1121 3008 1188 χεῖρας
3035 1115 3285 1187 αἱμάτων
3318 1114 3523 1186 φέρεις.

2239 1207 2406 1276 Ἀγνά
2437 1224 2496 1261 τε
2518 1207 2692 1278 χείλη,
2719 1207 2811 1261 καὶ
2838 1207 2998 1278 μέλος
3027 1207 3158 1269 πᾶν,
3183 1205 3278 1259 καὶ
3305 1203 3499 1274 στόμα,

2230 1298 2334 1353 705
2362 1297 2555 1368 Ψυχὴν
2583 1296 2877 1366 πάναγνον,
2914 1294 3100 1350 ἄδολόν
3128 1312 3190 1348 τε
3213 1293 3458 1367 καρδίαν.

2229 1390 2340 1443 Καὶ
2369 1389 2486 1452 πῶς
2510 1390 2622 1460 ὁρῶ
2654 1389 2883 1462 λῃσταῖς
2915 1404 2974 1440 σε
3014 1387 3440 1458 συνηρτημένον,

2230 1479 2351 1534 Οὐδ’
2384 1478 2444 1545 ἐξ
2471 1479 2710 1534 ἐπακτοῦ
2741 1479 2886 1543 τινὸς
2918 1476 3127 1552 ἐχθρῶν
3155 1476 3404 1548 πημονῆς
3432 1495 3446 1543 ;

2229 1570 2383 1635 Φίλος
2415 1571 2460 1624 δ’
2491 1570 2748 1624 ἀπόλλυσ’
2771 1571 2872 1624 οὐκ
2895 1569 3075 1625 ἄκονθ’
3107 1569 3371 1632 ἑκουσίως
3458 1561 3465 1568 ’

2229 1663 2476 1733 Μύστης,
2507 1661 2566 1714 δν
2597 1661 2880 1727 ὑπέδειξας
2907 1662 3054 1736 ἄρτῳ
3076 1663 3188 1725 σοῖς
3216 1660 3409 1730 φίλοις,

2234 1752 2337 1807 710
2367 1753 2717 1825 Φειδούμενος
2741 1754 2988 1820 τάλανος,
3024 1754 3101 1818 ὡς
3125 1752 3274 1826 φύγῃ
3299 1751 3466 1806 κακόν
3489 1768 3501 1779 °

1047 1917 1204 1983 Veni,
1224 1915 1632 1974 horrendorum
1668 1918 2000 1989 flagitiorum
2025 1917 2255 1972 nuntius

1122 1991 1270 2058 Deip.
1297 1989 1426 2044 Ehei
1445 1990 1574 2044 mihi
1596 2030 1610 2052 ,
1634 1990 1750 2044 ehei
1776 1991 1788 2042 !

1045 2059 1152 2122 Ah,
1183 2056 1280 2114 ah!
1308 2059 1440 2129 quid
1462 2059 1659 2129 agam?
1689 2058 1825 2113 mihi
1852 2073 1950 2129 cor
1977 2056 2185 2129 deﬁcit.

1047 2125 1356 2194 Quomodo.
1378 2125 1653 2198 quomodo
1687 2129 1866 2182 adhuc
1900 2128 2046 2192 vivo,
2072 2136 2127 2181 et
2144 2128 2270 2198 haec
2303 2125 2497 2182 audire
2520 2126 2814 2198 sustineo?

1051 2199 1155 2253 685
1180 2200 1246 2252 Et
1267 2201 1361 2269 qui
1399 2196 1592 2269 feram,
1625 2214 1658 2251 ο
1693 2199 2022 2261 miserrima,
2054 2207 2114 2252 ut
2143 2197 2260 2252 hac
2285 2212 2526 2267 unquam
2551 2196 2810 2252 videam?

1045 2269 1144 2333 Ite,
1186 2286 1219 2323 ο
1240 2268 1518 2332 mulieres,
1545 2268 1782 2322 Galilame
1810 2270 1951 2329 ﬁliae,

1044 2338 1202 2393 Illum
1236 2342 1489 2405 salutate,
1527 2347 1626 2394 ete
1659 2348 1801 2393 terra
1830 2337 2116 2392 deducite:

1051 2409 1265 2469 Venite,
1296 2409 1439 2474 ﬁliai,
1468 2408 1668 2471 venite,
1700 2417 1903 2462 metum
1933 2422 2216 2462 exuamus.

1053 2477 1214 2549 Chor.
1247 2478 1613 2549 Quinipotius
1639 2479 1846 2549 plebem
1880 2476 2023 2547 fuge,
2055 2493 2124 2531 ne
2149 2475 2281 2549 quid
2307 2475 2453 2549 _mali
2482 2475 2724 2549 patiaris.

1045 2549 1152 2604 690
1182 2548 1337 2616 Deip.
1379 2545 1445 2602 Et
1473 2545 1655 2618 ipsum
1687 2545 1966 2610 deserens,
1999 2562 2108 2616 quo
2148 2545 2430 2618 trepidans
2463 2545 2810 2617 confugiam?

1048 2618 1250 2689 Eamus
1281 2620 1464 2689 igitur.
1490 2617 1699 2680 eamus,
1720 2625 1900 2689 metus
1939 2617 2117 2671 omnis
2145 2617 2382 2672 exsulet.

1046 2688 1254 2758 Ecquid
1283 2688 1426 2744 enim
1457 2689 1611 2758 nobis
1645 2688 1840 2742 exinde
1865 2689 2000 2741 lucri
2029 2689 2252 2758 vivere?

1046 2756 1342 2828 Abeamus,
1373 2766 1430 2811 ut
1468 2756 1589 2812 Filii
1615 2765 1886 2813 tormenta
1920 2757 2277 2828 conspiciant).

1051 2827 1148 2881 Hei
1182 2829 1334 2892 mihi,
1363 2829 1447 2882 hei
1471 2829 1485 2881 !

1053 2897 1162 2952 695
1192 2897 1470 2961 Mulieres,
1500 2897 1731 2952 hilarem
1762 2895 1886 2951 Filii
1911 2896 2016 2950 mei
2046 2896 2255 2950 vultum
2279 2912 2385 2950 non
2409 2893 2588 2949 video.

1054 2968 1303 3036 Colorem
1334 2969 1478 3022 enim
1513 2977 1567 3021 et
1591 2968 1859 3036 eximiam,
1882 2968 2342 3036 pulchritudinem
2381 2965 2712 3036 immutavit.

1049 3035 1326 3099 Mulieres,
1349 3053 1416 3092 ex
1436 3053 1545 3106 quo
1574 3038 1786 3092 tristem
1823 3035 1944 3090 Filii
1983 3037 2087 3092 mei
2117 3037 2340 3092 oculum
2370 3035 2503 3101 vidi,
2697 3036 2703 3040 '

1050 3106 1188 3177 Mori
1217 3108 1400 3177 cupio,
1435 3123 1612 3176 neque
1633 3107 1868 3176 amplius
1891 3108 2076 3162 vivere
2110 3122 2334 3177 possum
2361 3122 2374 3157 :

1048 3174 1332 3247 Becedite.
1371 3174 1630 3247 recedite.
1659 3174 1768 3230 non
1799 3177 2032 3247 amplius
2058 3174 2240 3231 vivere
2268 3176 2535 3247 sustineo.

1049 3245 1508 3369 ἑ2481249
1536 3249 1637 3302 700
1665 3247 1710 3301 0
1736 3256 1813 3310 ιιι,
1849 3245 1944 3316 qui
1971 3262 2258 3302 commune
2291 3246 2445 3301 homb

1101 3319 1153 3369 ili
1181 3325 1456 3369 exontate.
1488 3317 1775 3369 cuiusnam
1803 3317 1920 3369 iure
1950 3317 2064 3369 haec
2096 3316 2337 3369 pateris?

2235 3262 2265 3327 ε.
2291 3246 2604 3354 lgominibus
2635 3247 3062 3302 emolumentum
3101 3245 3252 3303 visus
3281 3261 3363 3313 es,

2235 3333 2331 3369 ns.

1101 3319 1153 3370 ili
1181 3316 1775 3386 exaptate’,’cujusnam
1796 3317 1920 3386 jure
1950 3317 2064 3371 haec
2096 3316 2337 3387 pateris?

1051 3384 1305 3456 Qualium
1332 3395 1512 3440 autem
1543 3384 1888 3456 peccatorum
1919 3384 2112 3456 pcnnas
2150 3385 2417 3441 exsolvis.

1053 3455 1282 3527 Mundas
1314 3457 1482 3520 enim,
1513 3455 1745 3512 mundas
1773 3472 1803 3510 a
1833 3455 2097 3527 sanguine
2137 3458 2246 3512 fers
2276 3471 2490 3520 manus,

1052 3525 1250 3580 Munda
1281 3527 1446 3590 labia,
1477 3541 1637 3580 omne
1667 3525 1992 3591 membrum,
2023 3535 2079 3580 et
2107 3542 2190 3584 os.

1051 3595 1158 3650 705
1193 3595 1602 3650 Mundissimam
1628 3596 1887 3660 animam,
1919 3613 2015 3651 cor
2042 3596 2252 3650 fraudis
2283 3595 2554 3649 nescium.

1051 3665 1120 3736 Et
1149 3665 1424 3736 quomodo
1453 3681 1576 3719 cum
1611 3666 1913 3720 latronibus
1947 3676 1998 3722 te
2025 3680 2354 3734 suspensum
2386 3664 2565 3730 video,

1050 3735 1238 3804 Neque
1275 3736 1343 3789 ab
1369 3737 1551 3804 aliquo
1580 3736 1817 3790 hostium
1851 3736 2206 3792 incursante?

1049 3806 1275 3861 Amicus
1306 3814 1359 3860 te
1385 3809 1655 3860 volentem
1691 3806 1832 3859 ultro
1861 3807 2096 3874 perdidit

1051 3875 1383 3944 Discipulus.
1411 3891 1590 3945 quem.
1624 3891 1761 3944 pane
1778 3876 1891 3946 ipsi
1925 3884 2199 3946 porrecto,
2222 3876 2414 3930 amicis
2439 3875 2722 3943 indicasti,

1049 3946 1154 4000 7l0
1180 3946 1317 4000 Huic
1350 3944 1555 4001 miSero
1593 3949 1672 4000 sic
1701 3944 2009 4017 indulgens,
2042 3955 2102 4001 ut
2135 3949 2336 4002 malum
2372 3947 2580 4016 fugeret
2611 3961 2629 4011 ;

621 4099 724 4180 68_7
753 4103 1167 4180 Πρρπέμψιατε.
1220 4117 1326 4180 etc.
1348 4178 1356 4180 _
1380 4105 1634 4180 Deducite
1661 4113 2002 4180 emigranlem
2033 4109 2133 4161 Im-

554 4173 724 4247 monis
755 4189 773 4225 :
795 4175 1434 4247 oﬂicioseprqsequimini.
1466 4177 1602 4233 Vide
1630 4173 1786 4234 infra.
1800 4196 1943 4236 vers.
1971 4180 2131 4243 1495,

559 4243 873 4330 ιιὺέοξεςρο
899 4252 984 4300 est
999 4243 1315 4330 deﬁbﬁsti
1345 4249 1650 4330 sepultura.

758 4312 956 4385 ’[ῼστε.
998 4314 1188 4371 Melius
1217 4333 1380 4385 quam
1408 4311 1469 4371 in
1493 4320 1623 4373 edit.
1659 4320 1718 4382 ὃς
1753 4335 1826 4372 τι.

623 4380 1128 4454 θῼϐυΧροιανίγὰρ
1174 4380 1507 4454 ἠλλάξατο,
1545 4398 1653 4445 etc.
1701 4380 1779 4443 ita
1827 4393 1941 4445 lere
1987 4403 2132 4444 vers.

555 4451 693 4506 1168
717 4449 954 4509 Nuntius
981 4449 1051 4510 de
1075 4449 1261 4511 Medea
1288 4449 1568 4528 loquitur:

553 4691 831 4752 Admissa.
868 4692 1008 4748 tidus
1033 4693 1331 4751 indicarem
1363 4695 1613 4751 nuntius.

625 4763 778 4833 Deip.
810 4763 946 4819 Hei!
978 4765 1100 4820 hei!
1145 4767 1277 4819 mihi
1305 4766 1533 4831 infelici,
1571 4767 1689 4821 hei!
1726 4766 1813 4821 hei
1835 4771 1920 4825 !...

555 4834 677 4916 Abl
711 4835 941 4915 cmisera,
972 4835 1102 4958 quid
1131 4836 1330 4917 agam?
1373 4835 1482 4890 Cor
1517 4837 1650 4890 mihi
1705 4852 1870 4894 omne
1923 4837 2126 4893 deﬁcit.

556 4904 763 4958 lacauld
794 4918 894 4958 eeo
922 4905 988 4958 ad
1013 4921 1101 4958 iuc
1126 4914 1296 4958 Vitam
1337 4906 1560 4958 trahens
1589 4907 1702 4958 haec
1734 4908 1935 4958 audio?

954 4905 1101 4960 dbuc
1126 4905 1296 4959 vitam
1337 4906 1560 4960 trahens
1589 4907 1702 4960 haec
1734 4908 1935 4962 audio?

558 4973 624 5048 _Et
648 4973 741 5048 qui
771 4973 965 5048 feram,
998 4975 1191 5048 isthmc
1221 4983 1280 5029 ut
1303 4977 1504 5030 misera
1533 4977 1745 5031 videam
1780 4979 2017 5048 parens?

556 4904 763 4974 lfcquid
784 4918 894 4974 ego
922 4919 950 4956 a

557 5043 908 5108 Ite,’Galila:a
941 5044 1155 5099 feminae
1192 5053 1335 5100 terra
1359 5054 1510 5108 satae,

557 5115 654 5180 Ite,
687 5114 782 5180 ite,
812 5123 867 5170 et
898 5114 1050 5168 illum
1080 5129 1214 5169 voce
1243 5122 1428 5169 vestra
1467 5115 1725 5170 adducite

555 5183 616 5255 In
648 5191 850 5238 terram
885 5202 900 5239 :
932 5187 1074 5255 agite
1103 5186 1213 5255 jam
1244 5200 1344 5239 vos
1364 5226 1380 5249 ,
1408 5185 1644 5252 sodales,
1674 5185 1818 5242 hunc
1857 5196 2061 5242 metum

555 5253 784 5325 Omnem
814 5252 1111 5308 exuar‘nus.
1137 5252 1297 5308 Chor.
1336 5255 1479 5321 Quin
1517 5255 1641 5325 fuga
1671 5263 1725 5310 te
1754 5262 2030 5314 sustrahis

555 5321 603 5394 ᾼ
636 5323 791 5394 plebe
825 5325 1032 5392 potius,
1068 5340 1135 5379 ne
1161 5326 1286 5379 mali
1311 5325 1443 5394 quid
1466 5321 1723 5380 accidat?

558 5390 710 5466 Qeip.
731 5390 968 5449 Hoccine
996 5409 1098 5463 ego
1127 5390 1365 5466 sublato,
1383 5397 1514 5450 mihi
1536 5396 1834 5466 quidquam
1851 5399 2138 5456 horreant?

561 5459 761 5536 ﬁamus
790 5478 950 5536 ergo,
981 5459 1194 5529 caurus,
1221 5465 1347 5519 hinc
1382 5467 1525 5521 absit
1553 5459 1766 5536 pavor:

559 5529 662 5606 Hic
689 5533 809 5606 vita
827 5529 987 5588 nobis
1017 5549 1142 5606 esse
1170 5550 1290 5604 quae
1319 5536 1506 5591 suavis
1538 5529 1758 5606 potest?

560 5598 705 5675 Quin
735 5601 1025 5675 efferamus
1059 5598 1203 5675 hinc:
1219 5606 1410 5675 pedem
1453 5613 1513 5660 ut
1538 5598 1754 5661 videam
1785 5608 1892 5664 mei

561 5669 858 5728 Tormenta
877 5672 1021 5728 Nati.
1055 5673 1181 5729 Hei!
1219 5669 1332 5729 fici!
1362 5677 1493 5729 mihi
1527 5676 1868 5734 miserrimae.

462 5783 464 5786 ,
562 5741 755 5812 _C_har:e
779 5757 813 5796 ο
846 5743 1082 5808 sodales,
1109 5760 1276 5799 cerno
1307 5747 1386 5800 nil
1417 5746 1508 5800 hic
1543 5745 1698 5812 Filii;

566 5809 752 5882 Usque
779 5812 913 5870 adeo
943 5813 1118 5870 forma
1148 5829 1273 5872 rara
1298 5824 1507 5873 mutata
1537 5823 1593 5872 et
1621 5809 1791 5873 color.

2381 4110 2586 4180 Χροιαν
2609 4108 2718 4178 γὰρ
2743 4107 3039 4180 ἀλλάξασα,
3064 4101 3259 4180 ’λεχρία
3287 4101 3470 4167 πάλιν,
3495 4109 3602 4158 etc.

2380 4176 2527 4233 Num
2565 4176 2770 4233 mutato
2803 4179 2998 4241 colore,
3024 4176 3236 4243 obliqua
3262 4184 3422 4234 retro,
3449 4181 3564 4243 etc.

2307 4249 2402 4304 701
2448 4249 2560 4304 Τοῦ
2589 4247 2784 4316 δίκην.
2814 4246 2890 4302 lta
2925 4240 3057 4317 Reg.
3091 4240 3367 4317 Eduini")
3409 4242 3580 4312 δίκης.
3618 4240 3811 4317 Cujus:

2235 4336 2356 4371 nam
2401 4313 2776 4372 accusatione?
2820 4336 2854 4371 a
2903 4313 3102 4387 quo'in
3135 4313 3682 4387 judiciump’ocatus?
3723 4313 3810 4367 cui

2237 4389 2653 4458 interrogationi
2683 4402 2820 4458 mox
2845 4383 3203 4458 respondetur
3233 4383 3530 4458 vers._7(l8.

2311 4459 2412 4515 710
2450 4454 2542 4525 Ὧς
2568 4459 2748 4529 φύγῃ.
2775 4454 2968 4514 Melius
3004 4472 3167 4528 quam
3191 4456 3247 4509 in
3272 4454 3433 4510 editis
3451 4457 3531 4519 ὃς.

1851 4579 2186 4639 METRICA
2253 4578 2552 4640 VERSIO.

2165 4710 2209 4764 Β
2240 4698 2458 4753 Dilectae
2483 4715 2537 4764 o,
2569 4696 2816 4766 inquam,
2846 4695 2970 4750 Filii
2994 4704 3053 4751 ut
3084 4695 3295 4751 vultum
3326 4695 3432 4751 mei

2250 4767 2518 4838 Squalore
2549 4767 2659 4822 vidi
2691 4767 2948 4838 plurimo,
2970 4779 3024 4822 et
3056 4768 3211 4822 sanie
3237 4768 3497 4830 obsitum,

2243 4834 2390 4894 Mors
2432 4839 2548 4894 sola
2583 4834 2770 4890 votum
2809 4845 2928 4904 est;
2968 4837 3270 4898 vita,mors
3298 4845 3511 4890 tantum
3545 4834 3714 4888 milii:

2243 4907 2556 4978 Agitejam,
2600 4908 2744 4976 agite
2769 4922 2891 4972 vos,
2922 4922 3030 4961 non
3064 4907 3178 4961 fero
3208 4908 3375 4978 vitam
3405 4907 3658 4976 amplius.

2241 4977 2346 5044 Qui
2383 4979 2492 5032 vita
2514 4978 2733 5032 cunctis
2759 4992 2819 5032 es
2841 4978 3000 5031 datus
3026 4977 3348 5031 mortalibus

2239 5049 2581 5114 Communis,
2609 5063 2642 5103 ο
2678 5048 2876 5102 dilecte
2907 5045 3006 5100 Fili
3036 5047 3300 5117 mi,‘quid
3338 5046 3474 5109 bzec,

2245 5119 2349 5172 Aut
2371 5120 2620 5187 quojure
2645 5132 2790 5171 nunc
2815 5117 3057 5186 pateris?
3081 5115 3390 5172 Admissum
3417 5115 3516 5169 tibi

2241 5190 2414 5254 Quale
2438 5185 2583 5243 istud
2617 5188 2689 5242 ob
2717 5185 2862 5257 quod
2888 5197 2999 5257 tam
3027 5201 3218 5255 graves
3250 5201 3443 5257 poenas
3466 5185 3620 5240 luis?

2241 5259 2512 5313 Maculata
2543 5259 2692 5312 nullo
2710 5255 2975 5327 sanguine
3009 5264 3092 5311 est
3121 5257 3220 5327 tibi
3251 5255 3468 5320 manus,

2246 5328 2388 5382 Sunt
2418 5328 2620 5382 munda
2648 5323 2837 5392 labra;
2856 5328 3101 5380 membra
3135 5326 3370 5395 singula,
3403 5340 3465 5380 os
3495 5323 3606 5379 doli

2245 5399 2475 5469 Expers,
2509 5399 2801 5469 animaque
2831 5405 3001 5469 casta,
3046 5397 3251 5469 fraudis
3278 5399 3524 5450 nescium

2246 5466 2355 5523 Cor
2381 5469 2591 5534 omnis;
2622 5475 2676 5522 et
2704 5466 2796 5536 qui
2833 5481 2957 5520 cum
2985 5466 3290 5521 latronibus
3321 5476 3503 5519 tamen

2243 5537 2321 5594 Te
2347 5539 2503 5592 video
2533 5538 2587 5592 in
2627 5538 2737 5592 alto
2765 5536 3057 5606 pendulum
3089 5537 3257 5606 ligno,
3282 5537 3410 5606 dolo

2245 5607 2362 5662 Non
2392 5608 2566 5662 hostis
2595 5605 2828 5676 alicujus
2857 5607 2976 5671 tibi,
3008 5615 3101 5659 aut
3128 5605 3370 5675 iniuria?

2248 5679 2473 5732 Amicus
2507 5679 2614 5733 heu
2641 5679 2654 5730 l
2699 5688 2752 5733 te
2781 5676 3084 5745 discipulus
3110 5677 3237 5730 olim
3268 5685 3395 5730 tuus

2253 5747 2450 5804 Volens
2483 5750 2749 5802 volentem
2785 5745 3042 5816 perdidit,
3074 5761 3234 5816 quem
3262 5755 3321 5802 tu
3361 5745 3470 5802 tuis

2252 5832 2310 5873 tn
2342 5833 2478 5889 pane
2507 5818 2698 5874 amicis
2725 5817 3003 5888 indicasti,
3030 5817 3238 5888 perdito
