4176 6366
410 420 515 475 19Ἷ

408 536 487 589 Ub
519 532 731 605 μητέρ’,
760 533 863 585 οὐκ
894 532 1146 602 ἀδελφὸν,
1177 533 1305 585 οὐδὲ
1345 535 1580 604 συγγενῆ

409 622 859 695 Μεθορμίσασθαι
887 624 1040 694 τῆσδ’
1068 623 1269 694 ἔχουσα
1296 626 1583 695 συμφορᾶς
1602 640 1615 653 ’

409 718 531 771 Κᾶν
577 718 651 787 μὴ
684 717 896 785 τάχιστ’
932 716 1025 768 ἴδω
1064 733 1143 781 σε,
1176 715 1294 778 πῶς
1333 716 1485 780 οἴσω,
1517 717 1719 770 Τέκνον

406 807 515 862 760
568 808 732 870 Ἀλλ’,
769 801 815 860 ὦ
851 808 959 877 φίλ’
994 808 1112 871 Υἱὲ,
1150 808 1226 878 μή
1263 808 1319 877 μ’
1350 806 1559 878 Ep'qudv
1586 825 1678 861 σου
1713 809 1894 883 λίπῃς.

480 900 686 966 Χριστ.
706 898 989 969 Θάρσησον
1015 914 1029 927 ·
1060 894 1121 950 εὖ
1145 899 1254 968 γὰρ
1285 898 1443 951 τῶνδ’
1478 899 1589 967 ἐγὼ
1620 899 1769 969 θήσω
1804 900 1931 972 πέρι
1950 918 1962 930 ο

410 987 516 1040 Τὸν
544 988 635 1041 σὸν
668 987 713 1041 δ’
749 988 857 1058 ἄρα
883 1004 947 1055 γε
981 987 1185 1057 μᾶλλον
1214 986 1416 1057 ἐξηγοῦ
1443 988 1575 1040 Θεόν
1596 1006 1607 1017 ·

413 1078 644 1150 Εὖρημα
672 1079 717 1132 δ’
743 1081 844 1133 οὐκ
874 1075 1012 1132 οἶσθ’
1044 1074 1155 1133 οἷον
1189 1079 1432 1151 εὕρηκας
1466 1080 1608 1136 τόδε.

408 1172 576 1242 Θήσω
607 1172 717 1245 γὰρ
749 1169 816 1227 αὖ
860 1191 941 1227 σοι
971 1173 1125 1244 δῶρ’,
1165 1174 1202 1226 ἃ
1237 1174 1647 1227 καλλιστεύεται

416 1263 519 1317 765
570 1264 658 1315 Ἐν
689 1263 923 1335 οὐρανῷ,
956 1265 1088 1337 γαίῃ
1125 1281 1208 1327 τε,
1256 1265 1355 1318 καὶ
1387 1264 1536 1336 πάσῃ
1571 1263 1769 1318 κτίσει.

414 1353 631 1406 Πολλῶν
654 1354 700 1406 δ’
726 1354 885 1423 ἕκητι
912 1353 1071 1423 τήνδε
1102 1353 1187 1406 σοὶ
1218 1352 1376 1405 δώσω
1408 1352 1575 1406 δόσιν.

414 1445 615 1498 Θεοτό.
646 1442 908 1507 Πέποιθα,
938 1441 1091 1496 κοῦτι
1124 1445 1237 1505 σοῖς
1266 1442 1482 1495 ἀπιστῶ
1525 1444 1636 1505 τοῖς
1662 1441 1858 1511 λόγοις.

413 1536 598 1605 Κὰμοὶ
628 1534 742 1588 τάδ’
771 1533 886 1587 ἔστι
917 1531 1123 1603 λῷστα,
1153 1531 1409 1602 γινώσκω
1438 1532 1646 1598 καλῶς·

1694 412 2047 470 CHRISTUS
2083 410 2401 468 PATIENS.

2037 544 2083 598 Α
2127 532 2269 602 Ἐγὼ
2298 534 2345 585 σ’
2374 532 2605 594 ἔτικτον,
2637 528 2754 585 οἶδα
2778 534 2821 585 δ’
2853 532 2927 597 ῶς
2960 535 3008 585 σ’
3050 532 3345 603 ἐγεινάμην
3373 548 3388 561 ·

3600 412 3701 467 193

2110 626 2216 680 770
2272 625 2598 697 Ὑπερτερεῖ
2622 627 2667 679 δ’
2696 627 2921 697 ἄλγημα
2956 625 3064 680 τῶν
3094 628 3476 696 ἐγνωσμένων.

2123 716 2261 768 Ἀλλ’
2308 715 2541 787 ἄντομαι
2571 734 2654 781 σε,
2691 717 2845 769 τοῦδε
2870 717 3007 787 πρὸς
3040 718 3308 788 σωτηρίου

2110 808 2345 871 Πάθους,
2384 809 2643 879 φέροντος
2673 810 2943 863 ἀπάθειαν
2970 808 3047 879 τῷ
3080 809 3246 876 γένει,

2109 900 2536 971 Μητροπρεπῶς
2566 902 2625 954 δὲ
2657 901 2765 954 σῶν
2804 902 2982 955 ποδῶν
3027 902 3378 971 ἐφάπτομαιο

2111 992 2416 1063 Οἴκτειρον,
2445 993 2712 1062 οἵκτειρόν
2754 1010 2821 1064 με
2861 992 2959 1064 τὴν
3002 992 3377 1062 δυστλήμονα·

2112 1081 2217 1136 ’775
2258 1084 2368 1135 Καὶ
2398 1083 2473 1154 μή
2513 1084 2567 1153 μ’
2602 1083 2808 1154 ἔρημον
2836 1083 3179 1137 ὲκπεσοῦσάν
3209 1101 3303 1136 σου
3332 1082 3522 1157 λίπῃς.

2112 1175 2272 1239 Δέξαι
2302 1175 2360 1228 δὲ
2390 1174 2543 1245 χώρᾳ
2572 1176 2666 1228 καὶ
2703 1176 2890 1247 δόμοις
2918 1177 3186 1246 ἐφέστιον.

2117 1268 2219 1320 Ἠν
2248 1266 2448 1321 θᾶσσον
2490 1268 2551 1320 οὐ
2583 1266 2795 1337 βούλοιο
2840 1268 2939 1339 σὴν
2971 1269 3127 1337 δίκην
3155 1270 3340 1338 κρῖναι
3359 1285 3374 1298 ο

2114 1358 2303 1423 Οὕτως
2332 1359 2473 1430 ἔρως
2518 1377 2599 1412 σοι
2635 1361 2773 1432 πρὸς
2805 1360 3019 1431 Πατρὸς
3051 1360 3377 1431 τελεσφόρος

2116 1451 2326 1504 Σκοποῦ
2362 1452 2594 1520 γένοιτο,
2622 1454 2717 1505 καὶ
2756 1452 2965 1506 θανόνθ’
2996 1452 3258 1515 ἑκουσίως

2117 1538 2218 1592 780
2261 1539 2454 1612 Ἴδοιμι
2488 1541 2852 1613 νεκρεγέρτην
2882 1542 3052 1613 ἡματι
3080 1541 3270 1613 τρίτῳ.

918 1690 1107 1767 Meque
1132 1701 1384 1767 matrem,
1414 1709 1592 1767 neque
1624 1694 1871 1761 fratrem,
1895 1712 2071 1767 neque
2096 1711 2390 1767 cognatum
2426 1702 2651 1765 habens,

919 1762 1034 1837 Qui
1051 1780 1138 1837 me
1170 1762 1683 1837 inperium—ducat
1711 1766 1874 1837 hujus
1904 1762 2233 1825 calamitatis
2260 1789 2276 1835 ;

920 1834 1126 1907 ﬁtnisi
1155 1845 1207 1889 te
1240 1835 1630 1907 brevi_videro.
1660 1834 1938 1907 quomodo
1958 1839 2153 1903 feram,
2185 1834 2321 1895 Fili?

920 1905 1026 1959 760
1056 1903 1280 1969 Verum,
1314 1919 1346 1959 ο
1378 1904 1482 1959 Fili
1511 1903 1730 1973 dilecte,
1761 1922 1831 1962 ne
1857 1923 1945 1962 me
1972 1909 2163 1963 orbam
2192 1912 2433 1967 deseras.

997 1973 1209 2048 Christ.
1228 1975 1457 2048 Conﬁde
1485 1992 1673 2048 nunc;
1709 1992 1820 2048 ego
1844 1979 1991 2032 enim
2030 1981 2170 2036 bene
2198 1984 2403 2037 curabo
2434 1982 2582 2048 lucc;

921 2048 1101 2102 Tuum
1127 2047 1270 2101 enim
1300 2047 1483 2117 potius
1511 2047 1771 2103 conﬁtere
1796 2047 1965 2104 Deum
1994 2068 2006 2103 :

922 2119 1161 2172 Lucrum
1198 2126 1377 2170 autem
1410 2118 1593 2173 nescis
1617 2125 1884 2187 quantum
1915 2120 2191 2176 inveneris
2217 2122 2326 2177 hic.

923 2188 1182 2261 Tribuam
1208 2188 1360 2261 enim
1387 2187 1485 2242 tibi
1520 2188 2086 2261 dona,rquibusinibil
2118 2194 2465 2261 praestantius

924 2259 1028 2314 765
1060 2258 1121 2312 ln
1153 2258 1311 2321 caelo,
1348 2257 1403 2311 in
1428 2266 1573 2313 terra
1604 2268 1658 2314 et
1690 2257 1747 2312 in
1774 2260 2031 2316 omnibus
2058 2257 2221 2317 rebus
2250 2266 2469 2319 creatis.

925 2330 1485 2404 quc_agte_mAmunu_s
1514 2331 1611 2404 tibi
1627 2329 1804 2404 _dab_o_
1820 2330 2179 2399 plurimorum
2214 2336 2407 2404 gratia.

930 2397 1391 2475 1252-1253
1431 2397 1867 2475 Deip._Confido,
1897 2417 2075 2475 neque
2104 2397 2427 2459 tuis'verbis
2465 2403 2623 2458 fidem
2662 2406 2892 2475 denege.

925 2473 991 2542 [Et
1020 2470 1156 2542 mihi
1188 2473 1305 2523 haec
1337 2476 1467 2524 sunt
1499 2470 1725 2542 optima,
1754 2470 2030 2542 cognosco
2060 2474 2231 2529 bene:

931 2539 1111 2611 Genui
1141 2548 1214 2611 te,
1245 2548 1300 2611 et
1333 2539 1609 2610 quomodo
1643 2548 1697 2595 te
1730 2539 2035 2611 genuerim,
2066 2545 2191 2597 novi
2220 2562 2236 2609 ;

932 2609 1039 2683 770
1073 2609 1145 2662 At
1177 2609 1661 2683 doloriexsuperat
1696 2609 1819 2680 quae
1851 2622 2133 2683 comperta
2162 2615 2358 2674 habeo.

933 2678 1141 2751 Yerum
1167 2680 1417 2750 supplico
1442 2678 1627 2751 te'per
1652 2678 1861 2737 hancce
1891 2678 2191 2739 salutarem

932 2750 1278 2828 Bassionem,
1315 2765 1437 2821 qute
1472 2750 1808 2828 meogeneri
1838 2755 2121 2828 passionis
2150 2756 2533 2828 liberationem
2565 2765 2809 2828 praestat,

929 2819 999 2897 Et
1027 2830 1315 2897 quatenus
1332 2819 1562 2876 matrem
1590 2819 1769 2897 decet,
1794 2819 1910 2897 tuis
1933 2825 2195 2880 advolvor
2221 2826 2485 2897 pedibus:

927 2890 1214 2955 Miserere,
1245 2891 1508 2947 miserere
1539 2892 1643 2948 mei
1675 2893 1915 2949 infelicis
1942 2911 1958 2960 ;

928 2960 1035 3034 775
1064 2960 1252 3032 Neque
1280 2963 1554 3034 desertam
1590 2972 1645 3017 et
1675 2965 1893 3034 inopem
1932 2965 2010 3020 tui
2046 2980 2134 3021 me
2163 2964 2409 3031 deseras,

926 3028 1035 3105 Sed
1069 3028 1252 3102 recipe
1280 3048 1367 3105 me
1397 3032 1669 3103 hOSpitam
1702 3028 1935 3105 inftuam
1969 3050 2248 3105 regionem
2282 3047 2337 3093 et
2370 3028 2626 3104 domum,

922 3099 1040 3172 Misi
1069 3099 1219 3156 tuam
1248 3103 1414 3157 citius
1442 3099 1663 3158 causam
1692 3104 1943 3172 judicare
1970 3099 2211 3165 voiueris
2237 3126 2251 3163 :

923 3170 1124 3244 Yotum
1152 3173 1278 3238 hoc,
1304 3181 1602 3244 praestante
1634 3170 1819 3238 Patre,
1854 3176 1955 3231 tibi
1986 3179 2147 3233 cedat

926 3240 1008 3296 Ex
1032 3243 1240 3307 animo,
1274 3240 1330 3299 ei.
1363 3253 1425 3299 te
1454 3244 1599 3297 ultro
1623 3247 1949 3300 morientem

924 3312 1030 3367 780
1056 3311 1405 3384 Conspiciam
1434 3315 1596 3369 tertia
1624 3316 1714 3370 die
1740 3332 1808 3371 ex
1837 3319 2071 3376 mortuis
2092 3319 2423 3377 redivivum.

497 3465 1126 3545 758‘1t1300pptaao’0at.
1162 3471 1306 3528 Med.
1350 3486 1495 3528 vers.
1527 3471 1655 3539 258,
1690 3473 1765 3536 ὡς
1815 3472 2011 3545 μεθορ-

429 3538 711 3603 μίσασθαι.
747 3538 855 3595 etc.

425 3607 595 3731 99:56!
633 3609 973 3680 Θάρσησον.
1005 3614 1085 3670 Ita
1112 3611 1241 3669 Jaso
1273 3613 1516 3669 Medeam
1568 3614 1839 3678 hortatur,
1865 3629 2009 3672 vers.

570 3771 773 3849 ράρσει
797 3775 923 3829 νῦν·
948 3772 1009 3830 εὖ
1043 3777 1153 3849 γὰρ
1175 3777 1329 3831 τῶνδ’
1358 3777 1469 3845 ὲγὼ
1503 3778 1655 3849 θήσοω
1686 3779 1834 3848 πέρι.

570 3842 789 3913 Confide
815 3863 985 3908 nunc;
1016 3842 1281 3919 agt/enim
1314 3842 1435 3902 bene
1466 3842 1662 3902 curabo
1695 3842 1827 3902 huic.

500 3933 605 4007 765
632 3936 878 4007 Εῇρημα
902 3938 956 3991 δ’
984 3941 1095 3993 οὐκ
1117 3936 1293 3995 οἶσθ’.
1323 3939 1414 3995 Sic
1439 3948 1493 3995 et
1515 3940 1672 4007 ibid.,
1706 3956 1850 3996 vers.
1887 3938 1988 3992 716

428 4002 617 4059 Medea
648 4002 879 4076 Aﬂ'geum
905 4010 1204 4079 alloquitur
1229 4028 1245 4064 :

531 4096 768 4174 ξῦρημα
802 4099 848 4152 δ’
874 4102 974 4153 οὐκ
1001 4098 1135 4156 οἷσθ’
1166 4097 1278 4156 οἷον
1307 4101 1551 4174 εὕρηκας
1582 4102 1699 4156 τόδε
1727 4143 1743 4157 .

532 4166 762 4223 Lucrum
802 4181 975 4225 autem
999 4190 1103 4227 non
1127 4175 1231 4228 scis
1260 4166 1515 4244 quantum
1544 4175 1800 4228 inveneris
1833 4172 1939 4226 hic.

426 4254 603 4379 Μξιξι
638 4258 815 4329 Θήσω
848 4262 959 4331 γὰρ
1005 4258 1106 4329 αὖ,
1139 4272 1246 4320 etc.
1295 4262 1386 4318 Sic
1415 4271 1470 4319 et
1501 4262 1635 4320 ibid.
1677 4263 1818 4319 Med.
1864 4278 1991 4317 vers

427 4419 636 4495 [Ῑεμψω
658 4422 767 4495 γὰρ
795 4424 930 4495 αὐτῇ
961 4424 1111 4495 δῶρ’,
1143 4426 1179 4479 ὃ.
1204 4426 1639 4481 καλλιστεύεται.

433 4488 576 4543 Nam
602 4488 813 4545 mittam
835 4496 882 4547 ei
903 4488 1052 4548 Hand
1074 4488 1191 4565 qm
1212 4497 1605 4565 pulchritudine
1633 4504 1885 4566 superant
1909 4511 2011 4549 res.

502 4583 603 4659 766
639 4587 897 4659 1101.13?»-
940 4587 990 4640 δ’
1024 4587 1213 4655 ἕκητι,
1248 4596 1356 4643 etc.
1400 4589 1537 4644 Ibid.
1577 4586 2016 4659 AlgeusMedeze

428 4655 716 4723 pollicetur
742 4673 757 4711 :
786 4656 1011 4726 Propter
1033 4658 1202 4712 multa
1232 4659 1325 4712 tibi
1346 4659 1480 4713 hanc
1508 4655 1739 4731 gratiam
1766 4658 1895 4711 dare
1921 4672 2017 4725 pa-

427 4733 579 4779 ratus
614 4741 754 4783 sum.

2181 3481 2507 3555 768_Kdyol
2552 3484 2680 3538 τάδ’
2707 3485 2839 3539 ἔστι
2879 3481 3106 3549 λῷστα.
3151 3484 3243 3539 Sic
3268 3493 3318 3539 et
3348 3483 3488 3539 Med.
3555 3502 3676 3541 vers

2114 3551 2238 3623 955.
2275 3551 2448 3623 Egeo
2479 3556 2791 3623 respondet.

2186 3622 2285 3698 771
2309 3622 2498 3698 μᾎλφ
2537 3622 2805 3698 (ii-royal.
2849 3626 2923 3679 Ita
2955 3626 3126 3698 Beg._._
3147 3627 3390 3696 petitque
3416 3633 3648 3698 me_trum

2115 3690 2260 3745 Edit.
2298 3695 2413 3767 αλλ’
2437 3690 2714 3767 αἰτοῦμαί.
2743 3696 2833 3751 Sic
2860 3704 2915 3752 et
2945 3690 3062 3751 fere
3078 3690 3267 3752 Medea
3289 3690 3441 3767 rogat
3465 3696 3688 3767 AEgeum

2116 3778 2257 3817 vers.
2300 3765 2403 3819 709
2433 3774 2487 3819 et
2516 3765 2672 3837 seqq.
2711 3784 2725 3820 :

2226 3856 2375 3929 ζΑλκ
2410 3858 2646 3929 ἄντομαί
2670 3874 2727 3910 σε
2748 3858 2911 3929 τῆσδε
2938 3859 3077 3929 πρὸς
3108 3859 3405 3928 γενειάδος,

2220 3926 2468 4000 Γονάτων
2496 3926 2553 3980 τε
2580 3927 2687 3981 τῶν
2719 3926 2829 4000 σῶν
2854 3945 2867 3957 ·
2900 3926 3087 4000 ἱκησία
3122 3926 3180 3982 δὲ
3207 3930 3490 4000 γίγνομαι.

2222 3995 2526 4070 ρῖκτειρον,
2552 3999 2821 4070 οἴκτειρόν
2854 4016 2919 4068 με
2946 3970 3041 4070 τεην
3065 3970 3416 4069 δυσδαίμονξ,

2220 4067 2332 4143 Καξι
2356 4070 2514 4143 μ’
2543 4067 2751 4143 ἔρημον
2782 4067 3120 4143 εκπεσοῦσαν
3160 4067 3362 4143 εἰσίδῃς
3382 4087 3397 4101 ⁸

2221 4137 2380 4211 ῥέξαι
2407 4137 2469 4191 δὲ’
2487 4137 2753 4211 χώρᾳκαὶ
2777 4140 2963 4210 δόμοις
2987 4142 3258 4209 ἐφέστιον.

2224 4207 2329 4287 Sed
2360 4207 2556 4279 rogate
2574 4207 2804 4279 supplex
2820 4207 2921 4333 per
2948 4207 3106 4279 genas
3144 4212 3242 4264 has

2224 4278 2294 4330 Et
2326 4290 2419 4332 tua
2456 4296 2656 4333 aenua:
2685 4296 2815 4333 sum)
2839 4296 2903 4333 ea:
2933 4281 3041 4333 iam
3071 4282 3164 4333 tibi
3196 4284 3242 4333 Ιὶι

2224 4278 2303 4351 Iit
2326 4278 2431 4332 tua'
2456 4296 2656 4351 genua;
2684 4278 2903 4349 Supplex
2922 4281 3041 4351 jam
3071 4282 3164 4335 tibi
3194 4284 3287 4351 lio.

2227 4346 2497 4420 Miserere,
2517 4346 2762 4405 miserere
2783 4346 2885 4404 mei
2916 4346 3165 4420 infelicis,

2224 4418 2408 4489 Neque
2438 4437 2518 4474 me
2546 4420 2807 4475 desertam
2832 4438 2894 4475 ac
2927 4418 3146 4491 ejectam
3177 4423 3443 4491 aspicias;

2117 4490 2224 4545 Sed
2260 4492 2426 4558 recipe
2456 4508 2535 4545 me
2561 4492 2813 4562 hospitem
2840 4494 2895 4545 in
2923 4490 3066 4545 tuam
3098 4490 3363 4564 regionem
3384 4503 3434 4547 et
3460 4491 3675 4546 domum

2193 4584 2295 4639 778
2329 4584 2528 4650 Οὕτως
2541 4586 2709 4653 ἔρως,
2727 4594 2831 4639 etc.
2855 4582 2947 4637 Sic
2969 4593 3022 4639 et
3048 4584 3159 4640 fere
3189 4585 3373 4640 Medea
3392 4601 3536 4641 vers.
3560 4585 3660 4639 7M

2261 4654 2446 4727 Οὕτως
2467 4656 2606 4726 ἔρως
2638 4673 2719 4707 σοι
2754 4655 2903 4727 πρὸς
2921 4654 3063 4727 θεῶνΔ
3081 4656 3429 4727 τελεσφόρος,
3450 4666 3563 4713 etc.

2261 4726 2350 4779 Sic
2386 4726 2477 4779 tibi
2499 4724 2650 4779 amor
2678 4743 2710 4779 a
2742 4724 2846 4779 diis
2877 4724 3155 4794 fecundus,
3182 4724 3295 4782 etc.

1754 4840 2092 4903 METRICA
2112 4841 2414 4902 VERSIO.

428 4965 706 5035 Cognatus
737 4967 899 5029 ullus,
936 4967 1105 5022 frater
1131 4967 1220 5022 hic
1258 4976 1341 5023 est
1364 4976 1458 5022 aut
1487 4983 1706 5037 parens,

429 5038 511 5089 Ad
547 5052 708 5107 quem
738 5039 794 5091 in
827 5040 1064 5106 procella
1099 5048 1155 5092 ut
1186 5050 1398 5108 portum
1430 5039 1497 5092 ad
1527 5040 1760 5178 aliqnlem
1793 5051 1878 5089 me
1912 5050 2008 5105 ap-

441 5174 468 5178 _
568 5176 653 5178 _~
730 5176 775 5178 Η
880 5177 883 5178 ν
1689 5122 1921 5176 picem:

1689 5122 1878 5176 pucem
1907 5123 1921 5158 :

429 5174 585 5240 Quod
610 5176 659 5231 si
694 5176 983 5231 videndum
1009 5185 1063 5231 te
1089 5179 1220 5232 mihi
1251 5179 1343 5233 diu
1372 5193 1557 5247 neges,

429 5246 547 5319 Qua
581 5249 1007 5319 mentgtandem
1036 5250 1239 5318 perpeti
1275 5251 1350 5312 id,
1380 5246 1503 5311 Fili,
1532 5247 1766 5319 queam?

429 5314 653 5387 Orbam,
683 5332 716 5371 ο
740 5316 873 5370 Nate
899 5318 994 5378 mi,
1018 5314 1222 5387 quaeso,
1256 5336 1324 5374 ne
1351 5336 1434 5373 me
1462 5314 1705 5375 deseras.

500 5384 767 5444 Christus.
799 5387 928 5442 Esto
965 5384 1112 5443 bono
1145 5391 1347 5453 animo,
1394 5406 1518 5444 nam
1562 5390 1730 5528 prob?
1773 5387 1886 5440 haec
1914 5402 2014 5441 cu-

1732 5473 1942 5512 ravcro.

1732 5474 1788 5510 ['8
1797 5473 1942 5512 VCI‘O.

429 5523 573 5600 Quin
600 5535 657 5580 tu
688 5526 847 5582 stude
875 5527 928 5581 id
957 5529 1139 5598 potius
1170 5539 1321 5583 tuum
1349 5538 1407 5583 ut
1437 5545 1652 5600 semper
1682 5523 1851 5585 licunt

431 5596 675 5670 :l‘estere,
699 5613 831 5652 voce
856 5596 1140 5667 qua'decet
1163 5615 1286 5653 eum
1317 5596 1641 5670 praedicans.

431 5664 619 5738 [gnara
652 5675 798 5723 certe
818 5664 1057 5723 esnacta
1078 5671 1206 5738 quid
1240 5664 1338 5725 tibi
1364 5673 1440 5726 sis
1464 5672 1612 5727 novi.

433 5734 538 5811 Sed
570 5736 708 5811 dona
734 5754 957 5811 rursum
987 5734 1134 5792 terra
1162 5756 1282 5810 quae
1316 5743 1489 5811 prima
1521 5749 1575 5795 et
1604 5741 1762 5810 polus

432 5804 497 5885 ﬁt
521 5808 781 5885 quidquid
816 5824 1042 5885 usquam
1084 5804 1331 5880 possidet
1352 5820 1539 5885 natum
1573 5804 1815 5885 ingeram
1849 5828 1863 5863 :

431 5873 613 5934 His‘te
642 5873 815 5935 beabo
836 5873 1195 5951 plurimorum
1230 5883 1420 5955 gratia.

2047 4975 2090 5029 Β
2117 4963 2269 5033 Deip.
2299 4964 2501 5028 Credo,
2536 4966 2755 5034 tuisque
2786 4982 3077 5021 maxnmam
3111 4965 3274 5020 dictis
3304 4964 3462 5020 fidem

2123 5034 2328 5107 Habeo,
2359 5036 2527 5105 probe
2548 5035 2661 5104 jam
2692 5036 2883 5090 edocta
2919 5053 3080 5107 quam
3105 5036 3251 5090 usui.

2120 5105 2372 5176 Obtcstor
2401 5120 2567 5157 unum
2603 5107 2703 5159 hoc
2728 5114 2778 5160 te
2805 5105 3005 5171 tamen,
3037 5122 3132 5176 per
3162 5109 3301 5161 hanc
3329 5117 3477 5161 tuam

2116 5175 2343 5231 Omnem
2387 5177 2661 5243 l'ugantem
2685 5177 2809 5229 liliis
2840 5186 2996 5231 terra
3020 5175 3167 5231 anxii

2117 5245 2315 5301 Metum
2339 5244 2560 5309 doloris,
2590 5254 2644 5299 et
2682 5247 2809 5299 mali
2835 5247 3027 5300 duram
3056 5261 3297 5308 crucem,

2116 5316 2221 5371 Per
2248 5318 2348 5371 hos
2388 5325 2511 5369 tuos
2534 5330 2722 5371 sacros
2751 5317 2914 5384 pedes
2941 5332 3080 5386 quos
3103 5317 3325 5371 osculor

2118 5386 2361 5440 Materno
2392 5400 2595 5449 amore,
2630 5394 2682 5440 te
2707 5387 2964 5441 misereat
2988 5404 3135 5441 nunc
3163 5388 3289 5441 mei.

2118 5457 2389 5517 Misereat,
2425 5457 2670 5525 inquam,
2697 5471 2831 5509 neve
2864 5456 3131 5511 desertam
3164 5456 3418 5510 omnibus

2118 5528 2374 5582 Miseram
2405 5543 2491 5581 me
2516 5535 2569 5580 et
2598 5529 2814 5595 inopem
2849 5536 2904 5581 tu
2926 5527 3173 5582 vicissim
3202 5528 3413 5582 desere.

2116 5599 2346 5653 Ascribe
2376 5612 2461 5650 me
2491 5606 2546 5649 tu
2569 5596 2680 5666 jam
2712 5606 2818 5651 tute
2839 5598 3192 5652 domesticam

2116 5668 2348 5738 Regioni
2369 5675 2425 5721 et
2449 5664 2657 5721 tedibus
2686 5668 2879 5722 ocius:
2911 5668 3057 5737 quod
3091 5667 3138 5721 si
3168 5665 3311 5738 haud
3339 5664 3489 5720 lubet

2117 5734 2384 5807 Praestare
2408 5739 2554 5807 quod
2583 5745 2641 5791 tu
2673 5734 2946 5803 sanxeris;
2972 5747 3024 5793 te
3062 5752 3159 5807 per
3196 5734 3413 5807 Patrem

2116 5806 2175 5879 Id
2204 5806 2601 5879 quaeso,idetur
2630 5808 2775 5878 quod
2803 5824 3032 5878 scopum
3061 5806 3293 5879 attingat
3318 5824 3335 5861 :
3368 5806 3459 5862 die

2118 5878 2193 5936 Te
2216 5878 2377 5936 tertio
2407 5881 2618 5936 videam
2643 5888 3040 5951 resurgentem,
3065 5885 3119 5935 et
3140 5878 3277 5948 pede
