4176 6366
549 417 654 473 199

551 533 648 596 Ὣς
689 529 852 594 αὐτὸς
886 547 1047 593 ειπας
1093 527 1355 594 πολλάκις
1385 529 1523 599 πρὸς
1558 531 1684 594 σοὺς
1716 530 1901 599 φίλους
1921 548 1934 560 ·

545 625 622 679 Τὸ
662 627 770 678 πᾶν
797 623 904 695 γὰρ
937 622 1111 686 οὕτως
1155 622 1556 693 ἀσφαλέστερόν
1589 625 1638 676 τ’
1678 624 1824 695 ἐμοὶ,

541 716 618 770 Σύ
645 718 693 770 τ’
727 715 890 780 αὐτὸς
919 714 996 768 ὢν
1034 712 1212 778 ὄλϐιος
1247 713 1427 766 ὀλϐίου
1461 714 1673 786 Πατρός

542 803 837 871 Γνωσθεὶς,
877 802 1228 874 ἀνυμνησθῇς
1263 820 1328 871 γε
1369 805 1516 876 πάσῃ
1542 807 1609 876 τῇ
1654 805 1845 860 κτίσει.

545 897 650 951 785
690 896 782 967 Μὴ
815 894 948 964 γοῦν
975 895 1141 960 διάξω
1171 895 1376 968 λυπρὸν
1407 897 1462 960 ἐς
1511 896 1722 969 μακρὸν
1752 897 1864 968 βίον

546 987 744 1058 Ὀχλος
769 988 814 1041 δ’
841 987 1152 1062 ἀλαστόρων
1175 1005 1239 1059 γε
1271 988 1408 1042 τίσει
1440 988 1539 1060 τὴν
1565 990 1743 1061 δίκην,

467 1105 470 1108 ~
544 1079 649 1132 Τὸν
683 1079 960 1150 Δεσπότην
992 1079 1209 1144 κτείνας
1240 1097 1304 1150 γε
1333 1079 1438 1150 γῆς
1466 1097 1527 1134 τε
1559 1082 1655 1134 καὶ⁵
1688 1081 1878 1136 πόλου.

545 1167 705 1226 Οὗτοι
733 1171 861 1244 γὰρ,
890 1172 967 1235 ὡς
1000 1171 1254 1244 ἔδρασαν,
1289 1171 1491 1244 εὕρωσι
1531 1172 1698 1237 κακὰ,

551 1263 622 1316 Ἀ
654 1266 794 1316 τοῖσι
828 1263 1150 1316 δυσσεὸοῢσι
1189 1263 1398 1332 γίνεται
1445 1263 1676 1334 βροτοῖς.

547 1356 650 1412 790
694 1356 832 1409 Ἀλλ’
866 1357 928 1410 οὐ
959 1357 1067 1429 γὰρ
1094 1357 1273 1410 αὐτῶν
1305 1355 1542 1428 φροντίδ’
1573 1356 1649 1420 ὼς
1674 1356 1879 1410 τέκνων
1907 1356 2035 1426 ἔχω,

545 1449 637 1520 Μή
669 1465 785 1512 πως
814 1448 1058 1502 πάθωσιν
1090 1449 1140 1502 οί
1169 1449 1542 1520 προσήκοντες
1571 1448 1775 1518 σφίσιν,

548 1540 808 1613 Πατρῷον
836 1540 1205 1613 ὲκφράσοντες
1231 1541 1405 1610 ἀσεϐῆ
1431 1541 1607 1609 φόνον.

1065 1697 1158 1770 Sic
1185 1706 1238 1753 et
1262 1707 1328 1770 tu
1358 1699 1473 1769 ipse
1504 1700 1613 1754 tuis
1639 1699 1854 1756 dilectis
1885 1699 2220 1770 prtedixisti;

1067 1768 1159 1822 Sic
1186 1769 1330 1823 enim
1363 1768 1545 1823 omnia
1579 1770 1710 1824 mihi
1743 1768 1903 1825 erunt
1937 1771 2162 1832 tutiora,

1387 413 1729 470 APPENDIX
1757 415 1850 470 AD
1893 417 1950 472 S.
1989 416 2315 476 GREGORII
2357 419 2606 475 THEOL.
2647 417 2977 475 CARMINA.

3709 417 3817 472 200

2161 553 2210 608 Α
2251 534 2394 587 Ἀλλ’
2425 533 2610 599 αὐτὸς,
2637 529 2684 587 ὧ
2717 533 3026 604 σπλάγχνον
3055 532 3228 602 φίλον,
3259 533 3432 600 γλυκῦ
3466 531 3622 601 φάος,

2241 627 2539 698 Κάτειργε,
2581 626 2955 689 κατάπαυσον,
2996 623 3206 696 ἐξειργε
3233 625 3365 693 φόνο

2239 713 2343 769 795
2393 713 2840 784 Ἐγκατάλειμμα
2868 713 3180 785 σπέρματος
3211 713 3565 785 πεφιλμενου.

2307 813 2516 878 Χριστ.
2547 809 2712 876 Αἰνῶ,
2743 807 2926 878 γύναι,
2962 807 3098 874 τάδ’,
3138 807 3239 861 οὐκ
3269 808 3452 863 ἐκεῖνα
3493 807 3798 880 μέμφομαι.

2237 901 2454 956 Πολλῶν
2485 902 2530 955 δ’
2562 903 2718 973 ἕκητι
2749 902 2909 974 τήνδε
2939 919 3021 956 σοι
3057 900 3240 956 δοῦναι
3274 902 3432 974 χάριν

2248 993 2388 1063 Ἐγὼ
2417 993 2698 1065 πρόθυμός
2729 994 2868 1064 ειμι,
2900 993 3036 1046 κούκ
3064 991 3131 1046 ἂν
3167 993 3426 1064 ἑκπέσῃς.

2235 1085 2584 1156 Συλλήψομαι
2612 1086 2721 1157 γὰρ
2766 1084 2920 1138 τοῦδέ
2951 1101 3033 1138 σοι
3077 1084 3309 1155 πάμπαν
3341 1080 3568 1150 σκοποῦ,

2234 1174 2339 1230 800
2378 1174 2524 1244 Αὺτή
2556 1191 2614 1227 τε
2650 1173 2836 1244 γνοίης
2873 1173 3077 1246 ζημίας
3117 1173 3501 1246 ἀντιστροφὴν,

2247 1265 2647 1335 Ἀπαλλοιγεῖσα
2677 1265 2839 1336 τῆσδε
2866 1266 2967 1336 τῆς
2996 1265 3254 1337 ἀθυμίας.

2239 1357 2438 1413 Θεοτό.
2481 1359 2662 1428 Ὤμοι,
2690 1358 2885 1427 φρενὸς
2915 1358 3014 1429 σῆς
3039 1357 3294 1426 εὐγενοῦς
3319 1375 3379 1412 τε
3409 1355 3690 1429 κάγαθῆςι

2235 1443 2308 1500 Ὦ
2339 1447 2559 1513 Τέκνον,
2591 1449 2680 1520 οἵᾳ
2704 1450 2962 1520 συμφορᾷ
2989 1449 3320 1519 συνεζύγηςί

2239 1538 2313 1592 Τὸ
2348 1538 2395 1591 δ’
2427 1537 2646 1607 εὐγενές
2678 1555 2772 1592 σου
2800 1539 2908 1592 τῶν
2937 1538 3151 1608 φοενῶν
3180 1539 3318 1594 σῶον
3346 1557 3518 1611 μενει.

1063 1838 1131 1892 Ει
1163 1847 1214 1893 te
1242 1839 1419 1908 ipsum
1454 1841 1669 1893 beatum
1709 1841 1850 1894 beati
1880 1839 2060 1894 Patris
2087 1839 2285 1895 Filium

1062 1910 1350 1982 agnitum,
1378 1912 1839 1982 omniscreatura
1875 1911 2094 1982 hymnis
2127 1915 2512 1982 prosequetur.

1066 1978 1170 2049 785
1194 1978 1310 2032 Νοιι
1340 1981 1506 2049 igitur
1527 1981 1618 2034 diu
1647 1981 1812 2034 vitam
1845 1978 2166 2036 in'mterore
2190 1979 2542 2049 protraham;

1066 2047 1172 2104 Sed
1215 2047 1406 2118 poenas
1437 2052 1682 2105 exsolvet
1713 2051 2069 2106 scelestorum
2107 2047 2290 2113 turba,

1063 2120 1196 2185 Quae
1223 2128 1384 2174 terra:
1408 2120 1641 2188 cmlique
1678 2119 1964 2176 Dominum
1998 2121 2293 2176 interfecit.

1064 2189 1131 2261 lii
1159 2192 1327 2256 enim,
1362 2200 1421 2244 ut
1447 2199 1852 2260 perpetraruut,
1885 2194 2237 2261 experientur
2265 2190 2429 2254 mala,

1064 2260 1484 2331 Quaaimortales
1514 2262 1813 2331 sacrilegos
1848 2260 2090 2316 manent.

1065 2329 1171 2385 790
1202 2330 1422 2384 Illorum
1455 2332 1620 2395 enim,
1651 2329 2006 2397 ut‘filiorum,
2037 2347 2225 2390 curam
2264 2332 2459 2398 habeo,

1062 2400 1376 2473 Nealiquid
1406 2403 1684 2469 patiantur
1710 2418 1898 2456 eorum
1924 2404 2143 2471 cegnati
2169 2402 2445 2473 (posteri),

1065 2471 1169 2542 Qui
1198 2471 1418 2542 impiam
1455 2480 1670 2542 patrum
1699 2473 1901 2526 eadem
1935 2471 2209 2529 nuntient.

1068 2541 1175 2596 Sed
1202 2548 1282 2605 ιιι,
1313 2541 1525 2595 viscera
1559 2543 1781 2605 dilecta,
1813 2544 2144 2599 suavissima
2177 2545 2292 2607 lux,

1064 2611 1340 2679 Reprime,
1371 2612 1521 2671 seda.
1554 2627 1686 2666 nece
1715 2613 1915 2677 exime,

1063 2682 1175 2754 7953
1191 2681 1487 2754 Quidquid
1510 2683 1804 2754 praedilecti
1835 2683 2062 2738 seminis
2091 2683 2363 2754 reliquum
2391 2691 2498 2740 est.

1141 2751 1332 2808 3hrist.

1417 2753 1548 2825 robo
1587 2753 1723 2825 haec,
1760 2755 1976 2814 mulier.
2011 2769 2186 2825 neque
2214 2753 2310 2809 illa
2345 2754 2611 2825 improbo.

1062 2822 1292 2893 Propter
1324 2823 1548 2888 multos,
1587 2823 1683 2878 tibi
1710 2825 1852 2880 hanc
1881 2822 2113 2893 gratiam
2143 2824 2276 2878 dare

1062 2892 1298 2947 Paratus
1321 2907 1468 2956 sum,
1499 2908 1532 2946 ο
1562 2894 1778 2955 mulier,
1808 2892 1911 2949 nec
1941 2905 2067 2949 voto
2098 2894 2482 2961 frustraberis,

1063 2962 1316 3035 Te_e_nint
1350 2978 1576 3034 prorsus
1609 2965 1879 3033 adjuvabo
1904 2967 2051 3020 circa
2080 2966 2226 3020 hunc
2251 2980 2502 3035 scopum,

1063 3033 1169 3089 800
1199 3031 1316 3103 Ipsa
1343 3031 1560 3103 duoque
1589 3031 1787 3089 damna
1818 3035 1874 3089 in
1906 3037 2243 3090 contrarium
2265 3031 2424 3092 versa
2454 3037 2698 3102 noveris,

1070 3105 1172 3187 12

1117 3193 1144 3228 ϐ

1178 3101 1528 3227 εῆ-1255
1558 3104 1735 3160 Haece
1761 3106 1983 3160 tristitia
2014 3107 2186 3162 libera

1178 3193 1216 3226 ο.
1278 3174 1368 3227 leu
1399 3176 1411 3227 ί
1452 3185 1687 3227 mentem
1720 3184 1868 3227 tuam
1912 3177 2057 3227 niam
2090 3186 2143 3227 et
2172 3175 2186 3227 I

1065 3175 1368 3247 ρεψηηοιι
1399 3176 1411 3228 ι
1452 3185 1687 3230 mentem
1720 3184 1868 3230 tuam
1912 3177 2057 3247 piam
2090 3186 2143 3247 et
2172 3175 2409 3232 bonam!

1070 3243 1115 3314 Ο
1146 3243 1268 3308 Fili,
1305 3245 1361 3298 in
1389 3260 1551 3314 quam
1587 3243 1951 3300 calamitatem
1988 3246 2266 3301 incidisti!

1073 3313 1178 3369 Sed
1201 3313 1502 3385 genereSus
1529 3317 1747 3372 animus
1775 3317 1867 3373 ille
1895 3325 2024 3373 tuus
2051 3327 2233 3374 manet
2265 3317 2495 3389 integer.

626 3477 732 3550 :188
761 3477 1017 3546 Εὕρωσί.
1053 3475 1184 3550 Reg.
1219 3478 1291 3536 Μ.
1317 3495 1441 3550 sup.
1466 3480 1563 3534 lin.
1597 3477 1858 3550 eiipoaav.

625 3548 731 3604 790
775 3550 938 3619 Ἀλλ’
973 3550 1044 3603 οὐ
1069 3548 1200 3619 γάρ,
1232 3563 1338 3606 etc.
1372 3548 1645 3606 Particula
1674 3548 1925 3617 negativa
1955 3549 2015 3603 οὐ
2044 3549 2137 3619 hic

554 3621 730 3675 otiosa
762 3628 816 3674 et
859 3618 927 3673 ad
957 3617 1212 3674 ornatum
1249 3622 1516 3676 duntaxat
1549 3619 1747 3689 posita,
1797 3620 1943 3688 quod
1994 3617 2140 3688 apud

555 3691 775 3747 Graecos
800 3705 908 3744 non
937 3697 1022 3745 est
1053 3689 1390 3760 infrequens.
1423 3690 1795 3758 Combe/ishis,
1822 3691 1919 3760 qui
1946 3690 2095 3744 addit
2121 3705 2136 3742 :

562 3779 582 3813 ι
617 3760 909 3816 Crederem
965 3775 1095 3816 vero
1146 3759 1404 3818 libentius
1452 3769 1733 3815 auctorem
1778 3759 2050 3824 nostrum,
2084 3759 2139 3813 iu

558 3831 728 3902 haece
776 3830 1040 3902 tragoedia
1074 3832 1275 3900 passim
1319 3831 1593 3902 Euripidis
1642 3830 1988 3902 plagiarium,
2026 3845 2138 3885 non

556 3901 691 3957 satis
715 3901 1167 3971 animadvertisse
1193 3904 1305 3957 haac
1323 3917 1353 3956 a
1375 3900 1558 3957 Medea
1585 3915 1749 3955 sensu
1773 3900 1994 3955 diverso
2010 3915 2139 3971 pro-

556 3973 664 4025 lata
691 3971 881 4027 fuisse.
917 3991 936 4023 ι
966 3970 1103 4027 Vide
1126 3972 1266 4027 Med.
1286 3988 1431 4028 vers.
1465 3973 1624 4035 1301,
1652 3971 1812 4036 1301,
1843 3970 2135 4033 1505,"etc.

558 4041 698 4096 Male
735 4041 894 4097 Boill.
951 4041 1176 4096 Mariam
1219 4044 1362 4096 mala
1405 4043 1623 4107 omnia,
1658 4039 1918 4096 Maenadis
1952 4041 2137 4095 furore

558 4113 950 4182 imprecantem
1006 4113 1265 4175 traducit,
1319 4128 1441 4182 qua:
1495 4129 1525 4167 e
1582 4123 1774 4166 contra
1821 4111 2134 4167 tenerrimis

557 4182 865 4237 visceribus
891 4182 1102 4237 veniam
1127 4198 1251 4236 mox
1269 4184 1343 4236 ita
1366 4184 1690 4252 deprecatur
1717 4201 1729 4236 :
1758 4183 1837 4236 Tu
1852 4199 1994 4251 ergo,
2015 4197 2142 4233 sua-

558 4252 776 4306 vissima
807 4253 918 4312 lux,
941 4253 1185 4321 reprime,
1210 4253 1355 4315 seda,
1375 4270 1495 4306 nece
1511 4255 1697 4322 exime,
1728 4252 1981 4322 quidquid
2004 4267 2141 4322 pra:-

559 4322 738 4392 dilecti
773 4320 1275 4392 seminisreiiquum
1294 4335 1392 4378 est.
1415 4323 1490 4376 Ita
1515 4323 1626 4377 fere
1641 4320 1784 4376 Med.
1816 4320 1959 4377 vers.
1982 4320 2140 4374 1258.

559 4421 631 4432 —
649 4390 740 4445 Sic
760 4390 1262 4446 Benedictini.Mihi
1285 4404 1464 4447 autem
1484 4393 1675 4448 melior
1697 4408 1892 4447 sensus
1935 4391 2146 4446 videre-

561 4469 670 4525 tur,
687 4461 795 4516 vim
813 4463 1088 4531 particulae
1111 4463 1372 4533 negativze
1394 4463 1746 4525 reservaudo,
1762 4463 1836 4515 ita
1857 4472 1917 4516 ut
1933 4463 2013 4517 sic
2027 4475 2147 4533 ver-

561 4541 711 4586 tatur
744 4551 758 4587 :
794 4530 998 4586 Horum
1025 4530 1234 4603 quidem
1263 4541 1320 4585 ut
1356 4534 1592 4602 ﬁliorum
1615 4550 1799 4586 curam
1822 4549 1925 4585 non
1955 4530 2143 4603 habeo,

560 4603 653 4657 sed
684 4619 809 4657 cura
843 4619 906 4656 ne
931 4601 1132 4672 aliquid
1168 4601 1447 4671 patiantur
1479 4619 1662 4656 eorum
1687 4604 1906 4672 posteri,
1931 4603 2020 4672 qui
2043 4601 2147 4652 im-

595 4674 705 4726 iam
747 4683 960 4744 patrum
1015 4672 1209 4727 cwdem
1239 4674 1499 4740 nuntient,
1532 4688 1730 4744 nempe
1777 4687 1900 4729 eam
1936 4673 2143 4740 impro-

599 4743 762 4799 ando.
792 4743 1054 4799 CAILLAU.

2317 3484 2418 3539 796
2453 3483 2632 3548 Αἰνῶ,

2241 3569 2386 3610 vers.
2427 3555 2552 3610 908.

2313 3625 2418 3680 800
2447 3624 2609 3692 Αῠτή
2648 3641 2716 3678 τε
2754 3623 2986 3694 γνοίης,
3015 3632 3124 3678 etc.
3166 3622 3257 3676 Sic
3312 3619 3447 3690 Reg.
3479 3618 3546 3674 11.
3569 3634 3658 3694 __tI.
3689 3618 3827 3694 Male

2239 3695 2372 3750 editi
2412 3690 2696 3750 αὐτόντε.
2747 3690 2840 3750 Sic
2864 3705 2918 3749 et
2964 3694 3208 3751 Medeam
3253 3694 3483 3746 nuntius
3533 3690 3828 3761 alloquitur

2239 3781 2383 3820 vers.
2419 3767 2578 3820 12%.

2239 3781 2383 3823 vers.
2419 3768 2578 3821 12%.

2310 3839 2416 3893 802
2448 3840 2634 3906 Ὤμοι,
2669 3836 2911 3906 φρενός,
2964 3844 3070 3891 etc.
3104 3833 3196 3890 Sic
3230 3831 3450 3903 Hippol.
3476 3846 3623 3903 vers.
3667 3829 3827 3895 1454,

2240 3907 2487 3966 Theseus
2523 3909 2692 3962 tilium
2727 3923 2888 3963 suum
2931 3907 3272 3961 admiratur:

2664 3484 2861 3554 γύναι,
2890 3489 2998 3536 etc.
3039 3479 3115 3535 Ita
3144 3477 3277 3537 Jaso
3303 3476 3503 3533 Medea:
3534 3477 3826 3548 respondet

2385 4045 2567 4116 ΪΩμοι,
2598 4045 2794 4116 φρενὸς
2817 4044 2916 4114 σῆς
2941 4040 3201 4116 εὐσεὸοὖς
3228 4058 3288 4116 τε
3325 4037 3577 4116 κάγαῄθῆς
3600 4037 3627 4089 ι

2384 4110 2524 4179 Heu,
2555 4110 2779 4169 mentem
2805 4110 2952 4168 tuam
2988 4113 3136 4182 piam
3164 4120 3213 4165 et
3244 4110 3480 4165 bonam!

2312 4245 2418 4300 805
2439 4241 2513 4299 ’Ὦ
2541 4244 2780 4308 Τέκνον.
2806 4251 2912 4300 etc.
2939 4243 3077 4299 Ibid.
3099 4258 3246 4299 vers.
3280 4241 3419 4298 1589
3438 4250 3492 4299 et
3516 4240 3655 4296 1590
3685 4239 3829 4294 hunc

2242 4316 2538 4387 alloquitur
2566 4314 2738 4369 Diana
2767 4335 2780 4371 :

2382 4452 2713 4538 ζίξξλῆμονε
2737 4452 2827 4524 οῖςι
2857 4453 3112 4534 συμφορᾷ
3142 4450 3476 4538 ausim?!

2383 4525 2503 4578 Τὸδ’
2527 4521 2748 4592 εὐγενές
2778 4521 2838 4575 σε
2869 4521 2978 4576 τῶν
3004 4521 3217 4592 φρενῶν
3235 4521 3513 4575 διώλεσεν.

2390 4637 2435 4695 0
2467 4638 2675 4707 infelix,
2707 4637 2763 4690 in
2793 4652 2950 4706 quam
2987 4636 3349 4707 calamitatem
3379 4632 3616 4707 incidisti
3638 4633 3658 4686 .'

2390 4703 2684 4763 (ἕρπει-οδω
2726 4703 2938 4760 animus
2971 4706 3062 4760 ille
3085 4716 3206 4760 tuus
3245 4716 3296 4760 te
3320 4703 3569 4774 perdidit.

1865 4850 2202 4914 METRICA
2234 4844 2534 4907 VERSIO.

563 4976 791 5032 Mortem
821 4975 1136 5045 triumphali
1167 4985 1522 5046 prementem,
1551 4974 1681 5029 oiim
1716 4984 1775 5030 ut
1803 4974 1914 5031 tuis

563 5047 757 5102 Dixisti
789 5047 982 5101 amicis
1012 5048 1213 5115 swpius
1240 5065 1254 5100 :
1291 5047 1365 5100 ita
1395 5047 1564 5100 tutior

562 5118 692 5171 Mihi
719 5117 967 5178 videbor,
1007 5125 1174 5184 tuque
1199 5117 1489 5186 gloriosior

561 5187 782 5250 Factus,
814 5187 958 5241 beati
988 5186 1162 5241 Filius
1192 5187 1319 5242 felix
1348 5186 1528 5241 Patris

560 5256 804 5326 Tandem
836 5257 1186 5326 approbatus,
1221 5259 1466 5310 omnium
1503 5255 1815 5311 laudaberis

560 5325 626 5396 Et
653 5341 807 5388 voce,
838 5325 1043 5392 et’ore,
1078 5343 1210 5381 cura
1243 5335 1433 5381 sancta
1467 5329 1721 5396 posteris.

560 5395 640 5466 lfie
670 5397 847 5450 tristis
883 5411 1012 5465 ergo
1035 5413 1202 5466 pensa
1232 5399 1356 5451 vitae
1385 5395 1602 5465 longius
1858 5465 1865 5466 ί
1943 5435 1968 5452 .

564 5465 676 5535 Ego
704 5465 1047 5535 protraham.
1075 5469 1145 5520 At
1175 5468 1476 5523 crudelium
1501 5483 1696 5522 manus
1726 5465 2006 5519 hominum

565 5534 824 5607 gruenta,
855 5535 1144 5590 Dominum
1179 5554 1298 5607 quae
1331 5538 1438 5607 poli
1469 5547 1524 5592 et
1552 5547 1708 5592 terra:
1739 5538 1858 5591 neci

567 5603 813 5668 Demisit,
844 5622 908 5660 ex
942 5613 1136 5661 merito
1168 5603 1270 5663 suo
1303 5603 1444 5661 mala
1479 5611 1681 5662 sentiat

569 5672 709 5748 911m
746 5674 858 5738 illa,
881 5678 1029 5748 justa
1064 5678 1221 5732 lance
1253 5693 1374 5746 quae
1405 5679 1602 5748 impios
1632 5682 1874 5732 manent.

567 5741 702 5816 Eam
732 5759 840 5798 non
870 5741 970 5816 ego
996 5747 1117 5803 illos
1151 5758 1213 5802 ut
1238 5741 1387 5804 satos
1411 5741 1540 5801 mibi
1575 5749 1774 5803 liberos

570 5811 816 5888 Materno
851 5811 1036 5888 amore
1060 5833 1216 5882 curo,
1254 5817 1530 5888 neclades
1555 5826 1764 5888 premat

572 5881 675 5949 Qui
700 5888 902 5956 posteri
935 5885 1130 5944 borum
1158 5896 1286 5946 sunt
1317 5887 1508 5953 futuri,
1533 5881 1626 5960 q'ui
1661 5886 1882 5956 impiam

2178 4975 2226 5037 Β
2253 4968 2466 5024 Caedem
2492 4979 2720 5037 suorum
2749 4964 3002 5019 nuntient
3030 4972 3270 5037 patrum,
3305 4971 3362 5018 et
3391 4960 3593 5037 scelus.

2256 5038 2366 5094 Sed
2393 5039 2530 5109 ipse,
2557 5052 2591 5092 ο
2612 5036 2810 5109 animm
2840 5031 3138 5109 pars_rﬁeae
3176 5034 3334 5109 longe
3361 5031 3591 5103 optima,

2253 5104 2428 5164 Efﬁce
2441 5108 2696 5162 fruantur
2724 5104 2856 5160 luce
2876 5120 2946 5159 ne
2974 5105 3094 5158 laeta
3121 5104 3342 5158 aetheris

2253 5179 2457 5234 Purum
2487 5177 2768 5243 micantis,
2798 5190 2902 5231 nec
2934 5183 3120 5246 patere
3152 5174 3286 5246 quid
3315 5173 3587 5246 reliquum

2257 5248 2495 5306 Seminis
2523 5247 2688 5301 amati
2723 5261 2755 5300 a
2780 5244 3503 5314 caade'tranquillumitrabi.

2327 5319 2453 5374 Chr.
2469 5317 2548 5372 Ad
2557 5317 2736 5380 mitto,
2753 5316 2973 5380 mulier,
2997 5311 3135 5377 haec,
3155 5329 3256 5369 nec
3277 5313 3368 5367 illa
3383 5314 3548 5368 etiam
3565 5311 3834 5383 improbo.

2257 5390 2324 5468 ξι
2350 5389 2581 5460 gratiam
2617 5389 2862 5468 istam‘ut
2885 5387 3088 5468 largiar
3113 5385 3214 5439 tibi
3245 5385 3576 5468 promptius,

2257 5457 2390 5526 Quae
2416 5473 2557 5512 vana
2585 5473 2697 5513 non
2725 5457 2819 5521 sit,
2854 5457 3106 5527 plurima:
3137 5469 3319 5510 causa:
3346 5462 3604 5527 movent:

2259 5525 2418 5584 Hunc
2449 5529 2518 5583 ad
2547 5543 2776 5599 scopum
2804 5525 2892 5599 me
2924 5526 3172 5599 dirigens
3203 5539 3454 5599 prorsus,
3469 5525 3586 5599 _t_ibi

2257 5600 2540 5668 Nusquam
2575 5595 2760 5663 abero,
2792 5597 2978 5652 damni
3001 5595 3219 5651 videris
3239 5610 3327 5650 me
3358 5595 3629 5650 vindicem

2259 5671 2419 5733 lllati,
2454 5670 2523 5723 ab
2551 5669 2701 5723 omni
2730 5669 2899 5723 libera
2927 5676 2982 5722 et
3011 5682 3144 5723 cura
3172 5673 3228 5720 et
3257 5675 3427 5720 metu.

2258 5731 2411 5806 Deip.
2437 5739 2613 5810 Papae!
2640 5739 2898 5810 inclytam
2917 5745 3155 5810 mentem
3177 5744 3351 5810 tuam,
3369 5735 3557 5810 altam,
3573 5731 3834 5810 nobilem!

2257 5811 2302 5866 Ο
2327 5805 2482 5877 Nate,
2508 5805 2671 5880 (luam
2705 5805 2769 5864 te'
2791 5823 2940 5880 nunc
2971 5807 3156 5878 gravis
3183 5805 3344 5880 dolor
3372 5806 3596 5876 premit!

2257 5883 2464 5939 Invicta
2486 5877 2687 5938 nientis
2717 5878 2816 5938 sed
2835 5877 3018 5936 manet
3042 5877 3378 5935 constantia.
