4176 6366
407 446 507 504 201
1689 438 2034 496 CHRISTUS
2072 439 2384 496 PATIENS.
3561 440 3668 495 202

409 564 515 617 805
550 563 721 631 Ὄςην
745 560 833 614 ἀεί
865 578 955 631 μοι
976 559 1075 629 τὴν
1098 557 1437 630 προμήθειαν
1464 557 1676 627 φέρειςε
2019 562 2065 619 Α
2096 556 2389 624 Σύγγνωθ’,
2422 557 2689 629 ἁμαρτεῖν
2712 557 2755 610 δ’
2792 556 2938 620 εἰκὸς
2971 554 3277 627 ἄνθρωπον,
3308 554 3506 607 Τέκνον
3529 572 3541 585 ·

409 654 576 709 Ταῦτ’
602 653 916 724 ἐννοηθεῖσ’,
944 652 1193 723 ᾐσθόμην
1219 650 1474 703 ἀϐουλίαν
2098 649 2209 701 Καὶ
2243 647 2445 718 Πέτρος
2477 647 2749 719 ἐξήμαρτε
2779 649 2903 710 τοὺς
2930 647 3119 719 ὄχλους
3146 646 3358 717 τρέσας.

409 747 618 819 Πολλὴν
646 747 861 817 ἔχουσα,
902 748 994 799 καὶ
1024 746 1197 816 μάτην
1226 744 1560 814 λυπουμένη,
2170 738 2274 793 820
2311 741 2481 807 Χρισ.
2518 740 2811 809 Στείχουσα
2844 739 2936 792 νῦν
2967 739 3142 803 ἄπιθι,
3175 739 3347 809 μῆτερ
3376 735 3619 807 Παρθένε
3638 752 3652 767 ο

409 839 607 909 Μάτην
631 839 677 891 θ’
704 840 871 909 ἑαυτῇ
907 837 1041 908 πρὸς
1063 836 1253 905 λόγους
1286 836 1585 906 ἀφικόμην.
2098 831 2225 886 Λύω
2247 831 2304 884 δὲ
2333 830 2524 902 Πέτρῳ
2554 831 2795 902 σφάλμα,
2827 831 3132 905 χρηζούσης
3164 831 3339 884 σέθεν.

422 933 576 1001 Ἥμι.
602 927 695 995 Ἃ,
727 926 792 984 Et!
826 929 1165 983 πολυπόνων
1191 929 1306 982 ἄϊον
1339 927 1493 999 ἰαχὰν
1518 929 1674 997 γόων,
2098 925 2209 978 Καὶ
2240 923 2348 995 γὰρ
2378 923 2634 995 πάροιθεν
2659 927 2769 988 σοῖς
2806 925 3101 996 ἐπειθόμην
3131 924 3330 993 λόγοις,

411 1022 517 1078 810
540 1023 725 1093 Φωνὴν
754 1021 962 1086 ἔκλυον,
995 1021 1187 1075 ἔκλυον
1217 1021 1344 1090 βοὰς
1371 1021 1591 1074 στόνων.
2098 1017 2206 1087 Σῆς
2236 1015 2517 1078 εὐσεϐείας
2556 1016 2803 1086 κάγαθῆς
2836 1016 3029 1088 φρενὸς
3063 1017 3243 1088 χάριν.

412 1113 703 1167 Θεοκλυτεῖ
728 1131 812 1176 τις
833 1114 877 1166 δ’
906 1112 983 1176 ὡς
1007 1112 1175 1165 κακὸν
1207 1110 1369 1182 ῥέξας
1398 1112 1561 1181 μέγα,
2098 1108 2208 1161 Καί
2242 1124 2330 1177 μοι
2367 1106 2427 1159 τὸ
2462 1106 2561 1176 μὲν
2600 1107 2692 1161 σὺν
2718 1107 2959 1161 ἐκποδὼν
2990 1108 3133 1162 ἔστω
3161 1109 3345 1178 λόγος·

413 1205 703 1258 Θεοκλυτεῖ
732 1204 775 1257 δ’
803 1205 880 1267 ὼς
905 1204 1015 1275 ἄρα
1042 1203 1192 1257 δεινά
1221 1220 1302 1266 τις
1332 1202 1550 1257 παθών·
2100 1197 2206 1251 89.5
2232 1197 2418 1252 ’Ἐλκει
2444 1196 2501 1249 δὲ
2534 1197 2628 1252 καὶ
2656 1197 2861 1268 δάκρυα
2893 1195 3091 1268 πολλὴν
3128 1215 3229 1268 μου
3262 1198 3439 1271 χάριν,

414 1299 526 1353 Καὶ
550 1298 655 1369 μὴν
685 1299 713 1350 ὁ
741 1296 952 1359 κλεινὸς
981 1296 1090 1350 ἀπὸ
1116 1295 1181 1367 δὴ
1208 1295 1407 1365 στείχει
1445 1294 1652 1365 Πέτρος
2100 1292 2210 1345 Καὶ
2243 1292 2420 1347 πάντα
2456 1292 2572 1345 λύει
2602 1290 2799 1360 δεσμὸν
2828 1289 3302 1361 ἀμπλακημάτων.

416 1388 768 1459 Σκυθρωπδς.
799 1387 1037 1458 οἰκτρὸς,
1076 1388 1171 1441 καὶ
1198 1389 1688 1458 κατανενυγμένος.
2100 1385 2191 1439 Σοί
2222 1388 2269 1438 τ’
2298 1382 2365 1440 αὖ
2404 1384 2655 1457 παραινῶ
2686 1382 2889 1455 μηδένα
2922 1382 3126 1453 βροτῶν
3159 1385 3395 1452 στυγεῖν,

417 1478 1435 1551 8158εοτό.Τί,Πέτρε,θρηνεῖς;δείν’
1452 1479 1835 1551 ἐπραξας,ἀλλ’
1850 1482 2001 1552 ὅμως
2100 1477 2236 1547 Μήδ’
2265 1478 2319 1531 οῖ
2352 1477 2408 1548 μ’
2434 1476 2772 1549 άπηώρησαν
2805 1474 3019 1545 ἀνόμως
3060 1473 3220 1543 ξύλῳ.

422 1572 537 1624 Ἔτ’
563 1571 677 1624 ἔστι
707 1571 801 1625 καὶ
831 1573 913 1625 σοὶ
938 1570 1104 1624 τῶνδε
1132 1570 1461 1642 συγγνώμης
1490 1573 1691 1642 τυχεῖν.
2104 1570 2301 1623 Θεοτό.
2337 1570 2518 1637 Ὤμοι,
2549 1569 2743 1639 φρενὸς
2774 1567 2870 1639 σῆς
2896 1567 3263 1637 εὐαγεστάτης
3289 1566 3403 1619 ast!

417 1657 491 1715 Ὦ
518 1664 741 1729 Τέκνον,
773 1658 818 1718 ὦ
847 1663 1120 1733 φίλτατον,
1147 1657 1193 1718 ὦ
1217 1662 1352 1716 Θεοῦ
1374 1664 1534 1732 Λόγε,
2103 1660 2208 1715 850
2246 1660 2332 1725 Ὦς
2365 1660 2486 1716 οὐδὲ
2516 1660 2739 1730 πάσχων
2772 1658 3142 1730 δυσμεναίνεις
3172 1658 3249 1729 τῷ
3276 1659 3445 1727 γένει,

937 1817 1043 1889 9705
1069 1816 1337 1884 Quantam
1370 1819 1503 1873 mihi
1530 1833 1748 1889 semper
1776 1834 1966 1874 curam
1994 1820 2264 1889 impendis
2288 1822 2300 1873 l

940 1887 1064 1961 _H_a!c
1090 1890 1271 1944 animo
1298 1890 1565 1961 cogitans,
1594 1887 1789 1960 agnovi
1818 1887 2238 1961 imprudentiam

938 1958 1187 2028 Magnam
1217 1974 1304 2014 me
1334 1958 1552 2027 habere,
1584 1958 1650 2015 (δι’
1668 1961 1869 2016 frustra
1896 1958 2274 2015 eontristatam
2304 1959 2491 2025 fuisse,

937 2028 1275 2097 Frustraque
1308 2029 1394 2084 his
1424 2032 1771 2085 sermonibus
1796 2047 1882 2087 me
1910 2047 2031 2085 sum
2056 2032 2313 2086 allocuta.

937 2097 1236 2171 ._Ser_ni_._Ah,
1260 2100 1348 2153 ah!
1384 2099 1813 2171 lamentabilium
1845 2102 2028 2156 audivi
2063 2116 2258 2156 sonum
2285 2100 2602 2171 gemituum,

938 2168 1045 2241 διο
1077 2167 1277 2241 vocem
1307 2169 1508 2234 audivi,
1538 2171 1719 2225 audivi
1751 2172 2043 2227 clamorem
2077 2167 2488 2241 ingemeutium.

940 2238 1109 2311 Deum
1134 2240 1352 2311 invocat
1383 2242 1529 2310 quis,
1553 2242 1710 2310 quasi
1743 2242 1948 2311 grande
1974 2238 2157 2297 scelus
2181 2242 2493 2297 admisisset

940 2307 1418 2392 Heumjmplorat,
1452 2316 1512 2363 ut
1527 2307 1637 2392 'q'ui
1667 2307 1850 2392 gravia
1864 2327 2072 2392 passus
2099 2312 2281 2392 fuerit.

926 2378 1007 2451 Et
1030 2378 1263 2450 insignis
1287 2380 1503 2449 quidem
1525 2378 1722 2451 Petrus
1749 2378 1949 2437 abhinc
1974 2383 2207 2451 prosilit,

930 2448 1173 2514 'Vultuni_
1194 2448 1404 2505 tristem
1432 2465 1647 2515 gerens.
1685 2449 1899 2515 flebilis,
1933 2448 2224 2507 cuntritus.

941 2520 1047 2575 815
1077 2519 1227 2589 Deip.
1262 2519 1402 2586 Quid
1436 2519 1550 2589 fles,
1588 2520 1785 2578 Petre?
1809 2523 2017 2577 atrocia
2042 2523 2243 2588 fecisti,
2266 2521 2362 2577 sed
2391 2530 2571 2577 tamen

940 2589 1134 2663 Adhuc
1162 2598 1318 2663 potes
1349 2591 1543 2663 horum
1578 2594 1792 2663 veniam
1824 2593 2107 2663 consequi.

943 2660 989 2715 0
1016 2659 1141 2723 Fili,
1164 2659 1208 2714 ⁷ο
1238 2662 1619 2726 dilectissime,
1650 2677 1685 2716 ο
1717 2662 1809 2717 Dei
1848 2659 2107 2724 Verbum,

928 2730 1188 2816 ilgngsce,
1219 2729 1367 2816 Filii
1387 2742 1813 2816 consentaneum
1844 2740 1931 2788 est
1962 2734 2210 2789 homines
2236 2748 2459 2789 errare:

944 2800 1012 2855 Et
1040 2800 1235 2856 Petrus
1264 2802 1493 2859 deliquit
1524 2803 1740 2859 turbam
1770 2812 2043 2859 metuens.

1014 2871 1119 2926 820
1154 2870 1355 2928 Christ.
1384 2870 1486 2927 Abi
1518 2888 1687 2946 nunc.
1718 2874 1931 2946 recede,
1955 2872 2122 2946 Virgo
2152 2889 2351 2944 parens
2376 2892 2389 2941 ;

944 2929 1024 2995 Te
1050 2952 1295 3011 rogante,
1327 2958 1487 2997 suum
1518 2929 1685 2998 Petro
1705 2929 1961 2998 delictum
1995 2929 2232 3010 reinit'to,

935 3011 1083 3084 *ljam
1116 3020 1171 3066 et
1192 3019 1319 3067 ante
1347 3014 1456 3067 tuis
1490 3013 1864 3084 obtemperavi
1899 3015 2102 3079 verbis,

944 3078 1178 3155 Propter
1210 3091 1357 3135 tuam
1390 3078 2013 3155 pietatem-bonamque
2043 3078 2302 3140 mentem.

947 3149 1318 3225 [aliquatenus
1347 3149 1414 3207 ad
1450 3159 1503 3208 te
1533 3154 1786 3223 pertinet,
1812 3149 1960 3209 nulla
1993 3155 2107 3211 sint
2129 3156 2362 3225 amplius
2392 3156 2557 3211 verba
2582 3175 2593 3210 :

946 3220 1054 3297 §25
1085 3220 1362 3291 Lacrymaa
1394 3220 1574 3278 autem
1602 3225 1892 3297 plurimam
1925 3242 1990 3281 ex
2025 3243 2112 3282 me
2135 3220 2366 3297 gratiam
2392 3228 2658 3290 obtinent,

947 3289 1015 3363 Et
1045 3306 1207 3346 omne
1229 3289 1583 3363 peccatorum
1609 3289 1830 3349 solvunt
1860 3289 2163 3353 vinculum:

948 3358 1133 3430 Teque
1162 3358 1449 3430 admoneo,
1480 3380 1582 3419 nec
1616 3366 1785 3418 ullum
1824 3366 2099 3421 hominem
2131 3367 2479 3429 extimescas,

941 3428 1242 3506 Reg—uident
1266 3428 1486 3506 eosqui
1513 3450 1598 3490 me
1632 3436 1817 3506 inique
1840 3436 1989 3506 ligno
2022 3437 2448 3504 suspenderunt.

945 3499 1391 3576 peip._ﬂei7niihi
1416 3499 1429 3557 ἰ
1459 3520 1624 3574 quam
1656 3499 1749 3559 tua
1779 3499 1934 3561 mens
1957 3499 2182 3576 semper
2204 3506 2590 3560 sanctissima!

890 3616 891 3619 η
942 3570 1049 3627 850
1082 3570 1150 3626 Ut
1182 3574 1347 3629 etiam
1381 3570 1617 3645 patiens,
1653 3591 1762 3631 non
1791 3592 1851 3632 es
1886 3570 2105 3632 infenso
2129 3591 2259 3647 erga
2290 3577 2539 3631 homines
2575 3576 2777 3641 animo,

505 3728 609 3783 806
663 3730 829 3784 Ταῦτ’
899 3728 1251 3795 ἑννοηθεῖσ’,
1315 3736 1425 3785 etc.
1488 3730 1581 3786 Sic
1634 3729 1818 3786 Medea
1874 3746 2020 3787 vers.

2193 3730 2290 3784 821
2330 3731 2463 3785 Λὺω
2484 3728 2573 3793 δέ,
2601 3737 2708 3785 etc.
2744 3728 2835 3784 Sic
2867 3726 3086 3799 Hippo].
3112 3727 3297 3788 Dianae
3322 3734 3570 3793 consiliis
3595 3737 3692 3793 ob-

439 3799 565 3865 882,
593 3809 721 3865 etc.,
756 3817 817 3855 se
842 3801 1017 3870 ipsam
1048 3800 1329 3871 redarguit
1358 3818 1373 3854 :
2123 3809 2436 3871 temperans
2467 3816 2611 3856 vers.
2648 3800 2788 3855 1M4
2817 3808 2872 3857 et
2912 3801 3050 3856 1445
3081 3820 3095 3855 :

586 3892 745 3964 Ταῦτ’
772 3891 1090 3964 ἐννοηθεῖσ’,
1118 3892 1364 3963 ᾐσθόμην
1390 3890 1645 3964 άὸουλίαν
2195 3893 2322 3947 Λύω
2349 3894 2405 3946 δὲ
2421 3896 2598 3957 νεῖκος
2631 3894 2820 3964 πατρὶ,
2852 3891 3159 3964 χρῃζούσης
3191 3894 3363 3947 σέθεν·

584 3962 785 4033 Πολλὴν
815 3962 1034 4032 ἔχουσα,
1062 3966 1156 4015 καὶ
1187 3962 1361 4033 μάτην
1401 3962 1738 4034 θυμουμένη.
2193 3964 2305 4016 Καὶ
2336 3964 2444 4034 γὰρ
2478 3963 2706 4034 πάροιθε
2746 3962 3186 4035 σοῖςὲπειθόμην
3214 3964 3411 4034 λόγοις.

515 4053 613 4126 Ilia
640 4056 816 4108 animo
837 4056 1081 4126 agitatis,
1112 4056 1301 4125 agnovi
1331 4055 1744 4124 imprudentiam
2198 4057 2359 4112 Rimas
2388 4073 2506 4112 vero
2538 4074 2655 4111 cum
2681 4067 2832 4126 patre
2861 4068 3130 4126 susceptas
3162 4057 3391 4125 dimitto,
3424 4062 3501 4113 sic
3535 4071 3582 4117 te
3610 4080 3695 4117 vo-

510 4125 763 4195 Magnam
798 4142 879 4179 me
908 4125 1118 4190 habere,
1148 4136 1197 4179 et
1230 4128 1437 4196 [rustra
1464 4129 1659 4179 iratam
1688 4125 1872 4194 fuisse.
2205 4195 2247 4200 __
2683 4125 2688 4126 ⁷
2875 4199 2880 4200 7
2977 4197 2985 4200 _
3012 4125 3015 4126 ⁷
3422 4128 3581 4200 [lente
3607 4150 3626 4187 :

509 4218 614 4272 διε
651 4219 799 4272 Δεῖν·
822 4218 1109 4287 ἔπραξας,
1144 4195 1253 4272 etc.
1295 4217 1387 4273 Sic
1426 4218 1643 4288 Hippol.
1676 4233 1819 4272 vers.
1857 4217 2016 4282 1525,

1857 4217 2016 4282 1525’
2195 4195 2339 4251 Nam
2359 4207 2411 4251 et
2434 4206 2554 4252 ante
2580 4213 2780 4267 semper
2807 4199 2909 4252 tuis
2934 4197 3279 4266 obtemperavi
3303 4195 3489 4255 verbis.

436 4295 545 4362 etc.
581 4289 750 4344 Diana
779 4288 1073 4353 Theseum,
1106 4289 1176 4362 οἱ)
1215 4289 1438 4345 crudele
1470 4289 1567 4344 ﬁlii
1598 4288 1683 4344 sui
1712 4288 1883 4342 fatum
1911 4290 2019 4343 sibi
2135 4291 2297 4362 7_8?/i
2330 4293 2528 4345 Ἔστω
2563 4294 2766 4362 λόγος.
2800 4291 2933 4362 Reg.
2959 4298 3012 4345 et
3038 4288 3227 4360 Eurip.
3270 4293 3328 4347 in
3367 4295 3513 4349 Med.
3548 4310 3695 4349 vers.

436 4358 590 4413 diras
619 4362 1030 4428 imprecantem,
1065 4358 1285 4429 affatur.
1780 4428 1832 4429 77
1928 4428 1937 4429 7
2126 4360 2286 4421 1222,
2318 4363 2465 4417 unde
2505 4363 2595 4418 hic
2632 4358 2830 4417 versus
2876 4358 3202 4429 desumptus
3250 4372 3333 4418 est
3384 4367 3437 4419 in
3478 4381 3698 4421 sensum

510 4430 612 4506 8‘l78
641 4427 962 4506 serpat);
1009 4437 1115 4506 et_c.
1162 4427 1243 4484 lta
1295 4429 1409 4506 fere
1448 4446 1591 4506 vers.
1629 4429 1735 4485 615
1775 4428 2021 4484 thedrat
2124 4432 2156 4484 d

2124 4432 2426 4506 diversum,
2461 4433 2603 4506 έστω
2631 4433 2813 4501 λόγου,
2855 4432 3039 4503 quasi,
3068 4427 3243 4488 desine
3268 4451 3471 4506 rogare,
3501 4440 3700 4505 quippe

439 4502 627 4556 nutrix
662 4499 1014 4572 Hippolytum
1053 4499 1252 4556 iratum
1284 4501 1596 4557 demulcere
1623 4510 1874 4555 conatur.
2124 4502 2287 4570 cujus
2320 4504 2577 4559 exaudita
2608 4499 2926 4559 est'oratib.

1748 4660 2083 4720 METRICA
2102 4661 2400 4721 VERSIO.

442 4778 517 4853 ρι
540 4787 595 4853 ιιι
624 4794 798 4848 usque
820 4779 1034 4853 profers
1059 4794 1182 4850 qua:
1212 4779 1345 4853 mihi
1371 4780 1439 4834 ad
1471 4780 1820 4853 prudentiam
2051 4788 2096 4847 B
2122 4781 2361 4838 Peccare
2392 4799 2516 4839 cum
2554 4786 2627 4839 sit
2655 4784 2877 4839 insitum
2912 4785 3140 4847 homini,
3174 4784 3439 4853 ignoscito

442 4846 669 4905 Faciant
692 4846 895 4921 magis!
933 4866 1055 4920 quae
1078 4846 1305 4920 propius
1328 4846 1641 4921 expendens
1675 4854 1792 4907 scio
2058 4846 2061 4847 ⁷
2125 4854 2279 4918 Quod
2305 4853 2500 4909 Petrus
2525 4854 2579 4907 in
2614 4864 2664 4909 te
2698 4855 2949 4909 admisit:
2979 4846 3275 4908 admiSsum
3304 4855 3355 4907 id
3385 4859 3529 4907 metu

445 4921 621 4988 Supra
652 4920 871 4973 modum
918 4937 1005 4975 me
1036 4922 1281 4987 stultam,
1313 4930 1367 4976 et
1400 4920 1537 4975 hinc
1561 4924 1802 4976 animum
1838 4938 2019 4980 meum
2127 4923 2326 4977 Turbae
2348 4925 2631 4985 irruentis,
2666 4933 2719 4979 et
2749 4926 3031 4979 frementis
3064 4924 3361 4977 turbidum.

442 4990 672 5062 Frustra
701 4990 892 5062 dolore
920 5006 1233 5045 macerasse
1262 4999 1317 5062 et
1352 4992 1631 5062 lacrymis,
2196 4993 2318 5048 Chr.
2343 4993 2517 5049 Iubeo
2540 4994 2673 5048 nihil
2703 5002 2756 5049 te
2784 4995 2871 5047 hic
2897 4996 3137 5055 anxiam,
3161 5008 3193 5045 ο
3225 4991 3389 5061 Virgo
3411 5006 3626 5062 parens;

444 5060 667 5133 Dixisse
690 5059 895 5133 frustra
917 5062 1093 5133 _verba
1120 5076 1242 5130 quae
1270 5061 1382 5115 dixi
1418 5059 1711 5132 impotens.
2126 5063 2392 5118 Condono
2422 5064 2585 5118 Petro
2610 5064 2874 5132 quidquid
2906 5071 2991 5119 est.
3019 5062 3206 5133 lapsus
3232 5070 3325 5133 tua

444 5131 610 5202 Semi.
643 5130 753 5202 Ah!
787 5130 879 5200 qui
910 5130 1223 5200 frequentes
1249 5147 1424 5200 usque
1450 5130 1584 5186 adeo
1608 5133 1843 5202 gemitus
1870 5148 2021 5189 meas
2132 5133 2226 5188 Vel
2253 5137 2417 5189 unius
2451 5130 2649 5199 causa;
2686 5150 2810 5187 nam
2837 5143 2889 5188 et
2909 5143 3034 5187 ante
3058 5130 3219 5187 etiam
3249 5132 3340 5202 ubi

443 5201 645 5280 xplant
673 5201 725 5280 in
765 5199 949 5280 aures,
981 5199 1140 5280 triste
1166 5211 1275 5280 _t_am
1309 5199 1526 5273 longum
1554 5199 1818 5280 insonans
2128 5206 2202 5280 [is
2237 5220 2323 5259 me
2351 5205 2744 5280 obsequentem
2778 5212 2997 5280 experta
3029 5217 3243 5280 semper
3269 5199 3487 5280 Ifilium.

446 5270 547 5343 ilic
578 5270 723 5343 unde
756 5271 1051 5343 planctus?
1074 5272 1245 5343 audio
1267 5270 1438 5337 certe,
1464 5273 1627 5328 audio
2129 5272 2260 5339 Quae
2295 5275 2368 5327 tui
2404 5270 2520 5328 erat
2544 5275 2709 5327 animi
2744 5270 2916 5343 gratia
2947 5272 3143 5341 integri
3173 5280 3225 5343 et
3255 5270 3350 5339 pii.

445 5339 647 5413 Yocem
681 5339 886 5413 doloris
910 5341 1145 5413 indicem
1179 5342 1504 5397 tristissimi.
1584 5412 1589 5413 7
2130 5344 2256 5398 Haec
2281 5345 2445 5398 verba
2475 5358 2638 5413 porro
2665 5357 2695 5395 a
2723 5339 2808 5396 me
2833 5352 2923 5395 tua
2954 5339 3084 5395 hinc
3110 5340 3284 5413 aufer,
3318 5355 3537 5409 parens.

447 5410 618 5484 Deum
652 5412 849 5484 aliquis
876 5412 1060 5484 isthic,
1089 5411 1210 5465 dira
1235 5421 1494 5483 tanquam
1529 5412 1830 5480 admiserit,
2131 5414 2247 5467 Hoc
2271 5416 2430 5477 scito,
2462 5410 2716 5484 lacrymis
2743 5413 2985 5484 gratiam
3005 5425 3179 5484 meam
3210 5411 3356 5484 elici.

442 5481 745 5559 implorat;
776 5482 975 5559 aliquis
1000 5483 1136 5559 dura
1172 5480 1431 5559 tanquam
1468 5484 1770 5552 perferens,
2132 5484 2407 5559 I_Iis_ar_cla
2434 5480 2705 5559 scelerum
2729 5483 2909 5537 vincla
2935 5480 3159 5559 dissolvi
3184 5481 3456 5559 omnium.

444 5549 744 5605 Hiscrabili
774 5549 901 5607 fletu
932 5552 1027 5607 Dei
1060 5549 1323 5606 auxilium
1357 5549 1593 5607 invocat.
2133 5554 2371 5609 Proinde
2401 5564 2453 5607 te
2479 5554 2670 5606 hortor
2698 5560 2751 5607 et
2778 5566 2993 5613 moneo,
3026 5551 3338 5604 mortalium

446 5622 612 5693 Atqui
640 5623 742 5676 iste
768 5622 954 5693 ciarus
981 5621 1175 5693 Petrus
1208 5624 1360 5689 olim,
1393 5625 1608 5693 prosilit
2124 5623 2206 5678 Ne
2252 5625 2310 5679 in
2372 5638 2704 5693 quemquam
2747 5622 2874 5676 odia
2920 5635 3097 5690 geras,
3152 5620 3235 5674 vel
3261 5622 3424 5674 etiam
3475 5635 3583 5693 n_on
3642 5620 3701 5673 in

444 5689 612 5763 Yultu
640 5691 865 5763 horrido
894 5702 1058 5763 atque
1086 5692 1273 5755 flebili,
1305 5689 1485 5747 aniiuo
1509 5694 1755 5748 saucius.
2158 5712 2183 5745 ο
2389 5689 2403 5693 ⁷
2520 5762 2523 5763 7
2555 5689 2573 5693 “
2929 5689 2945 5690 ⁷
3161 5761 3169 5763 7
3507 5691 3633 5763 [hos

447 5760 599 5834 Deip.
634 5762 796 5828 Quid,
818 5760 998 5826 Petre',
1028 5764 1386 5833 luges?triste
1401 5764 1693 5833 dirumque
1724 5763 1773 5817 id
1799 5763 2017 5834 quidem
2126 5764 2230 5831 Qui
2258 5779 2345 5834 me
2370 5772 2479 5817 tam
2515 5762 2761 5833 iniquam
2788 5763 3127 5817 sustulerunt
3158 5761 3213 5815 in
3248 5770 3489 5817 crucem.

443 5831 603 5902 Quod
638 5835 981 5901 perpetrasti,
1022 5831 1131 5888 non
1158 5842 1340 5887 tamen
1364 5835 1519 5887 venia
1549 5831 1769 5887 cicidit.
1819 5831 1832 5834 ⁷
2128 5836 2279 5901 Deip.
2315 5832 2379 5897 Ο,
2416 5849 2449 5887 o
2479 5831 2809 5901 stupendum
2837 5835 3033 5887 nobilis
3062 5833 3258 5887 mentis
3291 5837 3494 5902 genus!

444 5903 491 5959 0
513 5901 647 5957 Nate
674 5903 859 5968 citare,
886 5919 921 5957 0
948 5902 1083 5958 Nate
1115 5905 1207 5971 mi,
1233 5921 1267 5957 ο
1300 5902 1537 5957 Verbum
1568 5903 1684 5971 Dei,
2131 5902 2222 5958 Sic
2250 5919 2534 5974 compares
2565 5910 2617 5958 te
2655 5913 2893 5960 extrema
2919 5905 3153 5973 patiens,
3194 5911 3253 5957 ut
3286 5901 3468 5957 tamen

811 5998 1083 6061 ΡΑτιιοι..
1116 6002 1232 6062 Gtt.
1269 5999 1626 6061 XXXVIII.
3394 6001 3431 6056 7
