4176 6366
521 406 627 462 199

524 522 622 585 Ὠς
663 517 825 582 αὐτὸς
860 533 1020 580 ειπας
1067 513 1329 578 πολλάκις
1357 513 1496 584 πρὸς
1531 516 1658 577 σοὺς
1690 513 1874 582 φίλους
1894 530 1908 542 ⁸

519 615 596 669 Τὸ
636 615 745 667 πᾶν
771 611 878 683 γὰρ
911 609 1086 672 οὕτως
1129 607 1530 678 ἀσφαλέστερόν
1563 609 1612 660 τ’
1652 607 1798 677 ἐμοὶ,

517 705 593 760 Σύ
621 707 668 759 τ’
701 703 865 767 αὐτὸς
894 702 971 755 ὢν
1009 699 1187 764 ὄλϐιος
1223 699 1401 752 ὀλϐίου
1436 697 1647 769 Πατρός

517 792 812 858 Γνωσθεὶς,
852 788 1204 861 ἀνυμνησθῇς
1238 805 1303 856 γε
1345 789 1491 861 πάσῃ
1517 791 1584 860 τῇ
1629 788 1820 843 κτίσει.

521 885 626 940 785
665 884 758 955 Μὴ
791 881 924 952 γοῦν
951 881 1117 947 διάξω
1146 881 1352 953 λυπρὸν
1383 883 1438 944 ὲς
1487 879 1698 952 μακρὸν
1727 879 1839 951 βίον

523 977 720 1047 Ὀχλος
746 976 790 1030 δ’
817 975 1129 1048 ἀλαστόρων
1151 991 1215 1045 γε
1248 973 1385 1027 τίσει
1416 972 1515 1044 τὴν
1541 973 1719 1044 δίκην,

445 1097 448 1100 ~
521 1068 626 1120 Τὸν
660 1067 938 1138 Δεσπότην
969 1066 1186 1130 κτείνας
1217 1082 1281 1134 γε
1309 1064 1415 1135 γῆς
1443 1081 1504 1117 τε
1536 1065 1632 1118 καὶ
1665 1063 1855 1118 πόλου.

523 1156 682 1215 Οὗτοι
711 1159 838 1232 γὰρ,
868 1159 944 1222 ὡς
978 1159 1231 1230 ἔδρασαν,
1266 1157 1468 1228 εὕρωσι
1509 1155 1676 1220 κακὰ,

529 1253 600 1305 Ἀ
632 1254 772 1305 τοῖσι
807 1249 1127 1304 δυσσεὸοὖσι
1167 1249 1377 1318 γίνεται
1423 1247 1654 1319 βροτοῖς.

526 1345 628 1401 790
673 1344 810 1397 Ἀλλ’
845 1345 907 1398 οὐ
937 1344 1046 1416 γὰρ
1074 1343 1252 1396 αὐτῶν
1283 1340 1520 1414 φροντίδ’
1553 1339 1628 1404 ὡς
1652 1339 1857 1392 τέκνων
1886 1337 2014 1408 ἔχω,

524 1439 617 1510 Μή
647 1454 765 1500 πως
793 1436 1037 1490 πάθωσιν
1069 1436 1119 1488 οἱ
1149 1435 1520 1505 προσήκοντες
1551 1431 1754 1502 σφίσιν,

529 1529 789 1602 Πατρῷον
816 1527 1184 1601 ὲκφράσοντες
1211 1525 1386 1594 ἀσεϐῆ
1411 1525 1587 1594 φόνον.

1046 1684 1139 1740 Sic
1165 1693 1219 1739 et
1251 1692 1309 1738 tu
1339 1685 1454 1754 ipse
1484 1684 1594 1737 tuis
1619 1683 1834 1739 dilectis
1865 1679 2199 1754 praedixisti;

1049 1755 1140 1809 Sic
1167 1755 1311 1809 enim
1343 1752 1526 1807 «intuia
1559 1753 1690 1807 mihi
1723 1761 1884 1808 erunt
1918 1752 2142 1812 tutiora,

1359 398 1703 454 APPENDIX
1730 398 1822 453 AD
1865 399 1922 454 S.
1962 398 2288 456 GREGORII
2329 397 2579 454 THEOL.
2619 393 2950 452 CARMINA.

3681 387 3789 443 200

2135 533 2182 588 Α
2224 513 2366 567 Ἀλλ·
2399 513 2583 576 αὐτὸς,
2610 506 2657 564 ὢ
2690 509 3000 580 σπλάγχνον
3029 506 3202 576 φίλονν
3232 506 3405 574 γλυκὺ
3439 503 3595 573 φάοςν

2214 607 2512 677 Κάτειργε,
2555 603 2929 664 κατάπαυσον,
2969 599 3181 670 ἐξειργε
3207 599 3338 667 φόνο

2214 693 2318 749 795
2366 691 2815 761 Ἐγκατάλειμμα
2842 688 3154 760 σπέρματος
3186 686 3538 757 πεφιλμενου.

2282 791 2490 856 Χριστ.
2521 785 2687 853 Αἰνῶ,
2717 783 2900 854 γύναι,
2937 782 3074 848 τάδ’,
3114 781 3214 834 οὐκ
3243 781 3427 835 ἐκεῖνα.
3468 779 3774 852 μέμφομαι.

2212 880 2430 934 Πολλῶν
2460 879 2505 934 δ’
2537 880 2693 950 ’ἐκητι
2724 878 2884 950 τήνδε
2914 894 2997 931 σοι
3033 873 3216 929 δοῦναι
3248 875 3408 946 χάριν

2223 971 2363 1042 Ἐγὼ
2393 969 2674 1042 πρόθυμός
2705 969 2844 1040 εἰμι,
2875 967 3013 1022 κούκ
3041 965 3108 1021 ἂν
3143 966 3402 1037 ἐκπέσῃς.

2210 1064 2559 1134 Συλλήψομαι
2588 1063 2697 1134 γὰρ
2742 1059 2897 1114 τοῦδὲ
2928 1076 3009 1114 σοι
3054 1058 3285 1129 πάμπαν
3317 1051 3544 1122 σκοποῦ,

2211 1153 2316 1209 800
2355 1152 2501 1222 Αὑτὴ
2533 1168 2591 1205 τε
2627 1150 2814 1220 γνοίης
2850 1148 3054 1221 ζημίας
3094 1145 3478 1218 ἀντιστροφὴν,

2224 1243 2625 1312 Ἀπαλλαγεῖσα
2655 1241 2816 1313 τῆσδε
2844 1242 2944 1311 τῆς
2974 1240 3231 1311 ἀθυμίας.

2217 1335 2416 1392 Θεοτό.
2459 1337 2640 1405 Ὤμοι,
2668 1333 2863 1404 φρενὸς
2893 1333 2992 1404 σῆς
3018 1331 3271 1400 εὐγενοῦς
3297 1347 3358 1384 τε
3387 1326 3668 1400 κάγαθῆςι

2213 1422 2286 1479 Ὦ
2317 1425 2538 1490 Τέκνον,
2569 1426 2658 1497 οἵᾳ
2682 1425 2941 1496 συμφορᾷ
2967 1422 3298 1492 συνεζύγηςῑ

2217 1517 2292 1570 Τὸ
2327 1516 2374 1570 δ’
2406 1514 2625 1585 εὐγενές
2657 1532 2750 1568 σου
2779 1514 2886 1569 τῶν
2917 1513 3130 1583 φοενῶν
3159 1512 3296 1567 σῶον
3325 1528 3496 1584 μενει.

1045 1825 1112 1878 Et
1143 1833 1196 1878 te
1223 1825 1399 1894 ipsum
1435 1825 1650 1878 beatum
1690 1822 1830 1877 beati
1857 1820 2041 1894 Patris
2067 1819 2266 1874 Filium

1045 1892 1326 1966 Agnitum,
1360 1895 1836 1966 muniscreatura
1856 1892 2075 1963 hymnis
2108 1894 2493 1966 prosequetur.

1048 1958 1152 2020 785
1176 1963 1292 2017 Non
1322 1965 1488 2033 igitur
1509 1964 1600 2016 diu
1628 1963 1794 2016 vitam
1826 1958 2148 2016 in'mterore
2172 1958 2524 2033 protraham;

1049 2034 1155 2090 Sed
1197 2050 1388 2104 poenas
1419 2033 2052 2104 exsolvet_scelestorum
2090 2033 2272 2104 turba,

1046 2106 1180 2171 Quae
1199 2099 1367 2159 terra:
1391 2104 1624 2172 emlique
1660 2102 1946 2157 Dominum
1981 2099 2276 2156 interfecit.

1048 2169 1114 2230 lii
1143 2177 1310 2241 enim,
1345 2183 1405 2228 ut
1430 2169 1835 2244 perpetraruut,
1868 2174 2220 2242 experientur
2247 2169 2412 2232 mala,

1048 2247 1181 2312 Qua:
1210 2246 1468 2299 mortales
1498 2245 1796 2314 sacrilegos
1831 2251 2074 2297 manent.

1049 2316 1156 2371 790
1185 2315 1406 2370 Illorum
1438 2315 1604 2377 enim,
1635 2311 1990 2376 ut'ﬁliorum,
2021 2325 2210 2371 curam
2249 2311 2443 2376 habeo,

1047 2386 1128 2441 Ne
1159 2385 1361 2456 aliquid
1391 2386 1668 2454 patiantur
1694 2399 1882 2456 eorum
1908 2384 2127 2456 cognati
2154 2381 2430 2452 (posteri),

1049 2457 1154 2522 Qui
1183 2454 1403 2526 impiam
1440 2463 1655 2526 patrum
1684 2455 1886 2508 caedem
1921 2454 2194 2526 nuntient.

1054 2527 1160 2581 Sed
1188 2524 1277 2590 tu,w
1298 2524 1510 2579 viscera
1545 2525 1766 2587 dilecta,
1799 2525 2129 2580 suavissima
2163 2524 2277 2586 lux,

1050 2597 1326 2664 Reprime,
1357 2595 1507 2654 seila,
1539 2611 1672 2648 nece
1701 2595 1901 2657 exime,

1050 2662 1158 2722 795
1189 2666 1462 2735 Quidquid
1495 2665 1790 2735 prrcdileeti
1820 2663 2048 2719 seminis
2076 2662 2350 2735 reliquum
2378 2669 2484 2718 est.

1129 2737 1320 2793 3hrist.

1404 2731 1536 2789 robo
1574 2736 1710 2798 haec,
1747 2736 1964 2795 mulier.
1998 2749 2173 2804 neque
2199 2731 2298 2788 illa
2331 2731 2597 2803 improbo.

1050 2808 1280 2878 Propter
1311 2807 1535 2872 multos,
1574 2805 1678 2878 tibi
1697 2807 1840 2861 hanc
1869 2803 2107 2878 gratiam
2130 2803 2263 2858 dare

1050 2872 1286 2932 Paratus
1309 2891 1456 2939 sum,
1487 2891 1520 2930 ο
1549 2877 1766 2936 mulier,
1796 2872 1899 2930 nec
1929 2885 2055 2929 voto
2086 2872 2470 2938 frustraberis,

1051 2948 1130 3004 Te
1157 2947 1305 3018 enim
1338 2961 1564 3018 prorsus
1597 2947 1868 3018 adjuvabo
1893 2947 2040 3000 circa
2068 2945 2214 3018 hunc
2239 2958 2490 3012 scopum,

1051 3018 1158 3075 800
1189 3016 1306 3085 Ipsa
1331 3013 1548 3086 quoque
1577 3013 1776 3071 damna
1807 3017 1863 3070 in
1895 3016 2231 3070 contrarium
2254 3029 2412 3070 versa
2443 3013 2686 3078 noveris,

1058 3086 1516 3212 125ς-1255
1547 3087 1725 3142 Haece
1750 3087 1972 3168 tristitia
2003 3087 2175 3141 libera

1058 3161 1206 3212 Dein.
1267 3158 1358 3212 leu
1387 3159 1400 3211 ι
1441 3167 1677 3212 mentem
1710 3166 1858 3211 tuam
1902 3172 2047 3212 mam
2079 3165 2133 3210 et
2161 3154 2175 3209 l

1055 3154 1206 3281 17.2%;
1242 3154 1403 3213 Ile—ui
1422 3154 1677 3213 'm'entem
1710 3166 1858 3211 tuam
1902 3158 2047 3228 piam
2079 3165 2133 3210 et
2161 3154 2398 3209 bonam!

1060 3228 1105 3281 0
1179 3229 1258 3281 ili.
1295 3229 1352 3281 in
1379 3243 1542 3281 uuam
1577 3229 1941 3281 calamitatem
1978 3225 2256 3281 incidisti!

1060 3228 1105 3282 0
1134 3225 1258 3292 Fili,
1295 3229 1352 3282 in
1379 3243 1542 3297 quam
1577 3225 1941 3282 calamitatem
1978 3225 2256 3281 incidisti!

1063 3299 1169 3354 Sed
1192 3296 1492 3370 generosus
1519 3299 1737 3353 animus
1766 3299 1858 3354 illc
1885 3305 2015 3353 tuus
2042 3306 2224 3353 manet
2254 3296 2485 3366 integer.

618 3465 723 3520 788
754 3463 1008 3533 Εὗρωσι.
1044 3461 1175 3533 Reg.
1210 3462 1282 3520 Μ.
1309 3478 1432 3533 sup.
1457 3462 1554 3516 lin.
1589 3459 1849 3533 siipoaav.

617 3536 723 3592 790
767 3528 930 3590 Ἀλλ’
964 3536 1036 3588 οὐ
1060 3528 1192 3603 γάρ,
1223 3547 1330 3589 etc.
1363 3528 2008 3603 Particulauegativaob
2036 3528 2128 3603 hic

546 3609 724 3664 otiosa
754 3615 809 3662 et
851 3604 920 3659 ad
949 3597 1204 3659 ornatum
1241 3606 1509 3659 duntaxat
1542 3597 1761 3672 posita;
1789 3601 1936 3672 quod
1986 3597 2133 3672 apud

547 3680 768 3735 Graacos
793 3691 900 3730 non
930 3683 1015 3731 est
1045 3674 1383 3744 infrequens.
1415 3669 1787 3740 Combe/irim,
1815 3671 1911 3741 qui
1939 3669 2091 3744 addit
2114 3685 2129 3721 :

555 3767 575 3801 ι
611 3748 902 3803 Crederem
958 3761 1087 3801 vero
1138 3739 1396 3802 libentius
1445 3752 1726 3798 auctorem
1772 3739 2043 3804 nostrum,
2078 3739 2134 3792 in

552 3819 721 3874 haece
769 3816 1034 3887 tragoedia
1067 3817 1268 3886 passim
1313 3813 1586 3887 Euripidis
1635 3811 1982 3887 plagiarium,
2020 3824 2132 3863 non

550 3889 685 3944 satis
710 3881 1161 3942 animadvertisse
1186 3889 1298 3940 haec
1317 3901 1347 3940 a
1369 3881 1553 3940 Medea
1579 3897 1743 3937 sensu
1767 3881 1988 3935 diverso
2005 3894 2133 3950 pro-

550 3961 659 4013 lata
686 3958 875 4013 fuisse.
912 3976 930 4010 ι
959 3955 1097 4012 Vide
1120 3956 1260 4011 Med.
1281 3971 1425 4011 vers.
1459 3955 1618 4016 1501,
1647 3952 1806 4016 1504,
1837 3953 1996 4014 1505,
2023 3961 2129 4004 etc.

552 4029 692 4083 Male
729 4027 889 4083 Roill.
945 4026 1170 4081 Mariam
1214 4027 1357 4080 mala
1399 4025 1618 4088 omnia,
1653 4020 1912 4077 Maenadis
1947 4020 2132 4074 furore

553 4101 946 4169 impreeautem
994 4097 1274 4169 traducit,
1314 4110 1436 4169 qua:
1490 4111 1520 4150 e
1576 4104 1795 4169 contra_
1815 4090 2129 4146 tenerrimis

553 4162 861 4224 visceribus
887 4168 1098 4222 veniam
1121 4182 1246 4221 mox
1266 4162 1346 4220 ita
1362 4167 1685 4235 deprecatur
1712 4182 1724 4217 :
1753 4162 1795 4216 Τ
1799 4179 1990 4235 uergo,
2011 4177 2137 4212 sua-

554 4239 772 4294 vissima
803 4239 914 4298 lux,
937 4238 1180 4306 reprime,
1205 4237 1350 4299 reda,
1371 4231 1490 4290 nece
1507 4237 1695 4306 exime1
1723 4231 2137 4306 q_uidquidﬂr_g—

555 4309 735 4362 dilecti
769 4299 1271 4377 seminis'retiquum
1291 4319 1389 4361 est.
1412 4306 1486 4358 Ita
1511 4306 1622 4377 fere
1637 4299 1781 4356 Med.
1813 4299 2138 4377 vers.Ai_‘258.

556 4409 628 4420 —
645 4378 736 4433 Sic
756 4372 1259 4432 Benedictini.'Mihi
1281 4387 1459 4430 autem
1480 4375 1672 4432 melior
1694 4388 1889 4428 sensus
1932 4372 2144 4426 videre-

558 4457 668 4512 tur,
685 4449 792 4504 vim
810 4449 1086 4517 particulaa
1109 4447 1368 4517 negativae
1392 4445 1742 4506 reservando,
1759 4444 1834 4496 ita
1853 4453 1914 4496 ut
1931 4443 2011 4517 sic
2024 4455 2145 4517 ver-

559 4511 710 4574 tatur
742 4537 756 4574 :
791 4511 996 4572 Horum
1023 4511 1232 4588 quidem
1261 4525 1317 4588 ut
1353 4517 1590 4584 ﬁliorum
1613 4531 1796 4568 curam
1820 4530 1923 4588 non
1952 4511 2142 4588 Icabco,

558 4590 651 4645 sed
683 4605 808 4643 cura
841 4604 904 4642 ne
930 4583 1130 4658 aliquid
1167 4583 1445 4658 patiantur
1477 4601 1661 4639 eorum
1685 4585 1905 4654 posteri,
1931 4585 2020 4658 qui
2042 4583 2146 4633 im-

595 4662 704 4714 iam
745 4669 958 4729 patrum
1014 4653 1207 4712 caedent
1237 4657 1498 4722 nuntient,
1530 4653 1728 4726 nempe
1775 4669 1898 4710 eam
1935 4653 2142 4722 impro-

599 4731 761 4786 ando.
791 4729 1053 4785 ϐΑιιιΔυ.

2308 3462 2408 3517 796
2443 3459 2622 3525 Αἰνῶ,
2655 3459 2852 3530 γύναι,
2881 3465 2990 3512 etc.
3029 3453 3107 3509 Ita
3135 3451 3268 3511 Jaso
3295 3449 3494 3506 Medea:
3525 3448 3817 3520 respondet

2233 3533 2600 3669 “80923;,
2640 3617 2707 3655 τε
2746 3598 2980 3668 γνοίης,
3007 3607 3116 3654 etc.
3158 3597 3250 3650 Sic
3305 3592 3439 3669 Reg.
3471 3591 3537 3647 ιι.
3562 3606 3650 3669 __u.
3681 3589 3818 3669 Male

2231 3674 2364 3728 editi
2405 3661 2689 3728 αὐτόν’τε.
2739 3661 2833 3725 Sic
2857 3661 3200 3726 et'Medeam
3245 3661 3476 3719 nuntius
3525 3661 3819 3732 alloquitur

2233 3745 2628 3882 “abigam,
2664 3811 2905 3882 φρενός,
2958 3818 3064 3882 etc.
3097 3806 3189 3863 Sic
3223 3804 3444 3876 llippol.
3469 3817 3616 3873 vers.
3660 3799 3820 3865 M54,

2233 3885 2481 3943 Theseus
2510 3881 2686 3939 tilium
2723 3898 2882 3939 suum
2925 3881 3265 3935 admiratur:

2381 4023 2562 4092 Ὤμοι,
2593 4020 2790 4092 φρενὸς
2813 4019 2912 4089 σῆς
2937 4013 3195 4092 εὐσεϐοῦς
3222 4030 3282 4092 ’ξε
3319 4009 3572 4092 κάγάθῆς
3595 4008 3608 4060 l

2379 4081 2520 4157 He'u,
2550 4081 2781 4146 mentem,
2801 4081 2949 4142 tuam
2984 4087 3130 4156 piam
3159 4093 3207 4138 et
3239 4081 3475 4138 bonam!

2309 4224 2414 4279 803
2435 4219 2510 4276 Ὦ
2539 4222 2777 4284 Τέκνον,
2803 4226 2910 4275 etc.
2935 4217 3074 4273 Ibid.
3096 4231 3242 4272 vers.
3277 4213 3415 4270 1589
3433 4221 3487 4270 et
3511 4210 3650 4267 i390
3679 4209 3823 4263 hunc

2238 4294 2536 4366 alloquitur
2565 4292 2736 4346 Diana
2764 4311 2778 4346 :

2379 4431 2712 4516 ξ’..ῐξίςλῆμονι
2735 4429 2825 4500 οἵᾳ
2855 4428 3110 4510 συμφορᾷ
3139 4423 3473 4516 συνξζρχηςῐ

2382 4505 2502 4558 Τὸδ’
2527 4495 2747 4572 εὑὴενές
2776 4495 2837 4552 σε
2867 4495 3215 4567 τῶνφρενῶν
3233 4495 3510 4549 διώλεσεν.

2390 4617 2434 4676 0
2467 4617 2674 4686 infelix,
2707 4614 2762 4668 in
2793 4629 2949 4684 quam
2977 4610 3348 4686 calamitatem
3375 4603 3656 4686 incidisti!

2390 4676 2684 4743 Generosa:
2726 4676 2938 4738 animus
2970 4682 3060 4736 ille
3084 4691 3204 4734 tuus
3243 4689 3294 4733 te
3318 4676 3567 4747 perdidit.

1865 4831 2203 4896 METRICA
2235 4823 2535 4888 VERSIO.

563 4964 791 5020 Mortem
821 4961 1137 5031 triumphali
1167 4968 1522 5031 prementem,
1552 4956 1682 5012 olim
1718 4966 1777 5012 ut
1804 4956 1916 5012 tuis

562 5035 756 5091 Dixisti
789 5030 1214 5100 amicissmpius
1241 5049 1255 5084 :
1292 5031 1366 5084 ita
1395 5030 1565 5084 tutior

562 5107 693 5161 Mihi
720 5104 968 5164 videbor,
1008 5111 1176 5170 tuque
1201 5101 1490 5172 gloriosior

561 5177 782 5240 Factus,
815 5175 961 5230 beati
990 5169 1165 5228 Filius
1194 5169 1322 5228 felix
1349 5169 1529 5225 Patris

561 5238 806 5316 Tandem
837 5245 1188 5316 approbatus,
1223 5244 1468 5297 omnium
1507 5238 1819 5316 laudaberis

561 5315 628 5369 Et
656 5331 809 5378 voce,
840 5311 1046 5381 et'ore,
1081 5331 1213 5369 cura
1246 5321 1436 5368 sancta
1469 5311 1725 5381 posteris.

563 5385 643 5439 Ne
672 5386 850 5440 tristis
885 5401 1016 5455 ergo
1039 5402 1206 5455 pensa
1233 5383 1605 5455 vitaalongius
1730 5449 1742 5455 _
1861 5446 1873 5455 _
1947 5417 1972 5433 .

565 5455 680 5524 Ego
706 5446 1054 5525 protrahavm:
1079 5457 1148 5508 At
1177 5446 1701 5525 crudeliuufmanus
1730 5446 2011 5525 hominum

567 5521 828 5594 Cruenta,
859 5525 1147 5579 Dominum
1181 5541 1300 5594 quae
1335 5523 1442 5594 poli
1473 5533 1527 5576 et
1555 5531 1713 5577 terrae
1743 5521 1864 5573 neci

570 5595 818 5660 Demisit,
849 5612 913 5650 ex
946 5602 1140 5650 merito
1172 5611 1273 5650 suo
1306 5595 1448 5648 mala
1483 5595 1686 5648 sentiat

573 5665 714 5718 Olim
751 5665 863 5729 illa,
885 5667 1033 5734 justa
1069 5667 1226 5719 lance
1257 5680 1378 5734 qua:
1409 5664 1607 5733 impios
1637 5665 1880 5715 manent.

572 5735 706 5806 Nam
737 5751 846 5790 non
875 5733 974 5806 ego
1002 5736 1122 5792 illos
1155 5745 1217 5789 ut
1242 5733 1395 5806 satos
1416 5735 1545 5806 mihi
1580 5733 1781 5786 liberos

575 5805 820 5861 Materno
855 5803 1041 5860 amore
1065 5821 1220 5870 curo,
1258 5822 1327 5859 ne
1352 5803 1535 5858 clades
1560 5809 1770 5874 premat

576 5877 680 5944 Qui
705 5879 908 5950 posteri
941 5876 1136 5934 horum
1164 5884 1291 5935 sunt
1322 5874 1514 5940 futuri,
1539 5871 1633 5945 qui
1669 5871 1890 5940 impiam

2179 4956 2228 5018 Β
2254 4949 2467 5004 Czedem
2493 4957 2721 5018 suorum
2750 4939 3003 4996 nuntient
3030 4945 3270 5018 patrum,
3304 4942 3360 4990 et
3389 4931 3592 5018 scelus.

2258 5003 2368 5074 Sed
2394 5019 2532 5088 ipse,
2559 5031 2593 5070 ο
2614 5014 2811 5088 animae
2840 5003 3138 5088 parsmeae
3175 5007 3333 5088 lpnge
3361 5003 3590 5074 optima,

2255 5077 2697 5144 Etliee'l‘ruantur
2725 5077 2860 5136 luee‘
2876 5095 2946 5134 ne
2974 5079 3095 5133 laeta
3122 5077 3342 5132 aetheris

2256 5159 2460 5214 Purum
2489 5154 2769 5220 micantis,
2800 5166 2902 5206 nec
2935 5157 3122 5221 patere
3153 5147 3286 5221 quid
3315 5146 3588 5221 reliquum

2259 5227 2498 5285 Seminis
2525 5225 2690 5279 amati
2725 5216 2764 5276 a'
2782 5216 3504 5288 caade—tranqui'llumtrahi.

2330 5281 2456 5354 Chr.
2472 5281 2737 5357 Admitte,
2755 5291 2974 5355 mulier,
2999 5281 3137 5352 haec,
3156 5303 3258 5343 nec
3279 5286 3370 5340 illa
3385 5286 3550 5341 etiam
3566 5281 3834 5355 improbo.

2261 5370 2328 5444 Et
2354 5368 2583 5439 gratiam
2618 5367 2864 5444 istamAut
2886 5363 3090 5444 largiar
3115 5359 3216 5414 tibi
3247 5357 3577 5444 promptius,

2262 5433 2394 5506 Qua).
2420 5451 2561 5491 vana
2589 5451 2700 5490 non
2729 5433 2821 5497 sit,
2857 5433 3108 5506 plurimae
3139 5443 3321 5484 causae
3348 5434 3607 5506 movent:

2263 5496 2422 5563 Hune
2453 5507 2521 5562 ad
2551 5519 2780 5576 scopum
2808 5496 2896 5576 me
2927 5502 3176 5576 dirigens
3206 5496 3589 5576 prorsu_s,_tibi

2262 5579 2544 5647 Nusquam
2579 5566 2764 5647 abero,
2780 5574 2982 5647 damni
3005 5566 3224 5626 videris
3240 5584 3330 5623 me
3360 5566 3632 5622 vindicem

2265 5646 2424 5712 lllati,
2458 5648 2528 5702 ab
2555 5646 2706 5701 omni
2733 5646 2905 5699 libera
2931 5652 2987 5698 et
3015 5657 3147 5698 cura
3176 5648 3230 5694 et
3261 5648 3430 5712 metu.

2264 5701 2424 5784 '1');th
2441 5701 2618 5788 Papae!
2645 5717 2903 5787 inclytam
2922 5721 3159 5788 mentem
3181 5719 3354 5788 tuam,
3373 5707 3563 5788 altam,
3577 5701 3837 5788 nobilem!

2264 5790 2309 5845 Ο
2334 5778 2487 5856 Nate,
2513 5778 2677 5859 quam
2711 5778 2776 5841 te'
2797 5800 2946 5859 nunc
2977 5782 3161 5854 gravis
3188 5780 3347 5859 dolor
3375 5778 3600 5850 premit!

2264 5850 2693 5918 Invictamentis
2723 5855 2821 5914 sed
2840 5850 3024 5912 manet
3048 5850 3382 5910 constantia.
