4176 6366
408 386 508 443 201
1690 376 2035 435 CHRISTUS

2019 379 2035 433 ἱ
2073 377 2385 433 PATIENS.
3560 378 3668 433 202

410 504 516 557 8θό
550 502 722 572 Ὂσην
747 500 834 554 ἀεί
866 517 955 570 μοι
977 498 1075 569 τὴν
1098 497 1438 569 προμήθειαν
1465 496 1677 567 φέρειςῑ
2020 501 2065 558 Α
2096 494 2390 563 Σύγγνωθ’,
2424 496 2690 567 ἁμαρτεῖν
2713 496 2757 548 δ’
2792 494 2939 558 εἰκὸς
2972 492 3279 566 ἄνθρωπον,
3308 492 3506 545 Τέκνον
3530 509 3541 522 ·

410 594 576 648 Ταῦτ’
602 593 917 664 ὲννοηθεῖσ“,
945 592 1193 662 ,ᾐσθόμην
1219 590 1475 643 ἀϐουλίαν
2099 587 2210 639 Kal
2244 586 2446 656 Πέτρος
2478 584 2750 657 ἐξήμαρτε
2780 587 2904 648 τοὺς
2931 585 3119 656 ὄχλους
3146 584 3359 656 τρέσας.

410 687 618 759 Πολλὴν
646 687 864 757 ἔχουσα,
903 687 995 739 καὶ
1024 685 1198 755 μάτην
1226 684 1561 754 λυπουμένη,
2171 676 2275 732 8‘20
2312 680 2481 745 Χρισ.
2520 677 2811 747 Στείχουσα
2844 676 2937 731 νῦν
2968 677 3143 741 ἄπιθι,
3176 677 3349 747 μῆτερ
3377 672 3619 745 Παρθένε
3639 690 3653 704 ο

410 779 607 849 Μάτην
631 778 678 831 θ’
704 780 872 849 ἑαυτῇ
908 776 1042 848 πρὸς
1063 776 1254 844 λόγους
1286 775 1586 845 ἀφικόμην.
2099 770 2226 825 Δύω
2248 770 2305 823 δὲ
2334 769 2526 841 Πέτρῳ
2555 769 2797 839 σφάλμα,
2828 769 3133 843 χρῃζούσης
3165 768 3340 822 σέθεν.

422 872 576 941 Ἥμι.
602 867 695 935 Ἃ,
728 866 793 924 ἆι
826 868 1165 922 πολυστόνων
1191 868 1307 922 άῖον
1340 867 1493 938 ἰαχὰν
1518 868 1675 936 γόων,
2100 864 2211 917 Kal
2241 863 2349 933 γάρ
2379 861 2635 934 πάροιθεν
2660 865 2770 926 σοῖς
2807 862 3102 933 ἐπειθόμην
3132 862 3331 931 λόγοις,

412 962 517 1018 810
541 962 725 1033 Φωνὴν
754 961 963 1025 ἔκλυον,
996 961 1187 1014 ἔκλυον
1218 960 1345 1029 βοὰς
1372 960 1592 1013 στόνων.
2100 956 2207 1025 Σῆς
2238 954 2517 1016 εὐσεϐείας
2556 954 2805 1024 κάγαθῆς
2837 955 3030 1026 φρενὸς
3064 955 3245 1026 χάριν.

413 1053 703 1107 Θεοκλυτεῖ
728 1071 813 1116 τις
834 1054 878 1106 δ’
907 1051 984 1116 ὼς
1007 1051 1176 1104 κακὸν
1208 1050 1370 1122 ῥέξας
1398 1051 1562 1121 μέγα,
2100 1047 2210 1100 Καί
2243 1063 2331 1116 μοι
2368 1044 2429 1098 τὸ
2463 1045 2562 1115 μὲν
2601 1046 2693 1099 σὸν
2719 1045 2960 1100 ἐκποδὼν
2992 1046 3134 1101 ἔστω
3162 1046 3346 1116 λόγος’

414 1145 703 1198 Θεοκλυτεῖ
733 1144 775 1197 δ’
803 1145 880 1207 ὡς
906 1144 1016 1214 ἄρα
1044 1143 1193 1197 δεινά
1222 1160 1303 1206 τις
1333 1141 1551 1196 παθών·
2102 1136 2208 1190 825
2233 1136 2420 1190 Ἕλκει
2446 1134 2502 1188 δὲ
2535 1136 2629 1191 καὶ
2657 1136 2863 1206 δάκρυα
2894 1133 3092 1206 πολλήν
3129 1153 3230 1205 μου
3263 1136 3441 1208 χάριν,

415 1239 527 1292 Kal
551 1238 656 1309 μὴν
686 1239 714 1290 ό
741 1236 953 1299 κλεινός
982 1235 1091 1290 ἀπὸ
1117 1234 1181 1306 δὴ
1210 1234 1408 1304 στείχει
1446 1233 1652 1305 Πέτρος
2102 1231 2212 1283 Kal
2245 1232 2422 1285 πάντα
2457 1230 2574 1283 λύει
2604 1229 2800 1299 δεσμὸν
2830 1227 3304 1298 ἀμπλακημάτων.

417 1328 770 1399 Σκυθρωπὸς,
800 1326 1038 1397 οἰκτρὸς,
1077 1328 1172 1380 καὶ
1199 1328 1689 1397 κατανενυγμένος.
2102 1324 2192 1377 Σοί
2224 1326 2270 1377 τ’
2300 1320 2367 1379 αὖ
2406 1322 2656 1395 παραινῶ
2687 1320 2890 1394 μηδένα
2924 1320 3128 1391 βροτῶν
3161 1322 3396 1389 στυγεῖν,

418 1418 1295 1491 8ιὸθεοτό.Τί,Πέτρε,θρηνεῖς;
1311 1418 1436 1471 δεῖν’
1453 1418 1837 1490 ἕπραξας,ἀλλ’
1852 1420 2003 1491 ὅμως
2102 1415 2238 1485 Μήδ’
2267 1417 2320 1469 οἵ
2354 1416 2409 1487 μ’
2437 1414 2773 1487 ἀπῃώρησαν
2806 1412 3021 1483 ἀνόμως
3061 1411 3221 1482 ξύλῳ.

422 1512 538 1564 Ἔτ’
564 1511 678 1564 ἔστι
708 1512 803 1565 καὶ⁸
832 1512 913 1564 σοὶ
938 1510 1104 1563 τῶνδε
1134 1508 1461 1581 συγγνώμης
1491 1512 1692 1580 τυχεῖν.
2106 1508 2303 1562 Θεοτό.
2339 1509 2520 1575 Ὤμοι,
2550 1506 2744 1577 φρενὸς
2774 1506 2871 1576 σῆς
2898 1504 3264 1574 εὐαγεστάτης
3291 1503 3404 1557 dei!

418 1598 492 1655 Ὠ
520 1604 742 1669 Τέκνον,
773 1598 819 1658 ὦ
848 1603 1121 1672 φίλτατον,
1148 1596 1193 1658 ὧ
1218 1602 1353 1656 Θεοῦ
1374 1603 1536 1670 Λόγε,
2105 1599 2210 1653 850
2242 1598 2334 1663 ςὨς
2367 1598 2488 1654 οὐδὲ
2518 1598 2741 1669 πάσχων
2773 1596 3144 1667 δυσμεναινεις
3174 1596 3251 1667 τῷ
3278 1596 3446 1665 γένει,

937 1757 1043 1828 ρο5
1070 1756 1339 1823 Quantam
1371 1758 1505 1812 mihi
1532 1772 1750 1828 semper
1778 1772 1968 1813 curam
1996 1758 2266 1827 impendis
2290 1760 2302 1811 l

940 1826 1065 1899 Haec
1092 1829 1273 1883 animo
1300 1829 1567 1899 cogitans,
1596 1826 1791 1898 agnovi
1820 1826 2241 1899 imprudentiam

938 1897 1188 1968 Magnam
1218 1913 1305 1953 me
1335 1898 1554 1966 habere,
1586 1897 1650 1953 et
1670 1899 1871 1954 frustra
1899 1897 2276 1953 contristatam
2307 1897 2493 1963 fuisse,

937 1967 1277 2037 Frustraque
1310 1968 1395 2023 his
1426 1970 1772 2023 sermonibus
1799 1985 1885 2026 me
1912 1985 2034 2023 sum
2058 1970 2316 2024 allocuta.

937 2037 1237 2109 δεινῷ-Διὶ,
1262 2039 1349 2093 ah!
1386 2039 1815 2109 lamentabilium
1848 2040 2030 2094 audivi
2066 2054 2260 2094 sonum
2288 2038 2605 2109 gemituum,

939 2108 1045 2179 810
1078 2107 1278 2163 Vocem
1309 2108 1510 2172 audivi,
1540 2109 1721 2164 audivi
1752 2110 2046 2165 clamorem
2080 2107 2491 2179 ingementium.

940 2178 1111 2250 peum
1135 2180 1353 2233 invocat
1385 2180 1530 2249 quis,
1555 2180 1711 2249 quasi
1744 2181 1951 2250 grande
1977 2178 2159 2236 scelus
2184 2180 2495 2235 admisisset

940 2247 1420 2332 Betimjmplorat,
1452 2256 1513 2303 ut
1529 2247 1639 2332 'q'ui
1668 2247 1853 2332 gravia
1867 2266 2075 2332 passus
2102 2251 2284 2332 fuerit.

927 2318 1009 2390 ,ξι
1032 2318 1265 2389 insignis
1289 2320 1505 2388 quidem
1527 2318 1723 2390 Petrus
1751 2318 1952 2375 abhinc
1977 2322 2211 2390 prosilit,

932 2387 1175 2454 'Vultuni,
1196 2387 1406 2444 tristem
1433 2404 1649 2455 gerens,
1687 2389 1902 2455 flebilis,
1936 2387 2227 2446 contritus.

942 2460 1048 2514 815
1079 2458 1230 2529 Deip.
1265 2458 1404 2525 Quid
1438 2458 1552 2527 fles,
1590 2460 1787 2517 Petre?
1812 2462 2020 2517 atrocia
2045 2461 2245 2525 fecisti,
2270 2459 2365 2516 sed
2394 2469 2574 2515 tamen

941 2529 1135 2601 Adhuc
1163 2537 1321 2600 potes
1350 2530 1545 2585 horum
1580 2534 1794 2586 veniam
1826 2532 2109 2601 consequi.

944 2600 989 2654 0
1018 2599 1142 2663 Fili,
1168 2599 1210 2653 ’o
1241 2600 1621 2665 dilectissime,
1653 2616 1687 2655 o
1720 2601 1812 2656 Dei
1851 2599 2110 2663 Verbum,

932 2669 1191 2755 ignosce,
1221 2668 1323 2755 Fili
1338 2687 1370 2755 _;_
1390 2682 1816 2755 consentaneum
1846 2679 1933 2755 est
1965 2672 2213 2728 homines
2240 2686 2462 2727 errare:

946 2739 1014 2795 Et
1041 2739 1237 2795 Petrus
1266 2741 1496 2798 deliquit
1527 2742 1743 2798 turbam
1773 2751 2045 2798 metuens.

1017 2810 1122 2865 820
1157 2810 1358 2867 Christ.
1386 2810 1488 2867 Abi
1520 2828 1690 2884 nunc,
1719 2813 1934 2884 recede,
1959 2811 2126 2884 Virgo
2155 2828 2392 2882 parens;

946 2868 1026 2935 Te
1052 2891 1297 2951 rogante,
1330 2898 1490 2937 suum
1520 2868 1688 2938 Petro.
1708 2868 1964 2937 delictum
1998 2868 2235 2947 reinit'to,

938 2950 1086 3023 'ljam
1119 2950 1174 3005 et
1195 2959 1322 3006 ante
1349 2954 1459 3006 tuis
1492 2953 1868 3023 obtemperavi
1901 2954 2105 3017 verbis,

948 3018 1181 3094 Propter
1213 3030 1359 3075 tuam
1393 3018 2016 3094 pietatem-bonamque
2046 3033 2306 3079 mentem.

950 3089 1320 3163 Et77quatenus
1349 3089 1416 3146 ad
1452 3099 1505 3147 te
1535 3093 1789 3163 pertinet,
1815 3089 1963 3148 nulla
1996 3094 2110 3149 sint
2133 3094 2366 3163 amplius
2396 3094 2560 3148 verba
2585 3113 2597 3148 :

949 3161 1056 3236 §25
1088 3160 1364 3231 Lacryma:
1397 3160 1577 3217 autem
1606 3164 1907 3236 plurimam
1928 3181 1993 3220 ex
2028 3181 2116 3220 me
2139 3160 2369 3236 gratiam
2395 3166 2661 3228 obtinent,

950 3229 1018 3303 Et
1048 3246 1209 3286 omne
1231 3229 1586 3303 peccatorum
1611 3229 1833 3289 solvunt
1862 3229 2166 3291 vinculum:

951 3298 1136 3370 Teque
1164 3298 1451 3369 adinoneo,
1483 3319 1585 3358 nec
1618 3306 1787 3357 ullum
1827 3305 2102 3359 hominem
2134 3305 2482 3367 extimescas,

944 3368 1245 3445 Ijeq'uidem
1268 3388 1365 3445 eos
1384 3368 1489 3445 qui
1516 3390 1601 3429 me
1636 3375 1820 3445 inique
1843 3375 1992 3445 ligno
2024 3375 2463 3445 suspenderunt.
2524 3436 2527 3437 ν

949 3438 1394 3515 Ρεξρε-Ηείγηιίῇὶ
1419 3438 1432 3496 ἰ
1461 3460 1627 3514 quam
1658 3438 1751 3498 tua
1782 3438 1937 3500 metis
1969 3438 2186 3515 semper
2208 3444 2593 3499 sanctissima!

946 3510 1052 3567 830
1084 3510 1152 3566 Ut
1185 3514 1350 3569 etiam
1384 3510 1620 3584 patiens,
1656 3530 1764 3570 non
1794 3531 1854 3571 es
1889 3510 2107 3571 infenso
2133 3530 2262 3586 erga
2294 3516 2543 3569 homines
2578 3515 2781 3580 animo,

506 3669 612 3723 806
666 3669 832 3724 ταῦτ’
902 3668 1254 3736 ἑννοηθεῖσ’,
1319 3675 1428 3725 ειο.
1492 3668 1584 3725 Sic
1637 3668 1821 3725 Medea
1878 3685 2023 3725 vers.

2197 3669 2294 3723 821
2334 3669 2467 3723 Λῠω
2488 3666 2576 3730 δέ.
2605 3675 2712 3722 etc.
2747 3666 2838 3722 Sic
2870 3664 3090 3737 Hippol.
3116 3665 3300 3725 Dianae
3326 3672 3573 3730 consiliis
3598 3674 3695 3731 ob-

440 3740 567 3805 882,
595 3749 725 3804 etc.,
760 3757 820 3796 se
846 3740 1020 3811 ipsam
1050 3740 1333 3811 redarguit
1362 3758 1376 3794 :
2126 3748 2440 3810 temperans
2471 3754 2614 3794 vers.
2653 3738 2792 3793 1M4
2820 3746 2876 3794 et
2915 3738 3053 3794 1445
3085 3757 3097 3793 :

587 3832 749 3884 Ταῦτ’
775 3831 1093 3901 ὲννοηθείσ’,
1121 3831 1367 3902 ᾐσθόμην
1392 3829 1649 3885 ἀϐουλίαν
2199 3831 2326 3885 Λύω
2353 3832 2408 3884 δὲ
2425 3833 2602 3894 νεῖκος
2634 3831 2823 3902 πατρῖ,
2855 3829 3162 3902 χρῃζούσης
3194 3832 3366 3884 σέθεν·

586 3902 789 3974 Πολλὴν
819 3902 1037 3972 ἔχουσα,
1065 3901 1159 3955 καὶ
1190 3901 1365 3973 μάτην
1403 3901 1742 3973 θυμουμένη.
2197 3903 2309 3955 Kal
2340 3902 2448 3972 γὰρ
2482 3901 2710 3971 πάροιθε
2750 3903 2862 3964 σοῖς
2895 3901 3189 3972 ἐπειθόμην
3218 3902 3415 3971 λόγοις.

518 3993 617 4049 His
644 3996 819 4049 animo
841 3996 1084 4065 agitatis,
1114 3996 1303 4065 agnovi
1335 3995 1769 4065 imprudentiam
2202 3995 2362 4051 Rimas
2392 4010 2509 4049 vero
2541 4012 2659 4049 cum
2685 4005 2836 4064 patre
2865 4005 3133 4063 susceptas
3166 3994 3395 4062 dimitto,
3427 4000 3505 4051 sic
3538 4008 3586 4054 te
3614 4017 3699 4054 vo-

513 4065 767 4135 Magnam
802 4064 889 4119 me
912 4066 1121 4129 habere,
1152 4064 1202 4120 et
1234 4068 1441 4136 [rustra
1467 4068 1663 4118 iratam
1692 4064 1876 4133 fuisse.
2208 4134 2250 4138 ῃ
2877 4136 2884 4138 7
2980 4134 2989 4138 _
3275 4137 3280 4138 7
3405 4066 3584 4138 {lente
3610 4088 3629 4125 .-

512 4134 621 4212 813
656 4158 803 4212 Aei'r'
827 4158 1113 4227 ἔπραξας,
1148 4134 1257 4212 etc.
1298 4156 1391 4213 Sic
1428 4158 1647 4227 Hippol.
1680 4172 1823 4211 vers.
1861 4156 2021 4221 1325,

1861 4156 2021 4221 1395’
2199 4134 2342 4189 Nam
2363 4145 2414 4190 et
2437 4144 2558 4190 ante
2584 4151 2784 4205 semper
2811 4136 2913 4190 tuis
2937 4134 3283 4203 obtemperavi
3307 4134 3492 4192 verbis.

440 4235 549 4300 etc.
585 4229 753 4284 Diana
783 4226 1077 4293 Theseum,
1110 4228 1180 4300 ob
1219 4229 1442 4285 crudele
1474 4226 1571 4283 ﬁlii
1602 4228 1687 4283 sui
1716 4227 1887 4281 fatum
1916 4229 2023 4282 sibi
2141 4229 2301 4300 77824
2334 4231 2531 4284 Ἔστω
2567 4232 2770 4300 λόγος.
2804 4228 2937 4300 Reg.
2963 4235 3016 4282 et
3042 4226 3231 4296 Eurip.
3275 4230 3332 4284 in
3371 4232 3517 4286 Med.
3552 4247 3699 4286 vers.

442 4298 595 4353 diras
622 4302 1034 4368 imprecantem,
1069 4298 1289 4368 affatur.
1931 4367 1942 4368 7
2130 4298 2290 4359 1222,
2321 4301 2468 4355 unde
2509 4301 2599 4356 hic
2636 4298 2833 4355 versus
2880 4298 3207 4366 desumptus
3254 4309 3337 4355 est
3388 4303 3441 4356 in
3481 4318 3703 4357 sensum

514 4370 617 4423 8l8
646 4366 966 4442 ξργγνῳθζ
1013 4377 1118 4442 etc.
1166 4366 1247 4423 lla
1299 4368 1413 4442 fere
1452 4385 1595 4442 vers.
1633 4368 1740 4424 615
1779 4366 2025 4423 Phaedra:
2128 4371 2429 4442 diversum,
2465 4372 2607 4424 ἔστω
2635 4371 2817 4439 λόγου,
2859 4369 3042 4441 quasi,
3072 4370 3247 4424 desine
3272 4388 3475 4442 rogare,
3505 4378 3705 4442 quippe

444 4442 632 4495 nutrix
667 4439 1018 4511 Hippolytum
1058 4439 1257 4495 iratum
1288 4440 1600 4497 demulcere
1627 4448 1879 4495 conatur.
2128 4440 2291 4509 cujus
2324 4442 2580 4497 exaudita
2611 4450 2696 4497 est
2729 4439 2930 4497 oratio.

1752 4598 2087 4659 METRICA
2106 4600 2403 4661 VERSIO.

448 4718 522 4791 ρι
545 4727 601 4791 tu
630 4733 803 4787 usque
826 4718 1039 4790 profers
1064 4734 1186 4789 quae
1217 4718 1349 4791 mihi
1376 4719 1443 4774 ad
1475 4720 1825 4790 prudentiam
2056 4727 2100 4785 Β
2127 4719 2365 4777 Peccare
2396 4737 2520 4777 cum
2558 4725 2631 4777 sit
2658 4722 2880 4778 insitum
2916 4723 3144 4785 homini,
3178 4721 3444 4791 ignoscito

448 4786 674 4844 Faciant
697 4786 900 4860 magis!
938 4805 1059 4860 qua:
1082 4786 1310 4860 propius
1333 4786 1646 4860 expendens
1679 4792 1797 4846 scio
2129 4792 2283 4857 Quod
2310 4791 2503 4847 Petrus
2529 4792 2583 4845 in
2618 4802 2667 4847 te
2702 4793 2953 4847 admisit:
2983 4786 3279 4846 admissum
3308 4792 3360 4844 id
3389 4796 3534 4845 metu

451 4860 627 4927 Supra
656 4859 877 4912 modum
923 4859 1009 4915 me
1041 4859 1285 4925 stultam,
1318 4869 1372 4915 et
1405 4859 1541 4914 hinc
1565 4863 1806 4915 animum
1842 4876 2024 4918 meum
2131 4861 2329 4916 Turbae
2352 4864 2635 4923 irruentis,
2669 4871 2723 4917 et
2753 4864 3035 4917 frementis
3067 4862 3366 4915 turbidum.

447 4929 677 4983 Frustra
707 4929 898 5000 dolore
924 4945 1238 4985 macerasse
1267 4938 1321 4983 et
1357 4931 1635 5000 Iacrymis,
2201 4932 2323 4987 Chr.
2347 4932 2521 4987 Jubeo
2544 4932 2677 4986 nihil
2706 4941 2759 4988 te
2788 4934 2875 4986 hic
2902 4934 3141 4995 anxiam,
3165 4946 3197 4984 ο
3231 4929 3393 4999 Virgo
3416 4943 3631 5000 parens;

448 5000 672 5071 Dixisse
696 4998 901 5071 frustra
924 5001 1098 5071 verba
1125 5015 1247 5069 quae
1275 5000 1388 5054 dixi
1424 4998 1716 5071 impotens.
2130 5002 2396 5057 Condonn
2426 5003 2589 5057 Petro
2614 5003 2878 5070 quidquid
2910 5010 2995 5057 est
3024 5000 3210 5071 lapsus
3235 5008 3329 5052 tua

450 5070 616 5141 δεινή.
649 5069 759 5141 Ah!
792 5069 885 5139 qui
917 5069 1228 5140 frequentes
1254 5086 1429 5139 usque
1454 5069 1590 5125 adeo
1613 5072 1848 5141 gemitus
1875 5087 2026 5129 meas
2137 5072 2231 5128 Vel
2258 5076 2421 5127 unius
2455 5069 2653 5138 causa;
2690 5088 2814 5127 nam
2841 5082 2893 5126 et
2914 5082 3038 5127 ante
3063 5069 3223 5125 etiam
3253 5070 3345 5141 tibi

450 5140 651 5212 Yolaut
678 5140 730 5212 in
770 5138 955 5212 aures,
987 5138 1145 5212 triste
1172 5150 1280 5212 tam
1313 5138 1531 5212 longum
1559 5138 1823 5198 insonans
2132 5145 2207 5212 Es
2241 5159 2327 5198 me
2355 5144 2748 5211 obsequentem
2782 5151 3001 5210 experta
3034 5155 3247 5212 semper
3273 5138 3492 5212 Filium.

453 5209 555 5281 llic
585 5209 729 5281 unde
762 5210 1057 5280 planctus?
1080 5211 1245 5265 audio
1272 5209 1443 5276 certe,
1468 5212 1633 5267 audio
2134 5211 2265 5278 Qua:
2299 5214 2372 5266 tui
2408 5209 2524 5267 erat
2548 5214 2714 5265 animi
2748 5209 2921 5281 gratia
2952 5211 3147 5280 integri
3176 5219 3229 5281 et
3259 5209 3354 5277 pii.

452 5278 653 5351 Yocem
687 5278 891 5336 doloris
916 5281 1149 5351 indicem
1184 5282 1509 5336 tristissimi.
2134 5283 2261 5336 llaec
2286 5283 2449 5336 verba
2479 5297 2642 5351 porro
2670 5296 2699 5334 a
2727 5278 2811 5335 me
2837 5290 2929 5334 tua
2958 5278 3089 5334 hinc
3114 5278 3288 5351 aufer,
3322 5293 3541 5348 parens.

454 5349 624 5422 Deum
658 5352 855 5419 aliquis
881 5351 1066 5422 isthic,
1094 5350 1215 5404 dira
1240 5360 1499 5421 tanquam
1534 5351 1835 5418 admiserit,
2136 5352 2251 5405 Hoc
2276 5354 2434 5415 scito,
2466 5349 2720 5422 lacrymis
2747 5352 2988 5422 gratiam
3010 5364 3183 5422 meam
3214 5350 3360 5422 elici.

450 5420 712 5491 implorat
737 5438 752 5486 ;
782 5422 981 5491 aliquis
1006 5421 1142 5475 dura
1177 5419 1435 5491 tanquam
1473 5422 1775 5491 perferens,
2137 5422 2235 5477 His
2263 5434 2412 5475 arcta
2440 5419 2709 5476 scelerum
2734 5422 2913 5475 vincla
2940 5419 3163 5475 dissolvi
3190 5419 3460 5491 omnium.

452 5488 751 5544 Miserabili
779 5488 908 5545 ﬂetu
940 5490 1033 5545 Dei
1066 5488 1328 5545 auxilium
1362 5488 1598 5546 invocat.
2138 5492 2375 5548 Proinde
2406 5502 2457 5545 te
2484 5493 2674 5544 hortor
2702 5499 2756 5545 et
2782 5506 2997 5552 moneo,
3030 5489 3342 5543 mortalium

453 5561 618 5632 Atqui
646 5562 749 5615 iste
774 5561 960 5632 clarus
988 5560 1181 5632 Petrus
1214 5564 1365 5627 olim,
1398 5564 1614 5632 prosilit
2130 5562 2211 5617 Ne
2258 5564 2315 5618 in
2377 5575 2709 5631 quemquam
2752 5561 2879 5614 odia
2925 5575 3102 5629 geras,
3157 5559 3240 5614 vel
3266 5562 3429 5613 etiam
3480 5574 3587 5632 n_on
3648 5558 3706 5611 in

453 5628 617 5702 Yultu
646 5630 871 5702 horrido
901 5640 1064 5701 atque
1092 5631 1279 5694 ﬂebili,
1311 5628 1490 5686 aniino
1514 5632 1760 5687 saucius.
2164 5651 2189 5684 ο
2394 5628 2407 5631 ⁷
2524 5701 2528 5702 7
2560 5628 2579 5631 “
2934 5628 2949 5629 ί
3166 5700 3174 5702 7
3511 5630 3637 5702 [hos

454 5699 605 5773 ρεὶρ.
640 5700 802 5767 Quid,
823 5699 1004 5765 Petre,
1034 5703 1391 5771 luges‘ltriste
1407 5703 1698 5772 dirumque
1730 5702 1779 5755 id
1805 5702 2023 5773 quidem
2132 5703 2235 5770 Qui
2263 5717 2350 5773 me
2375 5711 2484 5756 tam
2521 5701 2765 5771 iniquam
2793 5702 3132 5756 sustulerunt
3164 5700 3225 5773 in
3254 5710 3493 5755 crucem.

451 5769 609 5841 Quod
644 5774 988 5840 perpetrasti.
1029 5769 1137 5826 non
1165 5780 1345 5826 tamen
1370 5773 1524 5826 venia
1555 5769 1775 5827 ex’cidit.
1825 5769 1837 5773 ”
2134 5769 2284 5841 Deip.
2321 5771 2384 5836 0,
2421 5788 2455 5825 o
2485 5769 2815 5840 stupendum
2841 5774 3039 5826 nobilis
3068 5772 3263 5825 mentis
3296 5775 3499 5840 genus!

452 5841 501 5897 υ
521 5839 657 5897 Nate
681 5839 865 5907 cbare,
892 5858 927 5895 o
954 5840 1090 5897 Nate
1121 5844 1213 5909 mi,
1239 5860 1273 5895 ο
1306 5841 1542 5896 Verbum
1574 5842 1689 5910 Dci,
2137 5839 2539 5912 Sic'cmupares
2570 5849 2623 5896 te
2660 5851 2899 5898 extrema
2925 5843 3159 5912 patiens,
3200 5849 3258 5895 ut
3292 5839 3474 5895 tamen

816 5937 1089 6000 PATROL.
1123 5940 1239 6001 Gn.
1276 5938 1632 6000 XXXVIII.
3399 5939 3437 5994 7
