4176 6366
455 409 564 466 209

459 527 690 591 Ὅλωλα,
721 526 814 579 καὶ
841 522 938 577 νῦν
967 522 1237 594 νερτέρων
1271 520 1421 575 ποθῶ
1453 522 1669 594 δόμους.

459 621 532 673 Τὸ
559 616 702 672 κατὰ
727 619 832 685 γᾶς
861 615 1020 681 θέλω,
1049 617 1112 667 τὸ
1143 613 1286 667 κατὰ
1313 615 1418 681 γᾶς
1445 613 1650 682 κνέφας

459 711 539 763 Τὰ
566 709 660 762 νῦν
687 709 980 779 μετοικεῖν,
1012 706 1114 775 σῆς
1144 704 1272 767 θέας
1298 705 1656 777 στερουμένη.

458 804 750 871 Δύστηνος,
777 794 888 851 οἷον
913 798 1068 867 ἔσχον
1089 795 1208 868 ἅρτ’
1231 796 1368 867 ἄλγη
1380 798 1435 864 μ’
1465 796 1574 865 ἐγώ
1601 796 1614 850 ι

457 892 563 947 905
592 892 667 944 Οὐ
699 889 914 962 τλητὸν,
941 888 1060 942 οὐδὲ
1088 887 1270 960 ῥητόν.
1310 887 1450 941 Ἀλλ’
1480 889 1798 962 ἀπωλόμην.

458 983 583 1046 Πῶς
603 982 649 1055 δῖ
676 981 736 1046 ἐξ
768 980 1020 1044 ἀναύδου,
1052 982 1146 1033 καὶ
1177 979 1448 1050 μύσαντος
1480 979 1722 1051 ὄμματα,

459 1075 606 1139 Ἐξω
642 1073 1042 1145 παρηγόρημα,
1079 1072 1263 1144 μήτηρ
1287 1072 1652 1141 ﬂava-Mqu;

464 1166 674 1228 Ἀλλως
704 1167 751 1217 σ’
773 1165 861 1236 ἄρ’
892 1165 1055 1234 αὐτὴ,
1086 1164 1309 1228 Τέκνον,
1340 1161 1744 1233 ὲξεθρεψάμην,

467 1259 560 1322 Ὃς
589 1257 686 1329 τὴν
706 1258 914 1330 τροφὴν
937 1257 1112 1312 ἅπασι
1139 1255 1376 1326 δαψιλῶς
1397 1255 1585 1325 νέμεις
1605 1271 1620 1319 ἲ

459 1351 564 1405 9-10
597 1353 790 1423 Μάτην
817 1352 864 1404 τ’
893 1349 1180 1422 ἐμόχθουν,
1205 1347 1301 1402 καὶ
1323 1346 1662 1417 κατεξάνθην
1698 1347 1898 1410 πόνοις,

461 1443 742 1512 Φεύγουσα
765 1445 956 1514 χεῖρας
987 1441 1096 1495 τῶν
1120 1439 1408 1511 φονώντων
1436 1456 1552 1505 σου,
1578 1437 1799 1505 Τέκνον,

1727 406 2076 465 cumsrus
2117 375 2430 462 PATIENS.

2077 533 2124 588 Α
2167 527 2364 597 Ἀρχῆς
2385 525 2479 577 ἀπ’
2503 525 2677 594 ἄκρης
2708 521 2813 576 σῶν
2835 521 2999 590 ξένων
3024 520 3307 592 γενεθλίων
3325 564 3342 589 ,

3605 403 3717 460 910

2158 618 2294 672 Ἀ).λῖ
2323 619 2422 672 οὐκ
2443 613 2682 686 ἐγῷμαι,
2711 613 2813 667 κᾶν
2850 614 3042 679 στένω,
3071 613 3173 668 κᾶν
3195 610 3434 685 δακρύω.

2158 708 2298 777 Ἐγώ
2326 709 2372 761 σ’
2396 707 2625 771 ἔτικτον,
2654 701 2770 757 οῖδα
2798 704 2842 757 δ’
2874 705 2950 768 ὡς
2977 704 3292 774 ἐγεινάμην.

2147 801 2253 856 915
2286 798 2449 853 Ὅθεν
2482 797 2602 850 ποθ’
2631 797 2662 868 ὴ
2689 795 2946 868 δύστηνος
2977 793 3122 867 εἶχον
3144 795 3366 858 ἐλπίδας

2162 892 2248 943 Ἐν
2279 891 2360 942 σοὶ
2391 888 2671 959 μεγίστας,
2695 886 3122 958 γηροϐοσκήσειν
3144 888 3192 940 τ’
3222 887 3345 958 ἐμὲ,

2147 975 2266 1032 Καῦ
2295 976 2670 1032 κατθανοῦσαν
2695 976 2879 1049 χερσὶν
2904 973 2962 1030 εὖ
3002 977 3361 1049 περιστελεῖν,

2147 1070 2394 1140 Ζηλωτὸν
2422 1068 2803 1143 ἀνθρώποισιν.
2847 1067 2912 1120 Ἦ
2935 1067 2980 1121 δ’
3005 1067 3170 1122 δλωλέ
3204 1086 3295 1140 μοι

2161 1160 2344 1222 Ἐλπὶς
2365 1159 2612 1228 γλυκεῖα,
2646 1157 2760 1222 σοῦ,
2790 1145 3008 1221 Τέκνον,
3035 1158 3373 1230 τεθνηκότος.

2150 1250 2254 1320 920
2282 1246 2352 1302 Ὦ
2377 1235 2599 1321 φθέγμα
2627 1248 2823 1318 γλυκὺ,
2857 1247 3028 1318 γλυκὺ
3063 1249 3252 1321 χάρμα
3283 1269 3371 1323 μοι
3393 1249 3577 1324 φέρον,

2147 1338 2218 1394 Ὦ
2246 1341 2474 1412 φιλτάτη
2506 1340 2788 1412 πρόσοψις,
2821 1334 2866 1394 ὧ
2892 1339 3198 1412 ποθουμένη

2161 1435 2443 1505 Ὠραιότης
2472 1433 2711 1511 ἄρρητος
2750 1433 2890 1505 ὑπὲρ
2918 1434 3029 1487 πᾶν
3053 1433 3229 1502 γένος,

972 1594 1151 1658 Perii,
1202 1601 1257 1650 et
1294 1593 1407 1659 iam
1457 1592 1724 1662 desidero,
1756 1598 1941 1662 portas
1990 1589 2312 1645 inferorum.
2427 1639 2460 1662 ’ν
2574 1638 2577 1639 ν

977 1657 1430 1736 1260-1261
1477 1659 1590 1718 Sub
1620 1657 1773 1717 terra'
1794 1662 1936 1722 volo,
1971 1662 2076 1736 sub
2107 1669 2252 1715 terra
2283 1658 2570 1728 caliginem
2603 1657 2733 1714 hinc

974 1732 1212 1805 Migr'ans
1240 1732 1512 1792 habitare.
1539 1742 1634 1788 tuo
1665 1739 1886 1805 aspectu
1918 1732 2148 1805 privata.

973 1802 1184 1874 Infelix,
1216 1805 1433 1874 qualem
1465 1807 1719 1874 experior
1743 1802 2020 1874 dolorem!
2119 1836 2161 1874 μ’
2230 1833 2233 1835 -

973 1876 1077 1930 905
1115 1868 1876 1934 IntolerandumIinfandum.
1917 1869 2113 1926 Verum
2147 1868 2346 1924 interii.

974 1945 1258 2012 Quomodo
1288 1960 1355 1999 ex
1393 1960 1459 1998 eo
1487 1944 1582 2014 qui
1614 1951 1801 1998 mutus
1834 1951 1938 2014 est,
1966 1950 2020 2014 et
2050 1941 2241 1996 oculos
2271 1939 2492 2005 clausit,

975 2010 1242 2070 Solatium
1277 2010 1522 2078 habebo,
1547 2021 1744 2083 parens
1777 2010 2104 2083 miserrima.

973 2085 1199 2140 Frustra
1237 2085 1403 2154 igitur
1431 2093 1503 2148 te,
1534 2081 1568 2142 ὁ
1597 2082 1735 2154 Fili,
1755 2081 2006 2154 educavi,

972 2157 1073 2222 Qui
1099 2147 1354 2210 omnibus
1380 2147 1564 2209 escam
1592 2151 2098 2222 munificentissime
2128 2147 2456 2222 distribuis?

973 2217 1078 2282 910
1112 2225 1340 2280 Frustra
1363 2225 1532 2295 igitur
1563 2223 1827 2295 laboravi,
1864 2228 1922 2295 e_t_
1943 2220 2192 2295 confecta
2223 2233 2343 2295 sum
2375 2217 2674 2295 laboribus,

973 2296 1251 2366 [*lll'ugiens
1284 2288 1479 2350 manus
1515 2306 1707 2366 eorum
1739 2293 1832 2366 qui
1864 2292 1963 2346 tibi
2005 2288 2363 2366 necem,li‘_iii,
2395 2288 2872 2354 machinabantur,

974 2367 1057 2436 Ab
1089 2358 1338 2436 ipsismet
1377 2364 1724 2436 incunabulis
1756 2358 1834 2430 tui
1867 2358 2323 2436 ortusinauditi?

976 2431 1131 2503 l-iaud
1161 2436 1417 2497 arbitror,
1449 2434 1666 2488 etiamsi
1693 2447 1938 2503 gemam,
1967 2432 2181 2487 etiamsi
2211 2431 2498 2500 lacrymer.

975 2502 1150 2560 Genui
1184 2514 1258 2569 te,
1288 2514 1344 2560 et
1371 2504 1646 2575 quomodo
1677 2502 1980 2575 genuerint,
2011 2503 2156 2556 novi.

974 2578 1079 2631 915
1113 2576 1269 2632 Unde
1298 2574 1426 2629 olim
1455 2574 1641 2630 infelix
1673 2574 1837 2628 habui
1869 2587 1994 2642 spes

975 2644 1032 2699 In
1067 2656 1119 2700 te
1141 2660 1384 2715 magnas,
1423 2644 1563 2715 foret
1594 2654 1651 2698 ut
1676 2644 1830 2698 senio
1863 2637 2083 2712 gravem
2113 2654 2200 2694 me
2226 2637 2488 2704 nutrires,

975 2716 1042 2770 Et
1075 2714 1345 2769 mortuam
1379 2714 1636 2769 manibus
1660 2723 1805 2768 recte
1831 2726 2188 2780 compoueres

977 2784 1312 2843 (Felicitatis
1337 2799 1504 2839 causa
1516 2789 1535 2850 )
1566 2783 1927 2839 zemulandam
1952 2775 2286 2837 hominibus.
2317 2777 2518 2835 Verum
2549 2777 2713 2849 periit
2740 2775 2876 2833 mihi

976 2855 1112 2923 Spes
1146 2856 1342 2921 dulcis,
1380 2866 1431 2909 te
1460 2865 1701 2917 mortuo,
1731 2852 1853 2907 Fili.

974 2916 1078 2995 9‘20
1115 2926 1159 2980 Ο
1186 2916 1342 2980 dulce
1375 2925 1731 2995 colloquium,
1763 2937 1932 2995 suave
1961 2919 2393 2991 gaudium’mihi
2423 2916 2678 2982 atterens,

927 3001 929 3004 ‘
973 2994 1019 3049 Ο
1053 2997 1235 3049 vultus
1266 2994 1642 3057 dilectissime,
1676 3009 1708 3048 ο
1735 2994 1898 3048 valde
1923 2999 2178 3061 exoptata

974 3064 1330 3120 Pulchritudo
1363 3063 1671 3132 ineil'abilis,
1698 3065 1870 3135 genus
1900 3077 2060 3117 omne
2078 3074 2439 3130 exsuperans,

533 3219 640 3273 902
674 3221 745 3291 Id
779 3219 928 3272 κατὰ
958 3218 1070 3291 γᾶς
1103 3219 1276 3274 θέλω.
1324 3218 1416 3275 Sic
1468 3218 1685 3291 llippol.
1717 3234 1830 3290 prae
1869 3217 2040 3283 nimio

461 3289 650 3343 dolore
676 3288 924 3344 Theseus
949 3290 1024 3343 ait
1053 3309 1065 3343 :

638 3381 710 3432 Τὸ
731 3381 870 3434 κατὰ
903 3383 1007 3449 γᾶς
1044 3382 1203 3448 θέλω,
1230 3385 1292 3437 τὸ
1313 3384 1454 3436 κατὰ
1482 3384 1585 3453 γᾶς
1609 3382 1814 3452 κνέφας

634 3453 943 3517 Μετοικεῖν,
982 3463 1087 3507 etc.
1694 3496 1700 3502 ι

639 3543 748 3617 ,ξμὸ
782 3553 922 3617 terra
951 3545 1090 3617 colo,
1125 3547 1219 3599 sub
1258 3555 1401 3600 terra
1431 3547 1706 3617 caliginem

642 3613 782 3666 Hinc
808 3616 1041 3685 migrans
1072 3616 1331 3671 habitare.

533 3700 639 3776 905
668 3704 1029 3776 auguror.
1057 3704 1130 3758 lta
1152 3722 1320 3776 supra
1348 3723 1494 3762 vers.
1531 3707 1656 3762 715.
1687 3703 1766 3758 lta
1791 3704 2041 3759 Theseus

462 3774 729 3843 exclamat
755 3773 924 3843 illipp.
947 3791 1092 3830 vers.
1125 3773 1251 3830 846.

535 3842 637 3896 906
684 3842 817 3907 Πῶς
851 3844 917 3912 ,δ’
948 3845 1017 3909 ἐξ
1065 3847 1352 3909 ἀναύδου,
1389 3847 1506 3901 καί.
1551 3847 1645 3900 Sic
1702 3845 1842 3899 infra
1894 3857 2036 3899 vers.

465 3912 625 3976 15.30,
651 3923 704 3967 et
731 3913 870 3968 Med.
903 3932 1043 3969 vers.
1076 3917 1234 3981 1185,
1267 3918 1493 3972 nuntius
1522 3916 1763 3971 Glaucen
1788 3917 2040 3971 Creontis

463 3983 626 4035 ﬁliam
654 3985 878 4053 jamjam
913 3987 1233 4040 morituram
1268 3988 1567 4042 describit:

709 4075 754 4128 δ’
789 4075 848 4140 ἐξ
873 4077 1104 4130 ἀναύδου
1138 4077 1232 4130 καὶ
1272 4078 1538 4148 μύσαντος
1566 4078 1831 4148 ὄμματος.

609 4143 715 4198 Illa
744 4161 809 4199 ea:
838 4158 1005 4214 muta,
1033 4157 1080 4200 et
1108 4164 1224 4217 qua:
1249 4143 1512 4202 clauserat
1538 4143 1736 4202 oculos.
1989 4185 1991 4187 -

533 4234 635 4288 908
666 4236 903 4301 Ἀλλως
953 4237 1014 4289 σ’
1047 4235 1138 4305 ἄρ’
1179 4236 1352 4302 αὐτή.
1411 4237 1488 4300 ita
1526 4239 1640 4291 fere
1687 4236 1820 4291 ibid.
1859 4235 2041 4291 Medea

462 4304 605 4359 filios
643 4321 775 4360 suos
809 4304 1107 4375 alloquitur
1136 4322 1279 4394 νεεδ.
1307 4306 1445 4362 109.9
1477 4327 1489 4362 :
1986 4319 1988 4321 ’

607 4396 813 4468 ᾍλλως
843 4397 929 4467 ἄρ’
965 4399 1130 4466 ὑμᾶς,
1164 4391 1407 4461 ﬂet-sxw,
1445 4397 1837 4468 ἐξετρεῷἀμην.

604 4464 835 4520 Frustra
864 4464 1026 4537 igitur
1063 4484 1170 4529 ros,
1208 4485 1237 4522 ο
1263 4469 1384 4536 ﬁlii,
1410 4464 1648 4521 educavi.

535 4558 640 4614 910
670 4558 883 4626 Μάτην
914 4559 965 4612 τ’
1001 4560 1320 4629 ἐμόχθουν.
1377 4559 1470 4614 Sic
1510 4559 1652 4614 infra
1694 4575 1836 4614 vers.
1877 4561 2036 4619 1354.

465 4635 519 4683 et
559 4629 690 4684 ibid.
734 4629 874 4685 Med.
923 4646 1067 4685 vers.
1095 4629 1233 4684 1050
1265 4650 1278 4685 :
1319 4631 1400 4685 sic
1428 4639 1482 4686 et
1526 4629 1728 4685 Troad.
1764 4647 1903 4686 vers.
1935 4631 2040 4685 755

2141 3214 2392 3286 queritur
2430 3211 2830 3266 Andromache.

2213 3283 2321 3338 912
2370 3282 2589 3352 Ἀρχῆς
2633 3283 2736 3337 ἀπ’
2769 3283 2977 3350 ἄκρης.
3011 3280 3104 3337 Sic
3137 3278 3280 3336 infra
3313 3295 3455 3336 vers.
3480 3281 3618 3338 i355
3663 3287 3722 3336 et

2143 3354 2318 3478 183??)
2392 3424 2548 3478 Ἀλλ’
2576 3424 2688 3478 οὐκ
2705 3421 2947 3493 ἐγῷμαι.
2975 3419 3089 3477 lloc
3107 3436 3270 3477 versu
3307 3422 3716 3493 patelproxime

2143 3494 2458 3563 superibres
2501 3510 2598 3563 per
2627 3492 3116 3562 interrogationem
3165 3493 3343 3547 dictos
3379 3492 3716 3548 reddendos-

2141 3581 2538 3690 qugif’sﬁfbm
2579 3634 2710 3685 ποθ’
2755 3634 2815 3700 ἠ.
2871 3632 2950 3686 Ita
3011 3631 3124 3688 fere
3180 3631 3366 3689 Medea
3409 3629 3550 3688 filios
3584 3646 3717 3687 suos

2143 3705 2432 3775 compellat
2464 3720 2604 3758 vers.
2648 3704 2785 3757 1052
2819 3719 2830 3754 :

2245 3795 2323 3851 Ἦ
2367 3799 2474 3869 μὴν
2507 3797 2626 3869 ποθ’
2654 3799 2686 3867 ἠ
2715 3797 2974 3869 δύστηνος
2997 3791 3143 3866 εῐχον
3159 3796 3378 3869 ἐλπίδας

2215 3930 2218 3935 ,
2244 3867 2451 3931 Πολλὰς
2482 3870 2537 3920 έν
2571 3867 2720 3937 ὑμῖν,
2750 3867 3179 3938 γηροϐοσκῄσειν
3198 3868 3244 3918 τ’
3276 3869 3395 3937 ἐμὲ,

2247 3940 2356 3992 Καὶ
2383 3934 2957 4008 κατθανοῦσανχερσὶν
2977 3934 3441 4008 εὗπεριστελεῖν,

2249 4009 2494 4079 Ζηλωτὸν
2533 4006 2889 4079 ἀνθρώποισι.
2919 4007 3033 4060 Νῦν
3057 4007 3100 4059 δ’
3137 4006 3303 4060 ὄλωλε
3333 4007 3396 4078 δὴ

2247 4080 2474 4131 Γλυκεῖα
2509 4078 2745 4150 φροντίς.

2247 4171 2492 4235 Profecto
2514 4170 2779 4239 quondam
2809 4169 2998 4238 infelix
3025 4168 3186 4221 habui
3223 4184 3370 4237 apem.

2247 4240 2501 4311 Magnam
2530 4243 2585 4294 in
2626 4241 2766 4294 vobis
2797 4243 2976 4302 sitam,
3001 4239 3112 4308 [ore
3159 4247 3214 4292 ut
3241 4240 3382 4320 aerario
3397 4254 3604 4320 gravem
3636 4254 3716 4293 mc

3348 4309 3614 4363 natriretis

2248 4379 2316 4432 Et
2342 4389 2606 4434 mortuam
2635 4380 2878 4444 manibus
2910 4390 3045 4434 recte
3066 4308 3441 4449 componeiEetis
3623 4350 3638 4376 ’

2255 4450 2552 4505 Felicitatis
2586 4468 2750 4505 causa
2806 4450 3161 4507 wmulandam
3195 4449 3510 4533 lcanrinibus.
3560 4449 3714 4533 Nam:

3198 4520 3339 4593 [vero
3353 4521 3470 4591 jam
3489 4522 3644 4589 periit

2255 4589 2384 4651 [huc
2403 4589 2573 4644 dulcis
2602 4606 2750 4644 cura.
3019 4637 3024 4642 .

1767 4789 2102 4850 METRICA
2146 4788 2446 4850 VERSIO.

466 4954 648 5008 interii
671 4994 684 5015 ,
723 4961 782 5008 et
808 4954 947 5009 imas
975 4954 1154 5008 noctis
1181 4962 1398 5009 aeternae
1429 4954 1623 5010 domos

465 5024 734 5096 Exspecto
764 5024 994 5094 cupida:
1028 5040 1176 5079 nunc
1211 5026 1341 5079 mihi
1378 5027 1453 5079 nil
1483 5033 1566 5079 est
1600 5027 1775 5096 prius.

463 5094 636 5166 Quam
663 5109 793 5166 quae
821 5096 875 5166 in
905 5096 1417 5166 obscuroimanium
1455 5094 1624 5150 latent
1655 5112 1822 5166 specu

464 5164 688 5238 Terram
714 5165 816 5219 sub
845 5165 1038 5238 ipsam
1061 5165 1299 5218 obducta
1328 5166 1569 5222 tenebris
1603 5164 1856 5238 plurimis

465 5234 684 5296 Subire,
711 5235 930 5303 quando
961 5236 1146 5304 privor
1171 5245 1395 5304 aspectu
1426 5243 1541 5290 tuo.

463 5305 634 5377 Quam
681 5321 790 5377 non
817 5304 1123 5377 ferendum,
1146 5313 1206 5377 et
1243 5321 1405 5375 quam
1439 5305 1748 5377 nefandum
1771 5310 1969 5377 pertuli

463 5374 660 5428 Misera
686 5375 928 5429 dolorem
964 5375 1155 5428 modo!
1194 5374 1332 5429 vah!
1364 5376 1563 5441 occidi,
1599 5374 1798 5436 occidi.

464 5446 530 5514 Et
560 5445 650 5512 qui
679 5455 957 5514 parentem
998 5461 1085 5498 me
1115 5461 1268 5500 suam
1305 5446 1673 5500 miserrimam

467 5513 693 5567 Soletur'
722 5515 830 5578 ille,
858 5516 946 5567 cui
977 5515 1154 5584 gelida
1194 5531 1344 5570 mors
1372 5517 1587 5570 lucidos

466 5584 711 5644 Oct-lusit
741 5586 931 5638 oculos
963 5595 1158 5648 morte,
1189 5601 1378 5640 vocem
1410 5587 1668 5641 sustulit?

465 5652 561 5726 Te.
587 5653 742 5715 Nate,
777 5656 923 5726 larga
945 5657 1156 5726 caeteris
1176 5657 1267 5725 qui
1301 5659 1549 5726 suggeris

466 5725 737 5798 .l_\|_imenta
771 5725 984 5798 destra,
1015 5723 1150 5798 Nate
1187 5723 1281 5788 mi,
1323 5723 1526 5798 frustra
1558 5743 1758 5798 parens

469 5793 666 5857 Eduxi,
698 5801 751 5848 et
786 5796 917 5847 olim
957 5795 1121 5848 stulta
1152 5811 1238 5849 me
1268 5797 1549 5854 laboribus

468 5863 585 5918 Non
613 5865 918 5935 profuturis
939 5865 1253 5937 defatigavi,
1283 5866 1410 5937 luga

2070 4970 2113 5026 Β
2141 4956 2330 5028 Vitare
2349 4965 2588 5024 tentans,
2616 4972 2755 5028 quos
2785 4965 2890 5013 tuae
2911 4958 3076 5028 vitae,
3107 4962 3260 5010 tuum

2146 5027 2386 5082 Primum
2428 5029 2530 5083 sub
2567 5026 2771 5090 ortum,
2795 5027 2990 5098 perditi
3022 5033 3298 5098 struerem
3331 5026 3436 5078 viri

2140 5098 2315 5154 Enscs
2346 5113 2679 5167 manusque:
2709 5096 2898 5151 verum
2929 5096 2982 5150 id
3007 5096 3172 5167 absit,
3213 5097 3427 5151 tristius

2142 5167 2213 5222 Ut
2247 5169 2416 5222 multa
2447 5165 2642 5221 ducam
2672 5168 2980 5237 lacrymans
3009 5165 3267 5237 suspiria.

2141 5238 2253 5308 Ego
2281 5239 2378 5292 tibi
2403 5250 2595 5301 mater,
2631 5236 2917 5308 more’quo
2952 5244 3132 5290 tamen
3160 5236 3276 5291 scio
3307 5254 3318 5286 :

2142 5307 2296 5363 Unde
2322 5308 2569 5376 erigebar
2601 5307 2891 5376 maximam
2921 5308 2979 5376 fin
3002 5321 3174 5374 spem,
3202 5314 3261 5358 ut
3285 5319 3372 5359 me
3397 5318 3582 5359 senem

2139 5379 2372 5432 Adultus
2400 5375 2572 5432 aleres
2597 5393 2611 5441 ;
2635 5384 2810 5429 morte
2838 5375 3150 5429 defunctam
3177 5415 3189 5436 .
3230 5389 3395 5428 manu

2142 5447 2236 5502 Pia
2271 5449 2566 5502 involutam
2596 5447 2762 5500 linteo
2803 5461 2952 5499 urnae
2986 5445 3250 5507 traderes,

2143 5519 2427 5582 Quondam
2462 5518 2674 5571 beatam
2707 5516 3036 5584 habitamto
3068 5529 3234 5584 supra
3259 5512 3574 5567 mortalium

2142 5587 2315 5642 Natos
2335 5590 2551 5650 decore,
2593 5586 2687 5641 sed
2724 5586 2856 5638 mihi
2892 5597 2942 5638 te
2965 5583 3100 5638 Filio

2146 5659 2450 5721 Exstincto,
2482 5657 2572 5710 illa
2602 5671 2728 5725 spes
2760 5655 2939 5710 dulcis
2967 5654 3146 5710 omnis
3169 5653 3429 5725 concidit.

2147 5727 2193 5780 Ο
2223 5744 2404 5784 sermo
2432 5724 2648 5790 suavis,
2672 5725 2929 5795 gaudium
2956 5741 3162 5780 merum
3197 5724 3329 5777 mihi

2151 5797 2377 5869 Semper
2409 5794 2730 5869 procurans,
2762 5797 2945 5869 lumen
2984 5810 3017 5849 o
3045 5794 3477 5869 lepidissimum,

2148 5868 2193 5924 0
2222 5867 2478 5941 expetita,
2512 5877 2566 5924 et
2595 5867 2890 5940 singularis
2919 5867 3137 5921 candidi
