4176 6366
365 411 471 466 220

370 525 515 587 Ἐως
547 521 708 575 νέκυν
736 520 967 591 θήσαιμι
1007 520 1181 591 καινῷ
1218 537 1319 587 μου
1348 520 1522 592 τάφῳ.

371 616 537 669 Ὅσον
565 613 682 666 δέον
715 612 847 683 γὰρ,
884 612 958 682 μὴ
992 610 1184 680 γένους
1216 613 1498 666 κοινωνίαν

373 706 605 774 Ἔχοντα
640 704 871 774 μύστην,
908 701 1096 756 τοῦτον
1123 703 1377 775 οἰκτείρω
1405 703 1580 772 κάγώ.

372 795 510 849 1100
551 794 751 847 Θεοτό.
786 793 845 845 '0
879 793 1039 855 αὐτὸς
1073 793 1119 845 δ’
1140 791 1356 855 ἀπόνως
1388 791 1435 844 θ’
1472 794 1624 863 ὑμῶν
1669 797 1953 868 ἡγήσεται,

370 888 482 941 Καὶ
515 888 692 939 πᾶσαν
724 886 1026 956 εὐμάρειαν
1059 886 1117 937 ἐν
1150 889 1333 955 χεροῖν
1377 885 1528 941 διδοῖ.

383 983 539 1033 slum
589 973 660 1030 τί)
697 977 888 1047 χρῆμα
918 977 1396 1044 παγκαλέστατονί
1439 978 1673 1032 δέσποιν’
1719 981 1847 1051 ἐμὴ.

373 1072 439 1122 Τί
476 1070 650 1123 Παῖδα
684 1069 823 1139 πρὸς
859 1069 949 1122 σὸν
974 1068 1114 1121 τόνδ’
1144 1068 1332 1136 ἅγουσ⁶
1363 1070 1622 1141 ἐρημίαν,

376 1162 677 1230 Ἔστηκας,
706 1159 1057 1230 θαμϐουμένη
1093 1159 1161 1211 τὰ
1190 1160 1393 1229 σαυτῆς
1424 1160 1635 1232 λυγρᾶς

375 1250 515 1304 1105
557 1249 668 1302 Καί
697 1266 779 1301 σοι
822 1248 982 1318 μόνος
1014 1248 1245 1317 πάρεστι
1282 1248 1491 1318 μύστης
1524 1250 1810 1321 παρθένος,

377 1341 565 1394 Διπὼν
598 1340 824 1407 ἀδελφὺν
854 1341 912 1391 ὲν
942 1338 1088 1409 χορῷ
1120 1340 1479 1409 μυστηπόλων
1499 1358 1513 1371 ο

381 1432 563 1484 Ἀλλοι
593 1432 636 1484 δ’
669 1431 865 1484 ὀπαδοὶ
897 1431 1008 1484 τῶν
1040 1430 1183 1499 γόων
1214 1429 1588 1501 πεπλησμένοι

378 1523 658 1591 Φεύγουσι,
687 1521 869 1592 πολλῷ
900 1520 977 1591 τῷ
1017 1520 1169 1591 φόϐῳ
1212 1521 1560 1590 πεφρικότες,

1628 405 1971 463 CHRISTUS
2006 409 2319 466 PATIENS.

1976 533 2025 591 Α
2051 528 2170 580 Οὐδ’
2203 524 2341 582 εἶδον
2370 528 2522 583 οὐδὲν
2560 527 2668 581 τῶν
2694 526 2972 598 νεωτέρων
2999 524 3201 579 κακῶν.

2056 618 2195 671 1170
2241 618 2312 670 Σὺ
2354 617 2398 669 δ’
2430 618 2490 670 ού
2529 618 2800 687 πέφρικας
2828 616 3108 685 δυσμενῶν
3139 614 3416 670 ἀϐουλίαν.

2068 706 2209 777 Ἐγὼ
2239 708 2475 773 δέδοικα,
2512 709 2584 778 μή
2620 725 2671 761 τι
2708 706 2964 777 βουλεύσῃ
2996 706 3113 759 νέον

2059 799 2282 869 Ὅμιλος
2303 799 2516 870 ἐχθρὸς,
2535 799 2822 869 δυσμενὴς,
2861 799 3157 868 μιαιφόνος.

2057 888 2256 958 Βαρεῖα
2286 889 2395 959 γὰρ
2427 889 2568 960 φρὴν
2600 888 2709 940 οὐδ’
2744 887 2989 950 ἀνέξεται
3019 887 3222 952 κλύειν,

2057 978 2178 1031 Κᾶν
2208 979 2399 1050 νεκρὸν
2430 979 2495 1047 ἢν
2524 978 2746 1047 δοίημεν
2791 979 2993 1048 ἐντίμῳ
3024 978 3200 1046 τάφῳ.

2056 1069 2196 1123 1175
2242 1073 2409 1123 Θεολ.
2437 1068 2601 1122 Οὔπω
2630 1068 2737 1138 γὰρ
2770 1070 2869 1122 οὐκ
2909 1070 3124 1141 ἔληξαν,
3156 1069 3261 1122 οὐδ’
3293 1069 3449 1141 ἔσχον
3470 1074 3635 1143 κόρον

2056 1157 2403 1229 Μιαιφονίας,
2437 1160 2529 1212 καὶ
2563 1159 2738 1229 κακῆς
2766 1157 3042 1223 ἀϐουλίας.

2068 1250 2213 1304 Ἰωσ.
2262 1249 2468 1320 Ζηλῶσ⁹
2505 1251 2561 1301 ὲν
2602 1250 2770 1320 ἀρχῇ,
2811 1251 2969 1320 πῆμα
3001 1251 3247 1305 κούδέπω
3282 1253 3453 1321 μεσοῖ.

2061 1342 2231 1393 Θεολ.
2278 1341 2342 1393 Τί
2373 1342 2416 1393 δ’
2452 1341 2619 1405 ἐστιν,
2660 1334 2705 1392 ὦ
2735 1342 2959 1412 γεραιὲ;
2999 1341 3074 1411 μὴ
3105 1343 3252 1410 σίγα,
3291 1343 3513 1411 φράσον.

2140 1434 2297 1487 Ἰωσσ
2338 1433 2584 1486 Ἤκουσὰ
2614 1449 2707 1485 του
2740 1432 3003 1501 λέγοντος,
3033 1436 3094 1486 ού
3124 1433 3296 1486 δοκῶν
3323 1433 3526 1501 κλύειν,

2060 1523 2196 1579 1180
2236 1523 2453 1587 Θώκους
2484 1524 2815 1596 προσελθὼν,
2846 1524 2975 1578 ἔνθα
3012 1524 3076 1595 δὴ
3110 1524 3422 1595 παλαίτεροι

805 1697 809 1700 -
886 1676 1067 1730 Donec
1090 1682 1366 1728 mortuum
1398 1690 1542 1729 novo
1570 1690 1689 1730 meo
1711 1676 1919 1730 tumulo
1942 1675 2301 1732 condiderim.

885 1746 1158 1810 Quantum
1185 1746 1329 1798 enim
1358 1761 1445 1815 me
1468 1753 1684 1814 oportet
1715 1750 1932 1815 generis
1954 1748 2268 1802 allinitatem

885 1815 1014 1886 Non!
1039 1816 1322 1886 habentem
1357 1814 1704 1886 discipulum,
1724 1814 1888 1869 hunc
1920 1832 2021 1886 ego
2049 1819 2328 1873 misereor.

886 1884 1027 1956 1160
1065 1884 1212 1952 Deip.
1253 1884 1371 1953 Ipse
1403 1885 1608 1956 absque
1627 1884 2219 1956 glaboreﬂvospraaibit,

886 1954 1189 2024 Manusque
1217 1961 1429 2009 vestras
1454 1954 1686 2022 juvabit.
1720 1955 1900 2010 facilia
1934 1954 2117 2010 omnia
2150 1955 2378 2013 faciens.

885 2022 1115 2091 Ioseph.
1142 2022 1641 2092 O-pulcherrimiim
1665 2026 1837 2094 opus!
1867 2040 1984 2080 mea
2020 2025 2260 2091 domina,

885 2094 1049 2160 Quid,
1081 2108 1185 2164 ope
1210 2094 1488 2164 destituta,
1525 2108 1694 2164 prope
1719 2094 2099 2164 Natumrtuum

887 2166 1089 2233 Astas,
1112 2162 1220 2217 tuis
1253 2162 1653 2219 calamitatibus
1686 2163 2097 2233 obstupefacta?

886 2233 1030 2305 1165
1066 2232 1156 2305 Ac‘
1173 2233 1269 2286 tibi
1295 2234 1447 2287 solus
1469 2234 1625 2287 adest
1648 2232 2163 2305 discipulusvirgo,

886 2302 1103 2358 Relicto
1135 2301 1303 2356 fratre
1332 2317 1615 2357 sacrorum
1650 2305 1704 2357 in
1732 2298 2126 2372 discipuloran
2160 2311 2306 2360 εωω
2342 2322 2358 2359 :

885 2373 995 2453 alii
1024 2388 1153 2428 vero
1182 2373 1358 2453 ipsius
1392 2374 1616 2427 assecla:
1647 2373 1903 2453 lacrymis
1935 2373 2164 2444 perfusi,

886 2441 1121 2512 Fugere,
1148 2441 1320 2496 nimio
1351 2450 1558 2496 terrore
1587 2441 1843 2511 perculsi,

884 2512 1140 2581 Nihilque
1168 2512 1436 2565 malorum
1467 2513 1767 2567 recentium
1793 2513 2065 2568 viderunt.

886 2583 1027 2637 1170
1063 2581 1145 2636 Tu
1169 2596 1298 2635 vero
1322 2582 1667 2636 inimicorum
1696 2587 1970 2638 vesaniam
1999 2600 2106 2637 non
2141 2583 2499 2640 exhorrescis.

887 2651 1002 2723 [Ego
1029 2661 1210 2723 autem
1238 2666 1449 2723 vereor
1470 2667 1538 2706 ne
1574 2652 1705 2722 quid
1736 2654 1863 2707 novi
1894 2654 2237 2710 machinetur

888 2721 1073 2777 Turba
1106 2722 1347 2775 hostium
1375 2721 1607 2785 infensa,
1637 2723 1800 2778 caulis
1829 2723 2115 2777 anhelans.

891 2791 1176 2847 Obstinata
1202 2792 1402 2860 quippe
1432 2808 1584 2846 mens
1611 2792 1757 2858 odio,
1789 2794 2013 2847 minime
2042 2792 2356 2849 consentire
2386 2792 2550 2857 volet,

888 2861 962 2916 Ut
990 2862 1159 2917 nobili
1195 2862 1404 2931 tumulo
1437 2872 1711 2915 mortuum
1742 2864 2092 2931 sepeliamus.

891 2932 1032 3003 1175
1065 2929 1528 3003 ATheol.__Nondu_m
1562 2933 1707 2985 enim
1741 2929 2049 2999 cesserunt,
2076 2948 2253 3003 neque
2284 2932 2434 2989 sitim
2458 2932 2815 3003 expleverunt

890 3000 1128 3056 Nefaria:
1154 3000 1340 3063 caedis,
1364 3012 1420 3056 et
1448 3001 1580 3055 dirae
1618 3003 1875 3056 vesaniae.

890 3070 1109 3142 Ioseph.
1133 3070 1423 3142 Exarsere
1451 3086 1481 3123 a
1508 3071 1798 3141 principio,
1831 3073 2062 3127 necdum
2096 3072 2321 3129 dimidia
2351 3087 2481 3142 pars
2518 3071 2764 3129 libidinis
2798 3072 3032 3129 nocendi
3063 3076 3326 3131 exsatiata
3359 3081 3467 3132 est.

895 3139 1078 3213 Theol.
1121 3139 1263 3213 Quid
1293 3139 1780 3213 e_s_t,_o_senex.ine
1808 3144 2091 3203 celaveris,
2119 3139 2356 3213 loquere.

961 3206 1182 3280 Joséph.
1224 3210 1422 3264 Audivi
1450 3209 1745 3277 dicentem,
1770 3226 1894 3265 cum
1931 3214 2119 3268 audire
2148 3206 2373 3267 minime
2399 3211 2640 3279 viderer,

894 3280 1033 3337 1180
1063 3280 1146 3334 Ad
1168 3280 1347 3335 locum
1378 3280 1647 3336 accedens
1680 3281 1770 3334 ubi
1798 3282 2044 3338 seniores

460 3395 732 3467 “58th
762 3397 977 3467 γένους
1026 3397 1365 3451 κοινωνίαν.
1415 3394 1585 3461 Quasi
1631 3397 1762 3451 velit
1814 3396 1968 3453 lose-

386 3465 572 3536 phus:
603 3465 1076 3521 Etiamsiludteus
1116 3484 1219 3520 non
1260 3474 1415 3531 esset,
1449 3476 1623 3520 tamen
1663 3467 1725 3519 ob
1776 3468 1966 3520 amici-

387 3538 626 3606 tiam_se
659 3536 713 3590 id
742 3538 1103 3606 paeniturum
1134 3550 1152 3589 :
1178 3545 1447 3606 attameu_
1451 3552 1605 3590 suam
1649 3536 1962 3591 allinitatem

386 3603 587 3660 asserit
612 3603 757 3661 vers.
782 3607 942 3673 1281,
974 3606 1115 3661 1698
1143 3615 1195 3660 et
1221 3604 1376 3659 1710.
1408 3604 1661 3661 Fortasse
1692 3606 1964 3675 quoddam

388 3675 651 3729 mendum
691 3678 835 3730 hunc
864 3678 920 3731 in
951 3678 1128 3731 locum
1156 3676 1394 3745 irrepsit.

464 3745 605 3799 H60
640 3745 967 3816 Ἠγήσεται.
1018 3747 1096 3799 lta
1160 3744 1292 3815 Reg.
1357 3744 1498 3799 Editi
1553 3746 1819 3816 ἡγήσατο.
1875 3744 1966 3800 Sic

390 3810 593 3869 Bacch.
619 3810 770 3871 vers.
796 3817 916 3878 194.
944 3816 1184 3871 Tiresias
1214 3810 1375 3869 h'abet
1402 3835 1415 3869 :

474 3883 537 3957 '_0
579 3886 697 3957 θεὸς
723 3887 953 3957 ἀμοχθεὶ
977 3884 1257 3957 κεῖσενῷν
1282 3886 1579 3957 ἡγήσεταιω

464 3951 590 4018 Ipse
627 3951 894 4010 deus'sin'e
922 3958 1099 4009 labore
1124 3951 1252 4008 illuc
1285 3951 1387 4008 nos
1407 3954 1644 4007 deducet.

462 4023 605 4095 1102
627 4026 1147 4095 Παγκαλέστιιτον.
1174 4025 1305 4095 Reg.
1336 4024 1612 4093 παγκαλὲς
1633 4023 1788 4086 Θεοῦ,
1813 4025 1968 4095 quasi

382 4094 653 4165 peculium
689 4094 786 4150 Dei
815 4097 1227 4165 pulcherrimum
1263 4094 1326 4147 nc
1352 4095 1565 4165 monile.

470 4164 605 4235 1164
630 4163 1035 4235 Θαμϐόυμένη,
1052 4174 1161 4219 etc.
1183 4163 1316 4235 Reg.
1347 4164 1502 4235 Med.
1522 4163 1770 4233 θεωμένη
1794 4165 1965 4233 σαυτῇ

387 4231 589 4315 λύτρα.
626 4231 734 4289 Alt.
765 4231 1009 4307 σαυτῆς.⁷
1039 4231 1288 4289 Ταοηιηί
1310 4245 1358 4288 te
1396 4231 1659 4288 mutuum
1689 4231 1967 4302 conspectu

385 4314 683 4359 exsultans.
996 4327 1000 4331 ’

853 4346 1142 4444 ἀδελφόν,
1172 4381 1281 4429 etc.
1313 4372 1433 4427 Non
1471 4373 1609 4428 bene
1638 4372 1800 4425 Roill.
1827 4371 1969 4437 Quos

386 4458 535 4494 nunc
564 4461 838 4498 sacrorum
872 4461 1021 4509 cura,
1048 4452 1184 4510 etc.,
1214 4445 1325 4499 imo
1362 4459 1503 4513 quos
1535 4444 1717 4498 luctus
1747 4444 1969 4512 ingens-

386 4526 501 4581 que
534 4516 837 4584 occupabat
862 4530 1051 4585 pavor.

2074 3398 2277 3522 101²1ί71
2323 3396 2469 3469 Ἐγὼ
2506 3398 2767 3466 δέδοικα,
2808 3408 2917 3457 etc.
2966 3398 3045 3455 lta
3073 3414 3253 3471 supra
3286 3413 3433 3455 vers.
3466 3396 3570 3454 488
3595 3401 3649 3453 et

2143 3536 2282 3660 1
2317 3538 2566 3607 Ὄμιλος
2612 3539 2847 3609 ἐχθρός,
2878 3551 2985 3595 etc.
3036 3538 3114 3594 ita
3163 3554 3328 3611 supra
3372 3553 3514 3595 vers.
3545 3536 3651 3592 485

2235 3629 2287 3660 ἆ).
3153 3658 3157 3660 .

2071 3622 2126 3662 ει
2320 3676 2533 3763 RW.“
2554 3678 2685 3763 σκίρν
2703 3668 2824 3763 ξιο-
2853 3677 2931 3763 ηε
2952 3658 3281 3763 suprascr?-
3316 3678 3443 3763 485.:

2146 3748 2280 3800 1177
2313 3747 2520 3802 Μεσοῖ.
2563 3745 2648 3802 ita
2700 3747 2832 3817 Reg.
2890 3749 2954 3804 H.
3000 3745 3141 3802 Editi
3189 3750 3371 3817 μέσον.
3410 3746 3501 3800 Sic
3540 3745 3652 3800 fere

2071 3815 2211 3872 Med.
2242 3832 2383 3888 vers.
2404 3818 2493 3877 60,
2520 3819 2701 3872 nutrix
2735 3815 3089 3888 Paadagogum
3132 3815 3467 3886 alloquitur:

2209 3887 2364 3959 Ζηλῶ
2393 3889 2440 3939 σ’
2468 3903 2482 3959 °_
2512 3889 2568 3940 ὲν
2590 3889 2735 3959 ἀρχῇ
2761 3892 2940 3958 πῆμα,
2964 3887 3209 3959 κούδέπω
3233 3892 3405 3958 μεσοῖ.

2068 3955 2255 4009 Laudo
2272 3954 2320 4010 te
2339 3971 2356 4008 :
2374 3957 2572 4009 malum
2592 3954 2892 4010 inchoatum
2910 3969 3009 4022 est;
3027 3954 3257 4011 nondum
3288 3959 3437 4011 estin
3457 3954 3653 4007 medio.

2142 4027 2287 4150 11Ἱέ
2293 4029 2393 4109 ,Τί
2426 4026 2478 4079 δ’
2514 4023 2770 4094 ἑστιν,ὧ
2792 4026 3005 4098 γεραιέ.
3038 4027 3117 4082 Ita
3154 4027 3267 4081 fere
3298 4028 3484 4082 nutrix
3510 4024 3652 4079 Med.

2143 4113 2219 4150 rs.
2291 4113 2355 4150 οε

2071 4112 2195 4153 VCI‘S
2206 4137 2219 4149 ο
2254 4112 2323 4150 ο.)
2343 4113 2355 4147 ἓ

2213 4187 2279 4259 Τί
2300 4186 2534 4259 δ’νέστιν,
2573 4180 2619 4238 ὦ
2649 4188 2882 4259 γεραιέ;
2915 4187 2988 4258 μὴ
3026 4184 3465 4259 φθόνει-φράσαι.

2216 4257 2357 4323 Quid
2380 4273 2519 4323 vero,
2552 4275 2582 4311 ο
2613 4256 2811 4314 senex?
2839 4275 2902 4312 ne
2918 4256 3160 4327 graveris
3195 4256 3387 4309 dicere.

2075 4417 2117 4473 Ρ
2148 4350 2173 4403 1
2166 4349 2285 4472 dI79
2322 4346 2589 4409 Ἤκουσά
2612 4365 2720 4402 του
2745 4348 3051 4419 λέγοντος,
3079 4354 3189 4403 etc.
3230 4345 3368 4401 ibid.
3415 4360 3561 4400 vers.
3586 4342 3656 4397 67

2120 4436 2163 4473 ae
2205 4435 2326 4473 am:

2122 4435 2290 4472 aenae.
2312 4437 2326 4472 ζ

2120 4435 2290 4489 aruag.
2312 4437 2326 4472 :

2217 4509 2467 4563 Ἤκουσά
2501 4526 2594 4563 του
2619 4506 3183 4578 λέγοντοςίούθδοκῶν
3208 4506 3411 4570 κλύειν,

1695 4623 2032 4684 METRICA
2056 4620 2358 4681 VERSIO.

385 4749 535 4806 Nam
573 4750 690 4805 sive
715 4749 874 4814 lucis,
909 4748 1025 4804 sive
1056 4750 1236 4805 noctis
1267 4750 1459 4803 nuntia

387 4821 635 4885 Premet,
666 4820 930 4874 molestus
959 4819 1141 4875 nullus
1176 4822 1396 4875 accedet
1428 4819 1602 4882 labor,

390 4892 583 4945 Donec
609 4890 842 4942 cadaver
874 4890 976 4943 hoc
1006 4891 1124 4944 loco
1156 4892 1502 4950 conclusero,

384 4960 608 5014 Novum
636 4960 944 5026 sepulcrum
981 4975 1090 5029 quo
1118 4961 1247 5014 mihi
1268 4960 1411 5028 jussi
1446 4958 1600 5028 erigi.

388 5031 573 5095 Quam
605 5024 861 5081 convenit
890 5044 977 5083 me
1000 5024 1113 5082 non
1145 5024 1344 5098 genere
1368 5024 1620 5098 junctum
1650 5024 1784 5098 allici

388 5098 758 5166 Discipulum,
790 5113 890 5168 ego
927 5099 1089 5166 hujus
1118 5097 1289 5153 delleo
1316 5114 1529 5161 casum,
1555 5107 1607 5150 et
1639 5097 1829 5149 vicem.

391 5171 551 5236 Deip.
582 5168 782 5238 Atjam
809 5170 854 5222 is
880 5170 1093 5238 praeibit
1126 5169 1365 5237 optimus
1394 5170 1525 5227 dux,
1555 5176 1608 5221 et
1632 5181 1825 5219 manus

390 5239 626 5294 Vestras
644 5236 892 5303 juvabit,
906 5238 1087 5291 facilia
1116 5236 1298 5292 omnia
1333 5238 1561 5291 faciens.

389 5306 664 5375 Joaeph.0
680 5322 791 5361 rem
805 5308 1047 5377 omnium
1062 5307 1485 5377 pulcherrimam
1499 5308 1512 5361 Σ
1526 5305 1660 5376 quid
1676 5314 1755 5370 tu,
1772 5321 1805 5360 ο
1819 5305 1973 5372 hera,

390 5379 663 5433 Confecta
692 5377 838 5429 luctu
867 5375 1074 5431 Filium'
1090 5377 1244 5447 juxta
1272 5386 1424 5431 tuum

395 5450 492 5503 Sic
525 5456 661 5506 stas.
684 5455 901 5500 tuorum
925 5446 1153 5501 attonita
1180 5447 1322 5501 mole
1344 5446 1616 5500 casuum?

393 5517 714 5585 Discipulns
748 5524 800 5569 et
830 5517 1062 5584 pudicus
1088 5517 1177 5570 hic
1203 5517 1356 5571 solus
1385 5517 1485 5570 tibi

394 5588 590 5647 Adest,
618 5587 809 5640 relicto
832 5585 1002 5640 fratre
1027 5601 1150 5640 cum
1182 5601 1346 5657 grege
1377 5587 1663 5649 comitum,

397 5660 551 5724 Quos
578 5672 723 5709 nunc
748 5670 1042 5727 sacrorum,
1061 5671 1213 5716 cura,
1254 5657 1543 5723 cultusque
1575 5663 1807 5727 occupat
1835 5674 1850 5711 :

396 5728 644 5780 Aliorum
672 5733 725 5778 at
750 5725 914 5795 istum
938 5726 1096 5779 turba
1121 5727 1577 5795 consectantium,

399 5796 638 5865 μηδι-ονε
670 5809 866 5865 magno
901 5794 1267 5864 lacrymisque
1302 5796 1524 5864 perditi,

397 5863 613 5939 Fugere
640 5863 821 5936 pavidi
860 5880 970 5935 prae
999 5863 1143 5921 metu
1173 5863 1387 5934 grandi.
1420 5880 1575 5922 coma

2008 4756 2051 4809 Β
2082 4741 2371 4806 Horrente,
2398 4742 2536 4797 nihil
2566 4753 2623 4797 ut
2646 4753 2931 4798 cernerent
2959 4740 3264 4797 recentium

2081 4813 2386 4883 Quidquam
2417 4815 2700 4866 malorum.
2738 4814 2819 4866 Tu
2853 4813 3112 4883 hostium,
3147 4817 3360 4874 contra,
3394 4822 3615 4863 manum

2081 4884 2170 4936 Nil
2208 4881 2471 4936 horruisti
2504 4884 2807 4936 temeritate
2835 4881 3127 4937 turbidam.

2081 4952 2321 5022 llorrore
2350 4953 2569 5022 quatior
2601 4953 2756 5007 turba
2786 4968 2894 5020 quo
2916 4958 3102 5022 vergat
3134 4948 3353 5022 timens,

2081 5021 2157 5076 Ne
2182 5017 2382 5077 infesta
2406 5021 2622 5091 spirans
2656 5017 2997 5091 sanguinem,
3018 5017 3164 5091 'dira,
3187 5017 3373 5079 eﬂ‘era,

2076 5092 2299 5161 Aliquid
2322 5086 2454 5144 novi'
2482 5097 2669 5161 tentet.
2706 5086 2838 5143 Nam
2872 5101 2930 5144 ut
2956 5089 3171 5142 animus
3205 5086 3502 5161 estggravis

2078 5157 2217 5215 Odio
2242 5161 2537 5219 obstinato.
2574 5160 2689 5213 haec
2727 5176 2821 5213 ore
2855 5176 2963 5214 non
3002 5173 3154 5225 aequa
3188 5157 3392 5218 audiet,

2075 5231 2250 5285 (londi
2279 5232 2530 5299 sepulcro
2564 5237 2738 5282 morte
2769 5229 3017 5299 functum
3042 5226 3235 5280 nobili.

2080 5301 2263 5354 Theol.
2298 5295 2389 5353 Sic
2417 5307 2521 5362 est,
2546 5299 2717 5351 furori
2750 5314 2873 5351 nam
2899 5298 3118 5350 modum
3147 5295 3388 5349 nondum
3416 5309 3519 5350 suo

2076 5370 2356 5427 Posuere:
2385 5368 2547 5423 durat
2573 5367 2691 5420 dira
2728 5367 3014 5436 sanguinis
3047 5367 3169 5421 sitis

2083 5440 2310 5508 Expleta
2341 5439 2602 5508 nondum,
2635 5438 2824 5508 tristia,
2840 5435 3056 5508 audens
3077 5435 3282 5508 omnia.

2080 5503 2299 5577 Ioseph.
2331 5507 2500 5562 Recte
2526 5508 2753 5577 quidem
2777 5506 2939 5577 idtu_,
2965 5505 3066 5577 sed
3091 5506 3215 5577 mali
3245 5520 3353 5558 non
3390 5503 3441 5577 id
3476 5511 3659 5556 tamen

2080 5579 2180 5633 Vis
2200 5574 2353 5646 aequa
2380 5574 2673 5647 partc'est.
2691 5576 2869 5647 Theol.
2900 5574 3109 5647 Ecquid
3137 5576 3438 5647 autem,_mi
3466 5588 3658 5636 senex,

2079 5645 2310 5716 Ecquid,
2342 5645 2717 5716 rogo,istud?
2747 5663 2813 5701 ne
2842 5646 2972 5714 quid
3008 5645 3097 5697 hic
3127 5645 3414 5716 celaveris.

2151 5667 2171 5701 Ei
2199 5667 2310 5708 Ulu,
2342 5667 2494 5716 rogo,
2533 5667 2676 5700 IStuu
2701 5667 2716 5698 ε
2747 5667 2813 5701 ne
2842 5667 2972 5714 qutu
3008 5667 3097 5697 HIC
3127 5667 3414 5698 celaveris.

2151 5667 2370 5788 J’oseph.
2404 5715 2601 5771 Audivi
2671 5716 2725 5771 id
2746 5756 2762 5782 ,
2827 5716 2932 5787 ipsi
2997 5730 3085 5768 me
3142 5713 3394 5769 inserens
3447 5710 3659 5856 [33:13:13,

3461 5797 3591 5836 1000

2082 5858 2202 5926 Quo
2230 5858 2546 5929 grandiores
2577 5854 2863 5916 consident
2894 5862 3047 5924 natu,
3079 5868 3293 5911 sacram
