4176 6366
429 287 537 341 257

421 411 605 464 Θέλων
636 411 850 479 φαεῖναι
883 410 979 464 καὶ
1006 412 1351 479 καταυγάσαι
1380 411 1555 480 γένος,

425 502 562 556 1510
619 501 791 572 Ἀδὰμ
833 503 1138 572 ἀναστῆσαί
1166 519 1226 556 τε
1264 505 1477 575 πατέρα
1507 504 1734 576 βροτῶν,

424 588 526 665 ⁷ῼν
555 592 733 646 οὕνεκ’
763 591 903 657 εἶδος
933 593 1258 665 προσλαϐὼν
1301 594 1494 666 θνητὸν
1525 597 1733 668 φέρεις.

431 686 628 747 ’Ἥκεις
661 685 708 736 τ’
736 686 792 746 ἐς
824 683 948 751 ᾅδου
974 685 1066 737 τὸν
1094 683 1430 754 βαθύγνοφον
1461 686 1670 751 σκότον,

421 775 608 830 Θανὼν
641 776 777 847 πρὸς
812 775 1046 847 ἐχθρῶν,
1081 776 1272 847 ματέρ’
1307 777 1498 830 ἀθλίαν
1544 777 1740 832 λιπών.

434 867 497 919 'H
523 866 567 920 δ’
597 866 854 938 εὐμένεια
887 867 982 919 τοῦ
1030 867 1248 938 Πατρός
1289 869 1336 920 σ¹
1371 870 1704 932 ἀποκτείνει,

423 957 564 1010 1515
605 959 676 1009 Ἣ
714 957 858 1020 τίσις
889 957 1073 1021 ἄλλοις
1101 957 1308 1025 γίνεται
1341 959 1606 1030 σωτηρία.

423 1049 497 1102 Τό
523 1048 573 1102 τ’
613 1048 822 1113 ἐσθλὸν,
857 1048 934 1112 ὼς
959 1050 1040 1112 εἰς
1073 1049 1280 1120 πότμον
1309 1045 1440 1120 ἦλθέ
1473 1067 1574 1115 σοι,
1607 1052 1844 1124 Πατρὸς,

426 1139 675 1210 Ὀδυρμα
706 1138 926 1209 πικρόν.
967 1139 1042 1209 Γῆ
1073 1155 1155 1205 σε,
1190 1139 1413 1205 Τέκνον,
1447 1139 1715 1212 λαμϐάνει

426 1235 644 1286 Ἦκοντ’
673 1235 731 1296 ἐς
757 1233 912 1286 ἀΐδαο
945 1231 1221 1300 πανζόφου
1252 1233 1447 1294 πύλας.

425 1323 562 1396 ’ᾼδῃ
602 1323 662 1375 τὸ
690 1322 1018 1394 δριμύτατον
1061 1322 1320 1392 ἐμϐαλεῖς
1356 1321 1508 1392 βέλος
1533 1337 1546 1349 ·

425 1415 564 1469 1520
611 1415 720 1468 Καὶ
750 1414 859 1486 γὰρ
904 1415 992 1466 ἐπ’
1024 1413 1177 1483 αὐτῷ
1209 1413 1344 1484 τῷδε
1377 1414 1618 1485 κατέρχῃ
1651 1413 1830 1484 μόνος,

1705 291 2053 350 CHRISTUS
2107 291 2423 348 PATIENS.

2043 422 2089 478 Λ
2116 415 2274 488 Λήψῃ
2308 416 2366 470 δὲ
2397 416 2646 488 νεκροὺς,
2682 415 2742 468 οὐ
2775 414 3127 490 συλληφθήσῃ
3157 418 3391 489 νεκροῖς.

3588 299 3698 358 258

2127 509 2292 579 Ῥύσῃ
2328 525 2387 560 τε
2423 507 2652 571 πάντας,
2688 507 2763 561 ὢν
2797 507 3077 579 ἐλεύθερος
3112 509 3289 578 μόνος.

2116 599 2286 663 Μόνος
2314 599 2420 672 γὰρ
2453 600 2591 670 ἀνὴρ
2624 600 2796 652 ταῦτα
2831 599 3049 670 θαρρῶν
3083 600 3310 664 ἱκάνεις.

2119 691 2315 760 Ἰζσχον
2354 691 2398 743 δ’
2438 689 2668 757 ἀγῶνες,
2703 690 2752 742 οἳ
2784 689 3014 760 ἔμιμνόν
3049 707 3142 744 σου
3186 691 3358 757 τέλος,

2117 781 2256 835 159.5
2287 781 2461 852 Νίκην
2499 797 2559 834 τε
2592 781 2778 834 λοιπὸν
2813 782 2935 834 κατ’
2963 782 3222 836 ἐναντίων
3249 782 3414 854 ἔχεις,

2121 871 2312 941 ᾍδην,
2341 869 2487 939 ὅφιν,
2516 869 2743 924 θάνατον
2772 871 3004 942 ἰσχυρῶς
3033 873 3239 929 πατῶν.

2118 961 2307 1030 Σοφὺς.
2343 962 2504 1030 σοφὸς
2533 963 2620 1026 σὺ,
2654 963 2749 1015 καὶ⁵
2795 961 2975 1029 σοφῶς
3005 961 3161 1033 ἔτλης
3191 963 3416 1036 πότμον.

2125 1055 2219 1116 Ὣς
2247 1053 2424 1107 κοινὸν
2457 1048 2601 1106 οἶτον
2637 1053 2714 1124 σῷ
2755 1052 3081 1118 καταϐαλεῖς
3115 1055 3292 1126 μόρῳ,

2119 1143 2236 1198 Κᾶν
2267 1147 2332 1215 τῇ
2366 1144 2516 1214 χθονὶ
2543 1145 2832 1216 στηρίζων,
2863 1144 3100 1209 ὲνδύσεις
3139 1146 3316 1210 κλέος,

2124 1237 2262 1293 1550
2307 1239 2415 1309 Γῆς
2446 1237 2766 1307 ἐξανίσχων,
2808 1237 2902 1290 καὶ
2932 1236 3112 1308 φέρων
3156 1238 3450 1309 σωτηρίαν,

2118 1329 2211 1391 Εἰς
2242 1329 2556 1396 συγγένειαν
2603 1327 2815 1399 Πατρὸς
2841 1326 3081 1398 ἀμείψας
3115 1327 3302 1398 δέμας.

2116 1412 2281 1480 Αὖθις
2308 1416 2416 1489 γὰρ
2445 1415 2626 1488 ἔλθῃς,
2661 1415 2888 1481 κλεινὸς,
2921 1415 3173 1488 ἁρπάσας
3209 1416 3384 1485 γένος,

939 1571 1485 1642 νοιειιείιιοιιιὶηἰὺιιε
1521 1573 1696 1627 lucem
1737 1579 1791 1626 et
1829 1573 2172 1642 splendorem
2206 1575 2421 1640 an'erre,

936 1643 1074 1716 1510
1115 1641 1533 1716 Mortaliumque
1565 1641 1874 1716 genitorem
1896 1644 2162 1716 Adamum
2194 1661 2224 1699 a
2267 1646 2499 1702 mortuis
2526 1644 2889 1716 exsuscitare,

935 1713 1038 1786 Pro
1067 1713 1267 1786 quibus
1291 1713 1530 1786 formam
1564 1715 2256 1786 humanamassumpsisti.

935 1782 1244 1854 ingrederis
1274 1782 1633 1838 densissimas
1673 1783 1874 1837 inferni
1911 1782 2209 1854 caligines,

935 1852 1018 1927 ᾼὶ)
1052 1854 1289 1927 inimicis
1327 1857 1546 1927 occisus
1571 1894 1585 1917 ,
1622 1855 1877 1927 miseram
1915 1852 2143 1927 matrem
2195 1855 2533 1927 relinquens.

937 1923 1250 1993 lienignitas
1285 1933 1463 1977 autem
1497 1924 1675 1977 Patris
1715 1924 1793 1976 tui
1833 1933 1885 1978 te
1914 1926 2140 1988 occidit,

938 1993 1076 2047 1515
1112 1993 1244 2058 Quae
1294 2009 1444 2047 mors
1485 1995 1606 2050 aliis
1642 1993 1805 2048 saluti
1837 1994 1930 2050 sit.

937 2061 1161 2117 Bonitas
1190 2073 1369 2117 autem
1392 2063 1570 2119 Patris
1591 2106 1605 2128 ,
1642 2073 1700 2116 ιιι
1731 2064 1825 2118 tibi
1856 2065 2024 2118 cessit
2056 2064 2112 2117 in
2143 2076 2396 2131 mortem,

935 2132 1131 2206 gravis
1172 2136 1374 2206 luctus.
1414 2133 1694 2206 Terra‘te,
1721 2132 1878 2206 AFili,
1912 2135 2115 2206 excipit

938 2201 1255 2258 Venientem
1296 2203 1364 2256 ad
1411 2203 1609 2259 inferni
1647 2204 1806 2257 valde
1845 2201 2118 2262 tenebrosi
2159 2204 2327 2261 fores.

935 2272 1155 2343 inferno
1192 2274 1521 2328 acerrimum
1566 2274 1758 2343 inﬁges
1792 2275 2001 2339 telum;

936 2342 1078 2414 1520
1114 2342 1345 2414 Propter
1371 2345 1516 2397 enim
1544 2344 1648 2398 hoc
1673 2342 1857 2414 ipsum
1886 2345 2066 2399 isthuc
2104 2346 2256 2400 solus
2295 2345 2605 2403 descendis.

934 2411 1181 2484 Mortuos
1209 2411 1394 2483 capies
1426 2455 1440 2479 ,
1473 2430 1651 2484 neque
1677 2411 1717 2466 ιι
1734 2415 1965 2470 mortuis
1998 2417 2262 2484 capieris;

934 2483 1135 2537 Omnes
1176 2485 1468 2549 liberabis,
1510 2483 1601 2554 qui
1628 2500 1769 2539 unus
1807 2485 1944 2538 liber
1977 2483 2226 2540 exsistis.

939 2554 1092 2625 linus
1136 2556 1281 2608 enim
1317 2570 1382 2607 ex
1414 2557 1672 2610 omnibus
1701 2555 2022 2610 mortalibus
2073 2558 2280 2610 audens
2326 2555 2443 2621 haec
2482 2565 2743 2625 praestare
2775 2557 2994 2612 subicis.

937 2623 1229 2694 Detinuere
1260 2634 1440 2678 autem
1487 2627 1702 2680 labores
1731 2625 1822 2694 qui
1856 2635 2009 2678 tuum
2037 2628 2330 2679 manebant
2358 2623 2564 2681 exitum
2585 2666 2602 2691 ,

937 2692 1077 2766 15:25
1118 2693 1182 2746 Et
1215 2695 1455 2762 alioquin
1497 2692 1784 2749 victoriam
1821 2695 1888 2750 de
1923 2696 2172 2766 hostibus
2201 2707 2484 2766 reportas,

937 2762 1211 2834 infernum
1235 2803 1249 2826 ,
1285 2773 1590 2834 serpentem
1616 2807 1631 2830 ,
1663 2772 1894 2818 mortem
1928 2764 2141 2820 fortiter
2177 2762 2524 2820 conculcans.

943 2833 1209 2904 Sapiens,
1244 2833 1464 2904 sapiens
1494 2850 1554 2889 es
1583 2844 1639 2890 tu
1662 2875 1678 2899 ,
1728 2842 1783 2888 et
1821 2834 2098 2904 sapienter
2138 2852 2324 2891 necem
2362 2837 2632 2891 tolerasti.

941 2902 1032 2975 βω
1059 2902 1402 2958 communem
1442 2915 1671 2960 mortem
1705 2911 1799 2958 tua
1836 2902 2084 2975 proteres
2117 2922 2285 2972 nece,

941 2973 1168 3042 Ipsaque
1198 2975 1253 3028 in
1285 2983 1429 3029 terra
1461 2977 1672 3030 haerens
1692 3013 1707 3040 ,
1750 2973 1920 3030 decus
1960 2976 2176 3039 iudues,

941 3043 1080 3097 1330
1115 3042 1154 3095 Ε
1195 3053 1339 3098 terra
1377 3048 1709 3112 promicans,
1741 3053 1796 3100 et
1832 3046 2066 3100 aﬂ‘erens
2103 3047 2357 3110 salutem,

947 3113 1409 3186 1296-1297
1445 3116 1652 3170 Mutato
1683 3131 1932 3186 corpore,
1966 3125 2025 3170 ut
2057 3114 2204 3170 Patri
2238 3118 2309 3170 sit
2342 3114 2518 3170 aliine.

939 3179 1152 3238 Ιιιῆιῖιιῖ
1166 3179 1557 3253 εὖίῐιἿ-ἓιιθδε,
1599 3179 1851 3251 illustris,
1881 3201 2007 3241 cum
2037 3187 2320 3242 hominum
2341 3203 2513 3257 genus
2553 3185 2824 3256 rapueris,

508 3333 879 3408 ὤιξρανὼν
911 3338 1056 3405 πρὸς
1091 3339 1353 3408 ἐχθρῶν,
1403 3350 1511 3395 etc.
1548 3340 1625 3395 lta
1671 3339 1784 3396 fere
1816 3338 2016 3395 Troad.

435 3419 579 3458 vers.
619 3403 718 3484 756
767 3416 910 3472 etc.,
950 3403 1347 3466 Andromache»
1388 3411 1483 3466 filii
1535 3412 1617 3466 sui
1676 3421 1884 3467 sortem
1932 3411 2019 3464 lu-

470 3489 569 3528 ens
596 3485 671 3527 ait
697 3495 710 3529 :

433 3491 811 3636 εεὲὶέἒῗὲιπρὸς
841 3547 1050 3636 ἐχθρῶν
1073 3589 1087 3611 ,
1107 3549 1314 3636 ’μητέρ’
1345 3550 1535 3636 αθλίαν
1562 3550 1759 3636 λιπῶν.

533 3566 648 3614 pawn
675 3566 811 3626 προς
841 3566 866 3600 ε
907 3566 1050 3620 υρων
1073 3589 1087 3611 ,
1124 3566 1312 3636 μητερ·
1345 3566 1535 3604 αυλιαν
1564 3566 1720 3604 λιπωι

533 3615 580 3690 11
621 3631 713 3690 τοι)
743 3566 948 3690 πατᾷς
979 3619 1036 3672 δέ
1071 3619 1118 3672 σ’
1150 3623 1375 3688 ευγένει⁹
1407 3623 1720 3690 ἀποκτενεῖ,

509 3685 579 3762 ςῌ
609 3688 776 3762 τοῖσιν
806 3685 1234 3762 ’ἄλλοις-γίνεται
1267 3691 1530 3762 σωτηρία.

506 3753 734 3834 ἔοι-ξριτιξ
761 3759 826 3810 ab
862 3753 1122 3820 hostibus,
1146 3773 1381 3834 matrem
1401 3753 1661 3834 'i'niseram
1697 3761 2017 3832 relinquens.

509 3823 562 3902 1F
568 3827 780 3902 abilit‘us
809 3839 986 3902 autem
1010 3833 1178 3898 patris
1207 3833 1285 3885 tui
1320 3842 1368 3886 te
1406 3833 1684 3902 interﬁciet
1703 3873 1719 3898 ,

508 3896 641 3969 Qua;
670 3898 793 3953 aliis
817 3900 981 3952 saluti
1011 3896 1135 3969 fuit.

509 3967 648 4040 1516
697 3971 771 4040 Ίξό
808 3971 857 4022 τ’
903 3966 1131 4025 ἐσθλὸν
1155 4011 1170 4036 ,
1211 3972 1292 4037 ὡς
1330 3973 1418 4038 εἰς
1465 3972 1698 4040 πότμον
1730 3966 2023 4040 τῖνῖθέίσοι

436 4039 695 4112 Πατρός.Δ
719 4037 874 4109 Legit
902 4041 1151 4112 Gouibel‘.
1183 4043 1358 4112 πάρος
1382 4037 1400 4104 ,7
1426 4051 1482 4096 et
1525 4037 1599 4095 ita
1635 4037 1846 4095 reddit:
1876 4039 2026 4094 Prte-

435 4111 641 4163 clarum
676 4109 794 4172 hoc,
821 4110 960 4180 quod
989 4128 1017 4165 e
1053 4113 1244 4175 vicina,
1267 4109 1481 4165 'mortis
1521 4112 1617 4164 tibi
1647 4129 1818 4166 comes
1848 4113 2022 4181 gravis

437 4183 610 4234 luctus
649 4181 784 4233 venit
805 4220 819 4244 ,
853 4181 991 4243 quod
1022 4181 1286 4250 infernum
1316 4183 1758 4250 triumphaturus,
1789 4180 1894 4235 etc.
1929 4180 2018 4234 Li-

438 4251 662 4323 bentius
707 4251 986 4323 crederem
1030 4261 1310 4306 auctorem
1354 4254 1647 4323 scripsisse
1679 4251 1891 4322 Πατρός
1917 4290 1932 4316 ,
1966 4258 2025 4304 ιιι

439 4319 687 4389 Euripid.
723 4319 918 4373 Troad.
964 4337 1105 4377 vers.
1141 4323 1278 4377 739:

512 4387 590 4464 ’ξ’-ὂ
615 4390 659 4442 δ’
691 4391 876 4464 ὲσθλρν
902 4392 1006 4464 οὐκ
1028 4396 1110 4456 είς
1143 4392 1332 4463 καιρὸν
1368 4387 1501 4464 ἦλθέ
1535 4407 1618 4444 σοι
1654 4391 1880 4464 πατρός.

515 4460 646 4532 (iter:
680 4462 850 4528 patris
872 4462 1045 4532 gloria
1091 4464 1186 4515 tibi
1221 4460 1323 4515 non
1359 4460 1646 4530 opportune
1681 4460 1837 4532 venit.

512 4530 652 4602 1520
672 4529 890 4596 Μόνος.
927 4532 1102 4586 Malim
1126 4548 1250 4586 cum
1271 4529 1600 4588 Combelisio
1631 4531 1808 4602 μόνως
1826 4571 1839 4592 ,
1867 4529 2024 4601 quasi

444 4615 552 4655 una
587 4601 701 4656 haec
731 4603 804 4656 sit
837 4617 1004 4656 causa
1037 4603 1340 4658 descensus
1377 4602 1586 4656 Christi
1618 4603 1686 4656 ad
1723 4601 1952 4655 inferos.

2207 3338 2555 3413 1522_'Pdan
2584 3355 2648 3413 τε
2685 3338 2917 3413 πάντας
2943 3377 2962 3413 ,_
3013 3337 3106 3392 ὢν
3157 3338 3478 3413 ἐᾼλεύθερος
3494 3340 3704 3413 μόνος.

2126 3407 2280 3479 Legit
2314 3410 2675 3464 Combelisius
2715 3408 2852 3479 ῥύσῃ
2893 3409 3102 3473 πάντας
3121 3451 3135 3472 ,
3156 3410 3239 3480 κὼς
3266 3407 3423 3480 μόνος
3451 3407 3526 3465 ὢν
3559 3409 3707 3464 ἐλεύ-

2127 3479 2306 3550 θερος,
2328 3489 2384 3532 ιιι
2414 3481 2504 3548 qui
2537 3497 2670 3532 unus
2699 3480 2833 3532 liber
2857 3480 3108 3550 exsistas.
3151 3479 3286 3536 Male
3317 3480 3478 3534 Roill.
3513 3489 3570 3534 ut
3600 3483 3708 3547 ipse

2128 3549 2262 3602 unus
2289 3552 2422 3603 iiber
2458 3551 2554 3603 sis.
2592 3551 2878 3603 Rationem
2922 3549 3078 3603 aﬂ'ert
3113 3560 3305 3605 auctor
3338 3560 3521 3605 uoster
3547 3566 3708 3605 versu

2129 3621 2379 3688 sequenti
2405 3660 2418 3682 ,
2456 3621 2547 3689 qui
2597 3621 2792 3690 legitur
2823 3618 3017 3672 Bacch.
3064 3635 3210 3674 vers.
3254 3621 3358 3676 960
3383 3660 3397 3685 ,
3435 3623 3524 3676 tibi
3556 3620 3700 3676 Pen-

2130 3691 2289 3742 theus
2319 3689 2385 3742 de
2412 3694 2592 3742 seinso
2635 3692 2708 3742 ita
2742 3689 3020 3742 lonuitur:

2173 3705 2289 3742 ieus
2319 3705 2385 3744 de
2412 3705 2592 3757 seipso
2635 3705 2708 3742 ua
2742 3705 3020 3757 loquitur:

2199 3706 2289 3742 eus
2319 3706 2385 3744 ue
2412 3706 2592 3759 seipso
2635 3706 2708 3742 ita
2742 3706 3020 3757 loquitur:

2199 3759 2372 3830 Μόνος
2400 3759 2509 3830 γάρ
2539 3760 2648 3829 εἰμ’
2677 3758 3021 3830 αὑτῶνὰνὴρ
3059 3759 3272 3829 τολμῶν
3307 3758 3447 3812 τόδε.

2205 3829 2364 3884 Solus
2393 3825 2532 3882 enim
2562 3825 2627 3884 ea:
2654 3831 2780 3898 ipsis
2808 3825 3068 3898 Thebanis
3102 3825 3219 3882 sum
3252 3831 3331 3882 vir
3351 3830 3447 3883 hoc
3481 3825 3706 3882 audens.

2200 3899 2338 3955 15°29
2371 3897 2700 3970 Στηρίζων,
2761 3897 3038 3970 ἐνδύοςεις
3065 3939 3096 3970 ,ί
3120 3911 3225 3953 etc.
3271 3898 3403 3970 Reg.
3438 3899 3500 3951 Il.
3531 3908 3708 3970 u._et

2129 3969 2287 4040 Med.
2320 3970 2574 4040 στηρίζον
2619 3969 2885 4040 ἐνθήσεις.
2931 3968 3021 4023 Sic
3063 3969 3195 4024 ibid.
3246 3967 3374 4025 fere
3408 3983 3550 4024 vers.
3601 3967 3710 4023 9ῗο

2129 4039 2377 4093 Bacchus
2401 4039 2477 4093 ait
2510 4039 2750 4093 Pentheo
2773 4059 2786 4092 :

2202 4110 2354 4180 ’ξΩστ’
2380 4109 2593 4179 οὐρανῷ
2622 4107 2874 4179 στηρίζον
2901 4109 3157 4180 εὑρήσεις
3185 4108 3361 4172 κλέος.

2200 4179 2390 4248 Itaque
2428 4180 2651 4234 invenies
2682 4181 2904 4247 gloriam
2945 4179 3255 4232 iimitentem
3289 4179 3438 4232 cado.

2203 4247 2341 4303 1550
2372 4248 2494 4316 Γῆς
2522 4249 2897 4317 ἐξανίσχων,
2939 4257 3044 4304 etc.
3079 4248 3152 4302 lla
3181 4251 3292 4303 fere
3320 4247 3515 4302 Troad.
3558 4263 3707 4302 vers.

2131 4321 2255 4383 748,
2276 4320 2659 4375 Andromache
2684 4320 2750 4374 de
2771 4335 2974 4390 sponso
2991 4334 3091 4375 suo
3114 4318 3368 4388 Hectore,
3393 4317 3710 4390 Astyanacti

2132 4393 2243 4445 [ilio
2278 4391 2517 4458 loquitur
2543 4409 2556 4444 :

2201 4459 2310 4530 Γῆς
2336 4459 2636 4527 ἐξανελθὼν
2655 4499 2670 4523 ,
2703 4461 2787 4513 σοι
2815 4459 2999 4530 φέρων
3031 4459 3325 4530 σωτηρίαν.

2204 4529 2288 4583 Ea:
2329 4541 2471 4585 terra
2502 4547 2737 4585 reversus
2759 4571 2773 4593 ,
2805 4529 2898 4583 tibi
2922 4531 3093 4598 ferens
3117 4529 3364 4584 salutem.

2207 4601 2339 4655 1551
2389 4604 2492 4668 Εἰς
2535 4602 2897 4670 συγγένειαν
2924 4597 3166 4669 Πατρός
3201 4600 3461 4670 ἀμείψας
3503 4597 3707 4669 δέμας.

1748 4717 2086 4778 METRICA
2127 4717 2428 4778 VERSIO.

443 4843 748 4915 Portasque
779 4848 982 4908 noctis,
1019 4854 1078 4900 ut
1103 4846 1288 4915 generi
1321 4845 1606 4915 hominum
1633 4842 1828 4898 aﬂ’eras

445 4913 674 4985 Qucern,
707 4922 1027 4985 patremque
1063 4913 1192 4969 hinc
1221 4919 1463 4970 omnium
1503 4913 1769 4967 Adamum
1799 4913 2026 4977 excites,

446 4983 560 5056 ljoc
593 4993 814 5054 propter
847 4983 963 5056 ipse
999 5001 1201 5054 corpus
1228 4987 1528 5040 humanum
1566 4986 1822 5049 induens,

447 5054 629 5124 Opaca
661 5054 902 5111 tenebris
933 5058 1124 5110 tartari
1152 5058 1305 5111 subis
1347 5058 1464 5110 loca

449 5127 542 5197 {ib
569 5125 818 5180 I'ostibus
848 5142 1046 5191 czesus,
1077 5137 1305 5197 parente
1333 5125 1642 5180 miserrima

448 5192 678 5266 Relicta.
704 5197 772 5248 At
798 5199 916 5265 ipsa
949 5206 1001 5251 te
1040 5192 1218 5252 Patris
1258 5197 1570 5266 benignitas

448 5265 676 5336 Cecidit.
707 5265 854 5321 Istud
895 5268 1222 5336 supplicium
1257 5267 1378 5320 aliis
1422 5268 1593 5320 salus.

451 5333 597 5407 [stud
627 5351 828 5390 nonum
864 5333 1055 5407 ingens
1081 5337 1226 5406 quod
1249 5337 1410 5390 Patre
1436 5352 1465 5388 a
1496 5347 1590 5390 tuo
1615 5333 1712 5389 tibi

451 5404 606 5476 Morti
639 5417 860 5475 paratur
892 5404 1070 5462 luctus
1093 5404 1146 5461 et
1175 5408 1331 5461 dolor
1363 5409 1566 5476 gravis.

450 5473 605 5547 Eunc
629 5473 794 5540 terra,
824 5476 946 5543 Fili,
982 5488 1035 5531 te
1065 5481 1230 5547 capit,
1268 5473 1396 5530 dum
1431 5485 1488 5529 tu
1523 5485 1679 5529 tuum

451 5543 624 5618 l_nl'ers
653 5549 706 5599 in
739 5549 841 5600 atri
877 5563 1042 5618 regna
1069 5543 1316 5601 Plutonis
1354 5547 1562 5616 pedem.

454 5614 533 5689 Tu
566 5619 730 5689 telum
768 5614 989 5671 acutum
1019 5619 1196 5687 inligis
1225 5627 1277 5671 et
1304 5614 1708 5689 graveinleris.

455 5684 617 5762 _S_olus
763 5689 998 5762 id_ips_um
1028 5689 1078 5740 in
1117 5684 1223 5740 ima
1253 5684 1577 5762 descendis,
1620 5702 1782 5739 manu

453 5754 678 5812 Victrici
725 5768 783 5811 ut
815 5754 939 5812 inde
970 5767 1217 5814 mortuos
1244 5759 1461 5813 tandem
1488 5773 1710 5820 eruens,

2060 4852 2102 4908 Β
2133 4842 2198 4896 Ει
2238 4853 2580 4897 mortuorum
2618 4850 2903 4912 exemptus
2936 4857 2966 4894 a
2993 4856 3155 4912 grege
3193 4855 3414 4897 asseras

2134 4913 2356 4976 Omnes,
2403 4923 2460 4966 ut
2489 4915 2602 4982 ipse
2629 4915 2766 4967 liber
2799 4928 2940 4966 unus
2970 4915 3068 4972 sis,
3105 4920 3288 4965 tamen

2138 4983 2239 5038 Uni
2273 4985 2498 5037 reclusit
2535 4999 2594 5037 se
2632 4983 2730 5038 tibi
2761 4983 2980 5036 audenti
3015 4983 3121 5035 via.

2134 5053 2288 5107 Passi
2317 5050 2648 5122 dolores'qui
2675 5062 2781 5106 tua:
2809 5053 2994 5107 crucis
3024 5052 3235 5104 exitum

2137 5123 2292 5175 l-Iunc
2320 5131 2447 5178 sunt
2480 5119 2672 5176 morati
2699 5139 2712 5187 ;
2768 5122 2894 5176 hinc
2927 5123 3141 5176 obtines
3179 5119 3465 5175 victoriam

2136 5193 2211 5246 Ex
2243 5193 2395 5246 hoste
2423 5195 2612 5258 veteri,
2645 5201 2910 5246 tartarum
2949 5194 3077 5246 dum
3113 5192 3329 5243 fortiter

2138 5265 2454 5332 Serpentem
2482 5272 2536 5315 et
2571 5257 2747 5332 ipsum
2777 5261 2949 5316 vincis
2975 5303 2989 5324 ,
3037 5269 3091 5314 et
3121 5272 3346 5314 mortem
3380 5257 3604 5329 premis.

2137 5334 2440 5387 Prudenter
2474 5333 2588 5400 ipse
2619 5345 2671 5387 tu
2707 5332 2925 5393 subisti,
2967 5346 3087 5400 quae
3123 5337 3216 5383 tua

2135 5403 2427 5457 Prudentia
2457 5402 2578 5465 fuit,
2617 5403 2809 5456 mortis
2836 5403 2995 5456 istius
3024 5415 3218 5468 genus.

2134 5473 2269 5526 Nam
2313 5482 2483 5526 morte
2512 5481 2741 5526 mOrtem
2777 5473 2977 5526 sternis
3005 5465 3070 5525 ex
3102 5485 3256 5538 aequo
3293 5465 3568 5538 omnibus,

2141 5544 2202 5596 Et
2234 5553 2376 5596 terra
2409 5543 2461 5594 in
2493 5544 2608 5609 ipsa
2643 5558 2967 5610 permanens
2995 5580 3010 5604 ,
3055 5537 3265 5593 laudem
3299 5537 3533 5610 invehis,

2139 5614 2418 5681 Terraque
2448 5624 2597 5680 rapta
2627 5609 2888 5680 emergis,
2935 5623 2986 5665 et.
3013 5611 3178 5663 vitam
3212 5609 3379 5677 paris,

2137 5686 2381 5737 Mutatus
2408 5684 2472 5735 ad
2504 5681 2678 5735 Patris
2705 5683 2780 5734 tui
2809 5681 3040 5734 formam
3082 5681 3352 5748 inclytus:

2137 5753 2266 5808 Post
2301 5755 2588 5808 liberatum
2623 5753 2902 5807 hominum
2931 5766 3135 5822 genus,
3169 5747 3350 5805 aderis
3382 5747 3600 5814 iterum,
