4176 6366
393 287 495 342 261
1674 291 2021 350 CHRISTUS
2073 297 2390 356 PATIENS.
3557 306 3668 364 262

372 403 632 479 ,Ἐχθροῦ
673 404 982 476 σοφίσμαθ’,
1015 399 1090 460 ῶν
1117 424 1198 460 νιν
1230 406 1426 462 οὔνεκα
1460 408 1694 474 κτανὼν,
2010 421 2053 478 Δ
2087 412 2158 470 Εὖ
2188 417 2388 481 διαθεὶς
2420 416 2684 486 τάνθένδ’,
2715 421 3039 490 ἀναστήσεις
3069 420 3288 492 κράτος.

397 497 608 551 ’Δλλων
637 515 698 550 τε
735 498 954 552 πάντων
987 499 1289 568 παγκάκων
1336 502 1709 572 σοφισμάτων,
2088 509 2225 563 1565
2252 512 2345 562 Δεῖ
2373 509 2480 581 γὰρ
2514 511 2666 565 πόλιν
2698 511 2844 583 τήνδ’
2879 510 3162 583 ἐκμαθεῖν,
3204 511 3290 564 κεῖ
3327 509 3402 581 μὴ
3431 509 3594 577 θέλει,

394 592 536 647 1555
580 592 818 655 Παύσεις
851 592 1184 662 στροϐοῦντα
1232 595 1435 664 κόσμον
1467 598 1524 648 ὲν
1568 595 1883 667 σοφίσματι,
2084 602 2198 655 Νῦν
2231 603 2276 655 δ’
2303 599 2468 657 οὖσαν
2497 603 2682 675 ἀμαθῆ
2713 603 2820 657 τῶν
2847 621 2911 670 γε
2947 603 3055 656 σῶν
3095 603 3431 674 μυστηρίων,

393 683 504 737 Καί
543 700 638 753 μιν
677 684 924 755 σιδηραῖς
968 684 1218 755 ἁρμόσας
1263 685 1321 737 ὲν
1350 685 1550 756 ἄρκυσι
2090 692 2290 763 Ἀλλην
2320 709 2379 744 τε
2417 694 2596 745 πᾶσαν
2627 691 2872 764 γηγενῶν
2897 692 3210 763 παροικίαν,

393 775 622 846 Στήσεις
653 775 962 848 κακοῦργον
1006 776 1107 844 τῆς
1143 777 1497 848 κακουργίας,
1548 777 1768 831 Τέκνον.
2090 784 2163 835 Ἦ
2201 782 2460 853 θεομαχεῖ
2489 781 2556 836 τὰ
2585 785 2727 838 κατὰ
2762 783 2841 848 σὲ,
2879 783 3119 838 σπονδῶν
3147 785 3194 837 τ’
3225 784 3334 838 ἄπο

393 868 544 935 Σφᾶς
570 867 615 920 δ’
659 863 817 931 αὖθις
851 867 1050 929 αὐτοὺς
1088 868 1156 920 ὲκ
1188 867 1376 937 χθονὸς
1406 867 1558 938 τῆσδ’
1601 869 1872 934 ἐκϐαλεῖς,
2100 875 2325 944 Ἀφεῖσ’,
2362 877 2419 929 ὲν
2445 877 2630 946 εὐχαῖς
2652 877 2698 930 δ’
2727 877 2964 947 οὐδαμοῦ
2995 877 3178 948 μνείαν
3205 877 3352 948 ἔχει’

397 957 610 1020 Ἀλλοις
637 957 694 1011 δὲ
722 956 916 1021 δώσεις
942 959 1035 1010 καὶ
1065 957 1219 1010 πόλιν
1247 975 1308 1011 τε
1341 959 1433 1012 καὶ
1476 961 1695 1030 κράτος,
2087 967 2226 1022 1570
2259 966 2426 1021 Οὔπω
2459 967 2568 1038 γὰρ
2593 968 2641 1020 οἱ
2666 967 2888 1032 τάλανες
2923 967 3164 1037 ἔγνωσαν
3193 968 3348 1036 γόνον

393 1049 532 1105 1560
583 1051 670 1114 Ὠς
698 1050 988 1122 συμϐόλοις
1027 1051 1253 1122 εἴρηκας
1279 1051 1380 1122 ἤδη
1425 1055 1537 1116 τοῖς
1569 1053 1759 1121 φίλοις.
2087 1058 2326 1112 Ἥκοντα
2357 1057 2569 1130 Πατρὸς
2598 1061 2661 1112 ὲκ
2690 1059 2852 1111 πόλου
2878 1059 3014 1130 πρὸς
3044 1059 3148 1130 γῆν
3176 1060 3346 1115 κάτω.

406 1143 493 1196 Ἐν
524 1137 606 1206 οἷς
647 1141 928 1214 χορεύσεις
967 1143 1062 1196 καὶ¹
1092 1145 1457 1215 καταστήσεις
1494 1146 1561 1198 τὰ
1589 1145 1657 1198 σὰ
2084 1143 2184 1204 Ὦν
2217 1150 2394 1204 οὕνεκ’
2417 1151 2599 1213 αὐτοῖς
2623 1150 2814 1216 δεῖξον,
2849 1151 2924 1215 ὠς
2948 1147 3000 1205 si
3030 1153 3094 1206 σὺ
3123 1151 3276 1216 Θεός.

392 1235 682 1307 Μυστήρι⁹,
716 1235 782 1288 ἵν’
809 1231 878 1310 ᾖς
901 1235 1158 1305 ἐμφανῶς
1199 1235 1331 1299 Θεὸς
1363 1236 1591 1308 βροτοῖς,
2083 1238 2285 1304 Δείξεις
2307 1239 2362 1292 δὲ
2395 1239 2610 1302 πάντως
2632 1255 2644 1268 ⁸
2672 1239 2737 1309 ἢν
2765 1238 2810 1292 δ’
2850 1240 3118 1293 Ἰουδαίων
3137 1242 3296 1309 γένος

403 1325 493 1391 Ὠς
516 1326 575 1380 ὲν
602 1326 749 1399 πόλῳ
771 1326 1066 1400 ξύμπασιν.
1105 1328 1193 1392 Ἐς
1215 1328 1258 1381 δ’
1288 1328 1453 1400 ἄλλην
1475 1329 1660 1400 χθόνα,
2097 1331 2263 1402 Ὀργῇ
2301 1332 2394 1384 σὺν
2419 1328 2603 1392 ὅπλοις
2628 1327 2842 1398 ἐξάγειν
2875 1330 3060 1402 χθονὸς
3087 1331 3246 1404 θέλῃς

910 1485 1173 1559 Ethostis
1201 1486 1375 1548 dolos,
1403 1497 1625 1558 propter
1656 1504 1818 1559 quos,
1848 1496 1902 1543 et
1926 1497 2118 1543 eastern

904 1557 1435 1628 Aliascelestissima
1474 1557 1725 1624 consilia,
1762 1562 1940 1628 ipsum
1973 1559 2308 1614 interficiens

906 1626 1048 1698 1555
1075 1625 1396 1682 Prohibebis
1433 1631 1727 1698 quominus
1751 1625 1865 1684 suis
1895 1629 2180 1686 fraudibus
2209 1628 2473 1684 mundum
2511 1627 2927 1694 circumveniat,

903 1696 972 1770 ξι
998 1697 1178 1770 ipsum
1201 1699 1392 1770 ferreis
1425 1696 1810 1770 constringens
1849 1702 1904 1754 in
1936 1701 2191 1761 vinculis,

905 1766 1198 1841 _Coercebis
1231 1769 1486 1838 nequitiae
1516 1766 1778 1826 artificem
1817 1787 1846 1825 a
1883 1771 2148 1841 nequitia,
2185 1769 2309 1825 Fili.

903 1835 1058 1912 Ipsos
1084 1845 1263 1892 autem
1302 1835 1496 1894 iterum
1527 1855 1595 1912 ex
1622 1841 1724 1895 hac
1759 1851 1899 1895 terra
1929 1835 2136 1912 ej'icies,

903 1907 1148 1992 aliisque
1177 1917 1232 1963 et
1263 1912 1453 1992 urbem
1485 1920 1538 1964 et
1563 1907 2056 1992 imperiumtrades
2077 1951 2091 1974 ,

907 1977 1048 2052 11560
1072 1977 1550 2052 _Quemadmodum
1580 1977 1689 2037 tuis
1719 1982 1910 2037 amicis
1935 1982 2046 2050 jam
2077 1985 2478 2052 prtenuntiasti.

905 2045 1024 2172 ipse
1055 2047 1165 2130 dux
1196 2049 1350 2105 chori
1385 2051 1518 2132 eris,
1551 2059 1871 2122 statuesque
1903 2045 1995 2106 tua

959 2127 1184 2172 vstena.
1208 2128 1270 2172 ut
1307 2121 1598 2172 manifeste
1627 2123 1703 2172 sis
1733 2123 1876 2172 Deus
1909 2123 1995 2172 h0|

959 2119 1184 2188 ysteria,
1208 2128 1270 2173 ut
1307 2121 1598 2176 manifeste
1627 2123 1703 2178 sis
1733 2119 1876 2177 Deus
1909 2122 2244 2188 hominibus,

910 2189 1370 2270 1298-1299
1398 2189 1550 2270 Sicut
1572 2193 1826 2248 omnibus
1854 2194 1908 2246 in
1943 2194 2104 2270 coelo.
2140 2193 2197 2248 ln
2233 2198 2394 2270 aliam
2424 2199 2724 2270 regionem,

905 2261 1045 2341 Quin
1069 2262 1661 2341 recte,7quae_hic_sunt
1689 2267 2093 2341 composueris,
2125 2269 2274 2341 regni
2296 2261 2523 2341 sceptra
2553 2269 2874 2326 transferet...

907 2328 1047 2404 1565
1085 2328 1310 2404 Oportet
1330 2333 1476 2386 enim
1507 2333 1648 2386 hanc
1675 2328 1864 2404 urbem
1888 2335 2052 2396 seire.
2087 2328 2383 2404 etsi'nolit,

905 2398 1065 2477 Eunc
1096 2398 1266 2469 ipsam
1297 2410 1518 2477 tuorum
1561 2403 1946 2477 mysteriorum
1987 2419 2110 2461 esse
2145 2398 2412 2477 ignaram,

905 2468 1244 2541 Omne_nique
1276 2472 1436 2526 aliam
1468 2468 1746 2528 hominum
1774 2476 2072 2539 coloniam,

906 2541 1039 2615 Quae
1061 2539 1183 2615 pes
1213 2551 1416 2611 pugnat
1452 2544 1506 2597 in
1528 2545 1616 2615 his
1638 2559 1758 2614 qum
1789 2550 1855 2598 ad
1888 2554 1940 2600 te
1968 2546 2262 2615 pertinent,
2288 2557 2339 2602 et
2361 2563 2391 2602 a
2419 2548 2774 2603 libationibus

906 2609 1139 2688 [_l_e_pell_i7t
1165 2609 1238 2688 te,
1271 2609 1371 2667 nec
1408 2615 1570 2688 ullam
1597 2609 1728 2688 facit
1749 2609 2080 2671 mentionem
2115 2619 2191 2671 tui
2219 2609 2272 2671 in
2308 2621 2563 2688 precibus
2597 2636 2611 2672 :

909 2680 1053 2756 15707
1083 2680 1330 2756 Nondum
1353 2684 1509 2756 enim
1543 2685 1730 2756 miseri
1764 2693 1816 2740 te
1860 2698 2200 2756 agnoverunt
2238 2680 2436 2744 Filium

907 2749 1088 2806 Patris
1121 2767 1152 2806 e
1179 2753 1320 2808 caelo
1352 2753 1406 2807 in
1447 2763 1651 2809 terrain
1683 2749 1989 2811 devenisse.

909 2820 1083 2894 _Quam
1103 2823 1172 2876 ob
1205 2838 1318 2894 rem
1354 2823 1490 2894 ipsis
1519 2833 1571 2880 te
1601 2825 1771 2880 Deum
1805 2843 1928 2880 esse
1957 2827 2295 2882 demonstra.

901 2889 1316 2972 liempnstrabis
1352 2889 1530 2972 autem
1559 2897 1708 2950 omni
1731 2897 1894 2950 modo
1919 2915 1948 2972 7:7
1965 2898 2009 2952 si
2040 2914 2172 2972 vei-o7
2194 2897 2507 2953 Judeeorum
2542 2913 2716 2970 genus

901 2960 1006 3017 Per
1029 2961 1166 3016 iram
1202 2979 1326 3018 cum
1350 2967 1518 3022 armis
1544 2981 1575 3022 ο
1605 2975 1751 3021 terra
1777 2969 2048 3037 expellere
2073 2969 2207 3023 velis
2543 2960 2564 3013 ‘-

465 3117 602 3196 1556
626 3118 1196 3196 Καί-μιν-σιδηραῖς,
1231 3128 1337 3196 etc.
1374 3119 1451 3174 lta
1488 3120 1600 3196 fere
1641 3120 1776 3176 ibid.
1827 3139 1973 3196 vers.

1898 3139 1973 3177 rs.
2223 3125 2314 3196 Δεῖ
2337 3123 2446 3196 γὰρ
2477 3123 2634 3196 πόλιν
2671 3123 3131 3196 τήνδἠὲκμαθεῖν,
3161 3125 3247 3178 κεί
3271 3123 3346 3196 μὴ
3377 3123 3541 3192 θέλει,

391 3191 534 3266 251,
568 3199 699 3266 et7c.,
744 3188 1022 3266 Pentheus
1073 3193 1252 3246 minas
1297 3193 1528 3246 intentat
1565 3194 1634 3247 iis
1676 3207 1796 3262 quae
1839 3194 1971 3248 bae-

1867 3211 1971 3247 iae-
2235 3188 2544 3266 [Λτέλέστον
2577 3188 2740 3247 οὖσαν
2773 3195 2880 3247 τῶν
2914 3188 3064 3264 ἐμῶν
3103 3188 3516 3266 βακχευμάτων.

392 3261 631 3318 ehationi
658 3276 717 3315 se
737 3261 1051 3331 tradebant.
1079 3330 1084 3331 7
1699 3261 1705 3262 ⁷
2223 3263 2436 3331 Oportet
2465 3266 2602 3318 enim
2629 3266 2764 3318 hanc
2796 3261 3062 3320 civitatem
3097 3261 3254 3327 scire,
3284 3261 3383 3320 etsi
3410 3267 3566 3331 nolit,

466 3331 603 3386 155⁸7
632 3329 886 3397 Στήσεις
912 3330 1270 3401 κακοῦργον,
1300 3339 1406 3387 etc.
1447 3332 1507 3386 Vi
1540 3331 1799 3386 nimirum
1845 3334 1976 3388 sub-

1570 3331 1799 3386 iimirum
1845 3334 1976 3388 sub-
2223 3329 2290 3388 se
2313 3352 2416 3388 non
2443 3337 2708 3388 initiatam
2742 3353 2853 3390 esse
2880 3338 3008 3390 meis
3030 3341 3219 3390 sacris.

387 3403 609 3481 jiciens.
639 3417 702 3454 ac
725 3418 793 3455 ne
822 3401 950 3523 quid
976 3402 1087 3466 jam
1122 3419 1319 3457 nocere
1348 3405 1540 3472 possit.
1562 3404 1754 3470 majori
1779 3414 1974 3473 poten-

390 3478 468 3523 tia
499 3473 767 3523 detinens.
803 3471 831 3523 li
858 3477 941 3523 ale
974 3471 1139 3523 Roill.
1174 3473 1349 3523 dirum
1372 3475 1723 3523 exviatorem.

2154 3404 2296 3458 1568
2327 3405 2617 3473 Θεομαχεῖ
2651 3406 2725 3459 τὰ
2781 3407 2931 3459 κατὰ
2960 3405 3055 3469 σέ,
3080 3416 3184 3462 etc.
3223 3404 3314 3461 Sic
3342 3405 3473 3460 ibid.
3516 3421 3660 3462 vers.

2077 3472 2148 3523 45
2165 3483 2218 3523 el.
2239 3475 2329 3523 46-
2354 3477 2420 3523 de
2452 3475 2695 3523 Pentheu
2726 3476 2801 3523 ait
2833 3476 3079 3523 Bacchus
3105 3491 3119 3523 :

390 3471 468 3534 iis
499 3473 767 3525 detinens.
803 3471 941 3524 Male
974 3471 1139 3526 Roill.
1174 3471 1723 3541 dirum’expiatorem.
1780 3471 1797 3473 “
2077 3472 2148 3526 45
2165 3483 2218 3528 et
2239 3475 2330 3536 46,
2354 3471 2695 3530 deipentheo
2726 3476 2801 3528 ait
2833 3476 3119 3530 Bacchus:

647 3542 741 3616 Ὡς
770 3543 1243 3611 συμϐόλοις,ειι;.
1267 3542 1334 3596 Ut
1355 3547 1474 3613 jam
1497 3544 1816 3598 vaticinatus
1839 3545 1976 3598 ami-
2085 3546 2115 3616 ᾖ(

1738 3553 1816 3597 tus
1839 3545 1976 3598 ami-
2085 3546 2182 3616 Ὃς
2213 3545 2472 3616 θεομαχεῖ
2495 3546 2565 3599 τὰ
2591 3546 2712 3599 κατ’
2740 3546 2860 3614 ἐμὲ,
2889 3547 2982 3599 καὶ
3004 3545 3246 3600 σπονδῶν
3277 3545 3387 3599 ἄπο

390 3621 468 3677 εἰς
493 3615 698 3686 άζείδιξ.
807 3677 832 3686 _
1053 3684 1061 3686 7
1390 3682 1437 3686 _7
1604 3683 1633 3686 _
1749 3684 1758 3686 _
2089 3614 2234 3686 :ﬂfisi
2257 3614 2335 3684 μ’,
2473 3617 2662 3686 εὐχαῖς
2692 3616 2741 3668 τ’
2771 3616 3006 3686 οὐδαμοῦ
3033 3616 3222 3686 μνείαν
3246 3616 3379 3686 ἔχει.

464 3683 596 3743 1561
636 3684 732 3735 Ἑν
769 3677 861 3748 οἷς
889 3684 1222 3753 χορεύσεις,
1247 3693 1352 3739 etc.
1385 3682 1474 3738 Sic
1514 3692 1566 3737 et
1598 3683 1792 3737 Bacch.
1824 3693 1972 3732 vers.
2078 3682 2113 3748 ρ

1654 3684 1792 3737 αεεΙι.
1824 3693 1972 3732 vers.
2078 3682 2183 3748 Qui
2213 3677 2345 3752 gerit
2372 3677 2571 3740 ὑείίιιηῖ
2586 3677 2805 3750 mecum,
2829 3697 2878 3740 et
2905 3677 2940 3739 ξι
2966 3677 3303 3739 ίίὸὀιξοηίὺαῖ

389 3761 486 3828 ει,
525 3762 655 3828 etc.,
692 3753 968 3828 Bacchus:
1131 3825 1140 3828 7
1407 3826 1415 3828 7
1560 3827 1566 3828 7
1635 3823 1645 3828 7
2076 3756 2300 3824 Repellit
2343 3773 2444 3820 me,
2476 3773 2568 3810 nec
2590 3757 2758 3809 ullam
2793 3758 2920 3822 facit
2957 3759 3274 3810 mentionem
3310 3757 3411 3810 mei
3453 3756 3506 3828 in
3537 3771 3660 3823 pro-

537 3825 1026 3896 Ιξάκεῖχορεῦσας.
1060 3825 1153 3877 καὶ
1181 3826 1531 3896 καταστήσας
1555 3823 1691 3896 ἐμὰς
2272 3895 2276 3896 7
2312 3889 2339 3896 _
2514 3895 2517 3896 7
2641 3895 2645 3896 7
2840 3895 2858 3896 77
3214 3895 3219 3896 7
3417 3827 3588 3880 cibus.

548 3889 890 3966 ξῙξελε-ιτὰὶςίῖν⁹
921 3897 1040 3965 εἴην
1060 3895 1307 3966 ἐμφανὴς
1325 3889 1531 3965 δαίμων
1563 3889 1792 3966 β’ροτοῖς.
2075 3959 2102 3966 _
2149 3895 2197 3949 1ξ

2075 3959 2102 3966 _
2149 3895 2289 3966 1577?.
2312 3889 2426 3949 Ὧν
2449 3895 2652 3949 οὕνεκ’
2683 3895 2908 3966 αὐτοῖς,
2941 3906 3046 3949 etc.
3077 3898 3155 3966 lta
3188 3895 3322 3951 ibid.
3362 3913 3506 3952 vers.
3547 3895 3655 3952 47:

538 3962 760 4036 illisque
780 3959 1014 4018 versatus
1029 3959 1185 4035 agens
1215 3959 1428 4026 choros,
1448 3976 1495 4018 et
1513 3959 1832 4019 constituens
1858 3979 1973 4016 mea
2075 3959 2175 4036 Ὧν

1614 3969 1832 4019 stituens
1858 3979 1973 4016 mea
2075 3959 2175 4036 Ὧν
2206 3965 2384 4036 οὕνεκ’
2411 3967 2562 4036 αὺτῷ
2587 3967 2706 4028 θεὸς
2737 3959 2914 4034 γεγὼς
2940 3965 3263 4036 ἐνδείξομαι.

536 4033 728 4099 Sacra,
762 4045 819 4087 nt
857 4038 956 4088 sim
998 4033 1308 4103 manifestus
1333 4037 1460 4088 deus
1489 4037 1809 4090 hominibus.
2078 4035 2254 4100 Quam
2284 4035 2346 4088 ob
2371 4053 2478 4089 rem
2512 4033 2612 4102 ipsi
2639 4053 2718 4089 me
2741 4033 2892 4089 deum
2937 4053 3049 4090 esse
3081 4033 3470 4090 demonstrabo.

467 4104 605 4159 1565
639 4107 736 4171 Ἐς
773 4105 825 4157 δ’
861 4105 1062 4171 ἀλλην
1115 4108 1322 4174 χθόνα,
1378 4117 1481 4160 etc.
1543 4108 1635 4161 Sic
1687 4113 1740 4160 et
1773 4105 1970 4160 Bacch.

2150 4107 2289 4159 1575
2319 4107 2544 4172 Δείξεις
2571 4105 2638 4158 δὲ
2672 4108 2929 4171 πάντως,
2955 4117 3060 4160 etc.
3093 4107 3182 4160 Sic
3222 4109 3353 4161 ibid.
3391 4121 3534 4162 vers.
3564 4105 3656 4162 50:

392 4190 540 4231 vers.
576 4176 645 4230 48
683 4187 816 4243 etc.,
847 4174 1096 4247 Bacchus
1123 4195 1135 4247 7:
1281 4246 1289 4247 7

2077 4178 2302 4239 Δεικνὺς
2335 4178 2570 4246 ἐμαυτόν
2589 4193 2602 4206 °
2641 4177 2707 4247 ἣν
2730 4175 2786 4228 δὲ
2812 4175 3064 4246 Θηϐαίων
3089 4177 3243 4247 πόλις

536 4282 600 4318 ._7
631 4283 668 4318 ._
817 4287 844 4318 ,Α
863 4248 955 4310 Εἰς
980 4246 1024 4298 δ’
1052 4246 1220 4318 ἄλλην
1236 4246 1420 4316 χθόνα,
1601 4317 1606 4318 7
2091 4248 2255 4318 Ὀργῇ
2289 4248 2586 4318 σὺνὸπλοις
2611 4246 2827 4317 ὲξόρους
2852 4247 3067 4318 Βάκχας
3093 4246 3248 4318 ἄγειν

534 4316 799 4372 Τάνθένδε
825 4315 1050 4440 θῇμενος
1073 4313 1154 4379 εὖ,
1176 4313 1508 4388 μεταστήσω
1543 4317 1700 4372 πόδα.
2077 4313 2489 4388 Ζητῇζ’συνάψω
2515 4313 2752 4370 Μαινάσι
2792 4333 2853 4369 στ
2864 4313 3197 4387 ρατῆλατῶν.

536 4428 554 4440 .
633 4427 648 4440 .
729 4427 742 4439 .
827 4425 842 4439 .
904 4404 936 4439 n
973 4389 1139 4440 aliam
1169 4405 1284 4440 vero
1316 4392 1599 4440 reaionem.
2087 4387 2187 4440 Ubi
2217 4389 2488 4440 ostendero
2524 4405 2602 4440 me
2629 4389 2798 4440 ipsum
2826 4403 2842 4439 :
2871 4389 2915 4440 si
2943 4403 3058 4440 vero
3084 4387 3197 4440 Ther

633 4427 648 4441 .
729 4427 766 4458 .7
827 4425 842 4439 .
872 4387 936 4458 In
973 4389 1139 4440 aliam
1169 4405 1284 4441 vero
1316 4387 1599 4458 regionem,
1857 4457 1863 4458 7
2087 4387 2187 4441 Ubi
2217 4389 2488 4441 ostendero
2524 4405 2602 4441 me
2629 4389 2798 4458 ipsum
2826 4389 2915 4458 :7si
2943 4403 3058 4440 vero
3084 4387 3447 4440 Thebanorum
3475 4387 3662 4441 civitas

537 4456 708 4512 Rebus
747 4457 833 4510 hic
862 4457 986 4511 bene
1025 4460 1354 4522 constitutis,
1372 4428 1727 4526 Utransferam
1768 4457 1972 4526 pedem.
2085 4458 2188 4526 Per
2205 4459 2341 4510 iram
2367 4476 2482 4511 cum
2507 4428 2676 4511 armi;
2695 4457 2932 4510 Bacchas
2960 4460 3012 4510 in
3026 4459 3272 4511 exsilium
3297 4458 3487 4525 pellere

469 4527 607 4583 1565
639 4527 742 4582 Δεῖ
771 4529 879 4598 γὰρ
913 4530 1116 4582 πόλιν.
1150 4527 1242 4584 Sic
1267 4529 1402 4584 ibid.
1436 4525 1581 4584 vers.
1617 4529 1686 4584 59
1716 4525 1900 4582 etilli):
2086 4525 2118 4582 C

1798 4529 1900 4582 40'.-
2086 4525 2341 4594 Conetar,
2372 4532 2632 4583 exercitus
2657 4527 2842 4582 ducem
2869 4526 2924 4581 Μ
2931 4527 3202 4583 wnadibus
3230 4529 3447 4584 addam.

1701 4711 2037 4771 METRICA
2066 4709 2364 4770 VERSIO.

394 4895 463 4968 Et
484 4895 657 4952 hostis
679 4905 823 4962 astu,
851 4905 910 4968 te
936 4911 1088 4968 mora
1115 4897 1293 4967 posita
1328 4897 1575 4952 abstulit.
2011 4909 2053 4964 Β
2082 4895 2180 4968 llis
2209 4899 2344 4951 bene
2375 4897 2632 4967 peractis,
2666 4906 2880 4968 sceptra
2907 4898 3056 4968 regni
3097 4895 3420 4968 transferas.

391 4967 512 5022 Jam
552 4968 817 5022 sullocato
847 4967 951 5023 hoc
980 4967 1178 5038 callido
1211 4968 1320 5022 doli
1343 4978 1518 5038 patre,
2080 4967 2326 5038 [ﬁamque
2351 4970 2510 5022 istam
2551 4967 2772 5038 oportet
2804 4967 3079 5023 civitatem
3102 4967 3335 5028 discere,

395 5038 462 5091 Et
495 5040 717 5094 sceleris
739 5039 920 5093 omnis
949 5045 1111 5109 atque
1138 5037 1366 5100 fraudis,
1395 5039 1745 5109 comprimes,
2081 5037 2153 5109 _Ut
2193 5040 2328 5092 nolit
2357 5041 2544 5100 etiam,
2574 5037 2633 5092 se
2661 5047 2878 5092 tuorum
2909 5055 3032 5094 esse
3061 5039 3306 5092 omnium

338 5123 354 5178 '7
394 5109 498 5175 Qui
533 5119 730 5163 cuncta
758 5109 914 5164 miris
937 5107 1177 5163 concitat
1201 5109 1480 5173 versutiis,
1523 5107 1539 5109 ν
2081 5107 2467 5178 Mysterioruni
2502 5124 2648 5162 nunc
2679 5110 2892 5178 rudem,
2917 5117 2971 5164 et
3001 5109 3270 5162 coloniam

346 5177 358 5236 ὃ
395 5179 695 5249 Versatque
723 5181 962 5249 technis.
977 5179 1274 5249 ferreaque
1299 5180 1559 5248 compede
2082 5177 2478 5247 Quamcunque
2503 5179 2812 5249 barbaram,
2841 5177 2950 5232 Deo
2983 5194 3104 5248 qua:
3127 5177 3356 5232 dissidet

395 5250 574 5320 Ipsum
602 5247 903 5319 alligatum,
945 5247 1102 5314 Nate,
1133 5247 1440 5303 criminum
1455 5249 1700 5306 omnium
2083 5249 2140 5320 in
2172 5250 2336 5304 rebus
2353 5249 2590 5320 hisquae
2617 5248 2684 5301 ad
2721 5258 2770 5302 te
2791 5249 3043 5320 attinent,
3067 5257 3122 5302 et
3143 5255 3196 5302 te
3225 5249 3397 5303 sacris

353 5335 358 5380 ;
395 5319 581 5391 Dirum
605 5324 941 5391 expiatorem
969 5320 1180 5374 locabis
1211 5340 1222 5374 :
1266 5321 1453 5391 exiges
2082 5319 2319 5391 Expellit
2353 5334 2384 5372 a
2412 5319 2785 5391 libationibus,
2821 5319 2897 5372 tui

356 5409 359 5412 ·
394 5390 506 5445 Hos
539 5387 732 5444 contra
772 5401 918 5444 terra
948 5407 977 5445 e
1001 5392 1175 5460 pati-ia
1203 5407 1216 5442 :
1248 5401 1302 5444 at
1326 5387 1484 5445 dabis
1507 5391 1629 5446 aliis
2082 5387 2224 5460 _Voio
2251 5390 2516 5454 vovendu,
2547 5397 2600 5442 et
2632 5391 2884 5457 precibus
2910 5388 3132 5442 omnino
3163 5387 3471 5460 immemor.

394 5461 461 5515 Et
491 5463 678 5515 urbem
710 5469 766 5516 et
803 5458 1088 5529 imperium
1127 5471 1340 5531 potens,
1377 5470 1434 5514 ut
1479 5471 1533 5515 tu
1571 5462 1680 5516 tuis
2081 5458 2218 5531 Nam
2252 5461 2449 5514 misera
2480 5459 2722 5531 nonduin
2751 5461 2904 5513 novit
2937 5475 3003 5514 ex
3032 5461 3143 5511 alto
3169 5458 3296 5527 polo

325 5529 359 5601 ι’
395 5533 549 5600 Saepe
582 5532 858 5586 indicasti.
884 5532 960 5584 'l‘e
990 5529 1182 5587 ducein
1213 5533 1298 5586 his
1322 5533 1487 5588 rebus
1513 5533 1690 5596 dabis,
2083 5529 2142 5601 ln
2169 5532 2274 5582 ima
2305 5538 2466 5601 terrae
2491 5529 2889 5601 Patris_a:te_rni
2927 5544 3099 5601 genus

393 5602 460 5672 Et
484 5596 640 5655 lirma
664 5611 756 5654 tua
792 5603 1047 5672 mysteria
1087 5611 1141 5656 et
1173 5611 1287 5655 rata
1316 5601 1508 5661 facies.
2084 5600 2336 5654 Venissc.
2380 5599 2544 5653 Proin
2584 5611 2640 5652 tu
2673 5599 2755 5652 fac
2790 5596 2956 5672 Deum
2995 5608 3046 5653 te
3076 5596 3368 5672 intelligat.

397 5671 465 5728 Ut
494 5681 546 5725 te
577 5672 741 5726 Deum
776 5669 931 5742 atque
964 5673 1154 5726 norint
1184 5681 1238 5726 et
1263 5681 1425 5728 terrae
1460 5673 1652 5727 incolae
2081 5673 2138 5742 ω
2173 5671 2503 5740 assequeris,
2541 5671 2585 5725 si
2617 5686 2718 5723 suo
2748 5671 3010 5742 exturbas
3045 5669 3166 5723 solo

388 5744 634 5814 Coalique
653 5744 810 5800 celsi.
841 5739 996 5810 'Quin
1017 5744 1259 5798 futurum
1299 5753 1377 5809 ut,
1404 5744 1659 5800 omnibus
2079 5739 2277 5806 Iratus,
2307 5739 2476 5797 armis
2507 5741 2729 5811 impiam
2766 5739 2922 5796 Juda:
2968 5753 3212 5805 manum,
