  <div class='ocr_page' id='page_1' title='image "/cluster/home/n/w/nwhite01/storage/ocr_20150623/38/nnc1.0046978500/158.png"; bbox 0 0 4176 6366; ppageno 0'>
   <div class='ocr_carea' id='block_1_1' title="bbox 442 377 550 433">
    <p class='ocr_par' dir='ltr' id='par_1_1' title="bbox 442 377 550 433">
     <span class='ocr_line' id='line_1_1' title="bbox 442 377 550 433; baseline 0 0"><span class='ocrx_word' id='word_1_1' title='bbox 442 377 550 433; x_wconf 77' lang='lat'><strong>269</strong></span> 
     </span>
    </p>
   </div>
   <div class='ocr_carea' id='block_1_2' title="bbox 443 484 1495 564">
    <p class='ocr_par' dir='ltr' id='par_1_2' title="bbox 443 484 1495 564">
     <span class='ocr_line' id='line_1_2' title="bbox 443 484 1495 564; baseline -0.009 -17"><span class='ocrx_word' id='word_1_2' title='bbox 443 492 752 564; x_wconf 84' lang='grc' dir='ltr'>Σιγὼμενόν</span> <span class='ocrx_word' id='word_1_3' title='bbox 777 509 837 546; x_wconf 86' lang='grc' dir='ltr'><strong>τε</strong></span> <span class='ocrx_word' id='word_1_4' title='bbox 860 491 1023 554; x_wconf 83' lang='grc' dir='ltr'>κῦδος</span> <span class='ocrx_word' id='word_1_5' title='bbox 1050 484 1197 561; x_wconf 74' lang='grc' dir='ltr'>εἶχεν</span> <span class='ocrx_word' id='word_1_6' title='bbox 1224 489 1282 543; x_wconf 81' lang='grc' dir='ltr'>ἐν</span> <span class='ocrx_word' id='word_1_7' title='bbox 1311 489 1457 558; x_wconf 83' lang='grc' dir='ltr'>πόλῳ</span> <span class='ocrx_word' id='word_1_8' title='bbox 1483 506 1495 517; x_wconf 92' lang='grc'><strong>·</strong></span> 
     </span>
    </p>
   </div>
   <div class='ocr_carea' id='block_1_3' title="bbox 444 581 1595 651">
    <p class='ocr_par' dir='ltr' id='par_1_3' title="bbox 444 581 1595 651">
     <span class='ocr_line' id='line_1_3' title="bbox 444 581 1595 651; baseline -0.002 -13"><span class='ocrx_word' id='word_1_9' title='bbox 444 586 600 639; x_wconf 80' lang='grc' dir='ltr'>Αῖτια</span> <span class='ocrx_word' id='word_1_10' title='bbox 625 584 799 638; x_wconf 87' lang='grc' dir='ltr'>ταῦτα</span> <span class='ocrx_word' id='word_1_11' title='bbox 819 583 913 638; x_wconf 88' lang='grc' dir='ltr'><strong>τοῦ</strong></span> <span class='ocrx_word' id='word_1_12' title='bbox 936 584 1097 637; x_wconf 87' lang='grc' dir='ltr'>τόκου</span> <span class='ocrx_word' id='word_1_13' title='bbox 1125 582 1221 635; x_wconf 76' lang='grc' dir='ltr'>καὶ</span> <span class='ocrx_word' id='word_1_14' title='bbox 1250 581 1344 633; x_wconf 86' lang='grc' dir='ltr'><strong>τοῦ</strong></span> <span class='ocrx_word' id='word_1_15' title='bbox 1369 581 1595 651; x_wconf 82' lang='grc' dir='ltr'>πότμου.</span> 
     </span>
    </p>
   </div>
   <div class='ocr_carea' id='block_1_4' title="bbox 444 670 1696 745">
    <p class='ocr_par' dir='ltr' id='par_1_4' title="bbox 444 670 1696 745">
     <span class='ocr_line' id='line_1_4' title="bbox 444 670 1696 745; baseline -0.004 -18"><span class='ocrx_word' id='word_1_16' title='bbox 444 676 517 727; x_wconf 87' lang='grc' dir='ltr'>Τὸ</span> <span class='ocrx_word' id='word_1_17' title='bbox 554 677 661 727; x_wconf 81' lang='grc' dir='ltr'>πᾶν</span> <span class='ocrx_word' id='word_1_18' title='bbox 681 675 727 727; x_wconf 76' lang='grc' dir='ltr'>δ’</span> <span class='ocrx_word' id='word_1_19' title='bbox 757 673 872 745; x_wconf 81' lang='grc' dir='ltr'><strong>ἐρῶ</strong></span> <span class='ocrx_word' id='word_1_20' title='bbox 906 691 990 726; x_wconf 89' lang='grc' dir='ltr'><strong>σοι</strong></span> <span class='ocrx_word' id='word_1_21' title='bbox 1015 673 1126 725; x_wconf 83' lang='grc' dir='ltr'>τῶν</span> <span class='ocrx_word' id='word_1_22' title='bbox 1156 671 1365 743; x_wconf 81' lang='grc' dir='ltr'><strong>βροτῶν</strong></span> <span class='ocrx_word' id='word_1_23' title='bbox 1401 670 1696 741; x_wconf 83' lang='grc' dir='ltr'>σωτηρίαν.</span> 
     </span>
    </p>
   </div>
   <div class='ocr_carea' id='block_1_5' title="bbox 521 758 1862 837">
    <p class='ocr_par' dir='ltr' id='par_1_5' title="bbox 521 758 1862 837">
     <span class='ocr_line' id='line_1_5' title="bbox 521 758 1862 837; baseline -0.003 -18"><span class='ocrx_word' id='word_1_24' title='bbox 521 768 654 821; x_wconf 86' lang='grc'>1660</span> <span class='ocrx_word' id='word_1_25' title='bbox 689 768 896 837; x_wconf 87' lang='grc' dir='ltr'>Τοίγαρ</span> <span class='ocrx_word' id='word_1_26' title='bbox 920 765 1203 835; x_wconf 78' lang='grc' dir='ltr'><strong>τέθνηκεν,</strong></span> <span class='ocrx_word' id='word_1_27' title='bbox 1231 758 1305 818; x_wconf 85' lang='grc' dir='ltr'><strong>ὧν</strong></span> <span class='ocrx_word' id='word_1_28' title='bbox 1335 765 1504 835; x_wconf 77' lang='grc' dir='ltr'>ἐχρῆν</span> <span class='ocrx_word' id='word_1_29' title='bbox 1528 764 1706 833; x_wconf 75' lang='grc' dir='ltr'>ἥκισθ’</span> <span class='ocrx_word' id='word_1_30' title='bbox 1738 763 1862 827; x_wconf 76' lang='grc' dir='ltr'>ὕπο,</span> 
     </span>
    </p>
   </div>
   <div class='ocr_carea' id='block_1_6' title="bbox 445 851 1780 926">
    <p class='ocr_par' dir='ltr' id='par_1_6' title="bbox 445 851 1780 926">
     <span class='ocr_line' id='line_1_6' title="bbox 445 851 1780 926; baseline -0.002 -18"><span class='ocrx_word' id='word_1_31' title='bbox 445 857 538 917; x_wconf 79' lang='grc' dir='ltr'><strong>Εἰς</strong></span> <span class='ocrx_word' id='word_1_32' title='bbox 559 855 735 925; x_wconf 82' lang='grc' dir='ltr'>δεσμά</span> <span class='ocrx_word' id='word_1_33' title='bbox 758 858 804 908; x_wconf 81' lang='grc' dir='ltr'>τ’</span> <span class='ocrx_word' id='word_1_34' title='bbox 830 851 984 926; x_wconf 82' lang='grc' dir='ltr'>ἦλθε,</span> <span class='ocrx_word' id='word_1_35' title='bbox 1016 855 1115 908; x_wconf 78' lang='grc' dir='ltr'><strong>καὶ</strong></span> <span class='ocrx_word' id='word_1_36' title='bbox 1141 854 1334 921; x_wconf 84' lang='grc' dir='ltr'>λόγους</span> <span class='ocrx_word' id='word_1_37' title='bbox 1358 853 1780 923; x_wconf 85' lang='grc' dir='ltr'>ὲμπαιγμάτων.</span> 
     </span>
    </p>
   </div>
   <div class='ocr_carea' id='block_1_7' title="bbox 444 944 1460 1016">
    <p class='ocr_par' dir='ltr' id='par_1_7' title="bbox 444 944 1460 1016">
     <span class='ocr_line' id='line_1_7' title="bbox 444 944 1460 1016; baseline 0 -19"><span class='ocrx_word' id='word_1_38' title='bbox 444 946 682 999; x_wconf 85' lang='grc' dir='ltr'>Τοιαῦτα</span> <span class='ocrx_word' id='word_1_39' title='bbox 709 946 836 1009; x_wconf 76' lang='grc' dir='ltr'>λαὸς</span> <span class='ocrx_word' id='word_1_40' title='bbox 862 949 891 999; x_wconf 84' lang='grc' dir='ltr'><strong>ό</strong></span> <span class='ocrx_word' id='word_1_41' title='bbox 920 946 1050 1016; x_wconf 76' lang='grc' dir='ltr'>πρὶν</span> <span class='ocrx_word' id='word_1_42' title='bbox 1082 944 1460 1015; x_wconf 64' lang='grc' dir='ltr'>ἠγαπημένοις,</span> 
     </span>
    </p>
   </div>
   <div class='ocr_carea' id='block_1_8' title="bbox 442 1037 1538 1109">
    <p class='ocr_par' dir='ltr' id='par_1_8' title="bbox 442 1037 1538 1109">
     <span class='ocr_line' id='line_1_8' title="bbox 442 1037 1538 1109; baseline 0 -20"><span class='ocrx_word' id='word_1_43' title='bbox 442 1038 753 1108; x_wconf 73' lang='grc' dir='ltr'><strong>Εὐεργέτην</strong></span> <span class='ocrx_word' id='word_1_44' title='bbox 779 1037 996 1109; x_wconf 75' lang='grc' dir='ltr'>ἔδρασε,</span> <span class='ocrx_word' id='word_1_45' title='bbox 1025 1037 1304 1108; x_wconf 75' lang='grc' dir='ltr'><strong>πηρωθεὶς</strong></span> <span class='ocrx_word' id='word_1_46' title='bbox 1329 1037 1507 1109; x_wconf 79' lang='grc' dir='ltr'>φθόνῳ</span> <span class='ocrx_word' id='word_1_47' title='bbox 1524 1054 1538 1067; x_wconf 86' lang='grc'><strong>·</strong></span> 
     </span>
    </p>
   </div>
   <div class='ocr_carea' id='block_1_9' title="bbox 442 1121 1669 1199">
    <p class='ocr_par' dir='ltr' id='par_1_9' title="bbox 442 1121 1669 1199">
     <span class='ocr_line' id='line_1_9' title="bbox 442 1121 1669 1199; baseline 0.002 -18"><span class='ocrx_word' id='word_1_48' title='bbox 442 1130 552 1181; x_wconf 80' lang='grc' dir='ltr'>Καὶ</span> <span class='ocrx_word' id='word_1_49' title='bbox 576 1130 753 1183; x_wconf 86' lang='grc' dir='ltr'>ταῦτα</span> <span class='ocrx_word' id='word_1_50' title='bbox 779 1129 879 1199; x_wconf 85' lang='grc' dir='ltr'>μὲν</span> <span class='ocrx_word' id='word_1_51' title='bbox 904 1129 1175 1182; x_wconf 82' lang='grc' dir='ltr'><strong>πέπονθεν</strong></span> <span class='ocrx_word' id='word_1_52' title='bbox 1202 1121 1357 1192; x_wconf 77' lang='grc' dir='ltr'>οὗτος</span> <span class='ocrx_word' id='word_1_53' title='bbox 1378 1129 1475 1181; x_wconf 80' lang='grc' dir='ltr'><strong>οὐκ</strong></span> <span class='ocrx_word' id='word_1_54' title='bbox 1500 1129 1669 1183; x_wconf 80' lang='grc' dir='ltr'>ἄκων.</span> 
     </span>
    </p>
   </div>
   <div class='ocr_carea' id='block_1_10' title="bbox 443 1218 1873 1293">
    <p class='ocr_par' dir='ltr' id='par_1_10' title="bbox 443 1218 1873 1293">
     <span class='ocr_line' id='line_1_10' title="bbox 443 1218 1873 1293; baseline 0.001 -20"><span class='ocrx_word' id='word_1_55' title='bbox 443 1220 582 1273; x_wconf 83' lang='grc'>1665</span> <span class='ocrx_word' id='word_1_56' title='bbox 616 1223 683 1273; x_wconf 83' lang='grc' dir='ltr'><strong>’Ἀ</strong></span> <span class='ocrx_word' id='word_1_57' title='bbox 710 1221 754 1273; x_wconf 81' lang='grc' dir='ltr'>δ’</span> <span class='ocrx_word' id='word_1_58' title='bbox 786 1218 853 1274; x_wconf 78' lang='grc' dir='ltr'><strong>αὖ</strong></span> <span class='ocrx_word' id='word_1_59' title='bbox 885 1221 1078 1273; x_wconf 82' lang='grc' dir='ltr'>παθεῖν</span> <span class='ocrx_word' id='word_1_60' title='bbox 1106 1221 1187 1273; x_wconf 86' lang='grc' dir='ltr'><strong>δεῖ</strong></span> <span class='ocrx_word' id='word_1_61' title='bbox 1208 1221 1357 1284; x_wconf 85' lang='grc' dir='ltr'>λαὸν,</span> <span class='ocrx_word' id='word_1_62' title='bbox 1398 1222 1457 1275; x_wconf 82' lang='grc' dir='ltr'><strong>οὐ</strong></span> <span class='ocrx_word' id='word_1_63' title='bbox 1492 1222 1684 1293; x_wconf 61' lang='grc' dir='ltr'>κρύψω</span> <span class='ocrx_word' id='word_1_64' title='bbox 1709 1223 1873 1275; x_wconf 82' lang='grc' dir='ltr'>κακά.</span> 
     </span>
    </p>
   </div>
   <div class='ocr_carea' id='block_1_11' title="bbox 441 1310 1646 1385">
    <p class='ocr_par' dir='ltr' id='par_1_11' title="bbox 441 1310 1646 1385">
     <span class='ocr_line' id='line_1_11' title="bbox 441 1310 1646 1385; baseline 0.001 -20"><span class='ocrx_word' id='word_1_65' title='bbox 441 1312 602 1368; x_wconf 82' lang='grc' dir='ltr'>Λίποι</span> <span class='ocrx_word' id='word_1_66' title='bbox 632 1310 895 1384; x_wconf 83' lang='grc' dir='ltr'>πόλισμα,</span> <span class='ocrx_word' id='word_1_67' title='bbox 930 1314 1228 1385; x_wconf 81' lang='grc' dir='ltr'>βαρϐάροις</span> <span class='ocrx_word' id='word_1_68' title='bbox 1256 1314 1440 1377; x_wconf 70' lang='grc' dir='ltr'>εἴκων,</span> <span class='ocrx_word' id='word_1_69' title='bbox 1472 1313 1646 1375; x_wconf 82' lang='grc' dir='ltr'>ἄκων,</span> 
     </span>
    </p>
   </div>
   <div class='ocr_carea' id='block_1_12' title="bbox 440 1402 1681 1473">
    <p class='ocr_par' dir='ltr' id='par_1_12' title="bbox 440 1402 1681 1473">
     <span class='ocr_line' id='line_1_12' title="bbox 440 1402 1681 1473; baseline 0.001 -20"><span class='ocrx_word' id='word_1_70' title='bbox 440 1402 658 1467; x_wconf 79' lang='grc' dir='ltr'><strong>Δοῦλος,</strong></span> <span class='ocrx_word' id='word_1_71' title='bbox 690 1403 959 1473; x_wconf 84' lang='grc' dir='ltr'>μέτοικος.</span> <span class='ocrx_word' id='word_1_72' title='bbox 991 1404 1148 1457; x_wconf 84' lang='grc' dir='ltr'>Ἐστι</span> <span class='ocrx_word' id='word_1_73' title='bbox 1170 1402 1279 1473; x_wconf 83' lang='grc' dir='ltr'><strong>γὰρ</strong></span> <span class='ocrx_word' id='word_1_74' title='bbox 1310 1403 1371 1455; x_wconf 85' lang='grc' dir='ltr'><strong>τὸ</strong></span> <span class='ocrx_word' id='word_1_75' title='bbox 1397 1402 1681 1471; x_wconf 73' lang='grc' dir='ltr'>θέσφατον,</span> 
     </span>
    </p>
   </div>
   <div class='ocr_carea' id='block_1_13' title="bbox 441 1490 1598 1567">
    <p class='ocr_par' dir='ltr' id='par_1_13' title="bbox 441 1490 1598 1567">
     <span class='ocr_line' id='line_1_13' title="bbox 441 1490 1598 1567; baseline 0.001 -22"><span class='ocrx_word' id='word_1_76' title='bbox 441 1494 537 1556; x_wconf 78' lang='grc' dir='ltr'><strong>Εἰς</strong></span> <span class='ocrx_word' id='word_1_77' title='bbox 561 1496 740 1549; x_wconf 78' lang='grc' dir='ltr'>πᾶσαν</span> <span class='ocrx_word' id='word_1_78' title='bbox 768 1490 895 1549; x_wconf 75' lang='grc' dir='ltr'>αἶαν</span> <span class='ocrx_word' id='word_1_79' title='bbox 919 1495 1216 1567; x_wconf 77' lang='grc' dir='ltr'>Βαρϐάρων</span> <span class='ocrx_word' id='word_1_80' title='bbox 1254 1493 1598 1564; x_wconf 83' lang='grc' dir='ltr'>ἀποτρέχειν,</span> 
     </span>
    </p>
   </div>
   <div class='ocr_carea' id='block_1_14' title="bbox 440 1585 1716 1656">
    <p class='ocr_par' dir='ltr' id='par_1_14' title="bbox 440 1585 1716 1656">
     <span class='ocr_line' id='line_1_14' title="bbox 440 1585 1716 1656; baseline 0.002 -21"><span class='ocrx_word' id='word_1_81' title='bbox 440 1586 675 1656; x_wconf 81' lang='grc' dir='ltr'>Αἰχμαῖς</span> <span class='ocrx_word' id='word_1_82' title='bbox 708 1586 968 1655; x_wconf 76' lang='grc' dir='ltr'>ἀλωτοὺς,</span> <span class='ocrx_word' id='word_1_83' title='bbox 1005 1587 1156 1640; x_wconf 87' lang='grc' dir='ltr'>πόλλ’</span> <span class='ocrx_word' id='word_1_84' title='bbox 1185 1587 1520 1650; x_wconf 86' lang='grc' dir='ltr'>ἀνατλάντας</span> <span class='ocrx_word' id='word_1_85' title='bbox 1550 1585 1716 1639; x_wconf 87' lang='grc' dir='ltr'>κακά.</span> 
     </span>
    </p>
   </div>
   <div class='ocr_carea' id='block_1_15' title="bbox 1676 367 2433 426">
    <p class='ocr_par' dir='ltr' id='par_1_15' title="bbox 1676 367 2433 426">
     <span class='ocr_line' id='line_1_15' title="bbox 1676 367 2433 426; baseline 0 -1"><span class='ocrx_word' id='word_1_86' title='bbox 1676 394 1681 399; x_wconf 66' lang='grc'><strong>’</strong></span> <span class='ocrx_word' id='word_1_87' title='bbox 1746 370 2091 426; x_wconf 80' lang='lat' dir='ltr'><strong>CHRISTUS</strong></span> <span class='ocrx_word' id='word_1_88' title='bbox 2121 367 2433 426; x_wconf 83' lang='lat' dir='ltr'><strong>PATIENS.</strong></span> 
     </span>
    </p>
   </div>
   <div class='ocr_carea' id='block_1_16' title="bbox 2052 491 3396 563">
    <p class='ocr_par' dir='ltr' id='par_1_16' title="bbox 2052 491 3396 563">
     <span class='ocr_line' id='line_1_16' title="bbox 2052 491 3396 563; baseline -0.002 -16"><span class='ocrx_word' id='word_1_89' title='bbox 2052 492 2100 547; x_wconf 79' lang='grc' dir='ltr'>Α</span> <span class='ocrx_word' id='word_1_90' title='bbox 2126 493 2262 546; x_wconf 81' lang='grc'>1670</span> <span class='ocrx_word' id='word_1_91' title='bbox 2301 491 2636 562; x_wconf 81' lang='grc' dir='ltr'>Ἀναιρέταις</span> <span class='ocrx_word' id='word_1_92' title='bbox 2667 492 2773 563; x_wconf 87' lang='grc' dir='ltr'><strong>γάρ</strong></span> <span class='ocrx_word' id='word_1_93' title='bbox 2803 493 2965 545; x_wconf 80' lang='grc' dir='ltr'>πᾶσιν</span> <span class='ocrx_word' id='word_1_94' title='bbox 2991 491 3127 563; x_wconf 84' lang='grc' dir='ltr'>ἀντᾷ</span> <span class='ocrx_word' id='word_1_95' title='bbox 3153 492 3396 561; x_wconf 79' lang='grc' dir='ltr'>παγγενῆ</span> 
     </span>
    </p>
   </div>
   <div class='ocr_carea' id='block_1_17' title="bbox 3585 371 3691 430">
    <p class='ocr_par' dir='ltr' id='par_1_17' title="bbox 3585 371 3691 430">
     <span class='ocr_line' id='line_1_17' title="bbox 3585 371 3691 430; baseline 0 0"><span class='ocrx_word' id='word_1_96' title='bbox 3585 371 3691 430; x_wconf 71' lang='lat' dir='ltr'><strong>97G</strong></span> 
     </span>
    </p>
   </div>
   <div class='ocr_carea' id='block_1_18' title="bbox 2125 581 3276 653">
    <p class='ocr_par' dir='ltr' id='par_1_18' title="bbox 2125 581 3276 653">
     <span class='ocr_line' id='line_1_18' title="bbox 2125 581 3276 653; baseline -0.001 -17"><span class='ocrx_word' id='word_1_97' title='bbox 2125 585 2317 636; x_wconf 85' lang='grc' dir='ltr'>Λιπεῖν</span> <span class='ocrx_word' id='word_1_98' title='bbox 2342 581 2494 634; x_wconf 81' lang='grc' dir='ltr'>πόλιν</span> <span class='ocrx_word' id='word_1_99' title='bbox 2525 583 2693 653; x_wconf 76' lang='grc' dir='ltr'>τήνδ’,</span> <span class='ocrx_word' id='word_1_100' title='bbox 2720 584 2935 637; x_wconf 84' lang='grc' dir='ltr'>ἀνοσίου</span> <span class='ocrx_word' id='word_1_101' title='bbox 2970 583 3276 653; x_wconf 84' lang='grc' dir='ltr'>μιάσματος</span> 
     </span>
    </p>
   </div>
   <div class='ocr_carea' id='block_1_19' title="bbox 2124 672 3317 744">
    <p class='ocr_par' dir='ltr' id='par_1_19' title="bbox 2124 672 3317 744">
     <span class='ocr_line' id='line_1_19' title="bbox 2124 672 3317 744; baseline 0 -19"><span class='ocrx_word' id='word_1_102' title='bbox 2124 674 2288 736; x_wconf 85' lang='grc' dir='ltr'>Δίκας</span> <span class='ocrx_word' id='word_1_103' title='bbox 2314 672 2557 736; x_wconf 84' lang='grc' dir='ltr'>τίνοντας</span> <span class='ocrx_word' id='word_1_104' title='bbox 2580 674 2741 738; x_wconf 84' lang='grc' dir='ltr'>τοῦδ’,</span> <span class='ocrx_word' id='word_1_105' title='bbox 2765 675 2823 726; x_wconf 83' lang='grc' dir='ltr'><strong>ὃν</strong></span> <span class='ocrx_word' id='word_1_106' title='bbox 2851 674 3094 727; x_wconf 78' lang='grc' dir='ltr'>ἔκτειναν</span> <span class='ocrx_word' id='word_1_107' title='bbox 3123 674 3317 744; x_wconf 80' lang='grc' dir='ltr'>φθόνῳ,</span> 
     </span>
    </p>
   </div>
   <div class='ocr_carea' id='block_1_20' title="bbox 2123 764 3369 836">
    <p class='ocr_par' dir='ltr' id='par_1_20' title="bbox 2123 764 3369 836">
     <span class='ocr_line' id='line_1_20' title="bbox 2123 764 3369 836; baseline -0.002 -19"><span class='ocrx_word' id='word_1_108' title='bbox 2123 764 2235 817; x_wconf 74' lang='grc' dir='ltr'><strong>Καὶ</strong></span> <span class='ocrx_word' id='word_1_109' title='bbox 2264 764 2455 834; x_wconf 83' lang='grc' dir='ltr'>μηκέτ’</span> <span class='ocrx_word' id='word_1_110' title='bbox 2489 764 2613 816; x_wconf 82' lang='grc' dir='ltr'>ἰδεῖν</span> <span class='ocrx_word' id='word_1_111' title='bbox 2635 765 2866 835; x_wconf 86' lang='grc' dir='ltr'>πατρίδ’.</span> <span class='ocrx_word' id='word_1_112' title='bbox 2905 766 2978 817; x_wconf 83' lang='grc' dir='ltr'><strong>Οὐ</strong></span> <span class='ocrx_word' id='word_1_113' title='bbox 3000 767 3107 836; x_wconf 84' lang='grc' dir='ltr'>γὰρ</span> <span class='ocrx_word' id='word_1_114' title='bbox 3127 765 3369 828; x_wconf 74' lang='grc' dir='ltr'>εὐσεϐὲς,</span> 
     </span>
    </p>
   </div>
   <div class='ocr_carea' id='block_1_21' title="bbox 2122 858 3322 928">
    <p class='ocr_par' dir='ltr' id='par_1_21' title="bbox 2122 858 3322 928">
     <span class='ocr_line' id='line_1_21' title="bbox 2122 858 3322 928; baseline -0.005 -15"><span class='ocrx_word' id='word_1_115' title='bbox 2122 859 2319 913; x_wconf 87' lang='grc' dir='ltr'>Μένειν</span> <span class='ocrx_word' id='word_1_116' title='bbox 2348 858 2606 925; x_wconf 76' lang='grc' dir='ltr'>φονευτάς</span> <span class='ocrx_word' id='word_1_117' title='bbox 2633 860 2689 911; x_wconf 82' lang='grc' dir='ltr'>ἐν</span> <span class='ocrx_word' id='word_1_118' title='bbox 2714 858 2901 926; x_wconf 75' lang='grc' dir='ltr'>τάφοις</span> <span class='ocrx_word' id='word_1_119' title='bbox 2926 874 3119 928; x_wconf 67' lang='grc' dir='ltr'>νεκροῦ</span> <span class='ocrx_word' id='word_1_120' title='bbox 3129 858 3322 927; x_wconf 88' lang='grc' dir='ltr'>μένων.</span> 
     </span>
    </p>
   </div>
   <div class='ocr_carea' id='block_1_22' title="bbox 2125 947 3402 1018">
    <p class='ocr_par' dir='ltr' id='par_1_22' title="bbox 2125 947 3402 1018">
     <span class='ocr_line' id='line_1_22' title="bbox 2125 947 3402 1018; baseline -0.003 -16"><span class='ocrx_word' id='word_1_121' title='bbox 2125 948 2262 1003; x_wconf 84' lang='grc'>1675</span> <span class='ocrx_word' id='word_1_122' title='bbox 2290 952 2478 1013; x_wconf 87' lang='grc' dir='ltr'>Πόλεις</span> <span class='ocrx_word' id='word_1_123' title='bbox 2506 950 2562 1003; x_wconf 85' lang='grc' dir='ltr'><strong>δὲ</strong></span> <span class='ocrx_word' id='word_1_124' title='bbox 2583 948 2781 1012; x_wconf 85' lang='grc' dir='ltr'>πολλὰς</span> <span class='ocrx_word' id='word_1_125' title='bbox 2805 949 3211 1018; x_wconf 81' lang='grc' dir='ltr'>εἰσαφίκωνται,</span> <span class='ocrx_word' id='word_1_126' title='bbox 3239 947 3402 1015; x_wconf 80' lang='grc' dir='ltr'>ζυγὸν</span> 
     </span>
    </p>
   </div>
   <div class='ocr_carea' id='block_1_23' title="bbox 2123 1041 3175 1112">
    <p class='ocr_par' dir='ltr' id='par_1_23' title="bbox 2123 1041 3175 1112">
     <span class='ocr_line' id='line_1_23' title="bbox 2123 1041 3175 1112; baseline 0 -19"><span class='ocrx_word' id='word_1_127' title='bbox 2123 1042 2367 1095; x_wconf 86' lang='grc' dir='ltr'>Δούλειον</span> <span class='ocrx_word' id='word_1_128' title='bbox 2396 1042 2708 1104; x_wconf 84' lang='grc' dir='ltr'>ἀνέλκοντες</span> <span class='ocrx_word' id='word_1_129' title='bbox 2733 1042 2781 1093; x_wconf 83' lang='grc' dir='ltr'>οἱ</span> <span class='ocrx_word' id='word_1_130' title='bbox 2806 1041 3175 1112; x_wconf 74' lang='grc' dir='ltr'>ἃυσδαίμονες,</span> 
     </span>
    </p>
   </div>
   <div class='ocr_carea' id='block_1_24' title="bbox 2122 1131 3327 1203">
    <p class='ocr_par' dir='ltr' id='par_1_24' title="bbox 2122 1131 3327 1203">
     <span class='ocr_line' id='line_1_24' title="bbox 2122 1131 3327 1203; baseline 0.001 -19"><span class='ocrx_word' id='word_1_131' title='bbox 2122 1134 2356 1202; x_wconf 80' lang='grc' dir='ltr'>Αἰχμαῖς</span> <span class='ocrx_word' id='word_1_132' title='bbox 2391 1133 2604 1193; x_wconf 77' lang='grc' dir='ltr'>ἀλωτοὶ,</span> <span class='ocrx_word' id='word_1_133' title='bbox 2638 1131 2881 1203; x_wconf 81' lang='grc' dir='ltr'>χρησμὸς</span> <span class='ocrx_word' id='word_1_134' title='bbox 2901 1132 2974 1195; x_wconf 83' lang='grc' dir='ltr'><strong>ὡς</strong></span> <span class='ocrx_word' id='word_1_135' title='bbox 3005 1132 3150 1200; x_wconf 81' lang='grc' dir='ltr'>λέγει</span> <span class='ocrx_word' id='word_1_136' title='bbox 3169 1132 3327 1191; x_wconf 83' lang='grc' dir='ltr'>Θεοῦ,</span> 
     </span>
    </p>
   </div>
   <div class='ocr_carea' id='block_1_25' title="bbox 2125 1223 3237 1295">
    <p class='ocr_par' dir='ltr' id='par_1_25' title="bbox 2125 1223 3237 1295">
     <span class='ocr_line' id='line_1_25' title="bbox 2125 1223 3237 1295; baseline 0.001 -19"><span class='ocrx_word' id='word_1_137' title='bbox 2125 1224 2309 1293; x_wconf 84' lang='grc' dir='ltr'>Πάντη</span> <span class='ocrx_word' id='word_1_138' title='bbox 2336 1224 2746 1295; x_wconf 78' lang='grc' dir='ltr'>διασπαρέντες,</span> <span class='ocrx_word' id='word_1_139' title='bbox 2780 1224 2840 1276; x_wconf 85' lang='grc' dir='ltr'><strong>οὐ</strong></span> <span class='ocrx_word' id='word_1_140' title='bbox 2868 1223 3050 1276; x_wconf 88' lang='grc' dir='ltr'>νόστον</span> <span class='ocrx_word' id='word_1_141' title='bbox 3083 1223 3126 1276; x_wconf 84' lang='grc' dir='ltr'>δ’</span> <span class='ocrx_word' id='word_1_142' title='bbox 3159 1223 3237 1277; x_wconf 81' lang='grc' dir='ltr'>ἔτι</span> 
     </span>
    </p>
   </div>
   <div class='ocr_carea' id='block_1_26' title="bbox 2126 1313 3222 1384">
    <p class='ocr_par' dir='ltr' id='par_1_26' title="bbox 2126 1313 3222 1384">
     <span class='ocr_line' id='line_1_26' title="bbox 2126 1313 3222 1384; baseline 0.003 -19"><span class='ocrx_word' id='word_1_143' title='bbox 2126 1314 2189 1365; x_wconf 85' lang='grc' dir='ltr'><strong>Οἱ</strong></span> <span class='ocrx_word' id='word_1_144' title='bbox 2216 1314 2444 1377; x_wconf 88' lang='grc' dir='ltr'>τάλανες</span> <span class='ocrx_word' id='word_1_145' title='bbox 2471 1316 2780 1384; x_wconf 82' lang='grc' dir='ltr'>σχήσουσιν,</span> <span class='ocrx_word' id='word_1_146' title='bbox 2808 1313 2918 1365; x_wconf 78' lang='grc' dir='ltr'>οὐδ’</span> <span class='ocrx_word' id='word_1_147' title='bbox 2942 1314 3222 1375; x_wconf 83' lang='grc' dir='ltr'>ἐπάνοδον,</span> 
     </span>
    </p>
   </div>
   <div class='ocr_carea' id='block_1_27' title="bbox 2127 1398 3586 1475">
    <p class='ocr_par' dir='ltr' id='par_1_27' title="bbox 2127 1398 3586 1475">
     <span class='ocr_line' id='line_1_27' title="bbox 2127 1398 3586 1475; baseline 0 -18"><span class='ocrx_word' id='word_1_148' title='bbox 2127 1403 2264 1457; x_wconf 88' lang='grc'>1680</span> <span class='ocrx_word' id='word_1_149' title='bbox 2303 1404 2419 1473; x_wconf 82' lang='grc' dir='ltr'><strong>Ἀφ’</strong></span> <span class='ocrx_word' id='word_1_150' title='bbox 2447 1398 2507 1457; x_wconf 76' lang='grc' dir='ltr'><strong>οὗ</strong></span> <span class='ocrx_word' id='word_1_151' title='bbox 2541 1404 2653 1456; x_wconf 79' lang='grc' dir='ltr'>τάδ’</span> <span class='ocrx_word' id='word_1_152' title='bbox 2676 1403 2934 1473; x_wconf 82' lang='grc' dir='ltr'>ἐκπέρσει</span> <span class='ocrx_word' id='word_1_153' title='bbox 2960 1402 3012 1470; x_wconf 79' lang='grc' dir='ltr'>γ’</span> <span class='ocrx_word' id='word_1_154' title='bbox 3047 1404 3331 1474; x_wconf 83' lang='grc' dir='ltr'>ἀναρίθμῳ</span> <span class='ocrx_word' id='word_1_155' title='bbox 3356 1404 3586 1475; x_wconf 71' lang='grc' dir='ltr'>στρατῷ,</span> 
     </span>
    </p>
   </div>
   <div class='ocr_carea' id='block_1_28' title="bbox 2137 1492 3329 1563">
    <p class='ocr_par' dir='ltr' id='par_1_28' title="bbox 2137 1492 3329 1563">
     <span class='ocr_line' id='line_1_28' title="bbox 2137 1492 3329 1563; baseline 0 -18"><span class='ocrx_word' id='word_1_156' title='bbox 2137 1492 2468 1563; x_wconf 80' lang='grc' dir='ltr'>Ἠγούμενος</span> <span class='ocrx_word' id='word_1_157' title='bbox 2496 1492 2772 1562; x_wconf 79' lang='grc' dir='ltr'>λόγχαισιν</span> <span class='ocrx_word' id='word_1_158' title='bbox 2811 1492 3061 1545; x_wconf 83' lang='grc' dir='ltr'>Αὐσόνων</span> <span class='ocrx_word' id='word_1_159' title='bbox 3090 1492 3329 1563; x_wconf 86' lang='grc' dir='ltr'>δραμών.</span> 
     </span>
    </p>
   </div>
   <div class='ocr_carea' id='block_1_29' title="bbox 2127 1582 3309 1657">
    <p class='ocr_par' dir='ltr' id='par_1_29' title="bbox 2127 1582 3309 1657">
     <span class='ocr_line' id='line_1_29' title="bbox 2127 1582 3309 1657; baseline -0.001 -20"><span class='ocrx_word' id='word_1_160' title='bbox 2127 1585 2289 1639; x_wconf 77' lang='grc' dir='ltr'>Ταῦτ’</span> <span class='ocrx_word' id='word_1_161' title='bbox 2310 1586 2430 1656; x_wconf 73' lang='grc' dir='ltr'>οὐχὶ</span> <span class='ocrx_word' id='word_1_162' title='bbox 2464 1583 2657 1657; x_wconf 86' lang='grc' dir='ltr'>θνητοῦ</span> <span class='ocrx_word' id='word_1_163' title='bbox 2691 1585 2897 1655; x_wconf 85' lang='grc' dir='ltr'>πατρὸς</span> <span class='ocrx_word' id='word_1_164' title='bbox 2921 1582 3183 1653; x_wconf 78' lang='grc' dir='ltr'>ἐκγεγὼς,</span> <span class='ocrx_word' id='word_1_165' title='bbox 3208 1584 3309 1655; x_wconf 79' lang='grc' dir='ltr'>ἔφη</span> 
     </span>
    </p>
   </div>
   <div class='ocr_carea' id='block_1_30' title="bbox 944 1745 2191 1817">
    <p class='ocr_par' dir='ltr' id='par_1_30' title="bbox 944 1745 2191 1817">
     <span class='ocr_line' id='line_1_30' title="bbox 944 1745 2191 1817; baseline 0 -19"><span class='ocrx_word' id='word_1_166' title='bbox 944 1745 1295 1817; x_wconf 70' lang='lat' dir='ltr'><strong>&#39;[acitamque</strong></span> <span class='ocrx_word' id='word_1_167' title='bbox 1322 1746 1379 1801; x_wconf 91' lang='lat' dir='ltr'><strong>in</strong></span> <span class='ocrx_word' id='word_1_168' title='bbox 1407 1747 1547 1802; x_wconf 66' lang='lat' dir='ltr'><strong>coelo</strong></span> <span class='ocrx_word' id='word_1_169' title='bbox 1572 1746 1800 1817; x_wconf 84' lang='lat' dir='ltr'><strong>gloriam</strong></span> <span class='ocrx_word' id='word_1_170' title='bbox 1824 1745 2151 1800; x_wconf 87' lang='lat' dir='ltr'><strong>obtinuisset</strong></span> <span class='ocrx_word' id='word_1_171' title='bbox 2179 1763 2191 1798; x_wconf 94' lang='lat'><strong>:</strong></span> 
     </span>
    </p>
   </div>
   <div class='ocr_carea' id='block_1_31' title="bbox 945 1814 2109 1888">
    <p class='ocr_par' dir='ltr' id='par_1_31' title="bbox 945 1814 2109 1888">
     <span class='ocr_line' id='line_1_31' title="bbox 945 1814 2109 1888; baseline -0.001 -19"><span class='ocrx_word' id='word_1_172' title='bbox 945 1814 1041 1888; x_wconf 61' lang='lat' dir='ltr'><strong>[lie</strong></span> <span class='ocrx_word' id='word_1_173' title='bbox 1063 1814 1408 1888; x_wconf 41' lang='lat' dir='ltr'><strong>sunt—causae</strong></span> <span class='ocrx_word' id='word_1_174' title='bbox 1432 1814 1609 1888; x_wconf 79' lang='lat' dir='ltr'><strong>ipsius</strong></span> <span class='ocrx_word' id='word_1_175' title='bbox 1634 1820 1789 1871; x_wconf 86' lang='lat' dir='ltr'><strong>ortus</strong></span> <span class='ocrx_word' id='word_1_176' title='bbox 1814 1824 1867 1888; x_wconf 84' lang='lat' dir='ltr'><strong>et</strong></span> <span class='ocrx_word' id='word_1_177' title='bbox 1893 1817 2109 1888; x_wconf 73' lang='lat' dir='ltr'><strong>mortis.</strong></span> 
     </span>
    </p>
   </div>
   <div class='ocr_carea' id='block_1_32' title="bbox 946 1883 2350 1942">
    <p class='ocr_par' dir='ltr' id='par_1_32' title="bbox 946 1883 2350 1942">
     <span class='ocr_line' id='line_1_32' title="bbox 946 1883 2350 1942; baseline -0.003 -2"><span class='ocrx_word' id='word_1_178' title='bbox 946 1884 1272 1940; x_wconf 90' lang='lat' dir='ltr'><strong>Summatim</strong></span> <span class='ocrx_word' id='word_1_179' title='bbox 1298 1902 1429 1941; x_wconf 90' lang='lat' dir='ltr'><strong>vero</strong></span> <span class='ocrx_word' id='word_1_180' title='bbox 1453 1883 1733 1942; x_wconf 87' lang='lat' dir='ltr'><strong>hominum</strong></span> <span class='ocrx_word' id='word_1_181' title='bbox 1759 1886 1987 1940; x_wconf 78' lang='lat' dir='ltr'><strong>salutem</strong></span> <span class='ocrx_word' id='word_1_182' title='bbox 2019 1886 2117 1938; x_wconf 90' lang='lat' dir='ltr'><strong>tibi</strong></span> <span class='ocrx_word' id='word_1_183' title='bbox 2147 1883 2350 1939; x_wconf 93' lang='lat' dir='ltr'><strong>dicam.</strong></span> 
     </span>
    </p>
   </div>
   <div class='ocr_carea' id='block_1_33' title="bbox 894 1951 2791 2025">
    <p class='ocr_par' dir='ltr' id='par_1_33' title="bbox 894 1951 2791 2025">
     <span class='ocr_line' id='line_1_33' title="bbox 894 1951 2791 2025; baseline 0.002 -17"><span class='ocrx_word' id='word_1_184' title='bbox 894 2024 897 2025; x_wconf 16' lang='grc' dir='ltr'><em>ν</em></span> <span class='ocrx_word' id='word_1_185' title='bbox 1018 1955 1162 2011; x_wconf 87' lang='grc'>1660</span> <span class='ocrx_word' id='word_1_186' title='bbox 1201 1956 1415 2011; x_wconf 78' lang='lat' dir='ltr'><strong>Etenim</strong></span> <span class='ocrx_word' id='word_1_187' title='bbox 1452 1957 1613 2012; x_wconf 90' lang='lat' dir='ltr'><strong>morti</strong></span> <span class='ocrx_word' id='word_1_188' title='bbox 1653 1956 1908 2017; x_wconf 90' lang='lat' dir='ltr'><strong>traditus,</strong></span> <span class='ocrx_word' id='word_1_189' title='bbox 1947 1971 1976 2008; x_wconf 93' lang='lat' dir='ltr'><strong>a</strong></span> <span class='ocrx_word' id='word_1_190' title='bbox 2007 1956 2209 2024; x_wconf 88' lang='lat' dir='ltr'><strong>quibus</strong></span> <span class='ocrx_word' id='word_1_191' title='bbox 2244 1954 2466 2025; x_wconf 87' lang='lat' dir='ltr'><strong>minime</strong></span> <span class='ocrx_word' id='word_1_192' title='bbox 2488 1951 2791 2025; x_wconf 52' lang='lat' dir='ltr'><strong>debuisset.</strong></span> 
     </span>
    </p>
   </div>
   <div class='ocr_carea' id='block_1_34' title="bbox 946 2023 2903 2095">
    <p class='ocr_par' dir='ltr' id='par_1_34' title="bbox 946 2023 2903 2095">
     <span class='ocr_line' id='line_1_34' title="bbox 946 2023 2903 2095; baseline 0.001 -17"><span class='ocrx_word' id='word_1_193' title='bbox 946 2025 1013 2079; x_wconf 87' lang='lat' dir='ltr'><strong>Et</strong></span> <span class='ocrx_word' id='word_1_194' title='bbox 1042 2028 1096 2079; x_wconf 92' lang='lat' dir='ltr'><strong>in</strong></span> <span class='ocrx_word' id='word_1_195' title='bbox 1124 2028 1340 2080; x_wconf 85' lang='lat' dir='ltr'><strong>vincula</strong></span> <span class='ocrx_word' id='word_1_196' title='bbox 1367 2029 1648 2095; x_wconf 89' lang='lat' dir='ltr'><strong>conjectus</strong></span> <span class='ocrx_word' id='word_1_197' title='bbox 1679 2037 1781 2089; x_wconf 90' lang='lat' dir='ltr'><strong>est,</strong></span> <span class='ocrx_word' id='word_1_198' title='bbox 1823 2041 1888 2081; x_wconf 89' lang='lat' dir='ltr'><strong>ac</strong></span> <span class='ocrx_word' id='word_1_199' title='bbox 1910 2023 2073 2080; x_wconf 80' lang='lat' dir='ltr'><strong>verba</strong></span> <span class='ocrx_word' id='word_1_200' title='bbox 2107 2023 2597 2079; x_wconf 89' lang='lat' dir='ltr'><strong>subsannationum</strong></span> <span class='ocrx_word' id='word_1_201' title='bbox 2629 2023 2825 2079; x_wconf 81' lang='lat' dir='ltr'><strong>audiit.</strong></span> <span class='ocrx_word' id='word_1_202' title='bbox 2900 2092 2903 2093; x_wconf 17' lang='grc' dir='ltr'><em>ν</em></span> 
     </span>
    </p>
   </div>
   <div class='ocr_carea' id='block_1_35' title="bbox 945 2095 1810 2167">
    <p class='ocr_par' dir='ltr' id='par_1_35' title="bbox 945 2095 1810 2167">
     <span class='ocr_line' id='line_1_35' title="bbox 945 2095 1810 2167; baseline 0.003 -17"><span class='ocrx_word' id='word_1_203' title='bbox 945 2095 1072 2167; x_wconf 60' lang='lat' dir='ltr'><strong>Huic</strong></span> <span class='ocrx_word' id='word_1_204' title='bbox 1100 2098 1335 2167; x_wconf 91' lang='lat' dir='ltr'><strong>populus</strong></span> <span class='ocrx_word' id='word_1_205' title='bbox 1365 2107 1523 2153; x_wconf 83' lang='lat' dir='ltr'><strong>antea</strong></span> <span class='ocrx_word' id='word_1_206' title='bbox 1554 2097 1810 2167; x_wconf 86' lang='lat' dir='ltr'><strong>dilectus,</strong></span> 
     </span>
    </p>
   </div>
   <div class='ocr_carea' id='block_1_36' title="bbox 944 2163 2196 2235">
    <p class='ocr_par' dir='ltr' id='par_1_36' title="bbox 944 2163 2196 2235">
     <span class='ocr_line' id='line_1_36' title="bbox 944 2163 2196 2235; baseline 0 -16"><span class='ocrx_word' id='word_1_207' title='bbox 944 2163 1152 2219; x_wconf 85' lang='lat' dir='ltr'><strong>Invidia</strong></span> <span class='ocrx_word' id='word_1_208' title='bbox 1174 2163 1506 2228; x_wconf 66' lang='lat' dir='ltr'><strong>excaecatus.</strong></span> <span class='ocrx_word' id='word_1_209' title='bbox 1538 2165 1874 2221; x_wconf 86' lang='lat' dir='ltr'><strong>benefactori</strong></span> <span class='ocrx_word' id='word_1_210' title='bbox 1910 2163 2196 2235; x_wconf 81' lang='lat' dir='ltr'><strong>rependit:</strong></span> 
     </span>
    </p>
   </div>
   <div class='ocr_carea' id='block_1_37' title="bbox 944 2235 2087 2306">
    <p class='ocr_par' dir='ltr' id='par_1_37' title="bbox 944 2235 2087 2306">
     <span class='ocr_line' id='line_1_37' title="bbox 944 2235 2087 2306; baseline -0.001 -17"><span class='ocrx_word' id='word_1_211' title='bbox 944 2235 1010 2289; x_wconf 87' lang='lat' dir='ltr'><strong>Et</strong></span> <span class='ocrx_word' id='word_1_212' title='bbox 1040 2237 1155 2306; x_wconf 73' lang='lat' dir='ltr'><strong>haec</strong></span> <span class='ocrx_word' id='word_1_213' title='bbox 1182 2238 1400 2306; x_wconf 89' lang='lat' dir='ltr'><strong>quidem</strong></span> <span class='ocrx_word' id='word_1_214' title='bbox 1432 2252 1542 2291; x_wconf 91' lang='lat' dir='ltr'><strong>non</strong></span> <span class='ocrx_word' id='word_1_215' title='bbox 1579 2237 1782 2293; x_wconf 82' lang='lat' dir='ltr'><strong>invitus</strong></span> <span class='ocrx_word' id='word_1_216' title='bbox 1815 2237 2087 2306; x_wconf 84' lang='lat' dir='ltr'><strong>toleravit.</strong></span> 
     </span>
    </p>
   </div>
   <div class='ocr_carea' id='block_1_38' title="bbox 944 2305 2714 2377">
    <p class='ocr_par' dir='ltr' id='par_1_38' title="bbox 944 2305 2714 2377">
     <span class='ocr_line' id='line_1_38' title="bbox 944 2305 2714 2377; baseline 0 -18"><span class='ocrx_word' id='word_1_217' title='bbox 944 2306 1086 2377; x_wconf 66' lang='grc'>1665</span> <span class='ocrx_word' id='word_1_218' title='bbox 1123 2305 1254 2372; x_wconf 72' lang='lat' dir='ltr'><strong>Qua:</strong></span> <span class='ocrx_word' id='word_1_219' title='bbox 1290 2315 1472 2361; x_wconf 90' lang='lat' dir='ltr'><strong>autem</strong></span> <span class='ocrx_word' id='word_1_220' title='bbox 1498 2308 1640 2377; x_wconf 89' lang='lat' dir='ltr'><strong>mala</strong></span> <span class='ocrx_word' id='word_1_221' title='bbox 1671 2308 1931 2377; x_wconf 88' lang='lat' dir='ltr'><strong>populum</strong></span> <span class='ocrx_word' id='word_1_222' title='bbox 1956 2305 2067 2375; x_wconf 92' lang='lat' dir='ltr'><strong>pati</strong></span> <span class='ocrx_word' id='word_1_223' title='bbox 2099 2311 2332 2375; x_wconf 88' lang='lat' dir='ltr'><strong>oportet,</strong></span> <span class='ocrx_word' id='word_1_224' title='bbox 2364 2321 2475 2360; x_wconf 90' lang='lat' dir='ltr'><strong>non</strong></span> <span class='ocrx_word' id='word_1_225' title='bbox 2507 2305 2714 2360; x_wconf 74' lang='lat' dir='ltr'><strong>celabo.</strong></span> 
     </span>
    </p>
   </div>
   <div class='ocr_carea' id='block_1_39' title="bbox 942 2374 2267 2445">
    <p class='ocr_par' dir='ltr' id='par_1_39' title="bbox 942 2374 2267 2445">
     <span class='ocr_line' id='line_1_39' title="bbox 942 2374 2267 2445; baseline -0.001 -15"><span class='ocrx_word' id='word_1_226' title='bbox 942 2374 1148 2431; x_wconf 85' lang='lat' dir='ltr'><strong>Urbem</strong></span> <span class='ocrx_word' id='word_1_227' title='bbox 1182 2378 1475 2445; x_wconf 87' lang='lat' dir='ltr'><strong>relinquet,</strong></span> <span class='ocrx_word' id='word_1_228' title='bbox 1504 2374 1763 2431; x_wconf 81' lang='lat' dir='ltr'><strong>Barbaris</strong></span> <span class='ocrx_word' id='word_1_229' title='bbox 1789 2374 2012 2437; x_wconf 87' lang='lat' dir='ltr'><strong>cedens,</strong></span> <span class='ocrx_word' id='word_1_230' title='bbox 2040 2377 2267 2435; x_wconf 86' lang='lat' dir='ltr'><strong>invitus,</strong></span> 
     </span>
    </p>
   </div>
   <div class='ocr_carea' id='block_1_40' title="bbox 944 2442 2602 2507">
    <p class='ocr_par' dir='ltr' id='par_1_40' title="bbox 944 2442 2602 2507">
     <span class='ocr_line' id='line_1_40' title="bbox 944 2442 2602 2507; baseline -0.002 -6"><span class='ocrx_word' id='word_1_231' title='bbox 944 2446 1172 2507; x_wconf 91' lang='lat' dir='ltr'><strong>Servus,</strong></span> <span class='ocrx_word' id='word_1_232' title='bbox 1206 2448 1316 2501; x_wconf 90' lang='lat' dir='ltr'><strong>alio</strong></span> <span class='ocrx_word' id='word_1_233' title='bbox 1338 2442 1598 2502; x_wconf 80' lang='lat' dir='ltr'><strong>extorris.</strong></span> <span class='ocrx_word' id='word_1_234' title='bbox 1632 2445 1687 2500; x_wconf 92' lang='lat' dir='ltr'><strong>Id</strong></span> <span class='ocrx_word' id='word_1_235' title='bbox 1719 2448 1862 2501; x_wconf 91' lang='lat' dir='ltr'><strong>enim</strong></span> <span class='ocrx_word' id='word_1_236' title='bbox 1893 2447 2158 2500; x_wconf 88' lang='lat' dir='ltr'><strong>divinitus</strong></span> <span class='ocrx_word' id='word_1_237' title='bbox 2185 2452 2271 2499; x_wconf 88' lang='lat' dir='ltr'><strong>est</strong></span> <span class='ocrx_word' id='word_1_238' title='bbox 2299 2442 2602 2507; x_wconf 87' lang='lat' dir='ltr'><strong>decretum,</strong></span> 
     </span>
    </p>
   </div>
   <div class='ocr_carea' id='block_1_41' title="bbox 940 2514 2512 2586">
    <p class='ocr_par' dir='ltr' id='par_1_41' title="bbox 940 2514 2512 2586">
     <span class='ocr_line' id='line_1_41' title="bbox 940 2514 2512 2586; baseline -0.001 -15"><span class='ocrx_word' id='word_1_239' title='bbox 940 2516 1051 2571; x_wconf 89' lang='lat' dir='ltr'><strong>Eos</strong></span> <span class='ocrx_word' id='word_1_240' title='bbox 1086 2517 1142 2570; x_wconf 92' lang='lat' dir='ltr'><strong>in</strong></span> <span class='ocrx_word' id='word_1_241' title='bbox 1174 2532 1391 2571; x_wconf 92' lang='lat' dir='ltr'><strong>omnem</strong></span> <span class='ocrx_word' id='word_1_242' title='bbox 1423 2517 1790 2571; x_wconf 84' lang='lat' dir='ltr'><strong>Barbarorum</strong></span> <span class='ocrx_word' id='word_1_243' title='bbox 1820 2519 2021 2571; x_wconf 69' lang='lat' dir='ltr'><strong>terram</strong></span> <span class='ocrx_word' id='word_1_244' title='bbox 2046 2531 2214 2586; x_wconf 87' lang='lat' dir='ltr'><strong>prope</strong></span> <span class='ocrx_word' id='word_1_245' title='bbox 2245 2514 2512 2576; x_wconf 87' lang='lat' dir='ltr'><strong>abituros,</strong></span> 
     </span>
    </p>
   </div>
   <div class='ocr_carea' id='block_1_42' title="bbox 938 2587 2245 2657">
    <p class='ocr_par' dir='ltr' id='par_1_42' title="bbox 938 2587 2245 2657">
     <span class='ocr_line' id='line_1_42' title="bbox 938 2587 2245 2657; baseline -0.002 -17"><span class='ocrx_word' id='word_1_246' title='bbox 938 2587 1436 2657; x_wconf 26' lang='grc' dir='ltr'>ᾼτηιὶεᾉευὺιιρῑοε,</span> <span class='ocrx_word' id='word_1_247' title='bbox 1462 2589 1729 2657; x_wconf 88' lang='lat' dir='ltr'><strong>pluraque</strong></span> <span class='ocrx_word' id='word_1_248' title='bbox 1759 2601 2050 2656; x_wconf 87' lang='lat' dir='ltr'><strong>perpessos</strong></span> <span class='ocrx_word' id='word_1_249' title='bbox 2080 2588 2245 2640; x_wconf 90' lang='lat' dir='ltr'><strong>mala.</strong></span> 
     </span>
    </p>
   </div>
   <div class='ocr_carea' id='block_1_43' title="bbox 944 2654 2438 2780">
    <p class='ocr_par' dir='ltr' id='par_1_43' title="bbox 944 2654 2438 2780">
     <span class='ocr_line' id='line_1_43' title="bbox 944 2654 2438 2780; baseline -0.007 -62"><span class='ocrx_word' id='word_1_250' title='bbox 944 2654 1406 2780; x_wconf 57' lang='grc' dir='ltr'><strong>ὗ304-1305</strong></span> <span class='ocrx_word' id='word_1_251' title='bbox 1445 2654 1585 2711; x_wconf 63' lang='grc'>1⁷670</span> <span class='ocrx_word' id='word_1_252' title='bbox 1616 2654 1822 2740; x_wconf 44' lang='lat' dir='ltr'><strong>.Omnes</strong></span> <span class='ocrx_word' id='word_1_253' title='bbox 1854 2654 1943 2738; x_wconf 77' lang='lat' dir='ltr'><strong>qui</strong></span> <span class='ocrx_word' id='word_1_254' title='bbox 1974 2657 2334 2737; x_wconf 80' lang='lat' dir='ltr'><strong>sustulerunt,</strong></span> <span class='ocrx_word' id='word_1_255' title='bbox 2372 2655 2438 2710; x_wconf 89' lang='lat' dir='ltr'><strong>ist</strong></span> 
     </span>
     <span class='ocr_line' id='line_1_44' title="bbox 998 2726 2400 2780; baseline -0.001 0"><span class='ocrx_word' id='word_1_256' title='bbox 998 2736 1147 2780; x_wconf 87' lang='lat' dir='ltr'><strong>rbem</strong></span> <span class='ocrx_word' id='word_1_257' title='bbox 1180 2732 1417 2780; x_wconf 88' lang='lat' dir='ltr'><strong>deserat.</strong></span> <span class='ocrx_word' id='word_1_258' title='bbox 1450 2736 1503 2780; x_wconf 90' lang='lat' dir='ltr'><strong>et</strong></span> <span class='ocrx_word' id='word_1_259' title='bbox 1536 2728 1702 2780; x_wconf 83' lang='lat' dir='ltr'><strong>hUIllS</strong></span> <span class='ocrx_word' id='word_1_260' title='bbox 1737 2726 1946 2780; x_wconf 77' lang='lat' dir='ltr'><strong>Infandt</strong></span> <span class='ocrx_word' id='word_1_261' title='bbox 1978 2727 2201 2780; x_wconf 77' lang='lat' dir='ltr'><strong>sceleris</strong></span> <span class='ocrx_word' id='word_1_262' title='bbox 2234 2740 2400 2779; x_wconf 85' lang='lat' dir='ltr'><strong>causa</strong></span> 
     </span>
    </p>
   </div>
   <div class='ocr_carea' id='block_1_44' title="bbox 2124 2654 3318 2780">
    <p class='ocr_par' dir='ltr' id='par_1_44' title="bbox 2124 2654 3318 2779">
     <span class='ocr_line' id='line_1_45' title="bbox 2124 2654 3318 2737; baseline 0.002 -29"><span class='ocrx_word' id='word_1_263' title='bbox 2124 2657 2334 2737; x_wconf 62' lang='lat' dir='ltr'><strong>llerunt,</strong></span> <span class='ocrx_word' id='word_1_264' title='bbox 2372 2654 2519 2710; x_wconf 90' lang='lat' dir='ltr'><strong>istud</strong></span> <span class='ocrx_word' id='word_1_265' title='bbox 2554 2662 2757 2721; x_wconf 80' lang='lat' dir='ltr'><strong>manet,</strong></span> <span class='ocrx_word' id='word_1_266' title='bbox 2790 2668 2848 2711; x_wconf 93' lang='lat' dir='ltr'><strong>ut</strong></span> <span class='ocrx_word' id='word_1_267' title='bbox 2877 2656 3030 2727; x_wconf 84' lang='lat' dir='ltr'><strong>plebs</strong></span> <span class='ocrx_word' id='word_1_268' title='bbox 3063 2658 3318 2711; x_wconf 89' lang='lat' dir='ltr'><strong>universa</strong></span> 
     </span>
     <span class='ocr_line' id='line_1_46' title="bbox 2126 2740 2400 2779; baseline 0 0"><span class='ocrx_word' id='word_1_269' title='bbox 2126 2742 2201 2779; x_wconf 74' lang='grc' dir='ltr'>ηδ</span> <span class='ocrx_word' id='word_1_270' title='bbox 2234 2740 2400 2779; x_wconf 85' lang='lat' dir='ltr'><strong>causa</strong></span> 
     </span>
    </p>
   </div>
   <div class='ocr_carea' id='block_1_45' title="bbox 998 2726 2400 2797">
    <p class='ocr_par' dir='ltr' id='par_1_45' title="bbox 998 2726 2400 2797">
     <span class='ocr_line' id='line_1_47' title="bbox 998 2726 2400 2797; baseline -0.001 -17"><span class='ocrx_word' id='word_1_271' title='bbox 998 2726 1147 2781; x_wconf 88' lang='lat' dir='ltr'><strong>rbem</strong></span> <span class='ocrx_word' id='word_1_272' title='bbox 1180 2726 1417 2791; x_wconf 83' lang='lat' dir='ltr'><strong>deserat,</strong></span> <span class='ocrx_word' id='word_1_273' title='bbox 1450 2736 1503 2783; x_wconf 91' lang='lat' dir='ltr'><strong>et</strong></span> <span class='ocrx_word' id='word_1_274' title='bbox 1536 2728 1702 2797; x_wconf 89' lang='lat' dir='ltr'><strong>hujus</strong></span> <span class='ocrx_word' id='word_1_275' title='bbox 1737 2726 1946 2797; x_wconf 84' lang='lat' dir='ltr'><strong>infandi</strong></span> <span class='ocrx_word' id='word_1_276' title='bbox 1978 2727 2201 2780; x_wconf 90' lang='lat' dir='ltr'><strong>sceleris</strong></span> <span class='ocrx_word' id='word_1_277' title='bbox 2234 2740 2400 2779; x_wconf 89' lang='lat' dir='ltr'><strong>eausa</strong></span> 
     </span>
    </p>
   </div>
   <div class='ocr_carea' id='block_1_46' title="bbox 942 2795 2250 2867">
    <p class='ocr_par' dir='ltr' id='par_1_46' title="bbox 942 2795 2250 2867">
     <span class='ocr_line' id='line_1_48' title="bbox 942 2795 2250 2867; baseline -0.002 -15"><span class='ocrx_word' id='word_1_278' title='bbox 942 2795 1145 2867; x_wconf 57' lang='lat' dir='ltr'><strong>Plenas</strong></span> <span class='ocrx_word' id='word_1_279' title='bbox 1177 2798 1226 2851; x_wconf 91' lang='lat' dir='ltr'><strong>ei</strong></span> <span class='ocrx_word' id='word_1_280' title='bbox 1256 2798 1392 2859; x_wconf 88' lang='lat' dir='ltr'><strong>luat,</strong></span> <span class='ocrx_word' id='word_1_281' title='bbox 1421 2795 1710 2867; x_wconf 84' lang='lat' dir='ltr'><strong>quemper</strong></span> <span class='ocrx_word' id='word_1_282' title='bbox 1739 2796 1996 2867; x_wconf 86' lang='lat' dir='ltr'><strong>invidiam</strong></span> <span class='ocrx_word' id='word_1_283' title='bbox 2025 2796 2250 2858; x_wconf 91' lang='lat' dir='ltr'><strong>occidit,</strong></span> 
     </span>
    </p>
   </div>
   <div class='ocr_carea' id='block_1_47' title="bbox 942 2866 2209 2936">
    <p class='ocr_par' dir='ltr' id='par_1_47' title="bbox 942 2866 2209 2936">
     <span class='ocr_line' id='line_1_49' title="bbox 942 2866 2209 2936; baseline -0.002 -15"><span class='ocrx_word' id='word_1_284' title='bbox 942 2866 1057 2923; x_wconf 85' lang='lat' dir='ltr'><strong>Nec</strong></span> <span class='ocrx_word' id='word_1_285' title='bbox 1085 2867 1227 2919; x_wconf 91' lang='lat' dir='ltr'><strong>ultra</strong></span> <span class='ocrx_word' id='word_1_286' title='bbox 1251 2866 1483 2936; x_wconf 84' lang='lat' dir='ltr'><strong>patriam</strong></span> <span class='ocrx_word' id='word_1_287' title='bbox 1514 2866 1698 2922; x_wconf 87' lang='lat' dir='ltr'><strong>videat</strong></span> <span class='ocrx_word' id='word_1_288' title='bbox 1725 2886 1737 2920; x_wconf 94' lang='lat'><strong>:</strong></span> <span class='ocrx_word' id='word_1_289' title='bbox 1768 2866 1925 2921; x_wconf 84' lang='lat' dir='ltr'><strong>nefas</strong></span> <span class='ocrx_word' id='word_1_290' title='bbox 1954 2867 2097 2919; x_wconf 91' lang='lat' dir='ltr'><strong>enim</strong></span> <span class='ocrx_word' id='word_1_291' title='bbox 2126 2876 2209 2920; x_wconf 84' lang='lat' dir='ltr'><strong>est</strong></span> 
     </span>
    </p>
   </div>
   <div class='ocr_carea' id='block_1_48' title="bbox 948 2936 2765 3005">
    <p class='ocr_par' dir='ltr' id='par_1_48' title="bbox 948 2936 2765 3005">
     <span class='ocr_line' id='line_1_50' title="bbox 948 2936 2765 3005; baseline 0.001 -16"><span class='ocrx_word' id='word_1_292' title='bbox 948 2936 1264 2991; x_wconf 78' lang='lat' dir='ltr'><strong>llomicidas</strong></span> <span class='ocrx_word' id='word_1_293' title='bbox 1296 2938 1352 2991; x_wconf 89' lang='lat' dir='ltr'><strong>in</strong></span> <span class='ocrx_word' id='word_1_294' title='bbox 1387 2938 1612 2991; x_wconf 91' lang='lat' dir='ltr'><strong>tumulis</strong></span> <span class='ocrx_word' id='word_1_295' title='bbox 1637 2952 1850 3001; x_wconf 92' lang='lat' dir='ltr'><strong>eorum,</strong></span> <span class='ocrx_word' id='word_1_296' title='bbox 1882 2951 2023 3005; x_wconf 86' lang='lat' dir='ltr'><strong>quos</strong></span> <span class='ocrx_word' id='word_1_297' title='bbox 2053 2936 2395 3002; x_wconf 88' lang='lat' dir='ltr'><strong>occiderunt,</strong></span> <span class='ocrx_word' id='word_1_298' title='bbox 2426 2951 2765 3005; x_wconf 88' lang='lat' dir='ltr'><strong>permanere.</strong></span> 
     </span>
    </p>
   </div>
   <div class='ocr_carea' id='block_1_49' title="bbox 949 3006 2194 3077">
    <p class='ocr_par' dir='ltr' id='par_1_49' title="bbox 949 3006 2194 3077">
     <span class='ocr_line' id='line_1_51' title="bbox 949 3006 2194 3077; baseline -0.002 -16"><span class='ocrx_word' id='word_1_299' title='bbox 949 3007 1091 3077; x_wconf 78' lang='grc'>1675</span> <span class='ocrx_word' id='word_1_300' title='bbox 1131 3006 1328 3061; x_wconf 84' lang='lat' dir='ltr'><strong>Multas</strong></span> <span class='ocrx_word' id='word_1_301' title='bbox 1354 3008 1409 3061; x_wconf 91' lang='lat' dir='ltr'><strong>in</strong></span> <span class='ocrx_word' id='word_1_302' title='bbox 1439 3008 1601 3062; x_wconf 88' lang='lat' dir='ltr'><strong>urbes</strong></span> <span class='ocrx_word' id='word_1_303' title='bbox 1620 3008 1981 3077; x_wconf 85' lang='lat' dir='ltr'><strong>deducentur,</strong></span> <span class='ocrx_word' id='word_1_304' title='bbox 2003 3006 2194 3077; x_wconf 86' lang='lat' dir='ltr'><strong>jugum</strong></span> 
     </span>
    </p>
   </div>
   <div class='ocr_carea' id='block_1_50' title="bbox 950 3076 1829 3146">
    <p class='ocr_par' dir='ltr' id='par_1_50' title="bbox 950 3076 1829 3146">
     <span class='ocr_line' id='line_1_52' title="bbox 950 3076 1829 3146; baseline -0.003 -14"><span class='ocrx_word' id='word_1_305' title='bbox 950 3076 1158 3133; x_wconf 84' lang='lat' dir='ltr'><strong>Servile</strong></span> <span class='ocrx_word' id='word_1_306' title='bbox 1189 3076 1591 3146; x_wconf 90' lang='lat' dir='ltr'><strong>protrahentes,</strong></span> <span class='ocrx_word' id='word_1_307' title='bbox 1624 3076 1829 3141; x_wconf 88' lang='lat' dir='ltr'><strong>miseri,</strong></span> 
     </span>
    </p>
   </div>
   <div class='ocr_carea' id='block_1_51' title="bbox 946 3143 2176 3214">
    <p class='ocr_par' dir='ltr' id='par_1_51' title="bbox 946 3143 2176 3214">
     <span class='ocr_line' id='line_1_53' title="bbox 946 3143 2176 3214; baseline -0.001 -14"><span class='ocrx_word' id='word_1_308' title='bbox 946 3148 1129 3202; x_wconf 83' lang='lat' dir='ltr'><strong>Armis</strong></span> <span class='ocrx_word' id='word_1_309' title='bbox 1158 3143 1390 3212; x_wconf 78' lang='lat' dir='ltr'><strong>subacti,</strong></span> <span class='ocrx_word' id='word_1_310' title='bbox 1421 3155 1480 3200; x_wconf 95' lang='lat' dir='ltr'><strong>ut</strong></span> <span class='ocrx_word' id='word_1_311' title='bbox 1510 3146 1710 3201; x_wconf 89' lang='lat' dir='ltr'><strong>cecinit</strong></span> <span class='ocrx_word' id='word_1_312' title='bbox 1740 3146 2022 3201; x_wconf 91' lang='lat' dir='ltr'><strong>oraculum</strong></span> <span class='ocrx_word' id='word_1_313' title='bbox 2061 3143 2176 3214; x_wconf 89' lang='lat' dir='ltr'><strong>Dei,</strong></span> 
     </span>
    </p>
   </div>
   <div class='ocr_carea' id='block_1_52' title="bbox 949 3217 2057 3288">
    <p class='ocr_par' dir='ltr' id='par_1_52' title="bbox 949 3217 2057 3288">
     <span class='ocr_line' id='line_1_54' title="bbox 949 3217 2057 3288; baseline -0.003 -16"><span class='ocrx_word' id='word_1_314' title='bbox 949 3217 1161 3288; x_wconf 89' lang='lat' dir='ltr'><strong>Ubique</strong></span> <span class='ocrx_word' id='word_1_315' title='bbox 1184 3218 1442 3287; x_wconf 86' lang='lat' dir='ltr'><strong>dispersi,</strong></span> <span class='ocrx_word' id='word_1_316' title='bbox 1479 3217 1918 3288; x_wconf 13' lang='lat' dir='ltr'><strong>nequenamplius</strong></span> <span class='ocrx_word' id='word_1_317' title='bbox 1951 3218 2057 3288; x_wconf 82' lang='lat' dir='ltr'><strong>erit</strong></span> 
     </span>
    </p>
   </div>
   <div class='ocr_carea' id='block_1_53' title="bbox 945 3286 2086 3357">
    <p class='ocr_par' dir='ltr' id='par_1_53' title="bbox 945 3286 2086 3357">
     <span class='ocr_line' id='line_1_55' title="bbox 945 3286 2086 3357; baseline 0 -17"><span class='ocrx_word' id='word_1_318' title='bbox 945 3286 1418 3357; x_wconf 39' lang='lat' dir='ltr'><strong>lnfel’icibus&#39;spes</strong></span> <span class='ocrx_word' id='word_1_319' title='bbox 1451 3288 1505 3340; x_wconf 92' lang='lat' dir='ltr'><strong>in</strong></span> <span class='ocrx_word' id='word_1_320' title='bbox 1537 3287 1770 3356; x_wconf 89' lang='lat' dir='ltr'><strong>patriam</strong></span> <span class='ocrx_word' id='word_1_321' title='bbox 1801 3286 2086 3349; x_wconf 86' lang='lat' dir='ltr'><strong>redeundi,</strong></span> 
     </span>
    </p>
   </div>
   <div class='ocr_carea' id='block_1_54' title="bbox 947 3356 2376 3424">
    <p class='ocr_par' dir='ltr' id='par_1_54' title="bbox 947 3356 2376 3424">
     <span class='ocr_line' id='line_1_56' title="bbox 947 3356 2376 3424; baseline -0.001 -13"><span class='ocrx_word' id='word_1_322' title='bbox 947 3358 1088 3411; x_wconf 85' lang='grc'>1680</span> <span class='ocrx_word' id='word_1_323' title='bbox 1128 3357 1204 3411; x_wconf 85' lang='lat' dir='ltr'><strong>Ex</strong></span> <span class='ocrx_word' id='word_1_324' title='bbox 1230 3356 1338 3424; x_wconf 90' lang='lat' dir='ltr'><strong>quo</strong></span> <span class='ocrx_word' id='word_1_325' title='bbox 1362 3372 1486 3411; x_wconf 92' lang='lat' dir='ltr'><strong>cum</strong></span> <span class='ocrx_word' id='word_1_326' title='bbox 1520 3357 1761 3411; x_wconf 82' lang='lat' dir='ltr'><strong>exercitu</strong></span> <span class='ocrx_word' id='word_1_327' title='bbox 1797 3356 2178 3411; x_wconf 88' lang='lat' dir='ltr'><strong>innumerabili</strong></span> <span class='ocrx_word' id='word_1_328' title='bbox 2207 3357 2376 3412; x_wconf 89' lang='lat' dir='ltr'><strong>irruet</strong></span> 
     </span>
    </p>
   </div>
   <div class='ocr_carea' id='block_1_55' title="bbox 945 3426 2296 3495">
    <p class='ocr_par' dir='ltr' id='par_1_55' title="bbox 945 3426 2296 3495">
     <span class='ocr_line' id='line_1_57' title="bbox 945 3426 2296 3495; baseline 0 -15"><span class='ocrx_word' id='word_1_329' title='bbox 945 3428 1221 3481; x_wconf 83' lang='lat' dir='ltr'><strong>Advolans</strong></span> <span class='ocrx_word' id='word_1_330' title='bbox 1243 3427 1613 3482; x_wconf 84' lang='lat' dir='ltr'><strong>Romanarum</strong></span> <span class='ocrx_word' id='word_1_331' title='bbox 1642 3426 1951 3479; x_wconf 90' lang='lat' dir='ltr'><strong>cohortium</strong></span> <span class='ocrx_word' id='word_1_332' title='bbox 1984 3428 2296 3495; x_wconf 87' lang='lat' dir='ltr'><strong>imperator.</strong></span> 
     </span>
    </p>
   </div>
   <div class='ocr_carea' id='block_1_56' title="bbox 945 3495 2613 3568">
    <p class='ocr_par' dir='ltr' id='par_1_56' title="bbox 945 3495 2613 3568">
     <span class='ocr_line' id='line_1_58' title="bbox 945 3495 2613 3568; baseline 0 -17"><span class='ocrx_word' id='word_1_333' title='bbox 945 3496 1064 3552; x_wconf 88' lang='lat' dir='ltr'><strong>Non</strong></span> <span class='ocrx_word' id='word_1_334' title='bbox 1091 3506 1245 3568; x_wconf 89' lang='lat' dir='ltr'><strong>patre</strong></span> <span class='ocrx_word' id='word_1_335' title='bbox 1273 3497 1489 3550; x_wconf 82' lang='lat' dir='ltr'><strong>mortali</strong></span> <span class='ocrx_word' id='word_1_336' title='bbox 1529 3503 1714 3560; x_wconf 87' lang='lat' dir='ltr'><strong>natus,</strong></span> <span class='ocrx_word' id='word_1_337' title='bbox 1746 3495 1841 3550; x_wconf 88' lang='lat' dir='ltr'><strong>sed</strong></span> <span class='ocrx_word' id='word_1_338' title='bbox 1875 3511 1905 3548; x_wconf 92' lang='lat' dir='ltr'><strong>a</strong></span> <span class='ocrx_word' id='word_1_339' title='bbox 1938 3496 2047 3550; x_wconf 86' lang='lat' dir='ltr'><strong>Deo</strong></span> <span class='ocrx_word' id='word_1_340' title='bbox 2073 3503 2310 3566; x_wconf 85' lang='lat' dir='ltr'><strong>genitus,</strong></span> <span class='ocrx_word' id='word_1_341' title='bbox 2339 3497 2454 3550; x_wconf 70' lang='lat' dir='ltr'><strong>hare</strong></span> <span class='ocrx_word' id='word_1_342' title='bbox 2484 3497 2613 3568; x_wconf 83' lang='lat' dir='ltr'><strong>egit,</strong></span> 
     </span>
    </p>
   </div>
   <div class='ocr_carea' id='block_1_57' title="bbox 522 3648 2022 3724">
    <p class='ocr_par' dir='ltr' id='par_1_57' title="bbox 522 3648 2022 3724">
     <span class='ocr_line' id='line_1_59' title="bbox 522 3648 2022 3724; baseline -0.003 -15"><span class='ocrx_word' id='word_1_343' title='bbox 522 3655 659 3710; x_wconf 87' lang='lat'><strong>1667</strong></span> <span class='ocrx_word' id='word_1_344' title='bbox 688 3656 856 3709; x_wconf 81' lang='grc' dir='ltr'>Ἔστι</span> <span class='ocrx_word' id='word_1_345' title='bbox 902 3654 1013 3724; x_wconf 73' lang='grc' dir='ltr'>γὰρ</span> <span class='ocrx_word' id='word_1_346' title='bbox 1051 3653 1116 3707; x_wconf 83' lang='grc' dir='ltr'>τὸ</span> <span class='ocrx_word' id='word_1_347' title='bbox 1159 3652 1483 3721; x_wconf 65' lang='grc' dir='ltr'>θέσφατον.</span> <span class='ocrx_word' id='word_1_348' title='bbox 1536 3648 1616 3724; x_wconf 71' lang='lat' dir='ltr'><strong>lla</strong></span> <span class='ocrx_word' id='word_1_349' title='bbox 1667 3650 1779 3705; x_wconf 84' lang='lat' dir='ltr'><strong>fere</strong></span> <span class='ocrx_word' id='word_1_350' title='bbox 1823 3650 2022 3724; x_wconf 76' lang='lat' dir='ltr'><strong>Bacch.</strong></span> 
     </span>
    </p>
   </div>
   <div class='ocr_carea' id='block_1_58' title="bbox 449 3721 2026 3791">
    <p class='ocr_par' dir='ltr' id='par_1_58' title="bbox 449 3721 2026 3791">
     <span class='ocr_line' id='line_1_60' title="bbox 449 3721 2026 3791; baseline -0.003 -11"><span class='ocrx_word' id='word_1_351' title='bbox 449 3741 505 3780; x_wconf 75' lang='grc' dir='ltr'>ν.</span> <span class='ocrx_word' id='word_1_352' title='bbox 529 3728 688 3791; x_wconf 72' lang='grc'>1552,</span> <span class='ocrx_word' id='word_1_353' title='bbox 716 3721 1102 3787; x_wconf 82' lang='lat' dir='ltr'><strong>etc.,Cadmus</strong></span> <span class='ocrx_word' id='word_1_354' title='bbox 1126 3724 1377 3778; x_wconf 78' lang='lat' dir='ltr'><strong>exsilium</strong></span> <span class='ocrx_word' id='word_1_355' title='bbox 1397 3736 1557 3775; x_wconf 79' lang='lat' dir='ltr'><strong>suum</strong></span> <span class='ocrx_word' id='word_1_356' title='bbox 1578 3722 1791 3790; x_wconf 81' lang='lat' dir='ltr'><strong>lugens,</strong></span> <span class='ocrx_word' id='word_1_357' title='bbox 1808 3721 2026 3790; x_wconf 83' lang='lat' dir='ltr'><strong>Agaven</strong></span> 
     </span>
    </p>
   </div>
   <div class='ocr_carea' id='block_1_59' title="bbox 451 3792 1971 3866">
    <p class='ocr_par' dir='ltr' id='par_1_59' title="bbox 451 3792 1971 3866">
     <span class='ocr_line' id='line_1_61' title="bbox 451 3792 1971 3866; baseline -0.003 -18"><span class='ocrx_word' id='word_1_358' title='bbox 451 3812 574 3866; x_wconf 71' lang='lat' dir='ltr'><strong>quae</strong></span> <span class='ocrx_word' id='word_1_359' title='bbox 595 3795 1092 3866; x_wconf 13' lang='lat' dir='ltr'><strong>Pentheumnlilium</strong></span> <span class='ocrx_word' id='word_1_360' title='bbox 1117 3809 1275 3866; x_wconf 83' lang='lat' dir='ltr'><strong>suum</strong></span> <span class='ocrx_word' id='word_1_361' title='bbox 1304 3801 1614 3855; x_wconf 88' lang='lat' dir='ltr'><strong>necaverat,</strong></span> <span class='ocrx_word' id='word_1_362' title='bbox 1645 3792 1971 3860; x_wconf 91' lang='lat' dir='ltr'><strong>alloquitur:</strong></span> 
     </span>
    </p>
   </div>
   <div class='ocr_carea' id='block_1_60' title="bbox 526 3862 1458 3933">
    <p class='ocr_par' dir='ltr' id='par_1_60' title="bbox 526 3862 1458 3933">
     <span class='ocr_line' id='line_1_62' title="bbox 526 3862 1458 3933; baseline -0.008 -13"><span class='ocrx_word' id='word_1_363' title='bbox 526 3908 542 3921; x_wconf 94' lang='lat'><strong>.</strong></span> <span class='ocrx_word' id='word_1_364' title='bbox 586 3906 602 3919; x_wconf 93' lang='lat'><strong>.</strong></span> <span class='ocrx_word' id='word_1_365' title='bbox 645 3904 662 3919; x_wconf 94' lang='lat'><strong>.</strong></span> <span class='ocrx_word' id='word_1_366' title='bbox 705 3906 719 3919; x_wconf 93' lang='lat'><strong>.</strong></span> <span class='ocrx_word' id='word_1_367' title='bbox 748 3867 871 3917; x_wconf 83' lang='grc' dir='ltr'><strong>Ἔτι</strong></span> <span class='ocrx_word' id='word_1_368' title='bbox 896 3865 953 3917; x_wconf 87' lang='grc' dir='ltr'><strong>δέ</strong></span> <span class='ocrx_word' id='word_1_369' title='bbox 987 3882 1075 3933; x_wconf 89' lang='grc' dir='ltr'><strong>μοι</strong></span> <span class='ocrx_word' id='word_1_370' title='bbox 1103 3864 1164 3916; x_wconf 85' lang='grc' dir='ltr'><strong>τὸ</strong></span> <span class='ocrx_word' id='word_1_371' title='bbox 1194 3862 1458 3930; x_wconf 83' lang='grc' dir='ltr'>θέσφατον</span> 
     </span>
    </p>
   </div>
   <div class='ocr_carea' id='block_1_61' title="bbox 521 3931 1939 4003">
    <p class='ocr_par' dir='ltr' id='par_1_61' title="bbox 521 3931 1939 4003">
     <span class='ocr_line' id='line_1_63' title="bbox 521 3931 1939 4003; baseline -0.006 -13"><span class='ocrx_word' id='word_1_372' title='bbox 521 3938 618 4000; x_wconf 80' lang='grc' dir='ltr'><strong>Εἰς</strong></span> <span class='ocrx_word' id='word_1_373' title='bbox 657 3936 861 3989; x_wconf 81' lang='grc' dir='ltr'>Ἑλλάδ’</span> <span class='ocrx_word' id='word_1_374' title='bbox 891 3931 1118 4003; x_wconf 79' lang='grc' dir='ltr'>ἀγαγεῖν</span> <span class='ocrx_word' id='word_1_375' title='bbox 1147 3934 1347 4003; x_wconf 85' lang='grc' dir='ltr'>μιγάδα</span> <span class='ocrx_word' id='word_1_376' title='bbox 1376 3931 1646 4001; x_wconf 77' lang='grc' dir='ltr'>βάρϐαρον</span> <span class='ocrx_word' id='word_1_377' title='bbox 1686 3931 1939 4000; x_wconf 80' lang='grc' dir='ltr'>στρατόν.</span> 
     </span>
    </p>
   </div>
   <div class='ocr_carea' id='block_1_62' title="bbox 525 4003 1587 4070">
    <p class='ocr_par' dir='ltr' id='par_1_62' title="bbox 525 4003 1587 4070">
     <span class='ocr_line' id='line_1_64' title="bbox 525 4003 1587 4070; baseline -0.007 -10"><span class='ocrx_word' id='word_1_378' title='bbox 525 4046 539 4060; x_wconf 93' lang='grc'><strong>.</strong></span> <span class='ocrx_word' id='word_1_379' title='bbox 585 4047 600 4060; x_wconf 94' lang='grc'><strong>.</strong></span> <span class='ocrx_word' id='word_1_380' title='bbox 643 4046 658 4059; x_wconf 94' lang='grc'><strong>.</strong></span> <span class='ocrx_word' id='word_1_381' title='bbox 695 4045 711 4058; x_wconf 90' lang='grc'><strong>.</strong></span> <span class='ocrx_word' id='word_1_382' title='bbox 744 4005 810 4058; x_wconf 88' lang='lat' dir='ltr'><strong>Et</strong></span> <span class='ocrx_word' id='word_1_383' title='bbox 841 4006 1014 4059; x_wconf 87' lang='lat' dir='ltr'><strong>adhuc</strong></span> <span class='ocrx_word' id='word_1_384' title='bbox 1040 4005 1169 4057; x_wconf 86' lang='lat' dir='ltr'><strong>mihi</strong></span> <span class='ocrx_word' id='word_1_385' title='bbox 1193 4004 1286 4056; x_wconf 89' lang='lat' dir='ltr'><strong>hoc</strong></span> <span class='ocrx_word' id='word_1_386' title='bbox 1312 4012 1389 4055; x_wconf 80' lang='lat' dir='ltr'><strong>est</strong></span> <span class='ocrx_word' id='word_1_387' title='bbox 1422 4003 1587 4070; x_wconf 79' lang='lat' dir='ltr'><strong>fatale</strong></span> 
     </span>
    </p>
   </div>
   <div class='ocr_carea' id='block_1_63' title="bbox 525 4072 2023 4130">
    <p class='ocr_par' dir='ltr' id='par_1_63' title="bbox 525 4072 2023 4130">
     <span class='ocr_line' id='line_1_65' title="bbox 525 4072 2023 4130; baseline -0.003 -1"><span class='ocrx_word' id='word_1_388' title='bbox 525 4075 593 4129; x_wconf 88' lang='lat' dir='ltr'><strong>In</strong></span> <span class='ocrx_word' id='word_1_389' title='bbox 615 4077 877 4130; x_wconf 66' lang='lat' dir='ltr'><strong>Graeciam</strong></span> <span class='ocrx_word' id='word_1_390' title='bbox 896 4081 1084 4129; x_wconf 83' lang='lat' dir='ltr'><strong>ducere</strong></span> <span class='ocrx_word' id='word_1_391' title='bbox 1104 4074 1319 4127; x_wconf 67' lang='lat' dir='ltr'><strong>mixtum</strong></span> <span class='ocrx_word' id='word_1_392' title='bbox 1347 4072 1682 4124; x_wconf 85' lang='lat' dir='ltr'><strong>barbaricum</strong></span> <span class='ocrx_word' id='word_1_393' title='bbox 1715 4074 2023 4125; x_wconf 77' lang='lat' dir='ltr'><strong>exercitum.</strong></span> 
     </span>
    </p>
   </div>
   <div class='ocr_carea' id='block_1_64' title="bbox 524 4142 2025 4212">
    <p class='ocr_par' dir='ltr' id='par_1_64' title="bbox 524 4142 2025 4212">
     <span class='ocr_line' id='line_1_66' title="bbox 524 4142 2025 4212; baseline -0.004 -12"><span class='ocrx_word' id='word_1_394' title='bbox 524 4148 664 4201; x_wconf 80' lang='lat'><strong>1678</strong></span> <span class='ocrx_word' id='word_1_395' title='bbox 707 4148 790 4200; x_wconf 89' lang='grc' dir='ltr'><strong>Οὐ</strong></span> <span class='ocrx_word' id='word_1_396' title='bbox 826 4146 1086 4212; x_wconf 77' lang='grc' dir='ltr'>νόστον,</span> <span class='ocrx_word' id='word_1_397' title='bbox 1124 4151 1231 4199; x_wconf 89' lang='lat' dir='ltr'><strong>etc.</strong></span> <span class='ocrx_word' id='word_1_398' title='bbox 1292 4143 1383 4196; x_wconf 85' lang='lat' dir='ltr'><strong>Sic</strong></span> <span class='ocrx_word' id='word_1_399' title='bbox 1430 4142 1625 4195; x_wconf 81' lang='lat' dir='ltr'><strong>Bacch.</strong></span> <span class='ocrx_word' id='word_1_400' title='bbox 1677 4158 1821 4196; x_wconf 89' lang='lat' dir='ltr'><strong>vers.</strong></span> <span class='ocrx_word' id='word_1_401' title='bbox 1866 4142 2025 4205; x_wconf 70' lang='lat'><strong>132:5,</strong></span> 
     </span>
    </p>
   </div>
   <div class='ocr_carea' id='block_1_65' title="bbox 458 4214 740 4272">
    <p class='ocr_par' dir='ltr' id='par_1_65' title="bbox 458 4214 740 4272">
     <span class='ocr_line' id='line_1_67' title="bbox 458 4214 740 4272; baseline 0.014 -4"><span class='ocrx_word' id='word_1_402' title='bbox 458 4214 740 4272; x_wconf 85' lang='lat' dir='ltr'><strong>Bacchus:</strong></span> 
     </span>
    </p>
   </div>
   <div class='ocr_carea' id='block_1_66' title="bbox 528 4284 1343 4342">
    <p class='ocr_par' dir='ltr' id='par_1_66' title="bbox 528 4284 1343 4342">
     <span class='ocr_line' id='line_1_68' title="bbox 528 4284 1343 4342; baseline -0.001 -3"><span class='ocrx_word' id='word_1_403' title='bbox 528 4328 542 4339; x_wconf 93' lang='lat'><strong>.</strong></span> <span class='ocrx_word' id='word_1_404' title='bbox 582 4326 597 4340; x_wconf 92' lang='lat'><strong>.</strong></span> <span class='ocrx_word' id='word_1_405' title='bbox 636 4328 651 4340; x_wconf 92' lang='lat'><strong>.</strong></span> <span class='ocrx_word' id='word_1_406' title='bbox 697 4330 711 4342; x_wconf 95' lang='lat'><strong>.</strong></span> <span class='ocrx_word' id='word_1_407' title='bbox 736 4286 944 4341; x_wconf 83' lang='grc' dir='ltr'>Νόστον</span> <span class='ocrx_word' id='word_1_408' title='bbox 973 4285 1157 4339; x_wconf 76' lang='grc' dir='ltr'>ἄθλιον</span> <span class='ocrx_word' id='word_1_409' title='bbox 1182 4284 1343 4338; x_wconf 87' lang='grc' dir='ltr'>πάλιν</span> 
     </span>
    </p>
   </div>
   <div class='ocr_carea' id='block_1_67' title="bbox 526 4359 1152 4429">
    <p class='ocr_par' dir='ltr' id='par_1_67' title="bbox 526 4359 1152 4429">
     <span class='ocr_line' id='line_1_69' title="bbox 526 4359 1152 4429; baseline -0.003 -19"><span class='ocrx_word' id='word_1_410' title='bbox 526 4359 814 4429; x_wconf 79' lang='grc' dir='ltr'>Σχήσουσι.</span> <span class='ocrx_word' id='word_1_411' title='bbox 838 4398 868 4429; x_wconf 14' lang='grc' dir='ltr'>ν.</span> <span class='ocrx_word' id='word_1_412' title='bbox 911 4394 926 4409; x_wconf 93' lang='grc'><strong>.</strong></span> <span class='ocrx_word' id='word_1_413' title='bbox 964 4394 979 4406; x_wconf 95' lang='grc'><strong>.</strong></span> <span class='ocrx_word' id='word_1_414' title='bbox 1018 4395 1040 4429; x_wconf 14' lang='grc' dir='ltr'>ν.</span> <span class='ocrx_word' id='word_1_415' title='bbox 1083 4396 1098 4429; x_wconf 71' lang='grc'><strong>.</strong></span> <span class='ocrx_word' id='word_1_416' title='bbox 1130 4394 1152 4429; x_wconf 86' lang='lat'><strong>_.</strong></span> 
     </span>
    </p>
   </div>
   <div class='ocr_carea' id='block_1_68' title="bbox 530 4426 1443 4497">
    <p class='ocr_par' dir='ltr' id='par_1_68' title="bbox 530 4426 1443 4497">
     <span class='ocr_line' id='line_1_70' title="bbox 530 4426 1443 4497; baseline 0 -17"><span class='ocrx_word' id='word_1_417' title='bbox 530 4468 543 4480; x_wconf 94' lang='lat'><strong>.</strong></span> <span class='ocrx_word' id='word_1_418' title='bbox 568 4426 601 4482; x_wconf 57' lang='grc' dir='ltr'><strong>’ζ</strong></span> <span class='ocrx_word' id='word_1_419' title='bbox 625 4426 656 4481; x_wconf 62' lang='grc'>⁷.</span> <span class='ocrx_word' id='word_1_420' title='bbox 696 4468 709 4481; x_wconf 92' lang='grc'><strong>.</strong></span> <span class='ocrx_word' id='word_1_421' title='bbox 736 4428 980 4481; x_wconf 71' lang='lat' dir='ltr'><strong>Raditum</strong></span> <span class='ocrx_word' id='word_1_422' title='bbox 1009 4426 1273 4497; x_wconf 71' lang='lat' dir='ltr'><strong>infelicem</strong></span> <span class='ocrx_word' id='word_1_423' title='bbox 1303 4436 1443 4481; x_wconf 84' lang='lat' dir='ltr'><strong>retro</strong></span> 
     </span>
    </p>
   </div>
   <div class='ocr_carea' id='block_1_69' title="bbox 529 4498 1235 4554">
    <p class='ocr_par' dir='ltr' id='par_1_69' title="bbox 529 4498 1235 4554">
     <span class='ocr_line' id='line_1_71' title="bbox 529 4498 1235 4554; baseline 0.001 -4"><span class='ocrx_word' id='word_1_424' title='bbox 529 4498 830 4552; x_wconf 81' lang='lat' dir='ltr'><strong>Habebunt.</strong></span> <span class='ocrx_word' id='word_1_425' title='bbox 878 4540 890 4551; x_wconf 94' lang='lat'><strong>.</strong></span> <span class='ocrx_word' id='word_1_426' title='bbox 936 4542 949 4554; x_wconf 93' lang='lat'><strong>.</strong></span> <span class='ocrx_word' id='word_1_427' title='bbox 992 4535 1006 4550; x_wconf 92' lang='lat'><strong>.</strong></span> <span class='ocrx_word' id='word_1_428' title='bbox 1051 4534 1065 4550; x_wconf 87' lang='lat'><strong>.</strong></span> <span class='ocrx_word' id='word_1_429' title='bbox 1108 4537 1125 4551; x_wconf 93' lang='lat'><strong>.</strong></span> <span class='ocrx_word' id='word_1_430' title='bbox 1167 4535 1184 4551; x_wconf 91' lang='lat'><strong>.</strong></span> <span class='ocrx_word' id='word_1_431' title='bbox 1222 4538 1235 4551; x_wconf 94' lang='lat'><strong>.</strong></span> 
     </span>
    </p>
   </div>
   <div class='ocr_carea' id='block_1_70' title="bbox 526 4565 2028 4637">
    <p class='ocr_par' dir='ltr' id='par_1_70' title="bbox 526 4565 2028 4637">
     <span class='ocr_line' id='line_1_72' title="bbox 526 4565 2028 4637; baseline -0.001 -16"><span class='ocrx_word' id='word_1_432' title='bbox 526 4570 667 4623; x_wconf 79' lang='grc'>1680</span> <span class='ocrx_word' id='word_1_433' title='bbox 704 4567 1017 4637; x_wconf 79' lang='grc' dir='ltr'>Ἐκπέρσει</span> <span class='ocrx_word' id='word_1_434' title='bbox 1041 4568 1093 4637; x_wconf 77' lang='grc' dir='ltr'>γ’</span> <span class='ocrx_word' id='word_1_435' title='bbox 1117 4568 1418 4637; x_wconf 84' lang='grc' dir='ltr'>ἀναρίθμῳ</span> <span class='ocrx_word' id='word_1_436' title='bbox 1439 4566 1694 4636; x_wconf 81' lang='grc' dir='ltr'>στρατῷ.</span> <span class='ocrx_word' id='word_1_437' title='bbox 1721 4565 1856 4622; x_wconf 79' lang='grc' dir='ltr'><strong>11)ἱ‹Ι.</strong></span> <span class='ocrx_word' id='word_1_438' title='bbox 1884 4581 2028 4620; x_wconf 89' lang='lat' dir='ltr'><strong>vers.</strong></span> 
     </span>
    </p>
   </div>
   <div class='ocr_carea' id='block_1_71' title="bbox 2124 3650 3699 3733">
    <p class='ocr_par' dir='ltr' id='par_1_71' title="bbox 2124 3650 3699 3733">
     <span class='ocr_line' id='line_1_73' title="bbox 2124 3650 3699 3733; baseline 0.006 -28"><span class='ocrx_word' id='word_1_439' title='bbox 2124 3651 2286 3733; x_wconf 40' lang='lat'><strong>1.355,</strong></span> <span class='ocrx_word' id='word_1_440' title='bbox 2312 3650 2561 3707; x_wconf 90' lang='lat' dir='ltr'><strong>Bacchus</strong></span> <span class='ocrx_word' id='word_1_441' title='bbox 2580 3652 2786 3708; x_wconf 89' lang='lat' dir='ltr'><strong>Cadmo</strong></span> <span class='ocrx_word' id='word_1_442' title='bbox 2808 3652 3054 3725; x_wconf 85' lang='lat' dir='ltr'><strong>praedicit</strong></span> <span class='ocrx_word' id='word_1_443' title='bbox 3076 3653 3192 3708; x_wconf 91' lang='lat' dir='ltr'><strong>fore</strong></span> <span class='ocrx_word' id='word_1_444' title='bbox 3222 3663 3281 3709; x_wconf 87' lang='lat' dir='ltr'><strong>ut</strong></span> <span class='ocrx_word' id='word_1_445' title='bbox 3305 3656 3506 3713; x_wconf 91' lang='lat' dir='ltr'><strong>multas</strong></span> <span class='ocrx_word' id='word_1_446' title='bbox 3533 3658 3699 3714; x_wconf 85' lang='lat' dir='ltr'><strong>urbes</strong></span> 
     </span>
    </p>
   </div>
   <div class='ocr_carea' id='block_1_72' title="bbox 2125 3731 2554 3778">
    <p class='ocr_par' dir='ltr' id='par_1_72' title="bbox 2125 3731 2554 3778">
     <span class='ocr_line' id='line_1_74' title="bbox 2125 3731 2554 3778; baseline -0.002 -2"><span class='ocrx_word' id='word_1_447' title='bbox 2125 3731 2198 3776; x_wconf 77' lang='grc' dir='ltr'><strong>5η</strong></span> <span class='ocrx_word' id='word_1_448' title='bbox 2228 3738 2521 3778; x_wconf 70' lang='lat' dir='ltr'><strong>eversurus</strong></span> <span class='ocrx_word' id='word_1_449' title='bbox 2541 3742 2554 3775; x_wconf 77' lang='grc' dir='ltr'><strong>ε</strong></span> 
     </span>
    </p>
   </div>
   <div class='ocr_carea' id='block_1_73' title="bbox 2195 3792 3300 3915">
    <p class='ocr_par' dir='ltr' id='par_1_73' title="bbox 2195 3792 3300 3915">
     <span class='ocr_line' id='line_1_75' title="bbox 2195 3792 3300 3915; baseline 0.003 -71"><span class='ocrx_word' id='word_1_450' title='bbox 2195 3792 2402 3915; x_wconf 38' lang='lat' dir='ltr'><strong>nam;</strong></span> <span class='ocrx_word' id='word_1_451' title='bbox 2433 3794 2490 3846; x_wconf 85' lang='grc' dir='ltr'><strong>δὲ</strong></span> <span class='ocrx_word' id='word_1_452' title='bbox 2522 3793 2745 3863; x_wconf 83' lang='grc' dir='ltr'>πέρσεις</span> <span class='ocrx_word' id='word_1_453' title='bbox 2768 3793 3055 3865; x_wconf 85' lang='grc' dir='ltr'>ἀναρίθμῳ</span> <span class='ocrx_word' id='word_1_454' title='bbox 3085 3796 3300 3866; x_wconf 84' lang='grc' dir='ltr'>στρατῷ</span> 
     </span>
     <span class='ocr_line' id='line_1_76' title="bbox 2309 3879 2827 3915; baseline 0.002 -1"><span class='ocrx_word' id='word_1_455' title='bbox 2309 3879 2411 3915; x_wconf 79' lang='grc' dir='ltr'>εις.</span> <span class='ocrx_word' id='word_1_456' title='bbox 2450 3901 2466 3915; x_wconf 93' lang='grc'><strong>.</strong></span> <span class='ocrx_word' id='word_1_457' title='bbox 2511 3905 2524 3915; x_wconf 94' lang='grc'><strong>.</strong></span> <span class='ocrx_word' id='word_1_458' title='bbox 2573 3902 2586 3915; x_wconf 97' lang='grc'><strong>.</strong></span> <span class='ocrx_word' id='word_1_459' title='bbox 2631 3901 2647 3915; x_wconf 92' lang='grc'><strong>.</strong></span> <span class='ocrx_word' id='word_1_460' title='bbox 2692 3905 2705 3915; x_wconf 93' lang='grc'><strong>.</strong></span> <span class='ocrx_word' id='word_1_461' title='bbox 2752 3904 2765 3915; x_wconf 94' lang='grc'><strong>.</strong></span> <span class='ocrx_word' id='word_1_462' title='bbox 2809 3903 2827 3915; x_wconf 91' lang='grc'><strong>.</strong></span> 
     </span>
    </p>
   </div>
   <div class='ocr_carea' id='block_1_74' title="bbox 2309 3879 2827 3927">
    <p class='ocr_par' dir='ltr' id='par_1_74' title="bbox 2309 3879 2827 3927">
     <span class='ocr_line' id='line_1_77' title="bbox 2309 3879 2827 3927; baseline 0.01 -14"><span class='ocrx_word' id='word_1_463' title='bbox 2309 3879 2827 3927; x_wconf 88' lang='grc' dir='ltr'>εις........</span> 
     </span>
    </p>
   </div>
   <div class='ocr_carea' id='block_1_75' title="bbox 2199 3932 3447 4055">
    <p class='ocr_par' dir='ltr' id='par_1_75' title="bbox 2199 3932 3447 4055">
     <span class='ocr_line' id='line_1_78' title="bbox 2199 3932 3447 4055; baseline 0.006 -72"><span class='ocrx_word' id='word_1_464' title='bbox 2199 3932 2403 4055; x_wconf 41' lang='lat' dir='ltr'><strong>glubit“</strong></span> <span class='ocrx_word' id='word_1_465' title='bbox 2430 3944 2607 3987; x_wconf 87' lang='lat' dir='ltr'><strong>autem</strong></span> <span class='ocrx_word' id='word_1_466' title='bbox 2633 3941 2825 3988; x_wconf 84' lang='lat' dir='ltr'><strong>evertes</strong></span> <span class='ocrx_word' id='word_1_467' title='bbox 2857 3950 2973 3987; x_wconf 86' lang='lat' dir='ltr'><strong>cum</strong></span> <span class='ocrx_word' id='word_1_468' title='bbox 3007 3935 3253 3989; x_wconf 73' lang='lat' dir='ltr'><strong>maximis</strong></span> <span class='ocrx_word' id='word_1_469' title='bbox 3285 3937 3447 4004; x_wconf 79' lang='lat' dir='ltr'><strong>copiis</strong></span> 
     </span>
     <span class='ocr_line' id='line_1_79' title="bbox 2255 4019 2806 4055; baseline 0 0"><span class='ocrx_word' id='word_1_470' title='bbox 2255 4020 2280 4054; x_wconf 89' lang='lat' dir='ltr'><strong>r</strong></span> <span class='ocrx_word' id='word_1_471' title='bbox 2317 4019 2391 4055; x_wconf 76' lang='lat' dir='ltr'><strong>es.</strong></span> <span class='ocrx_word' id='word_1_472' title='bbox 2435 4044 2450 4055; x_wconf 93' lang='lat'><strong>.</strong></span> <span class='ocrx_word' id='word_1_473' title='bbox 2496 4043 2510 4055; x_wconf 95' lang='lat'><strong>.</strong></span> <span class='ocrx_word' id='word_1_474' title='bbox 2556 4044 2569 4055; x_wconf 93' lang='lat'><strong>.</strong></span> <span class='ocrx_word' id='word_1_475' title='bbox 2616 4046 2627 4055; x_wconf 95' lang='lat'><strong>.</strong></span> <span class='ocrx_word' id='word_1_476' title='bbox 2673 4044 2687 4055; x_wconf 96' lang='lat'><strong>.</strong></span> <span class='ocrx_word' id='word_1_477' title='bbox 2732 4042 2748 4055; x_wconf 96' lang='lat'><strong>.</strong></span> <span class='ocrx_word' id='word_1_478' title='bbox 2792 4042 2806 4055; x_wconf 92' lang='lat'><strong>.</strong></span> 
     </span>
    </p>
   </div>
   <div class='ocr_carea' id='block_1_76' title="bbox 2255 4019 2806 4058">
    <p class='ocr_par' dir='ltr' id='par_1_76' title="bbox 2255 4019 2806 4058">
     <span class='ocr_line' id='line_1_80' title="bbox 2255 4019 2806 4058; baseline 0.007 -5"><span class='ocrx_word' id='word_1_479' title='bbox 2255 4019 2806 4058; x_wconf 70' lang='lat'><strong>1&#39;088........</strong></span> 
     </span>
    </p>
   </div>
   <div class='ocr_carea' id='block_1_77' title="bbox 2209 4071 3694 4146">
    <p class='ocr_par' dir='ltr' id='par_1_77' title="bbox 2209 4071 3694 4146">
     <span class='ocr_line' id='line_1_81' title="bbox 2209 4071 3694 4146; baseline 0.003 -19"><span class='ocrx_word' id='word_1_480' title='bbox 2209 4073 2335 4146; x_wconf 80' lang='grc'>1681</span> <span class='ocrx_word' id='word_1_481' title='bbox 2364 4072 2625 4146; x_wconf 43' lang='lat' dir='ltr'><strong>Apama»:</strong></span> <span class='ocrx_word' id='word_1_482' title='bbox 2660 4072 2775 4125; x_wconf 90' lang='lat' dir='ltr'><strong>Duo</strong></span> <span class='ocrx_word' id='word_1_483' title='bbox 2797 4071 2963 4145; x_wconf 73' lang='lat' dir='ltr'><strong>Regg.</strong></span> <span class='ocrx_word' id='word_1_484' title='bbox 2991 4074 3226 4146; x_wconf 74' lang='grc' dir='ltr'>δράκων.</span> <span class='ocrx_word' id='word_1_485' title='bbox 3249 4074 3383 4146; x_wconf 83' lang='lat' dir='ltr'><strong>Reg.</strong></span> <span class='ocrx_word' id='word_1_486' title='bbox 3413 4076 3552 4130; x_wconf 83' lang='lat' dir='ltr'><strong>Med.</strong></span> <span class='ocrx_word' id='word_1_487' title='bbox 3574 4092 3694 4146; x_wconf 92' lang='lat' dir='ltr'><strong>sup.</strong></span> 
     </span>
    </p>
   </div>
   <div class='ocr_carea' id='block_1_78' title="bbox 2132 4143 3692 4210">
    <p class='ocr_par' dir='ltr' id='par_1_78' title="bbox 2132 4143 3692 4210">
     <span class='ocr_line' id='line_1_82' title="bbox 2132 4143 3692 4210; baseline 0.004 -14"><span class='ocrx_word' id='word_1_488' title='bbox 2132 4144 2231 4197; x_wconf 91' lang='lat' dir='ltr'><strong>lin.</strong></span> <span class='ocrx_word' id='word_1_489' title='bbox 2268 4145 2554 4210; x_wconf 84' lang='lat' dir='ltr'><strong>imperator</strong></span> <span class='ocrx_word' id='word_1_490' title='bbox 2586 4143 2965 4207; x_wconf 82' lang='lat' dir='ltr'><strong>Romanorum,</strong></span> <span class='ocrx_word' id='word_1_491' title='bbox 2990 4143 3172 4198; x_wconf 73' lang='lat' dir='ltr'><strong>draco.</strong></span> <span class='ocrx_word' id='word_1_492' title='bbox 3206 4144 3296 4199; x_wconf 88' lang='lat' dir='ltr'><strong>Sic</strong></span> <span class='ocrx_word' id='word_1_493' title='bbox 3326 4143 3520 4201; x_wconf 78' lang='lat' dir='ltr'><strong>Bacch.</strong></span> <span class='ocrx_word' id='word_1_494' title='bbox 3550 4143 3692 4203; x_wconf 77' lang='lat' dir='ltr'><strong>vers.</strong></span> 
     </span>
    </p>
   </div>
   <div class='ocr_carea' id='block_1_79' title="bbox 2133 4214 3405 4283">
    <p class='ocr_par' dir='ltr' id='par_1_79' title="bbox 2133 4214 3405 4283">
     <span class='ocr_line' id='line_1_83' title="bbox 2133 4214 3405 4283; baseline 0.003 -15"><span class='ocrx_word' id='word_1_495' title='bbox 2133 4214 2303 4268; x_wconf 80' lang='lat'><strong>1557:</strong></span> <span class='ocrx_word' id='word_1_496' title='bbox 2341 4214 2640 4283; x_wconf 83' lang='grc' dir='ltr'>ἡγούμενος</span> <span class='ocrx_word' id='word_1_497' title='bbox 2661 4214 2956 4283; x_wconf 90' lang='grc' dir='ltr'>λόγχαισιν,</span> <span class='ocrx_word' id='word_1_498' title='bbox 2984 4216 3092 4268; x_wconf 73' lang='lat' dir='ltr'><strong>diu:</strong></span> <span class='ocrx_word' id='word_1_499' title='bbox 3122 4219 3405 4271; x_wconf 76' lang='lat' dir='ltr'><strong>exercitus.</strong></span> 
     </span>
    </p>
   </div>
   <div class='ocr_carea' id='block_1_80' title="bbox 2209 4282 3696 4353">
    <p class='ocr_par' dir='ltr' id='par_1_80' title="bbox 2209 4282 3696 4353">
     <span class='ocr_line' id='line_1_84' title="bbox 2209 4282 3696 4353; baseline 0.004 -16"><span class='ocrx_word' id='word_1_500' title='bbox 2209 4282 2348 4353; x_wconf 60' lang='grc'>1682</span> <span class='ocrx_word' id='word_1_501' title='bbox 2370 4282 2538 4337; x_wconf 77' lang='grc' dir='ltr'>Ταῦτ’</span> <span class='ocrx_word' id='word_1_502' title='bbox 2556 4285 2690 4353; x_wconf 81' lang='grc' dir='ltr'>οὐχὶ</span> <span class='ocrx_word' id='word_1_503' title='bbox 2721 4282 2963 4351; x_wconf 64' lang='grc' dir='ltr'>θνητοῦ,</span> <span class='ocrx_word' id='word_1_504' title='bbox 2986 4295 3091 4339; x_wconf 86' lang='lat' dir='ltr'><strong>etc.</strong></span> <span class='ocrx_word' id='word_1_505' title='bbox 3127 4286 3205 4339; x_wconf 82' lang='lat' dir='ltr'><strong>Ita</strong></span> <span class='ocrx_word' id='word_1_506' title='bbox 3247 4289 3358 4342; x_wconf 86' lang='lat' dir='ltr'><strong>fere</strong></span> <span class='ocrx_word' id='word_1_507' title='bbox 3392 4287 3523 4345; x_wconf 80' lang='lat' dir='ltr'><strong>ibid.</strong></span> <span class='ocrx_word' id='word_1_508' title='bbox 3552 4306 3696 4345; x_wconf 83' lang='lat' dir='ltr'><strong>vers.</strong></span> 
     </span>
    </p>
   </div>
   <div class='ocr_carea' id='block_1_81' title="bbox 2135 4352 3149 4425">
    <p class='ocr_par' dir='ltr' id='par_1_81' title="bbox 2135 4352 3149 4425">
     <span class='ocr_line' id='line_1_85' title="bbox 2135 4352 3149 4425; baseline 0.001 -16"><span class='ocrx_word' id='word_1_509' title='bbox 2135 4353 2274 4409; x_wconf 78' lang='lat'><strong>1558</strong></span> <span class='ocrx_word' id='word_1_510' title='bbox 2294 4352 2846 4425; x_wconf 61' lang='lat' dir='ltr'><strong>Bacehusdeseipso</strong></span> <span class='ocrx_word' id='word_1_511' title='bbox 2870 4356 3113 4425; x_wconf 82' lang='lat' dir='ltr'><strong>loquitur</strong></span> <span class='ocrx_word' id='word_1_512' title='bbox 3137 4376 3149 4409; x_wconf 87' lang='lat'><strong>:</strong></span> 
     </span>
    </p>
   </div>
   <div class='ocr_carea' id='block_1_82' title="bbox 2207 4423 3417 4496">
    <p class='ocr_par' dir='ltr' id='par_1_82' title="bbox 2207 4423 3417 4496">
     <span class='ocr_line' id='line_1_86' title="bbox 2207 4423 3417 4496; baseline 0.007 -21"><span class='ocrx_word' id='word_1_513' title='bbox 2207 4423 2373 4496; x_wconf 63' lang='lat' dir='ltr'><strong>&#39;[afrr’</strong></span> <span class='ocrx_word' id='word_1_514' title='bbox 2399 4423 2519 4495; x_wconf 75' lang='grc' dir='ltr'>οὐχὶ</span> <span class='ocrx_word' id='word_1_515' title='bbox 2546 4424 2736 4495; x_wconf 85' lang='grc' dir='ltr'>θνητοῦ</span> <span class='ocrx_word' id='word_1_516' title='bbox 2764 4423 2967 4496; x_wconf 80' lang='grc' dir='ltr'>πατρὸς</span> <span class='ocrx_word' id='word_1_517' title='bbox 2989 4425 3230 4496; x_wconf 79' lang='grc' dir='ltr'>ἐκγεγὼς</span> <span class='ocrx_word' id='word_1_518' title='bbox 3257 4428 3417 4496; x_wconf 87' lang='grc' dir='ltr'>λέγω.</span> 
     </span>
    </p>
   </div>
   <div class='ocr_carea' id='block_1_83' title="bbox 2209 4492 3246 4564">
    <p class='ocr_par' dir='ltr' id='par_1_83' title="bbox 2209 4492 3246 4564">
     <span class='ocr_line' id='line_1_87' title="bbox 2209 4492 3246 4564; baseline 0.006 -17"><span class='ocrx_word' id='word_1_519' title='bbox 2209 4492 2339 4547; x_wconf 71' lang='grc' dir='ltr'>Ηαῖσ</span> <span class='ocrx_word' id='word_1_520' title='bbox 2366 4492 2473 4547; x_wconf 68' lang='lat' dir='ltr'><strong>non</strong></span> <span class='ocrx_word' id='word_1_521' title='bbox 2488 4492 2714 4547; x_wconf 51' lang='lat' dir='ltr'><strong>&#39;mortati</strong></span> <span class='ocrx_word' id='word_1_522' title='bbox 2742 4492 2891 4564; x_wconf 78' lang='lat' dir='ltr'><strong>patre</strong></span> <span class='ocrx_word' id='word_1_523' title='bbox 2925 4492 3080 4550; x_wconf 63' lang='lat' dir='ltr'><strong>natus</strong></span> <span class='ocrx_word' id='word_1_524' title='bbox 3109 4492 3246 4553; x_wconf 85' lang='lat' dir='ltr'><strong>dico.</strong></span> 
     </span>
    </p>
   </div>
   <div class='ocr_carea' id='block_1_84' title="bbox 1760 4701 2415 4764">
    <p class='ocr_par' dir='ltr' id='par_1_84' title="bbox 1760 4701 2415 4764">
     <span class='ocr_line' id='line_1_88' title="bbox 1760 4701 2415 4764; baseline -0.003 0"><span class='ocrx_word' id='word_1_525' title='bbox 1760 4704 2091 4764; x_wconf 86' lang='lat' dir='ltr'><strong>METRICA</strong></span> <span class='ocrx_word' id='word_1_526' title='bbox 2121 4701 2415 4763; x_wconf 80' lang='lat' dir='ltr'><strong>VERSIO.</strong></span> 
     </span>
    </p>
   </div>
   <div class='ocr_carea' id='block_1_85' title="bbox 457 4848 1522 4908">
    <p class='ocr_par' dir='ltr' id='par_1_85' title="bbox 457 4848 1522 4908">
     <span class='ocr_line' id='line_1_89' title="bbox 457 4848 1522 4908; baseline -0.006 0"><span class='ocrx_word' id='word_1_527' title='bbox 457 4854 682 4908; x_wconf 68' lang='lat' dir='ltr'><strong>Ignotus</strong></span> <span class='ocrx_word' id='word_1_528' title='bbox 710 4862 875 4907; x_wconf 90' lang='lat' dir='ltr'><strong>esset.</strong></span> <span class='ocrx_word' id='word_1_529' title='bbox 902 4850 1079 4905; x_wconf 89' lang='lat' dir='ltr'><strong>Causa</strong></span> <span class='ocrx_word' id='word_1_530' title='bbox 1111 4850 1388 4905; x_wconf 84' lang='lat' dir='ltr'><strong>nascentis</strong></span> <span class='ocrx_word' id='word_1_531' title='bbox 1420 4848 1522 4903; x_wconf 91' lang='lat' dir='ltr'><strong>fuit</strong></span> 
     </span>
    </p>
   </div>
   <div class='ocr_carea' id='block_1_86' title="bbox 508 4918 1813 4989">
    <p class='ocr_par' dir='ltr' id='par_1_86' title="bbox 508 4918 1813 4989">
     <span class='ocr_line' id='line_1_90' title="bbox 508 4918 1813 4989; baseline -0.005 -10"><span class='ocrx_word' id='word_1_532' title='bbox 508 4940 606 4983; x_wconf 57' lang='grc' dir='ltr'><strong>κε.</strong></span> <span class='ocrx_word' id='word_1_533' title='bbox 633 4932 687 4979; x_wconf 89' lang='lat' dir='ltr'><strong>et</strong></span> <span class='ocrx_word' id='word_1_534' title='bbox 718 4922 1001 4976; x_wconf 87' lang='lat' dir='ltr'><strong>cadentis:</strong></span> <span class='ocrx_word' id='word_1_535' title='bbox 1034 4929 1200 4989; x_wconf 90' lang='lat' dir='ltr'><strong>utque</strong></span> <span class='ocrx_word' id='word_1_536' title='bbox 1231 4922 1544 4974; x_wconf 90' lang='lat' dir='ltr'><strong>summatim</strong></span> <span class='ocrx_word' id='word_1_537' title='bbox 1571 4918 1813 4981; x_wconf 81' lang='lat' dir='ltr'><strong>eﬂ&#39;eram,</strong></span> 
     </span>
    </p>
   </div>
   <div class='ocr_carea' id='block_1_87' title="bbox 459 4990 1715 5061">
    <p class='ocr_par' dir='ltr' id='par_1_87' title="bbox 459 4990 1715 5061">
     <span class='ocr_line' id='line_1_91' title="bbox 459 4990 1715 5061; baseline -0.004 -12"><span class='ocrx_word' id='word_1_538' title='bbox 459 4995 640 5049; x_wconf 81' lang='lat' dir='ltr'><strong>Prima</strong></span> <span class='ocrx_word' id='word_1_539' title='bbox 672 5001 726 5047; x_wconf 87' lang='lat' dir='ltr'><strong>et</strong></span> <span class='ocrx_word' id='word_1_540' title='bbox 754 5006 1005 5061; x_wconf 90' lang='lat' dir='ltr'><strong>suprema</strong></span> <span class='ocrx_word' id='word_1_541' title='bbox 1037 4993 1254 5060; x_wconf 79' lang='lat' dir='ltr'><strong>generis</strong></span> <span class='ocrx_word' id='word_1_542' title='bbox 1290 4990 1510 5044; x_wconf 89' lang='lat' dir='ltr'><strong>humani</strong></span> <span class='ocrx_word' id='word_1_543' title='bbox 1542 4991 1715 5044; x_wconf 89' lang='lat' dir='ltr'><strong>salus.</strong></span> 
     </span>
    </p>
   </div>
   <div class='ocr_carea' id='block_1_88' title="bbox 527 5128 1720 5201">
    <p class='ocr_par' dir='ltr' id='par_1_88' title="bbox 527 5128 1720 5201">
     <span class='ocr_line' id='line_1_92' title="bbox 527 5128 1720 5201; baseline -0.008 -13"><span class='ocrx_word' id='word_1_544' title='bbox 527 5134 821 5201; x_wconf 83' lang='lat' dir='ltr'><strong>Conjectus</strong></span> <span class='ocrx_word' id='word_1_545' title='bbox 847 5131 937 5185; x_wconf 92' lang='lat' dir='ltr'><strong>ille</strong></span> <span class='ocrx_word' id='word_1_546' title='bbox 968 5131 1022 5183; x_wconf 88' lang='lat' dir='ltr'><strong>in</strong></span> <span class='ocrx_word' id='word_1_547' title='bbox 1052 5130 1215 5185; x_wconf 85' lang='lat' dir='ltr'><strong>verba</strong></span> <span class='ocrx_word' id='word_1_548' title='bbox 1242 5128 1720 5201; x_wconf 83' lang='lat' dir='ltr'><strong>subsannantinm,</strong></span> 
     </span>
    </p>
   </div>
   <div class='ocr_carea' id='block_1_89' title="bbox 462 5199 1660 5268">
    <p class='ocr_par' dir='ltr' id='par_1_89' title="bbox 462 5199 1660 5268">
     <span class='ocr_line' id='line_1_93' title="bbox 462 5199 1660 5268; baseline -0.008 -11"><span class='ocrx_word' id='word_1_549' title='bbox 462 5205 530 5257; x_wconf 88' lang='lat' dir='ltr'><strong>Et</strong></span> <span class='ocrx_word' id='word_1_550' title='bbox 559 5199 762 5265; x_wconf 83' lang='lat' dir='ltr'><strong>vincla,</strong></span> <span class='ocrx_word' id='word_1_551' title='bbox 803 5203 872 5255; x_wconf 89' lang='lat' dir='ltr'><strong>ab</strong></span> <span class='ocrx_word' id='word_1_552' title='bbox 904 5202 1016 5255; x_wconf 89' lang='lat' dir='ltr'><strong>illis</strong></span> <span class='ocrx_word' id='word_1_553' title='bbox 1052 5218 1079 5255; x_wconf 88' lang='lat' dir='ltr'><strong>a</strong></span> <span class='ocrx_word' id='word_1_554' title='bbox 1107 5201 1305 5268; x_wconf 89' lang='lat' dir='ltr'><strong>quibus</strong></span> <span class='ocrx_word' id='word_1_555' title='bbox 1338 5215 1447 5252; x_wconf 89' lang='lat' dir='ltr'><strong>non</strong></span> <span class='ocrx_word' id='word_1_556' title='bbox 1473 5199 1660 5252; x_wconf 87' lang='lat' dir='ltr'><strong>debuit</strong></span> 
     </span>
    </p>
   </div>
   <div class='ocr_carea' id='block_1_90' title="bbox 464 5268 1751 5341">
    <p class='ocr_par' dir='ltr' id='par_1_90' title="bbox 464 5268 1751 5341">
     <span class='ocr_line' id='line_1_94' title="bbox 464 5268 1751 5341; baseline -0.005 -13"><span class='ocrx_word' id='word_1_557' title='bbox 464 5276 731 5327; x_wconf 83' lang='lat' dir='ltr'><strong>Mactatus</strong></span> <span class='ocrx_word' id='word_1_558' title='bbox 762 5271 903 5325; x_wconf 90' lang='lat' dir='ltr'><strong>idem</strong></span> <span class='ocrx_word' id='word_1_559' title='bbox 928 5291 940 5324; x_wconf 91' lang='lat'><strong>:</strong></span> <span class='ocrx_word' id='word_1_560' title='bbox 961 5272 1193 5341; x_wconf 88' lang='lat' dir='ltr'><strong>populus</strong></span> <span class='ocrx_word' id='word_1_561' title='bbox 1225 5268 1751 5341; x_wconf 71' lang='lat' dir='ltr'><strong>huiceharusprius</strong></span> 
     </span>
    </p>
   </div>
   <div class='ocr_carea' id='block_1_91' title="bbox 463 5339 1644 5398">
    <p class='ocr_par' dir='ltr' id='par_1_91' title="bbox 463 5339 1644 5398">
     <span class='ocr_line' id='line_1_95' title="bbox 463 5339 1644 5398; baseline -0.008 -1"><span class='ocrx_word' id='word_1_562' title='bbox 463 5344 659 5398; x_wconf 85' lang='lat' dir='ltr'><strong>Livore</strong></span> <span class='ocrx_word' id='word_1_563' title='bbox 693 5351 876 5397; x_wconf 89' lang='lat' dir='ltr'><strong>motus</strong></span> <span class='ocrx_word' id='word_1_564' title='bbox 905 5339 1187 5395; x_wconf 16' lang='lat' dir='ltr'><strong>haecibene</strong></span> <span class='ocrx_word' id='word_1_565' title='bbox 1217 5340 1445 5392; x_wconf 90' lang='lat' dir='ltr'><strong>merenti</strong></span> <span class='ocrx_word' id='word_1_566' title='bbox 1476 5339 1644 5391; x_wconf 85' lang='lat' dir='ltr'><strong>dedit.</strong></span> 
     </span>
    </p>
   </div>
   <div class='ocr_carea' id='block_1_92' title="bbox 462 5407 1706 5481">
    <p class='ocr_par' dir='ltr' id='par_1_92' title="bbox 462 5407 1706 5481">
     <span class='ocr_line' id='line_1_96' title="bbox 462 5407 1706 5481; baseline -0.006 -15"><span class='ocrx_word' id='word_1_567' title='bbox 462 5415 679 5468; x_wconf 85' lang='lat' dir='ltr'><strong>Lubens</strong></span> <span class='ocrx_word' id='word_1_568' title='bbox 708 5413 927 5481; x_wconf 85' lang='lat' dir='ltr'><strong>quidem</strong></span> <span class='ocrx_word' id='word_1_569' title='bbox 968 5412 1071 5465; x_wconf 90' lang='lat' dir='ltr'><strong>ista</strong></span> <span class='ocrx_word' id='word_1_570' title='bbox 1098 5425 1295 5481; x_wconf 88' lang='lat' dir='ltr'><strong>passus</strong></span> <span class='ocrx_word' id='word_1_571' title='bbox 1325 5408 1562 5481; x_wconf 11' lang='lat' dir='ltr'><strong>ille,nsed</strong></span> <span class='ocrx_word' id='word_1_572' title='bbox 1597 5407 1706 5481; x_wconf 83' lang='lat' dir='ltr'><strong>pati</strong></span> 
     </span>
    </p>
   </div>
   <div class='ocr_carea' id='block_1_93' title="bbox 462 5476 1744 5550">
    <p class='ocr_par' dir='ltr' id='par_1_93' title="bbox 462 5476 1744 5550">
     <span class='ocr_line' id='line_1_97' title="bbox 462 5476 1744 5550; baseline -0.005 -14"><span class='ocrx_word' id='word_1_573' title='bbox 462 5484 593 5550; x_wconf 72' lang='lat' dir='ltr'><strong>Qua:</strong></span> <span class='ocrx_word' id='word_1_574' title='bbox 621 5476 811 5538; x_wconf 79' lang='lat' dir='ltr'><strong>contra</strong></span> <span class='ocrx_word' id='word_1_575' title='bbox 844 5476 1258 5549; x_wconf 43' lang='lat' dir='ltr'><strong>oporteat—mala</strong></span> <span class='ocrx_word' id='word_1_576' title='bbox 1292 5478 1574 5550; x_wconf 73' lang='lat' dir='ltr'><strong>populum,</strong></span> <span class='ocrx_word' id='word_1_577' title='bbox 1600 5476 1744 5531; x_wconf 77' lang='lat' dir='ltr'><strong>nihil</strong></span> 
     </span>
    </p>
   </div>
   <div class='ocr_carea' id='block_1_94' title="bbox 462 5548 1565 5607">
    <p class='ocr_par' dir='ltr' id='par_1_94' title="bbox 462 5548 1565 5607">
     <span class='ocr_line' id='line_1_98' title="bbox 462 5548 1565 5607; baseline -0.004 -1"><span class='ocrx_word' id='word_1_578' title='bbox 462 5548 662 5607; x_wconf 86' lang='lat' dir='ltr'><strong>Celabo</strong></span> <span class='ocrx_word' id='word_1_579' title='bbox 694 5572 706 5604; x_wconf 89' lang='lat'><strong>:</strong></span> <span class='ocrx_word' id='word_1_580' title='bbox 740 5548 942 5605; x_wconf 81' lang='lat' dir='ltr'><strong>cedens</strong></span> <span class='ocrx_word' id='word_1_581' title='bbox 976 5551 1023 5606; x_wconf 91' lang='lat' dir='ltr'><strong>is</strong></span> <span class='ocrx_word' id='word_1_582' title='bbox 1056 5561 1279 5603; x_wconf 80' lang='lat' dir='ltr'><strong>coactus</strong></span> <span class='ocrx_word' id='word_1_583' title='bbox 1308 5548 1565 5602; x_wconf 81' lang='lat' dir='ltr'><strong>Barbaris</strong></span> 
     </span>
    </p>
   </div>
   <div class='ocr_carea' id='block_1_95' title="bbox 464 5620 1748 5687">
    <p class='ocr_par' dir='ltr' id='par_1_95' title="bbox 464 5620 1748 5687">
     <span class='ocr_line' id='line_1_99' title="bbox 464 5620 1748 5687; baseline -0.009 -10"><span class='ocrx_word' id='word_1_584' title='bbox 464 5622 664 5677; x_wconf 87' lang='lat' dir='ltr'><strong>Urbem</strong></span> <span class='ocrx_word' id='word_1_585' title='bbox 699 5623 988 5687; x_wconf 78' lang='lat' dir='ltr'><strong>relinquet,</strong></span> <span class='ocrx_word' id='word_1_586' title='bbox 1021 5635 1232 5676; x_wconf 87' lang='lat' dir='ltr'><strong>servus.</strong></span> <span class='ocrx_word' id='word_1_587' title='bbox 1256 5620 1491 5673; x_wconf 82' lang='lat' dir='ltr'><strong>extorris</strong></span> <span class='ocrx_word' id='word_1_588' title='bbox 1526 5636 1538 5671; x_wconf 93' lang='lat'>:</span> <span class='ocrx_word' id='word_1_589' title='bbox 1570 5623 1748 5687; x_wconf 91' lang='lat' dir='ltr'><strong>ratum</strong></span> 
     </span>
    </p>
   </div>
   <div class='ocr_carea' id='block_1_96' title="bbox 465 5686 1819 5757">
    <p class='ocr_par' dir='ltr' id='par_1_96' title="bbox 465 5686 1819 5757">
     <span class='ocr_line' id='line_1_100' title="bbox 465 5686 1819 5757; baseline -0.004 -11"><span class='ocrx_word' id='word_1_590' title='bbox 465 5692 581 5746; x_wconf 85' lang='lat' dir='ltr'><strong>Hoc</strong></span> <span class='ocrx_word' id='word_1_591' title='bbox 610 5694 719 5745; x_wconf 89' lang='lat' dir='ltr'><strong>fata</strong></span> <span class='ocrx_word' id='word_1_592' title='bbox 750 5686 1034 5756; x_wconf 84' lang='lat' dir='ltr'><strong>statuunt;</strong></span> <span class='ocrx_word' id='word_1_593' title='bbox 1066 5691 1234 5745; x_wconf 92' lang='lat' dir='ltr'><strong>multa</strong></span> <span class='ocrx_word' id='word_1_594' title='bbox 1264 5696 1385 5757; x_wconf 89' lang='lat' dir='ltr'><strong>post</strong></span> <span class='ocrx_word' id='word_1_595' title='bbox 1414 5690 1555 5757; x_wconf 87' lang='lat' dir='ltr'><strong>mala</strong></span> <span class='ocrx_word' id='word_1_596' title='bbox 1582 5686 1819 5757; x_wconf 80' lang='lat' dir='ltr'><strong>profugi,</strong></span> 
     </span>
    </p>
   </div>
   <div class='ocr_carea' id='block_1_97' title="bbox 464 5760 1507 5825">
    <p class='ocr_par' dir='ltr' id='par_1_97' title="bbox 464 5760 1507 5825">
     <span class='ocr_line' id='line_1_101' title="bbox 464 5760 1507 5825; baseline -0.005 -9"><span class='ocrx_word' id='word_1_597' title='bbox 464 5763 645 5816; x_wconf 83' lang='lat' dir='ltr'><strong>Armis</strong></span> <span class='ocrx_word' id='word_1_598' title='bbox 680 5762 913 5825; x_wconf 88' lang='lat' dir='ltr'><strong>subacti,</strong></span> <span class='ocrx_word' id='word_1_599' title='bbox 948 5760 1260 5814; x_wconf 82' lang='lat' dir='ltr'><strong>deferentur</strong></span> <span class='ocrx_word' id='word_1_600' title='bbox 1293 5769 1507 5812; x_wconf 85' lang='lat' dir='ltr'><strong>exteros</strong></span> 
     </span>
    </p>
   </div>
   <div class='ocr_carea' id='block_1_98' title="bbox 467 5829 1569 5886">
    <p class='ocr_par' dir='ltr' id='par_1_98' title="bbox 467 5829 1569 5886">
     <span class='ocr_line' id='line_1_102' title="bbox 467 5829 1569 5886; baseline -0.002 -1"><span class='ocrx_word' id='word_1_601' title='bbox 467 5830 527 5886; x_wconf 93' lang='lat' dir='ltr'><strong>In</strong></span> <span class='ocrx_word' id='word_1_602' title='bbox 555 5832 915 5886; x_wconf 86' lang='lat' dir='ltr'><strong>Barbarorum</strong></span> <span class='ocrx_word' id='word_1_603' title='bbox 953 5831 1171 5885; x_wconf 86' lang='lat' dir='ltr'><strong>limites.</strong></span> <span class='ocrx_word' id='word_1_604' title='bbox 1206 5829 1356 5885; x_wconf 85' lang='lat' dir='ltr'><strong>Istud</strong></span> <span class='ocrx_word' id='word_1_605' title='bbox 1385 5836 1569 5883; x_wconf 88' lang='lat' dir='ltr'><strong>manet</strong></span> 
     </span>
    </p>
   </div>
   <div class='ocr_carea' id='block_1_99' title="bbox 2065 4843 3207 4915">
    <p class='ocr_par' dir='ltr' id='par_1_99' title="bbox 2065 4843 3207 4915">
     <span class='ocr_line' id='line_1_103' title="bbox 2065 4843 3207 4915; baseline 0 -14"><span class='ocrx_word' id='word_1_606' title='bbox 2065 4851 2108 4906; x_wconf 95' lang='lat' dir='ltr'><strong>B</strong></span> <span class='ocrx_word' id='word_1_607' title='bbox 2135 4843 2336 4901; x_wconf 90' lang='lat' dir='ltr'><strong>Omnes</strong></span> <span class='ocrx_word' id='word_1_608' title='bbox 2360 4853 2585 4915; x_wconf 67' lang='lat' dir='ltr'><strong>patratae</strong></span> <span class='ocrx_word' id='word_1_609' title='bbox 2610 4846 2776 4901; x_wconf 64' lang='lat' dir='ltr'><strong>caedis</strong></span> <span class='ocrx_word' id='word_1_610' title='bbox 2805 4856 3078 4913; x_wconf 90' lang='lat' dir='ltr'><strong>auctores,</strong></span> <span class='ocrx_word' id='word_1_611' title='bbox 3109 4862 3207 4902; x_wconf 92' lang='lat' dir='ltr'><strong>sua</strong></span> 
     </span>
    </p>
   </div>
   <div class='ocr_carea' id='block_1_100' title="bbox 2141 4917 3227 4986">
    <p class='ocr_par' dir='ltr' id='par_1_100' title="bbox 2141 4917 3227 4986">
     <span class='ocr_line' id='line_1_104' title="bbox 2141 4917 3227 4986; baseline 0.002 -16"><span class='ocrx_word' id='word_1_612' title='bbox 2141 4917 2210 4986; x_wconf 75' lang='lat' dir='ltr'><strong>Ut</strong></span> <span class='ocrx_word' id='word_1_613' title='bbox 2237 4918 2373 4969; x_wconf 90' lang='lat' dir='ltr'><strong>urbe</strong></span> <span class='ocrx_word' id='word_1_614' title='bbox 2411 4917 2553 4986; x_wconf 86' lang='lat' dir='ltr'><strong>pulsi</strong></span> <span class='ocrx_word' id='word_1_615' title='bbox 2581 4919 2796 4986; x_wconf 85' lang='lat' dir='ltr'><strong>generis</strong></span> <span class='ocrx_word' id='word_1_616' title='bbox 2822 4920 3000 4973; x_wconf 90' lang='lat' dir='ltr'><strong>omnis</strong></span> <span class='ocrx_word' id='word_1_617' title='bbox 3036 4919 3227 4972; x_wconf 91' lang='lat' dir='ltr'><strong>incolis</strong></span> 
     </span>
    </p>
   </div>
   <div class='ocr_carea' id='block_1_101' title="bbox 2136 4985 3334 5047">
    <p class='ocr_par' dir='ltr' id='par_1_101' title="bbox 2136 4985 3334 5047">
     <span class='ocr_line' id='line_1_105' title="bbox 2136 4985 3334 5047; baseline 0.003 -10"><span class='ocrx_word' id='word_1_618' title='bbox 2136 4985 2371 5041; x_wconf 89' lang='lat' dir='ltr'><strong>Pulchre</strong></span> <span class='ocrx_word' id='word_1_619' title='bbox 2399 4985 2621 5047; x_wconf 88' lang='lat' dir='ltr'><strong>referta,</strong></span> <span class='ocrx_word' id='word_1_620' title='bbox 2653 4988 2879 5041; x_wconf 89' lang='lat' dir='ltr'><strong>sceleris</strong></span> <span class='ocrx_word' id='word_1_621' title='bbox 2906 4988 3116 5041; x_wconf 86' lang='lat' dir='ltr'><strong>infandi</strong></span> <span class='ocrx_word' id='word_1_622' title='bbox 3146 4997 3200 5042; x_wconf 91' lang='lat' dir='ltr'><strong>et</strong></span> <span class='ocrx_word' id='word_1_623' title='bbox 3228 4987 3334 5041; x_wconf 89' lang='lat' dir='ltr'><strong>viri</strong></span> 
     </span>
    </p>
   </div>
   <div class='ocr_carea' id='block_1_102' title="bbox 2136 5055 3337 5127">
    <p class='ocr_par' dir='ltr' id='par_1_102' title="bbox 2136 5055 3337 5127">
     <span class='ocr_line' id='line_1_106' title="bbox 2136 5055 3337 5127; baseline 0.002 -18"><span class='ocrx_word' id='word_1_624' title='bbox 2136 5055 2403 5127; x_wconf 58' lang='lat' dir='ltr'><strong>Qtesiper</strong></span> <span class='ocrx_word' id='word_1_625' title='bbox 2429 5055 2687 5127; x_wconf 77' lang='lat' dir='ltr'><strong>invidiam</strong></span> <span class='ocrx_word' id='word_1_626' title='bbox 2722 5072 2915 5127; x_wconf 85' lang='lat' dir='ltr'><strong>graves</strong></span> <span class='ocrx_word' id='word_1_627' title='bbox 2943 5073 3132 5127; x_wconf 86' lang='lat' dir='ltr'><strong>poenas</strong></span> <span class='ocrx_word' id='word_1_628' title='bbox 3164 5058 3337 5111; x_wconf 92' lang='lat' dir='ltr'><strong>luant.</strong></span> 
     </span>
    </p>
   </div>
   <div class='ocr_carea' id='block_1_103' title="bbox 2136 5123 3252 5196">
    <p class='ocr_par' dir='ltr' id='par_1_103' title="bbox 2136 5123 3252 5196">
     <span class='ocr_line' id='line_1_107' title="bbox 2136 5123 3252 5196; baseline 0.003 -19"><span class='ocrx_word' id='word_1_629' title='bbox 2136 5123 2327 5196; x_wconf 80' lang='lat' dir='ltr'><strong>anis</strong></span> <span class='ocrx_word' id='word_1_630' title='bbox 2352 5124 2597 5196; x_wconf 63' lang='lat' dir='ltr'><strong>videndm</strong></span> <span class='ocrx_word' id='word_1_631' title='bbox 2626 5123 2751 5193; x_wconf 83' lang='lat' dir='ltr'><strong>spes</strong></span> <span class='ocrx_word' id='word_1_632' title='bbox 2785 5123 3034 5196; x_wconf 84' lang='lat' dir='ltr'><strong>adempta</strong></span> <span class='ocrx_word' id='word_1_633' title='bbox 3063 5128 3252 5195; x_wconf 68' lang='lat' dir='ltr'><strong>patria:</strong></span> 
     </span>
    </p>
   </div>
   <div class='ocr_carea' id='block_1_104' title="bbox 2136 5194 3509 5265">
    <p class='ocr_par' dir='ltr' id='par_1_104' title="bbox 2136 5194 3509 5265">
     <span class='ocr_line' id='line_1_108' title="bbox 2136 5194 3509 5265; baseline 0.003 -18"><span class='ocrx_word' id='word_1_634' title='bbox 2136 5194 2368 5265; x_wconf 70' lang='lat' dir='ltr'><strong>Quando</strong></span> <span class='ocrx_word' id='word_1_635' title='bbox 2394 5195 2450 5248; x_wconf 92' lang='lat' dir='ltr'><strong>in</strong></span> <span class='ocrx_word' id='word_1_636' title='bbox 2491 5195 2757 5264; x_wconf 89' lang='lat' dir='ltr'><strong>sepulcris</strong></span> <span class='ocrx_word' id='word_1_637' title='bbox 2788 5196 2881 5265; x_wconf 90' lang='lat' dir='ltr'><strong>qui</strong></span> <span class='ocrx_word' id='word_1_638' title='bbox 2915 5194 3212 5250; x_wconf 82' lang='lat' dir='ltr'><strong>ceciderint</strong></span> <span class='ocrx_word' id='word_1_639' title='bbox 3240 5198 3509 5263; x_wconf 91' lang='lat' dir='ltr'><strong>omnium,</strong></span> 
     </span>
    </p>
   </div>
   <div class='ocr_carea' id='block_1_105' title="bbox 2136 5264 3190 5333">
    <p class='ocr_par' dir='ltr' id='par_1_105' title="bbox 2136 5264 3190 5333">
     <span class='ocr_line' id='line_1_109' title="bbox 2136 5264 3190 5333; baseline 0.001 -16"><span class='ocrx_word' id='word_1_640' title='bbox 2136 5264 2244 5318; x_wconf 89' lang='lat' dir='ltr'><strong>Eos</strong></span> <span class='ocrx_word' id='word_1_641' title='bbox 2277 5279 2500 5319; x_wconf 89' lang='lat' dir='ltr'><strong>manere</strong></span> <span class='ocrx_word' id='word_1_642' title='bbox 2522 5265 2615 5333; x_wconf 92' lang='lat' dir='ltr'><strong>qui</strong></span> <span class='ocrx_word' id='word_1_643' title='bbox 2648 5264 2991 5333; x_wconf 88' lang='lat' dir='ltr'><strong>peremerunt</strong></span> <span class='ocrx_word' id='word_1_644' title='bbox 3017 5267 3190 5321; x_wconf 91' lang='lat' dir='ltr'><strong>nefas.</strong></span> 
     </span>
    </p>
   </div>
   <div class='ocr_carea' id='block_1_106' title="bbox 2139 5334 3351 5406">
    <p class='ocr_par' dir='ltr' id='par_1_106' title="bbox 2139 5334 3351 5406">
     <span class='ocr_line' id='line_1_110' title="bbox 2139 5334 3351 5406; baseline 0.005 -20"><span class='ocrx_word' id='word_1_645' title='bbox 2139 5335 2336 5406; x_wconf 83' lang='lat' dir='ltr'><strong>Multas</strong></span> <span class='ocrx_word' id='word_1_646' title='bbox 2362 5334 2415 5387; x_wconf 91' lang='lat' dir='ltr'><strong>in</strong></span> <span class='ocrx_word' id='word_1_647' title='bbox 2440 5335 2604 5389; x_wconf 87' lang='lat' dir='ltr'><strong>urbes</strong></span> <span class='ocrx_word' id='word_1_648' title='bbox 2646 5336 3052 5406; x_wconf 80' lang='lat' dir='ltr'><strong>pertrahentur,</strong></span> <span class='ocrx_word' id='word_1_649' title='bbox 3079 5346 3134 5390; x_wconf 89' lang='lat' dir='ltr'><strong>et</strong></span> <span class='ocrx_word' id='word_1_650' title='bbox 3157 5343 3351 5406; x_wconf 81' lang='lat' dir='ltr'><strong>jugum</strong></span> 
     </span>
    </p>
   </div>
   <div class='ocr_carea' id='block_1_107' title="bbox 2138 5404 3355 5473">
    <p class='ocr_par' dir='ltr' id='par_1_107' title="bbox 2138 5404 3355 5473">
     <span class='ocr_line' id='line_1_111' title="bbox 2138 5404 3355 5473; baseline 0.001 -14"><span class='ocrx_word' id='word_1_651' title='bbox 2138 5405 2347 5459; x_wconf 88' lang='lat' dir='ltr'><strong>Servile</strong></span> <span class='ocrx_word' id='word_1_652' title='bbox 2375 5406 2560 5459; x_wconf 90' lang='lat' dir='ltr'><strong>miseri</strong></span> <span class='ocrx_word' id='word_1_653' title='bbox 2590 5404 2886 5473; x_wconf 89' lang='lat' dir='ltr'><strong>perferent,</strong></span> <span class='ocrx_word' id='word_1_654' title='bbox 2917 5422 3079 5459; x_wconf 88' lang='lat' dir='ltr'><strong>manu</strong></span> <span class='ocrx_word' id='word_1_655' title='bbox 3117 5404 3355 5461; x_wconf 73' lang='lat' dir='ltr'><strong>hostium</strong></span> 
     </span>
    </p>
   </div>
   <div class='ocr_carea' id='block_1_108' title="bbox 2135 5474 3273 5543">
    <p class='ocr_par' dir='ltr' id='par_1_108' title="bbox 2135 5474 3273 5543">
     <span class='ocr_line' id='line_1_112' title="bbox 2135 5474 3273 5543; baseline 0 -14"><span class='ocrx_word' id='word_1_656' title='bbox 2135 5474 2313 5543; x_wconf 89' lang='lat' dir='ltr'><strong>Capti,</strong></span> <span class='ocrx_word' id='word_1_657' title='bbox 2346 5475 2451 5528; x_wconf 91' lang='lat' dir='ltr'><strong>huc</strong></span> <span class='ocrx_word' id='word_1_658' title='bbox 2482 5482 2537 5527; x_wconf 92' lang='lat' dir='ltr'><strong>et</strong></span> <span class='ocrx_word' id='word_1_659' title='bbox 2564 5476 2691 5527; x_wconf 86' lang='lat' dir='ltr'><strong>illuc</strong></span> <span class='ocrx_word' id='word_1_660' title='bbox 2720 5475 3057 5543; x_wconf 88' lang='lat' dir='ltr'><strong>divagantes,</strong></span> <span class='ocrx_word' id='word_1_661' title='bbox 3090 5484 3148 5529; x_wconf 92' lang='lat' dir='ltr'><strong>ut</strong></span> <span class='ocrx_word' id='word_1_662' title='bbox 3183 5476 3273 5529; x_wconf 89' lang='lat' dir='ltr'><strong>Dei</strong></span> 
     </span>
    </p>
   </div>
   <div class='ocr_carea' id='block_1_109' title="bbox 2136 5544 3446 5615">
    <p class='ocr_par' dir='ltr' id='par_1_109' title="bbox 2136 5544 3446 5615">
     <span class='ocr_line' id='line_1_113' title="bbox 2136 5544 3446 5615; baseline 0.004 -18"><span class='ocrx_word' id='word_1_663' title='bbox 2136 5544 2254 5615; x_wconf 67' lang='lat' dir='ltr'><strong>Yox</strong></span> <span class='ocrx_word' id='word_1_664' title='bbox 2287 5552 2431 5597; x_wconf 91' lang='lat' dir='ltr'><strong>certa</strong></span> <span class='ocrx_word' id='word_1_665' title='bbox 2454 5545 2663 5615; x_wconf 79' lang='lat' dir='ltr'><strong>cecinit</strong></span> <span class='ocrx_word' id='word_1_666' title='bbox 2691 5563 2703 5597; x_wconf 93' lang='lat'><strong>:</strong></span> <span class='ocrx_word' id='word_1_667' title='bbox 2734 5546 2881 5597; x_wconf 88' lang='lat' dir='ltr'><strong>nulla</strong></span> <span class='ocrx_word' id='word_1_668' title='bbox 2905 5547 3015 5611; x_wconf 91' lang='lat' dir='ltr'><strong>jam</strong></span> <span class='ocrx_word' id='word_1_669' title='bbox 3050 5561 3175 5615; x_wconf 85' lang='lat' dir='ltr'><strong>spes</strong></span> <span class='ocrx_word' id='word_1_670' title='bbox 3212 5547 3446 5615; x_wconf 91' lang='lat' dir='ltr'><strong>amplius</strong></span> 
     </span>
    </p>
   </div>
   <div class='ocr_carea' id='block_1_110' title="bbox 2136 5614 3353 5683">
    <p class='ocr_par' dir='ltr' id='par_1_110' title="bbox 2136 5614 3353 5683">
     <span class='ocr_line' id='line_1_114' title="bbox 2136 5614 3353 5683; baseline 0.001 -15"><span class='ocrx_word' id='word_1_671' title='bbox 2136 5614 2343 5668; x_wconf 87' lang='lat' dir='ltr'><strong>Futura</strong></span> <span class='ocrx_word' id='word_1_672' title='bbox 2372 5614 2579 5667; x_wconf 86' lang='lat' dir='ltr'><strong>reditus</strong></span> <span class='ocrx_word' id='word_1_673' title='bbox 2615 5621 2706 5665; x_wconf 87' lang='lat' dir='ltr'><strong>aut</strong></span> <span class='ocrx_word' id='word_1_674' title='bbox 2739 5629 3043 5683; x_wconf 88' lang='lat' dir='ltr'><strong>regressus,</strong></span> <span class='ocrx_word' id='word_1_675' title='bbox 3074 5614 3353 5669; x_wconf 69' lang='lat' dir='ltr'><strong>Ausonum</strong></span> 
     </span>
    </p>
   </div>
   <div class='ocr_carea' id='block_1_111' title="bbox 2138 5684 3467 5753">
    <p class='ocr_par' dir='ltr' id='par_1_111' title="bbox 2138 5684 3467 5753">
     <span class='ocr_line' id='line_1_115' title="bbox 2138 5684 3467 5753; baseline 0.008 -18"><span class='ocrx_word' id='word_1_676' title='bbox 2138 5684 2257 5737; x_wconf 77' lang='lat' dir='ltr'><strong>Dux</strong></span> <span class='ocrx_word' id='word_1_677' title='bbox 2287 5700 2349 5737; x_wconf 74' lang='lat' dir='ltr'><strong>ex</strong></span> <span class='ocrx_word' id='word_1_678' title='bbox 2392 5699 2499 5752; x_wconf 90' lang='lat' dir='ltr'><strong>quo</strong></span> <span class='ocrx_word' id='word_1_679' title='bbox 2534 5685 2589 5735; x_wconf 89' lang='lat' dir='ltr'><strong>in</strong></span> <span class='ocrx_word' id='word_1_680' title='bbox 2625 5684 2716 5736; x_wconf 92' lang='lat' dir='ltr'><strong>illo</strong></span> <span class='ocrx_word' id='word_1_681' title='bbox 2761 5688 2976 5753; x_wconf 83' lang='lat' dir='ltr'><strong>agmine</strong></span> <span class='ocrx_word' id='word_1_682' title='bbox 3016 5687 3213 5739; x_wconf 86' lang='lat' dir='ltr'><strong>infesto</strong></span> <span class='ocrx_word' id='word_1_683' title='bbox 3251 5690 3467 5745; x_wconf 84' lang='lat' dir='ltr'><strong>irruens</strong></span> 
     </span>
    </p>
   </div>
   <div class='ocr_carea' id='block_1_112' title="bbox 2138 5753 3289 5823">
    <p class='ocr_par' dir='ltr' id='par_1_112' title="bbox 2138 5753 3289 5823">
     <span class='ocr_line' id='line_1_116' title="bbox 2138 5753 3289 5823; baseline 0.003 -16"><span class='ocrx_word' id='word_1_684' title='bbox 2138 5754 2459 5823; x_wconf 83' lang='lat' dir='ltr'><strong>Magnoque,</strong></span> <span class='ocrx_word' id='word_1_685' title='bbox 2488 5753 2886 5821; x_wconf 72' lang='lat' dir='ltr'><strong>depraedabitur</strong></span> <span class='ocrx_word' id='word_1_686' title='bbox 2906 5770 3000 5809; x_wconf 90' lang='lat' dir='ltr'><strong>eos</strong></span> <span class='ocrx_word' id='word_1_687' title='bbox 3029 5756 3289 5811; x_wconf 78' lang='lat' dir='ltr'><strong>insolens.</strong></span> 
     </span>
    </p>
   </div>
   <div class='ocr_carea' id='block_1_113' title="bbox 2139 5824 3238 5894">
    <p class='ocr_par' dir='ltr' id='par_1_113' title="bbox 2139 5824 3238 5894">
     <span class='ocr_line' id='line_1_117' title="bbox 2139 5824 3238 5894; baseline 0 -16"><span class='ocrx_word' id='word_1_688' title='bbox 2139 5824 2258 5878; x_wconf 81' lang='lat' dir='ltr'><strong>Non</strong></span> <span class='ocrx_word' id='word_1_689' title='bbox 2288 5834 2440 5894; x_wconf 86' lang='lat' dir='ltr'><strong>patre</strong></span> <span class='ocrx_word' id='word_1_690' title='bbox 2471 5831 2630 5878; x_wconf 89' lang='lat' dir='ltr'><strong>natus</strong></span> <span class='ocrx_word' id='word_1_691' title='bbox 2655 5824 2759 5879; x_wconf 87' lang='lat' dir='ltr'><strong>ista</strong></span> <span class='ocrx_word' id='word_1_692' title='bbox 2792 5827 3004 5879; x_wconf 90' lang='lat' dir='ltr'><strong>mortali</strong></span> <span class='ocrx_word' id='word_1_693' title='bbox 3037 5827 3238 5891; x_wconf 72' lang='lat' dir='ltr'><strong>edidit,</strong></span> 
     </span>
    </p>
   </div>
  </div>
