4176 6366
430 433 543 489 277
1723 436 2070 494 CHRISTUS
2105 420 2422 494 minans.
3594 434 3702 491 278

443 557 548 607 Ἢν
581 555 641 619 ἐξ
672 556 887 626 ἀπάτης
914 554 1091 626 ἔσχες,
1120 555 1195 619 ὡς
1226 556 1417 627 θνητὸς
1447 556 1643 623 γεγώς.
2052 569 2097 622 Α
2140 560 2225 612 Ἐν
2262 559 2478 623 σινδόνι,
2519 558 2710 627 μύροις
2747 573 2827 621 τε,
2860 554 3064 627 μητρὸς
3092 555 3155 608 ὲκ
3177 554 3374 617 θνατᾶς

438 649 606 702 Τῶνδ’
636 648 789 702 οὐδὲν
810 649 961 719 ᾔδειν
994 650 1056 701 ὲκ
1083 648 1256 716 λόγων
1280 647 1597 716 θεοπρόπων
1617 664 1633 678 ·
2124 649 2264 705 1770
2290 648 2481 711 Φανείς
2497 667 2511 681 ο
2541 649 2632 700 τὸν
2659 650 2722 701 ὲκ
2748 646 2932 717 κείνης
2961 646 3069 718 γὰρ
3094 642 3161 716 ἦν
3186 646 3365 699 θανεῖν
3387 645 3578 716 χρέως.

438 741 772 795 Διδασκάλου
800 741 846 793 δ’
872 741 1043 808 ἔγνων
1075 740 1258 802 αὐτοῖς
1286 739 1525 811 στέρνοις
1558 740 1783 805 κλιθεὶς,
2122 743 2186 796 Εἰ
2214 741 2257 793 δ’
2283 743 2358 804 ὼς
2386 740 2517 803 Θεὸς
2546 740 2639 793 νῦν
2664 739 2940 811 κυριεύσει
2972 738 3067 790 καὶ
3102 739 3290 809 μόρου,

440 829 584 885 1760
611 829 797 894 Οὕτως
824 830 1042 883 ἔσεσθαι
1071 830 1197 892 τοὺς
1224 828 1345 899 Θεῷ
1383 830 1757 899 ψιλουμένους.
2126 834 2321 885 Ἔσται
2345 830 2405 883 τὸ
2438 830 2622 883 λοιπὸν
2641 869 2656 894 ,
2681 828 2755 893 ὡς
2786 828 2919 882 Θεοῦ
2951 830 3088 891 Παῖς
3127 830 3220 880 καὶ
3250 827 3439 898 μόνος,

452 922 597 992 Ἐγὼ
627 920 837 992 συνῆκα
867 922 1138 975 Δεσπότου
1172 920 1413 991 στέρνοις
1444 920 1648 986 πεσὼν,
2128 924 2330 977 Ἅπασι
2359 922 2553 986 σεπτὸς
2584 925 2753 975 τοῖσιν
2785 919 3163 983 εἰδόσινΘεὸς.

444 1015 594 1067 Ὥστ’
615 1015 675 1079 ἐξ
700 1014 938 1069 ἀϐύσσου
968 1014 1119 1067 πόλλ’
1148 1014 1498 1085 ἁπαντλήσας
1525 1014 1687 1085 σοφά.
2125 1015 2325 1079 Πένθος
2353 1015 2410 1069 δὲ
2449 1014 2599 1084 βαιὸν
2631 1013 2743 1068 ὄντι
2772 1012 2977 1085 μητρὸς
3014 1014 3077 1065 ἐκ
3105 1011 3303 1073 θνατᾶς

524 1108 669 1161 Ἰωσ.
711 1107 882 1175 Σοφοῦ
912 1107 1043 1179 παρ’
1067 1106 1258 1179 ἀνδρὸς
1280 1106 1387 1178 χρὴ
1413 1108 1574 1176 σοφόν
1592 1124 1645 1160 τι
1678 1106 1987 1179 μανθάνειν.
2127 1108 2265 1161 1775
2296 1108 2542 1161 Κείσθω·
2577 1106 2668 1160 τὸν
2692 1108 2758 1159 ἐκ
2789 1106 2972 1176 κείνης
2994 1105 3103 1179 γὰρ
3133 1102 3201 1178 ἦν
3231 1104 3411 1159 θανεῖν
3432 1102 3627 1174 χρέως.

444 1197 717 1263 Πέποιθας
750 1198 913 1252 αὑτὸν
941 1198 985 1252 δ’
1015 1193 1170 1260 αὖθις
1199 1198 1326 1251 ίδεῖν
1351 1199 1409 1252 ὲν
1441 1197 1627 1268 χθονί;
2129 1202 2292 1271 Ἡμῖν
2336 1200 2433 1270 μὲν
2468 1198 2609 1252 οὕτω
2633 1197 2727 1253 νῦν
2750 1200 3042 1270 τετίμηται
3074 1199 3243 1267 φίλος.

443 1288 583 1343 1765
616 1292 790 1343 Θεολ.
818 1287 1090 1341 Πέποιθαο
1122 1286 1285 1354 δείξει
1311 1287 1534 1341 τούπιὸν
1560 1287 1719 1351 σέλας
1749 1287 1906 1342 Θεοῦ.
2128 1294 2225 1352 Ὃς
2249 1290 2292 1343 δ’
2318 1289 2372 1341 εί
2389 1306 2442 1341 τι
2470 1289 2756 1360 πράσσειν,
2792 1288 2866 1351 ὡς
2894 1288 3047 1353 Θεὸς,
3090 1287 3258 1340 θέλων
3295 1285 3488 1349 σθένει,

441 1378 589 1433 Μίαν
618 1378 788 1449 μόνην
818 1377 996 1449 μεῖναί
1026 1395 1093 1448 με
1121 1378 1202 1430 δεῖ
1220 1379 1318 1449 τὴν
1349 1376 1557 1446 αὔριον.
2124 1381 2332 1452 Καιρὸς
2356 1381 2617 1451 πάρεστι’
2657 1380 2770 1449 φῶς
2799 1379 2907 1451 γὰρ
2949 1379 3161 1451 ἡμέρας
3194 1378 3382 1449 τρίτης

454 1471 600 1524 Ἰωσ.
654 1470 816 1541 Ἡμῖν
841 1470 940 1540 μὲν
968 1469 1043 1533 ὡς
1069 1470 1240 1541 μέγας
1267 1487 1353 1533 τις
1374 1470 1525 1539 ἥκων
1550 1469 1614 1523 ὲκ
1645 1469 1801 1534 Θεοῦ,
2126 1473 2198 1524 Οὐ
2230 1472 2447 1543 μακράν
2485 1472 2623 1535 ἐστι,
2652 1472 2748 1524 καὶ
2780 1471 2840 1523 τὸ
2868 1473 2975 1523 πᾶν
3003 1470 3319 1540 φανήσεται.

452 1560 666 1626 ’Λπλῶς
685 1578 745 1614 τε
775 1561 973 1629 θανὼν,
1008 1560 1086 1624 ὡς
1116 1560 1306 1631 βροτὸς
1333 1560 1683 1631 τυμϐεύεται,
2200 1562 2336 1618 1780
2376 1566 2543 1617 Θεολ.
2576 1562 2818 1616 Πέποιθα
2851 1562 3015 1615 πᾶσιν
3041 1561 3251 1633 ἡμέραν
3276 1556 3561 1628 ἐλευθέραν

936 1717 1111 1791 Quam
1138 1733 1206 1773 ex
1229 1718 1430 1791 fraude
1460 1718 1723 1791 habuisti,
1759 1718 1854 1789 qui
1884 1721 2132 1789 mortalis
2160 1720 2377 1791 genitus
2408 1720 2597 1776 fueris.

936 1788 1085 1859 Nihil
1114 1788 1242 1843 uovi
1275 1804 1341 1844 ex
1371 1790 1760 1859 prophetarum
1777 1788 2052 1855 oraculis,

938 1858 1287 1929 Recumbens
1312 1857 1638 1929 iniMa’gistri
1663 1860 1788 1913 sinu
1819 1860 1985 1915 didici

939 1930 1080 1999 17760
1120 1928 1195 1982 lta
1228 1928 1343 1984 fore
1372 1928 1874 1999 Deo’praedilectos.

941 1998 1035 2071 Sic
1060 1999 1300 2054 intellexi
1334 1998 1548 2071 Domini
1579 2000 1784 2071 gremio
1806 2000 2018 2071 jacens,

937 2066 1200 2140 Yelutex
1229 2072 1430 2140 abysso
1457 2066 1614 2138 plura
1642 2066 1920 2139 sapientiae
1950 2085 2191 2125 consona
2231 2070 2513 2126 hauriens.

935 2137 1155 2211 Ιζοδιξριι.
1197 2139 1241 2192 Α
1270 2137 1519 2211 sapiente
1548 2140 1667 2194 viro
1696 2137 1853 2195 decet
1878 2141 2117 2209 aliquam
2149 2141 2475 2211 sapientiam
2507 2139 2755 2196 ediscere
2780 2161 2795 2195 :

940 2209 1220 2277 Sperasne
1242 2209 1366 2264 eum
1396 2210 1450 2263 in
1475 2218 1622 2264 terra
1651 2211 1846 2264 iterum
1870 2211 2096 2266 videre?
2218 2209 2235 2211 ”
2262 2230 2267 2235 ·

941 2279 1084 2351 1765
1122 2279 1305 2351 Theol.
1334 2279 1560 2335 Conﬁdo
1586 2296 1601 2345 ;
1628 2280 1746 2336 dies
1775 2296 2010 2349 sequens
2044 2279 2418 2336 manifestabit
2449 2280 2678 2351 gloriam
2710 2280 2825 2336 Dei.

941 2348 1355 2420 Unicamidiem
1384 2358 1661 2420 posteram
1693 2366 1780 2405 me
1808 2348 2023 2420 oportet
2054 2366 2296 2405 manere.

940 2417 1155 2491 ζοεεριι.
1182 2417 1457 2491 Equidem
1486 2434 1604 2483 nos,
1639 2428 1701 2473 ut
1727 2417 1905 2474 virum
1933 2422 2197 2490 optimum
2223 2437 2253 2475 a
2282 2421 2394 2475 Deo
2424 2420 2752 2491 profectum,

945 2489 1392 2571 Simpliciterque
1430 2500 1726 2571 mortuum,
1764 2500 1823 2545 ut
1849 2489 2120 2546 hominem
2148 2489 2541 2571 trimulavinius

939 2558 1266 2631 Insindone
1290 2558 1345 2615 et
1374 2562 1687 2629 unguentis.
1719 2572 1975 2629 tanquam
2003 2577 2071 2617 ex
2098 2562 2319 2615 mortali
2347 2562 2610 2631 genitrice

942 2629 1084 2701 1:770
1123 2629 1480 2685 Procreatum
1507 2646 1776 2701 :namque
1801 2631 1972 2684 ﬁlium
1995 2631 2116 2699 ejus
2150 2633 2287 2685 mori
2311 2629 2535 2687 necesse
2564 2640 2701 2687 erat.

942 2697 1148 2754 Verum
1178 2701 1225 2755 si
1249 2709 1505 2768 tanquam
1534 2697 1872 2755 Deus—morti
1903 2697 2237 2765 dominetur,

945 2769 1402 2890 ὗθιο-ιειι
1444 2768 1559 2824 Erit
1590 2770 1870 2841 deinceps,
1900 2778 1961 2825 ut
1994 2771 2087 2825 Dei
2112 2769 2282 2826 Filius
2312 2781 2365 2827 et
2396 2770 2620 2834 unicus,

991 2856 1091 2890 eus
1120 2840 1190 2890 ab
1216 2842 1496 2890 omnibus.
1525 2840 1617 2890 aui
1646 2841 1920 2890 noverint.
1949 2842 2238 2890 colendus-

991 2856 1099 2911 eus
1120 2840 1190 2894 ab
1216 2840 1496 2903 omnibus,
1525 2840 1617 2911 qui
1646 2840 1920 2906 noverint,
1949 2842 2238 2896 colendus.

944 2908 1105 2981 Brevi
1136 2918 1381 2981 tempore
1407 2908 1677 2981 lugeatur,
1711 2918 1771 2963 ut
1800 2911 1893 2979 qui
1928 2926 1995 2966 ex
2036 2919 2211 2966 matre
2241 2912 2459 2966 mortali

948 2978 1091 3050 1775
1118 2978 1210 3050 Sit
1231 2978 1495 3050 genitus}
1535 2981 1704 3034 ﬁlium
1740 2978 1885 3035 enim
1914 2982 2033 3049 ejus
2064 2982 2201 3035 mori
2234 2998 2460 3037 necesse
2493 2989 2597 3037 est.

954 3047 1049 3122 Sic
1081 3048 1199 3122 ejus
1236 3047 1527 3122 exsequias
1555 3047 2059 3122 cobonestavimus,
2088 3059 2149 3104 ut
2186 3053 2368 3106 amici.

952 3118 1044 3190 At,
1075 3119 1122 3174 si
1154 3128 1215 3174 ut
1242 3118 1408 3190 Deus,
1442 3120 1685 3190 potentia
1715 3136 1813 3175 sua
1847 3122 1976 3189 quid
2011 3137 2173 3190 agere
2206 3124 2359 3187 velit,

954 3186 1196 3259 Tempus
1223 3189 1380 3246 adest
1413 3186 1551 3246 z'lux
1584 3190 1729 3246 enim
1764 3186 1881 3245 diei
1907 3186 2080 3246 tertiae

956 3257 1209 3313 Proxima
1239 3268 1343 3325 est,
1364 3270 1418 3316 et
1442 3261 1627 3316 omnia
1649 3276 1807 3316 suum
1838 3262 2135 3315 sortientur
2164 3261 2393 3316 exitum.

1027 3329 1168 3385 1780
1202 3329 1382 3386 Theol.
1413 3330 1641 3385 Conﬁdo
1670 3331 1927 3386 omnibus
1959 3332 2100 3387 diem
2128 3332 2355 3386 liberam

531 3482 665 3559 1758
706 3484 923 3559 ﬁdem.
956 3485 1049 3540 Sic
1077 3485 1186 3541 duo
1218 3486 1392 3557 Regii.
1432 3487 1687 3544 Mendose
1722 3489 1853 3559 editi
1883 3489 2028 3559 ἧδεν.
2141 3488 2676 3559 Eumdem_consequi
2708 3487 2910 3559 luctum
2952 3485 3163 3559 addecet
3193 3501 3409 3555 parvum
3427 3486 3708 3559 jaqenlem.

455 3551 689 3627 lt:l__fe_re
735 3551 894 3627 Rhea.
935 3573 1081 3627 vers.
1121 3559 1228 3613 952
1268 3551 1438 3612 choro
1477 3559 1768 3627 respondet
1805 3551 2026 3613 Hector.
2140 3561 2217 3613 Ita
2244 3560 2355 3613 fere
2400 3557 2556 3611 Rhea.
2599 3551 2744 3627 vers.
2780 3558 2906 3621 947,
2930 3564 3075 3627 7etc.,
3104 3551 3251 3609 Musa
3282 3560 3357 3609 ait
3405 3551 3465 3609 se
3506 3556 3708 3627 luctum

530 3623 668 3677 1759
700 3624 1101 3680 Διδασκάλου.
1137 3627 1390 3683 Mendose
1434 3623 1580 3681 editi
1598 3629 1937 3691 διδάσκαλος.
2138 3630 2179 3683 bi

2138 3630 2286 3683 brevi
2323 3629 2562 3682 futurum
2604 3626 2841 3692 Tethidi,
2890 3626 2961 3680 ob
2993 3627 3216 3681 Achillis
3243 3634 3492 3689 mortem,
3521 3625 3708 3679 allatu-

531 3692 669 3767 1762
712 3697 1169 3767 Ἀπαντλήσας,
1219 3706 1326 3753 etc.
1372 3697 1630 3754 Mendose
1681 3700 1812 3754 edit.
1860 3700 2035 3752 ἀπαν-
2142 3714 2180 3752 r:

1313 3739 1326 3753 .
1372 3697 1630 3754 Mendose
1681 3700 1812 3754 edit.
1860 3700 2035 3752 ἀπαν-
2142 3714 2256 3752 ram
2284 3698 2433 3752 fore:
2945 3716 2961 3745 ε.

455 3762 692 3838 τλησεις.
1002 3762 1012 3767 ⁷
2214 3768 2370 3822 Βαιὸν
2398 3768 2453 3820 δὲ
2487 3768 2680 3831 πένθος
2712 3769 2809 3838 τῆς
2842 3766 3134 3829 θαλασσίας
3167 3766 3289 3819 θεοῦ

531 3804 892 3912 ᾖξῖῖζοροῦ
913 3839 1067 3907 παρ’.
1100 3837 1353 3912 lpsismet
1376 3838 1557 3893 verbis
1579 3838 1737 3894 Rhes.
1760 3854 1904 3895 vers.
1932 3838 2034 3893 106

2214 3804 2368 3822 υυιυυγ
2398 3804 2453 3820 υς
2494 3804 2678 3831 Ιῦῧγυὶ-’ξ
2723 3804 2805 3838 νιν,
2843 3804 3132 3829 νυῡηυυυνηρτ
3170 3804 3287 3819 νθυυ

1978 3838 2034 3893 )6
2214 3840 2849 3912 Οἴσω........ι
3002 3906 3016 3912 Δ
3282 3907 3291 3912 _
3618 3905 3627 3912 _

456 3903 667 3977 chorus
695 3903 886 3977 Doloni
917 3903 1231 3977 respondet.
1386 3976 1391 3977 7
2213 3908 2431 3963 Brevem
2445 3919 2640 3974 autem,
2664 3908 2717 3961 id
2735 3917 2811 3962 est
2832 3907 2969 3963 brevi
2990 3906 3249 3975 futurum,
3274 3907 3473 3977 luctum
3492 3905 3708 3977 mortuae

532 3973 671 4028 1765
700 3976 959 4032 Πέποιθα
988 3973 1190 4045 δείξει,
1229 3986 1338 4034 etc.
1375 3976 1465 4034 Sic
1497 3978 1699 4034 ibidem
1727 3978 1928 4035 Hector
1963 3979 2031 4034 ad

1989 3979 2031 4034 .d
2628 3973 2632 3974 7
2990 3973 2998 3975 7
3264 3976 3398 4048 [dere
3434 3975 3638 4029 Tethidi

458 4044 711 4118 chorum,
744 4063 888 4118 vers.
920 4049 1045 4103 551.
1504 4117 1510 4118 7

1504 4117 1510 4118 7
2214 4049 2470 4118 Alferam.
2514 4090 2529 4104 .
2571 4089 2586 4103 .
2624 4091 2637 4104 .
2682 4088 2754 4118 .7.
2798 4088 2814 4102 .
2856 4088 2870 4102 .

533 4113 858 4189 1766_Mlar
882 4119 1081 4187 μόνην
1102 4119 1319 4189 μεῖναι,
1350 4126 1458 4175 etc.
1492 4117 1645 4188 Saepe
1672 4118 1907 4175 recurrit
1936 4118 2041 4176 iste

2217 4113 2353 4174 17780
2364 4120 2625 4173 Πὲποιθα
2640 4117 2849 4182 πᾶσιν,
2870 4126 2975 4173 etc.
2999 4117 3090 4172 Sic
3109 4116 3240 4172 ibid.
3260 4132 3400 4189 vers.
3425 4116 3521 4189 997i
3535 4156 3548 4179 ,
3577 4122 3708 4189 e_tc.,

460 4186 786 4258 “@991”,-
886 4186 891 4187 7
1030 4186 1035 4187 7
1104 4186 1117 4189 7
1306 4186 1309 4187 7
1345 4257 1356 4258 ί
1579 4186 1596 4188 “
2146 4189 2346 4244 llector
2366 4190 2647 4245 conﬁdens
2677 4194 2752 4244 ait
2784 4189 3048 4258 Trojanos
3080 4189 3148 4243 ab
3180 4188 3465 4242 obsidione
3486 4186 3708 4256 jamjam

534 4254 672 4330 1770
712 4257 821 4310 Τὸν
846 4258 936 4330 ξκ-
954 4260 1158 4326 κείνης
1184 4259 1298 4330 γὰρ,
1326 4257 1426 4330 ἦν,
1459 4268 1564 4315 etc.
1610 4260 1701 4315 Sic
1724 4261 1864 4316 infra
1890 4275 2037 4315 vers.
2146 4262 2183 4313 li

990 4260 1158 4326 δίνης
1184 4259 1298 4330 γὰρ
1326 4257 1426 4330 ἦν,
1459 4268 1564 4315 etc.
1610 4260 1701 4315 Sic
1724 4261 1864 4316 infra
1890 4275 2037 4315 vers.
2146 4259 2459 4330 liberandos
2488 4259 2636 4313 fore:

466 4324 623 4401 1775,
645 4334 709 4401 _et
731 4327 875 4401 apud
897 4324 1208 4401 Euripidem
1235 4324 1389 4385 Rhea.
1410 4324 1551 4386 vers.
1577 4332 1701 4397 975,
1735 4348 1843 4386 non
1881 4333 2039 4385 aliter

1661 4332 1701 4397 5,
1735 4348 1843 4386 non
1881 4333 2039 4385 aliter
2215 4328 2458 4401 Πέποιθα
2491 4330 2672 4400 Τρωσί
2706 4329 2752 4401 θ’
2788 4329 3001 4401 ἡμέραν
3022 4328 3310 4401 ἐλευθέραν

463 4394 615 4470 Musa
644 4394 884 4470 loquitur
912 4400 979 4453 de
1012 4394 1258 4470 Achille:
1689 4394 1696 4397 7

1689 4394 1696 4397 7
2227 4400 2445 4470 ᾏκτῖνα
2476 4394 2573 4470 τὴν
2602 4394 2913 4469 στείχουσαν
2948 4400 3096 4470 ἡλίου
3128 4394 3331 4469 φέρειν.

531 4466 724 4541 gaver
758 4467 867 4538 γὰρ
894 4470 988 4522 καὶ
1012 4468 1101 4521 τὸν
1132 4471 1196 4541 ἐκ
1220 4470 1405 4541 κείνης
1431 4470 1628 4541 χρεών.

1555 4470 1628 4525 ὺν.
2216 4467 2438 4541 Qonﬁdo
2460 4479 2511 4524 et
2530 4466 2788 4541 Troianis
2821 4466 3204 4541 diem7liberam

539 4533 732 4609 [adole
756 4533 894 4609 enim
927 4548 1078 4609 estet
1104 4538 1248 4594 illius
1275 4533 1633 4609 ﬁliuni‘inori.
2214 4533 2414 4593 Rodios
2446 4533 2744 4609 accedentes
2772 4540 2899 4593 solis
2927 4540 3207 4609 allaturos.

537 4605 675 4660 1774
698 4607 928 4673 Πένθος
957 4608 1026 4661 δὲ
1059 4605 1284 4676 βαιάν,
1312 4619 1422 4665 etc.
1476 4611 1619 4667 Bene
1651 4612 1832 4667 minus
1872 4610 2035 4666 Roill.
2145 4609 2186 4665 Ι(

2145 4609 2201 4665 Id
2228 4616 2333 4673 est,
2356 4626 2474 4664 cras
2504 4608 2766 4679 Trojano:
2798 4609 3067 4663 obsidione
3091 4608 3435 4661 liberaturum
3454 4608 3521 4660 iri
3543 4618 3707 4672 spero.

1770 4734 2103 4831 METRICA
2134 4769 2428 4831 VERSIO.

468 4907 695 4983 hlortale
712 4908 995 4983 quidquid
1014 4910 1144 4983 ipse
1162 4911 1410 4966 mortalis
1430 4910 1574 4983 7dolo
1618 4980 1629 4983 _
1662 4982 1667 4983 7
2078 4924 2121 4979 Β
2152 4911 2275 4982 Ipso
2303 4911 2632 4983 profectum,
2667 4918 2840 4983 morte
2868 4911 3151 4983 sublatum
3182 4913 3356 4967 virum

471 4979 756 5052 Serpentis
778 4981 915 5052 olim
947 4980 1245 5052 obnoxium
1279 4981 1444 5036 morti
1469 4980 1725 5045 attrahis,
2153 4979 2219 5035 Et
2248 4979 2426 5037 matre
2463 4983 2681 5035 mortali
2704 4982 2930 5046 editum,
2959 4991 3121 5052 atque
3142 4982 3271 5038 hinc
3299 4984 3539 5038 debitum

469 5048 593 5121 Fies
625 5049 761 5103 deus
789 5049 926 5117 jam.
953 5048 1158 5104 Horum
1181 5052 1425 5105 omnium
1448 5052 1583 5104 mihi
1623 5052 1757 5105 nihil
2154 5052 2335 5116 Morti,
2373 5052 2673 5105 involutum
2703 5053 2869 5105 linteo
2900 5048 3063 5121 atque
3097 5061 3342 5119 unctum,
3383 5055 3576 5110 damus

468 5119 783 5194 Prmceptor
812 5135 877 5173 ex
896 5128 1088 5194 vatum
1123 5122 1355 5194 canebat
1387 5122 1639 5184 vocibus,
2154 5124 2334 5194 Ipsum
2362 5124 2630 5194 sepulcro.
2669 5121 2723 5175 Si
2754 5121 2900 5194 Deus
2932 5119 3210 5194 tanquam,
3246 5124 3475 5194 imperet

474 5189 1031 5261 Yerumrecumbens
1050 5191 1222 5261 hujus
1254 5192 1321 5245 ad
1358 5199 1548 5261 pectus
1582 5207 1799 5247 sacrum
2157 5193 2334 5259 Morti,
2362 5189 2452 5245 ille
2476 5193 2702 5261 posthac
2732 5201 2789 5244 ut
2814 5192 2906 5246 Dei
2933 5189 3245 5248 cenéebitur

474 5259 648 5332 l_)idici
678 5259 913 5332 futuros
935 5261 1015 5332 sic
1044 5260 1154 5315 Deo
1184 5259 1561 5316 charissimos.
2158 5262 2349 5325 Filius,
2374 5270 2426 5316 et
2450 5259 2589 5317 idem
2614 5263 2698 5316 his
2727 5262 2984 5316 omnibus
3007 5263 3101 5332 qui
3135 5263 3384 5319 noverint

475 5328 587 5398 Ego
607 5330 736 5400 ista,
765 5330 981 5400 Domini
1016 5332 1218 5400 pectori
1255 5346 1379 5385 cum
1410 5332 1694 5395 inniterer,
2156 5333 2299 5387 Deus
2326 5333 2586 5387 colendus
2624 5347 2785 5385 unus.
2816 5334 2883 5383 At
2913 5328 3087 5386 matre
3117 5333 3324 5386 editum

473 5398 736 5470 Cognovi,
767 5399 967 5470 abysso
996 5398 1062 5454 ex
1088 5401 1323 5454 maxima
1355 5401 1520 5454 multa
1556 5402 1816 5456 hauriens
2160 5403 2391 5467 Mortali,
2420 5403 2671 5456 eumdem
2691 5402 2948 5470 consequi
2982 5403 3185 5455 luctum
3214 5403 3441 5458 addecet

475 5469 607 5541 Quae
638 5476 765 5541 sunt
789 5484 961 5541 sacrae
977 5480 1030 5526 et
1051 5471 1343 5526 reconditae
1364 5472 1673 5541 sapientiae.
2158 5473 2394 5527 Parvum
2421 5472 2715 5541 jacentem,
2752 5479 2812 5524 ut
2846 5469 2937 5541 qui
2963 5480 3186 5541 parente
3220 5474 3307 5525 illa
3338 5482 3489 5530 satus

478 5538 692 5605 Ioseph.
730 5537 1236 5611 Sapientisepenu
1262 5540 1399 5594 nihil
1425 5537 1533 5595 nisi
1561 5541 1800 5610 sapiens.
2163 5543 2263 5607 Sit,
2297 5537 2530 5611 ipsa'cui
2558 5542 2641 5596 lex
2674 5537 3019 5596 mortis’oli’m
3053 5542 3411 5597 incumberet.

476 5610 565 5681 ἧι,
600 5615 739 5681 tune
761 5624 949 5681 speras
979 5610 1031 5664 id
1062 5609 1307 5681 futurum
1333 5617 1394 5681 ut
1417 5609 1689 5681 redditum
2160 5612 2271 5668 Nos
2295 5609 2498 5681 eumut
2521 5613 2752 5665 amicum
2777 5612 3087 5681 quo7decuit
3109 5613 3424 5681 excepimus

477 5677 664 5750 Terris
694 5678 861 5733 videri
886 5680 1084 5735 detur?
1116 5680 1295 5735 Theol.
1332 5680 1390 5733 ld
1426 5695 1605 5750 spero,
1644 5679 1761 5747 Dei,
2162 5682 2377 5736 Honore
2406 5680 2671 5735 functum.
2698 5683 2766 5734 At
2795 5677 2851 5734 ut
2880 5679 3042 5741 Deus.
3070 5682 3117 5736 si
3143 5677 3271 5749 quid
3301 5683 3446 5737 volet

476 5746 609 5822 Qum
632 5748 721 5801 lux
754 5758 1035 5818 sequetur,
1070 5751 1257 5805 lumen
1285 5746 1625 5822 indicaverit,
1832 5819 1842 5822 _
1926 5819 1952 5822 _
2162 5753 2293 5807 Post
2319 5768 2500 5821 agere,
2532 5762 2840 5822 promptum
2872 5759 2955 5805 est
2979 5751 3077 5822 illi,
3110 5746 3355 5822 etinstat
3376 5754 3487 5821 jam
3517 5750 3664 5807 diCS'

479 5816 630 5891 lianc
658 5834 821 5891 unam
835 5816 1055 5889 oportet
1077 5836 1162 5876 me
1184 5836 1404 5876 manere
1436 5821 1751 5877 crastinam.
1831 5819 1885 5891 [ιι
1922 5819 2033 5875 Deo
2164 5823 2339 5890 Prope
2357 5816 2642 5891 'tertia'est
2675 5816 2766 5874 lux
2796 5837 2915 5891 quae
2941 5821 3016 5875 rei
3042 5821 3189 5875 dabit
3215 5816 3440 5877 exitum.

480 5883 785 5958 Joseph.At
806 5883 909 5947 nos
932 5891 1154 5962 quidem
1186 5891 1337 5946 illum
1367 5906 1619 5962 magnum
1640 5898 1698 5949 ut
1730 5883 2058 5963 aliq‘uem,ct
2239 5883 2415 5948 ΤἸιεοΙ.
2456 5890 2627 5963 Spero
2658 5883 2900 5947 futurum
2936 5900 2994 5945 ut
3028 5891 3197 5948 libera
3228 5894 3482 5949 omnibus
3515 5890 3631 5946 dies
