4176 6366
433 389 543 453 505
1752 392 2099 449 CHRISTUS
2134 391 2447 450 PATlENS.

434 516 727 585 Φεύγωμεν
755 514 832 577 ὡς
866 512 1100 580 τάχιστα
1130 512 1396 582 μνημείου
1424 511 1627 581 δρόμῳ.

436 610 569 677 Σιγῇ
607 604 868 675 φέρουσαι
901 605 1011 657 πᾶν
1042 601 1227 673 ὅραμ’,
1265 601 1517 671 ἄκουσμά
1544 618 1603 653 τε
1624 639 1638 664 ,

438 697 546 749 Καὶ
584 695 749 765 μηδὲν
775 693 1097 763 ὲκφέρωμεν
1128 691 1204 755 ὡς
1230 690 1366 757 πρὸς
1392 689 1617 760 μηδένα,

431 788 573 842 2140
614 787 821 841 Μνείαν
843 788 1065 857 ἔχουσαι
1090 784 1200 836 τῶν
1224 781 1561 853 λογοπράτου
1586 781 1771 845 δόλων,

429 879 767 949 ψοὸούμεναί
800 895 857 930 τε
891 876 999 931 τῶν
1034 876 1245 947 βρόχων
1276 875 1374 929 τὴν
1407 874 1668 943 ἀγχόνην,

435 971 825 1045 Νεκροπρεπὲς
850 970 925 1032 ὡς
955 968 1147 1039 μνῆμα
1178 966 1287 1020 τῶν
1324 966 1491 1019 αὐτοῦ
1520 966 1758 1035 τρόπων,

434 1064 507 1116 Τὸ
533 1064 793 1134 μυστικὸν
827 1061 1121 1125 παίξαντος
1148 1057 1359 1129 ἐχθρῶν
1386 1058 1443 1121 ἐς
1480 1057 1665 1126 μέσον.

431 1155 722 1223 Φύγωμεν,
746 1151 1054 1222 ἐξέλθωμεν
1079 1152 1144 1203 ὲκ
1174 1148 1375 1220 μνειῶν
1403 1148 1575 1211 κάτω,

430 1249 574 1303 2115
606 1248 716 1301 Καὶ
744 1246 1067 1316 δυσμενέσσι
1112 1243 1279 1315 μηδὲν
1314 1242 1732 1311 ὲξεγνωσμένων

430 1340 695 1407 Εῖποιμεν
723 1338 907 1406 ἄμμες
925 1375 941 1401 ,
964 1335 1103 1405 πλὴν
1147 1333 1324 1403 φίλοις
1360 1331 1591 1402 μύσταις
1620 1332 1777 1400 μόνον
1798 1349 1809 1360 ·

431 1430 619 1486 Κακὸν
648 1428 758 1500 γὰρ
781 1428 935 1482 οὐδὲν
954 1426 1129 1480 οὐδενί
1152 1443 1164 1456 ·
1195 1424 1351 1491 ξυνὸν
1379 1424 1434 1476 δέ
1464 1440 1515 1474 τι

432 1518 577 1590 Πρὸς
604 1517 917 1588 πανάληθες
940 1514 1162 1584 ἀγαθῶν
1194 1512 1557 1582 ἀγγελμάτων
1577 1528 1591 1542 ·

430 1610 543 1665 Καὶ
576 1610 772 1682 ψεῦδος
797 1608 949 1664 οὐδέν
974 1626 986 1637 ·
1023 1605 1217 1677 ψεῦδος
1245 1606 1290 1659 δ’
1327 1605 1503 1677 ἄμμιν
1530 1605 1593 1657 οὐ
1631 1604 1803 1673 φίλον,

2046 534 2092 589 Α
2122 511 2263 565 2150
2288 509 2684 581 Νεκροφρόνων
2710 510 2964 581 φρόνημα
2994 507 3290 579 φυγούσαις
3315 506 3495 571 καλῶς
3513 546 3528 571 ,

2127 602 2239 656 Καὶ
2265 600 2553 671 παγκάλην
2593 601 2849 655 ἔκστασιν
2882 602 3175 664 ὲκστάσαις
3212 599 3384 669 φόϐῳ,

2128 688 2200 765 τῼ
2225 696 2332 757 πᾶς
2358 693 2555 757 κακίας
2583 693 2819 746 ἐκκλίνει
2856 693 3181 764 θεοφρόνως.

2127 781 2380 835 Τοιοῦτον
2404 782 2553 835 οὐδὲν
2579 782 2756 835 οὐδενὶ
2797 782 3023 853 φράζειν
3053 781 3209 851 Θέμις

2127 876 2261 939 Ταῖς
2297 873 2567 939 ὲξιούσαις
2588 914 2602 937 ,
2628 874 2705 937 ὡς
2731 873 2867 943 ἔφην
2890 913 2905 937 ,
2936 873 3044 926 τῶν
3075 872 3391 943 μνημάτων,

2126 964 2268 1019 2155
2294 964 2431 1035 Μηδ⁹
2466 962 2836 1035 ὲμφερούσαις
2873 962 3216 1032 μνημόσυνον
3246 962 3412 1013 εἰσέτι

2121 1056 2550 1128 Νεκροπρεποῦς
2582 1057 2785 1127 τρόπου
2828 1072 2891 1123 γε
2925 1054 3019 1107 τοῦ
3058 1052 3261 1118 ζῶντος
3304 1050 3454 1122 πέρι,

2133 1148 2475 1219 Ἶσχημέναις
2504 1148 2655 1219 φόϐῳ
2679 1165 2738 1200 τε
2775 1148 2869 1200 καὶ
2903 1144 3082 1216 πολλῷ
3111 1145 3298 1217 τρόμῳ

2133 1240 2551 1303 Ἐπιὸλέποντος
2577 1239 2715 1315 πρὸς
2746 1239 2998 1310 τρέμοντ’
3028 1235 3192 1292 αὑτοῦ
3219 1234 3431 1303 λόγους.

2123 1330 2311 1395 Οὕτως
2344 1331 2610 1401 φύγοιμεν
2659 1330 2766 1383 ἀπὸ
2801 1327 3100 1400 μνημείου,
3134 1325 3314 1397 κόραι,

2125 1422 2265 1478 2160
2315 1423 2402 1486 Ὠς
2441 1422 2608 1493 μηδὲν
2640 1423 2817 1474 εἰπεῖν
2847 1420 3034 1491 μηδενὶ
3058 1416 3420 1485 ξενοτρόπως.

2125 1513 2314 1568 Κακοῦ
2346 1515 2455 1585 γὰρ
2482 1513 2781 1575 ὑπόστασις
2821 1512 2922 1565 οὐκ
2954 1509 3130 1563 ἔνεστί
3166 1525 3281 1570 πως
3302 1522 3314 1534 ·

2127 1606 2289 1659 Ὅθεν
2312 1605 2371 1658 τὸ
2397 1604 2566 1659 κακὸν
2596 1604 2749 1659 οὐδὲν
2775 1599 2913 1657 εἶναι
2950 1600 3226 1673 μανθάνω,

3596 388 3702 445 306

944 1763 1123 1819 Celeri
1152 1778 1317 1818 cursu
1351 1778 1380 1815 a
1411 1761 2088 1833 monumentofugiamus.

946 1834 1221 1905 Quidquid
1260 1834 1500 1905 vidimus
1533 1840 1628 1905 aut
1666 1831 1999 1905 audivimus.
2037 1832 2258 1888 silentio
2292 1842 2557 1905 tegentes,

947 1904 1056 1959 Nec
1088 1901 1342 1970 cuiquam
1373 1903 1454 1956 vel
1492 1902 1777 1956 minimutn
1810 1901 2135 1967 referamus,

950 1973 1407 2097 $330133],
1439 1973 1581 2026 2140
1614 1970 1779 2053 Yerbi
1801 1972 2103 2053 venditoris
2126 1972 2282 2027 dolos
2316 1973 2752 2038 reminiscentes,

994 2054 1014 2097 t
1045 2046 1365 2097 laqueorum
1397 2042 1813 2097 sutl‘ocattonem
1843 2042 2286 2097 reformidantes.

994 2042 1365 2113 (laqueorum
1397 2042 1819 2113 sutl‘ocationemr
1843 2042 2286 2103 reformidantes.

948 2114 1077 2187 Ejus
1109 2112 1300 2187 animi,
1329 2128 1393 2166 ex
1423 2112 1694 2167 demortui
1725 2112 1968 2187 ratione,
1996 2120 2458 2187 monum_entum,_
2798 2179 2810 2187 _
2874 2180 2885 2187 _
3060 2179 3093 2187 __
3157 2179 3170 2187 _
3286 2179 3295 2187 _

944 2179 1070 2250 Qui.
1105 2185 1253 2254 quod
1280 2198 1541 2254 arcanum
1569 2193 1687 2237 erat
1712 2197 1778 2254 ac
1810 2184 2124 2254 mysticum,
2162 2184 2227 2236 ad
2264 2182 2557 2237 ludibrium
2585 2179 2839 2252 exposuit
2873 2180 2927 2235 in
2951 2179 3133 2235 medio
3157 2179 3420 2233 hostium.

946 2251 1262 2324 Fugiamus,
1292 2252 1649 2322 egrediamur-
1671 2268 1738 2307 ex
1769 2251 2016 2307 inferiori
2050 2254 2326 2324 sepulcro,
2402 2323 2411 2324 ί
2454 2323 2461 2324 γ
2659 2251 2674 2252 '7
3296 2264 3301 2277 ‘

942 2322 1086 2378 2H5
1118 2322 1305 2393 Neque
1330 2338 1544 2385 eorum,
1571 2339 1692 2392 quae
1720 2324 2013 2392 expiscatae
2041 2322 2252 2386 sumus,
2284 2323 2419 2392 quid
2451 2323 2705 2379 hestibus

950 2392 1229 2455 Dicamus,
1258 2393 1365 2449 nisi
1396 2392 1774 2448 tantummodo
1799 2394 2018 2448 dilectis
2044 2393 2333 2462 discipulis
2358 2414 2371 2448 :

949 2463 1165 2534 Nullum
1193 2464 1337 2517 enim
1366 2464 1621 2534 cuiquam
1654 2464 1892 2534 malum;
1924 2464 2021 2519 sed
2055 2464 2263 2534 aliquid
2288 2478 2580 2519 commune

948 2534 1029 2587 Ad
1054 2533 1339 2588 veritatem
1373 2533 1552 2587 nuntii
1579 2532 1843 2587 laetissimi
1876 2550 1891 2586 :

950 2603 1013 2657 Et
1048 2604 1257 2657 nullum
1284 2602 1661 2667 mendacium;
1695 2602 2039 2657 mendacium
2070 2618 2202 2657 vero
2225 2602 2385 2657 nobis
2414 2601 2669 2672 displicet

946 2673 1089 2729 2150
1126 2672 1234 2726 Eos
1266 2672 1622 2744 fugientibus,
1646 2673 1739 2742 qui
1775 2672 2212 2744 apparitionibus
2242 2667 2582 2727 mortuorum
2608 2679 2739 2744 sunt
2770 2671 2999 2727 nimium
3022 2667 3253 2733 creduli,

946 2743 1556 2813 thimamque'mentis
1588 2743 2055 2813 perturbationem
2085 2758 2114 2795 a
2144 2753 2291 2797 metu
2330 2743 2755 2813 excipientibus,

944 2812 1065 2883 Quo
1091 2812 1318 2883 quilibet
1343 2813 1546 2883 malum
1578 2812 1821 2882 impulsu
1849 2812 2039 2883 divino
2067 2814 2294 2869 devitat.

942 2882 1087 2953 Nihil
1109 2881 1381 2952 ejusmodi
1406 2882 1641 2953 cuipiam
1661 2881 1816 2952 loqui
1840 2881 1922 2938 fas
1950 2891 2035 2939 est

944 2952 1113 3007 Nobis
1142 2954 1401 3022 egressis,
1434 2952 1509 3007 ut
1528 2953 1660 3016 dixi,
1690 2968 1722 3008 e
1751 2960 2130 3016 monumento,

940 3023 1085 3078 2155
1124 3021 1311 3093 Neque
1339 3024 1518 3079 adhuc
1557 3034 1969 3077 monumentum
2004 3022 2373 3079 deferentibus

952 3093 1026 3147 De
1058 3094 1259 3147 mortui
1291 3103 1384 3147 aut
1409 3093 1644 3148 viventis
1665 3094 2001 3156 conditione,

948 3162 1298 3233 Compressis
1325 3174 1495 3233 metu,
1533 3174 1588 3219 et
1619 3164 1855 3233 plurimo
1890 3164 2037 3219 illius
2062 3169 2302 3217 tremore

950 3232 1051 3303 Qui
1078 3234 1307 3301 respicit
1337 3232 1405 3286 ad
1430 3251 1554 3288 eum
1590 3232 1683 3303 qui
1716 3233 1890 3302 ipsius
1911 3233 2094 3289 tremit
2123 3248 2423 3288 sermones.

953 3302 1044 3356 Sic
1073 3303 1397 3372 eD'ugiamus
1426 3320 1456 3357 a
1486 3302 1861 3368 monumento,
1888 3304 2098 3373 puellae,

948 3373 1091 3443 2160
1132 3373 1201 3427 Ut
1229 3374 1362 3427 nihil
1388 3375 1625 3443 cuipiam
1656 3375 1980 3429 mirabiliter
2006 3373 2277 3429 dicamus.

942 3442 1063 3514 Mali
1103 3443 1249 3496 enim
1282 3445 1431 3498 nulla
1457 3442 1542 3499 est
1574 3445 1809 3514 quodam
1842 3443 2004 3499 modo
2032 3444 2388 3501 subsistentia
2421 3457 2435 3495 :

941 3513 1095 3569 Unde
1123 3515 1328 3567 malum
1361 3515 1494 3568 nihil
1518 3531 1640 3570 esse
1665 3515 1875 3578 edisco,

494 3663 801 3743 2142-Ῑῷν
829 3670 1018 3743 αὐτοῦ
1046 3672 1313 3743 τρόπων,
1350 3682 1459 3729 etc.
1494 3672 1629 3743 Ejus
1668 3674 1856 3737 animi,
1898 3683 2005 3728 etc.

2176 3673 2318 3729 2148
2357 3674 2515 3742 Πρός
2564 3672 2946 3740 πανὰληθες,
2980 3677 3087 3728 etc.
3108 3668 3241 3743 ‘Nis.
3285 3686 3401 3727 nate
3447 3669 3516 3725 de
3562 3669 3698 3743 solis

424 3738 507 3791 ita
525 3736 793 3818 intelligit
826 3736 1210 3818 Comﬁbefisius.
1242 3743 1459 3818 Sanctae
1496 3736 1703 3818 etenim
1746 3736 2008 3799 mulieres
2107 3736 2417 3818 discipulis
2431 3736 2836 3818 iptelligantur,
2868 3736 3698 3818 s'equentia_non_conveniuat.

424 3810 1242 3884 veritaescelusperfidiJudaa,
1279 3815 1394 3883 qui,
1425 3815 1563 3884 quod
1591 3831 1848 3868 arcanum
1870 3825 2006 3878 erat,
2107 3814 2217 3869 Nec
2260 3810 2410 3884 enim
2451 3810 2710 3868 hostibus
2759 3810 3183 3884 ell'eruntrboni
3236 3812 3323 3884 vel
3354 3812 3481 3884 mali
3539 3810 3703 3884 quid:

424 3877 959 3957 nefande‘prodidit.
991 3882 1197 3957 Christi
1241 3877 1702 3957 resurrectionem
1742 3901 1852 3957 non
1900 3886 2009 3957 nisi
2108 3902 2296 3957 quam.
2321 3883 2501 3957 Tanto
2525 3884 2826 3957 verborum
2862 3883 3100 3957 circuitu
3127 3882 3535 3957 et_a_m_bagibus
3552 3877 3701 3957 jiihil

424 3947 715 4024 discipulis
740 3950 864 4019 ejus
886 3953 1272 4024 nuntiandam,
1302 3955 1611 4024 periculum
1643 3970 1786 4022 esse,
1812 3956 1858 4010 si
1884 3956 2015 4010 aliis
2109 3947 2258 4009 aliud
2301 3955 2433 4007 mihi
2485 3953 3088 4024 videturrsignilicari,
3144 3951 3272 4024 nisi
3300 3947 3505 4005 bonum
3549 3951 3701 4024 istud

425 4020 797 4081 nuntiaretur.
826 4022 1242 4077 existimabant.
1302 4020 1320 4024 ’
1773 4020 1779 4022 ⁷
2110 4028 2367 4079 nuntium
2420 4025 2554 4079 solis
2600 4020 2824 4077 Christi
2859 4022 3207 4087 amantibus,
3260 4021 3507 4077 hostium
3556 4020 3699 4075 nulli

495 4087 638 4162 2144
679 4089 1048 4162 Ἑξέλθωμεν
1071 4093 1141 4145 ἐκ
1162 4093 1387 4162 μνειῶν
1406 4095 1584 4149 κάτω.
1606 4094 1682 4148 lta
1708 4094 1831 4161 legit
1849 4094 2013 4149 Com-
2119 4111 2144 4148 r

2119 4094 2510 4160 revelandum;
2563 4093 2816 4147 hostibus
2856 4093 3002 4146 enim
3053 4107 3164 4147 non
3221 4092 3329 4147 nisi
3380 4091 3558 4151 mala,
3606 4096 3701 4144 aut

424 4156 677 4235 befisius:
709 4160 855 4235 E_di_ti
901 4156 1335 4235 tvv0tdiv,:q1md
1377 4165 1586 4235 nullum
1634 4156 1855 4218 exhibet
1884 4182 2013 4220 sen«
2120 4166 2303 4235 potius
2336 4156 2997 4235 nulla'essenuntianda:

423 4242 549 4304 sum
578 4247 592 4283 :
630 4229 711 4284 sic
745 4231 888 4304 infra
915 4248 1060 4304 vers.
1086 4228 1249 4291 215ιὶ.
1283 4237 1403 4297 ταῖς
1431 4233 1721 4298 ὲξιούσαις,
1751 4234 1825 4297 ὼς
1854 4235 2012 4304 ἔφην,

2122 4228 2136 4235 ’
2190 4235 2331 4287 2151)
2355 4233 2808 4304 Νεκροφρόνων,
2824 4243 2931 4288 etc.
2952 4231 3049 4288 Vel
3065 4243 3334 4286 mortuum
3349 4231 3521 4285 adhuc
3542 4228 3701 4287 Chri-

424 4297 536 4351 τῶν
578 4300 900 4370 μνημάτων.
950 4301 1125 4358 Totus
1170 4304 1262 4358 hic
1310 4297 2013 4361 loeus’valdeiintt‘icatus

1123 4340 1125 4351 .
1170 4304 1262 4358 hic
1310 4297 2013 4361 locusivaldeiintt‘icatus
2120 4297 2772 4372 stumjaccre'crédentes.

424 4379 532 4434 est,
564 4385 667 4424 nec
696 4372 945 4440 planiora
971 4384 1102 4428 sunt
1130 4389 1252 4443 qua!
1285 4383 1613 4445 sequuntur.

2191 4371 2332 4429 2158
2370 4374 2527 4441 Πρὸς
2576 4372 2865 4442 τρέμοντ’,
2897 4379 3003 4427 etc.
3048 4371 3188 4426 Editi
3221 4371 3635 4444 προστρέμοντ’.

1732 4555 1885 4614 ΜΕΤ
1894 4556 2068 4615 RICA
2103 4553 2403 4614 VERSIO.

576 4703 837 4765 taculum,
868 4717 1035 4773 cursu
1065 4700 1176 4773 cito
1217 4716 1317 4755 nos
1341 4700 1498 4773 ocius
1574 4771 1581 4773 Α
1609 4771 1620 4773 _
2043 4710 2080 4765 Β
2112 4702 2298 4773 Exutze
2328 4718 2521 4773 eorum
2553 4720 2693 4759 vana
2725 4702 2817 4773 qui
2851 4711 2907 4758 et
2936 4704 3186 4757 mortalia

430 4771 547 4827 Hoc
576 4789 607 4826 a
632 4773 886 4840 sepulcro
919 4772 1317 4832 distrahamus,
1356 4771 1625 4841 quidquid
1655 4780 1740 4827 est

428 4842 497 4897 Et
523 4843 726 4907 visum,
756 4848 812 4896 et
839 4841 1084 4895 auditum
1112 4848 1376 4910 tegentes,
1406 4857 1509 4897 nec
1538 4843 1657 4896 viro

434 4912 756 4968 Eﬂutientes
791 4912 1053 4981 cuipiam,
1082 4911 1192 4964 alto
1222 4921 1443 4981 pectore

428 4982 595 5038 Dolos
621 4980 930 5052 prementes
955 4982 1102 5036 illius
1130 4986 1223 5049 qui
1253 4980 1498 5035 vendidit

428 5054 692 5118 Verbum,
734 5060 788 5105 et
822 5052 1076 5105 timentes
1109 5058 1329 5120 gutture
1365 5052 1503 5105 eliso
1540 5053 1771 5120 exitum,

430 5121 661 5193 Dignum
700 5122 1010 5192 sepulcrum
1046 5121 1271 5193 perdita:
1301 5121 1443 5185 vitae,
1472 5122 1677 5177 cadens

426 5192 545 5258 Quo
579 5198 859 5246 mortuum
892 5201 1071 5255 ornat,
1098 5192 1191 5261 qui
1221 5205 1411 5246 sacras
1438 5206 1526 5246 res
1555 5193 1793 5247 hostium

427 5263 693 5331 Exposuit
719 5262 786 5315 ad
819 5262 1114 5315 ludibrium
1144 5264 1197 5315 in
1224 5261 1438 5325 medio;
1471 5261 1653 5330 fugam

423 5333 733 5399 Carpamus
764 5331 894 5386 hinc
914 5332 1049 5399 jam,
1073 5338 1127 5386 et
1154 5331 1258 5384 ista
1294 5333 1560 5400 pellamus
1590 5334 1811 5401 procul;

429 5401 815 5473 Properemus,
860 5402 1006 5473 hosti
1037 5402 1112 5455 nil
1145 5402 1363 5471 penitus
1395 5402 1590 5456 horum
1629 5405 1873 5458 oniuium

427 5471 561 5538 Qua‘
588 5481 716 5525 nota
745 5473 900 5527 nobis
935 5471 1271 5542 detegentes,
1305 5474 1398 5526 sed
1432 5474 1582 5542 gregi

429 5543 818 5612 Apostolorum
844 5559 860 5609 ;
892 5541 1101 5612 nullum
1132 5542 1275 5596 enim
1305 5541 1561 5612 cuiquam
1590 5541 1793 5595 malum

428 5611 731 5675 Privatum,
758 5619 813 5666 at
845 5611 1067 5681 aliquod
1096 5612 1236 5667 forte
1260 5611 1554 5668 comitante
1581 5620 1667 5668 θυι
1690 5621 1872 5669 tamen

431 5684 514 5737 Ad
540 5682 825 5737 veritatem
854 5699 879 5736 r
898 5681 1034 5737 untii
1073 5681 1339 5737 laetissimi

432 5750 558 5822 Veri
588 5760 751 5822 atque
779 5752 958 5807 amici.
992 5750 1213 5807 Nullum
1245 5752 1334 5806 Fc
1363 5762 1445 5808 est
1467 5752 1834 5822 mend'cium,

433 5821 675 5893 Quando
689 5823 824 5880 illud
856 5838 1046 5881 omnes
1078 5823 1319 5889 odimus,
1344 5825 1587 5889 animum
1622 5834 1755 5881 ben:

2120 4772 2372 4843 §apiunt.
2409 4772 2646 4843 Stupore
2671 4772 2919 4838 concitae,
2946 4775 3175 4842 pulchro
3207 4784 3262 4830 et
3295 4785 3464 4839 metu,

2117 4841 2391 4915 Quocum
2425 4841 2533 4899 Deo
2560 4845 2680 4914 ipso
2718 4841 3219 4915 pectusrarmatum
3250 4860 3444 4915 gerens

2116 4911 2434 4984 Brudentia,
2466 4911 2628 4969 omne
2652 4911 2861 4984 defugit
2889 4914 3081 4968 vitium
3109 4921 3164 4968 et
3192 4911 3375 4971 scelus
3403 4935 3415 4948 -

2116 4982 2322 5054 Eﬂ‘erre
2356 4985 2465 5054 tale
2493 4985 2731 5054 cuipiam
2768 4982 2869 5038 nos
2900 4984 3249 5054 nuncqnefas,

2117 5052 2325 5123 Utipsa
2358 5053 2491 5118 dixi,
2517 5052 2647 5108 dum
2681 5055 2995 5123 sepulcrum
3028 5052 3327 5123 Linquimus
3357 5072 3370 5118 ;

2111 5120 2278 5177 Nefas
2304 5133 2359 5177 et
2389 5123 2474 5176 his
2505 5124 2701 5178 efferre
2731 5120 2972 5191 quoque,
3008 5124 3099 5191 qui
3125 5120 3379 5177 mortuos

2117 5191 2276 5263 Modo
2305 5208 2415 5261 quo
2447 5202 2667 5262 oportet
2700 5203 2921 5263 pectore
2955 5192 3236 5263 excipiunt
3264 5208 3387 5255 suo,

2114 5261 2263 5315 Grati
2308 5260 2444 5315 bene
2474 5260 2527 5317 et
2553 5260 2823 5317 memores
2854 5278 2867 5313 :
2902 5260 3001 5316 sed
3027 5260 3149 5330 ejus
3175 5264 3376 5328 gratia,

2114 5331 2216 5402 Qui
2252 5332 2385 5386 vivit
2410 5336 2464 5386 et
2494 5341 2690 5387 cuneta
2718 5331 2936 5402 aspicit,
2966 5338 3138 5386 multo
3172 5343 3316 5386 metu

2113 5399 2482 5470 Tremorequv
2520 5403 2741 5458 aﬂ'ectas
2782 5399 2981 5470 pavere
3026 5402 3094 5457 ad
3136 5403 3319 5456 omnia

2114 5471 2246 5554 Qua:
2275 5473 2409 5525 dixit
2433 5473 2568 5554 ipse.
2600 5471 2837 5554 Proinde
2861 5488 2983 5534 nos,
3016 5488 3052 5525 ο
3080 5472 3350 5554 virgines,

2112 5542 2229 5597 lloc
2269 5558 2297 5595 τι
2328 5544 2580 5611 sepulcro
2610 5545 2993 5597 submoventes
3029 5558 3130 5597 nos
3159 5542 3305 5612 fuga,

2110 5612 2198 5666 Nil
2233 5612 2530 5668 insolenter
2552 5614 2863 5667 dixerimus.
2881 5612 3142 5681 cuipiam,

2110 5680 2271 5736 Nullo
2302 5682 2457 5736 modc
2492 5685 2577 5737 hic
2604 5691 2664 5738 ut
2690 5683 2822 5738 insit
2850 5680 3030 5752 aliqua
3064 5683 3148 5737 vis
3177 5682 3341 5748 mali;

2114 5752 2268 5809 Unde
2304 5762 2359 5809 et
2403 5754 2606 5810 malum
2652 5768 2773 5810 esse
2817 5752 2970 5809 disco
3016 5754 3223 5809 nullum
3250 5794 3264 5820 ,
3310 5769 3416 5896 {non
3458 5763 3545 5810 ta-

3339 5840 3465 5881 men

3339 5840 3465 5881 men
