4176 6366
533 396 638 460 307

530 519 645 573 Καὶ
668 513 803 589 τῷδε
830 508 998 587 μηδὲν
1030 509 1290 582 μυστικὸν
1311 508 1468 582 θέμις
1497 510 1697 578 λέγειν.

534 610 678 683 Πρὸς
707 607 949 680 δυσμενῆ
986 605 1096 676 γὰρ
1132 604 1392 677 μυστικὸν
1416 603 1501 667 τίς
1532 600 1794 673 ἐκφέρεις

535 700 676 756 2165
705 702 863 754 Δοκεῖ
885 698 943 752 δὲ
969 696 1121 767 καλῷ
1143 695 1404 767 δυσμενὲς
1444 692 1775 756 τούναντίον,

546 796 635 859 Ὡς
662 793 848 865 ἡμέρᾳ
882 789 981 856 νὺξ
1005 830 1020 855 ,
1050 789 1148 843 καὶ
1175 788 1362 850 σκότος
1378 781 1550 841 ’πάλιν
1575 784 1724 853 φάει.

544 890 633 951 Ὡς
660 886 962 941 ἀντίκειται
991 881 1187 953 ψεῦδος
1229 879 1424 952 ἀληθεῖ
1447 877 1613 949 λόγῳ.

545 979 688 1033 Ἀλλ’
718 977 971 1049 ἀπίωμεν
1000 974 1195 1029 θᾶττον
1222 975 1283 1037 ἐς
1314 968 1699 1044 μυστηπόλους
1717 1007 1733 1034 ,

535 1068 864 1139 Εὐαγγέλιον
895 1066 1085 1140 χάρμα
1120 1062 1377 1137 δηλοῦσαι
1426 1061 1620 1131 φίλοις.

530 1160 673 1216 2170
712 1157 851 1212 Ἀλλ’
876 1156 957 1211 di!
984 1155 1082 1209 τίν’
1114 1154 1267 1226 ἀθρῶ
1293 1152 1491 1217 νυκτὸς
1525 1152 1707 1223 ἥκοντ’
1746 1149 1933 1204 ἐνθάδε
1956 1165 1975 1213 ς

607 1253 766 1322 Ἀγγ.
804 1249 1074 1303 Δέσποινα
1093 1287 1109 1312 ,
1148 1248 1326 1318 μῆτερ
1369 1245 1597 1309 Παιδὸς,
1627 1237 1739 1297 οἷον
1763 1241 1977 1296 οὐδέπω

537 1343 739 1415 Ἀλλην
766 1337 980 1410 γυναῖκ’
1016 1337 1208 1393 ἔκλυον
1239 1335 1488 1390 ἐκτεκεῖν
1526 1347 1677 1387 ποτε.

535 1435 735 1491 Θεοτό.
760 1428 883 1487 Τῶν
912 1429 1238 1503 συμφρόνων
1273 1428 1358 1492 τίς
1391 1425 1551 1489 αὐτὸς
1580 1420 1663 1491 εἷς
1704 1424 1828 1478 κατ’
1849 1421 2117 1495 εὐφρόνην

548 1528 871 1601 ’Δμδλῶπες
902 1525 1071 1596 αὐγαὶ
1092 1565 1108 1591 ,
1133 1521 1231 1580 κοῦ
1268 1542 1328 1578 σε
1363 1521 1617 1594 γινώσκω
1644 1521 1839 1594 τορῶς.

538 1618 676 1678 2175
696 1622 856 1691 Ἀττ.
890 1616 1094 1682 Εὔνους
1123 1614 1210 1671 ἀεί
1237 1632 1342 1679 σοι,
1374 1614 1471 1668 καὶ
1502 1611 1765 1683 σφαγέντι
1797 1627 1879 1665 σοι
1908 1607 2114 1681 Τέκνῳ,

548 1711 657 1766 Τῶν
680 1707 1003 1782 θαυμασίων
1028 1706 1279 1777 κάγαθῆς
1303 1703 1499 1777 φρενὸς
1532 1703 1707 1776 χάριν.

1049 1936 1117 1996 Et
1147 1939 1278 1996 huic
1305 1938 1441 1994 nihil
1473 1936 1660 1993 arcani
1683 1935 1769 1994 fas
1790 1947 1875 1993 est
1899 1936 2073 2008 loqui.

1050 2011 1269 2091 Ecquis
1274 2011 1421 2065 enim
1450 2008 1594 2091 hosti
1623 2008 1839 2091 deteget
1866 2008 2168 2091 arcanum?

1345 386 1689 448 APPENDIX
1724 387 1823 446 AD
1847 385 1905 443 S.
1945 379 2274 442 GREGORII
2311 378 2564 439 THEOL.
2603 380 2933 439 CARMINA.

2141 510 2189 564 Α
2219 500 2418 557 Θεοτό.
2448 498 2587 553 Νέον
2612 498 2666 552 τί
2689 498 2737 551 δ’
2761 495 3082 566 anausim
3117 493 3204 562 τίς
3234 494 3466 564 τάχιστα
3506 492 3733 563 φράσον.

2224 595 2381 662 "Ant
2415 591 2712 653 Δέσποινα,
2739 591 2896 660 χαῖρε
2918 604 2934 620 ο
2959 586 3122 640 τοῦτό
3148 602 3232 639 σοι
3260 585 3477 655 πρῶτον
3499 583 3667 653 λέγω,

2221 684 2512 755 Πάγχαρτε
2546 685 2734 753 χαῖρε’
2766 678 2921 733 τοῦδε
2960 678 3071 749 γὰρ
3099 676 3386 750 προοίμιον
3409 694 3423 708 ο

2218 779 2361 835 2180
2387 777 2621 832 Κάλλιον
2645 775 2819 839 οὐδεὶς
2855 770 2962 828 οἶδε
2990 774 3337 846 προσφωνεῖν
3368 768 3600 841 βροτῶν,

3698 374 3812 436 503

2234 872 2376 925 Ἀλλ’
2403 870 2557 925 οὐδὲν
2582 865 2752 943 ἧσσόν
2781 884 2864 921 σοι
2891 866 3072 938 φέρω,
3102 862 3324 927 κεδνοὺς
3344 861 3558 931 λόγους·

2223 966 2355 1021 Οἴαν
2385 964 2493 1037 γὰρ
2525 962 2786 1033 ἀγγελίαν
2810 963 2932 1033 ἥκω
2963 977 3040 1013 σοι
3076 958 3282 1030 φέρων.

2225 1057 2424 1113 Θεοτό.
2456 1055 2585 1109 Υἱδν
2611 1053 2829 1124 φανέντ’
2854 1051 3000 1116 ᾶῖδος
3030 1049 3284 1120 ἀγγελεῖς
3318 1063 3476 1110 νεον;

2226 1151 2386 1220 Ἀτγ.
2420 1150 2632 1217 Ἐγνως
2650 1188 2665 1212 ,
2690 1147 2834 1217 λόγῳ
2860 1161 2928 1214 με
2951 1145 3034 1209 δὶς
3070 1143 3228 1197 τόσον
3257 1141 3312 1213 μ’
3335 1138 3664 1208 ὲκούφισαςυ

2222 1242 2366 1297 2185
2393 1240 2616 1304 Ἤλυθε,
2643 1239 2741 1293 καὶ
2771 1238 3058 1310 πάρεστιν,
3086 1234 3163 1298 ὡς
3184 1232 3517 1304 αἱρεῖιφάτις

2223 1333 2343 1388 Κᾶν
2370 1335 2441 1404 γῇ
2478 1332 2571 1386 τὸν
2607 1331 2742 1403 ᾅδην
2772 1329 3031 1400 ἐκφυγὼν
3066 1326 3381 1399 πορεύεται.

2227 1424 2445 1479 Τοιαῦτ⁹
2480 1422 2593 1493 ἐγὼ
2617 1421 2728 1495 γὰρ
2751 1421 3005 1491 ἀγγελεῖν
3032 1417 3288 1490 ἐλήλυθα.

2229 1517 2425 1572 Θεοιό.
2473 1516 2693 1587 ’Ᾱμμες
2721 1514 2825 1584 μὲν
2849 1512 3001 1585 ἴδμεν
3029 1510 3221 1565 τοῦτο’
3260 1512 3326 1562 σὺ
3351 1506 3396 1560 δ’
3427 1501 3575 1568 οἶδας
3605 1500 3813 1571 πόθινς

2230 1609 2375 1678 ’Δγ’,
2408 1607 2553 1669 εἰπὲ.
2588 1607 2703 1671 πῶς
2730 1607 2879 1677 φής;
2914 1604 3032 1668 πῶς
3066 1602 3279 1671 λέγεις;
3310 1594 3456 1664 οἶδας
3493 1596 3554 1651 δὲ
3581 1593 3744 1662 suis;

2226 1700 2369 1756 2190
2406 1700 2471 1753 Τί
2494 1702 2543 1754 τ’
2564 1700 2651 1772 ἄρ’
2676 1698 2906 1770 ἐναργὲς
2938 1695 3079 1752 τοῦδ’
3109 1696 3258 1767 ἐρεῖς
3289 1691 3586 1763 τεκμήριον
3610 1706 3628 1754 ;

1049 2078 1191 2149 2165
1228 2080 1381 2135 Bono
1407 2087 1589 2135 autem
1622 2078 1882 2135 inimicus
1909 2078 2126 2134 videtur
2149 2092 2415 2149 pugnare,

1156 2167 1265 2207 nos
1291 2151 1420 2213 diei,
1448 2156 1507 2204 et
1534 2150 1733 2204 iterum
1767 2149 2009 2205 tenebrae
2041 2149 2175 2203 luci.

1052 2221 1145 2293 Sic
1183 2222 1478 2293 apponitur
1503 2220 2008 2293 men_dacium_vero
2043 2220 2306 2275 sermoni.

1044 2288 1537 2348 Verum'celeriter
1565 2288 1632 2343 ad
1660 2306 1690 2344 a

1769 2288 1940 2345 stolos
1966 2304 2180 2355 eamus.

1048 2361 1118 2418 Ut
1145 2362 1342 2416 amicis
1374 2361 1501 2415 boni
1530 2359 1713 2415 nuntii
1748 2359 2009 2430 gaudium
2039 2359 2374 2416 deferamus.

1044 2434 1190 2488 2170
1229 2432 1345 2501 Sed
1370 2446 1531 2501 quem
1557 2431 1665 2485 huc
1695 2429 1866 2501 noctu
1880 2439 2266 2501 properantem
2303 2429 2499 2485 video?

1120 2502 1292 2557 Nunt.
1336 2499 1587 2563 Domina.
1622 2511 1800 2556 mater
1829 2499 2222 2570 Filii._qualem
2259 2515 2539 2571 nunquam

1048 2574 1247 2628 Audivi
1281 2572 1448 2626 ullam
1480 2572 1765 2627 mulierem
1796 2572 2098 2641 peperisse.

1048 2643 1205 2710 Πρὶν.
1243 2641 1381 2708 Quis
1408 2642 1708 2697 amicorum
1742 2657 1802 2696 es
1827 2642 1923 2695 tu?
1946 2657 2043 2711 per
2069 2649 2286 2698 noctem

1049 2714 1300 2783 Caligant
1336 2711 1622 2783 oculorum
1656 2713 1815 2772 radii.
1857 2727 2034 2783 neque
2061 2721 2115 2768 te

2188 2715 2309 2767 lane
2340 2726 2602 2781 agnoseo.

1048 2779 1195 2840 2175
1234 2782 1407 2853 Nunt.
1452 2781 1584 2836 Sum
1618 2784 1832 2853 amicus
1868 2779 2085 2853 semper
2111 2779 2232 2845 tibi.
2263 2792 2318 2838 et
2340 2779 2526 2838 occiso
2561 2790 2657 2836 tuo
2689 2779 2849 2848 Filio,

1059 2855 1143 2909 0b
1177 2852 1445 2907 miracula
1514 2868 1594 2907 ua:
1615 2852 1807 2913 edidit.
1838 2860 1893 2906 et
1921 2852 2188 2923 optimum
2221 2853 2396 2923 ipsius
2418 2853 2688 2907 animum.

1059 2868 1515 2993 [332-133;
1556 2922 1705 2987 Deip.
1748 2922 1958 2977 Novine
1985 2922 2192 2993 aliquid
2220 2922 2558 2980 annuntias?
2583 2923 2688 2993 quit

1159 2922 1459 3007 311133

1556 2922 1705 2987 Deip.
1748 2919 2192 2994 Novine'aliquid
2220 2919 2558 2994 a'nuuntias?
2583 2921 2755 2994 quid?
2782 2921 2894 2976 cito
2922 2919 3170 2991 loquere.

1054 2923 1515 3047 k332-‘1333
1556 2923 1705 3004 Dejp.
1748 2923 1958 3005 Novine
1979 2923 2192 3006 aliquid
2220 2931 2434 3005 annuat

1116 3004 1230 3048 unt.
1275 2995 1455 3054 διῆγε,
1489 2994 1749 3059 Domina;
1772 2993 1875 3047 hoc
1897 2993 1994 3048 llbl
2024 3010 2261 3063 primum
2288 2993 2434 3057 dico.

1055 3064 1245 3134 Gaude
1260 3065 1504 3134 gestiens
1531 3083 1545 3129 ;
1577 3065 1849 3119 sermonis
1873 3064 1976 3118 hoc
2005 3064 2329 3134 prommium
2362 3073 2485 3118 est:

1054 3133 1199 3204 2180
1231 3133 1423 3187 Nullus
1459 3134 1623 3188 homo
1643 3135 1794 3189 novit
1816 3133 2039 3204 dignius
2058 3134 2411 3204 compellare.

1059 3203 1166 3259 Sed
1206 3204 1343 3258 nihil
1376 3206 1557 3260 minus
1589 3206 1683 3260 tibi
1716 3203 1902 3259 atl‘ero’.
1941 3203 2282 3259 venerandos
2306 3220 2607 3260 sermones.

1056 3275 1371 3345 Censorium
1407 3277 1551 3329 enim
1587 3276 1714 3329 huic
1741 3275 2009 3345 prooemio
2032 3275 2129 3330 tibi
2161 3278 2414 3330 nuntium
2440 3284 2621 3345 portu.

1060 3344 1209 3413 Deip.
1245 3343 1608 3402 Nuntiabisne
1637 3343 1769 3400 mihi
1803 3344 2001 3401 Filium
2033 3362 2098 3400 ex
2126 3346 2322 3402 inferis
2355 3343 2518 3401 modo
2545 3344 2848 3401 reducem?

1059 3414 1231 3486 Nunt.
1268 3413 1447 3480 Nosti,
1478 3417 1583 3470 hoc
1617 3430 1872 3471 sermone
1900 3430 1988 3471 me
2009 3415 2177 3486 duplo
2202 3416 2462 3472 leviorem
2484 3416 2768 3472 reddidisti
2796 3435 2812 3471 :

1055 3484 1198 3557 2185
1226 3484 1515 3557 Surrexit,
1551 3496 1606 3541 et
1632 3486 1809 3549 adest.
1845 3493 1906 3539 ut
1942 3484 2132 3540 rumor
2164 3488 2359 3557 serpit,

1060 3556 1123 3628 Et
1142 3555 1364 3628 inferos
1390 3555 1606 3628 fugiens
1634 3572 1802 3627 super
1825 3566 2028 3628 terram
2054 3555 2325 3628 graditur.

1057 3624 1210 3680 Talia
1239 3626 1387 3680 enim
1417 3624 1516 3682 tibi
1539 3624 1792 3681 nuntiare
1825 3627 2009 3682 venio.

1061 3696 1210 3765 Deip.
1251 3695 1364 3751 Nos
1388 3696 1640 3766 equidem
1678 3697 1732 3751 id
1768 3698 2009 3763 scimus;
2043 3696 2140 3753 sed
2170 3695 2318 3752 unde
2344 3703 2403 3751 tu
2437 3697 2624 3753 nosti?

1058 3770 1188 3838 Age.
1215 3766 1323 3838 die,
1356 3768 1634 3838 quomodo
1656 3767 2075 3838 ais?quomodo
2106 3767 2280 3823 dicis?
2306 3768 2585 3838 quomodo
2613 3768 2799 3826 nosti?

1054 3835 1197 3892 2190
1233 3835 1407 3903 Quale
1434 3838 1660 3894 evidens
1690 3835 1918 3908 hujusce
1941 3837 2021 3893 rei
2046 3838 2210 3895 alTers
2234 3835 2541 3893 ind—icium?

611 4061 756 4133 2174
799 4057 1266 4133 ᾈμϐνξῷπεςβιο.
1297 4060 1403 4133 δίο
1428 4060 1563 4133 Reg.
1596 4060 1739 4116 Med.
1768 4060 1910 4115 Edit.
1948 4054 2125 4117 αὐλῶ-

546 4144 667 4203 πες.
695 4131 770 4203 lta
800 4129 913 4185 fere
947 4129 1282 4203 RI:es._vers.
1310 4129 1594 4203 756._etc..
1626 4133 1833 4187 chorus
1877 4134 2125 4203 aurigam

544 4199 716 4257 Rhesi
754 4201 1058 4270 interrogat
1090 4200 1288 4270 iisdem
1314 4201 1520 4257 verbis.

614 4271 757 4326 2180
793 4269 1081 4341 mulier.
1125 4269 1199 4323 Ita
1239 4269 1373 4341 Reg.
1417 4287 1581 4340 quam
1623 4287 1787 4326 unam
1823 4288 2007 4328 veram
2048 4273 2127 4329 le-

547 4343 788 4397 ctionem
817 4347 1004 4396 censet
1035 4340 1421 4411 combetisius,
1456 4356 1565 4411 qua
1593 4341 1860 4407 admissa,
1899 4359 2006 4399 vox
2034 4344 2125 4406 illa

550 4412 610 4465 σέ
637 4411 869 4467 delenda
898 4410 1037 4475 erit;
1064 4409 1310 4481 a‘lioquin
1345 4409 1556 4483 syllaba
1583 4427 1692 4466 una
1724 4412 1941 4482 longior
1975 4422 2125 4470 esset

549 4496 760 4538 versus.

2297 4060 2439 4116 2182
2471 4063 2640 4126 alar.
2671 4076 2771 4130 pro
2792 4061 3024 4130 ὁμοίαν.
3057 4061 3284 4117 Videtur
3312 4060 3556 4118 alludere
3587 4061 3655 4116 ad
3676 4060 3818 4116 illud

2227 4130 2383 4187 Isaiae
2434 4147 2584 4195 Lm,
2642 4148 2788 4187 vers.
2818 4133 2888 4185 2:
2935 4133 3018 4184 Ad
3054 4149 3206 4203 quem
3242 4133 3545 4201 respiciam.
3588 4133 3691 4186 nisi
3744 4131 3818 4186 ad

2225 4203 2625 4272 pauperculam.
2650 4214 2717 4272 et
2746 4204 3032 4256 contritum
3058 4204 3248 4272 spiritu
3277 4212 3327 4257 et
3373 4212 3678 4258 trementem
3705 4218 3820 4258 ur-

2227 4271 2404 4328 mones
2443 4275 2629 4329 meos?
2677 4271 2877 4327 Verum
2916 4271 3171 4327 intricata
3205 4274 3434 4328 nimium
3487 4282 3544 4329 et
3580 4276 3817 4329 obscura

2228 4353 2313 4397 est
2347 4345 2563 4406 littera;
2599 4358 2776 4413 neque
2800 4343 2935 4413 satis
2963 4346 3236 4413 expressit
3267 4342 3433 4399 Roill.
3486 4364 3491 4371 ·

2304 4414 2447 4468 2184
2490 4406 2701 4467 Τόσονξ
2724 4406 2857 4483 Reg.
2892 4406 3245 4483 Μει1.’τόσου.

2305 4484 2449 4539 2185
2485 4484 2666 4553 Αἱρεῖ.
2703 4482 2837 4554 Ιὶρεί.
2875 4482 3018 4539 Med.
3053 4482 3187 4555 έρει.

1837 4664 2175 4726 METRICA
2218 4665 2517 4727 VERSIO.

547 4827 762 4901 Arcana
795 4827 880 4885 fas
902 4836 991 4885 est
1018 4844 1175 4884 sacra
1207 4838 1410 4885 temere
1440 4828 1694 4901 prodere.

544 4894 680 4971 Nam
711 4902 837 4968 quis
867 4916 970 4955 suo
996 4902 1138 4955 hosti
1168 4900 1413 4971 proferet
1440 4894 1590 4970 quod
1618 4897 2010 4971 abditum-est?

547 4967 785 5042 llonesta
815 4980 1060 5042 pugnant
1086 4967 1338 5042 turpibus
1367 4967 1619 5042 semper.
1641 4970 1761 5024 dies

550 5039 620 5093 Ut
642 5039 829 5105 nocti.’
844 5039 909 5095 et
928 5042 1049 5105 ipsa
1075 5039 1465 5105 qu'tenebris,
1490 5039 1714 5095 vanitas

547 5109 614 5164 Et
645 5111 880 5165 veritati.
909 5109 1114 5167 Verum
1136 5127 1327 5167 eamus
1354 5114 1513 5167 ocius

546 5180 627 5251 ad
666 5182 968 5251 apostolos,
1015 5182 1150 5251 ipsis
1184 5182 1376 5236 amicis
1421 5180 1616 5235 nuntio

548 5249 620 5323 Ut
666 5249 979 5323 ingeramus
1008 5249 1266 5323 gaudium
1308 5252 1610 5306 laetissimo.

545 5321 637 5393 At.
668 5329 743 5383 at,
774 5322 899 5393 quis
919 5321 1123 5377 hic‘est
1152 5331 1319 5393 nocte
1354 5326 1517 5393 quem
1545 5336 1713 5376 cerno
1739 5321 1968 5393 gradum

548 5389 714 5444 Recta
739 5389 844 5445 hnc
865 5391 1171 5447 ferentem?
1198 5389 1448 5448 NuntIO
1485 5389 1949 5454 Dominafmater
1975 5390 2124 5459 Filii,

546 5460 775 5532 Qualem
809 5461 918 5515 ulla
947 5477 1229 5531 nunquam
1258 5462 1456 5517 mulier
1488 5462 1650 5517 enixa
1679 5469 1766 5517 est
1795 5478 2015 5532 parens.

548 5530 700 5597 Deip.
732 5528 888 5586 Tune
913 5528 1114 5603 aliquis
1148 5548 1216 5587 ex
1241 5543 1433 5590 nostro
1451 5547 1613 5605 grege
1644 5548 1705 5588 es
1736 5528 2127 5656 mmmam

1925 5619 2051 5659 αηδι

506 5662 687 5743 "lium
722 5670 1154 5743 visus_i_nlirmus
1183 5673 1339 5739 mihi,
1365 5689 1469 5729 nec
1492 5682 1548 5728 te
1577 5674 1782 5743 optime
1882 5602 1903 5676 ἱ

550 5740 837 5819 agnosco?
868 5741 1048 5819 Nunt:
1073 5744 1301 5819 Amicus
1325 5751 1379 5798 et
1405 5744 1524 5806 tibi.
1554 5740 1732 5819 et'tuo
1764 5743 1924 5819 modo

550 5810 654 5883 Qui
681 5824 856 5883 caesus
888 5820 973 5868 est
998 5811 1164 5883 Nato,
1194 5814 1458 5883 integram
1490 5820 1655 5883 atque
1684 5815 1960 5871 innoxiam

549 5876 633 5935 οι)
664 5879 847 5949 vitam.
875 5889 928 5939 et
954 5882 1044 5937 illa
1067 5898 1189 5955 quae
1214 5876 1382 5942 edidit
1415 5876 1699 5941 miraéula.

2162 4834 2205 4889 Β
2238 4826 2388 4897 Deip.
2443 4826 2650 4898 Ecquid
2697 4828 2825 4883 novi
2873 4825 3084 4884 aﬂers?
3117 4827 3291 4899 quid?
3340 4828 3565 4899 loquere
3597 4831 3821 4888 celerri-

2244 4967 2415 5023 Nunt.
2460 4966 2574 5023 Hoc
2598 4968 2724 5023 dico
2758 4969 2994 5037 primum
3020 4985 3166 5024 nunc
3196 4969 3325 5036 tibi;
3354 4968 3473 5024 laeta
3496 4902 3675 5029 enim

2238 5040 2283 5091 0
2308 5039 2555 5100 Domina.
2580 5038 2756 5109 gaude
2785 5043 3047 5109 gestiens.
3078 5041 3403 5109 protemium

2240 5110 2535 5165 Sermonis.
2553 5110 2658 5163 hoc
2686 5118 2773 5163 est
2799 5128 2813 5164 :
2841 5124 3003 5164 nemo
3030 5118 3085 5165 te
3112 5111 3429 5164 mortalium

2237 5179 2536 5249 Compellat
2568 5181 2678 5234 alio
2704 5178 2956 5250 dignius.
2985 5196 3111 5234 nam
3146 5181 3372 5235 nuntius

2236 5250 2464 5319 Adsum.
2510 5250 2777 5319 stupenda
2807 5252 3055 5318 miraque
3088 5250 3270 5306 omnia
3307 5250 3565 5307 atl‘erens.

2237 5319 2390 5391 peip.
2425 5318 2641 5391 Nempe
2670 5321 2926 5391 reducem
2963 5320 3159 5375 Natum
3200 5321 3356 5391 nigra
3387 5335 3453 5374 ex
3483 5321 3625 5380 Ditis
3651 5323 3817 5382 domo

2238 5388 2368 5444 Mihi
2395 5388 2720 5445 nuntiabis?
2751 5390 2929 5445 Nunt.
2966 5391 3143 5457 Nosti,
3174 5401 3227 5446 et
3256 5388 3361 5446 hoc
3387 5391 3657 5449 levaveris

2239 5460 2504 5516 Sermone
2545 5462 2823 5514 nuntium.
2851 5460 3005 5516 Tuus
3037 5462 3210 5522 venit.
3243 5471 3373 5516 tuus

2235 5529 2308 5601 Ut
2338 5530 2482 5584 fama
2511 5538 2796 5601 constans.
2833 5530 3008 5588 Filius
3037 5540 3271 5601 praesto;
3302 5532 3467 5592 inferi

2236 5600 2413 5671 Specu
2447 5599 2660 5665 relicta,
2696 5601 2812 5671 ﬁgit
2844 5602 2898 5655 in
2932 5599 3098 5657 terris
3126 5602 3319 5671 pedem
3346 5621 3362 5659 :

2231 5670 2361 5726 Haec
2402 5672 2520 5740 ipsa
2554 5670 2779 5741 propter
2816 5672 2977 5727 venio
3008 5670 3221 5728 tantum
3254 5674 3508 5732 nuntius.
3637 5730 3646 5737 ,

2230 5742 2386 5813 Deip.
2417 5741 2530 5796 Nos
2552 5743 2760 5798 scimus
2785 5743 2891 5797 hoc
2905 5743 3126 5813 quidem
3150 5762 3163 5797 :
3183 5745 3278 5799 sed
3301 5745 3446 5801 unde
3466 5756 3525 5801 tu
3547 5748 3605 5804 id
3624 5748 3820 5807 tenes?

2229 5812 2475 5885 Agedum
2504 5813 2746 5885 loquere.
2783 5814 2915 5885 quid
2926 5812 3119 5885 dicis?
3149 5822 3244 5869 aut
3268 5830 3509 5885 quonam
3544 5820 3710 5876 modo

2229 5883 2295 5939 ld
2315 5884 2462 5950 scis?
2490 5883 2622 5955 quid
2653 5883 2819 5957 hujus
2852 5883 2921 5940 ad
2954 5883 3112 5940 ﬁdem
3157 5883 3363 5941 certam
3387 5886 3584 5962 dabis?
