4176 6366
446 417 545 473 39.1

446 531 582 588 Θεοῦ
614 529 871 592 διδόντος,
901 524 1069 580 ἀνιῶν
1094 540 1180 586 τις
1207 521 1447 584 ἀπόνως,

446 623 648 678 Λαϐεῖν
678 622 836 675 ἐᾶσαι
858 619 1045 689 δρᾶμα
1067 617 1375 689 δράσαντας
1403 615 1582 669 τόσον.
1618 632 1636 666 ι

447 714 655 770 Πιλάτ.
685 713 829 765 (Οὐκ
849 707 966 765 οἶδα
981 711 1108 774 τοὺς
1130 709 1276 773 σοὺς,
1296 708 1391 771 οὒς
1408 707 1604 778 νεκροῦ
1626 706 1814 778 φῶρας
1833 706 2033 775 λέγεις.

452 805 567 858 Οὐκ
597 800 715 883 οἷδ’,
750 800 994 856 ὕποπτόν
1023 802 1196 864 ἐστιν,
1227 799 1472 852 ὕποπτον
1499 798 1544 850 δ’
1574 798 1717 868 ἐμοί.

447 894 593 949 9.555
619 892 746 956 Πῶς
782 890 892 962 γὰρ
922 888 987 944 ἂν
1016 889 1067 942 οἱ
1100 888 1394 958 φεύγοντες
1422 887 1655 956 ἔκλεψαν
1686 886 1870 949 νέκυν,

456 987 554 1038 ’ον
575 983 755 1049 ζῶντα
779 980 1069 1036 καιεέλιπον
1096 981 1154 1032 ὲν
1186 976 1369 1048 πολλῷ
1394 976 1547 1047 φόϐῳ
1571 994 1586 1042 ;

450 1075 578 1130 Οὐδ’
602 1076 660 1137 ἐς
684 1071 939 1126 τοσοῦτον
966 1068 1296 1138 ἀφύπνωσεν
1323 1069 1357 1137 ἡ
1393 1066 1630 1136 φάλαγξ,

451 1166 563 1220 Καὶ
583 1165 685 1234 τῆς
719 1161 968 1232 φυλακῆς
1000 1159 1096 1213 τοῦ
1126 1159 1300 1229 τάφου
1339 1157 1684 1229 κατεφρόνει,

453 1257 581 1312 Οὔθ’
638 1255 748 1307 οἶδε
792 1254 845 1322 γ’
877 1252 1185 1323 ἐξήμαρτον
1222 1251 1471 1322 εὐτόλμῳ
1509 1249 1720 1322 θράσει,

451 1348 593 1405 2560
620 1347 726 1410 Οὓς
748 1348 1071 1400 κατασεῐσαι
1091 1343 1188 1397 καὶ
1214 1343 1557 1415 θεραπαίνης
1587 1341 1698 1395 ὅπα

458 1439 713 1501 Ἐκλυον,
741 1434 817 1498 ὣς
849 1451 941 1505 μιν
974 1431 1354 1503 ἀπανήνασθαι
1388 1431 1560 1502 φόϐῳ.
1592 1448 1611 1482 ι

454 1532 600 1584 Συν.
631 1528 767 1597 ἁρχ.
804 1545 823 1578 ‹
858 1526 917 1577 Ὀ
940 1524 1099 1578 πάνθ’
1132 1523 1365 1595 ἑδραῖος,
1392 1522 1490 1578 νῦν
1530 1521 1693 1592 κλονῇ
1723 1522 1789 1591 τῇ
1821 1520 2037 1592 καρδίᾳ,

456 1620 566 1675 Καὶ
598 1619 770 1673 ταῦτα
797 1616 996 1685 κλύων,
1024 1614 1184 1669 πάνθ’
1215 1612 1545 1676 ὑποπτεύεις
1584 1612 1784 1683 μάτην.

1743 398 2093 461 CHRISTUS
2128 401 2450 459 PATIENS.

2060 525 2111 582 Α
2136 520 2255 576 Εἴθ’
2284 518 2408 594 ἧσθ’
2442 522 2579 593 ἀνὴρ
2609 521 2931 595 πρόϐουλος,
2963 523 3040 587 ὡς
3070 524 3266 596 δράσαι
3295 525 3416 597 χερί
3441 529 3453 578 !

3617 408 3727 465 59?.

2140 616 2282 670 2565
2323 614 2463 668 Ἀλλ’
2489 615 2549 667 ού
2584 615 2694 685 γὰρ
2722 615 2886 678 αὐτὸς
2913 614 3090 669 πάντα
3130 616 3389 670 δύνασθαι
3414 617 3623 688 βροτῶν

2142 706 2393 773 ΙΙέφυκεν
2415 724 2431 739 ο
2465 706 2609 775 ἄλλῳ
2634 705 2679 758 δ’
2700 705 2827 759 ἄλλο
2853 706 3055 759 δίδοται
3082 706 3252 775 γέρας
3268 724 3282 738 ·

2142 797 2236 850 Σοὶ
2270 796 2369 867 μὲν
2406 796 2698 867 μάχεσθαι,
2722 796 2897 848 τοῖσδε
2926 796 2972 849 δ’
3007 793 3073 850 αὖ
3102 797 3301 868 κρύπτ’
3329 797 3547 852 εἰδέναι.

2149 890 2245 951 Ὃς
2275 886 2369 941 νῦν
2394 888 2564 957 πυρὸς
2596 887 2925 957 λαμπτῆρας
2954 887 3190 957 ἐξήρθης
3215 887 3413 951 κλύων,

2146 980 2357 1050 Κλέψαι
2390 980 2436 1032 τ’
2463 981 2713 1043 ἀπιστεῖς
2746 978 2874 1042 τοὺς
2903 979 3136 1042 ὀπαδοὺς
3164 978 3254 1031 τὸν
3282 978 3484 1032 πλάνον
3502 991 3519 1009 ⁶

2144 1072 2288 1127 2570
2330 1071 2561 1134 Ἀπλοῦς
2594 1072 2682 1122 ἐπ’
2708 1071 2925 1141 ἐχθροῖς
2949 1069 3118 1140 μῦθος
3147 1069 3387 1133 ὁπλίζειν
3412 1068 3599 1140 χέρας.
3631 1085 3651 1118 ι

2147 1161 2354 1215 Πιλάτ.
2384 1180 2402 1213 ι
2421 1160 2657 1230 Στρατὺν
2682 1160 2746 1212 σὺ
2773 1160 2997 1230 κλέψας,
3022 1159 3167 1229 κάμὲ
3191 1160 3355 1231 πειρᾷ
3381 1158 3722 1229 συστρέφειν.

2147 1250 2220 1302 Σὺ
2248 1249 2404 1302 πάντ’
2438 1250 2669 1320 ἔδρασας
2690 1265 2705 1281 ο
2738 1252 2832 1303 καὶ
2858 1250 2928 1303 τὰ
2958 1249 3122 1302 λοιπὰ
3157 1250 3222 1302 σὺ
3246 1251 3440 1303 σκόπει
3490 1268 3509 1300 ι

2145 1343 2290 1394 Evr.
2322 1341 2454 1408 ἀρχ.
2482 1358 2501 1391 ι
2524 1341 2596 1391 Σὺ
2626 1339 2755 1408 γοῦν
2777 1340 2965 1410 νόμιζε
2989 1338 3164 1405 ταῦτ’,
3196 1340 3425 1412 ἐπείπερ
3452 1338 3723 1404 σοιῐδοκεῖ,

2140 1429 2408 1500 Πράττειν
2442 1429 2617 1499 ἔχοντι
2648 1430 2741 1483 καὶ
2767 1429 2945 1499 λέγειν
2982 1431 3123 1501 μέγα
3155 1430 3361 1495 σθένος.
3386 1450 3406 1484 ι

2208 1520 2352 1573 9.575
2385 1522 2550 1590 Ἀγτ.
2606 1521 2842 1575 Τοιαῦτα
2877 1522 3063 1592 μαθὼν
3091 1523 3307 1594 ἀνόμων
3337 1523 3687 1595 τολμήματα,

2141 1611 2254 1680 Τὴν
2279 1611 2632 1684 νεκρέγερσιν
2656 1613 3104 1685 κατορυσσόντων
3127 1613 3286 1685 δόλῳ,

971 1774 1083 1829 Deo
1106 1772 1464 1837 concedente,
1489 1777 1550 1823 ut
1583 1768 1743 1824 facile
1776 1769 2076 1823 vindictam
2113 1783 2422 1831 sumamus,

970 1843 1171 1898 Multos
1199 1842 1473 1896 dimittere
1504 1841 1638 1894 tanti
1667 1839 1927 1893 facinoris
1957 1852 2102 1893 reos.
2135 1857 2153 1890 ι

972 1913 1140 1967 Pilat.
1176 1929 1195 1963 ι
1236 1910 1431 1968 Nescio
1455 1920 1579 1964 tuos
1604 1909 1806 1963 mortui
1839 1915 2112 1979 raptores,
2140 1921 2279 1978 quos
2316 1906 2491 1973 dicis;

970 1981 1089 2036 Non
1120 1982 1244 2036 novi
1270 1999 1286 2047 ;
1318 1996 1408 2035 res
1439 1987 1524 2035 est
1551 1986 1830 2048 suspecta,
1869 1978 2005 2033 mihi
2039 1985 2320 2048 suspecta.

969 2052 1116 2107 2555
1141 2046 1428 2117 Quomodo
1459 2049 1604 2104 cnim
1638 2046 1851 2117 fugitivi
1883 2046 2162 2117 mortuum
2201 2046 2364 2100 furati
2399 2056 2610 2111 essent,

1021 2138 1143 2176 uem
1191 2122 1461 2174 viventem

1491 2133 1603 2189 prae
1634 2116 1801 2172 nimio
1826 2127 2063 2189 tremore
2089 2116 2493 2189 deseruerunt?

1023 2188 1428 2263 342-1343
1450 2186 1636 2263 Neque
1658 2189 1801 2243 enim
1828 2188 1963 2241 adeo
1990 2188 2172 2257 gravis
2204 2201 2369 2256 sopor
2389 2187 2581 2242 habuit
2614 2186 2893 2253 custodes,

968 2193 1428 2316 *342-1343
1450 2193 1636 2258 Neque
1658 2193 1801 2243 enim
1828 2193 1963 2241 adeo
1990 2201 2103 2257 grai

970 2331 987 2332 ί
1001 2277 1163 2332 _eque
1184 2268 1245 2332 tu
1255 2262 1403 2332 muli
1420 2259 1728 2332 custodiam
1758 2263 2103 2332 spreverunt,

968 2325 1270 2400 Neq’ueiisti
1301 2329 1531 2384 audacia
1560 2325 1865 2382 animorum
1902 2329 2060 2400 plena
2080 2325 2381 2400 deliquere,

971 2397 1115 2457 2560
1142 2399 1293 2466 Quos
1312 2408 1366 2455 et
1394 2400 1607 2453 ancillae
1628 2413 1817 2452 vocem
1839 2413 1905 2452 eo
1935 2397 2220 2467 impulisse

971 2471 1193 2530 Audivi,
1222 2477 1281 2524 ut
1307 2471 1486 2540 ipsum
1512 2484 1631 2540 prae
1661 2475 1813 2540 metu
1839 2468 2193 2540 abnegarent.
2235 2484 2254 2516 ›

974 2541 1142 2610 Cong.
1168 2536 1346 2594 Pont.‘
1368 2558 1387 2591 ι
1421 2538 1525 2605 Qui
1560 2539 1617 2592 in
1647 2536 1905 2610 omnibus
1937 2536 2003 2593 es
2025 2538 2414 2610 inconcussus,
2438 2551 2590 2591 nunc
2626 2537 2812 2593 animo
2844 2536 3100 2603 ﬂuctuas,

976 2610 1045 2664 Et
1071 2606 1184 2664 haec
1213 2610 1465 2673 audiens,
1496 2610 1682 2663 omnia
1716 2608 1995 2663 incassum
2025 2606 2348 2676 suspicaris.

976 2678 1199 2734 Utinam
1232 2695 1384 2735 esses
1410 2686 1523 2732 tam
1547 2679 1787 2748 sapiens,
1820 2692 1983 2748 quam
2012 2678 2525 2748 manupromptus!

978 2750 1124 2805 2565
1150 2748 1352 2804 Verum
1379 2749 1515 2803 nulli
1542 2745 1749 2801 homini
1780 2745 1963 2801 omnia
1986 2760 2150 2816 posse
2171 2745 2321 2801 dedit

967 2819 1175 2874 Natura
1210 2835 1224 2872 :
1258 2820 1350 2873 alii
1378 2820 1523 2873 enim
1558 2817 1707 2871 aliud
1735 2816 1897 2871 datur
1934 2831 2167 2880 munus;

970 2889 1095 2944 Tibi
1123 2888 1345 2959 quidem
1377 2887 1591 2959 fortiter
1617 2901 1884 2959 pugnare,
1913 2896 1967 2941 et
1988 2886 2112 2959 aliis
2136 2883 2321 2939 abdita
2348 2899 2534 2941 nosse.

971 2959 1078 3025 Qui
1108 2956 1257 3013 nunc
1289 2958 1430 3027 ignis
1453 2958 1599 3013 faces
1618 2956 1896 3027 ’accensas
1922 2956 2172 3027 audiens,
2195 2968 2497 3027 suspensus
2526 2971 2609 3020 es,

970 3024 1343 3099 Nequekputas
1367 3028 1709 3099 seductorem
1747 3042 1777 3079 a
1816 3026 2106 3099 discipulis
2134 3032 2357 3094 captum
2382 3024 2558 3080 fuisse
2586 3044 2601 3080 :

972 3095 1119 3153 2570
1148 3095 1396 3166 Simplex
1422 3105 1510 3152 est
1549 3097 1730 3150 oratio
1764 3114 1777 3151 :
1805 3097 2067 3151 adversus
2091 3095 2280 3166 hostes
2308 3108 2525 3166 armare
2557 3110 2756 3151 manus
2778 3106 3009 3166 oportet.
3050 3120 3066 3150 ι

979 3168 1148 3222 Pilat.
1178 3186 1197 3221 ι

1288 3183 1321 3221 u
1356 3167 1635 3221 cohortem
1671 3166 1873 3229 lusisti,
1903 3176 1957 3221 et
1981 3180 2069 3220 me
2096 3164 2576 3235 ipsumiahduccre
2600 3173 2801 3223 tentas.

979 3237 1065 3293 Tu
1091 3237 1275 3307 omnia
1300 3238 1557 3307 peregisti
1580 3253 1595 3303 ;
1631 3252 1751 3305 qua:
1777 3246 2096 3305 supersunt,
2118 3244 2181 3307 tu
2213 3234 2437 3307 videris.
2474 3254 2494 3286 ι

978 3308 1148 3379 Cong.
1180 3305 1340 3379 Poni.
1380 3326 1401 3360 ‹
1439 3307 1565 3379 Haec
1597 3306 1765 3379 igitur
1787 3307 1975 3379 omnia
2002 3306 2186 3379 crede.
2218 3306 2364 3361 sicut
2397 3315 2450 3361 et
2471 3306 2573 3360 tibi
2603 3305 2841 3372 videtur,

978 3376 1308 3458 Qui‘_a_gen_di
1337 3385 1392 3458 et
1424 3378 1715 3458 dicendi‘vi
1745 3376 1979 3458 maritima
2012 3376 2223 3458 polles._
2251 3393 2271 3427 ι

1054 3444 1399 3518 25757Nunt.
1429 3446 1566 3501 Cum
1591 3447 1753 3500 talem
1777 3444 2097 3518 edidicerim
2120 3444 2405 3501 audaciam
2444 3445 2786 3518 iniquorum,

981 3517 1087 3584 Qui
1126 3517 1253 3572 dolo
1272 3516 1478 3573 Christi
1509 3516 1976 3572 resurrectionem
2016 3530 2246 3587 prorsus
2271 3518 2529 3582 obruant,

468 3674 601 3750 Qqu
630 3675 882 3750 διδόντος,
918 3678 1378 3750 πολεμίως-ἄνευ
1413 3679 1596 3750 μάχης

465 3746 693 3819 fatifati;
729 3746 1112 3819 etiametaim
1142 3746 1445 3819 δράσαντας
1474 3746 1642 3804 κακά.

471 3816 646 3885 Turpe
676 3818 817 3870 enim
844 3816 1014 3883 nobis,
1043 3827 1094 3873 et
1115 3816 1309 3888 pr‘wter
1330 3820 1706 3888 turpitudinem
1734 3820 2048 3888 damnosum

1856 3892 1956 3943 erit

473 3955 579 4029 ρεο
603 3955 942 4029 concedente,
966 3956 1142 4011 hostes
1172 3957 1369 4029 absque
1396 3973 1573 4029 pugna
1748 4028 1751 4029 ν
1834 3887 1976 3961 lem,

469 4026 748 4097 Dimittere
774 4026 1054 4096 fugientes,
1080 4028 1181 4097 qui
1206 4044 1300 4081 nos
1335 4026 1619 4097 affecerunt
1640 4028 1823 4082 multis
1863 4028 2046 4082 malis.

535 4096 678 4169 2559
717 4098 1025 4169 Εὺτόέμῳ,
1063 4096 1305 4169 ,Μεινυιη
1333 4096 1389 4154 et
1425 4113 1625 4154 sensus
1657 4100 1939 4169 postulant
1989 4107 2049 4152 ut

468 4166 845 4238 itaAiegamus.
877 4164 1019 4238 [iditi
1051 4166 1289 4238 ἀτόλμῳ.

536 4232 682 4290 2364
709 4233 832 4306 Εἶθ’
862 4232 1000 4306 ἦσθ’
1034 4232 1198 4304 ἀνὴρ
1241 4232 1598 4306 πρόϐουλος,
1652 4245 1758 4293 etc.
1814 4235 1890 4291 ita
1937 4236 2051 4291 fere

470 4304 863 4377 ὤρεξε-κῆαι.
889 4304 1044 4377 vers.
1066 4307 1204 4377 ,1,05,
1235 4304 1343 4362 etc.
1376 4306 1666 4362 Hectorem
1710 4308 2006 4377 alloquitur
2035 4325 2049 4362 :

540 4370 660 4429 Εἶθ’
686 4370 811 4447 ἧσθ’
849 4376 991 4448 ἀνὴρ
1019 4370 1293 4443 εὔϐουλος,
1330 4377 1407 4441 ὡς
1444 4378 1639 4450 δράσαι
1677 4370 1840 4450 χερίῐ

2167 3678 2309 3731 Ἀλλ’
2333 3680 2392 3731 οὺ
2421 3677 2730 3800 γὰριὼυτὸς
2760 3678 2916 3731 πάντ’
2953 3678 3272 3733 ἐπίστασθαι
3302 3679 3507 3750 βροτῶν

2167 3749 2428 3800 Πέιουκεν.
2463 3750 2499 3800 ἄ
2533 3766 2607 3800 Λω
2644 3748 2687 3800 δ’
2716 3748 2843 3800 ἄλλο
2876 3749 3193 3800 πρόσκειται
3222 3751 3392 3800 γέρας
3412 3767 3426 3779 ·

2155 3748 2428 3821 [Ῑ-έφυκεν,
2459 3748 2607 3821 ἄλλῳ
2644 3748 2687 3800 δ’
2716 3748 2843 3821 ἄλλο
2862 3749 3193 3821 ⁸πρόσκειται
3222 3748 3392 3821 γέρας
3412 3767 3426 3779 ·

2155 3818 2225 3888 ξε
2269 3818 2366 3887 μὲν
2399 3819 2691 3888 μάχεσθαι,
2725 3818 2932 3870 τούσδε
2945 3818 3220 3888 βουλεύειν
3256 3818 3454 3884 καλῶς.

2161 3886 2381 3960 Utinam
2403 3886 2548 3942 esses
2578 3898 2686 3942 tam
2719 3886 2955 3955 sapiens,
2974 3905 3139 3960 quam
3164 3906 3218 3943 es
3241 3907 3403 3943 manu
3426 3894 3738 3960 promptus!

2170 3957 2359 4010 Verum
2390 3973 2493 4011 non
2522 3974 2657 4011 unus
2690 3968 2739 4011 et
2780 3960 2918 4011 idem
2946 3957 3256 4013 mortalium
3289 3957 3469 4014 omnia
3500 3957 3634 4015 scire

2157 4025 2375 4081 Natura
2396 4035 2606 4096 potest:
2642 4028 2738 4081 alii
2771 4030 2912 4081 enim
2951 4027 3204 4084 divinitus
3234 4030 3382 4084 aliud
3422 4030 3736 4084 attributum

3337 4109 3413 4153 est
3436 4116 3629 4154 munus
3654 4117 3667 4128 '

2161 4166 2233 4221 Te
2256 4164 2466 4238 quidem
2491 4183 2725 4238 pugnare
2744 4167 2977 4237 fortiter,
3004 4169 3139 4225 alios
3161 4185 3278 4224 vero
3289 4099 3448 4252 rilecte
3472 4141 3743 4252 consulere

3289 4238 3451 4311 [Deus
3483 4240 3668 4295 voluit.

2230 4305 2375 4360 2570
2416 4305 2680 4371 Ἀπλοῦς
2706 4306 2801 4359 ἐπ’
2836 4306 3092 4376 ἐχθροῖς,
3136 4316 3244 4367 etc.
3288 4311 3425 4365 Ibid.
3457 4326 3603 4367 vers.
3646 4310 3741 4374 84,

2163 4377 2335 4431 choro
2368 4377 2663 4446 respondet
2690 4376 2911 4433 Hector.

1760 4497 2089 4559 METRICA
2151 4497 2446 4559 VERSIO.
3083 4509 3109 4539 ο

472 4591 544 4648 Ut
566 4608 784 4649 omnem
808 4595 1081 4661 omittam,
1113 4598 1412 4652 maximum
1439 4597 1669 4656 malum,
1702 4594 1816 4651 Deo

473 4661 528 4738 id
554 4664 669 4738 jam
706 4666 943 4738 sinente,
975 4675 1034 4720 ut
1064 4667 1333 4738 supplicia
1358 4667 1504 4738 facili
1532 4682 1697 4738 manu

474 4731 665 4807 {ierim
695 4735 1001 4807 exigamus,
1035 4731 1491 4807 qui'graveadco
1513 4736 1840 4790 admiserint

473 4800 731 4869 Facinus,
765 4800 1199 4860 inultosleiiiter
1224 4806 1516 4860 dimittere.
1551 4825 1571 4859 ι

544 4871 715 4945 Pilat.
755 4890 774 4924 ι
802 4873 976 4929 Fures
998 4890 1097 4943 ego
1132 4877 1257 4931 illos
1286 4890 1425 4945 quos
1456 4875 1590 4930 mihi
1624 4875 1910 4931 cadaveris

474 4940 556 5016 In
584 4942 725 5016 dicis
750 4957 895 5016 esse,
931 4940 1117 4999 nescio
1139 4961 1155 5010 ;
1181 4940 1364 5015 plan'e,
1390 4945 1638 5015 inquam,
1665 4961 1767 5016 ego

472 5010 705 5084 Iﬁescio;
743 5015 927 5068 animo
965 5010 1219 5084 suspecta
1243 5030 1333 5070 res
1355 5010 1513 5070 valde
1542 5031 1664 5069 meo
1691 5010 1705 5067 ξ

474 5081 744 5156 §uspecta
770 5091 940 5156 certe.
978 5081 1114 5138 Nam
1139 5084 1325 5156 fugam
1347 5085 1443 5155 qui
1476 5092 1789 5156 carperent,

472 5151 543 5222 Et
566 5151 842 5222 quomodo
870 5154 947 5207 illi
976 5151 1316 5209 sustulerunt
1343 5151 1643 5219 mortuum,

473 5221 649 5295 Quem
680 5223 871 5295 vivum?
893 5231 947 5295 et
984 5224 1088 5295 ipsi
1119 5225 1357 5295 maximo
1383 5225 1579 5295 trepidi
1603 5232 1749 5278 metu

473 5291 748 5364 ljiquere?
771 5292 915 5364 Quid
941 5291 1087 5363 quod
1113 5308 1224 5347 non
1245 5293 1381 5364 adeo
1403 5291 1588 5363 gravis
1610 5309 1775 5364 sopor

472 5361 794 5434 Custodiam
820 5361 1032 5434 habuit,
1062 5372 1123 5416 ut
1150 5363 1387 5433 sepulcri
1411 5361 1697 5434 ἐρεῖ-ιπετεί

472 5431 717 5501 Curam:
748 5446 851 5487 nec
873 5433 953 5487 illi
991 5448 1129 5501 quos
1156 5431 1241 5487 vel
1269 5446 1376 5486 una
1414 5431 1673 5489 ancillula

472 5500 675 5555 Audita
700 5510 911 5556 tantum
938 5500 1335 5558 eo’imnulisset
1363 5511 1422 5556 ut
1452 5511 1603 5557 metu

471 5569 658 5642 ipsum
682 5573 1031 5642 abnegarent,
1066 5569 1243 5642 idsua
1272 5587 1335 5642 ex
1367 5573 1598 5642 audacia

523 5640 1021 5712 umpseretantum.
1049 5660 1070 5695 ι
1094 5640 1261 5714 Cong.
1286 5641 1447 5698 Pent.
1476 5660 1496 5695 ι
1524 5641 1882 5786 Μὶτιιηίὁῃιιοιιί
1906 5658 2052 5700 nunc

621 5780 635 5786 _
921 5780 941 5786 _
1368 5784 1381 5786 _
1606 5784 1638 5786 ν
1768 5729 1833 5770 uc
1863 5730 1979 5781 ues,

1768 5722 1979 5781 uctues,

476 5777 540 5853 [τι
558 5780 725 5837 rebus
757 5781 881 5836 aliis
910 5780 1124 5850 firmus,
1156 5792 1321 5853 atque
1367 5784 1482 5838 haec
1516 5777 1766 5849 audien‘s,

477 5849 745 5923 Suspecta
765 5853 973 5911 nullam
993 5853 1065 5910 ob
1094 5849 1211 5912 rem
1230 5849 1423 5911 tamen
1445 5854 1615 5913 habes
1645 5855 1851 5912 omnia.

2082 4616 2126 4671 Β
2161 4596 2377 4671 Utinam
2412 4597 2497 4650 vir
2518 4612 2672 4653 esses
2695 4597 2961 4671 providus
2991 4598 3196 4664 animo,
3232 4614 3297 4654 ac
3324 4614 3492 4671 manu

2156 4666 2382 4737 Agendc
2416 4666 2705 4737 promptus
2725 4670 2737 4722 ι
2779 4668 2884 4722 Sed
2914 4670 3031 4724 viro
3067 4684 3179 4724 non
3207 4669 3434 4723 cuilibet

2156 4736 2365 4809 Natura
2395 4739 2463 4809 ab
2492 4736 2610 4809 ipsa
2632 4738 2686 4791 id
2716 4746 2799 4792 est
2821 4739 3007 4809 datum
3039 4748 3097 4792 ut
3128 4750 3291 4809 queat
3317 4738 3527 4798 omnia,

2155 4808 2257 4861 Ast
2299 4807 2445 4860 aliud
2487 4807 2579 4860 alii
2611 4824 2808 4861 munus
2846 4817 2929 4864 est
2961 4807 3185 4873 datum‘;
3228 4809 3325 4863 tibi

2155 4876 2429 4946 Pugnare,
2459 4878 2664 4948 ataliis
2698 4893 2863 4933 nosse
2896 4894 3017 4948 quae
3055 4894 3237 4931 rerum
3266 4877 3469 4933 abdita.

2158 4948 2338 5001 iratus
2376 4947 2573 5015 ecquid
2608 4948 2836 5003 audiens
2866 4947 3019 5001 vultu
3043 4948 3155 5003 cies

2157 5015 2339 5089 ignem
2370 5015 2661 5089 furentem,
2693 5032 2795 5071 nec
2828 5025 2986 5089 putas
3014 5018 3341 5089 aliquem_ex
3375 5032 3537 5089 grege

2160 5086 2522 5151 Sectantium,
2553 5086 2708 5139 illum
2732 5088 3024 5142 sustulisse
3050 5086 3364 5141 clanculum

2158 5154 2226 5209 Et
2252 5154 2466 5208 vafrum
2496 5162 2550 5209 et
2578 5163 2819 5211 astutum
2846 5175 2859 5211 :
2887 5172 3053 5211 manu
3090 5164 3149 5210 ut
3174 5166 3231 5210 tu
3263 5157 3482 5212 vindice

2160 5224 2347 5296 l_Jtaris
2380 5224 2525 5296 ἱεῳά
2559 5224 2812 5281 hostibus
2851 5233 3062 5280 tantum
3103 5227 3326 5296 expetit.
3360 5245 3378 5277 ι

2157 5293 2330 5347 Pilat.
2377 5311 2395 5345 ‹
2429 5292 2511 5347 Tu
2542 5310 2666 5347 cum
2700 5297 2981 5350 cohortem
3016 5292 3232 5359 luseris,
3268 5296 3323 5349 id
3351 5296 3515 5350 etiam
3544 5298 3738 5353 studes

2157 5362 2243 5418 Me
2274 5363 2582 5419 abducere?
2610 5364 2806 5419 horum
2830 5381 2994 5420 causa
3034 5374 3093 5419 tu
3130 5367 3244 5419 sola
3279 5367 3523 5418 omnium
3553 5385 3566 5420 :

2156 5432 2291 5505 Quae
2316 5434 2523 5505 re_liqua
2548 5449 2697 5505 nunc
2723 5444 2872 5502 sunt,
2905 5437 3020 5505 ipse
3043 5438 3155 5505 jam
3196 5435 3538 5504 cognoveris.
3569 5455 3588 5487 ι

2157 5503 2321 5572 Cong.
2346 5502 2508 5556 Pont.
2539 5521 2557 5554 ι
2578 5503 2852 5569 Quantum
2873 5502 3021 5561 voles
3046 5502 3103 5559 tu
3131 5502 3310 5570 crede,
3342 5504 3561 5644 qua[mllo
3589 5505 3737 5560 istud

2176 5642 2184 5644 _
2455 5642 2465 5644 _
2675 5643 2685 5644 ί
3468 5591 3498 5643 p
3522 5587 3663 5639 acet,

3468 5587 3663 5643 placet,

2158 5642 2339 5713 Atque
2370 5649 2429 5695 ut
2454 5642 2737 5712 loquendi,
2772 5645 2851 5699 sic
2879 5645 2974 5700 tibi
3002 5644 3093 5697 hic
3120 5643 3354 5713 primum
3383 5642 3512 5699 data

2153 5712 2332 5784 @qua
2362 5721 2523 5784 atque
2547 5716 2761 5781 agendi,
2786 5716 2935 5784 quod
2961 5712 3133 5778 voles,
3160 5715 3424 5782 potentia.
3456 5732 3475 5767 ι

2156 5779 2330 5853 Alunt.
2373 5779 2499 5853 Haec
2539 5779 2753 5837 cuncta»
2784 5779 2906 5840 lidis
2946 5799 3068 5839 cum
3116 5779 3445 5853 recepissem
3483 5782 3736 5851 auribus,

2155 5852 2222 5908 Et
2260 5851 2598 5924 perditorum
2629 5854 2933 5922 audaciam,
2964 5854 3060 5926 qui
3089 5851 3438 5926 supprimunt
