4176 6366
469 371 576 430 325

477 486 776 557 Ἐδραμον,
803 474 850 534 ὧ
881 479 1169 542 Δέσποινα,
1202 476 1297 531 νῦν
1320 494 1402 530 σοι
1439 475 1695 547 μηνύσαι.

473 576 561 647 Μὴ
588 575 720 645 γοῦν
757 572 1007 627 ἀπίστειο
1041 569 1200 623 πάντ’
1227 567 1444 639 ἀληθῶς
1471 567 1580 638 γὰρ
1608 567 1812 628 κλύεις,

475 668 586 721 Καὶ
614 667 798 719 πᾶσαν
818 659 970 734 οἶμαι
993 660 1094 731 τὴν
1123 660 1277 713 πόλιν
1307 659 1496 730 φάμαν
1522 657 1730 728 φέρειν.

475 754 615 809 2580
647 751 992 813 Κουστωδίας
1019 749 1130 820 γάρ
1159 765 1305 811 τινες
1331 747 1624 817 ὲκφέρουσί
1648 763 1772 810 που,

478 851 588 904 Καὶ
617 849 802 920 θαῦμα
831 845 1202 917 κηρύσσουσιν
1234 844 1293 897 ὲν
1327 841 1649 915 μυστηρίοις
1673 858 1686 871 ·

479 940 706 1005 ’Ἡξουσί
735 955 817 991 σοι
857 936 1095 1002 πολῖται,
1129 934 1224 988 καὶ
1237 933 1300 986 τὸ
1330 933 1440 985 πᾶν
1477 931 1687 1002 μάθοις.

477 1032 683 1087 Θᾶττον
714 1029 824 1100 γὰρ
854 1026 1016 1090 αὐτὸς
1047 1024 1280 1096 ἄγγελος
1313 1022 1652 1094 μηνυμάτων

481 1123 784 1194 Ἐδραμον,
818 1119 991 1172 ἐλθεῖν
1016 1114 1304 1188 γηθοσύνῳ
1337 1113 1557 1184 καρδίᾳ,

479 1213 622 1269 2585
655 1211 763 1267 Καί
794 1227 878 1264 σοι
905 1209 1132 1280 κομίσαι
1163 1207 1355 1278 χάρμα
1387 1205 1482 1258 καὶ
1509 1202 1799 1274 θυμηδίαν.

547 1303 856 1366 Θεοτό.Είς
886 1299 1074 1372 καιρὸν
1094 1299 1270 1369 ἥκεις,
1301 1295 1396 1350 κα)⁵
1426 1294 1586 1365 χάρις
1622 1311 1704 1346 σοι
1737 1291 1979 1346 κείσεται
2007 1308 2019 1319 ·

480 1399 578 1462 Εἰς
603 1395 796 1467 καιρὸν
822 1394 1000 1464 ἥκεις,
1031 1390 1237 1459 καίπερ
1266 1385 1546 1456 ἀγγέλλων
1567 1383 1712 1453 »ἄτην

481 1487 674 1542 Αὐτῶν
703 1502 768 1555 γε
809 1483 1009 1556 μᾶλλον
1030 1480 1248 1550 ἀνόμων
1279 1476 1686 1548 πρεσϐυτέρων,

481 1575 672 1646 Ψευδῆ
707 1591 768 1628 τε
799 1572 894 1627 καὶ
930 1571 1138 1641 μάταια
1167 1567 1316 1624 πόλλ’
1337 1567 1715 1637 εἰργασμένων

1284 355 1623 414 ΑΡΡΕΝΒΙΧ
1663 356 1754 409 A3
1795 355 1852 409 S.
1894 351 2220 410 GREGORI!
2260 350 2510 407 THEOL.
2552 347 2884 405 CARMINA.

2080 479 2128 534 Α
2155 470 2297 525 2590
2329 470 2454 528 Πῶς
2484 469 2592 540 γὰρ
2620 467 2687 520 ἂν
2713 467 2888 538 εἶρξαι
2919 466 3109 534 τάφος,
3141 465 3174 534 ἢ
3206 463 3439 534 σφραγὶς
3458 462 3628 529 λίθου,

3629 341 3729 401 524

2159 563 2229 614 Ἦ
2256 559 2511 629 φυλάκων
2539 556 2755 626 φάλαγξ
2806 573 2912 618 τις,
2942 556 3183 624 ἀλήπτου
3209 555 3383 621 Λόγου

2158 652 2253 713 Εἰς
2275 649 2597 717 συγγένειαν
2627 646 2844 717 [ἰατρὸς
2865 644 3119 715 ἁλειφθὲν
3151 643 3320 714 δέμας
3342 662 3356 709 ;

2165 745 2230 796 "O
2258 743 2351 796 καὶ
2377 744 2510 814 πρὶν
2543 735 2714 803 ὧπτο,
2744 740 2942 810 βαίνων
2971 738 3165 810 ὑγρὰν,
3199 739 3273 800 ὡς
3304 737 3484 803 πέδον,

2160 835 2267 888 Τὸν
2302 834 2645 905 αὐτόρριζον,
2685 832 3066 902 αὑτοπλάστην
3097 830 3395 899 Δεσπότην,

2160 924 2303 979 2595
2327 924 2566 994 Φέροντα
2592 923 2682 975 τὸν
2706 921 2940 992 φέροντα
2973 921 3081 972 πᾶν
3104 918 3293 988 κράτει
3310 935 3325 948 °

2167 1016 2264 1077 ⁸ος
2293 1013 2517 1084 κλεῖθρα
2549 1013 2817 1084 παρθένια
2855 1010 3118 1082 μηδαμῶς
3143 1009 3334 1074 λύσας,

2176 1102 2454 1173 Ἐξῆλθεν,
2481 1101 2754 1156 ἀνέτειλεν
2784 1099 2952 1170 ὲνθέῳ
2981 1099 3186 1152 σθένει’

2165 1195 2240 1247 Οὑ
2271 1193 2379 1265 γὰρ
2407 1193 2630 1264 κορείης
2665 1193 2826 1262 ἅμμα
2858 1190 3072 1244 διέλυσέ
3109 1206 3243 1252 πως.

2169 1287 2420 1339 Ἐτικτον
2453 1284 2642 1352 αὑτὸν,
2673 1280 2788 1337 οἶδα
2815 1283 2859 1336 δ’
2883 1283 2960 1346 ὡς
2982 1281 3301 1350 ἐγεινάμην.

2164 1377 2307 1432 2400
2345 1377 2409 1429 Ἢ
2449 1375 2704 1445 φυλάκων
2739 1372 2956 1443 φάλαγξ
2983 1373 3043 1425 δὲ
3065 1371 3182 1435 πῶς
3209 1371 3274 1425 ἂν
3301 1371 3499 1443 ᾔσθετο

2169 1471 2213 1522 Τ
2216 1469 2281 1540 ην
2309 1468 2586 1538 ἐξέγερσιν
2612 1465 2705 1520 τοῦ
2735 1465 2987 1529 λαθόντος
3011 1464 3310 1532 ἀγγέλους;

2169 1560 2294 1624 Πῶς
2324 1564 2388 1614 ἐκ
2413 1559 2670 1630 βροτείων
2701 1559 2947 1630 αἱμάτων
2982 1557 3206 1612 πλάττει
3233 1556 3443 1628 δέμας;

983 1765 1242 1829 Cucurri,
1267 1761 1520 1826 Domina,
1547 1768 1605 1814 ut
1624 1759 1772 1815 istud
1801 1761 1898 1816 tibi
1922 1759 2244 1815 indicarem.

985 1835 1066 1891 Ne
1092 1828 1254 1889 ﬁdem
1283 1834 1552 1903 deneges;
1577 1846 1700 1901 quae
1723 1831 1870 1886 enim
1898 1831 2078 1892 audis,
2113 1838 2244 1903 sunt
2269 1828 2494 1883 omnino
2521 1842 2673 1903 vera,

987 1907 1056 1961 Et
1093 1904 1336 1959 arbitror
1358 1898 1507 1956 hunc
1540 1898 1814 1971 rumorem
1837 1915 1934 1971 per
1959 1909 2130 1971 totam
2163 1898 2356 1971 urbem
2385 1898 2593 1968 spargi.

985 1976 1128 2031 2580
1167 1972 1400 2039 Quidam
1432 1972 1577 2027 enim
1601 1967 1862 2025 custodes
1889 1971 2052 2025 etiam
2089 1969 2236 2022 hunc
2269 1967 2526 2039 ederunt,

987 2045 1056 2099 Et
1095 2038 1423 2098 miraculum
1451 2042 1506 2096 in
1535 2041 1764 2096 secretis
1799 2039 2166 2096 conventibus
2199 2038 2516 2102 enuntiant;

987 2115 1072 2169 Ad
1104 2122 1159 2168 te
1187 2113 1410 2168 venient
1442 2113 1614 2174 cives,
1639 2121 1694 2164 et
1726 2109 1911 2164 omnia
1936 2111 2100 2164 scies.

987 2184 1256 2239 Celeriter
1285 2183 1432 2237 enim
1468 2183 1587 2250 ipse
1616 2180 1845 2234 nuntius
1871 2180 2206 2234 indiciorum

990 2253 1254 2318 Accurri,
1277 2253 1461 2307 animo
1499 2250 1726 2306 veniens
1755 2250 1940 2314 hilari,

955 2374 961 2380 .
991 2323 1139 2400 2585
1179 2316 1250 2400 l_it
1288 2329 1341 2376 te
1366 2323 1539 2390 ipsam
1571 2319 1906 2400 suawssima
1924 2316 2249 2400 perfundam
2274 2316 2482 2400 laetitia.

989 2393 1144 2462 Deip.
1186 2387 1500 2462 Opportune
1544 2389 1720 2453 venis,
1760 2396 1815 2443 et
1849 2387 1947 2442 tibi
1969 2389 2144 2462 gratia
2171 2387 2520 2462 rependetur,

995 2457 1316 2533 Opportune
1338 2462 1514 2523 venis,
1545 2472 1860 2533 quanquam
1900 2457 2082 2514 scelus
2108 2457 2399 2512 denunties

985 2529 1236 2597 Ipsorum
1269 2533 1550 2587 seniorum
1568 2529 1736 2584 valde
1765 2529 2102 2597 iniquorum,

987 2549 1004 2586 Ι
1049 2549 1236 2588 sorum
1269 2549 1550 2587 BCINOI'UIII
1575 2549 1736 2584 value
1766 2549 2092 2597 InquOI'UIIl,

987 2549 1091 2667 (fui
1136 2603 1291 2671 plura
1319 2600 1458 2655 falsa
1483 2607 1539 2654 et
1571 2613 1712 2654 vana
1742 2606 2092 2668 peregerunt.

987 2672 1133 2727 2590
1162 2670 1452 2727 Ouomodo
1481 2668 1626 2722 enim
1653 2668 1988 2724 cohibuisset
2026 2682 2092 2727 sel

1162 2670 1452 2736 Quomodo
1481 2668 1626 2722 enim
1653 2665 2001 2737 coiiibui'sset
2026 2666 2360 2737 sepulcrum,
2394 2676 2450 2721 et
2487 2665 2687 2737 lapidis
2715 2665 2978 2736 sigillum,

988 2743 1098 2794 Aut
1125 2741 1421 2795 custodum
1453 2738 1689 2808 phalanx
1725 2738 1928 2808 aliqua,
1959 2736 2320 2808 Verbi,_quo_d
2352 2737 2474 2807 capi
2499 2736 2608 2791 nOn
2638 2743 2842 2808 potest,

994 2805 1465 2931 Baga-1345
1493 2807 1576 2862 Ad
1608 2805 1992 2887 cognationem
2022 2807 2108 2888 sui
2137 2805 2316 2861 Patris
2344 2805 2568 2860 unt-tum
2607 2805 2845 2876 corpus?

1041 2896 1285 2931 0mmqu
1319 2882 1412 2931 aui
1445 2886 1604 2931 antea
1635 2893 1788 2931 visus
1818 2888 1903 2931 est
1929 2878 2188 2931 uradiens
2215 2892 2380 2931 suner
2414 2891 2608 2931 auuas.
2637 2877 2795 2931 quasi
2836 2885 2845 2931 l

1041 2877 1292 2934 ominum
1313 2877 1604 2950 qu—i'antea
1635 2877 1789 2950 visus
1818 2888 1903 2932 est
1929 2877 2188 2949 gradiens
2215 2892 2380 2947 super
2414 2891 2608 2948 aquas,
2637 2877 2795 2947 quasi
2836 2885 3058 2942 terram,

991 2949 1095 3014 Qui
1130 2963 1255 3019 δέξο
1283 2947 1404 3019 ipso
1427 2957 1532 3009 est.
1567 2947 1654 3002 sui
1689 2948 1864 3019 ipsius
1901 2947 2116 3011 auctor,

990 3019 1133 3073 2595
1173 3018 1469 3088 Ferentem
1496 3032 1645 3081 eum,
1685 3018 1778 3087 qui
1805 3019 1987 3072 omnia
2017 3019 2214 3072 virtute
2241 3031 2342 3071 sua
2377 3025 2592 3088 portat;

993 3088 1098 3159 Qui
1132 3089 1396 3159 virginale
1427 3087 1728 3159 claustrum
1757 3088 1984 3159 minime
2008 3102 2270 3159 rumpens

1001 3157 1271 3228 Egressus
1303 3167 1405 3221 est,
1432 3157 1624 3228 divina
1653 3157 1856 3212 virtute
1885 3158 2138 3223 emicuit;

999 3225 1188 3308 ljeque
1215 3229 1362 3308 enim
1393 3225 1700 3308 virgineum
1734 3242 1933 3281 nexum
1967 3228 2080 3308 u_l|o
2107 3226 2272 3282 modo
2293 3227 2484 3308 solvit.

1000 3295 1140 3351 Eum

999 3368 1144 3423 2400
1184 3368 1291 3424 Sed
1331 3368 1607 3438 quomodo
1643 3368 1934 3422 custodum
1969 3368 2098 3436 phal

1001 3436 1348 3502 Bedivivum,
1382 3435 1475 3506 qui
1508 3436 1658 3505 ipsos
1691 3436 1820 3490 latet
1843 3436 2098 3506 angelos?

1211 3298 1339 3353 enui
1367 3315 1382 3352 :
1415 3297 1541 3352 novi
1556 3305 1747 3366 autem
1780 3297 2055 3366 quomodo
2086 3298 2386 3365 genuerim.

1255 3367 1291 3423 d
1331 3365 1607 3438 quomodo
1643 3365 1934 3438 custodum
1969 3367 2204 3438 phalanx
2229 3383 2354 3423 eum
2386 3366 2647 3424 sensisset

1002 3507 1291 3573 Quomodo
1316 3506 1536 3562 mortali
1572 3521 1640 3561 ex
1675 3507 1942 3578 sanguine
1980 3521 2179 3577 corpus
2203 3506 2394 3578 tingit?

562 3679 702 3735 2581
744 3679 847 3736 Ἐν
873 3682 1250 3749 μυστηρίοις,
1291 3687 1398 3734 etc.
1433 3678 1896 3736 Obmurmurando
1931 3680 2080 3732 clan-

497 3751 698 3816 culum,
726 3766 794 3806 ne
825 3752 953 3821 quid
980 3750 1105 3805 inde
1134 3753 1238 3806 sibi
1271 3765 1428 3804 noxa:
1453 3766 1484 3804 a
1518 3751 1860 3820 principibus
1898 3750 2080 3804 adsci-

500 3830 682 3876 scant.

569 3890 710 3944 2586
732 3891 837 3956 Εὶς
865 3889 1074 3957 καιρὸν
1100 3888 1288 3956 ἥκεις,
1312 3897 1420 3942 etc.
1445 3889 1524 3944 Ita
1553 3903 1720 3958 supra
1744 3902 1888 3942 vers.
1916 3887 2078 3952 1867,

505 3968 561 4013 et
594 3959 750 4013 Rhes.
782 3976 928 4027 vers.
963 3960 1053 4025 52,
1082 3958 1282 4014 Hector
1309 3959 1380 4012 ita
1409 3959 1578 4012 choro
1605 3959 1886 4027 respondit
1915 3977 1927 4012 :

500 4031 595 4099 Εἰς
622 4029 813 4099 καιρὸν
844 4025 1026 4098 ἦλθες,
1057 4031 1259 4099 καίπερ
1290 4028 1570 4096 ἀγγέλλων
1592 4025 1774 4099 φόϐον.

502 4097 804 4168 Opportune
855 4097 1060 4161 uenisti,
1097 4097 1398 4167 quanquam
1448 4108 1702 4168 terrorem
1740 4097 2081 4168 denuntians.

607 4168 704 4222 591
751 4168 1048 4234 Ἀλήπτου
1083 4166 1299 4236 Λόγου.
1344 4166 1494 4221 Verbi
1523 4167 1660 4236 quod
1692 4167 1812 4234 capi
1847 4183 1950 4219 non
1994 4182 2086 4232 po-

503 4246 602 4292 test
643 4254 705 4291 ac
740 4237 1127 4306 comprehendi,
1173 4253 1276 4306 qua
1315 4237 1533 4306 Patrem
1574 4237 1881 4306 cognatione
1921 4238 2087 4290 attin-

502 4309 599 4377 git,
623 4307 802 4363 divina
834 4304 1193 4379 generatione.
1210 4315 1260 4360 et
1290 4316 1346 4360 ut
1373 4317 1452 4361 est
1496 4304 1722 4362 Verbum
1755 4304 1957 4360 Patris.

2253 3678 2394 3752 2504
2427 3680 2545 3752 Τὸν
2566 3679 2933 3750 αὑτόρῤιζον,
2961 3682 3395 3750 αὑτοπλὰστην
3428 3684 3757 3752 Δεσπότην.

2184 3748 2376 3829 Quasi,
2404 3751 2494 3820 qui
2515 3753 2598 3804 sui
2627 3748 2934 3829 ipsejﬁctor.
2983 3768 3080 3807 vox
3115 3755 3296 3808 minus
3321 3748 3533 3820 idonea,
3569 3763 3628 3808 ut
3661 3748 3760 3810 Pas

2188 3820 2290 3874 tris
2321 3820 2558 3890 ἄναρχον
2592 3823 2995 3875 manil'cstetur.

2255 3890 2399 3960 2505
2431 3890 2714 3958 Φέροντα,
2742 3901 2848 3945 etc.
2882 3891 2984 3946 llic
3027 3907 3220 3947 versus
3262 3909 3372 3947 uno
3398 3892 3533 3960 pede
3560 3891 3761 3947 deiicil.

2258 3959 2401 4014 2599
2441 3961 2714 4014 Ἕτικτον
2769 3962 2976 4025 αὐτόν,
3016 3972 3123 4016 etc.
3177 3963 3330 4032 Smpe
3373 3959 3609 4018 recurrit
3660 3963 3762 4017 iste

2190 4043 2408 4171 #5841632.
2437 4097 2570 4164 Πῶς
2622 4100 2691 4153 ἐκ
2739 4101 3352 4171 βροτείωνίαὶμάτων.
3405 4101 3584 4171 Fingit
3640 4101 3761 4165 sibi,

2193 4167 2458 4221 nimirum
2487 4171 2733 4232 assumit,
2778 4186 2886 4223 nun
2911 4170 3056 4239 quod
3088 4167 3265 4226 reddit
3293 4170 3453 4226 Roill.
3484 4167 3632 4236 {Qui
3655 4188 3764 4226 cor-

2192 4252 2289 4305 pus
2318 4241 2427 4306 ipse
2459 4239 2648 4309 ﬁngat,
2680 4241 2748 4294 ad
2776 4242 3154 4296 excubitorem
3181 4244 3322 4297 male
3343 4242 3604 4297 referens.

1803 4479 2139 4540 METRICA
2188 4479 2488 4540 VERSIO.

499 4668 637 4724 Astu
663 4665 897 4736 doloque
925 4679 991 4719 ex
1031 4664 1265 4736 mortuis
1293 4661 1872 4736 Christumexcitum,

501 4736 750 4806 Vitaaque
777 4729 942 4790 certa:
979 4734 1274 4806 redditum,
1307 4729 1698 4806 accurriillico

503 4807 574 4861 Ut
603 4799 927 4867 indicarem,
959 4818 993 4858 o
1029 4803 1277 4867 Domina,
1315 4799 1582 4871 quidquid
1604 4808 1690 4856 est
1722 4799 1842 4855 tibi.

499 4875 644 4945 Ergo
675 4875 882 4945 quodra
913 4889 998 4928 me
1028 4873 1278 4945 suscipis
1294 4881 1353 4926 tu
1388 4871 1582 4945 nuntio

500 4946 559 4998 ld
579 4941 901 5007 tibi'suade,
929 4959 1038 5012 quo
1073 4941 1208 4996 nihil
1235 4942 1310 4996 sit
1335 4941 1543 5012 verius,

501 5016 658 5080 Quod
702 5013 868 5067 credo
899 5009 963 5066 ct'
984 5013 1157 5082 ipsam
1193 5013 1275 5065 vel
1314 5026 1408 5082 per
1432 5009 1623 5082 urbem
1655 5021 1911 5078 spargere

500 5077 720 5136 Famam
755 5077 1116 5152 frequentem,
1146 5077 1364 5150 quando
1395 5077 1699 5152 custodum
1718 5077 1975 5149 ex'grcge

499 5156 618 5206 Non
640 5154 781 5207 desit
807 5146 870 5206 et"
891 5154 982 5220 qui
1009 5146 1201 5220 vulgus
1232 5153 1291 5220 in
1323 5150 1554 5220 multum
1586 5146 1798 5220 efferat,

497 5223 807 5291 'l‘otumque
847 5217 1048 5275 factum
1080 5217 1402 5291 praedicans,
1438 5217 1764 5291 miraculum

499 5287 865 5344 Elliciat‘illud
891 5287 1170 5360 publicum
1207 5287 1352 5358 quod
1381 5287 1635 5360 contigit.

499 5362 643 5426 Quin
672 5362 806 5414 civis
832 5356 945 5424 ore,
980 5361 1070 5428 qui
1105 5356 1357 5428 lrequens
1387 5358 1494 5410 huc
1525 5356 1758 5428 venerit,

501 5425 633 5482 item
678 5445 893 5483 onmem
927 5425 1115 5482 audies
1141 5425 1253 5497 jam
1285 5446 1298 5481 :
1327 5443 1450 5480 nam
1485 5427 1696 5496 primus
1736 5425 1856 5480 veni
1891 5425 1970 5480 rei

499 5498 752 5560 Nuntius,
791 5509 848 5552 ut
873 5515 1049 5552 essem
1073 5515 1130 5552 re
1158 5513 1297 5551 nova
1323 5497 1762 5566 acceptissimus,

499 5566 568 5620 Et
600 5570 795 5635 gaudio
825 5577 876 5622 te
905 5569 1142 5621 maximo
1170 5569 1576 5636 perl'underem.

574 5637 723 5704 Deip.
766 5636 909 5691 Bene
950 5647 1007 5690 tu
1046 5635 1266 5705 quidem
1308 5636 1553 5700 advenis,
1583 5642 1637 5690 et
1693 5635 1815 5706 ejus
1853 5637 2073 5691 nomine

502 5705 722 5777 Habebo
756 5707 982 5777 gratiam
1014 5707 1111 5759 tibi
1137 5721 1302 5777 quam
1331 5709 1646 5760 maximam.

502 5776 647 5832 Ades
675 5778 898 5846 optime,
926 5775 1171 5848 inquam,
1204 5778 1426 5833 maximi
1455 5775 1707 5848 quamvis
1731 5775 1862 5832 mali

2114 4683 2158 4738 Β
2184 4658 2448 4738 ῌυιιιίυε,
2471 4667 2534 4738 _at
2567 4661 2687 4738 ejus
2718 4662 2996 4738 improbos
3019 4665 3168 4735 quod
3207 4665 3264 4738 in
3295 4681 3456 4722 senes

2188 4729 2360 4806 Magis
2390 4729 2679 4806 redundet,
2713 4729 2849 4806 falsa
2875 4735 2970 4803 qui
3001 4729 3165 4806 quam
3188 4737 3422 4806 plurima

2185 4799 2254 4875 Et
2286 4799 2442 4875 vana
2461 4805 2669 4875 frustra
2696 4799 3268 4875 cogitarunt'perdi'te.

2183 4869 2324 4944 ljam
2352 4869 2793 4944 qui‘sepulcruni
2817 4881 2997 4928 turma
3025 4869 3269 4944 vigilum,
3306 4882 3402 4930 aut
3426 4874 3673 4932 additum

2189 4938 2341 5014 ξατο
2370 4938 2612 5010 sigillum
2643 4953 2930 5014 premeret,
2963 4951 3017 4999 et
3047 4938 3231 5009 verbi,
3255 4938 3387 5014 capi

2187 5009 2346 5081 Quod
2379 5009 2558 5081 mente
2587 5009 2738 5064 nulla
2768 5013 2962 5081 possit,
3000 5015 3066 5068 ad
3099 5014 3278 5068 Patris
3309 5009 3396 5069 s'ui

2189 5079 2584 5153 Qognationcm
2604 5079 2815 5153 corpus
2841 5092 3092 5148 unctum,
3123 5085 3270 5153 quod
3295 5083 3437 5138 mari

2189 5146 2380 5219 yisum
2410 5149 2491 5219 ire
2515 5149 2570 5202 in
2603 5146 2742 5219 ipso,
2769 5166 2881 5205 non
2909 5146 3160 5208 aliter‘aé
3191 5157 3246 5207 in
3276 5154 3397 5207 solo

2187 5216 2395 5290 lj‘irmo,
2423 5216 2712 5274 ferenti'ex
2741 5237 2801 5276 se
2823 5231 3004 5275 satum
3035 5232 3246 5290 patrem
3271 5223 3544 5285 omnium,

2189 5286 2414 5362 §uoque
2445 5291 2680 5343 alentem
2711 5291 2978 5361 quidquid
3015 5286 3247 5362 usquam
3279 5301 3364 5347 est
3404 5292 3670 5350 numine?

2186 5357 2303 5434 Qui
2325 5369 2583 5434 natusex
2617 5357 2993 5434 ntel'virg'iuis
3025 5357 3270 5434 claustro
3296 5363 3533 5434 integro,

2186 5426 2424 5501 Emicuit
2455 5430 2674 5501 illoqui
2701 5426 2873 5485 Deum
2915 5433 3088 5501 spirat
3120 5433 3318 5486 modo?

2182 5495 2320 5570 ἔξω]
2350 5513 2450 5570 nec
2481 5495 2613 5551 mihi
2646 5499 2736 5556 ille
2763 5495 2993 5570 virginis
3026 5517 3228 5556 nexum
3257 5501 3486 5557 abstulit
3512 5519 3526 5557 :

2180 5565 2498 5647 Peperiego
2531 5585 2657 5622 eum
2687 5588 2701 5624 :
2732 5581 2787 5625 at
2815 5565 3056 5647 quonam
3092 5575 3252 5647 modo
3279 5572 3468 5647 peperi
3496 5573 3634 5628 scio.

2180 5634 2494 5709 Exeubitor
2506 5647 2688 5709 autem
2721 5634 2894 5694 mor‘te
2919 5641 3013 5709 qui
3043 5641 3264 5696 tandem
3279 5634 3539 5697 'ex'citum

2181 5705 2461 5780 _Sensisset
2483 5707 2658 5772 illum,
2690 5711 2784 5778 qui
2813 5711 2898 5764 vel
2926 5705 3078 5780 ipsos
3117 5711 3345 5780 angelos

2181 5773 2371 5834 Latet?
2396 5786 2662 5850 satusque
2689 5773 2967 5853 sanguine
2987 5796 3056 5838 ex
3080 5773 3396 5840 morialium
