4176 6366
370 375 480 433 329
1645 378 2006 436 CHRISTUS
2043 377 2357 434 PATIENS.

368 493 454 545 Τὰ
481 491 614 562 πρὶν
646 490 756 562 γὰρ
788 488 1072 549 ἀκούσασα
1102 491 1197 543 σὺν
1230 489 1411 559 φίλαις
1443 492 1655 564 κόραις,

370 582 582 653 Θάμόει
613 582 1027 649 καταπλαγεῖσ’,
1056 582 1181 652 ἐμοὶ
1198 581 1433 647 ξυνιέναι

367 676 512 730 2465
540 674 645 727 Ξὺν
673 676 826 728 δυσὶν
856 674 1044 738 ἄλλαις
1071 674 1313 745 Μαρίαις
1340 676 1718 747 φιλουμέναις,

372 768 646 838 Ἔδραμες
680 767 828 830 ἰδεῖν,
861 768 1005 840 ἅπερ
1038 766 1227 830 ἔκλυες
1263 768 1459 838 πάρος,

366 854 520 922 Εἶδες
547 875 605 910 τε
636 858 835 920 πάντα,
867 858 962 911 καὶ
988 858 1079 910 σὺν
1116 858 1262 919 Υἱὸν,
1296 858 1373 922 ὼς
1400 859 1529 913 ἔδει.

449 949 590 1017 Ἐγὼ
621 949 677 1001 δὲ
707 949 855 1001 κλύω
883 950 977 1001 καὶ
1010 949 1180 1017 φίλων
1206 950 1399 1014 ἄλλους
1431 950 1523 1003 δύο

364 1039 500 1100 Νῦν,
530 1040 793 1103 ἀπιόντας
819 1040 895 1103 ὡς
924 1040 1059 1110 πρὸς
1099 1040 1287 1110 ἀγρὸν,
1323 1041 1458 1093 τόνδ’
1490 1042 1641 1107 ἰδεῖν,

364 1136 505 1189 2470
534 1137 644 1188 Καὶ
675 1135 854 1188 πάντα
887 1134 1102 1206 μαθεῖν,
1130 1129 1206 1188 ὧν
1240 1134 1434 1206 μαθεῖν
1463 1131 1608 1206 εἶχον
1641 1134 1827 1201 πόθον,

360 1228 429 1280 Οἳ
465 1227 557 1280 καὶ
588 1227 847 1297 τρέχουσι
876 1230 989 1289 τοῖς
1021 1226 1197 1296 φίλοις
1227 1228 1538 1298 εἰρηκέναι·

363 1321 543 1372 Κάκεῖ
580 1319 853 1371 συνελθεῖν
887 1319 1085 1371 θᾶττον
1125 1319 1272 1388 ἡμᾶς
1303 1319 1397 1371 νῦν
1421 1318 1561 1373 δέον.

366 1415 525 1475 Ἴσως
567 1413 765 1480 ἴδωμεν
790 1408 922 1465 αὖτε
957 1412 1053 1465 καὶ
1092 1412 1182 1464 τὸν
1211 1412 1511 1482 Δεσπότην.

370 1505 505 1557 Ἰδοὺ
542 1506 649 1574 γὰρ
681 1506 781 1577 ἥδη
814 1506 908 1558 καὶ
935 1505 1140 1572 κνέφας
1165 1506 1264 1575 τῆς
1295 1503 1558 1574 ἑσπέρας.

359 1597 504 1650 ⁸3475
534 1597 843 1667 Δράμωμεν
874 1592 987 1660 οὖν,
1013 1597 1309 1667 δράμωμεν
1334 1584 1429 1667 ᾗχι
1465 1597 1592 1659 τοὺς
1621 1594 1808 1663 φίλους

358 1691 433 1742 Ta
467 1690 780 1760 νυκτερινὸν
822 1690 1078 1756 συνάγειν
1108 1685 1261 1758 οἶμαι
1296 1688 1520 1756 κνέφας.

369 1781 501 1835 Ἰδοὺ
524 1782 934 1854 κατειλήφαμεν
968 1780 1117 1835 οἷκον
1146 1782 1390 1852 Μαρίας,

1988 502 2035 556 Α
2065 495 2215 562 ’Ὀπη
2247 462 2500 564 παρεῖναι
2530 493 2626 546 καὶ
2657 492 2845 563 φίλους
2879 495 3093 567 μύστας
3120 491 3289 563 κλύω,

2081 584 2263 647 Ἐντὸς
2303 584 2487 637 πυλῶν
2514 585 2774 654 μένοντας
2802 588 3308 659 ἐγκεκλεισμένους,

2064 677 2204 731 2480
2232 678 2450 740 Πάντας
2478 677 2783 748 τρέμοντας
2806 680 2934 743 τοὺς
2964 681 3282 750 μιαιφόνους
3302 682 3401 735 ἔτι.

2064 770 2175 821 Καὶ
2196 769 2421 839 κλεῖθρα
2454 768 2639 823 πυλῶν
2670 771 3049 843 ἡσφαλισμένα
3087 775 3273 845 μένει*

2063 860 2189 922 Πῶς
2218 861 2261 913 δ’
2291 862 2570 932 εἰσίωμεν,
2606 864 2713 916 τῶν
2742 863 2923 936 θυρῶν
2952 866 3393 938 κεκλεισμένων;

2065 954 2203 1024 ’Ἤδη
2234 954 2279 1007 δ’
2314 953 2525 1017 ἔκλυεν,
2552 956 2833 1024 ὑπανοίγει
2864 958 2911 1009 τ’
2941 958 3126 1028 ἡρέμα

2060 1046 2251 1117 Μαρία
2282 1046 2437 1116 φίλη,
2476 1048 2742 1116 συγκαλεῖ
2764 1050 2811 1100 τ’
2842 1050 3089 1105 εἰσιέναι.

2057 1139 2200 1193 2485
2242 1140 2380 1193 Ἀλλ’
2416 1141 2676 1212 εἰσίωμεν
2706 1140 2893 1213 ἡσύχῳ
2924 1143 3085 1207 ποδὸς
3121 1143 3298 1212 βάσει,

2070 1230 2157 1293 Ὠς
2196 1229 2270 1300 μὴ
2301 1230 2692 1303 θορυὸήσωμεν
2720 1233 2993 1303 ὲμφόὸους
3019 1232 3226 1301 φίλους.

2070 1322 2200 1375 Ἰδοὺ
2238 1323 2711 1394 συνηθροίσθημεν
2745 1324 2938 1377 ἕνδεκα
2964 1324 3158 1392 φίλοις,

2059 1412 2277 1472 Ἀλλοις
2303 1430 2363 1464 τε
2394 1414 2529 1466 πᾶσι
2562 1416 2671 1475 τοῖς
2710 1413 2954 1467 συνιοῦσι
2984 1414 3181 1482 φίλοις.

2054 1497 2219 1563 Αὖθις
2250 1502 2307 1553 δὲ
2333 1502 2505 1565 πύλας
2532 1503 2820 1571 ἀσφαλίζει
2847 1503 3055 1574 Μαρία.

2052 1593 2193 1648 2490
2228 1595 2435 1648 Οὐκοῦν
2464 1599 2592 1664 σῖγα
2621 1595 2873 1665 κλύωμεν
2904 1595 3069 1650 αὐτοῦ
3104 1596 3359 1650 Κλέοπα’

2052 1687 2293 1758 Πάρεστι
2326 1688 2575 1759 καὶγὰρ,
2605 1690 2683 1751 ὡς
2705 1687 2841 1760 ὁρῶ,
2870 1688 2964 1742 καὶ
2995 1687 3143 1741 πόλλ’
3172 1688 3286 1760 ᾄδει

2052 1779 2157 1831 Τὸν
2181 1781 2459 1851 Δεσπότην
2489 1781 2655 1851 φῆναί
2677 1799 2736 1835 τε
2758 1782 2852 1836 καὶ
2880 1782 3075 1856 δράσαι
3107 1782 3313 1850 σφίσιν,

859 1938 999 2010 Cum
1043 1941 1190 1995 enim
1225 1955 1289 1994 ea
1317 1939 1472 2009 prius
1504 1938 1744 1993 audieris
1776 1955 1902 1994 cum
1942 1939 2158 1997 dilectis
2189 1939 2408 2010 puellis,

860 2009 1006 2063 Metu
1047 2012 1323 2079 perculsa.
1358 2017 1412 2064 te
1444 2010 1575 2068 mihi
1605 2012 1811 2064 sociam
1840 2010 2062 2071 dedisti,

858 2081 1001 2135 2465
1038 2082 1312 2134 Adbibitis
1347 2080 1563 2139 duabus
1600 2080 1721 2136 aliis
1757 2080 1974 2135 dilectis
2004 2079 2215 2144 Mariis,

856 2150 1165 2205 Cucurristi
1197 2151 1264 2205 ad
1305 2151 1600 2205 videndum
1636 2166 1700 2205 ea
1729 2167 1851 2220 quae
1885 2153 2039 2219 prius
2068 2151 2345 2212 audieras,

858 2220 1166 2292 Vidistique
1205 2223 1412 2281 omnia.
1448 2224 1608 2275 etiam
1643 2230 1796 2275 tuum
1832 2220 2053 2280 Filium.
2090 2229 2149 2275 ut
2179 2222 2426 2276 decebat.

926 2292 1070 2358 Quin
1109 2302 1161 2346 et
1197 2292 1538 2363 audioﬂduos
1571 2292 1707 2345 alios
1747 2308 1777 2346 e
1807 2292 2093 2363 discipulis

860 2362 1326 2434 l3ﬁS-13h9
1362 2362 1541 2425 Nunc,
1581 2377 1705 2415 cum
1741 2379 1835 2417 rus
1865 2360 2023 2432 quasi
2051 2360 2280 2431 profecti
2307 2368 2513 2434 essent,
2559 2362 2734 2431 ipsum
2766 2360 2985 2425 vidisse,

853 2433 1007 2488 247d
1033 2437 1098 2487 lit
1134 2433 1319 2487 omnia
1350 2434 1611 2488 didicisse
1642 2448 1764 2502 qua:
1787 2449 1952 2489 nosse
1975 2434 2133 2487 valde
2167 2433 2522 2500 exoptabant,

853 2503 959 2570 Qui
987 2513 1042 2558 et
1068 2511 1326 2564 currunt,
1362 2515 1425 2557 ut
1453 2503 1668 2559 caeteris
1699 2504 1989 2575 discipulis
2022 2506 2076 2558 id
2103 2504 2433 2572 eloquantur
2468 2523 2484 2555 :

856 2575 921 2627 Et
954 2577 1084 2629 illuc
1119 2590 1222 2630 nos
1252 2591 1400 2629 nunc
1441 2576 1552 2645 cito
1578 2576 1873 2629 convenire
1906 2582 2145 2645 oportet.

855 2645 1106 2701 Forsitan
1137 2655 1192 2700 et
1232 2662 1429 2701 rursus
1460 2644 1753 2699 Dominum
1788 2644 2116 2700 videbimus.

856 2717 993 2771 Ecce
1019 2719 1165 2771 enim
1196 2719 1308 2785 jam
1351 2725 1405 2771 et
1439 2716 1825 2785 crepusculum
1860 2716 2246 2785 vespertinum.

852 2788 997 2841 2475
1035 2784 1338 2842 Curramus
1368 2784 1556 2857 igitur,
1587 2801 1900 2847 curramus,
1935 2784 2026 2841 ubi
2054 2784 2355 2857 discipulos

857 2857 939 2912 Ob
976 2866 1276 2912 nocturnas
1308 2855 1565 2912 tenebras
1595 2858 2010 2926 congregandos
2041 2857 2158 2911 fore
2195 2855 2454 2907 arbitror.

857 2928 935 2980 En
961 2929 1311 2997 pervenimus
1344 2930 1409 2982 ad
1442 2928 1662 2983 domum
1688 2926 1893 2992 Mariae,

861 2997 961 3069 Ubi
988 3000 1219 3054 dilectos
1246 3000 1547 3069 discipulos
1582 2999 1778 3053 adesse
1812 2998 1996 3063 audio,

856 3068 1091 3124 Foribus
1124 3069 1362 3125 occlusis
1388 3068 1702 3131 manentes,

852 3140 999 3194 2480
1034 3140 1228 3193 Adhuc
1260 3141 1485 3194 omnino
1515 3154 1545 3192 a
1572 3139 1926 3194 carniﬁcibus
1954 3148 2280 3194 metuentes.

860 3210 924 3263 Et
957 3212 1103 3265 fores
1127 3218 1255 3264 sunt
1293 3212 1585 3281 diligenter
1613 3211 1879 3265 obserata:
1911 3229 1924 3264 :

851 3281 1142 3345 Quomodo
1182 3278 1604 3351 autemfjanuis
1629 3281 1856 3343 clausis,
1884 3278 2299 3351 ingrediemur?

849 3351 971 3405 Jam
1003 3367 1133 3406 vero
1166 3352 1359 3415 audiit,
1386 3350 1441 3406 et
1473 3353 1592 3406 sine
1616 3352 1845 3421 strepitu
1884 3350 2099 3420 aperuit

854 3422 1059 3492 Dilecta
1091 3422 1281 3485 Maria,
1307 3431 1474 3492 utque
1514 3422 1811 3477 subeamus
1851 3422 2068 3475 invitat.

842 3492 994 3564 2585
1028 3491 1406 3563 lngrediamur
1434 3492 1665 3564 proinde
1695 3493 1804 3546 leni
1840 3493 2038 3561 pedum
2075 3506 2269 3564 gressu
2297 3508 2310 3554 ;

851 3561 927 3617 Ne
951 3561 1144 3617 amicis
1173 3561 1501 3633 paventibus
1525 3578 1727 3616 novum
1770 3570 2065 3617 tremorem
2099 3562 2456 3623 incutiamus,

856 3633 994 3705 Ecce
1020 3632 1362 3705 congregata:
1393 3650 1586 3690 sumus
1614 3632 1875 3705 undecim
1922 3632 2233 3701 discipulis,

853 3704 919 3775 [Et
950 3706 1070 3760 aliis
1101 3704 1361 3760 omnibus
1386 3706 1480 3775 qui
1520 3720 1580 3759 se
1610 3704 1745 3772 ipsis
1775 3704 2215 3775 imimiscuerunt.

853 3773 1022 3830 Fores
1051 3778 1250 3831 iterum
1278 3773 1567 3846 diligenter
1596 3773 2030 3846 obseratAMaria.

850 3847 994 3900 2490
1036 3847 1224 3916 Itaque
1257 3842 1490 3901 silenter
1520 3846 1700 3915 ipsum
1733 3844 2026 3899 audiamus
2055 3842 2387 3912 Cleopham;

850 3916 1020 3970 Adest
1048 3920 1217 3979 enim,
1255 3926 1316 3969 ut
1341 3918 1527 3977 video,
1559 3925 1614 3969 et
1646 3917 1803 3984 plura
1832 3922 2043 3980 narrat,

850 3988 981 4051 Qua:
1009 3989 1172 4043 Jesus
1212 3988 1349 4057 ipsis
1382 3988 1520 4041 dixit
1546 3997 1600 4040 et
1627 3988 1760 4055 egit,

403 4147 547 4200 2i-69
583 4147 683 4211 Ὠς
709 4145 862 4213 πρὸς
894 4146 1099 4213 ἀγρόν,
1137 4153 1241 4199 etc.
1281 4144 1397 4197 Non
1447 4145 1583 4198 bene
1625 4142 1919 4214 interpres.

334 4218 390 4269 in
425 4236 609 4284 agrum
635 4235 689 4270 se
726 4217 1029 4277 contulisse,
1061 4225 1119 4267 ut
1148 4216 1412 4285 quidquid
1455 4222 1555 4271 est.
1592 4215 1920 4285 intelligant,

336 4290 495 4358 quasi
533 4306 623 4341 rus
660 4289 968 4357 petiissent,
996 4295 1055 4339 ut
1086 4287 1153 4341 de
1190 4287 1320 4342 Jesu
1358 4287 1613 4340 audirent
1643 4297 1696 4341 et
1718 4288 1922 4343 intelli-

3546 382 3654 451 σεο

2033 4147 2244 4209 gerent,
2277 4139 2423 4209 quod
2450 4154 2627 4209 neque
2655 4147 2840 4197 textus
2873 4154 3049 4206 sacer,
3074 4154 3251 4211 neque
3280 4141 3423 4197 ullus
3447 4140 3622 4195 inter-

2030 4219 2243 4279 pretum
2276 4213 2530 4263 innuunt.

2066 4282 2204 4335 2487
2225 4282 2770 4349 Συνηθροίσθημεν.
2791 4280 3054 4337 Mendose
3066 4281 3153 4337 ed.
3166 4280 3485 4352 συνθροίσθη
3495 4298 3617 4351 μεν.

1658 4506 1993 4567 METRICA
2023 4506 2320 4567 VERSIO.

340 4698 435 4752 llla
477 4702 768 4761 audiisses,
800 4701 1031 4755 attonita
1064 4701 1298 4757 mirabili

335 4770 454 4824 Hac
484 4787 543 4825 re
573 4788 842 4842 novaque,
869 4788 955 4825 me
991 4773 1085 4827 tibi
1114 4775 1331 4835 comite,
1367 4771 1623 4829 adhibitis

338 4842 527 4897 Mariis
569 4843 804 4905 duabus,
841 4852 901 4896 ttt
931 4844 1226 4897 cucurristi
1265 4845 1430 4905 illico,

341 4913 537 4983 Visura
580 4924 734 4969 certo
758 4929 879 4983 qure
913 4920 1038 4968 ante
1062 4921 1271 4967 tantum
1306 4915 1612 4968 audiveras.

336 4982 479 5036 Hinc
509 4985 628 5038 visa
662 4982 882 5044 cuncta,
919 4987 1071 5039 visus
1110 4992 1164 5038 et
1190 4986 1289 5037 tibi
1325 4994 1475 5044 tuus.

339 5052 409 5124 Ut
447 5054 767 5119 addecebat,
799 5054 970 5109 Filius
998 5075 1009 5108 :
1040 5056 1172 5124 quin
1208 5065 1262 5108 et
1292 5056 1431 5109 duos

338 5123 395 5195 lu
420 5139 611 5193 agrum
650 5126 955 5180 amicorum
998 5123 1071 5195 cxi
1100 5141 1263 5195 grege
1293 5127 1430 5180 alios
1462 5125 1624 5178 audio

266 5210 269 5211 '
341 5194 413 5247 Se
441 5196 763 5261 contulisse,
794 5204 853 5248 ut
890 5194 1159 5265 quidquid
1188 5194 1293 5259 est,
1330 5196 1659 5265 intelligant,

333 5265 600 5326 Cernant.
641 5275 696 5319 et
725 5266 894 5321 animi
926 5268 993 5320 de
1028 5266 1114 5321 sui
1151 5268 1421 5321 sententia

343 5334 595 5396 Discant;
629 5345 683 5390 et
714 5352 845 5392 ecce
863 5338 975 5404 jam
1006 5335 1177 5391 futuri
1210 5338 1385 5390 nuntii

340 5406 478 5472 Ipsis
507 5408 722 5471 amicis,
763 5411 980 5463 concito
1012 5422 1178 5462 cursu
1201 5412 1439 5462 evolant.

338 5474 544 5530 Omnes
566 5492 633 5531 eo
660 5494 762 5533 no:
793 5481 1085 5532 convenire
1115 5480 1486 5534 commodum.

340 5546 479 5600 Nam
508 5548 645 5602 forte
673 5548 835 5603 nobis
863 5548 1126 5602 Dominus
1152 5552 1349 5603 iterum
1381 5566 1439 5604 se
1468 5548 1657 5603 oﬂ‘eret

340 5616 519 5689 Etiam
549 5618 863 5673 videndum.
900 5618 964 5671 Et
992 5635 1123 5673 ecce
1150 5619 1264 5689 jam
1300 5620 1466 5673 micat
1490 5622 1777 5688 hesperus,

339 5687 662 5760 Instantque
689 5691 945 5744 tenebrae.
978 5689 1121 5760 Ergo
1154 5687 1315 5745 ocius
1350 5690 1483 5759 quin
1506 5687 1781 5746 tendimus

340 5758 465 5829 Quo
492 5774 639 5813 nunc
672 5762 877 5813 amicos
906 5758 1083 5815 noctis
1112 5762 1166 5813 in
1203 5758 1437 5829 caligine

339 5826 483 5885 Puto
528 5833 795 5886 coactos?
825 5830 900 5885 En
932 5830 1155 5885 domum
1196 5826 1543 5900 pervenimus

668 5930 943 5991 PATROL.
994 5929 1113 5991 Gn.
1164 5927 1517 5989 XXXVIII.

1952 4719 1996 4775 Β
2026 4701 2227 4768 Mariae,
2257 4704 2348 4758 ubi
2376 4704 2574 4759 charos
2600 4703 2762 4759 audio
2785 4701 3004 4775 occlusa
3039 4699 3155 4757 fore

2030 4775 2239 4844 Adesse
2264 4775 2559 4844 apostolos,
2595 4777 2851 4828 timentes
2880 4772 3091 4844 scilicet

2029 4843 2221 4898 Adhuc
2258 4841 2530 4899 latronum
2566 4844 2853 4899 barbaram
2886 4850 2939 4895 et
2973 4841 3148 4895 diram
3176 4857 3419 4897 manum.

2030 4915 2173 4979 Quin
2203 4924 2253 4970 et
2286 4931 2423 4970 serae
2454 4931 2645 4971 omnes
2671 4914 2853 4979 januaz
2891 4912 3161 4974 obductae,
3203 4918 3257 4966 et
3288 4915 3469 4979 fores;

2029 4985 2095 5038 Et
2125 4988 2398 5054 quomodo
2429 4993 2633 5050 autem,
2670 4984 2880 5037 foribus
2905 4982 3167 5054 occlusis.
3204 4983 3401 5037 domus

2031 5052 2244 5109 Patébit
2277 5056 2505 5110 aditus?
2544 5054 2732 5109 Audiit
2762 5060 2930 5115 certe,
2971 5060 3024 5105 et
3057 5052 3176 5106 sine

2033 5124 2276 5195 Strepitu
2311 5125 2537 5180 reclusit
2567 5125 2734 5177 Maria
2766 5123 2937 5195 chara
2964 5122 3298 5195 clanculum,

2035 5192 2212 5263 thue
2252 5197 2546 5251 subeamus
2582 5199 2861 5263 provocat.
2904 5192 3085 5263 Quare
3116 5192 3339 5246 domum

2032 5261 2313 5337 Sttspensa
2344 5261 2606 5334 paulatim
2642 5261 3106 5337 pedumAvestigia

2034 5331 2250 5391 Sensim
2279 5331 2539 5400 ferentes,
2574 5350 2643 5389 ne
2669 5341 2813 5389 metu
2847 5331 2956 5401 jam
2987 5331 3230 5401 perditos

2030 5404 2361 5477 Turbemus,
2391 5405 2786 5477 ingrediamur.
2811 5404 2890 5477 En
2932 5419 3032 5458 nos
3056 5401 3309 5477 undecim

2030 5476 2199 5531 Nobis
2235 5470 2527 5538 amicisfet
2559 5476 2703 5539 aliis,
2736 5476 2829 5543 qui
2859 5490 2919 5528 se
2943 5470 3092 5544 gregi

2032 5549 2472 5612 lmmiscuerunt,
2500 5555 2839 5615 congregata:
2868 5545 3138 5615 venimus.

2028 5617 2108 5671 Tu
2151 5617 2333 5672 denuo
2369 5619 2538 5686 ipsas,
2572 5612 2762 5678 Maria,
2799 5614 3088 5686 communi
3112 5612 3281 5686 fores.

2028 5689 2213 5757 Itaque
2246 5682 2523 5742 silentium
2558 5688 2835 5757 imperans
2865 5685 3007 5757 volo,
3032 5682 3327 5757 CleOphaim

2027 5755 2185 5813 Nunc
2211 5758 2535 5821 audiamus;
2570 5755 2808 5824 namque
2840 5756 3013 5818 adest,
3049 5761 3102 5808 et
3143 5755 3398 5823 plurima.

2033 5827 2102 5881 Ut
2137 5829 2315 5896 video,
2348 5835 2536 5884 narrat
2569 5844 2690 5898 quae
2736 5827 2996 5881 Dominus
3032 5825 3167 5895 ipsis
3203 5826 3380 5895 palam

3221 5915 3290 5973 11
