4176 6366
303 424 415 481 333

352 539 383 598 ὗ
416 544 462 597 δ⁹
495 546 563 599 ἂν
596 545 836 615 κρατῆτε
876 545 1075 616 δεσμὸν
1102 545 1583 617 ἀμπλακημάτων,

305 638 541 706 Δεσμοίς
565 635 783 698 ἀλύτοις
812 636 1226 709 κεκρατημένος
1259 641 1428 708 μενεῖ.

377 726 611 779 Τοιῶνδε
649 726 867 796 δεσμῶν
900 727 1112 781 ἁλύτων
1146 746 1235 800 με,
1260 731 1560 797 παντάναξ,

304 818 449 872 2550
494 818 552 870 '0
580 818 918 889 δεσμολύτης
945 820 1106 883 αὐτὸς
1132 820 1218 883 ἂν,
1245 821 1452 894 Σῶτερ,
1485 822 1666 890 λύσον,

306 905 423 974 Οἷς,
460 910 595 981 φεῦῑ
637 912 707 982 μὲ
739 911 1037 981 κατέδησεν
1070 914 1390 984 ἁπροσεξία.

319 1004 545 1075 Ἐχθρὸς
578 1004 622 1057 δ’
655 1008 683 1058 ὁ
716 1004 917 1068 πλάνος
955 1007 1293 1079 κατεϐάρυνε
1330 1006 1528 1079 φθόνῳ,

316 1098 496 1166 Ὁρῶν
530 1115 595 1168 με
622 1097 731 1151 τῶν
762 1101 893 1171 πρὶν
920 1098 1132 1152 ἁλὺτων
1162 1100 1454 1170 λελυμένον

303 1191 386 1261 Τῇ
422 1192 562 1264 πρὸς
592 1192 652 1243 σὲ
681 1191 884 1255 πίστει,
919 1192 1102 1264 δωρεᾷ
1132 1192 1438 1264 φιλαγάθῳ.

303 1287 448 1342 2555
476 1287 659 1357 Χαῖρ’,
690 1285 881 1348 ἐσθλὸς
911 1285 1100 1338 ἐσθλοῦ
1151 1287 1278 1348 Παῖ,
1314 1284 1544 1339 Βασιλεῦ
1603 1286 1901 1351 παντάναξ,

302 1381 413 1433 Τὸν
438 1379 748 1451 ἀρχέκακον
780 1379 1175 1447 καταπατήσας
1209 1379 1349 1447 ὅφιν,

307 1475 578 1544 Ἔσχατον
611 1471 823 1544 ἐχθρῶν
856 1470 1147 1524 καϐϐαλών
1173 1489 1229 1524 τε
1262 1471 1353 1525 τὸν
1384 1474 1590 1544 πότμον
1613 1489 1628 1505 ο

300 1559 401 1628 Οἷς
439 1566 512 1636 μή
545 1562 599 1635 μ’
632 1563 803 1636 ἐάσῃς
829 1561 1181 1634 κυριευθῆναι
1219 1563 1402 1629 πάλιν,

307 1656 499 1720 Ἀναξ,
528 1655 699 1720 Ἀναξ
724 1654 939 1724 ἄφθιτε,
968 1655 1032 1708 σὺ
1055 1654 1189 1720 Θεὸς
1222 1656 1403 1727 μόνος,

300 1749 446 1803 2540
482 1750 692 1820 Κριτής
714 1768 773 1803 τε
802 1747 1121 1811 πανένδικος
1147 1747 1286 1823 ἔρχῃ
1315 1766 1383 1820 με
1413 1748 1633 1819 κρίνων.

280 1842 429 1906 ¹Πῶς
456 1842 586 1911 γοῦν
622 1840 733 1911 ἐγώ
763 1860 823 1895 σε
860 1843 938 1914 τῷ
974 1843 1085 1895 τότ’
1122 1841 1367 1913 ἀθρήσω,
1402 1843 1575 1910 Λόγε;

1593 428 1943 485 CHRISTUS
2000 428 2317 485 PATIENS.

1928 561 1975 617 Α
2008 549 2259 620 Ὅμμασί
2288 548 2335 600 θ’
2377 546 2507 608 οἵοις
2547 544 2779 598 ἀτενίσω
2814 544 2902 596 σὺν
2936 541 3147 614 θρόνον,

3496 425 3603 485 554

2024 640 2293 711 Ἐμαυτὸν
2324 638 2540 703 ἀνάξιον
2569 636 2809 703 ἐνδείξας
2837 635 3003 698 τάλας

2010 732 2182 786 Πόλου
2212 748 2271 784 τε
2327 731 2421 783 καὶ
2453 730 2576 800 γῆς,
2609 728 2709 799 σῆς
2740 744 2798 778 τε
2828 724 3222 796 δημιουργίαςς

2006 825 2148 881 2545
2198 825 2258 877 '0
2285 821 2556 893 δυσμενὴς
2593 821 2834 890 ἥρπασε,
2868 816 3149 888 κατήγαγέ
3182 834 3250 887 με

2009 920 2103 980 Εἰς
2139 916 2351 985 βόθρον,
2385 917 2465 977 εἰς
2493 913 2786 984 τάρταρον,
2819 913 2898 974 εἰς
2928 910 3057 981 χάος
3092 909 3249 980 μέγα.

2008 1006 2263 1078 Σφοδρῶς
2282 1002 2478 1068 διώξας
2513 1001 2781 1056 κατέλαϐέ
2811 1001 2867 1071 μ’
2894 1003 2922 1053 ό
2950 1000 3171 1066 πλάνος,

2009 1101 2167 1153 ’Ὀλον
2193 1116 2260 1170 με
2288 1098 2638 1150 κατέπτωσεν
2662 1098 2739 1158 εἰς
2779 1094 2905 1166 ᾅδου
2935 1092 3116 1162 ζόφον.

2008 1193 2186 1257 Ἐλεε,
2223 1191 2345 1256 Θεὲ,
2373 1189 2506 1259 νέμε
2535 1189 2683 1260 χέρε,
2716 1188 2851 1259 φέρε
2876 1204 2966 1257 με,

2003 1285 2147 1340 2550
2176 1284 2287 1338 Καὶ
2323 1284 2398 1354 μή
2433 1281 2489 1352 μ’
2519 1281 2688 1353 ἐάσῃς
2721 1282 2910 1350 χάρμα
2935 1276 3013 1349 τῷ
3046 1274 3405 1351 βροτοκτόνῳ.

2004 1378 2103 1431 Σὸν
2133 1378 2247 1443 εἰμι
2276 1374 2523 1445 πλάσμα,
2561 1373 2625 1425 σύ
2656 1389 2723 1443 με
2750 1371 3041 1424 παίδευσον
3075 1369 3255 1440 μόνος,

2003 1469 2114 1521 Καὶ
2148 1467 2349 1537 πλῆξον
2378 1465 2538 1527 αὐτὸς
2573 1462 2888 1533 φιλαγάθως
2922 1460 3133 1525 ἐνθάδε,

2001 1561 2114 1614 Καὶ
2152 1559 2227 1630 μὴ
2256 1557 2448 1628 γεέννῃ
2475 1554 2950 1627 παραπεμφθῖψαι
2982 1553 3165 1625 λίπῃς.

2015 1655 2216 1719 Ῥύσιε,
2249 1653 2584 1725 λισσόμεσθά
2623 1652 2690 1717 σ’,
2720 1650 3085 1721 ἠδικήσαμεν,

1999 1748 2140 1805 9555
2178 1749 2289 1801 Καὶ
2324 1747 2504 1817 σῶμα,
2537 1746 2632 1798 καὶ
2654 1744 2799 1814 ψυχή
2829 1759 2888 1794 τε
2949 1740 3044 1793 καὶ
3070 1737 3192 1800 νοῦς
3217 1735 3440 1800 ἀθλίως.

2013 1839 2368 1912 Ἦμάρτομέν
2402 1856 2505 1905 σοι,
2540 1837 2710 1890 πολλά
2738 1836 2782 1891 τ’
2807 1833 3186 1907 ήνομήσαμεν.

811 1994 986 2065 Cujus
1012 2004 1196 2050 autem
1238 2008 1587 2065 peccatorum
1620 2012 1793 2052 nexus
1823 1997 2186 2060 retinueritis,

747 2107 759 2119 .
803 2067 1205 2121 lusolubilibus
1230 2068 1467 2121 nexibus
1496 2068 1800 2121 remanebit
1833 2072 2113 2123 astrictus.

876 2137 974 2192 His
1002 2148 1183 2193 autem
1206 2138 1445 2193 vinculis
1472 2138 1885 2201 insolubilibus,
1920 2142 2166 2193 omnium
2199 2136 2337 2199 Rex,

802 2208 946 2263 2530
984 2208 1089 2274 Qui
1122 2223 1300 2262 nexus
1334 2209 1454 2277 ipse
1483 2210 1737 2269 solveris,
1768 2225 1801 2264 ο
1837 2209 2113 2274 Salvator,
2149 2225 2236 2263 me
2269 2209 2457 2271 libera,

803 2279 1039 2351 Quibus,
1062 2280 1201 2334 eheu
1227 2280 1239 2331 !
1284 2294 1372 2332 me
1400 2280 1737 2351 constrinxit
1768 2283 2048 2351 segnities.

804 2348 992 2406 Hostis
1015 2351 1276 2407 seductor
1304 2349 1511 2403 invidia
1540 2348 1840 2419 Oppressit,

801 2420 1050 2475 Cernens
1073 2437 1160 2475 me
1186 2422 1423 2476 vinculis
1447 2430 1607 2475 antea
1654 2422 2047 2476 insolubilibus
2075 2422 2311 2477 liberum

803 2490 908 2546 Per
932 2493 1094 2547 Iidem
1129 2492 1184 2546 in
1216 2498 1290 2552 te,
1317 2501 1371 2546 et
1400 2502 1492 2545 tua
1527 2493 2042 2548 munilicenlissinta
2075 2493 2431 2562 benignitate.

801 2562 946 2617 9535
980 2562 1162 2628 Salve,
1195 2578 1227 2616 ο
1254 2564 1459 2631 optime
1490 2563 1681 2632 optimi
1716 2562 1842 2628 Fili,
1876 2565 1989 2619 Rex
2032 2579 2309 2633 supreme,

802 2632 905 2697 Qui
942 2634 1070 2686 mali
1106 2636 1410 2702 principem
1440 2633 1782 2688 conculcasti
1816 2632 2150 2705 serpentem,

802 2705 869 2755 Ιοὶι
900 2705 1263 2759 novissimum
1300 2706 1511 2759 hostem
1544 2716 1774 2761 mortem
1799 2706 2079 2761 evertisti:

800 2774 1013 2838 Quibus
1037 2792 1106 2828 ne
1132 2777 1331 2829 iterum
1369 2790 1455 2830 me
1485 2776 1721 2844 Opprimi
1751 2776 1926 2841 sinas,

802 2845 937 2903 Rex,
962 2845 1073 2899 Rex
1096 2846 1443 2906 immortalis,
1474 2854 1531 2899 tu
1556 2846 1701 2901 Deus
1732 2849 1916 2907 unice,

804 2915 947 2969 2540
982 2918 1086 2982 Qui
1121 2916 1364 2985 et-judex
1388 2922 1612 2974 omnino
1637 2933 1848 2986 atquus,
1880 2920 2065 2973 venies
2096 2934 2181 2973 me
2204 2918 2575 2985 judicaturus.

801 2986 1089 3051 Quomodo
1123 2989 1288 3057 igitur
1329 2995 1381 3040 te
1404 3005 1553 3043 nunc
1576 2989 1852 3051 intuebor,
1887 3005 1919 3042 ο
1952 2989 2226 3044 Verbum?

800 3060 951 3123 Quos
983 3060 1174 3113 oculos
1208 3059 1260 3111 in
1286 3066 1439 3112 tuum
1478 3060 1735 3113 thronum
1767 3062 2021 3129 deligam,

802 3129 906 3193 Qui
943 3130 1326 3199 memetipsum
1364 3130 1649 3200 indignum
1674 3131 1898 3184 exhibui
1934 3134 2102 3185 miser

803 3200 978 3260 Ocelo,
1006 3210 1173 3259 terra,
1200 3212 1402 3268 tuaque
1433 3201 1823 3270 providentia?

803 3269 945 3341 2545
979 3270 1230 3325 Infensus
1255 3269 1545 3325 hostislme
1574 3274 1775 3341 rapuit,
1804 3274 2147 3341 detrusitque

804 3340 861 3393 In
892 3341 1131 3405 foveam,
1158 3344 1214 3395 in
1243 3350 1533 3403 tartarum,
1563 3343 1615 3395 in
1642 3344 1812 3398 chaos
1836 3340 2190 3398 immensum.

804 3413 1021 3483 Acriter
1054 3428 1395 3481 persequens
1429 3415 1691 3468 seductor
1722 3430 1809 3468 me
1840 3415 2133 3483 corripuit,

809 3481 1270 3554 1352—1353
1301 3483 1365 3537 Et
1397 3500 1482 3539 me
1506 3493 1681 3537 totum
1703 3485 1756 3537 in
1781 3481 2036 3539 tenebras
2062 3482 2260 3537 inferni
2293 3483 2576 3539 demersit.

805 3556 1081 3616 Miserere,
1122 3559 1284 3617 Deus,
1325 3556 1504 3622 praebe
1537 3571 1756 3616 manus,
1780 3564 1834 3609 et
1860 3564 2106 3609 sustenta
2142 3570 2248 3608 me.

803 3624 945 3677 2550
979 3624 1167 3694 Neque
1199 3641 1287 3678 me
1321 3626 1601 3679 hominum
1635 3625 1971 3679 interfectori
2006 3626 2301 3679 ludibrium
2344 3624 2496 3678 siuas
2533 3643 2547 3674 :

808 3696 938 3765 Sum
968 3703 1122 3749 tuum
1158 3695 1500 3764 ﬁgmentum,
1530 3705 1588 3749 tu
1621 3712 1706 3750 me
1734 3697 1886 3750 solus
1914 3698 2224 3765 corripias;

810 3764 874 3837 _F.t
902 3765 990 3819 hic
1022 3783 1109 3821 me
1133 3777 1189 3820 tu
1226 3768 1344 3835 ipse
1378 3768 1609 3837 benigne
1637 3769 1937 3836 percutias,

806 3835 992 3907 Neque
1022 3854 1105 3891 me
1134 3838 1199 3890 ad
1242 3835 1545 3906 gehennam
1573 3835 1712 3891 mitti
1738 3839 2044 3907 permittas.

808 3906 852 3959 Ο
884 3905 1330 3976 Redemptumte
1362 3905 1754 3977 deprecamur,
1788 3910 1973 3976 inique
2008 3908 2240 3978 egimus.

806 3978 950 4048 ξεῖᾕὸ
984 3978 1048 4029 Et
1077 3994 1327 4048 corpore,
1362 3988 1415 4032 et
1444 3986 1643 4039 incute,
1686 3988 1741 4032 et
1771 3980 1956 4032 animo
1987 3978 2304 4032 infeliciter.

807 4046 1163 4104 Peccavimus
1184 4046 1316 4113 tibi,
1348 4059 1400 4103 et
1433 4051 1482 4102 iu
1509 4049 1761 4119 pluribus
1788 4061 1836 4103 te
1860 4048 2209 4102 offendimus.

362 4226 507 4307 2529
527 4226 778 4309 Τοιῷνδε
795 4227 1054 4297 δεσμῶν,
1077 4237 1183 4283 etc.
1214 4228 1408 4282 Votum
1441 4236 1630 4298 poetae,
1672 4239 1725 4283 et
1752 4245 1886 4283 cono

286 4298 468 4351 Clusio
492 4300 696 4366 operis.

366 4369 508 4440 2555
523 4369 705 4438 Χαῖρ’,
729 4370 969 4437 ἐσθλός,
993 4378 1098 4425 etc.
1126 4372 1200 4425 Ita
1230 4387 1392 4440 supra
1422 4369 1881 4437 vers.2095,etc.,

289 4448 347 4492 et
378 4438 536 4493 Rhet.
574 4456 715 4494 vers.
752 4442 878 4497 589.

2055 4229 2198 4286 2354
2253 4230 2468 4289 Ῥύσιε,
2513 4231 2911 4300 λισσόμεσθα,
2958 4238 3064 4285 etc.
3112 4230 3189 4284 Ita
3225 4230 3337 4287 fere
3384 4231 3584 4290 Bacch.

1990 4316 2137 4353 vers.
2174 4300 2311 4353 1542
2341 4300 2579 4353 Cadmus
2614 4302 2933 4370 Dionysium
2971 4304 3339 4371 deprecatur:

2098 4371 2342 4433 Διόνυσε,
2372 4371 2711 4439 λισσόμεσθά
2740 4371 2808 4437 σ’,
2840 4372 3201 4442 ἠδικήκαμεν.

2101 4442 2322 4507 Bacche,
2354 4442 2612 4511 supplices
2646 4443 2741 4496 tibi
2782 4458 2987 4509 sumus,
3021 4448 3367 4510 peccavimus.

1609 4558 1945 4618 METRICA
1974 4558 2272 4618 VEBSIO.

289 4680 454 4736 Tunc
483 4687 568 4735 est
600 4678 821 4735 futurus
848 4697 859 4732 ε
888 4680 1046 4749 cujus
1079 4689 1258 4735 autem
1296 4681 1511 4735 vincula

289 4752 563 4807 Premetis
598 4760 751 4805 arcta
780 4752 1095 4813 criminum,
1127 4752 1269 4805 idem
1306 4754 1542 4807 vinculis

288 4822 572 4879 Astrictus
595 4824 701 4876 erit
732 4822 837 4883 his,
866 4839 986 4891 qua:
1010 4823 1209 4876 resolvi
1242 4837 1349 4876 non
1390 4830 1614 4890 queant.

372 4893 576 4947 Vinclis
599 4893 667 4947 ab
700 4893 808 4946 illis
844 4910 963 4961 qua:
993 4908 1154 4947 manu
1181 4894 1329 4946 nulla
1362 4905 1565 4962 queant

290 4964 467 5021 Solvi.
505 4979 761 5032 supreme
793 4962 930 5024 Rex,
974 4965 1125 5017 salus
1162 4972 1311 5017 certa
1352 4967 1617 5030 omnium,

286 5035 394 5100 Qui
428 5035 648 5087 vincula
678 5034 795 5101 ipse
820 5035 1074 5099 solveris,
1107 5049 1193 5087 me
1225 5034 1417 5100 libera,

284 5108 503 5172 Quibus
529 5120 647 5159 mea
675 5105 1005 5175 negligentia
1034 5106 1318 5168 miserum,
1352 5121 1385 5158 ο
1413 5106 1596 5161 dolor!

288 5178 545 5230 Imiexuit
576 5191 662 5228 me
691 5193 703 5228 :
733 5177 965 5229 callidus
997 5192 1130 5229 vero
1158 5175 1409 5231 invidens

290 5246 565 5300 Seductor
594 5245 810 5314 impulit
840 5247 1006 5300 altius
1034 5261 1139 5311 me,
1175 5262 1402 5301 munere

289 5320 319 5366 Ἰ
342 5333 411 5368 uo
447 5316 703 5385 benigno,
735 5332 833 5385 per
873 5317 1031 5371 ﬁdem
1067 5319 1121 5371 in
1154 5324 1207 5370 te
1242 5319 1556 5383 maximam,

288 5385 391 5440 His
419 5402 544 5440 cum
572 5386 781 5441 videret
818 5396 946 5441 ante
980 5387 1151 5443 ﬁrmis
1183 5387 1437 5444 liberum.

290 5458 477 5521 Salve,
510 5458 650 5511 bone
688 5472 722 5511 ο
751 5456 890 5523 Rex,
928 5465 1045 5511 sate
1074 5458 1239 5522 bono,
1271 5456 1386 5512 Rex
1421 5458 1606 5513 omnia

290 5526 531 5597 Regeus.
562 5529 688 5580 mali
718 5532 896 5584 omnis
928 5529 1107 5597 capite
1133 5529 1345 5583 calcato
1376 5530 1562 5584 invido

292 5596 581 5670 §erpeute,
614 5609 850 5653 mortem
884 5600 981 5670 qul
998 5596 1251 5670 hostium
1282 5615 1551 5655 summam
1583 5599 1878 5670 Opprimis:

288 5668 371 5723 Ne
406 5684 493 5723 me
520 5669 655 5739 jugo
695 5668 1118 5726 horum'rursus
1148 5669 1370 5739 indigno
1408 5672 1582 5739 premi

288 5737 575 5811 Eermitte.
595 5737 715 5804 ’Tu,
750 5740 863 5795 Rex
893 5741 1125 5811 integer,
1150 5737 1265 5794 Rex
1298 5749 1352 5795 et
1384 5737 1527 5796 Deus

288 5808 375 5863 τυ
402 5811 556 5865 solus
588 5826 780 5880 aequus
809 5811 917 5865 huc
946 5808 1051 5865 mei
1075 5811 1243 5879 judex
1274 5812 1447 5865 venis.

288 5880 357 5934 Et
383 5883 679 5951 quomodo,
723 5897 755 5935 ο
786 5880 1047 5945 Verbum,
1080 5891 1132 5937 te
1162 5896 1261 5951 ego
1292 5881 1385 5937 illo
1426 5892 1668 5944 tempore

1916 4680 2242 4745 Blntuear?
2299 4682 2490 4736 oculos
2542 4698 2681 4751 quos
2736 4691 2890 4737 tuum
2940 4684 2995 4741 in
3053 4688 3312 4744 thronum
3354 4693 3462 4743 eri-

1989 4822 2094 4897 Qui
2124 4839 2210 4897 me
2240 4824 2395 4897 polo,
2432 4830 2688 4897 terraque
2718 4840 2827 4880 non
2856 4824 3106 4897 dignum,
3136 4837 3191 4886 et
3216 4758 3440 4884 tuggam.

1988 4895 2157 4948 Miser
2185 4894 2391 4948 fabrica
2428 4896 2672 4963 prodidi?
2709 4896 2804 4949 Ille
2845 4894 3088 4965 perditus

1995 4964 2246 5035 infensus
2281 4965 2455 5018 hostis
2486 4980 2571 5018 me
2603 4964 2937 5035 profundum
2979 4970 3033 5023 in
3067 4977 3333 5025 tartarum

1992 5034 2341 5111 _Foveamque_
2371 5036 2543 5111 misit,
2580 5034 2633 5090 et
2666 5037 2834 5090 chaos
2864 5046 3079 5093 vastum
3100 5059 3125 5111 γε
3158 5042 3440 5111 improbus

1993 5104 2262 5178 [mpostor
2292 5106 2383 5159 ubi
2414 5121 2500 5158 me
2532 5114 2726 5162 nactus
2751 5116 2857 5173 est,
2890 5112 2972 5163 sic
2994 5110 3198 5178 jugiter

1993 5176 2089 5248 Est
2112 5184 2457 5248 persecutus,
2486 5186 2545 5229 ut
2576 5192 2662 5231 me
2692 5178 2747 5231 in
2780 5179 2894 5232 orci
2920 5176 3179 5248 pallidam

1991 5246 2185 5301 Sedem
2218 5247 2483 5312 tenebris,
2517 5247 2880 5315 improvidum
2905 5246 3175 5306 merserit.

1992 5317 2249 5392 Miserere
2282 5318 2409 5379 mei,
2442 5334 2475 5370 0
2504 5315 2667 5392 Deus,
2697 5334 2892 5392 manus
2916 5335 3071 5391 cape,
3105 5330 3160 5375 et
3193 5338 3362 5392 rege:

1992 5387 2310 5461 [mdibriuln
2342 5403 2429 5441 me
2454 5403 2559 5441 non
2584 5390 2702 5443 sine
2731 5387 3014 5461 hominum
3049 5387 3316 5461 pestibus.

1991 5459 2335 5537 figmentum
2370 5472 2470 5527 ego
2500 5468 2652 5537 tuum
2693 5474 2906 5537 su_m,_o
2939 5459 3103 5529 Deus,
3140 5472 3194 5517 tu
3239 5480 3326 5519 me
3354 5480 3574 5537 quoque

1989 5528 2192 5583 Punite
2221 5530 2392 5591 solus,
2427 5538 2483 5581 tu
2516 5528 2615 5583 feri
2641 5544 2728 5583 me
2760 5530 2955 5585 leniter

1993 5600 2295 5672 viventem,
2328 5607 2381 5672 et
2402 5599 2543 5672 hinc
2582 5614 2669 5672 me
2701 5615 2768 5654 ne
2807 5602 3037 5672 relegari
3072 5605 3222 5659 sinas

1988 5671 2278 5744 @ternum
2303 5670 2371 5744 ad
2400 5670 2595 5739 ignem.
2625 5667 2721 5735 Te,
2762 5686 2796 5724 ο
2822 5667 3172 5743 Redemptor,
3202 5678 3500 5744 poscimus,

1987 5740 2214 5812 Egimus
2240 5742 2445 5809 inique,
2475 5747 2677 5812 mente,
2704 5756 2954 5812 corpore,
2983 5740 3045 5797 et
3063 5740 3275 5812 animo;

1988 5810 2388 5865 Gravissimum
2423 5811 2571 5882 istud
2598 5810 2743 5880 quod
2773 5813 2871 5882 tibi
2900 5810 3272 5882 peccavimus,

1991 5882 2147 5949 Quod
2180 5883 2377 5951 saepius
2415 5897 2516 5936 nos
2542 5880 2684 5936 devii
2715 5888 2767 5937 te
2796 5880 3146 5939 oﬂ‘ehdimus.
