4176 6366
339 472 441 529 διιι

1361 477 1457 532 AD
1488 476 1800 534 CARMINA
1842 476 1899 533 S.
1933 475 2260 534 GREGOBII
2297 479 2543 538 THEOL.

3503 479 3613 537 ΞΩ

1080 778 1440 833 ΣΥΝΑΓΩΙἮ
1474 779 1591 833 ΚΑΙ
1630 779 1967 834 ΕΞΗΙἮΣΙΣ
2021 780 2113 833 ΩΝ
2161 780 2499 835 ΕΜΝΗΣΘΗ
2531 782 2851 838 ιΣΤοΡιΩΝ

1388 956 1463 1039 0
1547 953 1881 1042 ΘΕΙΟΣ
1966 954 2576 1041 ΓΡΗΓΟΡΙΟΣ

410 1133 514 1192 ΕΝ
544 1135 714 1192 ΤΟΙΣ
750 1137 1153 1193 ΕΜΜΕΤΡΩΣ
1185 1136 1380 1205 ΑΥΤῼ
1408 1136 1868 1190 ΕΙΡΗΜΕΝΟΙΣ
1904 1137 2006 1188 ΕΚ
2036 1137 2124 1187 ΤΕ
2150 1137 2288 1187 ΤΗΣ
2317 1135 2865 1188 ΘΕΟΠΝΕΥΣΤΟΥ
2890 1135 2939 1187 Γ
2942 1135 3199 1188 ΡᾹΦΗΣ-
3232 1136 3365 1188 ΚΑΙ
3408 1133 3557 1187 ΤΩΝ-κ

1298 1222 1591 1278 ΕΞΩΘΕΝ
1626 1223 1956 1277 ΠΟΙΗΤΩΝ
1984 1224 2118 1276 ΚΑΙ
2146 1225 2193 1275 Σ
2206 1223 2661 1276 ΥΓΓΡΑΦΕΩΝ.

989 1391 1550 1509 ΚΟΣΜΑ
1689 1366 2937 1504 ΙΕΡΟΣΟΛΥΜΙΤΟΥ

1516 1607 1821 1677 ,ΠΟΝΗΜΑ
1858 1606 2429 1661 ΦΙΛΟΓΡΗΓΟΡΙΟΥ.

690 1947 1094 2009 COLLECTIO
1134 1947 1231 2009 ET
1272 1944 1897 2007 INTERPRETATIO
1949 1942 2485 2005 HISTORIARUM
2528 1941 2864 2013 QUARUM.
2897 1940 3238 2001 MEMINI}:

1427 2132 1792 2223 DIVUS

1892 2129 2577 2222 GREGOBIUS

450 2331 520 2391 In
561 2328 939 2395 carminibus
989 2326 1117 2390 suis
1154 2334 1292 2389 tum
1337 2344 1415 2388 ex
1463 2326 1529 2387 S.
1576 2323 1893 2402 Scriptura
1945 2328 2078 2382 tum
2131 2338 2207 2382 ex
2257 2322 2536 2401 profanis
2574 2324 2779 2404 poetis
2824 2328 3014 2402 atque
3056 2322 3491 2402 scriptoribus.

1887 2504 2051 2547 OPUS

646 2661 954 2725 COSM/E
1031 2659 1847 2723 HIEROSOLYMITANI
1915 2657 2511 2723 COGNOMENTO
2587 2662 3289 2726 PHILOGREGORII.

883 2942 1343 3016 [npoomnom]

395 3041 538 3103 Τοὺς
593 3037 811 3109 βυθίους
853 3036 1148 3108 διφήτορας
1184 3036 1295 3087 τῶν
1341 3034 1647 3089 θαλαττίων
1701 3038 1910 3107 μυχῶν,

320 3135 450 3195 τοὺς
497 3128 823 3200 κευθμῶνας
854 3125 1213 3197 διφωμένους,
1262 3127 1515 3198 οὐδαμῶς
1565 3129 1911 3198 ἀνακωχοῦσι

319 3226 426 3294 τῆς
442 3221 758 3293 προθυμίας
784 3222 833 3273 οἱ
855 3220 1229 3293 παρεπόμενοι
1246 3220 1505 3285 κίνδυνοι,
1531 3221 1639 3273 τῶν
1659 3222 1716 3273 ἐν
1732 3222 1913 3273 ἐλπίσι

320 3315 600 3386 κειμένων
635 3312 954 3382 ὲπιτυχιῶν,
980 3311 1243 3384 δευτέρας
1279 3311 1600 3382 τιθεμένους
1634 3312 1732 3376 τάς
1781 3313 1914 3366 ἀτυ-

318 3403 470 3474 χίας,
504 3402 601 3455 καὶ
623 3401 683 3454 τὸ
718 3400 782 3454 ἐκ
809 3417 954 3464 τινος
977 3400 1219 3471 χαλεπῆς
1257 3402 1556 3471 συγκυρίας
1591 3402 1914 3473 ὲπισυμόαῖ·

318 3513 433 3557 νον,
469 3496 797 3565 κουφότερον
834 3492 981 3546 ἆπαν
1012 3487 1151 3545 εἶναι
1184 3494 1542 3563 νενομικὸτας
1566 3510 1578 3523 ·
1604 3494 1798 3565 ἀμέλει
1821 3495 1913 3548 τὸν

317 3586 623 3657 πολύτιμον
646 3584 759 3638 ἐσθ’
782 3586 871 3639 ὅτε
901 3584 1253 3657 μαργαρίτην
1283 3584 1646 3656 ἀνιμώμενοι,
1678 3589 1771 3640 καὶ
1799 3590 1914 3651 τοῖς

316 3678 591 3747 ἐπιγείοις
624 3676 939 3748 βασιλεῦσιν
978 3677 1135 3730 ὄλϐον
1173 3678 1642 3748 προσκομίζοντες
1667 3679 1758 3732 τὸν
1795 3696 1915 3750 τρι-

317 3772 592 3841 πόθητον,
642 3771 816 3843 ταύτῃ
869 3770 1110 3841 μείζοσιν
1163 3768 1431 3834 εὐδοξίαις
1482 3772 1909 3843 ἀντιτιμῶνται”

316 3865 583 3925 πολλάκις
607 3864 705 3935 μὲν
725 3858 818 3916 οὖν
844 3864 939 3915 καὶ
962 3862 1071 3915 τῶν
1099 3862 1499 3933 εὐτελεστέρων
1524 3863 1731 3927 ἕνεκεν,
1764 3864 1914 3933 ὅμως

313 3956 426 4027 τῆς
459 3954 634 4024 αὐτῆς
667 3953 883 4024 ἔχονται
915 3952 1249 4023 προθυμίας,
1295 3952 1416 4006 οὐδὲ
1456 3953 1585 4025 πρὶν
1610 3953 1642 4024 ἢ
1669 3953 1779 4006 τῶν
1819 3971 1912 4006 πο-

314 4046 602 4118 θοὺμένων
627 4044 985 4115 κατατύχοιεν
1016 4044 1383 4115 ἀπολήγουσιν
1404 4061 1426 4103 ·,
1453 4044 1563 4114 ἐγὼ
1595 4046 1651 4098 δὲ
1682 4045 1783 4116 τῆς
1815 4045 1915 4115 μὲν

315 4138 549 4191 ἐκεί-νων
580 4136 845 4207 εὐψυχίας
876 4138 977 4189 οὐκ
1007 4131 1106 4189 οἷδ’
1135 4138 1284 4199 ὅπως
1310 4136 1376 4190 ἂν
1403 4136 1639 4205 ἐμαυτὸν
1669 4136 1701 4206 ἢ
1749 4138 1910 4190 πλέον

313 4229 753 4300 ἀντιμετρήσας,
794 4228 893 4279 εἴτ’
932 4222 1026 4279 οῦν
1065 4226 1509 4295 καταδεέστερον,
1541 4228 1700 4295 ἀφεὶς
1731 4227 1912 4295 λέγειν

313 4322 423 4392 τὴν
449 4322 573 4391 ἴσην
599 4318 829 4381 ἐκείνοις
860 4321 923 4370 ὲκ
954 4317 1359 4389 μεγαλοψυχίας
1381 4318 1602 4387 ἑλοίμην
1633 4317 1876 4381 εὐδοξίαν
1895 4336 1908 4348 ·

312 4414 449 4482 ἄρτι
494 4410 551 4463 δέ
590 4426 680 4481 μοι
716 4407 810 4461 τοῦ
859 4409 1060 4462 Ίωνίου
1106 4408 1479 4480 πυθμένος,εἱ’
1514 4410 1598 4471 τίς
1635 4411 1771 4472 ἐστι,
1816 4408 1909 4461 τοῦ

2022 2945 2157 3007 νίου,
2204 2943 2349 3013 φημὶ
2381 2943 2439 2996 δὲ
2470 2942 2579 2996 τῶν
2614 2943 2918 3016 Γρηγορίου
2966 2944 3140 3014 λόγων
3179 2945 3271 2999 τὸν
3317 2947 3631 3019 πολύτιμονιι

2021 3036 2368 3108 μαργαρίτην
2391 3035 2703 3107 ἀρυομένῳ,
2728 3038 2823 3090 καὶ
2845 3036 2953 3090 τῶν
2983 3037 3294 3110 ὲνδομύχων
3315 3038 3611 3112 θησαυρῶν

2016 3130 2108 3184 τὸν
2137 3129 2427 3198 ὲγκόλπιον
2456 3128 2689 3182 πλοῦτον
2731 3130 3187 3201 παραγυμνοῦντι
3234 3132 3484 3196 ἐπιστὰς,
3534 3133 3609 3203 μή

2023 3220 2093 3290 μέ
2128 3236 2212 3282 τις
2258 3220 2513 3288 οίήσηται
2549 3217 2757 3271 τούτων
2791 3220 2952 3289 χάριν
2990 3219 3090 3271 οὐκ
3129 3221 3371 3289 ἀγεννῶς
3422 3220 3611 3291 βεῦου-

2018 3310 2263 3373 λεῦσθαι,
2300 3308 2436 3363 ἀλλά
2479 3311 2573 3362 καὶ
2608 3309 2754 3379 μάλα
2798 3328 2860 3379 γε
2898 3310 3005 3382 μὴν
3048 3310 3336 3379 νεανικῶς,
3388 3312 3471 3366 ὅτι
3518 3313 3612 3366 καὶ

2018 3403 2139 3457 λίαν
2164 3400 2342 3473 ὀρθῶς
2386 3400 2742 3472 φιλοδικήσας
2762 3418 2774 3431 ⁸
2806 3403 2856 3454 εἰ
2883 3402 2992 3473 γὰρ
3018 3402 3081 3473 δή
3114 3420 3218 3456 που
3262 3402 3354 3456 τοῦ
3384 3404 3483 3472 τῆς
3523 3407 3613 3457 εὑ-

2019 3489 2293 3560 φροσύνης
2317 3488 2665 3558 κεράσματος
2692 3487 2853 3540 κόνδυ
2880 3488 3118 3559 χρυσοῦν
3156 3492 3185 3543 ὁ
3226 3490 3401 3556 Λόγος
3450 3490 3615 3562 προῦ-

2020 3581 2153 3651 θηκε
2177 3581 2269 3634 τὸν
2296 3581 2615 3652 Γρηγόριον,
2643 3580 2739 3633 καὶ
2769 3581 3066 3650 μυρίπνοον
3098 3582 3267 3649 ἄγγος
3297 3583 3358 3635 τὸ
3387 3583 3612 3653 Πνεῦμα

2016 3671 2205 3724 τοῦτον
2248 3671 2626 3725 κατεσκεύασε
2658 3672 2718 3723 τὸ
2752 3672 3041 3740 πανάγιον,
3068 3673 3103 3742 ἦ
3146 3689 3205 3725 τε
3245 3674 3403 3745 χάρις
3443 3675 3611 3728 ἑπτά-

2021 3762 2227 3817 καυλον
2260 3763 2427 3832 ἔθηκε
2463 3762 2735 3817 πάντοθεν
2763 3763 3272 3834 σελασφορούμενον
3305 3764 3611 3835 λαμπάδιον

2017 3857 2111 3908 καὶ
2137 3853 2536 3925 πυρσούμενον,
2561 3855 2621 3905 οὐ
2652 3854 2849 3924 μικρὸν
2879 3855 2957 3915 εἰς
2984 3853 3229 3918 εὐδοξίαν
3252 3856 3343 3907 τὸν
3360 3854 3610 3908 ὁπωσοῦν

2017 3946 2356 4019 εὐφροσύνης
2407 3945 2663 4016 κρατῆρα
2714 3945 2980 4016 μηδαμῶς
3034 3947 3487 4017 χρηματίσανταο
3550 3946 3612 3998 τὸ

2016 4039 2146 4110 γοῦν
2179 4041 2371 4110 κιρνᾷν
2404 4038 2498 4091 τοῦ
2530 4038 2809 4109 κρατῆρος
2837 4038 2936 4108 τὴν
2969 4038 3332 4109 εὐφροσύνην,
3378 4039 3487 4092 οὐδ’
3519 4039 3610 4098 ἂν,

2018 4128 2197 4202 οἶμαι,
2220 4132 2301 4194 τὶς
2325 4131 2776 4199 ἀποφαυλίσοιτο,
2814 4132 2985 4204 μύρον
3020 4134 3117 4203 μὲν
3149 4134 3247 4204 οὐχ
3274 4135 3608 4204 ὑπάρχοντα.

2018 4223 2098 4294 τῷ
2142 4224 2426 4294 μυριπνόῳ
2459 4224 2514 4276 δὲ
2571 4224 2989 4295 παρεπόμενον·
3021 4226 3118 4296 οὐχ
3162 4220 3326 4295 ἦττον
3366 4227 3475 4297 γὰρ
3509 4227 3610 4294 τῆς

2019 4316 2249 4379 εὐωδίας
2297 4316 2674 4387 ἀντιλήψεται,
2726 4319 2787 4370 τὸ
2851 4317 3254 4388 Σολομώντειον
3312 4315 3371 4372 εῦ
3432 4318 3607 4383 εἰδὼς,

2032 4409 2247 4462 Ὀπίσω
2280 4423 2418 4469 σου,
2464 4408 2695 4477 φάσκον,
2727 4411 2815 4475 εἰς
2844 4409 3049 4478 ὀσμὴν·
3078 4411 3287 4478 μύρων
3314 4424 3432 4463 σου
3471 4409 3611 4478 6pc;-

314 4501 695 4573 πληρώματος
728 4499 785 4552 δὲ
818 4499 1018 4567 μᾶλλον
1048 4502 1224 4553 εἰπεῖν
1265 4500 1594 4570 οἰκειότερον
1622 4500 1716 4552 τοῦ
1747 4502 1913 4571 οὐρα-ι
2011 4502 2267 4571 μοῦμαι’
2299 4501 2395 4554 καὶ
2430 4501 2613 4570 μέντοι
2650 4499 2730 4572 τῷ
2767 4501 3060 4573 λαμπαδίῳ
3088 4502 3180 4554 τὸν
3226 4502 3608 4574 προσψαῦοντα

395 4634 507 4690 Eos
535 4635 629 4703 qui
665 4632 971 4704 profundos
998 4632 1169 4687 maris
1196 4648 1450 4687 recessus
1483 4633 1814 4702 perquirunt
1844 4651 1911 4691 ac
1951 4636 2192 4690 latebras
2222 4635 2535 4703 explorant,
2576 4650 2921 4704 nequaquam
2956 4649 2985 4687 a
3021 4636 3304 4704 proposito
3334 4636 3625 4691 deterrent

312 4704 666 4777 imminentia
686 4704 948 4773 pericula,
978 4710 1163 4777 utpote
1198 4704 1291 4772 Qui
1323 4717 1610 4777 prospero,
1633 4719 1794 4777 quem
1826 4706 2560 4777 speranttsuccessuicasus
2582 4705 2844 4777 adversos
2866 4716 2919 4759 et
2942 4706 3205 4777 quidquid
3228 4707 3406 4760 minus
3431 4706 3611 4762 fauste

314 4776 587 4830 acciderit
617 4784 947 4845 postponere
975 4774 1269 4841 omniaque
1298 4773 1364 4826 ad
1397 4773 1607 4845 felicem
1655 4773 1872 4829 exitum
1899 4777 2039 4833 satis
2072 4776 2233 4829 facile
2270 4775 2596 4844 perductum
2627 4775 2692 4828 iri
2733 4773 3066 4844 persuadere
3097 4773 3205 4831 sibi
3243 4777 3473 4839 soleant,
3496 4779 3608 4841 sci-

316 4847 450 4917 licet
477 4844 806 4914 usquedum,
858 4846 1101 4917 pretioso
1140 4844 1295 4917 potiti
1341 4844 1654 4917 margarita,
1692 4845 2014 4917 tliesaurum
2050 4845 2596 4917 desideratissimum
2642 4856 2803 4899 terrae
2833 4847 3054 4917 regibus
3100 4846 3399 4899 obtulerint
3444 4856 3608 4917 atque

314 4915 452 4970 inde
486 4913 749 4982 majorem
795 4914 942 4967 nacti
989 4916 1100 4967 sint
1140 4915 1413 4983 gloriam:
1461 4915 1571 4965 imo
1606 4913 1749 4968 haud
1789 4931 1942 4981 raro,
1977 4916 2061 4971 vel
2113 4916 2377 4971 leviorum
2412 4929 2597 4969 rerum
2642 4930 2832 4975 causa.
2877 4913 3070 4969 eodem
3116 4917 3299 4969 studio
3347 4913 3608 4970 tenentur

314 5001 425 5040 uec
456 4985 610 5055 prius
640 4999 805 5054 quam
839 4983 914 5037 rei
947 4983 1267 5037 desidet-alae
1296 4992 1579 5050 compotes
1607 4986 1719 5055 sint
1748 4984 1904 5050 facti,
1950 4986 2128 5041 labori
2163 4986 2325 5040 finem
2356 4986 2664 5053 imponunt.
2696 4986 2812 5054 Ego
2844 4995 3044 5049 autem,
3087 4986 3180 5039 ubi
3224 5001 3349 5039 cum
3383 4987 3603 5041 illorum

314 5054 555 5109 audacia
573 5070 659 5109 me
691 5068 953 5121 comparo
975 5063 1138 5123 atque
1156 5055 1330 5125 magis
1365 5056 1614 5108 minusve
1640 5054 1833 5110 fortem
1858 5072 1945 5110 me
1964 5057 2165 5117 sentio,
2200 5056 2430 5109 tacendo
2447 5054 2681 5109 fortasse
2712 5055 2939 5125 eandem
2981 5071 3144 5124 quam
3168 5056 3256 5110 isti
3287 5072 3351 5110 ex
3377 5072 3604 5125 magna-

316 5126 575 5179 nimitate
595 5124 699 5197 sibi
724 5121 1292 5197 pepererunt'gloriam
1323 5125 1599 5197 consequi
1616 5140 1778 5197 posse
1803 5126 2033 5197 videbor
2057 5144 2070 5179 :
2103 5132 2341 5197 attamen
2365 5140 2489 5179 eum
2522 5140 2668 5178 nunc
2721 5121 2913 5187 lonici,
2934 5126 2977 5179 si
3000 5121 3126 5193 quis
3148 5133 3253 5197 est,
3283 5121 3492 5197 abyssi;
3509 5136 3606 5179 aut

318 5197 529 5264 potius,
550 5195 622 5247 uti
644 5194 827 5250 dicere
848 5194 928 5247 l'as
944 5203 1048 5257 est,
1080 5193 1321 5265 caelestis
1342 5194 1716 5265 plenitudinis.
1746 5197 1850 5249 hoc
1878 5205 1964 5250 est
1993 5195 2239 5265 Gregorii
2262 5210 2575 5249 sermonum
2601 5199 2901 5264 pretiosum
2927 5195 3279 5263 margaritum
3310 5193 3602 5251 eihaurire

313 5263 374 5318 et
402 5266 715 5335 reconditas
740 5270 1122 5335 thesaurorum
1156 5264 1476 5335 interiorum
1500 5263 1719 5335 divitias
1741 5266 1792 5318 in
1824 5266 2006 5321 lucem
2039 5263 2286 5335 proferre
2307 5263 2615 5335 aggredior;
2645 5281 2712 5320 ne
2736 5266 2860 5328 quis
2886 5281 2971 5335 me
2993 5266 3210 5318 illorum
3236 5266 3448 5334 lepores
3469 5283 3603 5320 con—

315 5344 407 5387 tra
452 5350 618 5403 quam
648 5334 1113 5404 decet,_quamvis
1160 5334 1389 5402 juvenili
1425 5333 1969 5404 more,investigasse
2020 5333 2320 5396 existimet,
2348 5333 2627 5403 siquidem
2664 5334 3079 5401 rectejudicare
3114 5333 3348 5388 maxime
3375 5336 3511 5404 mihi
3547 5340 3603 5390 in

319 5402 627 5473 propositis
655 5404 778 5475 fuit.
801 5402 936 5475 Nam
965 5405 1009 5459 si
1038 5404 1262 5475 verbum
1297 5402 1932 5475 proposuitiGregorium
1961 5406 2164 5459 laetitiae
2185 5402 2541 5475 prOpinandm
2562 5420 2787 5460 aureum
2817 5405 3262 5475 receptaculum,
3284 5414 3338 5457 et
3364 5403 3604 5475 Spiritus

317 5472 552 5547 sanctus
582 5490 705 5547 eum
736 5472 865 5527 fecit
892 5489 985 5527 vas
1007 5474 1365 5547 odoriferam,
1393 5484 1448 5527 et
1470 5474 1644 5547 gratia
1667 5472 1785 5545 [Dei
1818 5474 2020 5547 Patris]
2055 5472 2488 5547 eumconstituit
2510 5475 3040 5547 lampademseptem
3066 5477 3233 5547 ramis
3249 5472 3601 5547 instructam.

321 5545 572 5615 undique
606 5545 875 5597 lucentem
907 5551 961 5597 et
994 5544 1319 5609 radientem,
1351 5559 1498 5604 eum,
1533 5543 1776 5612 inquam.
1805 5546 1919 5615 qui,
1947 5543 2071 5599 cu’m
2100 5561 2293 5613 magna
2340 5561 2438 5599 sua
2469 5543 2649 5611 laude,
2690 5545 3089 5614 qualiscunque
3113 5543 3310 5597 laetitia:
3347 5550 3603 5614 poculum

320 5614 548 5669 haurire
591 5615 804 5669 noluit:
849 5628 1030 5675 nemo,
1063 5615 1257 5686 opinor
1286 5651 1301 5675 ,
1329 5621 1641 5686 contemnet
1670 5614 1833 5679 eum,’
1849 5617 1941 5683 qui
1981 5617 2162 5686 poculi
2192 5616 2761 5686 ketitiammiseuerit,
2796 5615 3090 5686 siquidem,
3116 5615 3367 5686 quamvis
3402 5632 3507 5669 non
3532 5619 3603 5670 sit

325 5698 516 5737 rerum
546 5691 1128 5755 unguentum.itamen
1162 5684 1516 5755 adpunguenti
1548 5684 1771 5739 odorem
1804 5684 2249 5755 quam’proxime
2279 5684 2523 5740 accedat.
2555 5684 2740 5753 Neque
2774 5686 2915 5739 enim
2951 5684 3132 5737 minus
3160 5685 3361 5741 boaum
3407 5688 3607 5740 sentiet

321 5755 576 5825 odorem,
604 5752 649 5809 si
679 5754 813 5825 illud
843 5752 1156 5825 Salomonis
1192 5752 1397 5825 dictum
1435 5754 1573 5809 bene
1591 5752 1839 5809 noverit?
1884 5752 2017 5808 Posi
2032 5766 2078 5809 te
2115 5756 2171 5808 in
2207 5756 2421 5809 odorem
2455 5752 2840 5824 unguentorum
2877 5764 3086 5825 tuorum
3107 5770 3317 5806 curram
3351 5758 3365 5785 ¹
3395 5776 3406 5809 :
3434 5772 3605 5825 prope

331 5824 642 5893 lampadem
677 5824 824 5877 enim
854 5824 1208 5881 constitutum
1250 5824 1472 5880 luminis
1500 5834 1781 5895 expertem
1816 5840 1962 5890 esse,
1999 5827 2292 5882 stultorum
2325 5836 2437 5883 est.
2461 5823 2574 5882 Nos
2613 5836 2819 5895 autem,
2849 5824 3100 5895 quamvis
3140 5825 3415 5897 indignos,
3436 5823 3606 5882 ’Deus

404 5935 421 5970 ⁸
460 5936 627 5997 Cant.
663 5956 701 6006 ι,
728 5941 781 5995 '5.
