4176 6366
482 411 589 470 Ξιε

463 541 662 603 ,μειοις
693 531 785 583 τὸν
828 530 1079 594 πλοῦτον,
1121 535 1181 586 τὸ
1228 532 1472 602 ρυπῶδες
1518 533 1682 603 ῥάκος
1714 536 1793 598 εἱς
1836 537 2063 606 ἀτίμους

487 621 767 691 μαγείρων
798 621 1202 693 ἀπορρίψαντες
1244 627 1462 694 χεῖρας·
1496 625 1594 677 οὐκ
1638 625 1905 696 ἔμφρονος
1954 629 2063 698 γὰρ

486 712 793 782 ὀστρακίνῳ
833 715 1281 784 προσφερόμενον
1312 715 1739 786 ἀποπέμπεσθαι
1768 719 1971 783 σκεύει,
2002 719 2064 771 τὸ

485 803 820 870 γλυκύτατον
857 809 981 879 μέλι
1011 813 1104 863 καὶ
1137 811 1426 882 ῥωστικὸν,
1457 812 1577 864 οὐδὲ
1605 811 1802 882 χρυσὸν
1841 812 2063 865 ἀποσεί-

487 896 674 948 σεσθαι
734 898 892 968 ῥάκει
952 902 1364 972 προσαγόμενον
1414 901 1804 972 εὐτελεστάτῳ,
1867 903 2061 970 Εῖξατε

485 986 791 1059 Γρηγορίῳ,
826 992 1062 1060 Χριστός
1090 1010 1244 1062 φησι,
1279 993 1357 1062 τῷ
1396 993 1534 1064 ἐμῷ,
1565 994 1630 1046 δι’
1661 988 1734 1047 ὧν
1773 996 1901 1066 ὑμῖν
1943 998 2063 1048 ἐπι-

485 1079 724 1145 γίνεται·
760 1082 862 1134 κᾶν
909 1085 991 1135 ὅτι
1041 1084 1276 1153 μάλιστα
1307 1085 1562 1154 μέγιστος
1599 1085 1694 1149 ὢν,
1729 1088 1828 1138 οὐκ
1866 1087 2060 1158 ἀπᾴδει

485 1168 758 1225 λαλεῖσθαι
785 1174 850 1226 δι’
881 1176 1115 1226 εὐτελῶν
1140 1192 1153 1205 ·
1191 1177 1250 1229 οὐ
1283 1177 1390 1248 γὰρ
1421 1179 1649 1240 ἐκεῖνος,
1687 1179 1798 1246 ἐγὼ
1843 1180 1922 1240 δὲ,
1956 1199 2059 1249 φη-

487 1265 592 1327 σὶν,
623 1268 650 1318 ό
687 1267 1036 1336 λαλούμενος.
1069 1268 1125 1330 ὃς
1154 1269 1403 1320 τοσοῦτον
1437 1268 1511 1320 ὢν
1541 1270 1744 1336 ἀγαθὸς
1784 1272 1901 1322 οὐδὲ
1937 1273 2062 1332 τοὺς

485 1359 690 1420 κακοὺς
735 1360 1156 1429 ἀποπέμπομαι,
1193 1361 1387 1430 δίδωμι
1424 1362 1480 1414 δὲ
1509 1363 1602 1416 καὶ
1632 1363 1791 1432 χάριν
1814 1365 1925 1424 τοῖς
1973 1364 2061 1414 αἰ-

483 1448 659 1511 τοῦσι,
687 1448 788 1501 κᾶν
821 1451 900 1502 ὅτι
927 1450 1045 1502 λίαν
1083 1444 1185 1503 ὦσι
1205 1452 1313 1504 τῶν
1343 1452 1595 1507 εὐτελῶν.
1627 1452 1774 1522 Αὕτη
1800 1455 1832 1522 ἡ
1884 1454 2062 1522 βίϐλος

492 1539 740 1610 ἱστοριῶν
783 1543 1084 1613 Γρηγορίου
1133 1543 1228 1596 τοῦ
1268 1544 1551 1614 Θεολόγου,
1605 1546 1950 1616 μαργαρίτης
2005 1547 2061 1598 δὲ

487 1631 658 1702 ὄνομα
688 1633 885 1704 ταύτῃ.

560 1724 785 1776 Πάντων
815 1725 871 1776 δὲ
907 1725 1102 1798 μέχρις
1124 1728 1353 1796 ἐσχάτου
1384 1728 1606 1798 χιτῶνος
1624 1730 1718 1782 καὶ
1747 1729 2058 1801 σπείρατος.

485 1813 646 1866 ὢνιον
689 1815 1030 1868 ἀντιλάϐοι-το
1054 1817 1238 1870 τοῦτον
1268 1818 1526 1890 ἔμπορος,
1562 1821 1710 1883 ὅστις
1745 1821 1946 1883 πυκνὸς
1993 1819 2062 1872 τὰ

487 1905 834 1976 βουλεύματα
863 1907 1044 1970 καλῶς
1076 1908 1232 1971 εἰδὼς
1279 1911 1785 1980 πραγματεύεσθαι,
1824 1916 1936 1974 τοῖς
1962 1915 2060 1982 τῆς

488 1999 622 2062 ιδίας
662 1999 1148 2070 ἐνστερνισάμενος
1200 2000 1255 2052 δὲ
1310 2003 1537 2070 καρδίας
1586 2004 1913 2074 ἐναποθήσει
1966 2021 2061 2056 τα-

487 2092 684 2162 μείοις,
725 2092 802 2155 ὼς
836 2092 902 2145 ἂν
931 2093 1268 2162 κεκτημένος
1298 2095 1458 2163 μόνον
1491 2094 1720 2148 πλοῦτον
1747 2096 1896 2166 παρά
1931 2097 2064 2148 πάν-

483 2203 604 2249 τας,
641 2186 748 2238 ἁπὸ
779 2186 996 2238 πάντων
1025 2185 1185 2251 δόξαν
1215 2185 1368 2257 σχοίη
1403 2188 1678 2258 μεγάλην·
1721 2188 1899 2258 βίϐλος
1923 2189 2064 2241 ἱστο-

489 2277 619 2346 ριῶν
666 2271 741 2330 ὧν
773 2279 1019 2349 ἐμνήσθη
1076 2277 1375 2349 Γρηγόριος
1409 2282 1437 2332 ὁ
1473 2279 1824 2351 Θεορρήμων,
1846 2282 1902 2332 ἐν
1950 2283 2062 2343 τοῖς

484 2367 780 2437 ἐμμέτρως
814 2367 966 2438 αὐτῷ
1013 2368 1345 2438 εἰρημένοις,
1383 2366 1446 2418 ἐκ
1475 2383 1536 2419 τε
1559 2369 1658 2438 τῆς
1704 2368 2061 2421 θεοπνεύστου

484 2455 712 2526 Γραφῆς
757 2458 851 2510 καὶ
884 2457 994 2510 τῶν
1043 2457 1266 2521 ἔξωθεν,
1307 2457 1449 2508 κατά
1490 2457 1582 2508 τὸν
1625 2459 2062 2528 προτεταγμένον

485 2547 678 2616 εἱρμόν
698 2566 712 2579 ο
740 2547 958 2618 πρῶτον
991 2546 1090 2617 μὲν
1123 2542 1218 2599 οῦν
1250 2546 1665 2616 σημειώσασθαι
1699 2547 1804 2618 χρὴ
1833 2549 1907 2611 ὡς
1931 2548 2061 2600 ἐκά-

487 2652 612 2688 στου
648 2636 806 2705 λόγου
840 2635 963 2688 καθ’
991 2637 1176 2707 εἱρμόν
1206 2638 1343 2688 είσιν
1373 2637 1688 2705 ἰδιοτρόπως
1711 2639 1764 2689 αἱ
1793 2639 2025 2708 ἱστορίαι
2047 2654 2058 2666 ·

487 2729 578 2780 καὶ
609 2728 720 2798 γὰρ
751 2729 982 2790 ἕκαστος
1008 2729 1131 2781 καθ’
1157 2728 1347 2780 ἑαυτὸν
1379 2728 1515 2798 μετά
1538 2728 1645 2780 τῶν
1674 2729 1890 2780 οἰκείων
1923 2733 2066 2781 ἱστο·

487 2818 620 2891 ριῶν
647 2819 983 2889 ἀφώρισται·
1028 2821 1252 2888 σημεῖον
1282 2819 1337 2870 δέ
1361 2819 1458 2887 τῆς
1485 2818 1746 2888 διαφορᾶς
1775 2817 1895 2870 ὅθεν
1926 2836 2065 2889 παρ-

483 2910 648 2980 ῆκται
681 2911 715 2979 ή
749 2911 985 2980 ίστορία,
1029 2909 1187 2962 τοῦτό
1222 2909 1520 2962 ἐστισκατά
1555 2910 1830 2979 κεφαλῆς,
1876 2911 1930 2962 αἱ
1966 2909 2064 2978 μέν

483 2998 584 3067 τῆς
610 2997 760 3060 Θείας
789 2998 1014 3068 Γραφῆς
1053 2998 1238 3067 έχουσι
1264 2999 1364 3066 τὴν
1387 2999 1508 3052 κατ’
1544 2999 1665 3062 ἔθος
1707 3000 1954 3069 νυγμήν·
2008 3001 2063 3052 αἱ

482 3090 540 3144 δὲ
570 3091 678 3144 τῶν
717 3089 917 3156 ἔξωθεν
947 3092 1168 3162 ὁμοίως,
1202 3092 1291 3144 τὸν
1314 3092 1435 3144 κατ’
1466 3092 1586 3154 ἔθος
1614 3092 1892 3146 ὀϐελίσκον
1923 3093 2062 3162 ὑπὲρ

485 3184 762 3253 κεφαλῆς·
809 3186 865 3236 ἐν
895 3183 950 3236 δέ
982 3186 1049 3254 τῇ
1078 3184 1355 3255 ἐξηγήσει,
1387 3184 1648 3256 πρόδηλός
1672 3187 1821 3237 ἐστιν
1855 3186 1884 3237 ό
1909 3184 2063 3254 λόγος

486 3277 545 3327 ἐν
568 3268 720 3346 ᾧπερ
749 3277 782 3345 ἡ
810 3274 1052 3346 ἱστορία·
1107 3278 1278 3329 πᾶσαι
1310 3275 1366 3328 δὲ
1398 3276 1522 3328 καθ’
1571 3277 1764 3347 εἱρμὸν
1796 3277 2062 3329 ὑποτετα-

488 3365 688 3436 γμέναι
716 3368 925 3418 κεῖνται
956 3368 1398 3437 προτεταγμένου
1430 3367 1523 3420 τοῦ
1549 3369 1752 3438 στίχου,
1783 3368 1848 3420 δι’
1881 3365 1940 3421 οῦ
1966 3369 2064 3438 τὴν

491 3457 731 3527 ἱστορίαν
765 3457 1088 3526 παρήγαγεν
1107 3459 1134 3510 ὁ
1161 3458 1368 3529 Θεορρή
1380 3476 1494 3528 μων
1521 3459 1818 3529 Γρηγόριος
1835 3475 1848 3487 ·
1874 3458 2060 3510 σκοπῶ

487 3547 544 3600 δέ
576 3549 639 3602 τὸ
675 3549 790 3609 τοῖς
835 3548 1246 3619 παιδευομένοις
1293 3549 1560 3620 εὔληπτον
1613 3550 1953 3618 καταστῆσαι
2001 3550 2061 3602 τὸ

491 3638 878 3709 πραττόμενον.

1487 416 1573 471 AD
1611 417 1920 472 CARMINA
1961 420 2021 474 S.
2059 418 2387 476 GREGGR"
2418 415 2667 475 THEOL.

3633 420 3740 475 556

2234 539 2475 609 Τρισσὴν
2513 539 2621 609 γάρ
2650 539 2897 594 ἐντεῦθεν
2927 539 3197 609 ὠφέλειαν
3231 542 3255 595 ό
3291 543 3595 612 Γρηγορίου
3623 547 3742 606 ταῖς

2166 628 2370 698 βίϐλοις
2409 631 2753 699 ἐντυγχάνων
2795 633 3140 703 καρποῦται·
3175 633 3390 704 πρῶτον
3417 634 3514 704 τὴν
3547 636 3741 704 πεῖραν

2163 721 2273 771 τῶν
2302 721 2500 786 λέξεων
2523 723 2618 774 καὶ
2652 726 2750 794 τῆς
2777 725 3125 788 καλλιεπείας
3157 727 3256 796 τὴν
3282 726 3488 796 μοῦσαν
3507 743 3522 759 ο
3562 727 3743 779 δεύτε-

2165 827 2258 879 ρον
2288 810 2347 862 τὸ
2391 811 2529 879 μετὰ
2569 812 2668 881 τῆς
2713 812 3058 878 καλλιεπείας
3103 819 3221 878 ταῖς
3253 814 3426 878 θείαις
3455 817 3548 868 καὶ
3578 817 3745 885 οὐρα·-

2164 899 2305 962 νίαις
2340 899 2574 962 ἐννοίαις
2597 901 2980 972 οὐρανοπορεῖν
3013 905 3417 974 συγγινόμενον,
3443 908 3537 959 καὶ
3567 909 3742 960 πάντα

2161 991 2276 1052 τοῖς
2309 997 2519 1061 νοεροῖς
2550 993 2762 1062 ὄμμασι
2799 995 3037 1064 βλέπειν,
3070 999 3170 1050 ὅσα
3193 999 3312 1050 καθ’
3345 999 3741 1070 ὑπερουρανίου

2165 1081 2540 1152 στερειὶιματος
2602 1085 2795 1154 μέχρις
2852 1087 3023 1156 αὐτῆς
3078 1089 3352 1160 (εὐμενὴς
3407 1092 3563 1158 γενοῦ
3611 1108 3742 1162 μου,

2164 1173 2386 1241 Χριστὲ)
2418 1175 2515 1243 τῆς
2550 1175 2771 1245 πρώτης
2804 1179 2891 1244 ὑφ’
2917 1180 3114 1248 ἑαυτῆς
3149 1183 3240 1232 καὶ
3271 1183 3438 1252 μόνης
3475 1187 3742 1255 γνωριζο-

2167 1266 2334 1334 μένης
2362 1268 2599 1328 ἀκτῖνος,
2634 1269 2730 1338 τῆς
2751 1272 3146 1339 τρισσοφανοῦς
3180 1275 3235 1323 ἐν
3267 1277 3362 1342 μιᾷ
3392 1276 3566 1342 φωτὸς
3598 1295 3740 1348 μαρ-

2167 1359 2386 1425 μαρυγῇ
2443 1359 2849 1428 συνερχομένης
2895 1359 3168 1430 θεότητος,
3210 1365 3352 1431 λέγω
3393 1367 3454 1436 δὴ
3490 1370 3580 1419 καὶ
3630 1370 3739 1420 τῶν

2165 1448 2280 1516 μετ’
2315 1449 2527 1519 ἐκείνην
2559 1452 2652 1502 καὶ
2696 1455 2824 1522 παρ’
2864 1455 3076 1523 ἐκείνης
3117 1457 3185 1508 τὰ
3216 1457 3442 1528 δεύτερα
3471 1462 3566 1530 τῆς
3600 1480 3744 1530 φωτ-

2163 1542 2387 1608 αυγείας
2431 1543 2892 1614 κεκληρωμένων,
2927 1548 3156 1618 οὐρανοῦ
3192 1567 3249 1601 τε
3290 1551 3397 1620 μὴν
3443 1554 3606 1606 αὑτοῦ
3648 1557 3742 1608 καὶ

2161 1637 2269 1686 τῶν
2323 1637 2381 1688 ἐν
2420 1637 2568 1706 αῦτῷ
2617 1637 2955 1707 θεουργικῶς
3007 1639 3338 1708 ἱδρυμένων·
3389 1644 3491 1713 γῆς
3539 1662 3597 1696 τε
3645 1647 3740 1698 καὶ

2163 1727 2460 1798 θαλάσσης,
2490 1730 2584 1781 καὶ
2613 1729 2719 1780 τῶν
2751 1732 2807 1781 ἐν
2842 1731 3026 1793 αὐτοῖς
3053 1731 3206 1795 ζώων
3227 1751 3284 1786 τε
3309 1735 3402 1787 καὶ
3427 1737 3736 1805 καθύγρων,

2163 1821 2409 1882 ἐναλίων,
2453 1821 2740 1890 χερσαίων,
2785 1823 3084 1891 ἀμφιδίων,
3133 1825 3354 1893 ἀερίων,
3409 1829 3598 1898 μέχρις
3643 1830 3741 1882 αὑ·

2163 1908 2271 1960 τῶν
2319 1909 2674 1978 ὑποχθονίων,
2728 1912 2822 1962 καὶ
2877 1912 2986 1963 τῶν
3021 1911 3138 1964 ἔτι·
3190 1915 3372 1983 τρίτον
3413 1917 3467 1967 δέ
3514 1917 3573 1968 τὸ
3619 1922 3740 1981 ταῖς

2167 1999 2430 2069 ἱστορίαις
2459 2001 2828 2069 ἐντυγχάνειν,
2862 2002 2953 2054 καὶ
2989 2006 3055 2073 τῇ
3085 2009 3377 2076 προγραφῇ
3410 2007 3515 2059 τῶν
3541 2009 3740 2078 στίχων

2163 2092 2384 2159 ὀξύτητι
2413 2092 2530 2154 νοὸς
2548 2094 2682 2161 πρὸς
2707 2096 2888 2146 πᾶσαν
2909 2096 3232 2164 ἀνατρέχειν
3255 2097 3350 2166 τὴν
3373 2102 3736 2169 κατασκευὴνι

2163 2184 2256 2234 καὶ
2284 2186 2348 2253 τῇ
2376 2182 2485 2234 τῶν
2512 2184 2765 2254 ἱστοριῶν
2807 2185 3048 2256 ποικιλία
3073 2187 3371 2256 τέρπεσθαι
3400 2191 3537 2242 κατὰ
3561 2191 3739 2261 ψυχὴν
3768 2187 3776 2198 ⁸

2165 2274 2444 2344 ἡδόμενον,
2475 2277 2567 2328 καὶ
2601 2280 2794 2344 πεῖραν
2838 2277 3228 2348 συναθροίζειν,
3258 2280 3351 2331 καὶ
3382 2281 3518 2350 πρὸς
3552 2283 3611 2332 τὸ
3653 2284 3742 2335 λέ-

2163 2379 2281 2429 γειν
2310 2381 2377 2430 γυ
2389 2364 2935 2432 μνάζεσθαι,πάντων
2965 2383 3023 2417 τε
3051 2367 3156 2419 τῶν
3181 2370 3271 2419 ἀπ’
3298 2369 3492 2433 αίῶνος
3528 2371 3746 2442 θαυμα-

2165 2450 2406 2520 ζομένων
2452 2453 2799 2522 πειραθῆναι,
2833 2455 2924 2505 καὶ
2954 2457 3052 2524 τῆς
3088 2455 3182 2506 τοῦ
3231 2457 3362 2508 Θεοῦ
3406 2459 3532 2527 περὶ
3561 2462 3740 2514 πάντα

2165 2543 2418 2611 προνοίας
2445 2559 2504 2594 τε
2528 2544 2620 2595 καὶ
2649 2543 3008 2615 διεξαγωγῆς,
3035 2547 3128 2598 καὶ
3145 2547 3242 2615 τῆς
3275 2550 3353 2610 είς
3389 2549 3536 2617 ἡμᾶς
3566 2551 3736 2603 ἀνεκ-

2165 2632 2408 2703 φράστου
2453 2633 2860 2704 φιλανθρωπίας
2904 2637 2964 2688 τὸ
3023 2637 3251 2706 μέγεθος
3297 2639 3628 2704 ἐπιγνῶναι·
3670 2641 3738 2694 δι’

2163 2719 2236 2776 ὧν
2266 2726 2519 2778 ἁπάντων
2547 2729 2823 2797 ἐπιτυχεῖν
2854 2727 3058 2781 δύναιτ’
3092 2729 3156 2782 ἂν
3176 2729 3268 2781 τοῦ
3293 2729 3428 2782 Θεοῦ
3449 2746 3461 2758 ·
3492 2732 3604 2799 φῶς
3630 2742 3738 2806 γᾶρ

2165 2819 2193 2869 ὁ
2223 2818 2374 2882 Θεὸς,
2410 2821 2467 2870 ἐν
2497 2819 2550 2871 δέ
2573 2818 2648 2888 τῷ
2675 2821 2814 2887 φωτὶ
2849 2821 2951 2886 τῆς
2980 2821 3234 2888 γνώσεως
3261 2823 3452 2890 ὄψεταί
3483 2841 3564 2886 τις
3600 2830 3740 2892 ζῶς’

2164 2908 2338 2961 ταῦτα
2381 2910 2479 2978 μὲν
2513 2914 2627 2972 τοῖς
2668 2911 3130 2982 φιλογρηγορίοις,
3165 2911 3258 2974 οὓς
3285 2913 3377 2964 καὶ
3405 2913 3682 2980 φιλοθέους
3710 2918 3739 2968 ὁ

2165 3003 2265 3068 ’τῆς
2315 3000 2571 3068 ἀληθείας
2624 3002 2810 3070 σαφῶς
2858 3002 3208 3066 ἐξεπίσταται
3254 3003 3442 3071 λόγος·
3478 3000 3630 3066 αὖθις
3689 3015 3745 3066 δὲ

2169 3092 2304 3162 πρὸς
2349 3093 2478 3146 ἄλλο
2513 3093 2780 3164 βλέψομεν
2829 3095 3050 3164 πόνημα
3097 3098 3218 3157 ταῖς
3265 3095 3568 3167 Γρηγορίου
3612 3113 3749 3165 ’.τρε-

2169 3184 2378 3246 σϐείαις
2404 3186 2811 3257 τεθαρρηκότες
2829 3203 2842 3218 ·
2880 3188 2994 3239 ἔστι
3016 3187 3071 3239 δὲ
3095 3188 3154 3238 τὸ
3179 3191 3504 3254 συναγαγεῖν
3541 3189 3748 3249 ἐςταυ-

2164 3275 2256 3327 τὸν
2298 3274 2475 3346 ἇσπερ
2523 3278 2682 3340 αὐτὸς
2725 3277 2998 3348 μέμνηται
3040 3278 3423 3347 φυσιολογίας·
3471 3274 3568 3330 εἶθ’
3616 3279 3746 3347 ἑξῆς

2165 3367 2266 3418 ὅσα
2305 3369 2436 3438 περὶ
2483 3369 2743 3438 διχρόνων
2791 3371 2883 3422 καὶ
2911 3369 3108 3439 τέχνης
3149 3370 3244 3421 καὶ
3276 3370 3559 3438 ποιότητος
3604 3386 3750 3420 στοι-

2168 3459 2330 3528 χείων
2382 3460 2709 3530 συμφώνων,
2758 3461 2850 3514 καὶ
2898 3461 3218 3530 διαιρέσεως
3254 3461 3597 3529 φωνηέντων,
3651 3459 3748 3511 καὶ

2173 3549 2349 3601 ἄλλων
2398 3551 2679 3619 ὀνομάτων
2705 3551 2962 3622 διαφόρου
3011 3553 3306 3620 σημασίας,
3348 3551 3655 3622 ἐπιχωρίων
3685 3567 3744 3602 τε

3721 3641 3746 3656 ρ

2170 3641 2369 3706 λέξεων
2408 3643 2692 3710 Ἀττικῶν,
2721 3645 2812 3696 καὶ
2843 3642 3378 3713 ἐπιτετηδευμένων,
3410 3643 3504 3693 καὶ
3547 3642 3654 3693 τῶν
3686 3641 3745 3705 ἐξ

489 3811 612 3850 nem
646 3794 923 3850 sm-didum
957 3794 1188 3864 impuris
1222 3808 1522 3864 coquorum
1560 3794 1848 3864 relinquite
1878 3796 2130 3848 manibus
2161 3815 2173 3849 :
2217 3798 2356 3851 haud
2398 3798 2541 3851 enim
2588 3798 2850 3866 sapientis
2895 3808 2997 3858 est,
3042 3797 3144 3850 mel
3177 3796 3336 3850 dulce
3369 3812 3432 3850 ac
3465 3798 3732 3851 corrobo-

491 3883 644 3922 rans.
676 3867 728 3918 in
760 3882 888 3919 vase
919 3875 1160 3919 testaceo
1189 3867 1433 3918 oblatum
1466 3879 1744 3932 respuere,
1788 3881 1962 3933 neque
1997 3882 2061 3917 an

2165 3882 2188 3918 ιι
2233 3869 2318 3920 vili
2370 3883 2550 3936 panno
2597 3869 2898 3920 involutum
2951 3869 3260 3936 repudiare.
3303 3866 3618 3928 Imitamini.
3665 3871 3744 3920 ait

489 3937 766 4000 Christus,
810 3937 1134 4005 Gregorium
1191 3951 1396 4006 meum,
1429 3939 1643 4002 qualem
1676 3936 1830 4006 vobis
1859 3950 1979 4006 sese
2015 3938 2329 4004 prmbuerit.
2363 3938 2656 4005 siquidem,
2692 3941 3044 4006 quantuuwis
3071 3954 3319 4006 magnus,
3354 3937 3628 3990 htnnililer
3659 3940 3740 3988 lo-

491 4008 585 4074 qui
620 4023 725 4059 non
757 4004 974 4076 recusat
1007 4025 1017 4056 :
1055 4022 1160 4058 non
1191 4005 1279 4076 ille
1315 4005 1484 4076 enim,
1518 4008 1612 4076 ait.
1651 4004 1745 4058 sed
1785 4021 1884 4072 ego
1905 4005 2130 4076 loquor,
2168 4008 2261 4074 qui
2292 4008 2344 4060 in
2387 4004 2538 4060 tanto
2575 4004 2926 4076 perfeclionis
2976 4004 3192 4076 fastigio
3223 4007 3524 4059 collocatus
3563 4008 3746 4062 ιιιίιιοε.

495 4073 852 4146 ιιιιιιᾉιελὶοἱο,
883 4075 977 4130 sed
1015 4073 1604 4146 rogantibus,_etiamsi
1639 4075 1917 4143 perexigui
1950 4075 2060 4128 sint
2090 4073 2272 4146 pretii.
2307 4079 2522 4132 veniam
2560 4073 2822 4132 concedo.
2854 4077 2950 4132 Hic
2978 4073 3122 4132 liber
3146 4079 3496 4130 historiarum
3529 4076 3738 4146 Grego-

492 4149 561 4201 rii
591 4143 848 4214 Theologi
892 4148 1109 4199 nomine
1145 4144 1420 4213 margariti
1452 4145 1638 4214 rvenire
1671 4153 1931 4198 meretur.

566 4215 678 4268 lloc
713 4210 1067 4285 margaritum
1101 4210 1294 4283 quovis
1328 4213 1522 4284 pretio,
1552 4214 1765 4268 etiamsi
1811 4214 1980 4268 vestis
2013 4225 2078 4285 ac
2112 4211 2311 4265 tunica:
2335 4210 2552 4285 jactura
2585 4212 2699 4285 ﬁeri
2734 4213 2948 4275 debeat,
2984 4211 3086 4268 sibi
3125 4221 3402 4279 comparet
3441 4221 3650 4280 emptor
3687 4224 3749 4269 et.

493 4293 552 4340 ut
580 4283 1000 4340 consiliis'recte
1030 4287 1107 4338 uti
1145 4283 1339 4352 queat;
1369 4285 1495 4336 imis
1524 4287 1762 4352 pectoris
1796 4283 2114 4338 recessibus
2149 4283 2412 4352 recondat
2439 4301 2450 4334 :
2485 4284 2563 4336 sic
2593 4284 2737 4336 enim
2769 4285 3028 4336 eximium
3059 4291 3250 4352 printer
3297 4298 3486 4334 onmes
3520 4286 3742 4337 thesau-

492 4371 613 4410 rum
650 4354 935 4425 possidens
969 4351 1174 4425 magno
1197 4370 1305 4422 pra;
1339 4355 1553 4407 cunctis
1589 4355 1792 4408 honore
1824 4355 2105 4407 allicietur.
2148 4351 2318 4425 Liber
2350 4353 2724 4425 historiarum,
2763 4354 2829 4404 de
2869 4354 3068 4421 quilms
3096 4351 3391 4425 Gregorius
3435 4352 3740 4424 'l‘heologus

493 4426 762 4480 disseruit
785 4425 841 4480 in
885 4423 1222 4480 Carminibus
1256 4425 1390 4483 suis.
1423 4439 1488 4476 ex
1520 4425 1802 4493 Scriptura
1835 4424 2102 4478 divinitus
2147 4423 2416 4493 inspirata
2451 4433 2502 4476 et
2545 4423 2762 4476 aliunde
2808 4432 2890 4476 est
2935 4423 3292 4490 compositus,
3351 4432 3511 4493 prout
3562 4423 3740 4478 neius

492 4512 676 4550 rerum
711 4497 1038 4564 postulabat.
1076 4496 1317 4547 l’rimum
1353 4495 1517 4563 igitur
1546 4491 1969 4555 ostendendum,
2021 4505 2298 4562 quomouo
2331 4491 2598 4561 cujusque
2636 4493 2830 4560 capitis
2861 4493 3101 4546 historia:
3147 4492 3410 4564 singulari
3456 4495 3615 4544 modo
3645 4512 3742 4546 ('0-

493 4561 739 4622 luereant
769 4582 782 4617 :
814 4567 1028 4635 singula
1055 4566 1198 4618 enim
1227 4580 1350 4617 cum
1380 4561 1497 4618 suis
1529 4565 1776 4619 hiSIoriis
1826 4566 2005 4634 capita
2024 4561 2094 4635 jn
2140 4564 2448 4631 semetipsis
2488 4564 2896 4616 concluduntur
2923 4582 2936 4614 :
2991 4571 3048 4614 ut
3093 4571 3271 4635 autem
3303 4561 3739 4635 inilicetur_umle

492 4632 971 4705 quaavishistor'ia
1017 4637 1335 4702 deprompta
1373 4635 1462 4692 sit,
1513 4637 1576 4687 ad
1615 4651 1730 4698 eas,
1767 4632 1910 4702 qua?
1939 4651 1969 4688 e
2017 4632 2299 4705 Scriptura
2344 4648 2500 4705 saera
2558 4645 2685 4685 sunt
2733 4636 3054 4705 desiunptae,
3101 4632 3315 4699 signum
3365 4633 3507 4699 quod
3554 4632 3744 4688 διατι-ο

492 4703 674 4775 νυγμὴ
702 4703 924 4768 dicitur,
973 4705 1039 4758 ad
1087 4705 1300 4757 initium
1343 4705 1710 4772 appinximus,
1760 4708 1825 4759 iis
1855 4713 2209 4775 autern._qu2e
2254 4704 2472 4755 aliunde
2513 4705 2777 4775 originem
2825 4703 3052 4775 ducunt,
3101 4716 3230 4775 veru
3277 4709 3732 4775 anteposuiums;

494 4771 1134 4848 porro'ingeitplieatioue
1173 4771 1464 4828 citaviuius
1499 4775 1718 4848 librum.
1763 4791 1872 4844 quo
1905 4771 2117 4842 quaevis
2145 4774 2377 4848 historia
2420 4771 2778 4848 continenti:
2825 4773 3079 4848 denique
3109 4772 3336 4848 singula:
3375 4771 3614 4824 historia:
3661 4774 3734 4826 ita

496 4841 617 4899 sese
645 4841 878 4900 invicem
937 4846 1238 4912 excipiunt,
1279 4854 1334 4896 ut
1383 4860 1597 4912 semper
1623 4841 1822 4898 citetur
1862 4841 2074 4905 versus,
2109 4859 2139 4896 a
2178 4859 2287 4910 quo
2339 4842 2638 4911 Gregorius
2681 4841 2990 4911 Theologus
3029 4843 3312 4897 historiam
3354 4855 3586 4894 exorsus
3626 4852 3733 4896 est.

493 4917 758 4970 Caeterum
793 4918 924 4969 viris
959 4915 1132 4970 doctis
1166 4929 1390 4983 operam
1417 4931 1592 4966 meam
1619 4916 1760 4967 haud
1790 4916 2152 4983 improbatum
2182 4915 2246 4966 iri
2274 4913 2508 4983 conlido.

565 4985 855 5054 Triplicem
885 4990 1054 5047 cnim,
1091 4979 1340 5053 quisquis
1363 4982 1608 5051 Gregorii
1645 4987 1814 5038 libros
1847 4979 2054 5053 legerit,
2079 4983 2274 5036 exinde
2305 4982 2542 5034 fructum
2573 4980 2836 5054 percipiet
2863 4998 2874 5033 :
2911 4980 3145 5054 primum
3177 4979 3416 5054 quidem,
3443 4981 3737 5054 verborum

497 5050 831 5109 intellectum
863 5065 917 5109 et
951 5050 1266 5110 facetiarum
1298 5050 1609 5122 ingenium;
1645 5050 1963 5117 secundum,
2011 5060 2069 5105 ut
2106 5068 2228 5105 cum
2263 5055 2557 5104 verborum
2598 5051 2965 5122 elegantiaad
3011 5050 3349 5103 meditandas
3390 5066 3477 5102 res
3517 5051 3734 5105 diiinas

497 5127 756 5194 abreptus
789 5126 844 5178 in
879 5127 1076 5178 caelum
1121 5119 1382 5178 ascendai
1408 5132 1480 5194 _et
1522 5126 1688 5178 animi
1723 5126 1897 5178 oculis
1929 5123 2157 5192 aspiciat
2200 5136 2548 5194 quaecunque
2582 5122 2635 5172 in
2680 5121 2891 5172 caelesti
2941 5119 3280 5194 ﬁrmamento
3327 5122 3632 5194 essistun‘ta
3677 5130 3732 5194 et

497 5187 682 5266 ipsum
725 5197 1018 5266 (prepitius
1048 5195 1180 5266 mihi
1224 5203 1365 5266 esto,
1395 5192 1646 5266 Christe)
1697 5187 2041 5266 primarium,
2075 5207 2105 5266 a
2148 5187 2644 5259 semetipso’solum
2687 5199 3027 5266 perspectum
3078 5191 3303 5266 radium
3329 5191 3481 5266 trime
3524 5187 3730 5242 Divini-

499 5261 646 5323 tatis.
674 5261 932 5320 inuunum
961 5265 1182 5319 luminis
1223 5264 1402 5318 focum
1437 5261 1716 5327 coeuntis;
1736 5274 1994 5334 praeterea
2021 5263 2184 5334 etiam
2215 5276 2278 5314 ea
2300 5277 2420 5329 qua:
2450 5269 2574 5334 post
2601 5269 2656 5334 et
2687 5275 2779 5326 per
2812 5261 2956 5312 illam
2986 5262 3256 5313 secundas
3295 5261 3512 5310 luminis
3545 5267 3729 5326 partes

499 5342 705 5401 tenent,
737 5337 934 5390 cmlum
974 5335 1096 5388 dico
1128 5335 1306 5402 ipsum
1349 5343 1402 5386 et
1437 5350 1556 5402 qua:
1585 5335 1636 5386 in
1681 5329 1750 5389 eo
1787 5334 2048 5387 divinitus
2081 5332 2471 5403 ﬁrmatasunt.
2505 5329 2739 5403 denique
2774 5337 2976 5381 terram
3019 5339 3072 5382 et
3108 5345 3254 5382 mare
3293 5341 3340 5381 el
3390 5344 3726 5403 quau-imque

499 5405 572 5458 ibi
604 5400 732 5459 sunt
773 5405 1050 5470 animalia,
1102 5400 1394 5461 maritima.
1437 5400 1738 5469 terrestria,
1784 5403 2080 5472 amphibia.
2115 5401 2382 5472 volucria,
2411 5408 2571 5469 atque
2605 5400 2739 5451 adeo
2777 5415 2899 5465 qua:
2943 5402 3046 5450 sub
3075 5411 3235 5472 Atei-ra
3287 5400 3628 5466 reperiuntur
3671 5405 3726 5450 et

499 5478 740 5542 reliqua;
781 5477 1020 5538 tertium,
1050 5483 1128 5536 ut,
1159 5476 1210 5526 in
1255 5473 1495 5539 legendis
1541 5474 1806 5534 historiis,
1837 5470 2094 5527 versuum
2139 5470 2494 5542 dispositione
2529 5484 2741 5521 onmem
2793 5485 2989 5520 nexum
3037 5470 3148 5520 cito
3191 5479 3366 5520 tuente
3385 5473 3726 5542 assequatur,

499 5537 848 5598 historiarmn
878 5537 1138 5598 varietate
1167 5537 1486 5605 delectetur,
1516 5545 1901 5612 experientiam
1934 5543 2173 5609 colligat,
2204 5540 2271 5592 ad
2299 5539 2588 5592 dicendum
2621 5547 2957 5612 exerceatur,
2987 5553 3324 5612 quaecunque
3377 5537 3721 5612 admirationi

501 5629 742 5679 unquam
792 5614 942 5668 fuere
979 5624 1300 5683 cognoscat,
1343 5607 1711 5683 denique—Dei
1747 5615 1810 5666 ad
1853 5614 2033 5663 omnia
2071 5607 2638 5683 spectantemucuram
2684 5618 2736 5661 et
2773 5607 3186 5683 providentiam,
3213 5622 3338 5683 _nec
3377 5623 3485 5683 non
3519 5609 3722 5660 amoris

501 5675 793 5738 ineil'abilis
823 5684 927 5736 vim
959 5675 1336 5751 persentiScat.
1365 5675 1504 5748 Quae
1539 5685 1722 5735 omnia
1753 5683 1984 5736 ellicient
2016 5690 2074 5732 ut
2104 5675 2286 5751 possit
2315 5680 2380 5732 ad
2417 5678 2579 5751 Deum
2619 5679 2922 5751 accedere:
2963 5675 3105 5751 Deus
3137 5677 3282 5751 enim
3321 5686 3410 5751 est
3440 5679 3640 5736 lumen,
3671 5688 3724 5728 et

502 5751 557 5804 in
587 5753 829 5806 scientia:
871 5745 1073 5806 lumine
1115 5754 1314 5806 videbit
1347 5745 1546 5820 aliquis
1587 5755 1787 5804 lumen.
1842 5751 1962 5804 llaec
1999 5745 2215 5820 quidem
2251 5747 2493 5820 Gregorii
2525 5749 2736 5820 amicis,
2782 5761 2920 5814 quos
2957 5747 3136 5820 etiam
3171 5745 3260 5800 Dei
3309 5750 3512 5798 amicos
3548 5755 3732 5820 aperle

504 5824 741 5891 appellat
766 5824 1014 5878 veritatis
1037 5839 1238 5877 sermo.
1268 5821 1386 5875 Jam
1419 5816 1545 5875 vero
1571 5839 1668 5877 nos
1693 5822 1936 5888 Gregorii
1966 5816 2240 5891 opeﬂficti,
2267 5816 2418 5891 aliud
2441 5818 2793 5891 dispiciemus
2822 5829 2984 5891 opus,
3010 5816 3266 5891 niu'iirum
3299 5825 3354 5867 ut
3392 5831 3510 5882 ejus-
3542 5816 3731 5882 dispu-

507 5885 739 5947 tationes
785 5893 849 5947 ad
883 5894 1280 5964 physiologiam
1311 5896 1647 5966 pertinentes
1700 5895 1753 5946 in
1789 5885 1953 5945 tinum
1989 5885 2299 5959 trcdigzunus
2323 5905 2334 5915 '
2390 5888 2583 5944 deinde
2615 5887 2859 5941 dicemus
2911 5886 2976 5939 de
3025 5885 3354 5953 ancipitibus
3386 5894 3434 5938 et
3463 5900 3742 5952 gramma-
