4180 6350
422 369 538 430 357

518 486 723 558 Ταύτην
745 468 971 558 efﬂatam
1008 484 1065 539 ιτ
1090 484 1450 556 Εὑαγγεκίοις
1474 487 1572 559 τὴν
1600 488 1914 561 παραϐολὴν
1942 488 2017 541 εί-
2055 482 2084 489 “

437 595 627 653 ρηκεν,
656 580 739 632 ὅτι
761 578 1014 642 πλούσιός
1036 596 1118 642 τις
1146 575 1213 649 ἦν
1241 579 1529 651 πορφύραν
1552 580 2016 651 ἐνδιδυσκόμενος,

432 668 530 721 καί⁵
563 665 684 721 καθ’
723 666 941 738 ἡμέραν
972 666 1429 739 εὐφραινόμενος
1473 668 1667 722 τούτου
1701 668 1756 722 δὲ
1784 670 2019 742 προσέρ-

436 759 602 829 ριπτο
651 758 775 820 ταῖς
830 756 1029 820 πύλαις
1082 758 1299 828 πτωχός
1349 775 1435 823 τις
1477 759 1727 832 Λάζαρος
1782 761 2020 834 τοὺνομα

432 848 755 919 ήλκωμένος
793 850 858 918 τῇ
894 848 1140 920 πτωχείᾳ
1165 866 1179 878 '
1221 848 1300 920 τῷ
1335 848 1468 918 γοῦν
1498 850 1739 923 πλουσίῳ
1768 852 2021 923 διακεχυ-

437 939 584 1009 μένῳ
621 941 801 1009 τρυφῇ
851 955 909 991 τε
957 939 1053 991 καὶ
1098 941 1220 1001 ταῖς
1271 939 1414 993 κατά
1453 940 1545 994 τὸν
1592 940 1707 1011 βίον
1737 941 2018 1013 εὑθηνίαις

434 1028 734 1097 εὑροοῦντι,
758 1027 977 1098 φροντὶς
992 1027 1216 1098 οὐδεμία
1238 1028 1332 1081 τοῦ
1358 1029 1586 1102 πένητος
1608 1027 1697 1103 ἦν·
1723 1032 1819 1085 καὶ
1845 1032 2018 1086 ταῦτα

435 1115 687 1188 χαλεπῶς
709 1118 838 1188 περὶ
863 1117 925 1170 τὸ
950 1117 1108 1188 σῶμα
1129 1118 1474 1188 διακειμένου
1497 1121 1591 1175 καὶ
1614 1121 1723 1176 τῶν
1748 1122 1847 1193 τῆς
1875 1122 2021 1176 ἐκεί-ο

434 1225 528 1262 νου
569 1209 853 1282 τραπέζης
895 1210 1348 1280 περιττευμάτων
1391 1212 1741 1284 ἐντετηκότος
1766 1231 1781 1245 ·
1817 1214 1877 1267 οὑ
1912 1214 2017 1286 μὴν

434 1300 572 1355 ἀλλά
621 1301 713 1354 καὶ
759 1301 885 1364 τοὺς
930 1299 1098 1364 κύνας
1135 1301 1352 1370 λέγεται
1388 1301 1482 1356 τοῦ
1522 1304 1775 1357 πλουσίου
1820 1305 1888 1358 τά
1922 1304 2017 1358 τοῦ

439 1390 655 1462 πτωχοῦ
699 1391 993 1463 τραύματα
1043 1391 1409 1464 καταλείχειν,
1459 1395 1777 1467 προσθήκην
1820 1396 2019 1465 ἄλγους

437 1481 801 1551 ἐμποιοῦντας
832 1483 910 1554 τῷ
941 1483 1213 1555 μηδεμιᾶς
1233 1483 1528 1557 θεραπείας
1552 1488 1657 1540 ὑπὸ
1679 1488 1788 1541 τῶν
1812 1490 2018 1559 κυρίων

435 1573 616 1626 αὑτῶν
648 1572 965 1646 ὴξιωμένῳ·
997 1575 1169 1648 ταύτῃ
1218 1577 1310 1630 τὸν
1358 1577 1611 1632 πλούσιον
1643 1579 1868 1650 ἀπηνῶς
1903 1581 2020 1634 δια-

435 1664 707 1735 κείμενον,
740 1666 1075 1738 εὐχαρίστως
1095 1668 1153 1722 δὲ
1186 1667 1275 1721 τὸν
1306 1669 1511 1740 πένητα
1535 1668 2013 1742 διακαρτεροῦντα,

436 1756 778 1827 ἀμφοτέρους
812 1758 1249 1834 ἀναρπασθῆναι,
1284 1760 1380 1812 καὶ
1419 1760 1554 1830 πρὸς
1581 1760 1674 1813 τὸν
1706 1761 2014 1832 ὡρισμένον

435 1847 769 1918 καταστῆναι
805 1847 1004 1913 τόπον,
1026 1848 1148 1902 ὅθεν
1168 1849 1260 1903 τὸν
1283 1850 1536 1904 πλούσιον
1569 1854 1810 1921 κατείχε’
1841 1852 1932 1905 τὸν
1959 1851 2016 1905 δὲ

437 1939 635 2010 μικρὸν
653 1938 1024 1994 ἀνανεύσαντα
1043 1938 1175 2012 (πῦρ
1196 1936 1335 2013 δὲῆν
1352 1942 1672 2013 ὑποσμῆχον
1698 1944 1789 1996 καὶ
1803 1943 2017 2013 σκώληξ

435 2030 764 2102 πικρότατος
778 2030 855 2084 διε
861 2031 1228 2104 ρεθίζων),τὸν
1245 2032 1454 2105 πένητα
1465 2032 1711 2106 Λάζαρον
1724 2033 2017 2089 θεάσασθαι

435 2119 651 2190 λέγεται
677 2125 1090 2193 πατριαρχικοῖς
1126 2122 1373 2187 πλατέως
1411 2124 1871 2195 ὲπικαθεζόμενον
1894 2127 2017 2180 κόλ-

437 2228 579 2276 ποις,
605 2211 822 2277 πολλαῖς
850 2230 909 2266 τε
926 2214 1274 2283 δορυφορίαις
1293 2216 1610 2286 παρακαλού
1619 2234 1777 2287 μενον
1797 2234 1810 2247 ·
1837 2220 2016 2289 φωνῆ-

439 2304 527 2359 ml
541 2322 598 2358 τε
613 2304 704 2358 τὸν
719 2305 1016 2378 δορυφόρον
1045 2305 1315 2377 Ἀϐραάμ,
1338 2309 1545 2361 ἐκεῖνον
1558 2309 1706 2379 αὑτῷ
1719 2308 1810 2362 τὸν
1826 2311 2017 2382 πρώην

436 2399 863 2467 παρεωραμένον
894 2396 1144 2469 Λάζαρον
1163 2398 1483 2453 ἀποστεῖλαι
1504 2400 1738 2470 ρανίδος,
1767 2400 1909 2454 ὥστε
1938 2401 2016 2473 τῷ

439 2486 764 2557 σμυχομένῳ
783 2487 1003 2559 δίυγρόν
1022 2505 1073 2541 τι
1097 2487 1277 2559 μικρῷ
1293 2488 1544 2560 δακτύλῳ
1564 2492 2014 2562 προσεπιστάξαιο

436 2576 530 2629 τὴν
583 2576 641 2629 δὲ
698 2577 1041 2649 πατριάρχην
1085 2577 1160 2649 μὴ
1216 2577 1438 2633 δυνατὸν
1483 2576 1624 2634 εἶναι
1669 2582 1806 2654 πρὸς
1858 2582 2016 2652 λόγον

439 2667 900 2738 ἀπαμειϐόμενον,
927 2668 1022 2722 τοῦ
1058 2669 1285 2736 πένθους
1313 2670 1463 2742 αὑτῷ
1487 2672 1584 2741 τῆς
1612 2674 2016 2746 ἀπροσδοκήτου

438 2757 736 2828 σωτηρίας,
768 2760 1161 2831 περισσότερον
1184 2761 1348 2830 ἄλγος
1379 2762 1480 2833 τῆς
1516 2762 1751 2833 βασάνου
1782 2772 2018 2837 προσκα-

436 2848 704 2919 ταστῆσαι
726 2866 740 2880 ·
773 2851 868 2904 καὶ
886 2850 1075 2922 χάσμα
1093 2851 1149 2904 δὲ
1184 2853 1311 2920 περὶ
1340 2853 1536 2917 αὑτοὺς
1568 2854 1821 2925 μέγιστον
1854 2852 2061 2927 ήδρά-’

442 2940 564 2994 σθαί
597 2959 748 3013 φησι,
777 2943 886 2996 τῶν
918 2943 1084 3012 ὁρίων
1108 2946 1292 3008 αὑτοῖς
1324 2945 1661 2999 ἀδιεκϐάτων
1695 2947 1885 3013 ὄντων,
1922 2948 2017 3002 καὶ

440 3034 655 3089 ἆϐάτων
698 3035 836 3106 πρὸς
891 3035 1155 3108 ἀλλήλους
1201 3037 1641 3108 καθεστηκότων,
1694 3038 1870 3108 πέρας
1910 3035 2013 3094 ὧδε

438 3122 538 3192 τῆς
589 3125 787 3188 κακίας
837 3124 1296 3197 ὲπεσφραγῖσθαι,
1342 3129 1453 3191 τοῖς
1499 3123 1609 3193 οἷος
1658 3131 1864 3196 ἐκεῖνος
1908 3133 2010 3186 ἀπ-

436 3213 590 3283 ἠνέσι
616 3214 1111 3287 διαϐεϐαιούμενος·
1153 3217 1405 3288 πλούσιον
1433 3221 1491 3271 ὲν
1521 3219 1715 3274 πάθεσί
1746 3239 1900 3294 φησι,
1923 3225 2014 3278 τὸν

1464 370 1557 425 AD
1596 369 1915 426 (JARMINA
1954 370 2013 427 S.
2055 368 2385 429 GREGORII
2424 366 2674 425 THEOL.

3590 353 3699 414 358

2120 489 2345 552 πολλαῖς
2390 486 2768 558 ὲμφυρόμενον
2821 481 3154 554 ἁμαρτίαιςο
3206 477 3455 548 Λάςαρον
3502 473 3561 529 δὲ
3609 474 3703 529 τὸυ

2121 581 2302 643 ἐλέους
2323 575 2855 649 ἠξιωμένονσρανίδα,
2878 575 2970 627 τὸν
3001 573 3144 626 θεῖον
3165 567 3510 641 ὑποληπτέον
3540 564 3706 633 λόγον

2119 673 2239 731 ταῖς
2281 667 2601 737 καιομέναις
2634 664 2828 717 πάθεσι
2873 662 3089 733 ψυχαῖς,
3141 660 3246 713 ὑπὸ
3277 658 3388 712 τῶν
3425 655 3705 725 θεοφόρων

2124 759 2486 830 σταζόμενον·
2543 758 2732 829 χάσμα
2756 755 2813 809 δὲ
2845 754 2944 825 τὴν
2998 751 3335 823 ἀμετάθετον
3387 749 3453 801 ὲκ
3502 744 3702 807 κακίας

2124 853 2421 926 ῥαθυμίαν,
2448 851 2515 923 ἢν
2539 849 2764 919 συνέκδη
2774 865 2871 919 μον
2894 846 3135 900 λαϐοῦσα
3163 845 3196 915 ἡ
3224 839 3495 897 παναθλία
3527 838 3700 909 ψυχὴ,

2120 944 2359 1014 χάσματι
2386 943 2480 995 καὶ
2522 940 2655 1012 πυρὶ
2687 936 3027 1009 βυθισθῆναι,
3062 932 3334 1004 σωτηρίας
3372 928 3565 981 ἐλπίδα
3595 942 3702 996 μη-

2122 1033 2239 1086 κέτι
2262 1031 2592 1102 κεκτημένη·
2623 1028 2813 1082 κόλποι
2841 1025 2898 1079 δὲ
2926 1024 3276 1095 νοηθήσονται
3303 1018 3395 1073 τοῦ
3423 1015 3697 1088 Ἁϐραάμ,

2119 1125 2176 1178 αἱ
2205 1123 2313 1177 τῶν
2345 1123 2517 1191 ἁγίων
2548 1118 2851 1189 διατριϐαίο
2890 1115 3065 1185 τούτῳ
3104 1113 3214 1184 γὰρ
3251 1111 3347 1184 τὴν
3389 1109 3489 1179 τῆς
3527 1110 3700 1174 ἐπαγ-

2117 1216 2305 1284 γελίας
2333 1214 2597 1284 ὑπέσχετο
2639 1211 2740 1281 γῆν
2774 1212 2805 1262 ὁ
2846 1207 3011 1271 Θεὸς,
3054 1201 3123 1279 ἦς
3161 1203 3303 1273 γάλα
3351 1201 3446 1255 καὶ
3476 1199 3597 1271 μέλι
3619 1197 3699 1251 δι-

2118 1303 2319 1374 εκρέει·
2349 1302 2481 1364 Θεὸς
2503 1300 2645 1362 θεοῖς
2662 1295 3066 1365 συγγινόμενος,
3099 1292 3190 1346 καί⁵
3217 1288 3354 1360 πρὸς
3386 1284 3562 1374 αὑτῶν
3598 1284 3697 1338 ἀνσ-

2118 1373 2453 1465 υμνούμενος
2495 1389 2795 1460 ἀσιγήτως,
2852 1384 3098 1447 πλατέως
3139 1398 3199 1435 τε
3246 1378 3340 1433 καὶ
3379 1373 3700 1447 ἀπεράντως

2119 1482 2367 1552 θεολογυύ
2376 1498 2553 1552 μενος.

2118 1577 2224 1632 584
2252 1575 2419 1639 Εἰπὲ,
2454 1573 2556 1628 καὶ
2589 1571 2960 1642 αἰματὸεσσα
2981 1568 3166 1637 ῥύσις
3191 1562 3397 1630 λήξειε
3416 1558 3696 1629 τάχιστα.

2190 1679 2312 1733 Τῶν
2351 1681 2410 1733 ὲν
2449 1681 2562 1741 τοῖς
2592 1674 2950 1744 Εὑαγγελίοις
2992 1669 3285 1740 θαυμάτων
3335 1663 3699 1733 άναγωγικῶς

2123 1770 2469 1843 μεμνημένος
2488 1810 2504 1835 ,
2534 1766 2671 1838 πρὸς
2697 1764 2933 1837 Χριστὸν
2961 1761 3123 1816 αὑτὸν
3153 1758 3460 1826 διαλέγεται
3478 1773 3493 1788 ·
3534 1754 3697 1824 Λόγῳ

2116 1861 2226 1933 γὰρ
2259 1861 2401 1924 εἰπὲ,
2437 1859 2608 1931 φησὶ,
2650 1858 2746 1911 καὶ
2774 1857 2874 1926 τῆς
2917 1854 3097 1924 ψυχῆς
3130 1853 3164 1921 ἡ
3203 1847 3518 1921 αἱματώδης
3563 1847 3696 1916 στῆς

2119 1972 2270 2008 σεται
2299 1954 2487 2026 ῥύσις·
2531 1952 2687 2024 ῥύσις
2725 1950 2972 2020 αἱμάτων
3015 1947 3071 1999 δὲ
3111 1938 3697 2017 προκαταϐεϐλημένου

2116 2046 2432 2118 τραύματος
2466 2042 2680 2114 πληγὴν
2706 2040 3081 2094 ὑποδείκνυσι·
3111 2034 3192 2106 τῷ
3209 2033 3320 2105 γὰρ
3348 2030 3693 2102 τετρωμένῳ,

2116 2139 2215 2208 τῆς
2247 2135 2475 2206 ὠτειλῆς
2506 2134 2671 2204 ὲκροή
2697 2149 2780 2195 τις
2804 2130 3146 2201 παρέπεται·
3171 2124 3432 2194 ταχίστην
3469 2121 3526 2174 δὲ
3544 2118 3697 2191 λῆξιν

2119 2246 2304 2301 φησιν.
2337 2230 2401 2280 ἐκ
2429 2224 2763 2297 παραγώγου
2808 2222 3116 2292 σχήματος·
3150 2216 3451 2288 αἱμόρρους
3480 2211 3588 2285 γάρ
3611 2227 3700 2273 τις

2116 2320 2256 2391 γυνὴ
2279 2317 2600 2371 δυοκαίδεκα
2638 2314 2843 2385 χρόνων
2883 2310 2962 2382 τῷ
2990 2310 3153 2364 πάθει
3197 2304 3555 2375 κατεχομένη,
3586 2301 3696 2355 τῶν

2118 2407 2438 2481 κρασπέδων
2491 2405 2585 2459 τοῦ
2636 2402 2871 2477 Χριστοῦ
2903 2400 3177 2471 λαθραίως
3207 2395 3485 2467 ἁψαμένη,
3516 2410 3698 2464 παρα-

2118 2501 2313 2573 χρῆμα
2344 2499 2445 2570 τῆς
2473 2497 2630 2552 νόσου
2665 2494 2977 2565 ἀπηλλάγη.

2120 2612 2225 2667 585
2257 2610 2421 2672 Εἰπὲ,
2449 2609 2545 2663 καὶ
2587 2606 2863 2677 ἐκμήνειε
2894 2603 3062 2677 συῶν
3092 2600 3317 2677 ἀγέλην
3345 2595 3661 2668 λεγεῶνας,

2119 2683 2224 2739 586
2256 2671 2498 2750 Πνεῦμα
2526 2678 2623 2732 καὶ
2654 2671 2728 2730 ἓν
2752 2675 3087 2744 πελάγεσσι
3111 2671 3304 2724 πέσοι.

2191 2772 2311 2825 Τῶν
2354 2772 2413 2825 ὲν
2450 2768 2805 2838 Εὑαγγελίοις
2849 2765 3143 2836 θαυμάτων
3183 2761 3277 2814 καλ⁸
3316 2758 3507 2813 τοῦτο·
3552 2756 3695 2811 κατὰ

2118 2864 2227 2936 γὰρ
2256 2863 2354 2935 τὴν
2383 2862 2492 2915 τῶν
2520 2859 2875 2933 Γεργεσηνῶν
2909 2857 3093 2928 χώραν
3116 2849 3184 2925 ἦν
3213 2870 3295 2916 τις
3330 2848 3601 2922 δαιμονῶν
3637 2849 3699 2903 ὲν

2119 2957 2232 3018 τοῖς
2268 2955 2586 3024 μνημείοις·
2618 2952 2685 3005 δι’
2734 2950 2793 3003 ὃν
2827 2949 3025 3009 ἄϐατος
3068 2943 3135 3017 ἦν
3174 2948 3203 2999 ὁ
3239 2945 3441 3009 τόπος,
3485 2939 3698 2994 πολλῶν

2120 3045 2389 3115 διαφόρως
2414 3045 2505 3097 ὑπ’
2535 3042 2697 3097 αὑτοῦ
2731 3038 3192 3111 κατατρωθέντων
3211 3054 3226 3069 ο
3257 3034 3446 3090 τοῦτον
3489 3032 3697 3102 Ἰησοῦς

2121 3136 2248 3205 ὑγιῆ
2273 3134 2641 3204 καταστήσας,
2666 3133 2867 3203 χοίρων
2894 3129 3080 3183 αὑτόθι
3100 3126 3435 3198 νεμομένων,
3456 3125 3561 3178 ὑπὸ
3586 3126 3696 3178 τῶν

2120 3225 2389 3296 δαιμόνων
2422 3223 2670 3288 ἀξιοῦται
2695 3225 2806 3286 τοῖς
2845 3222 3047 3293 χοίροις
3078 3219 3275 3279 αὑτοὺς
3309 3216 3600 3286 ἐπιτρέψαι
3637 3216 3701 3271 τὸ

439 3389 846 3469 opportunitate
883 3405 1166 3455 concessa,
1206 3392 1260 3445 in
1312 3397 1862 3469 montemascendit.
1900 3398 2132 3453 Sodoma
2164 3415 2361 3469 nempe
2388 3398 2608 3454 divinus
2647 3397 2945 3469 Gregorius
2989 3410 3112 3451 esse
3145 3391 3610 3469 perseverantiam
3644 3391 3696 3469 in

443 3458 699 3528 peccatis,
733 3458 835 3513 Lot
854 3470 1047 3540 _autem
1073 3476 1364 3540 personam
1393 3465 1615 3520 virtutis
1645 3469 1920 3524 sustinere
1943 3471 2076 3523 dicit
2106 3485 2119 3520 :
2156 3471 2249 3539 qui
2280 3458 2444 3540 porro
2472 3486 2501 3523 a
2533 3458 3068 3540 peccatovdiscessit,
3098 3458 3165 3540 ne
3199 3464 3433 3532 amplius
3465 3462 3531 3540 a_d
3558 3460 3689 3513 illud

442 3540 764 3601 revertatur,
801 3531 1079 3601 admonet,
1117 3532 1219 3585 hoc
1247 3535 1393 3586 enim
1423 3541 1508 3590 est
1534 3545 1836 3593 retrorsum
1873 3540 2057 3595 videre
2096 3531 2237 3594 etin
2281 3531 2591 3594 columnam
2635 3540 2766 3593 salis
2804 3535 3157 3593 transmutari
3187 3550 3202 3586 :
3239 3531 3366 3586 nam
3409 3533 3534 3601 quia
3565 3546 3701 3583 uxor

444 3597 549 3679 Lot
578 3599 1026 3679 ad_cupiditalem
1058 3602 1319 3679 respexit,
1365 3605 1565 3679 merito
1600 3607 1703 3661 hoc
1734 3623 1907 3679 passa,
1927 3619 2009 3664 est
2044 3629 2056 3664 :
2091 3611 2346 3664 columna
2382 3619 2562 3664 autem
2595 3617 2680 3665 est
2703 3617 2888 3679 aperta
2914 3607 3050 3679 l‘acti
3085 3603 3386 3663 accusatio,
3410 3597 3462 3655 in
3500 3616 3699 3679 perpe-

443 3678 594 3749 tuum
634 3669 898 3749 duratura
936 3685 949 3721 :
986 3673 1118 3749 urbs
1152 3671 1324 3749 _Segor
1357 3672 1611 3749 denique,
1629 3669 1948 3749 explicanda
1990 3691 2074 3734 est
2116 3695 2211 3749 per
2255 3682 2492 3733 animam
2543 3669 2752 3734 virtute
2787 3678 3189 3749 confirmatam,
3234 3688 3356 3749 quae
3395 3669 3697 3749 secundum

449 3737 613 3791 Deum
649 3739 933 3819 gradatim.
955 3739 1021 3794 ad
1051 3737 1713 3819 perfectionisfastigium
1745 3748 2066 3812 ascendere,
2100 3737 2277 3819 neque
2301 3766 2430 3805 vero
2465 3751 2521 3804 in
2549 3751 2697 3804 ostio
2728 3763 3013 3804 remanere
3040 3744 3220 3808 debet,
3250 3737 3389 3812 ’(ιυίει
3427 3742 3530 3795 hoc
3558 3756 3698 3811 ‘1"0’

442 3823 547 3876 que
569 3811 830 3862 socordiae
859 3811 1067 3863 crimen
1097 3825 1255 3880 poma
1285 3813 1542 3867 allicitur.

515 3900 573 3952 In
604 3897 910 3974 Evangeliis
942 3899 1195 3974 Salvator
1216 3902 1356 3974 hanc
1381 3904 1696 3974 parabolam
1721 3903 2007 3974 proposuit
2043 3922 2055 3958 :
2091 3900 2400 3974 Erat_dives
2429 3917 2670 3972 purpura
2696 3901 2920 3955 indutus
2942 3909 2996 3954 et
3023 3904 3269 3973 quotidie
3300 3902 3448 3974 laute
3471 3902 3687 3963 vivens,

440 3969 507 4043 ad
549 3969 712 4043 cujus
746 3969 933 4043 portas
972 3969 1396 4043 provolvebatur
1437 3989 1642 4043 pauper
1678 3969 1921 4041 quidam,
1968 3974 2189 4027 nomine
2232 3969 2497 4037 Lazarus,
2537 3969 2762 4025 summa
2793 3969 3053 4043 egestate
3080 3975 3371 4028 laceratus.
3408 3971 3529 4026 Jam
3567 3988 3699 4026 vero

440 4039 593 4112 dives
622 4039 1276 4112 qui_luxuriadiﬂluebat
1313 4039 1826 4103 omnibusnne’vita:
1861 4042 2020 4097 bonis
2062 4043 2400 4103 abundabat,
2448 4043 2652 4095 nullam
2686 4042 2940 4109 pauperis
2973 4042 3160 4098 habuit
3192 4059 3402 4103 curant,
3437 4045 3690 4112 quamvis

441 4109 530 4162 hic
556 4108 735 4178 quoad
768 4124 965 4177 corpus
997 4113 1231 4179 pessime
1261 4127 1321 4166 se
1353 4112 1576 4167 haberet
1600 4117 1656 4167 et
1679 4114 1762 4165 vix
1801 4113 1978 4173 micis,
2007 4128 2128 4178 quae
2156 4128 2223 4166 ex
2254 4113 2397 4167 illius
2429 4127 2615 4165 mensa
2649 4108 2992 4180 supererant,
3016 4114 3156 4167 male
3184 4108 3511 4166 nutriretur.
3546 4110 3697 4164 Prii--

442 4186 592 4251 terea
621 4180 962 4251 verouetiam
1004 4181 1187 4235 divitis
1219 4197 1385 4236 canes
1424 4184 1609 4236 ulcera
1657 4182 1912 4251 pauperis
1947 4183 2175 4237 linxisse
2217 4183 2448 4250 ejusque
2488 4182 2706 4234 dolores
2749 4181 2971 4235 auxisse
3015 4183 3295 4248 dicuntur,
3330 4182 3457 4235 dum
3502 4197 3694 4235 eorum

442 4248 648 4302 domini
677 4248 880 4321 nullam
904 4251 1128 4321 omnino
1159 4250 1311 4321 illius
1332 4253 1597 4305 rationem
1636 4248 1921 4305 haberent.
1965 4252 2101 4305 Cum
2135 4248 2303 4321 igitur
2335 4248 2488 4306 dives
2519 4262 2626 4304 tam
2660 4250 2955 4304 inhumane
2978 4267 3037 4306 se
3068 4261 3301 4321 gereret,
3340 4267 3546 4319 pauper
3570 4268 3699 4305 vero

443 4333 566 4390 cum
603 4318 900 4386 gratiarum
935 4320 1151 4390 actione
1191 4317 1477 4388 perferret,
1530 4322 1691 4373 ambo
1722 4322 2082 4375 decesserunt
2123 4317 2180 4375 ei
2210 4323 2278 4375 ad
2313 4323 2490 4375 locum
2523 4322 2948 4374 determinatum
2986 4317 3371 4390 pervenerunt,
3431 4317 3575 4376 unde
3608 4323 3700 4375 illa

442 4388 666 4461 divitem
698 4388 1003 4461 conspexit.
1037 4388 1140 4461 Hic
1169 4397 1350 4443 autem
1381 4392 1664 4459 paululum
1693 4391 1968 4461 aspiciens
1996 4396 2139 4461 (erat
2170 4393 2428 4445 nimirum
2467 4391 2609 4460 ignis
2643 4390 2903 4443 hauriens
2944 4388 2999 4443 et
3044 4395 3246 4447 vermis
3296 4390 3693 4445 acerbissimus

444 4457 1073 4530 stimulans),pauperem
1102 4459 1364 4530 Lazarum
1384 4457 1451 4513 'in
1481 4461 1605 4515 sinu
1632 4457 2013 4526 patriarchali'
2036 4462 2471 4530 requiescentem
2492 4457 2561 4514 ἐι
2593 4461 2890 4514 satellitum
2927 4462 3144 4530 agmine
3186 4464 3495 4529 solatioqne
3532 4476 3697 4514 orna-

443 4535 558 4580 tum
591 4528 968 4598 conspexisse,
1001 4527 1386 4597 Abrahamque
1412 4530 1710 4584 satellitem
1739 4544 1966 4598 rogasse
2002 4527 2224 4594 dicitur,
2258 4545 2317 4584 ut
2354 4532 2504 4585 illum
2532 4530 2795 4583 Lazarum
2826 4527 3264 4598 olim'despectui
3302 4527 3543 4584 habitum
3567 4533 3698 4583 mit-

444 4603 583 4650 teret
605 4596 698 4665 qui
729 4598 924 4653 aelusto
949 4606 1159 4669 guttam
1191 4596 1346 4666 aqua:
1384 4601 1469 4653 vel
1514 4614 1681 4669 parvo
1706 4596 1878 4669 digito
1910 4601 2220 4655 instillaret.
2261 4601 2581 4654 Patriarcha
2614 4615 2743 4653 vero
2771 4601 2821 4651 ei
2853 4596 3137 4667 respondit
3166 4603 3269 4655 hoc
3311 4600 3425 4653 ﬁeri
3465 4602 3697 4654 omnino

445 4682 554 4721 non
584 4681 764 4734 posse,
794 4675 961 4736 atque
994 4668 1177 4721 subita
1209 4676 1262 4721 et
1293 4668 1662 4738 inexspectata
1694 4668 1901 4723 doloris
1927 4673 2138 4723 medela
2177 4673 2482 4724 crueiatum
2527 4670 2692 4723 etiam
2723 4670 3203 4724 intolerabiliorem
3237 4671 3284 4723 ei
3332 4677 3518 4738 postea
3559 4669 3695 4733 fore,

444 4750 660 4808 necnon
690 4751 785 4808 per
815 4752 1067 4807 magnam
1098 4738 1357 4807 abyssum
1403 4739 1536 4792 dicit
1580 4741 1726 4793 circa
1768 4739 1919 4807 ipsos
1944 4740 2251 4808 stabilitum
2285 4755 2426 4802 esse,
2472 4747 2527 4791 et
2556 4739 2822 4793 terminos
2856 4740 3056 4807 quibus
3097 4755 3274 4808 neque
3311 4739 3492 4808 egredi
3538 4739 3698 4808 liceat

445 4821 619 4879 neque
649 4805 884 4879 invicem
906 4805 1226 4879 convenire,
1259 4808 1348 4862 hic
1379 4824 1502 4863 esse
1532 4805 1864 4879 constitutos
1897 4807 2126 4862 afﬁrmat
2154 4818 2412 4879 tanquam
2446 4808 2581 4862 ﬁnes
2607 4810 2813 4876 peccati
2850 4805 2918 4862 iis
2940 4808 3067 4879 qui,
3087 4805 3231 4862 sicut
3267 4805 3377 4868 ille,
3402 4807 3571 4879 animi
3590 4807 3697 4860 du-

444 4875 864 4946 ritieglaborent.
904 4874 1130 4946 Divitem
1165 4879 1504 4933 cruciatibus
1538 4887 1790 4933 vexatum
1821 4878 1955 4930 dicit
1984 4878 2223 4931 animam
2256 4874 2443 4933 multis
2473 4874 2713 4946 peccatis
2744 4874 3023 4945 pollutam.
3052 4878 3324 4936 Lazarus.
3357 4879 3451 4946 qui
3477 4878 3693 4932 miseri-

445 4943 654 5017 cordiae
686 4952 893 5017 guttam
923 4944 1120 5017 all’erre
1144 4949 1490 5017 imploratur,
1540 4948 1923 5017 intelligendus
1955 4955 2039 5002 est
2070 4947 2140 5001 de
2177 4949 2347 5002 verbo
2367 4943 2573 5008 divino,
2602 4943 2756 5016 quod
2791 4962 2819 4999 a
2850 4948 2984 5001 viris
3016 4947 3280 5001 divinitus
3314 4943 3594 5016 inspiratis
3638 4948 3693 5000 in

444 5014 658 5088 animas
704 5016 1054 5088 passionibus
1091 5014 1326 5088 adustas
1374 5019 1667 5072 instillatur
1704 5014 1739 5068 ε’
1793 5018 2023 5088 abyssus
2070 5026 2155 5072 est
2199 5020 2449 5072 socordia
2496 5014 2743 5085 pertinax
2811 5033 2841 5071 e
2882 5029 3104 5085 peccato
3143 5014 3443 5080 contracta,
3529 5030 3693 5085 quam

444 5086 648 5156 misera
693 5084 903 5149 anima,
954 5086 1106 5139 omni
1159 5102 1256 5156 spe
1295 5089 1489 5143 salutis
1536 5088 1818 5153 destituta,
1864 5084 2069 5142 sociam
2109 5089 2342 5142 assumit
2383 5098 2438 5140 et
2487 5084 2567 5141 Sic
2601 5088 2801 5156 abysso
2843 5084 2896 5139 et
2926 5088 3049 5155 igne
3084 5088 3455 5156 submergitur
3489 5084 3696 5156 {Sinus

442 5154 718 5226 Abraham
756 5154 1206 5226 est‘sanctorum‘
1241 5158 1604 5222 consuetudo,
1648 5158 1772 5211 huic
1806 5158 1950 5212 enim
2002 5155 2145 5211 Deus
2192 5156 2573 5226 promissionis
2603 5154 2800 5211 terram
2848 5154 3242 5224 spoponderat,
3280 5154 3333 5209 in
3365 5171 3473 5223 qua
3516 5155 3600 5208 lae
3638 5163 3696 5209 et

444 5225 550 5278 niel
578 5222 755 5279 ﬂuunt
786 5240 799 5276 :
840 5223 984 5281 Deus
1006 5241 1131 5279 cum
1158 5226 1264 5281 diis
1296 5242 1653 5293 conversaris,
1685 5228 1835 5282 etab
1875 5228 1955 5281 eis
1985 5226 2093 5280 alta
2125 5222 2256 5281 voce
2285 5227 2538 5282 laudatus
2574 5238 2629 5280 et
2663 5222 2894 5278 multum
2928 5222 2991 5277 ac
3026 5240 3243 5294 semper
3272 5222 3601 5279 celebratus.

512 5320 778 5376 Miracula
807 5319 1227 5392 Evangeliorum
1255 5323 1549 5392 anagogice
1574 5336 2025 5392 commemorans
2044 5320 2422 5392 ad_Christum
2448 5322 2627 5389 ipsum
2659 5320 2932 5392 convertit
2955 5335 3263 5392 sermonem
3293 5336 3306 5372 :
3340 5318 3691 5392 Verboenim

444 5384 557 5453 dic,
576 5392 671 5455 ait,
711 5400 766 5445 et
803 5384 998 5461 animi:
1027 5384 1667 5461 proﬂuvium'sa'nguinis
1693 5392 1979 5446 consistet.
2009 5390 2339 5461 Proﬂuvium
2369 5384 2550 5444 autem
2582 5391 2865 5459 sanguinis
2893 5391 3165 5459 signiﬁcat
3200 5392 3407 5458 accepti
3449 5390 3694 5444 vulneris

444 5461 685 5532 plagam,
713 5459 985 5530 siquidem
1024 5459 1055 5513 e
1075 5463 1305 5532 vulnere
1342 5459 1547 5517 inﬂicto
1577 5461 1866 5532 proﬂuvies
1898 5460 2145 5530 quaedam
2165 5476 2437 5532 emanare
2466 5461 2604 5516 solet
2637 5478 2649 5512 :
2692 5461 3032 5532 celerrimum
3057 5472 3263 5532 autem,
3300 5475 3468 5532 sensu
3490 5473 3697 5532 anago-

444 5527 590 5596 gico,
622 5527 933 5601 adesse‘ait
968 5530 1235 5584 medelam
1274 5551 1288 5585 :
1320 5535 1515 5586 mulier
1540 5527 1710 5591 enim,
1741 5547 1864 5600 qum
1896 5527 1993 5600 per
2028 5531 2319 5585 duodecim
2363 5545 2538 5584 annos
2573 5531 2857 5601 sanguinis
2890 5527 3143 5600 proﬂuvii
3182 5529 3374 5583 morbo
3403 5527 3692 5593 laboravit,

445 5606 733 5668 postquam
761 5600 1030 5654 ﬁmbriam
1055 5601 1259 5655 Christi
1288 5602 1427 5655 clam
1458 5602 1728 5671 tetigerat,
1765 5602 2039 5671 extemplo
2066 5601 2257 5656 morbo
2282 5612 2367 5654 est
2396 5601 2644 5654 liberata.

515 5691 629 5747 Hoc
657 5709 878 5766 quoque
903 5695 958 5749 in
992 5695 1300 5766 Evangeliis
1331 5702 1590 5750 narratur
1634 5694 1960 5766 miraculum
1991 5711 2004 5747 :
2044 5696 2101 5766 In
2140 5703 2284 5748 terra
2326 5692 2761 5764 Gergesenorum
2789 5703 2907 5748 erat
2933 5693 3158 5766 quidam
3200 5691 3595 5766 daemoniacus,
3632 5691 3689 5747 in

445 5765 712 5836 sepulcris
738 5762 964 5836 degens;
994 5766 1110 5834 qui.
1150 5762 1279 5818 cum
1316 5766 1518 5819 multos
1558 5765 1706 5819 varie
1744 5766 1993 5836 laesisset,
2016 5765 2205 5836 effecit
2235 5773 2297 5818 ut
2324 5762 2483 5820 nemo
2518 5766 2793 5836 renionem
2824 5762 2984 5818 istam
3036 5765 3189 5836 adire
3216 5764 3450 5831 amplius
3481 5762 3633 5836 vellet
3672 5779 3688 5817 :

445 5847 540 5902 per
564 5832 749 5890 Jesum
790 5832 971 5891 autem
1012 5832 1306 5892 sanitatem
1347 5835 1708 5905 recuperavit.
1757 5833 1823 5891 Et
1852 5849 1976 5890 cum
2013 5835 2084 5892 ibi
2120 5850 2411 5906 porcorum
2455 5834 2747 5890 multitudo
2786 5841 3123 5903 posceretur,
3158 5834 3433 5890 daemones
3471 5834 3687 5889 venia-
