4182 6384
439 416 624 471 λοιπὸν
666 413 1067 486 ἀναμιχθῆναι·
1095 412 1287 469 τούτου
1312 414 1368 467 δὲ
1393 416 1712 485 γενομένου,
1744 416 1885 470 κατά
1917 416 2018 484 τῆς

441 508 716 578 θαλάσσης
743 508 792 559 οἱ
813 506 1068 577 δαίμονες
1085 506 1211 569 τοὺς
1223 505 1438 578 χοίρους
1450 502 1763 571 ἐλάσαντες,
1776 503 2020 568 ἅπαντας

441 598 804 668 ὑποϐρυχίους
836 596 1142 653 ἀπώλεσαν.
1346 583 1358 591 ’

435 686 543 745 587
575 691 685 743 Καὶ
711 690 947 755 λέπρην
970 686 1253 753 ἐλάσειας
1281 685 1556 756 ἀτερπέα.

511 801 803 870 Μέμνηται
830 801 927 871 τῆς
951 798 1044 853 τοῦ
1073 799 1275 869 λεπροῦ
1307 800 1630 871 καθάρσεως
1652 798 1757 852 ὑπὸ
1779 796 2020 868 Χριστοῦ

439 892 767 962 γενομένης·
792 893 892 963 τὴν
924 892 1146 955 πολλαῖς
1171 893 1227 945 δὲ
1267 892 1698 962 κατεστιγμένην
1728 892 2020 961 ἁμαρτίαις

437 981 617 1052 ψυχὴν
646 984 932 1047 ἀπεικάζει
964 982 1149 1054 λεπρῷ
1169 999 1184 1014 ·
1218 983 1278 1035 τὸ
1308 983 1416 1053 γάρ
1452 981 1624 1047 πάθος
1650 984 1800 1036 ἐστὶν
1842 984 2014 1055 ἀτερ-

443 1074 569 1137 πὲς,
607 1075 749 1127 κατά
769 1073 862 1126 τοῦ
898 1067 1150 1144 σώματος
1181 1074 1591 1143 διακεχυμένον.

1319 1164 1430 1218 Καὶ
1459 1164 1611 1233 φάος
1636 1163 1800 1219 ἔλθοι

438 1231 545 1289 388
582 1234 872 1303 Ὄμμασιν
898 1237 1010 1303 οὺχ
1032 1236 1304 1302 ἀρόωσιν.

509 1346 840 1417 Βαρτιμαῖον
871 1347 1202 1399 αίνίττεται’
1230 1347 1404 1417 τοῦτῳ
1430 1345 1539 1417 γάρ
1573 1346 1721 1399 ἔλεον
1746 1344 2020 1407 ποθοῦντι,

440 1438 673 1509 παρέχει
698 1439 932 1509 Χριστὸς
962 1439 1077 1506 φῶς
1109 1438 1258 1507 αῦτῷ
1283 1439 1678 1510 χαρισάμενος,
1712 1437 2021 1507 τυφλότητα

434 1528 499 1582 δέ
533 1545 697 1598 φησιν
723 1530 750 1582 ὁ
781 1528 1041 1596 Θεολόγος
1069 1529 1166 1598 τὴν
1192 1530 1438 1596 ἄγνοιαν’
1466 1521 1533 1598 ἧς
1567 1528 1724 1589 ἐκτὸς
1748 1524 2017 1597 γενομένη

443 1620 591 1690 ψυχὴ
620 1620 682 1672 τὸ
716 1620 944 1689 φυσικὸν
973 1618 1326 1689 ἐπιϐοήσεται
1358 1618 1594 1673 ποθοῦσα
1627 1617 1741 1686 φῶς
1768 1633 1780 1645 ·
1816 1616 1877 1669 οὐ
1912 1615 2022 1686 γὰρ

442 1711 523 1764 ἐτι
555 1711 645 1763 τὸν
674 1711 973 1782 εὐεργέτην
1018 1711 1095 1775 ώς
1134 1711 1254 1764 υἱὸν
1290 1712 1528 1781 εὐφημεῖ
1560 1708 1755 1774 Δαϐὶδ,
1791 1706 1906 1761 ἀλλ’
1945 1706 2022 1773 ιὶς

441 1802 578 1856 Θεὸν
606 1805 973 1875 προσκυνήσει
1004 1803 1391 1874 μεγαλοδότην.

1114 1894 1222 1947 Καὶ
1260 1894 1445 1948 οὔατα
1472 1897 1737 1964 φθόγγον
1758 1891 1989 1947 ἀκούοι.

513 2003 697 2075 Κωφῷ
747 2006 840 2058 καὶ
887 2004 1163 2076 μογιλάλῳ
1216 2003 1455 2077 δεηθεῖσι
1500 2004 1598 2076 τὴν
1642 2004 1797 2057 λύσιν
1852 2002 2023 2072 ἄμφω

443 2101 674 2167 παρέχει
723 2097 961 2169 Χριστός
984 2114 998 2127 ·
1046 2098 1227 2164 κωφὸς
1270 2098 1327 2151 δὲ
1356 2097 1576 2165 λέγεται
1609 2096 1751 2151 κατά
1793 2096 1884 2148 τὸν
1921 2094 2023 2162 τῆς

441 2186 732 2256 ἀναγωγῆς
746 2186 924 2254 λόγον.
953 2187 1101 2249 ὅστις
1130 2186 1242 2255 ἔχει
1273 2187 1410 2258 πρὸς
1433 2186 1494 2239 τὸ
1517 2184 1585 2239 τὰ
1607 2184 1727 2238 θεῖα
1746 2184 2019 2253 δέχεσθαι,

446 2276 754 2348 βαρυτάτην
782 2278 881 2348 τήν
916 2278 1149 2349 φυσικὴν
1177 2279 1369 2349 ἀκοήν.

445 2369 549 2440 589
576 2369 686 2440 Kal
718 2369 914 2437 ξηρὴν
957 2371 1283 2436 τανύσειας
1312 2369 1469 2439 ἐμὴν
1509 2374 1683 2440 χέρα,
1720 2368 1915 2440 δεσμά
1957 2384 2022 2421 τε

443 2437 550 2495 590
586 2438 879 2505 Ῥήξειας.
1342 2437 1353 2439 “
1417 2437 1423 2438 ⁷
1510 2437 1540 2439 ”
1583 2437 1591 2440 ⁷
1641 2438 1951 2511 ἱγλώσσης

514 2551 625 2604 Καὶ
650 2550 823 2605 ταῦτα
847 2549 957 2604 τῶν
981 2549 1217 2619 Χριστοῦ
1253 2548 1547 2620 θαυμάτων
1577 2549 1883 2619 καθέστηκε
1900 2566 1911 2577 ·
1940 2548 2021 2603 διδ

441 2640 535 2696 καὶ
571 2641 911 2714 λοιδορεῖται,
944 2640 1200 2710 σαὸὅάτῳ
1220 2639 1538 2710 ποιούμενος
1559 2639 1658 2709 τὴν
1687 2638 1981 2711 θεραπείαν
2000 2649 2017 2669 ⁸

440 2732 651 2797 τούτοις
677 2733 785 2804 γὰρ
826 2730 1098 2803 ἀνθρώπῳ
1134 2734 1251 2793 τοῖς
1290 2731 1488 2784 πάθεσι
1527 2732 1811 2800 κάμνοντι,
1853 2729 2019 2800 μέσον

441 2825 773 2894 προστάσσει
830 2822 932 2890 τῆς
972 2822 1297 2891 συναγωγῆς
1357 2821 1455 2892 τὴν
1498 2824 1655 2892 χεῖρα
1704 2821 2018 2885 διεκτεῖναι,

440 2916 538 2970 καὶ
583 2917 649 2987 τῇ
699 2912 921 2987 γλώσσῃ
965 2912 1371 2983 διηρθρωμένον
1423 2912 1800 2980 διαλέγεσθαι·
1860 2915 2020 2982 χεῖρα

438 3007 498 3059 δὲ
546 3005 713 3077 ξηράν
759 3022 921 3077 φησιν
966 3006 995 3058 ὁ
1032 3003 1256 3076 Πατὴρ,
1290 3003 1353 3056 τὸ
1402 3003 1538 3075 πρὸς
1586 3004 1678 3067 τὰς
1734 3003 1885 3067 θείας
1930 3005 2017 3056 ὲν-

439 3097 602 3161 τολὰς
636 3096 822 3169 ἀργῶς
870 3095 1193 3157 διακεῖσθαι,
1260 3095 1457 3166 δεσμόν
1495 3112 1554 3147 τε
1594 3094 1848 3166 γλώσσης
1894 3094 1926 3164 ἢ
1958 3094 2020 3147 τὸ

446 3188 521 3260 μὴ
538 3192 655 3253 ταῖς
687 3188 927 3251 ἐντολαῖς
950 3186 1295 3256 ἐντυγχάνειν
1328 3186 1424 3239 τοῦ
1458 3185 1614 3251 Θεοῦ,
1645 3186 1678 3256 ἢ
1705 3186 1767 3239 τὸ
1791 3186 2011 3257 δεσμεῖν

441 3277 622 3341 ἄλλοις
659 3277 720 3329 τὸ
747 3277 845 3346 τῆς
871 3276 1138 3345 ὡφελείας
1172 3275 1458 3346 λαλητικὸν
1484 3275 1732 3346 ὄργανον.

656 3369 920 3436 Στήσαις
951 3369 1020 3423 δὲ
1052 3368 1254 3424 ποδῶν
1279 3367 1476 3435 ,βάσιν
1506 3368 1983 3436 ἀνδρανέουσαν.

1556 297 1840 357 COSMAS
1874 294 2576 359 NIEROSOLYMITANUS

3592 288 3702 345 seu

2194 415 2411 470 Πολλῶν
2459 407 2922 483 παραλελυμένων
2962 408 3114 478 κοινῇ
3144 406 3241 477 τῆς
3270 403 3508 477 Χριστοῦ
3537 404 3707 476 θερα-

2130 507 2290 570 πείας
2319 502 2769 562 ὰπολελαυκότων
2810 502 3032 573 μνήμην
3065 502 3331 553 ποιεῖται*
3364 497 3709 569 παρειμένην

2121 597 2179 650 δὲ
2225 596 2373 664 λέγει
2402 592 2677 665 ψυχὴν,ἢ
2727 593 2807 663 τῷ
2860 592 3083 662 πολέμῳ
3134 588 3580 660 κατατρωθεῖσαν
3609 586 3705 643 τεῦ

2120 688 2317 761 ἐκθροδ
2340 729 2355 753 ν
2386 687 2519 759 ἢτῷ
2548 684 2794 758 ῥᾳθυμίᾳ
2834 682 3050 739 κεῖσθαι
3082 682 3176 736 καὶ
3204 680 3281 752 μὴ
3316 678 3577 734 δύνασθαι
3606 679 3707 751 τῆς

2121 777 2544 842 νόσου,τουτέστι
2566 776 2670 846 τῆς
2701 774 2979 846 ἁμαρτίας
3006 772 3322 828 ἀνανεῦσαι.

2121 887 2220 943 391
2255 888 2359 941 Ἐκ
2387 885 2441 939 δ’
2478 884 2663 954 ἄρτου
2692 883 2975 951 κορέσαις
2999 880 3228 950 ὀλίγου.

2192 1000 2366 1053 Πέντε
2408 998 2645 1069 Χριστὸς
2675 997 2860 1068 ἄρτοις
2890 995 3029 1048 κατὰ.
3066 993 3164 1064 τὴν
3198 991 3403 1064 ἔρημον
3428 990 3524 1045 καὶ
3553 989 3704 1044 δυσὶν

2124 1092 2385 1164 ἰχθυδίοις
2436 1089 2679 1161 χιλιάδας
2712 1087 2912 1151 πολλὰς
2964 1085 3260 1156 διαθρέψας
3304 1082 3366 1136 τὸ
3416 1082 3701 1153 πρότερον,

2121 1184 2219 1237 καὶ
2253 1182 2531 1249 λειψάνοις
2557 1181 2766 1235 δώδεκα
2797 1179 3032 1249 κοφίνων
3062 1178 3123 1230 τὸ
3157 1177 3412 1247 μέγιστον
3445 1173 3540 1227 τοῦ
3572 1170 3705 1227 θαύ-

2127 1293 2295 1345 ματος
2333 1273 2786 1344 πιστωσάμενος,
2819 1270 3081 1333 ὡσαύτως
3127 1269 3189 1322 τδ
3220 1267 3472 1338 δεῦτερον
3519 1265 3707 1337 ἄρτοις

2122 1367 2262 1420 ἑπτὰ
2297 1366 2540 1437 χιλιάδας
2568 1366 2646 1428 είς
2679 1364 2841 1435 κόρον
2883 1362 3172 1433 ἐμπλήσας
3198 1401 3213 1426 ,
3237 1361 3335 1430 τῆς
3364 1357 3515 1421 θείας
3547 1356 3705 1410 δυνά-

2127 1475 2273 1529 μεως
2316 1461 2507 1528 σαφεῖς
2546 1458 2787 1529 παρέσχε
2814 1455 2911 1518 τὰς
2945 1452 3283 1518 ἀποδείξεις·
3326 1450 3462 1504 ἀλλὰ
3501 1447 3706 1502 τούτων

2121 1550 2424 1620 Γρηγόριος
2447 1552 2476 1602 ὁ
2505 1549 2648 1613 θεῖος
2671 1552 2735 1620 τῇ
2762 1548 2906 1618 ψυχῇ
2940 1544 3319 1614 διαλεγόμενος
3357 1539 3704 1613 μνημονεύει,

2128 1641 2360 1713 καὶγὰρ
2412 1641 2504 1694 τὸν
2543 1641 2700 1709 λόγον
2733 1639 2897 1710 ἄρτον
2934 1633 3043 1691 οἶδε
3077 1633 3344 1704 πολλαχοῦ
3388 1632 3490 1702 τῆς
3528 1631 3706 1701 ψυχῆς

2127 1733 2331 1804 τροφὴν
2374 1734 2767 1803 κατονομάζειν
2792 1747 2805 1760 ·
2843 1732 3050 1784 ἐκεῖνον
3080 1724 3370 1799 τοιγαροῦν
3397 1728 3463 1795 τῇ
3502 1725 3705 1796 λιμωτ-

2126 1824 2296 1898 τούσῃ
2323 1823 2469 1895 ψυχῇ
2494 1824 2630 1895 πρὸς
2649 1822 2784 1877 Θεοῦ
2817 1819 3229 1894 παρασχεθῆναι
3256 1818 3549 1881 λιτάζεται.

2732 1915 3057 1984 Στορέσαις
3099 1912 3168 1966 δὲ
3204 1909 3528 1967 θάλασσαν
3618 1900 3621 1907 ’

2129 1985 2234 2040 59⁵2
2277 1983 2623 2055 Δειμαλέην.

2195 2095 2413 2165 Ταύτην
2445 2095 2503 2147 ἐν
2546 2095 2687 2166 ἀρχῇ
2711 2094 2804 2148 τοῦ
2830 2094 2990 2163 λόγου
3026 2090 3382 2164 παρεθέμεθα
3428 2092 3528 2162 τὴν
3561 2092 3704 2144 ἱστο-

2133 2185 2255 2253 ρίαν
2286 2184 2525 2256 Χριστοῦ
2553 2187 2665 2248 τοῖς
2700 2184 2974 2256 μαθηταῖς
3003 2185 3147 2239 κατά
3177 2182 3276 2254 τὴν
3307 2183 3542 2253 φοϐερὰν
3576 2198 3706 2250 συγ-

2126 2276 2421 2346 γενομένου
2444 2275 2722 2330 θάλασσαν
2738 2293 2752 2307 ⁸
2786 2275 3058 2330 θάλασσαν
3080 2276 3137 2329 δὲ
3161 2275 3260 2339 τὰς
3284 2274 3540 2346 βιωπκάς
3560 2273 3705 2326 εἴποι

2126 2383 2211 2430 τις
2261 2365 2326 2420 ἄν
2381 2366 2702 2440 τρικυμίας,
2737 2368 2959 2431 πολλαῖς
3011 2369 3316 2438 συμφοραῖς
3366 2365 3462 2437 τὴν
3515 2365 3706 2419 ἀθλίαν

2126 2455 2303 2528 ψυχὴν
2331 2456 2566 2527 βυθίζειν
2604 2458 3030 2530 ἀλλεπαλλήλοις
3067 2458 3376 2530 βράσμασιν
3415 2457 3706 2526 ἐπειγομέ-

2127 2567 2254 2613 νας’
2289 2550 2349 2603 τὸ
2382 2551 2439 2604 δὲ
2466 2550 2854 2620 καταστρῶσαί
2891 2568 3089 2620 φησιν,
3123 2552 3243 2604 ἀντὶ
3280 2549 3376 2604 τοῦ
3404 2550 3704 2621 καθομαλί-

2130 2660 2218 2696 σαι
2242 2661 2256 2674 ο
2286 2644 2530 2715 γαλήνην
2565 2644 2671 2713 γὰρ
2703 2643 2849 2706 εἰκὸς
2883 2644 2975 2696 καὶ
3004 2643 3171 2713 ζάλης
3204 2642 3548 2715 ἀπαλλαγὴν,
3579 2641 3708 2697 ἔνθα

2128 2736 2383 2807 Χριστὸς,
2412 2734 2772 2804 ἐπιγίνεσθαι.

2509 2824 2873 2894 Ἀστράψυαις
2904 2822 2973 2877 δὲ
3003 2814 3342 2893 φαάντερον
3370 2825 3597 2893 ἠελίοιο

2198 2916 2319 2968 Τῶν
2351 2914 2608 2987 μαθητῶν
2631 2915 2758 2977 τοὺς
2809 2915 3278 2986 προκεκριμένους
3316 2914 3648 2986 παραλαϐὼν
3675 2917 3705 2970 ὁ

2136 3005 2376 3075 Ἰησοῦς,
2408 3006 2494 3073 ἐπ’
2521 3006 2681 3078 ὅρους
2709 3005 3047 3077 ὑψηλοτάτου
3081 3006 3480 3078 μετεμορφώθη
3500 3047 3515 3068 ,
3540 3008 3706 3062 Muli}-

2123 3098 2222 3169 σῆν
2244 3098 2426 3162 αὐτοῖς
2451 3098 2736 3163 ὑποδείξας
2769 3099 2865 3152 καὶ⁸
2905 3098 3092 3151 Ἠλίαν
3113 3115 3126 3128 °
3161 3098 3263 3169 τῆς
3293 3099 3351 3153 δὲ
3381 3099 3490 3152 τῶν
3525 3098 3702 3170 μαθηο

2120 3190 2228 3243 τῶν
2259 3190 2435 3260 ὅψεως
2458 3231 2473 3255 ,
2502 3193 2676 3243 ἐκεῖνο
2704 3188 2902 3262 μικροῦ
2948 3188 3008 3243 τὸ
3060 3189 3177 3257 φῶς
3210 3191 3303 3243 καὶ
3351 3192 3703 3261 στερρότερον

2118 3276 2216 3352 ἦν·
2252 3282 2508 3351 Λάμψαις
2533 3282 2710 3334 τοίνυν
2730 3320 2744 3344 ,
2775 3281 2930 3350 φησὶ,
2963 3283 3083 3343 ταῖς
3134 3281 3392 3346 διανοίαις
3412 3323 3425 3344 ,
3463 3282 3538 3346 ώς
3590 3284 3702 3345 τοῖς

2131 3373 2402 3445 μαθηταῖς
2436 3375 2493 3426 ἐν
2521 3373 2637 3443 ὄρει
2666 3373 2797 3426 ποτὲ
2825 3374 3199 3445 λαμπρότερον
3225 3373 3395 3443 ἡλίου.
3735 3365 3743 3375 ’

438 3544 1136 3671 εὲἒοὲῗηῗξὶεὲνέἓὲξκρνηάἰ
1168 3559 1198 3597 a
1224 3543 1355 3600 Jesu
1386 3545 1682 3617 petierunt,
1716 3560 1822 3616 qua
1847 3546 2135 3618 impetrata
2172 3562 2369 3618 porcos
2402 3550 2458 3603 in
2492 3565 2641 3604 mare
2669 3549 3076 3622 compulerunt,
3101 3550 3172 3604 ita
3202 3560 3261 3605 ut
3292 3552 3476 3606 cuncti
3522 3548 3701 3617 ﬂucti-

480 3632 543 3671 us
570 3617 1076 3685 submergerentur.

513 3705 864 3761 Sanationem
896 3706 1060 3776 leprae
1095 3723 1123 3759 ιι
1168 3706 1388 3785 Christo
1418 3705 1620 3785 factam
1656 3717 2050 3765 commemorat
2083 3726 2096 3761 :
2128 3712 2364 3785 animam
2400 3712 2655 3767 nimirum
2699 3713 2887 3768 multis
2923 3714 3162 3784 peccatis
3202 3714 3540 3785 inquinatam
3575 3728 3698 3768 cum

440 3776 590 3848 lepra
616 3785 923 3847 comparat,
962 3792 1085 3844 qua:
1104 3784 1189 3832 est
1225 3779 1451 3832 morbus
1476 3779 1655 3848 gravis
1683 3795 1778 3849 per
1806 3788 1981 3833 totum
2006 3796 2208 3850 corpus
2239 3782 2493 3837 dili‘usus.

508 3869 856 3943 Baltimaaum
892 3871 1225 3943 subindieat,
1248 3872 1335 3924 cui
1374 3870 1810 3943 misericordiam
1840 3871 2155 3940 imploranti
2184 3872 2436 3928 Christus
2471 3876 2647 3928 lucem
2670 3874 2905 3943 benigne
2933 3875 3226 3929 concessit.
3264 3875 3573 3928 Caecitatem
3604 3891 3702 3929 au-

440 3948 548 4015 tem
586 3939 894 4010 Theologus
930 3942 1497 4015 vocatignorantiam,
1527 3939 2116 4015 quaexcussa’veram
2152 3944 2329 3996 lucem
2371 3943 2549 4015 a_nima
2572 3939 2839 4013 appetet':
2870 3961 3045 4015 neque
3072 3946 3493 4013 euirmamplius
3528 3946 3700 4000 bene-

442 4014 699 4085 [actorem
762 4020 1019 4081 tauquam
1078 4013 1248 4064 lilium
1310 4010 1528 4064 Davidis
1574 4012 1854 4074 celebrat,
1913 4011 2008 4065 sed
2059 4021 2319 4082 tanquam
2383 4010 2970 4082 Delum—magnorum
3018 4015 3290 4069 donorum
3347 4010 3699 4085 largitorem.

437 4081 710 4133 adorabit.

512 4172 724 4247 Surdus
757 4183 811 4228 et
858 4182 1064 4233 mutus.
1095 4173 1369 4247 precibus
1405 4172 1585 4247 factis.
1616 4189 1657 4247 _a
1702 4173 1920 4247 Christo
1959 4174 2223 4228 medelam
2270 4174 2669 4247 adipiscuntur.
2716 4172 2930 4230 Surdus
2976 4182 3157 4231 autem
3198 4192 3363 4232 sensu
3397 4172 3697 4247 anagogico

438 4240 663 4303 dicitur.
694 4248 1009 4314 quicunque
1043 4240 1322 4297 all—divina
1345 4243 1665 4311 excipienda
1699 4243 1972 4298 dimcilem
2006 4259 2036 4297 a
2066 4251 2263 4297 natura
2297 4240 2508 4313 accepit
2541 4244 2837 4299 auditum-

509 4333 688 4406 Etiam
723 4335 839 4406 haec
869 4337 1010 4389 inter
1039 4333 1941 4406 Christimiracularecensentur.
1972 4341 2027 4406 et
2055 4333 2319 4406 conviciis
2347 4334 2548 4402 petitus
2583 4342 2669 4390 est
2705 4334 2851 4403 quod
2892 4332 3118 4406 Sahbati
3155 4334 3243 4391 die
3276 4335 3544 4406 medelam
3566 4330 3697 4406 dad-

448 4402 707 4460 hibuerit.
750 4404 1036 4457 llominem
1078 4403 1223 4456 enim
1256 4401 1341 4470 bis
1383 4403 1590 4455 morbis
1631 4402 1963 4455 laborantem
2000 4402 2054 4453 in
2097 4401 2275 4470 Inedia
2306 4400 2602 4470 synagoga,
2634 4400 2862 4453 manum
2894 4400 3273 4470 extendereet
3304 4400 3699 4470 linguaarticu-

446 4475 587 4528 latos
621 4488 787 4529 sonos
820 4473 1059 4541 proferre
1087 4472 1273 4541 jubet.
1297 4469 1514 4523 Manum
1562 4480 1740 4523 autem
1789 4470 1999 4523 aridam
2034 4470 2170 4524 dicit
2209 4466 2372 4523 Pater
2411 4466 2912 4541 socordiamdcirca
2956 4468 3171 4541 divinas
3200 4466 3476 4541 legesfet
3511 4466 3709 4533 lingua:

445 4544 747 4670 Eipculum,
793 4537 877 4598 vel
922 4544 970 4598 si
1011 4537 1136 4611 quis
1187 4540 1281 4595 Dei
1329 4549 1598 4610 praecepta
1638 4541 1963 4609 neglexerit,
1993 4542 2076 4595 vel
2110 4541 2496 4609 si'organum,
2541 4554 2652 4609 quo
2682 4539 2805 4592 aliis
2843 4537 3105 4607 prodesse
3128 4538 3310 4601 debet,
3356 4539 3575 4606 penitus
3614 4551 3709 4588 co-

488 4630 500 4666 ι
529 4622 708 4667 ιυθιΊι.
2834 4645 2838 4649 -

516 4701 808 4755 Multorum
848 4700 1273 4770 paral'yticorum
1307 4715 1401 4768 per
1424 4690 1701 4753 Christum
1736 4706 2055 4752 sanatorum
2089 4699 2419 4752 mentionem
2447 4696 2623 4770 injicit
2663 4711 2675 4748 :
2709 4695 3066 4770 paralyticam
3101 4702 3283 4750 autem
3307 4695 3543 4770 animam
3566 4694 3700 4747 dicit

371 4784 375 4787 ‘
446 4772 530 4827 vel
568 4787 686 4827 eam
720 4765 933 4840 quaa'in
972 4765 1112 4851 bello
1128 4765 1404 4852 adversus
1433 4770 1645 4825 hostem
1675 4774 1958 4824 vulnerata
1993 4778 2096 4836 est,
2139 4770 2224 4824 vel
2263 4784 2383 4840 qua:
2411 4765 2664 4822 socordia
2702 4768 3103 4837 constringitur
3142 4773 3199 4822 et
3232 4768 3446 4831 morbo,
3482 4765 3586 4818 hoc
3619 4773 3704 4817 est

445 4850 678 4913 peccato
719 4856 981 4911 oppressa
1008 4848 1142 4911 erigi
1186 4856 1293 4893 non
1330 4848 1530 4910 potest.

516 4933 698 4990 Primo
724 4934 966 5003 quinque
1004 4935 1239 5003 panibus
1273 4948 1337 4987 ac
1365 4933 1582 4989 duobus
1619 4931 1863 5001 piscibus
1889 4931 1944 4985 in
1981 4930 2199 5003 deserto
2230 4929 2396 5003 multa
2436 4929 2605 5003 millia
2629 4927 2914 5003 hominum
2942 4927 3199 4982 Christus
3233 4924 3468 5003 nutrivit
3499 4931 3554 4980 et
3584 4922 3703 5003 ira-

443 4996 787 5076 gmentorum
816 4996 1378 5076 cophinisrduodecim
1399 4996 1835 5076 magnitudinem
1869 5000 2546 5076 miraculicomprobavit;
2584 4997 2826 5076 secundo
2849 5007 3027 5076 autem
3055 5006 3259 5076 septem
3289 4996 3521 5075 panibus
3547 4996 3703 5076 plura

445 5065 614 5129 millia
642 5076 859 5129 abunde
886 5065 1115 5128 satiavit
1143 5082 1198 5128 et
1237 5065 1525 5143 manifesta
1551 5073 1750 5126 divina:
1785 5074 2041 5143 potentia:
2068 5065 2343 5143 miracula,
2369 5069 2558 5143 edidit.
2591 5068 2821 5123 Divinus
2842 5065 3151 5143 Cregorius
3181 5066 3246 5121 ad
3274 5067 3510 5143 animam
3540 5065 3701 5143 verba

444 5143 656 5198 faciens
681 5145 768 5196 illa
798 5155 1191 5215 commemorat
1215 5152 1268 5197 et
1295 5142 1533 5215 Verbum
1569 5159 1761 5215 panem
1785 5134 2051 5212 'pluribus
2086 5142 2220 5196 locis
2260 5142 2456 5194 animae
2481 5141 2665 5195 cibum
2698 5139 2937 5210 appellat
2962 5134 3218 5208 precans,
3249 5146 3307 5191 ut
3335 5134 3476 5189 Deus
3510 5135 3704 5188 anima:

446 5215 711 5269 esurienti
743 5215 875 5267 illud
909 5214 1263 5283 suppeditare
1284 5214 1562 5283 dignetur.
1622 5246 1626 5251 ο

520 5303 669 5360 Hanc
697 5305 797 5359 sub
818 5305 975 5358 initio
1013 5305 1139 5359 libri
1174 5305 1529 5373 apposuimus
1568 5303 1876 5371 historiam.
1917 5302 1996 5356 uti
2039 5301 2298 5357 nimirum
2328 5302 2580 5356 Christus
2616 5316 2713 5370 per
2744 5316 2894 5354 mare
2923 5301 3255 5373 exagitatum
3286 5297 3354 5352 ad
3387 5297 3698 5373 discipulos

358 5426 363 5431 .
452 5377 764 5430 accesserit.
805 5375 949 5429 Mare
975 5384 1155 5429 autem
1193 5368 1375 5430 dicere
1406 5368 1621 5444 poteris
1643 5376 1767 5428 vita:
1793 5373 2058 5444 procellas
2093 5388 2214 5442 quae
2237 5375 2499 5444 miseram
2519 5368 2774 5444 animam
2824 5368 3089 5424 invadunt
3117 5368 3397 5444 nudisque
3427 5368 3696 5444 continuo

447 5458 508 5497 se
535 5446 933 5514 excipientibus
964 5446 1280 5514 demergere
1300 5438 1571 5500 conantur
1603 5462 1615 5496 :
1651 5438 1896 5499 stern’ere
1929 5438 2274 5512 porrodixit
2306 5458 2404 5512 pro
2439 5442 2651 5505 sedare,
2691 5456 2798 5495 non
2826 5449 3009 5513 potest
3039 5441 3188 5495 enim
3232 5438 3341 5493 non
3372 5438 3568 5492 adesse
3601 5453 3688 5493 se-

453 5515 656 5568 renitas
684 5526 734 5570 et
762 5517 1103 5584 tempestatis
1132 5515 1279 5579 linis.
1322 5516 1418 5570 ubi
1444 5516 1700 5570 Christus
1734 5525 2007 5570 versatur.

520 5607 824 5683 Discipulos
857 5612 1096 5679 potiores
1123 5626 1310 5683 serum
1340 5611 1549 5666 ducens
1579 5609 1759 5683 Jesus
1780 5611 1845 5683 in
1870 5609 2089 5683 excelso
2128 5615 2317 5683 monte
2357 5606 2781 5683 transfiguratus
2821 5606 3165 5683 _est,__eisque
3190 5604 3395 5683 Hosem
3427 5612 3505 5683 et_
3527 5600 3699 5683 Eliam

462 5675 724 5731 ostendit.
760 5675 919 5733 Lucis
956 5688 1134 5734 autem
1169 5682 1314 5734 illius
1348 5681 1682 5736 sustinendo:
1711 5680 2109 5748 discipulorum
2156 5681 2308 5732 visus
2348 5693 2485 5746 pene
2533 5675 2709 5749 impos
2757 5675 2861 5730 fuit
2895 5695 2908 5731 :
2942 5675 3222 5733 lllulnines
3258 5675 3441 5746 igitur,
3493 5675 3698 5741 inquit.

444 5760 681 5813 mentes,
718 5758 775 5802 ut
805 5751 932 5803 olim
964 5752 1017 5805 in
1047 5759 1231 5806 monte
1258 5752 1372 5807 sole
1404 5750 1740 5820 splendidior
1763 5749 2053 5819 discipulis
2080 5750 2404 5819 apparuisti.
