  <div class='ocr_page' id='page_1' title='image "/cluster/home/n/w/nwhite01/storage/ocr_20150623/38/nnc1.0046978500/205.png"; bbox 0 0 4182 6384; ppageno 0'>
   <div class='ocr_carea' id='block_1_1' title="bbox 504 378 611 443">
    <p class='ocr_par' dir='ltr' id='par_1_1' title="bbox 504 378 611 443">
     <span class='ocr_line' id='line_1_1' title="bbox 504 378 611 443; baseline -0.009 0"><span class='ocrx_word' id='word_1_1' title='bbox 504 378 611 443; x_wconf 75' lang='grc'><strong>363</strong></span> 
     </span>
    </p>
   </div>
   <div class='ocr_carea' id='block_1_2' title="bbox 501 585 2084 660">
    <p class='ocr_par' dir='ltr' id='par_1_2' title="bbox 501 585 2084 660">
     <span class='ocr_line' id='line_1_2' title="bbox 501 585 2084 660; baseline -0.004 -19"><span class='ocrx_word' id='word_1_2' title='bbox 501 587 878 660; x_wconf 75' lang='grc' dir='ltr'>λαμπρότερον</span> <span class='ocrx_word' id='word_1_3' title='bbox 910 587 966 640; x_wconf 84' lang='grc' dir='ltr'>δὲ</span> <span class='ocrx_word' id='word_1_4' title='bbox 996 586 1402 657; x_wconf 80' lang='grc' dir='ltr'><strong>διαλάμπουσαν</strong></span> <span class='ocrx_word' id='word_1_5' title='bbox 1430 585 1536 638; x_wconf 85' lang='grc' dir='ltr'><strong>ἀπὸ</strong></span> <span class='ocrx_word' id='word_1_6' title='bbox 1565 585 1665 656; x_wconf 82' lang='grc' dir='ltr'>τῆς</span> <span class='ocrx_word' id='word_1_7' title='bbox 1701 585 1796 637; x_wconf 90' lang='grc' dir='ltr'><strong>τοῦ</strong></span> <span class='ocrx_word' id='word_1_8' title='bbox 1834 585 2084 656; x_wconf 81' lang='grc' dir='ltr'><strong>Σωτῆρος</strong></span> 
     </span>
    </p>
   </div>
   <div class='ocr_carea' id='block_1_3' title="bbox 503 673 2083 750">
    <p class='ocr_par' dir='ltr' id='par_1_3' title="bbox 503 673 2083 750">
     <span class='ocr_line' id='line_1_3' title="bbox 503 673 2083 750; baseline -0.002 -19"><span class='ocrx_word' id='word_1_9' title='bbox 503 673 657 750; x_wconf 77' lang='grc' dir='ltr'>ήμῶν</span> <span class='ocrx_word' id='word_1_10' title='bbox 703 677 1180 748; x_wconf 83' lang='grc' dir='ltr'>ὲνανθρωπήσεως,</span> <span class='ocrx_word' id='word_1_11' title='bbox 1229 677 1294 729; x_wconf 85' lang='grc' dir='ltr'>ὲκ</span> <span class='ocrx_word' id='word_1_12' title='bbox 1342 674 1616 743; x_wconf 79' lang='grc' dir='ltr'><strong>θεολογίας</strong></span> <span class='ocrx_word' id='word_1_13' title='bbox 1667 674 1936 729; x_wconf 76' lang='grc' dir='ltr'>εἰσϐάλλει</span> <span class='ocrx_word' id='word_1_14' title='bbox 1985 675 2083 746; x_wconf 85' lang='grc' dir='ltr'>τὴν</span> 
     </span>
    </p>
   </div>
   <div class='ocr_carea' id='block_1_4' title="bbox 501 764 2083 840">
    <p class='ocr_par' dir='ltr' id='par_1_4' title="bbox 501 764 2083 840">
     <span class='ocr_line' id='line_1_4' title="bbox 501 764 2083 840; baseline -0.002 -18"><span class='ocrx_word' id='word_1_15' title='bbox 501 764 705 840; x_wconf 73' lang='grc' dir='ltr'>σεπτὴν</span> <span class='ocrx_word' id='word_1_16' title='bbox 743 768 948 840; x_wconf 86' lang='grc' dir='ltr'>Τριάδα</span> <span class='ocrx_word' id='word_1_17' title='bbox 996 768 1089 821; x_wconf 70' lang='grc' dir='ltr'><strong>καὶ</strong></span> <span class='ocrx_word' id='word_1_18' title='bbox 1124 765 1446 838; x_wconf 86' lang='grc' dir='ltr'>ἀδιαίρετον,</span> <span class='ocrx_word' id='word_1_19' title='bbox 1491 765 1713 837; x_wconf 83' lang='grc' dir='ltr'>πρώτην</span> <span class='ocrx_word' id='word_1_20' title='bbox 1761 765 2083 829; x_wconf 82' lang='grc' dir='ltr'>ἀποδεικνὺς</span> 
     </span>
    </p>
   </div>
   <div class='ocr_carea' id='block_1_5' title="bbox 499 855 2082 931">
    <p class='ocr_par' dir='ltr' id='par_1_5' title="bbox 499 855 2082 931">
     <span class='ocr_line' id='line_1_5' title="bbox 499 855 2082 931; baseline -0.003 -19"><span class='ocrx_word' id='word_1_21' title='bbox 499 855 787 930; x_wconf 78' lang='grc' dir='ltr'>παρθένον,</span> <span class='ocrx_word' id='word_1_22' title='bbox 822 858 940 930; x_wconf 79' lang='grc' dir='ltr'>μεθ’</span> <span class='ocrx_word' id='word_1_23' title='bbox 973 861 1040 931; x_wconf 80' lang='grc' dir='ltr'><strong>ήν</strong></span> <span class='ocrx_word' id='word_1_24' title='bbox 1078 858 1180 922; x_wconf 78' lang='grc' dir='ltr'><strong>τὰς</strong></span> <span class='ocrx_word' id='word_1_25' title='bbox 1215 855 1510 926; x_wconf 71' lang='grc' dir='ltr'>ἀγγελικάς</span> <span class='ocrx_word' id='word_1_26' title='bbox 1535 857 1795 926; x_wconf 85' lang='grc' dir='ltr'>δυνάμεις</span> <span class='ocrx_word' id='word_1_27' title='bbox 1823 857 1921 920; x_wconf 76' lang='grc' dir='ltr'>τὰς</span> <span class='ocrx_word' id='word_1_28' title='bbox 1951 856 2082 927; x_wconf 58' lang='grc' dir='ltr'><strong>περί⁹</strong></span> 
     </span>
    </p>
   </div>
   <div class='ocr_carea' id='block_1_6' title="bbox 497 947 2080 1023">
    <p class='ocr_par' dir='ltr' id='par_1_6' title="bbox 497 947 2080 1023">
     <span class='ocr_line' id='line_1_6' title="bbox 497 947 2080 1023; baseline -0.002 -20"><span class='ocrx_word' id='word_1_29' title='bbox 497 947 598 1021; x_wconf 82' lang='grc' dir='ltr'>τὴν</span> <span class='ocrx_word' id='word_1_30' title='bbox 640 950 864 1022; x_wconf 83' lang='grc' dir='ltr'>πρώτην</span> <span class='ocrx_word' id='word_1_31' title='bbox 913 950 1204 1023; x_wconf 77' lang='grc' dir='ltr'>ἱδρυμένας</span> <span class='ocrx_word' id='word_1_32' title='bbox 1249 951 1471 1003; x_wconf 87' lang='grc' dir='ltr'>ἀκτῖνα·</span> <span class='ocrx_word' id='word_1_33' title='bbox 1520 947 1843 1020; x_wconf 87' lang='grc' dir='ltr'>θεολογήσας</span> <span class='ocrx_word' id='word_1_34' title='bbox 1882 947 1939 1001; x_wconf 82' lang='grc' dir='ltr'>δὲ</span> <span class='ocrx_word' id='word_1_35' title='bbox 1985 948 2080 1002; x_wconf 76' lang='grc' dir='ltr'>καὶ</span> 
     </span>
    </p>
   </div>
   <div class='ocr_carea' id='block_1_7' title="bbox 496 1035 2082 1111">
    <p class='ocr_par' dir='ltr' id='par_1_7' title="bbox 496 1035 2082 1111">
     <span class='ocr_line' id='line_1_7' title="bbox 496 1035 2082 1111; baseline 0 -22"><span class='ocrx_word' id='word_1_36' title='bbox 496 1038 573 1101; x_wconf 81' lang='grc' dir='ltr'>ὡς</span> <span class='ocrx_word' id='word_1_37' title='bbox 601 1039 718 1092; x_wconf 81' lang='grc' dir='ltr'>ὲνὸν</span> <span class='ocrx_word' id='word_1_38' title='bbox 764 1040 1121 1111; x_wconf 82' lang='grc' dir='ltr'>παραστήσας</span> <span class='ocrx_word' id='word_1_39' title='bbox 1156 1037 1597 1109; x_wconf 82' lang='grc' dir='ltr'>ὲξηγηματικῶς,</span> <span class='ocrx_word' id='word_1_40' title='bbox 1624 1037 1721 1106; x_wconf 84' lang='grc' dir='ltr'><strong>τήν</strong></span> <span class='ocrx_word' id='word_1_41' title='bbox 1753 1053 1812 1090; x_wconf 92' lang='grc' dir='ltr'><strong>τε</strong></span> <span class='ocrx_word' id='word_1_42' title='bbox 1855 1035 1964 1089; x_wconf 86' lang='grc' dir='ltr'><strong>τῶν</strong></span> <span class='ocrx_word' id='word_1_43' title='bbox 1987 1037 2082 1104; x_wconf 89' lang='grc' dir='ltr'>ἀγ-</span> 
     </span>
    </p>
   </div>
   <div class='ocr_carea' id='block_1_8' title="bbox 497 1127 2079 1201">
    <p class='ocr_par' dir='ltr' id='par_1_8' title="bbox 497 1127 2079 1201">
     <span class='ocr_line' id='line_1_8' title="bbox 497 1127 2079 1201; baseline 0 -19"><span class='ocrx_word' id='word_1_44' title='bbox 497 1129 671 1198; x_wconf 87' lang='grc' dir='ltr'>γέλων</span> <span class='ocrx_word' id='word_1_45' title='bbox 710 1129 1034 1201; x_wconf 84' lang='grc' dir='ltr'><strong>παρεισάγει</strong></span> <span class='ocrx_word' id='word_1_46' title='bbox 1077 1127 1456 1200; x_wconf 85' lang='grc' dir='ltr'>δημιουργίαν,</span> <span class='ocrx_word' id='word_1_47' title='bbox 1497 1129 1589 1181; x_wconf 76' lang='grc' dir='ltr'>καὶ</span> <span class='ocrx_word' id='word_1_48' title='bbox 1630 1128 1782 1181; x_wconf 89' lang='grc' dir='ltr'>τοῦδε</span> <span class='ocrx_word' id='word_1_49' title='bbox 1819 1127 1912 1181; x_wconf 91' lang='grc' dir='ltr'><strong>τοῦ</strong></span> <span class='ocrx_word' id='word_1_50' title='bbox 1944 1147 2079 1182; x_wconf 86' lang='grc' dir='ltr'>παν-</span> 
     </span>
    </p>
   </div>
   <div class='ocr_carea' id='block_1_9' title="bbox 495 1218 2079 1292">
    <p class='ocr_par' dir='ltr' id='par_1_9' title="bbox 495 1218 2079 1292">
     <span class='ocr_line' id='line_1_9' title="bbox 495 1218 2079 1292; baseline -0.002 -18"><span class='ocrx_word' id='word_1_51' title='bbox 495 1220 617 1284; x_wconf 85' lang='grc' dir='ltr'>τός·</span> <span class='ocrx_word' id='word_1_52' title='bbox 659 1219 958 1292; x_wconf 82' lang='grc' dir='ltr'>ἀρχόμενος</span> <span class='ocrx_word' id='word_1_53' title='bbox 1001 1219 1108 1273; x_wconf 79' lang='grc' dir='ltr'><strong>ἀπὸ</strong></span> <span class='ocrx_word' id='word_1_54' title='bbox 1151 1219 1348 1289; x_wconf 86' lang='grc' dir='ltr'>φωτὸς,</span> <span class='ocrx_word' id='word_1_55' title='bbox 1388 1218 1464 1284; x_wconf 82' lang='grc' dir='ltr'>ὡς</span> <span class='ocrx_word' id='word_1_56' title='bbox 1499 1218 1714 1291; x_wconf 85' lang='grc' dir='ltr'>πρῶτον</span> <span class='ocrx_word' id='word_1_57' title='bbox 1761 1219 1970 1288; x_wconf 79' lang='grc' dir='ltr'><strong>ὑπέστη</strong></span> <span class='ocrx_word' id='word_1_58' title='bbox 2017 1218 2079 1271; x_wconf 91' lang='grc' dir='ltr'><strong>τὸ</strong></span> 
     </span>
    </p>
   </div>
   <div class='ocr_carea' id='block_1_10' title="bbox 496 1307 2077 1382">
    <p class='ocr_par' dir='ltr' id='par_1_10' title="bbox 496 1307 2077 1382">
     <span class='ocr_line' id='line_1_10' title="bbox 496 1307 2077 1382; baseline -0.003 -17"><span class='ocrx_word' id='word_1_59' title='bbox 496 1310 614 1382; x_wconf 70' lang='grc' dir='ltr'><strong>φῶς</strong></span> <span class='ocrx_word' id='word_1_60' title='bbox 634 1311 699 1365; x_wconf 81' lang='grc' dir='ltr'><strong>ἀν</strong></span> <span class='ocrx_word' id='word_1_61' title='bbox 730 1328 862 1382; x_wconf 87' lang='grc' dir='ltr'>φησι</span> <span class='ocrx_word' id='word_1_62' title='bbox 901 1310 1081 1382; x_wconf 85' lang='grc' dir='ltr'>πλήρη</span> <span class='ocrx_word' id='word_1_63' title='bbox 1111 1309 1286 1378; x_wconf 87' lang='grc' dir='ltr'>φωτὸς</span> <span class='ocrx_word' id='word_1_64' title='bbox 1313 1307 1552 1378; x_wconf 81' lang='grc' dir='ltr'>γένοιντο</span> <span class='ocrx_word' id='word_1_65' title='bbox 1578 1309 1646 1362; x_wconf 88' lang='grc' dir='ltr'><strong>τά</strong></span> <span class='ocrx_word' id='word_1_66' title='bbox 1688 1307 1825 1379; x_wconf 81' lang='grc' dir='ltr'>ἔργα</span> <span class='ocrx_word' id='word_1_67' title='bbox 1858 1309 1950 1360; x_wconf 76' lang='grc' dir='ltr'>καὶ</span> <span class='ocrx_word' id='word_1_68' title='bbox 1982 1325 2077 1378; x_wconf 88' lang='grc' dir='ltr'>χα-</span> 
     </span>
    </p>
   </div>
   <div class='ocr_carea' id='block_1_11' title="bbox 499 1399 2077 1472">
    <p class='ocr_par' dir='ltr' id='par_1_11' title="bbox 499 1399 2077 1472">
     <span class='ocr_line' id='line_1_11' title="bbox 499 1399 2077 1472; baseline -0.001 -20"><span class='ocrx_word' id='word_1_69' title='bbox 499 1401 614 1472; x_wconf 82' lang='grc' dir='ltr'>ρίῃ·</span> <span class='ocrx_word' id='word_1_70' title='bbox 649 1401 740 1454; x_wconf 82' lang='grc' dir='ltr'><strong>τόν</strong></span> <span class='ocrx_word' id='word_1_71' title='bbox 788 1417 847 1452; x_wconf 90' lang='grc' dir='ltr'><strong>τε</strong></span> <span class='ocrx_word' id='word_1_72' title='bbox 892 1401 1119 1471; x_wconf 81' lang='grc' dir='ltr'>οὐρανὸν</span> <span class='ocrx_word' id='word_1_73' title='bbox 1172 1399 1493 1472; x_wconf 83' lang='grc' dir='ltr'>παρεισάγει</span> <span class='ocrx_word' id='word_1_74' title='bbox 1539 1401 1632 1452; x_wconf 80' lang='grc' dir='ltr'>καὶ</span> <span class='ocrx_word' id='word_1_75' title='bbox 1673 1399 1770 1469; x_wconf 84' lang='grc' dir='ltr'>τὴν</span> <span class='ocrx_word' id='word_1_76' title='bbox 1801 1399 1927 1468; x_wconf 81' lang='grc' dir='ltr'>γῆν,</span> <span class='ocrx_word' id='word_1_77' title='bbox 1979 1399 2077 1469; x_wconf 78' lang='grc' dir='ltr'>τὴν</span> 
     </span>
    </p>
   </div>
   <div class='ocr_carea' id='block_1_12' title="bbox 489 1489 2076 1562">
    <p class='ocr_par' dir='ltr' id='par_1_12' title="bbox 489 1489 2076 1562">
     <span class='ocr_line' id='line_1_12' title="bbox 489 1489 2076 1562; baseline 0 -20"><span class='ocrx_word' id='word_1_78' title='bbox 489 1490 772 1544; x_wconf 77' lang='grc' dir='ltr'>θάλασσάν</span> <span class='ocrx_word' id='word_1_79' title='bbox 804 1509 864 1544; x_wconf 90' lang='grc' dir='ltr'><strong>τε</strong></span> <span class='ocrx_word' id='word_1_80' title='bbox 898 1493 992 1544; x_wconf 79' lang='grc' dir='ltr'>καὶ</span> <span class='ocrx_word' id='word_1_81' title='bbox 1019 1491 1087 1544; x_wconf 87' lang='grc' dir='ltr'><strong>τά</strong></span> <span class='ocrx_word' id='word_1_82' title='bbox 1131 1493 1188 1543; x_wconf 80' lang='grc' dir='ltr'>ἐν</span> <span class='ocrx_word' id='word_1_83' title='bbox 1228 1491 1386 1562; x_wconf 80' lang='grc' dir='ltr'>αὐτῇ,</span> <span class='ocrx_word' id='word_1_84' title='bbox 1420 1490 1591 1560; x_wconf 75' lang='grc' dir='ltr'>ἥλιον,</span> <span class='ocrx_word' id='word_1_85' title='bbox 1633 1489 1879 1560; x_wconf 83' lang='grc' dir='ltr'>σελήνην,</span> <span class='ocrx_word' id='word_1_86' title='bbox 1912 1489 2076 1542; x_wconf 84' lang='grc' dir='ltr'>ἀστέ-</span> 
     </span>
    </p>
   </div>
   <div class='ocr_carea' id='block_1_13' title="bbox 495 1577 2074 1652">
    <p class='ocr_par' dir='ltr' id='par_1_13' title="bbox 495 1577 2074 1652">
     <span class='ocr_line' id='line_1_13' title="bbox 495 1577 2074 1652; baseline -0.002 -19"><span class='ocrx_word' id='word_1_87' title='bbox 495 1597 614 1652; x_wconf 85' lang='grc' dir='ltr'>ρας,</span> <span class='ocrx_word' id='word_1_88' title='bbox 639 1582 732 1633; x_wconf 71' lang='grc' dir='ltr'>καὶ</span> <span class='ocrx_word' id='word_1_89' title='bbox 766 1578 918 1645; x_wconf 77' lang='grc' dir='ltr'>ζώων</span> <span class='ocrx_word' id='word_1_90' title='bbox 953 1579 1217 1632; x_wconf 80' lang='grc' dir='ltr'>παντοίων</span> <span class='ocrx_word' id='word_1_91' title='bbox 1244 1579 1360 1650; x_wconf 87' lang='grc' dir='ltr'>είδη</span> <span class='ocrx_word' id='word_1_92' title='bbox 1389 1578 1724 1643; x_wconf 84' lang='grc' dir='ltr'>παντοδαπά,</span> <span class='ocrx_word' id='word_1_93' title='bbox 1754 1579 1854 1650; x_wconf 87' lang='grc' dir='ltr'><strong>τήν</strong></span> <span class='ocrx_word' id='word_1_94' title='bbox 1887 1595 1946 1631; x_wconf 88' lang='grc' dir='ltr'><strong>τε</strong></span> <span class='ocrx_word' id='word_1_95' title='bbox 1979 1577 2074 1630; x_wconf 87' lang='grc' dir='ltr'><strong>τοῦ</strong></span> 
     </span>
    </p>
   </div>
   <div class='ocr_carea' id='block_1_14' title="bbox 494 1669 2076 1745">
    <p class='ocr_par' dir='ltr' id='par_1_14' title="bbox 494 1669 2076 1745">
     <span class='ocr_line' id='line_1_14' title="bbox 494 1669 2076 1745; baseline -0.002 -19"><span class='ocrx_word' id='word_1_96' title='bbox 494 1671 782 1745; x_wconf 81' lang='grc' dir='ltr'>ἀνθρώπου</span> <span class='ocrx_word' id='word_1_97' title='bbox 811 1671 1119 1732; x_wconf 82' lang='grc' dir='ltr'>διάπλασιν,</span> <span class='ocrx_word' id='word_1_98' title='bbox 1153 1671 1246 1724; x_wconf 74' lang='grc' dir='ltr'>καὶ</span> <span class='ocrx_word' id='word_1_99' title='bbox 1277 1671 1378 1742; x_wconf 82' lang='grc' dir='ltr'>τῆς</span> <span class='ocrx_word' id='word_1_100' title='bbox 1409 1672 1475 1724; x_wconf 85' lang='grc' dir='ltr'>ὲκ</span> <span class='ocrx_word' id='word_1_101' title='bbox 1509 1671 1744 1742; x_wconf 77' lang='grc' dir='ltr'>πλευρᾶς</span> <span class='ocrx_word' id='word_1_102' title='bbox 1775 1669 1941 1724; x_wconf 86' lang='grc' dir='ltr'>αὐτοῦ</span> <span class='ocrx_word' id='word_1_103' title='bbox 1974 1671 2076 1742; x_wconf 85' lang='grc' dir='ltr'>λη-</span> 
     </span>
    </p>
   </div>
   <div class='ocr_carea' id='block_1_15' title="bbox 494 1762 2075 1834">
    <p class='ocr_par' dir='ltr' id='par_1_15' title="bbox 494 1762 2075 1834">
     <span class='ocr_line' id='line_1_15' title="bbox 494 1762 2075 1834; baseline 0 -18"><span class='ocrx_word' id='word_1_104' title='bbox 494 1763 720 1833; x_wconf 82' lang='grc' dir='ltr'>φθείσης</span> <span class='ocrx_word' id='word_1_105' title='bbox 759 1764 1013 1833; x_wconf 85' lang='grc' dir='ltr'>γυναικὸς</span> <span class='ocrx_word' id='word_1_106' title='bbox 1056 1764 1156 1834; x_wconf 79' lang='grc' dir='ltr'>τὴν</span> <span class='ocrx_word' id='word_1_107' title='bbox 1199 1765 1379 1816; x_wconf 81' lang='grc' dir='ltr'>πᾶσαν</span> <span class='ocrx_word' id='word_1_108' title='bbox 1416 1762 1775 1834; x_wconf 82' lang='grc' dir='ltr'>δημιουργίαν</span> <span class='ocrx_word' id='word_1_109' title='bbox 1825 1763 2075 1834; x_wconf 84' lang='grc' dir='ltr'>συντόμῳ</span> 
     </span>
    </p>
   </div>
   <div class='ocr_carea' id='block_1_16' title="bbox 491 1855 994 1930">
    <p class='ocr_par' dir='ltr' id='par_1_16' title="bbox 491 1855 994 1930">
     <span class='ocr_line' id='line_1_16' title="bbox 491 1855 994 1930; baseline 0.002 -21"><span class='ocrx_word' id='word_1_110' title='bbox 491 1857 635 1929; x_wconf 80' lang='grc' dir='ltr'>λόγῳ</span> <span class='ocrx_word' id='word_1_111' title='bbox 666 1855 994 1930; x_wconf 82' lang='grc' dir='ltr'>περιλαϐών.</span> 
     </span>
    </p>
   </div>
   <div class='ocr_carea' id='block_1_17' title="bbox 493 1987 2074 2132">
    <p class='ocr_par' dir='ltr' id='par_1_17' title="bbox 493 1987 2074 2132">
     <span class='ocr_line' id='line_1_17' title="bbox 493 1987 2074 2132; baseline -0.001 -87"><span class='ocrx_word' id='word_1_112' title='bbox 493 1993 587 2046; x_wconf 80' lang='grc'><strong>151</strong></span> <span class='ocrx_word' id='word_1_113' title='bbox 627 1991 737 2045; x_wconf 78' lang='grc' dir='ltr'><strong>Καὶ</strong></span> <span class='ocrx_word' id='word_1_114' title='bbox 758 1990 1042 2044; x_wconf 75' lang='grc' dir='ltr'>πολλοῖσι</span> <span class='ocrx_word' id='word_1_115' title='bbox 1073 1989 1262 2059; x_wconf 81' lang='grc' dir='ltr'>,πάρος</span> <span class='ocrx_word' id='word_1_116' title='bbox 1302 1987 1660 2059; x_wconf 79' lang='grc' dir='ltr'>παιδεύμασι</span> <span class='ocrx_word' id='word_1_117' title='bbox 1683 1989 2074 2132; x_wconf 54' lang='grc' dir='ltr'><strong>πῑιὰσιὲἷνδα-</strong></span> 
     </span>
     <span class='ocr_line' id='line_1_18' title="bbox 504 2075 2030 2132; baseline 0 0"><span class='ocrx_word' id='word_1_118' title='bbox 504 2130 549 2132; x_wconf 18' lang='grc' dir='ltr'>γε</span> <span class='ocrx_word' id='word_1_119' title='bbox 569 2129 584 2132; x_wconf 68' lang='lat'><strong>-</strong></span> <span class='ocrx_word' id='word_1_120' title='bbox 743 2129 754 2132; x_wconf 94' lang='lat'><em>_</em></span> <span class='ocrx_word' id='word_1_121' title='bbox 1217 2129 1226 2132; x_wconf 89' lang='lat'><strong>_</strong></span> <span class='ocrx_word' id='word_1_122' title='bbox 1504 2129 1514 2132; x_wconf 87' lang='lat'><strong><em>_</em></strong></span> <span class='ocrx_word' id='word_1_123' title='bbox 1569 2130 1587 2132; x_wconf 54' lang='lat'><strong>,_</strong></span> <span class='ocrx_word' id='word_1_124' title='bbox 1607 2129 1620 2132; x_wconf 89' lang='lat'>_</span> <span class='ocrx_word' id='word_1_125' title='bbox 1747 2075 1876 2132; x_wconf 70' lang='grc' dir='ltr'>μασ</span> <span class='ocrx_word' id='word_1_126' title='bbox 1987 2100 2030 2132; x_wconf 74' lang='grc' dir='ltr'><strong>ν-</strong></span> 
     </span>
    </p>
   </div>
   <div class='ocr_carea' id='block_1_18' title="bbox 1747 2075 2001 2128">
    <p class='ocr_par' dir='ltr' id='par_1_18' title="bbox 1747 2075 2001 2128">
     <span class='ocr_line' id='line_1_19' title="bbox 1747 2075 2001 2128; baseline 0 -16"><span class='ocrx_word' id='word_1_127' title='bbox 1747 2075 2001 2128; x_wconf 80' lang='grc' dir='ltr'>μασσεν,</span> 
     </span>
    </p>
   </div>
   <div class='ocr_carea' id='block_1_19' title="bbox 492 2128 2075 2270">
    <p class='ocr_par' dir='ltr' id='par_1_19' title="bbox 492 2128 2075 2270">
     <span class='ocr_line' id='line_1_20' title="bbox 492 2128 2075 2270; baseline -0.001 -86"><span class='ocrx_word' id='word_1_128' title='bbox 492 2129 594 2184; x_wconf 68' lang='lat'><strong>152</strong></span> <span class='ocrx_word' id='word_1_129' title='bbox 629 2129 950 2196; x_wconf 74' lang='grc' dir='ltr'>Γλώσσαις</span> <span class='ocrx_word' id='word_1_130' title='bbox 977 2129 1393 2200; x_wconf 77' lang='grc' dir='ltr'>τεμνομένῃσι,</span> <span class='ocrx_word' id='word_1_131' title='bbox 1421 2129 1518 2184; x_wconf 78' lang='grc' dir='ltr'><strong>καί</strong></span> <span class='ocrx_word' id='word_1_132' title='bbox 1554 2128 1858 2270; x_wconf 54' lang='grc' dir='ltr'>ὒδασῖὄκιὲ</span> <span class='ocrx_word' id='word_1_133' title='bbox 1885 2128 2075 2198; x_wconf 77' lang='grc' dir='ltr'>πυρὸς</span> 
     </span>
     <span class='ocr_line' id='line_1_21' title="bbox 1769 2217 1997 2269; baseline 0.004 -17"><span class='ocrx_word' id='word_1_134' title='bbox 1769 2218 1813 2269; x_wconf 78' lang='grc' dir='ltr'><strong>μ</strong></span> <span class='ocrx_word' id='word_1_135' title='bbox 1845 2217 1997 2267; x_wconf 83' lang='grc' dir='ltr'>ροις.</span> 
     </span>
    </p>
   </div>
   <div class='ocr_carea' id='block_1_20' title="bbox 1769 2217 1997 2269">
    <p class='ocr_par' dir='ltr' id='par_1_20' title="bbox 1769 2217 1997 2269">
     <span class='ocr_line' id='line_1_22' title="bbox 1769 2217 1997 2269; baseline 0.004 -17"><span class='ocrx_word' id='word_1_136' title='bbox 1769 2217 1997 2269; x_wconf 56' lang='grc' dir='ltr'>ᾳιοροις.</span> 
     </span>
    </p>
   </div>
   <div class='ocr_carea' id='block_1_21' title="bbox 559 2337 2070 2411">
    <p class='ocr_par' dir='ltr' id='par_1_21' title="bbox 559 2337 2070 2411">
     <span class='ocr_line' id='line_1_23' title="bbox 559 2337 2070 2411; baseline 0.002 -21"><span class='ocrx_word' id='word_1_137' title='bbox 559 2337 848 2408; x_wconf 79' lang='grc' dir='ltr'>Μέμνηται</span> <span class='ocrx_word' id='word_1_138' title='bbox 870 2337 965 2391; x_wconf 89' lang='grc' dir='ltr'><strong>τοῦ</strong></span> <span class='ocrx_word' id='word_1_139' title='bbox 993 2338 1378 2409; x_wconf 84' lang='grc' dir='ltr'>κατακλυσμοῦ</span> <span class='ocrx_word' id='word_1_140' title='bbox 1423 2340 1518 2392; x_wconf 77' lang='grc' dir='ltr'>καὶ</span> <span class='ocrx_word' id='word_1_141' title='bbox 1557 2340 1658 2410; x_wconf 78' lang='grc' dir='ltr'>τῆς</span> <span class='ocrx_word' id='word_1_142' title='bbox 1684 2339 2070 2411; x_wconf 87' lang='grc' dir='ltr'>πυργοποιίας,</span> 
     </span>
    </p>
   </div>
   <div class='ocr_carea' id='block_1_22' title="bbox 489 2427 2074 2503">
    <p class='ocr_par' dir='ltr' id='par_1_22' title="bbox 489 2427 2074 2503">
     <span class='ocr_line' id='line_1_24' title="bbox 489 2427 2074 2503; baseline 0.004 -24"><span class='ocrx_word' id='word_1_143' title='bbox 489 2428 583 2480; x_wconf 73' lang='grc' dir='ltr'>καὶ</span> <span class='ocrx_word' id='word_1_144' title='bbox 615 2427 724 2483; x_wconf 90' lang='grc' dir='ltr'><strong>τῶν</strong></span> <span class='ocrx_word' id='word_1_145' title='bbox 754 2427 1077 2498; x_wconf 85' lang='grc' dir='ltr'>Σοδομιτῶν.</span> <span class='ocrx_word' id='word_1_146' title='bbox 1121 2428 1228 2481; x_wconf 88' lang='grc' dir='ltr'>Τοῦ</span> <span class='ocrx_word' id='word_1_147' title='bbox 1266 2429 1374 2500; x_wconf 87' lang='grc' dir='ltr'><strong>γάρ</strong></span> <span class='ocrx_word' id='word_1_148' title='bbox 1399 2430 1588 2498; x_wconf 80' lang='grc' dir='ltr'>γένους</span> <span class='ocrx_word' id='word_1_149' title='bbox 1629 2430 1736 2483; x_wconf 87' lang='grc' dir='ltr'><strong>τῶν</strong></span> <span class='ocrx_word' id='word_1_150' title='bbox 1773 2429 2074 2503; x_wconf 86' lang='grc' dir='ltr'>ἀνθρώπων</span> 
     </span>
    </p>
   </div>
   <div class='ocr_carea' id='block_1_23' title="bbox 487 2519 2075 2593">
    <p class='ocr_par' dir='ltr' id='par_1_23' title="bbox 487 2519 2075 2593">
     <span class='ocr_line' id='line_1_25' title="bbox 487 2519 2075 2593; baseline 0.001 -21"><span class='ocrx_word' id='word_1_151' title='bbox 487 2523 568 2583; x_wconf 80' lang='grc' dir='ltr'>εἰς</span> <span class='ocrx_word' id='word_1_152' title='bbox 595 2519 797 2592; x_wconf 82' lang='grc' dir='ltr'>πλῆθος</span> <span class='ocrx_word' id='word_1_153' title='bbox 823 2519 1165 2591; x_wconf 84' lang='grc' dir='ltr'>ὲληλακὸτος,</span> <span class='ocrx_word' id='word_1_154' title='bbox 1205 2523 1299 2575; x_wconf 84' lang='grc' dir='ltr'>καὶ</span> <span class='ocrx_word' id='word_1_155' title='bbox 1341 2521 1556 2574; x_wconf 88' lang='grc' dir='ltr'>πάντων</span> <span class='ocrx_word' id='word_1_156' title='bbox 1597 2521 1671 2584; x_wconf 87' lang='grc' dir='ltr'>ὠς</span> <span class='ocrx_word' id='word_1_157' title='bbox 1706 2523 1878 2574; x_wconf 77' lang='grc' dir='ltr'>εἰπεῖν</span> <span class='ocrx_word' id='word_1_158' title='bbox 1900 2521 2075 2593; x_wconf 84' lang='grc' dir='ltr'>ἀπηλ-</span> 
     </span>
    </p>
   </div>
   <div class='ocr_carea' id='block_1_24' title="bbox 484 2611 2071 2683">
    <p class='ocr_par' dir='ltr' id='par_1_24' title="bbox 484 2611 2071 2683">
     <span class='ocr_line' id='line_1_26' title="bbox 484 2611 2071 2683; baseline 0.001 -18"><span class='ocrx_word' id='word_1_159' title='bbox 484 2612 770 2682; x_wconf 84' lang='grc' dir='ltr'>γηκὸτων,</span> <span class='ocrx_word' id='word_1_160' title='bbox 822 2612 1053 2665; x_wconf 79' lang='grc' dir='ltr'>ἑκάστου</span> <span class='ocrx_word' id='word_1_161' title='bbox 1097 2628 1159 2664; x_wconf 89' lang='grc' dir='ltr'><strong>τε</strong></span> <span class='ocrx_word' id='word_1_162' title='bbox 1197 2613 1407 2683; x_wconf 90' lang='grc' dir='ltr'>πονηρά</span> <span class='ocrx_word' id='word_1_163' title='bbox 1444 2611 1564 2666; x_wconf 87' lang='grc' dir='ltr'>καθ’</span> <span class='ocrx_word' id='word_1_164' title='bbox 1595 2612 1783 2666; x_wconf 77' lang='grc' dir='ltr'>ἑαυτὸν</span> <span class='ocrx_word' id='word_1_165' title='bbox 1808 2613 2071 2683; x_wconf 87' lang='grc' dir='ltr'>διαπρατ-</span> 
     </span>
    </p>
   </div>
   <div class='ocr_carea' id='block_1_25' title="bbox 485 2703 2070 2778">
    <p class='ocr_par' dir='ltr' id='par_1_25' title="bbox 485 2703 2070 2778">
     <span class='ocr_line' id='line_1_27' title="bbox 485 2703 2070 2778; baseline 0.001 -21"><span class='ocrx_word' id='word_1_166' title='bbox 485 2703 734 2775; x_wconf 83' lang='grc' dir='ltr'>τομένου,</span> <span class='ocrx_word' id='word_1_167' title='bbox 766 2705 1042 2778; x_wconf 80' lang='grc' dir='ltr'>πορνείαις</span> <span class='ocrx_word' id='word_1_168' title='bbox 1063 2722 1122 2757; x_wconf 91' lang='grc' dir='ltr'><strong>τε</strong></span> <span class='ocrx_word' id='word_1_169' title='bbox 1150 2703 1290 2776; x_wconf 76' lang='grc' dir='ltr'>[καὶ]</span> <span class='ocrx_word' id='word_1_170' title='bbox 1320 2705 1583 2775; x_wconf 82' lang='grc' dir='ltr'>μοιχείαις</span> <span class='ocrx_word' id='word_1_171' title='bbox 1624 2704 1718 2758; x_wconf 75' lang='grc' dir='ltr'>καὶ</span> <span class='ocrx_word' id='word_1_172' title='bbox 1743 2703 2070 2772; x_wconf 83' lang='grc' dir='ltr'>ἀσελγείαις,</span> 
     </span>
    </p>
   </div>
   <div class='ocr_carea' id='block_1_26' title="bbox 479 2795 2071 2869">
    <p class='ocr_par' dir='ltr' id='par_1_26' title="bbox 479 2795 2071 2869">
     <span class='ocr_line' id='line_1_28' title="bbox 479 2795 2071 2869; baseline -0.001 -19"><span class='ocrx_word' id='word_1_173' title='bbox 479 2798 763 2868; x_wconf 80' lang='grc' dir='ltr'>γοητείαις</span> <span class='ocrx_word' id='word_1_174' title='bbox 794 2814 852 2850; x_wconf 92' lang='grc' dir='ltr'><strong>τε</strong></span> <span class='ocrx_word' id='word_1_175' title='bbox 884 2799 978 2851; x_wconf 74' lang='grc' dir='ltr'>καὶ</span> <span class='ocrx_word' id='word_1_176' title='bbox 1005 2797 1440 2869; x_wconf 79' lang='grc' dir='ltr'>εἰδωλολατρίαις</span> <span class='ocrx_word' id='word_1_177' title='bbox 1481 2795 1587 2848; x_wconf 91' lang='grc' dir='ltr'><strong>τῶν</strong></span> <span class='ocrx_word' id='word_1_178' title='bbox 1625 2795 1844 2848; x_wconf 87' lang='grc' dir='ltr'>πάντων</span> <span class='ocrx_word' id='word_1_179' title='bbox 1886 2795 2071 2849; x_wconf 87' lang='grc' dir='ltr'>διακε-</span> 
     </span>
    </p>
   </div>
   <div class='ocr_carea' id='block_1_27' title="bbox 484 2887 2071 2961">
    <p class='ocr_par' dir='ltr' id='par_1_27' title="bbox 484 2887 2071 2961">
     <span class='ocr_line' id='line_1_29' title="bbox 484 2887 2071 2961; baseline -0.003 -17"><span class='ocrx_word' id='word_1_180' title='bbox 484 2889 758 2961; x_wconf 79' lang='grc' dir='ltr'>χυμένων,</span> <span class='ocrx_word' id='word_1_181' title='bbox 799 2889 925 2942; x_wconf 90' lang='grc' dir='ltr'>Νῶέ</span> <span class='ocrx_word' id='word_1_182' title='bbox 971 2907 1078 2943; x_wconf 89' lang='grc' dir='ltr'>τινι</span> <span class='ocrx_word' id='word_1_183' title='bbox 1121 2889 1314 2960; x_wconf 85' lang='grc' dir='ltr'>δικαίῳ</span> <span class='ocrx_word' id='word_1_184' title='bbox 1364 2888 1505 2942; x_wconf 88' lang='grc' dir='ltr'><strong>κατά</strong></span> <span class='ocrx_word' id='word_1_185' title='bbox 1550 2887 1648 2959; x_wconf 82' lang='grc' dir='ltr'><strong>τὴν</strong></span> <span class='ocrx_word' id='word_1_186' title='bbox 1688 2887 1880 2957; x_wconf 85' lang='grc' dir='ltr'>γενεὰν</span> <span class='ocrx_word' id='word_1_187' title='bbox 1927 2887 2071 2940; x_wconf 83' lang='grc' dir='ltr'>ἐκεί-</span> 
     </span>
    </p>
   </div>
   <div class='ocr_carea' id='block_1_28' title="bbox 480 2978 2072 3052">
    <p class='ocr_par' dir='ltr' id='par_1_28' title="bbox 480 2978 2072 3052">
     <span class='ocr_line' id='line_1_30' title="bbox 480 2978 2072 3052; baseline -0.004 -17"><span class='ocrx_word' id='word_1_188' title='bbox 480 2995 582 3052; x_wconf 82' lang='grc' dir='ltr'><strong>νην</strong></span> <span class='ocrx_word' id='word_1_189' title='bbox 628 2981 960 3052; x_wconf 83' lang='grc' dir='ltr'>προστάσσει</span> <span class='ocrx_word' id='word_1_190' title='bbox 1011 2981 1241 3034; x_wconf 89' lang='grc' dir='ltr'>κιϐωτὸν</span> <span class='ocrx_word' id='word_1_191' title='bbox 1277 2983 1306 3034; x_wconf 80' lang='grc' dir='ltr'>ὁ</span> <span class='ocrx_word' id='word_1_192' title='bbox 1355 2979 1488 3044; x_wconf 82' lang='grc' dir='ltr'>Θεὸς</span> <span class='ocrx_word' id='word_1_193' title='bbox 1529 2979 1934 3033; x_wconf 87' lang='grc' dir='ltr'>κατασκευάσαι</span> <span class='ocrx_word' id='word_1_194' title='bbox 1982 2978 2072 3044; x_wconf 83' lang='grc' dir='ltr'><strong>ξυ-</strong></span> 
     </span>
    </p>
   </div>
   <div class='ocr_carea' id='block_1_29' title="bbox 481 3068 2069 3145">
    <p class='ocr_par' dir='ltr' id='par_1_29' title="bbox 481 3068 2069 3145">
     <span class='ocr_line' id='line_1_31' title="bbox 481 3068 2069 3145; baseline -0.003 -19"><span class='ocrx_word' id='word_1_195' title='bbox 481 3070 665 3145; x_wconf 88' lang='grc' dir='ltr'>λίνην·</span> <span class='ocrx_word' id='word_1_196' title='bbox 706 3074 765 3127; x_wconf 73' lang='grc' dir='ltr'>ἓν</span> <span class='ocrx_word' id='word_1_197' title='bbox 899 3073 1159 3145; x_wconf 76' lang='grc' dir='ltr'>πανοικίᾳ</span> <span class='ocrx_word' id='word_1_198' title='bbox 1200 3072 1491 3142; x_wconf 88' lang='grc' dir='ltr'>γενόμενον</span> <span class='ocrx_word' id='word_1_199' title='bbox 1555 3069 1649 3124; x_wconf 87' lang='grc' dir='ltr'><strong>τοῦ</strong></span> <span class='ocrx_word' id='word_1_200' title='bbox 1705 3070 2069 3142; x_wconf 80' lang='grc' dir='ltr'>γενησομένου</span> 
     </span>
    </p>
   </div>
   <div class='ocr_carea' id='block_1_30' title="bbox 483 3161 2070 3234">
    <p class='ocr_par' dir='ltr' id='par_1_30' title="bbox 483 3161 2070 3234">
     <span class='ocr_line' id='line_1_32' title="bbox 483 3161 2070 3234; baseline -0.002 -17"><span class='ocrx_word' id='word_1_201' title='bbox 483 3163 872 3234; x_wconf 80' lang='grc' dir='ltr'>κατακλυσμοῦ</span> <span class='ocrx_word' id='word_1_202' title='bbox 903 3163 1368 3233; x_wconf 83' lang='grc' dir='ltr'>φυλαχθήσεσθαι.</span> <span class='ocrx_word' id='word_1_203' title='bbox 1416 3163 1539 3216; x_wconf 85' lang='grc' dir='ltr'>Νῶε</span> <span class='ocrx_word' id='word_1_204' title='bbox 1579 3162 1758 3216; x_wconf 87' lang='grc' dir='ltr'>τοίνυν</span> <span class='ocrx_word' id='word_1_205' title='bbox 1792 3163 1850 3214; x_wconf 79' lang='grc' dir='ltr'>ὲν</span> <span class='ocrx_word' id='word_1_206' title='bbox 1895 3161 2070 3214; x_wconf 77' lang='grc' dir='ltr'>ἔτεσιν</span> 
     </span>
    </p>
   </div>
   <div class='ocr_carea' id='block_1_31' title="bbox 485 3253 2069 3327">
    <p class='ocr_par' dir='ltr' id='par_1_31' title="bbox 485 3253 2069 3327">
     <span class='ocr_line' id='line_1_33' title="bbox 485 3253 2069 3327; baseline -0.002 -18"><span class='ocrx_word' id='word_1_207' title='bbox 485 3255 634 3319; x_wconf 88' lang='grc' dir='ltr'>ὀλοις</span> <span class='ocrx_word' id='word_1_208' title='bbox 688 3256 883 3309; x_wconf 82' lang='grc' dir='ltr'>ἑκατὸν</span> <span class='ocrx_word' id='word_1_209' title='bbox 936 3257 1035 3326; x_wconf 83' lang='grc' dir='ltr'>τὴν</span> <span class='ocrx_word' id='word_1_210' title='bbox 1075 3255 1306 3309; x_wconf 87' lang='grc' dir='ltr'>κιϐωτὸν</span> <span class='ocrx_word' id='word_1_211' title='bbox 1346 3254 1675 3327; x_wconf 88' lang='grc' dir='ltr'>ἀπαρτίσας,</span> <span class='ocrx_word' id='word_1_212' title='bbox 1726 3253 1981 3307; x_wconf 83' lang='grc' dir='ltr'>εἰσελθών</span> <span class='ocrx_word' id='word_1_213' title='bbox 2007 3271 2069 3307; x_wconf 91' lang='grc' dir='ltr'><strong>τε</strong></span> 
     </span>
    </p>
   </div>
   <div class='ocr_carea' id='block_1_32' title="bbox 484 3345 2070 3420">
    <p class='ocr_par' dir='ltr' id='par_1_32' title="bbox 484 3345 2070 3420">
     <span class='ocr_line' id='line_1_34' title="bbox 484 3345 2070 3420; baseline -0.003 -19"><span class='ocrx_word' id='word_1_214' title='bbox 484 3349 764 3420; x_wconf 84' lang='grc' dir='ltr'>πανοικίᾳ,</span> <span class='ocrx_word' id='word_1_215' title='bbox 797 3349 890 3403; x_wconf 77' lang='grc' dir='ltr'><strong>καὶ</strong></span> <span class='ocrx_word' id='word_1_216' title='bbox 917 3350 1026 3401; x_wconf 82' lang='grc' dir='ltr'><strong>τῶν</strong></span> <span class='ocrx_word' id='word_1_217' title='bbox 1066 3347 1270 3420; x_wconf 86' lang='grc' dir='ltr'>Θηρίων</span> <span class='ocrx_word' id='word_1_218' title='bbox 1298 3347 1392 3400; x_wconf 75' lang='grc' dir='ltr'><strong>καὶ</strong></span> <span class='ocrx_word' id='word_1_219' title='bbox 1434 3345 1608 3412; x_wconf 80' lang='grc' dir='ltr'>ζώων,</span> <span class='ocrx_word' id='word_1_220' title='bbox 1638 3345 1854 3416; x_wconf 85' lang='grc' dir='ltr'>πτηνῶν</span> <span class='ocrx_word' id='word_1_221' title='bbox 1889 3361 1948 3397; x_wconf 82' lang='grc' dir='ltr'><strong>τε</strong></span> <span class='ocrx_word' id='word_1_222' title='bbox 1975 3345 2070 3398; x_wconf 75' lang='grc' dir='ltr'>καὶ</span> 
     </span>
    </p>
   </div>
   <div class='ocr_carea' id='block_1_33' title="bbox 481 3435 2064 3510">
    <p class='ocr_par' dir='ltr' id='par_1_33' title="bbox 481 3435 2064 3510">
     <span class='ocr_line' id='line_1_35' title="bbox 481 3435 2064 3510; baseline -0.003 -18"><span class='ocrx_word' id='word_1_223' title='bbox 481 3439 729 3510; x_wconf 73' lang='grc' dir='ltr'>ἑρπετῶν</span> <span class='ocrx_word' id='word_1_224' title='bbox 768 3441 876 3494; x_wconf 80' lang='grc' dir='ltr'>πᾶν</span> <span class='ocrx_word' id='word_1_225' title='bbox 916 3440 1071 3509; x_wconf 87' lang='grc' dir='ltr'>γένος</span> <span class='ocrx_word' id='word_1_226' title='bbox 1117 3437 1259 3492; x_wconf 84' lang='grc' dir='ltr'><strong>κατά</strong></span> <span class='ocrx_word' id='word_1_227' title='bbox 1296 3436 1556 3505; x_wconf 76' lang='grc' dir='ltr'>συζυγίαν</span> <span class='ocrx_word' id='word_1_228' title='bbox 1610 3435 1790 3506; x_wconf 78' lang='grc' dir='ltr'>ἑαυτῷ</span> <span class='ocrx_word' id='word_1_229' title='bbox 1829 3452 2064 3489; x_wconf 87' lang='grc' dir='ltr'>συναπο-</span> 
     </span>
    </p>
   </div>
   <div class='ocr_carea' id='block_1_34' title="bbox 480 3524 2063 3598">
    <p class='ocr_par' dir='ltr' id='par_1_34' title="bbox 480 3524 2063 3598">
     <span class='ocr_line' id='line_1_36' title="bbox 480 3524 2063 3598; baseline -0.004 -15"><span class='ocrx_word' id='word_1_230' title='bbox 480 3529 737 3595; x_wconf 87' lang='grc' dir='ltr'>κλείσας,</span> <span class='ocrx_word' id='word_1_231' title='bbox 795 3530 857 3584; x_wconf 90' lang='grc' dir='ltr'><strong>τὸ</strong></span> <span class='ocrx_word' id='word_1_232' title='bbox 914 3527 1258 3598; x_wconf 79' lang='grc' dir='ltr'>παγκὸσμιον</span> <span class='ocrx_word' id='word_1_233' title='bbox 1311 3527 1486 3578; x_wconf 80' lang='grc' dir='ltr'>έκεῖνο</span> <span class='ocrx_word' id='word_1_234' title='bbox 1526 3524 1890 3597; x_wconf 82' lang='grc' dir='ltr'>διαδιδράσκει</span> <span class='ocrx_word' id='word_1_235' title='bbox 1937 3541 2063 3577; x_wconf 92' lang='grc' dir='ltr'>ναυ-</span> 
     </span>
    </p>
   </div>
   <div class='ocr_carea' id='block_1_35' title="bbox 1622 380 3764 442">
    <p class='ocr_par' dir='ltr' id='par_1_35' title="bbox 1622 380 3764 442">
     <span class='ocr_line' id='line_1_37' title="bbox 1622 380 3764 442; baseline 0.002 -4"><span class='ocrx_word' id='word_1_236' title='bbox 1622 380 1897 438; x_wconf 72' lang='lat' dir='ltr'><strong>COSMAS</strong></span> <span class='ocrx_word' id='word_1_237' title='bbox 1934 380 2640 442; x_wconf 78' lang='lat' dir='ltr'><strong>HIEROSOLYMITANUS</strong></span> <span class='ocrx_word' id='word_1_238' title='bbox 3654 385 3764 442; x_wconf 59' lang='lat' dir='ltr'><strong>36L</strong></span> 
     </span>
    </p>
   </div>
   <div class='ocr_carea' id='block_1_36' title="bbox 503 490 3758 571">
    <p class='ocr_par' dir='ltr' id='par_1_36' title="bbox 503 490 3758 571">
     <span class='ocr_line' id='line_1_38' title="bbox 503 490 3758 571; baseline 0 -19"><span class='ocrx_word' id='word_1_239' title='bbox 503 495 674 561; x_wconf 77' lang='grc' dir='ltr'>δεῖξαί</span> <span class='ocrx_word' id='word_1_240' title='bbox 716 512 776 549; x_wconf 78' lang='grc' dir='ltr'><strong>τε</strong></span> <span class='ocrx_word' id='word_1_241' title='bbox 807 494 1069 567; x_wconf 81' lang='grc' dir='ltr'>ἀμυδρῶς</span> <span class='ocrx_word' id='word_1_242' title='bbox 1119 493 1179 548; x_wconf 68' lang='grc' dir='ltr'><strong>ὸν</strong></span> <span class='ocrx_word' id='word_1_243' title='bbox 1221 495 1332 558; x_wconf 86' lang='grc' dir='ltr'>τοῖς</span> <span class='ocrx_word' id='word_1_244' title='bbox 1385 492 1672 565; x_wconf 83' lang='grc' dir='ltr'>προτέροις</span> <span class='ocrx_word' id='word_1_245' title='bbox 1725 490 2084 565; x_wconf 84' lang='grc' dir='ltr'>φαινομένην,</span> <span class='ocrx_word' id='word_1_246' title='bbox 2185 495 2564 565; x_wconf 77' lang='grc' dir='ltr'>ἅγιον-τούτου</span> <span class='ocrx_word' id='word_1_247' title='bbox 2586 495 3135 571; x_wconf 82' lang='grc' dir='ltr'>γάργενομένου,τὴν</span> <span class='ocrx_word' id='word_1_248' title='bbox 3153 498 3254 570; x_wconf 86' lang='grc' dir='ltr'><strong>γῆν</strong></span> <span class='ocrx_word' id='word_1_249' title='bbox 3276 497 3758 570; x_wconf 78' lang='grc' dir='ltr'>σύμπασανδθεὸς</span> 
     </span>
    </p>
   </div>
   <div class='ocr_carea' id='block_1_37' title="bbox 3654 385 3770 443">
    <p class='ocr_par' dir='ltr' id='par_1_37' title="bbox 3654 385 3770 443">
     <span class='ocr_line' id='line_1_39' title="bbox 3654 385 3770 443; baseline 0 -1"><span class='ocrx_word' id='word_1_250' title='bbox 3654 385 3770 443; x_wconf 62' lang='grc' dir='ltr'><strong>τοι</strong></span> 
     </span>
    </p>
   </div>
   <div class='ocr_carea' id='block_1_38' title="bbox 2183 588 3762 662">
    <p class='ocr_par' dir='ltr' id='par_1_38' title="bbox 2183 588 3762 662">
     <span class='ocr_line' id='line_1_40' title="bbox 2183 588 3762 662; baseline 0.003 -22"><span class='ocrx_word' id='word_1_251' title='bbox 2183 588 2408 660; x_wconf 75' lang='grc' dir='ltr'>ὄμϐροις</span> <span class='ocrx_word' id='word_1_252' title='bbox 2433 591 2680 662; x_wconf 81' lang='grc' dir='ltr'>ἀπείροις</span> <span class='ocrx_word' id='word_1_253' title='bbox 2713 590 3034 654; x_wconf 83' lang='grc' dir='ltr'>κατέκλυσε,</span> <span class='ocrx_word' id='word_1_254' title='bbox 3065 591 3193 654; x_wconf 80' lang='grc' dir='ltr'>τοὺς</span> <span class='ocrx_word' id='word_1_255' title='bbox 3223 590 3504 660; x_wconf 80' lang='grc' dir='ltr'>οὐρανίους</span> <span class='ocrx_word' id='word_1_256' title='bbox 3541 590 3762 644; x_wconf 74' lang='grc' dir='ltr'>ἐπανοίο</span> 
     </span>
    </p>
   </div>
   <div class='ocr_carea' id='block_1_39' title="bbox 2183 675 3758 751">
    <p class='ocr_par' dir='ltr' id='par_1_39' title="bbox 2183 675 3758 751">
     <span class='ocr_line' id='line_1_41' title="bbox 2183 675 3758 751; baseline 0.004 -23"><span class='ocrx_word' id='word_1_257' title='bbox 2183 675 2280 742; x_wconf 84' lang='grc' dir='ltr'>ξας</span> <span class='ocrx_word' id='word_1_258' title='bbox 2324 680 2710 751; x_wconf 77' lang='grc' dir='ltr'>καταρράκτας</span> <span class='ocrx_word' id='word_1_259' title='bbox 2731 720 2746 744; x_wconf 92' lang='grc'><strong>,</strong></span> <span class='ocrx_word' id='word_1_260' title='bbox 2793 680 2888 734; x_wconf 74' lang='grc' dir='ltr'>καὶ</span> <span class='ocrx_word' id='word_1_261' title='bbox 2935 679 3037 749; x_wconf 85' lang='grc' dir='ltr'>τῆς</span> <span class='ocrx_word' id='word_1_262' title='bbox 3094 681 3198 750; x_wconf 83' lang='grc' dir='ltr'>γῆς</span> <span class='ocrx_word' id='word_1_263' title='bbox 3253 679 3600 735; x_wconf 82' lang='grc' dir='ltr'>ὑποκάτωθεν</span> <span class='ocrx_word' id='word_1_264' title='bbox 3657 681 3758 745; x_wconf 75' lang='grc' dir='ltr'>τὰς</span> 
     </span>
    </p>
   </div>
   <div class='ocr_carea' id='block_1_40' title="bbox 2181 765 3759 841">
    <p class='ocr_par' dir='ltr' id='par_1_40' title="bbox 2181 765 3759 841">
     <span class='ocr_line' id='line_1_42' title="bbox 2181 765 3759 841; baseline 0.001 -21"><span class='ocrx_word' id='word_1_265' title='bbox 2181 765 2451 831; x_wconf 85' lang='grc' dir='ltr'>ἀϐύσσους</span> <span class='ocrx_word' id='word_1_266' title='bbox 2482 768 2808 840; x_wconf 76' lang='grc' dir='ltr'>διαρρήξας·</span> <span class='ocrx_word' id='word_1_267' title='bbox 2840 768 2960 822; x_wconf 83' lang='grc' dir='ltr'>τότε</span> <span class='ocrx_word' id='word_1_268' title='bbox 2994 769 3061 840; x_wconf 79' lang='grc' dir='ltr'>δὴ</span> <span class='ocrx_word' id='word_1_269' title='bbox 3089 769 3197 822; x_wconf 91' lang='grc' dir='ltr'><strong>τῶν</strong></span> <span class='ocrx_word' id='word_1_270' title='bbox 3222 769 3391 838; x_wconf 82' lang='grc' dir='ltr'>ὀρέων</span> <span class='ocrx_word' id='word_1_271' title='bbox 3421 767 3759 841; x_wconf 74' lang='grc' dir='ltr'>ῥπερχυθέν-</span> 
     </span>
    </p>
   </div>
   <div class='ocr_carea' id='block_1_41' title="bbox 2179 858 3760 932">
    <p class='ocr_par' dir='ltr' id='par_1_41' title="bbox 2179 858 3760 932">
     <span class='ocr_line' id='line_1_43' title="bbox 2179 858 3760 932; baseline 0.002 -21"><span class='ocrx_word' id='word_1_272' title='bbox 2179 875 2272 922; x_wconf 87' lang='grc' dir='ltr'><strong>τος</strong></span> <span class='ocrx_word' id='word_1_273' title='bbox 2289 858 2384 912; x_wconf 90' lang='grc' dir='ltr'><strong>τοῦ</strong></span> <span class='ocrx_word' id='word_1_274' title='bbox 2406 859 2599 924; x_wconf 76' lang='grc' dir='ltr'>ὓδατος</span> <span class='ocrx_word' id='word_1_275' title='bbox 2616 861 2708 913; x_wconf 71' lang='grc' dir='ltr'>ἐπὶ</span> <span class='ocrx_word' id='word_1_276' title='bbox 2727 862 2924 932; x_wconf 81' lang='grc' dir='ltr'>πήχεις</span> <span class='ocrx_word' id='word_1_277' title='bbox 2948 861 3359 922; x_wconf 88' lang='grc' dir='ltr'>πεντεκαίδεκα,</span> <span class='ocrx_word' id='word_1_278' title='bbox 3379 861 3560 914; x_wconf 84' lang='grc' dir='ltr'>πᾶσαν</span> <span class='ocrx_word' id='word_1_279' title='bbox 3580 861 3760 932; x_wconf 84' lang='grc' dir='ltr'>σάρκα</span> 
     </span>
    </p>
   </div>
   <div class='ocr_carea' id='block_1_42' title="bbox 2180 951 3759 1026">
    <p class='ocr_par' dir='ltr' id='par_1_42' title="bbox 2180 951 3759 1026">
     <span class='ocr_line' id='line_1_44' title="bbox 2180 951 3759 1026; baseline 0.001 -21"><span class='ocrx_word' id='word_1_280' title='bbox 2180 952 2276 1006; x_wconf 75' lang='grc' dir='ltr'>καὶ</span> <span class='ocrx_word' id='word_1_281' title='bbox 2302 954 2410 1006; x_wconf 82' lang='grc' dir='ltr'>πᾶν</span> <span class='ocrx_word' id='word_1_282' title='bbox 2448 953 2539 1006; x_wconf 77' lang='grc' dir='ltr'><strong>ἐπὶ</strong></span> <span class='ocrx_word' id='word_1_283' title='bbox 2565 951 2859 1024; x_wconf 82' lang='grc' dir='ltr'>προσώπου</span> <span class='ocrx_word' id='word_1_284' title='bbox 2908 953 3006 1023; x_wconf 85' lang='grc' dir='ltr'>τῆς</span> <span class='ocrx_word' id='word_1_285' title='bbox 3037 953 3140 1023; x_wconf 84' lang='grc' dir='ltr'>γῆς</span> <span class='ocrx_word' id='word_1_286' title='bbox 3165 953 3456 1024; x_wconf 81' lang='grc' dir='ltr'>ἀνάστημα</span> <span class='ocrx_word' id='word_1_287' title='bbox 3483 954 3654 1026; x_wconf 80' lang='grc' dir='ltr'>ἄρδην</span> <span class='ocrx_word' id='word_1_288' title='bbox 3679 957 3759 1008; x_wconf 78' lang='lat' dir='ltr'><strong>el-</strong></span> 
     </span>
    </p>
   </div>
   <div class='ocr_carea' id='block_1_43' title="bbox 2180 1043 3759 1117">
    <p class='ocr_par' dir='ltr' id='par_1_43' title="bbox 2180 1043 3759 1117">
     <span class='ocr_line' id='line_1_45' title="bbox 2180 1043 3759 1117; baseline 0.001 -21"><span class='ocrx_word' id='word_1_289' title='bbox 2180 1043 2274 1106; x_wconf 83' lang='grc' dir='ltr'><strong>κὸς</strong></span> <span class='ocrx_word' id='word_1_290' title='bbox 2297 1043 2626 1098; x_wconf 87' lang='grc' dir='ltr'>ἀπολέσθαι·</span> <span class='ocrx_word' id='word_1_291' title='bbox 2661 1044 2786 1097; x_wconf 84' lang='grc' dir='ltr'>Νῶε</span> <span class='ocrx_word' id='word_1_292' title='bbox 2839 1044 2898 1098; x_wconf 80' lang='grc' dir='ltr'>δὲ</span> <span class='ocrx_word' id='word_1_293' title='bbox 2942 1043 3296 1109; x_wconf 88' lang='grc' dir='ltr'>διασωθέντος</span> <span class='ocrx_word' id='word_1_294' title='bbox 3332 1045 3474 1117; x_wconf 78' lang='grc' dir='ltr'>μετὰ</span> <span class='ocrx_word' id='word_1_295' title='bbox 3522 1047 3616 1101; x_wconf 75' lang='grc' dir='ltr'>καὶ</span> <span class='ocrx_word' id='word_1_296' title='bbox 3647 1046 3759 1099; x_wconf 89' lang='grc' dir='ltr'><strong>τῶν</strong></span> 
     </span>
    </p>
   </div>
   <div class='ocr_carea' id='block_1_44' title="bbox 2181 1132 3758 1207">
    <p class='ocr_par' dir='ltr' id='par_1_44' title="bbox 2181 1132 3758 1207">
     <span class='ocr_line' id='line_1_46' title="bbox 2181 1132 3758 1207; baseline 0.002 -23"><span class='ocrx_word' id='word_1_297' title='bbox 2181 1134 2277 1187; x_wconf 74' lang='grc' dir='ltr'>σὺν</span> <span class='ocrx_word' id='word_1_298' title='bbox 2305 1132 2457 1203; x_wconf 85' lang='grc' dir='ltr'>αὑτῷ</span> <span class='ocrx_word' id='word_1_299' title='bbox 2481 1136 2548 1204; x_wconf 79' lang='grc' dir='ltr'>τῇ</span> <span class='ocrx_word' id='word_1_300' title='bbox 2583 1133 2725 1205; x_wconf 81' lang='grc' dir='ltr'>θήκῃ</span> <span class='ocrx_word' id='word_1_301' title='bbox 2765 1133 3260 1203; x_wconf 86' lang='grc' dir='ltr'>ὲγκατακλείστων,</span> <span class='ocrx_word' id='word_1_302' title='bbox 3299 1135 3473 1207; x_wconf 77' lang='grc' dir='ltr'>ἀρχὴν</span> <span class='ocrx_word' id='word_1_303' title='bbox 3506 1135 3758 1190; x_wconf 77' lang='grc' dir='ltr'>ἐντεῦθεν</span> 
     </span>
    </p>
   </div>
   <div class='ocr_carea' id='block_1_45' title="bbox 2176 1222 3762 1300">
    <p class='ocr_par' dir='ltr' id='par_1_45' title="bbox 2176 1222 3762 1300">
     <span class='ocr_line' id='line_1_47' title="bbox 2176 1222 3762 1300; baseline 0.004 -24"><span class='ocrx_word' id='word_1_304' title='bbox 2176 1223 2294 1277; x_wconf 84' lang='grc' dir='ltr'>τόδε</span> <span class='ocrx_word' id='word_1_305' title='bbox 2331 1224 2394 1277; x_wconf 87' lang='grc' dir='ltr'><strong>τὸ</strong></span> <span class='ocrx_word' id='word_1_306' title='bbox 2425 1225 2533 1278; x_wconf 76' lang='grc' dir='ltr'>πᾶν</span> <span class='ocrx_word' id='word_1_307' title='bbox 2568 1226 2663 1279; x_wconf 79' lang='grc' dir='ltr'>καὶ</span> <span class='ocrx_word' id='word_1_308' title='bbox 2693 1222 2850 1289; x_wconf 78' lang='grc' dir='ltr'>αὖθις</span> <span class='ocrx_word' id='word_1_309' title='bbox 2887 1225 3195 1296; x_wconf 82' lang='grc' dir='ltr'>κομίζεται,</span> <span class='ocrx_word' id='word_1_310' title='bbox 3221 1227 3316 1280; x_wconf 88' lang='grc' dir='ltr'><strong>τοῦ</strong></span> <span class='ocrx_word' id='word_1_311' title='bbox 3347 1226 3483 1281; x_wconf 87' lang='grc' dir='ltr'>Θεοῦ</span> <span class='ocrx_word' id='word_1_312' title='bbox 3516 1244 3762 1300; x_wconf 78' lang='grc' dir='ltr'>μεταμε-</span> 
     </span>
    </p>
   </div>
   <div class='ocr_carea' id='block_1_46' title="bbox 2177 1317 3757 1390">
    <p class='ocr_par' dir='ltr' id='par_1_46' title="bbox 2177 1317 3757 1390">
     <span class='ocr_line' id='line_1_48' title="bbox 2177 1317 3757 1390; baseline 0.003 -20"><span class='ocrx_word' id='word_1_313' title='bbox 2177 1317 2460 1388; x_wconf 75' lang='grc' dir='ltr'>ληθέντος,</span> <span class='ocrx_word' id='word_1_314' title='bbox 2510 1317 3039 1389; x_wconf 86' lang='grc' dir='ltr'>διαϐεϐαιωσαμένου</span> <span class='ocrx_word' id='word_1_315' title='bbox 3085 1335 3145 1372; x_wconf 89' lang='grc' dir='ltr'><strong>τε</strong></span> <span class='ocrx_word' id='word_1_316' title='bbox 3189 1321 3266 1390; x_wconf 80' lang='grc' dir='ltr'>μὴ</span> <span class='ocrx_word' id='word_1_317' title='bbox 3307 1319 3417 1372; x_wconf 83' lang='grc' dir='ltr'>δεῖν</span> <span class='ocrx_word' id='word_1_318' title='bbox 3468 1318 3547 1372; x_wconf 83' lang='grc' dir='ltr'>ἔτι</span> <span class='ocrx_word' id='word_1_319' title='bbox 3590 1336 3757 1374; x_wconf 82' lang='grc' dir='ltr'>κατα-</span> 
     </span>
    </p>
   </div>
   <div class='ocr_carea' id='block_1_47' title="bbox 2177 1409 3759 1480">
    <p class='ocr_par' dir='ltr' id='par_1_47' title="bbox 2177 1409 3759 1480">
     <span class='ocr_line' id='line_1_49' title="bbox 2177 1409 3759 1480; baseline 0.001 -18"><span class='ocrx_word' id='word_1_320' title='bbox 2177 1409 2420 1480; x_wconf 78' lang='grc' dir='ltr'>κλυσμὸν</span> <span class='ocrx_word' id='word_1_321' title='bbox 2446 1413 2768 1478; x_wconf 77' lang='grc' dir='ltr'>ἐπαγαγεῖν,</span> <span class='ocrx_word' id='word_1_322' title='bbox 2805 1410 2908 1464; x_wconf 81' lang='grc' dir='ltr'>κᾶν</span> <span class='ocrx_word' id='word_1_323' title='bbox 2940 1411 3022 1463; x_wconf 88' lang='grc' dir='ltr'><strong>δτι</strong></span> <span class='ocrx_word' id='word_1_324' title='bbox 3051 1409 3301 1464; x_wconf 85' lang='grc' dir='ltr'>πλεῖστον</span> <span class='ocrx_word' id='word_1_325' title='bbox 3335 1411 3418 1474; x_wconf 85' lang='grc' dir='ltr'><strong>είς</strong></span> <span class='ocrx_word' id='word_1_326' title='bbox 3446 1410 3607 1464; x_wconf 86' lang='grc' dir='ltr'>αὑτὸν</span> <span class='ocrx_word' id='word_1_327' title='bbox 3635 1413 3759 1464; x_wconf 83' lang='grc' dir='ltr'>ἀσε-</span> 
     </span>
    </p>
   </div>
   <div class='ocr_carea' id='block_1_48' title="bbox 2177 1496 3753 1569">
    <p class='ocr_par' dir='ltr' id='par_1_48' title="bbox 2177 1496 3753 1569">
     <span class='ocr_line' id='line_1_50' title="bbox 2177 1496 3753 1569; baseline 0.001 -20"><span class='ocrx_word' id='word_1_328' title='bbox 2177 1497 2401 1569; x_wconf 87' lang='grc' dir='ltr'>ϐήσαιεν</span> <span class='ocrx_word' id='word_1_329' title='bbox 2430 1498 2479 1550; x_wconf 75' lang='lat' dir='ltr'><strong>ot</strong></span> <span class='ocrx_word' id='word_1_330' title='bbox 2509 1497 2834 1569; x_wconf 51' lang='lat' dir='ltr'><strong>ivOpwmtﬂ</strong></span> <span class='ocrx_word' id='word_1_331' title='bbox 2867 1497 2960 1550; x_wconf 88' lang='grc' dir='ltr'><strong>τὸν</strong></span> <span class='ocrx_word' id='word_1_332' title='bbox 3016 1496 3108 1549; x_wconf 71' lang='grc' dir='ltr'><strong>ἐπὶ</strong></span> <span class='ocrx_word' id='word_1_333' title='bbox 3168 1497 3302 1550; x_wconf 85' lang='grc' dir='ltr'>Θεοῦ</span> <span class='ocrx_word' id='word_1_334' title='bbox 3347 1497 3648 1568; x_wconf 88' lang='grc' dir='ltr'>μετάμελον</span> <span class='ocrx_word' id='word_1_335' title='bbox 3689 1499 3753 1551; x_wconf 80' lang='grc' dir='ltr'>οὐ</span> 
     </span>
    </p>
   </div>
   <div class='ocr_carea' id='block_1_49' title="bbox 2175 1588 3756 1661">
    <p class='ocr_par' dir='ltr' id='par_1_49' title="bbox 2175 1588 3756 1661">
     <span class='ocr_line' id='line_1_51' title="bbox 2175 1588 3756 1661; baseline 0.003 -21"><span class='ocrx_word' id='word_1_336' title='bbox 2175 1588 2382 1660; x_wconf 84' lang='grc' dir='ltr'>τροπὴν</span> <span class='ocrx_word' id='word_1_337' title='bbox 2422 1588 2651 1653; x_wconf 83' lang='grc' dir='ltr'>οἴεσθαι,</span> <span class='ocrx_word' id='word_1_338' title='bbox 2684 1588 2798 1642; x_wconf 82' lang='grc' dir='ltr'>ἀλλ’</span> <span class='ocrx_word' id='word_1_339' title='bbox 2841 1588 3174 1658; x_wconf 86' lang='grc' dir='ltr'>ἀγαθότητος</span> <span class='ocrx_word' id='word_1_340' title='bbox 3215 1589 3451 1659; x_wconf 75' lang='grc' dir='ltr'>ἔμφασιν</span> <span class='ocrx_word' id='word_1_341' title='bbox 3471 1605 3484 1617; x_wconf 76' lang='grc'><strong><em>⁸</em></strong></span> <span class='ocrx_word' id='word_1_342' title='bbox 3541 1589 3602 1642; x_wconf 87' lang='grc' dir='ltr'><strong>τὸ</strong></span> <span class='ocrx_word' id='word_1_343' title='bbox 3645 1589 3756 1661; x_wconf 81' lang='grc' dir='ltr'><strong>γὰρ</strong></span> 
     </span>
    </p>
   </div>
   <div class='ocr_carea' id='block_1_50' title="bbox 2175 1679 3748 1752">
    <p class='ocr_par' dir='ltr' id='par_1_50' title="bbox 2175 1679 3748 1752">
     <span class='ocr_line' id='line_1_52' title="bbox 2175 1679 3748 1752; baseline -0.002 -18"><span class='ocrx_word' id='word_1_344' title='bbox 2175 1680 2538 1752; x_wconf 81' lang='grc' dir='ltr'>ἡπειλημένον</span> <span class='ocrx_word' id='word_1_345' title='bbox 2570 1679 2767 1751; x_wconf 78' lang='grc' dir='ltr'>μᾶλλον</span> <span class='ocrx_word' id='word_1_346' title='bbox 2796 1679 3040 1749; x_wconf 78' lang='grc' dir='ltr'>ἐκφοϐεῖ,</span> <span class='ocrx_word' id='word_1_347' title='bbox 3069 1679 3132 1733; x_wconf 89' lang='grc' dir='ltr'><strong>τὸ</strong></span> <span class='ocrx_word' id='word_1_348' title='bbox 3160 1679 3206 1732; x_wconf 77' lang='grc' dir='ltr'>δ’</span> <span class='ocrx_word' id='word_1_349' title='bbox 3239 1680 3438 1751; x_wconf 83' lang='grc' dir='ltr'>ἀνοχὴν</span> <span class='ocrx_word' id='word_1_350' title='bbox 3467 1681 3748 1751; x_wconf 84' lang='grc' dir='ltr'>ὑπισχνεῖ-</span> 
     </span>
    </p>
   </div>
   <div class='ocr_carea' id='block_1_51' title="bbox 2178 1771 3751 1844">
    <p class='ocr_par' dir='ltr' id='par_1_51' title="bbox 2178 1771 3751 1844">
     <span class='ocr_line' id='line_1_53' title="bbox 2178 1771 3751 1844; baseline -0.001 -18"><span class='ocrx_word' id='word_1_351' title='bbox 2178 1773 2300 1828; x_wconf 87' lang='grc' dir='ltr'>σθαι</span> <span class='ocrx_word' id='word_1_352' title='bbox 2323 1773 2416 1828; x_wconf 67' lang='lat' dir='ltr'><strong>ut</strong></span> <span class='ocrx_word' id='word_1_353' title='bbox 2436 1773 2689 1827; x_wconf 87' lang='grc' dir='ltr'>πταίουσι</span> <span class='ocrx_word' id='word_1_354' title='bbox 2713 1772 2814 1844; x_wconf 81' lang='grc' dir='ltr'>τῆς</span> <span class='ocrx_word' id='word_1_355' title='bbox 2834 1772 3098 1826; x_wconf 86' lang='grc' dir='ltr'>ἀνωτάτω</span> <span class='ocrx_word' id='word_1_356' title='bbox 3120 1771 3311 1842; x_wconf 86' lang='grc' dir='ltr'>φιλανθ</span> <span class='ocrx_word' id='word_1_357' title='bbox 3321 1772 3530 1844; x_wconf 89' lang='grc' dir='ltr'>ρωπίας</span> <span class='ocrx_word' id='word_1_358' title='bbox 3549 1773 3751 1844; x_wconf 85' lang='grc' dir='ltr'>τεκμή-</span> 
     </span>
    </p>
   </div>
   <div class='ocr_carea' id='block_1_52' title="bbox 2180 1862 3754 1936">
    <p class='ocr_par' dir='ltr' id='par_1_52' title="bbox 2180 1862 3754 1936">
     <span class='ocr_line' id='line_1_54' title="bbox 2180 1862 3754 1936; baseline 0 -18"><span class='ocrx_word' id='word_1_359' title='bbox 2180 1882 2323 1936; x_wconf 87' lang='grc' dir='ltr'>ριον·</span> <span class='ocrx_word' id='word_1_360' title='bbox 2363 1864 2556 1918; x_wconf 78' lang='grc' dir='ltr'>ἄλλοτε</span> <span class='ocrx_word' id='word_1_361' title='bbox 2586 1864 2647 1917; x_wconf 79' lang='grc' dir='ltr'>δὲ</span> <span class='ocrx_word' id='word_1_362' title='bbox 2672 1864 2833 1917; x_wconf 88' lang='grc' dir='ltr'>πάλιν</span> <span class='ocrx_word' id='word_1_363' title='bbox 2865 1862 2959 1915; x_wconf 92' lang='grc' dir='ltr'><strong>τοῦ</strong></span> <span class='ocrx_word' id='word_1_364' title='bbox 2991 1864 3180 1931; x_wconf 88' lang='grc' dir='ltr'>γένους</span> <span class='ocrx_word' id='word_1_365' title='bbox 3202 1863 3311 1917; x_wconf 90' lang='grc' dir='ltr'><strong>τῶν</strong></span> <span class='ocrx_word' id='word_1_366' title='bbox 3332 1863 3632 1936; x_wconf 86' lang='grc' dir='ltr'>ἀνθρώπων</span> <span class='ocrx_word' id='word_1_367' title='bbox 3659 1865 3754 1918; x_wconf 66' lang='grc' dir='ltr'><strong>ἐπὶ</strong></span> 
     </span>
    </p>
   </div>
   <div class='ocr_carea' id='block_1_53' title="bbox 2174 1954 3752 2026">
    <p class='ocr_par' dir='ltr' id='par_1_53' title="bbox 2174 1954 3752 2026">
     <span class='ocr_line' id='line_1_55' title="bbox 2174 1954 3752 2026; baseline 0 -18"><span class='ocrx_word' id='word_1_368' title='bbox 2174 1957 2273 2026; x_wconf 82' lang='grc' dir='ltr'>τῆς</span> <span class='ocrx_word' id='word_1_369' title='bbox 2310 1955 2414 2026; x_wconf 85' lang='grc' dir='ltr'>γῆς</span> <span class='ocrx_word' id='word_1_370' title='bbox 2471 1955 2882 2026; x_wconf 85' lang='grc' dir='ltr'>πληθυνθέντος.</span> <span class='ocrx_word' id='word_1_371' title='bbox 2927 1955 3024 2010; x_wconf 80' lang='grc' dir='ltr'>καὶ</span> <span class='ocrx_word' id='word_1_372' title='bbox 3059 1954 3280 2018; x_wconf 89' lang='grc' dir='ltr'>πολλαῖς</span> <span class='ocrx_word' id='word_1_373' title='bbox 3325 1957 3443 2018; x_wconf 89' lang='grc' dir='ltr'>ταῖς</span> <span class='ocrx_word' id='word_1_374' title='bbox 3501 1957 3582 2018; x_wconf 81' lang='grc' dir='ltr'><strong>εἰς</strong></span> <span class='ocrx_word' id='word_1_375' title='bbox 3619 1954 3752 2008; x_wconf 86' lang='grc' dir='ltr'>Θεὸν</span> 
     </span>
    </p>
   </div>
   <div class='ocr_carea' id='block_1_54' title="bbox 2175 2045 3750 2118">
    <p class='ocr_par' dir='ltr' id='par_1_54' title="bbox 2175 2045 3750 2118">
     <span class='ocr_line' id='line_1_56' title="bbox 2175 2045 3750 2118; baseline 0.001 -19"><span class='ocrx_word' id='word_1_376' title='bbox 2175 2046 2395 2118; x_wconf 78' lang='grc' dir='ltr'>ὕϐρεσιν</span> <span class='ocrx_word' id='word_1_377' title='bbox 2414 2047 2895 2117; x_wconf 79' lang='grc' dir='ltr'>ὲνασχολουμένου,</span> <span class='ocrx_word' id='word_1_378' title='bbox 2937 2048 3065 2117; x_wconf 83' lang='grc' dir='ltr'>μιᾶς</span> <span class='ocrx_word' id='word_1_379' title='bbox 3101 2046 3267 2118; x_wconf 84' lang='grc' dir='ltr'>οῦσης</span> <span class='ocrx_word' id='word_1_380' title='bbox 3305 2045 3607 2116; x_wconf 86' lang='grc' dir='ltr'>τηνικαῦτα</span> <span class='ocrx_word' id='word_1_381' title='bbox 3635 2064 3750 2116; x_wconf 87' lang='grc' dir='ltr'>φω-</span> 
     </span>
    </p>
   </div>
   <div class='ocr_carea' id='block_1_55' title="bbox 2173 2136 3750 2211">
    <p class='ocr_par' dir='ltr' id='par_1_55' title="bbox 2173 2136 3750 2211">
     <span class='ocr_line' id='line_1_57' title="bbox 2173 2136 3750 2211; baseline -0.004 -16"><span class='ocrx_word' id='word_1_382' title='bbox 2173 2140 2270 2211; x_wconf 84' lang='grc' dir='ltr'>νῆς</span> <span class='ocrx_word' id='word_1_383' title='bbox 2321 2139 2444 2194; x_wconf 80' lang='grc' dir='ltr'>καθ’</span> <span class='ocrx_word' id='word_1_384' title='bbox 2495 2140 2620 2193; x_wconf 84' lang='grc' dir='ltr'>δλου</span> <span class='ocrx_word' id='word_1_385' title='bbox 2667 2136 2762 2192; x_wconf 92' lang='grc' dir='ltr'><strong>τοῦ</strong></span> <span class='ocrx_word' id='word_1_386' title='bbox 2792 2139 3003 2208; x_wconf 85' lang='grc' dir='ltr'>γένους,</span> <span class='ocrx_word' id='word_1_387' title='bbox 3053 2138 3441 2208; x_wconf 85' lang='grc' dir='ltr'>ματαιοπονίας</span> <span class='ocrx_word' id='word_1_388' title='bbox 3486 2138 3750 2209; x_wconf 70' lang='grc' dir='ltr'>ἐργασίαν</span> 
     </span>
    </p>
   </div>
   <div class='ocr_carea' id='block_1_56' title="bbox 2173 2227 3750 2303">
    <p class='ocr_par' dir='ltr' id='par_1_56' title="bbox 2173 2227 3750 2303">
     <span class='ocr_line' id='line_1_58' title="bbox 2173 2227 3750 2303; baseline -0.001 -20"><span class='ocrx_word' id='word_1_389' title='bbox 2173 2227 2327 2294; x_wconf 81' lang='grc' dir='ltr'>αὖθις</span> <span class='ocrx_word' id='word_1_390' title='bbox 2377 2229 2652 2302; x_wconf 79' lang='grc' dir='ltr'>ἄνθρωποι</span> <span class='ocrx_word' id='word_1_391' title='bbox 2697 2229 3147 2303; x_wconf 83' lang='grc' dir='ltr'>περιποιοῦνται,</span> <span class='ocrx_word' id='word_1_392' title='bbox 3202 2229 3264 2283; x_wconf 85' lang='grc' dir='ltr'><strong>τὸ</strong></span> <span class='ocrx_word' id='word_1_393' title='bbox 3313 2232 3580 2301; x_wconf 78' lang='grc' dir='ltr'>μηχαναῖς</span> <span class='ocrx_word' id='word_1_394' title='bbox 3639 2247 3750 2282; x_wconf 87' lang='grc' dir='ltr'>τισι</span> 
     </span>
    </p>
   </div>
   <div class='ocr_carea' id='block_1_57' title="bbox 2174 2318 3751 2396">
    <p class='ocr_par' dir='ltr' id='par_1_57' title="bbox 2174 2318 3751 2396">
     <span class='ocr_line' id='line_1_59' title="bbox 2174 2318 3751 2396; baseline -0.001 -19"><span class='ocrx_word' id='word_1_395' title='bbox 2174 2325 2314 2395; x_wconf 88' lang='grc' dir='ltr'>πρὸς</span> <span class='ocrx_word' id='word_1_396' title='bbox 2361 2323 2588 2396; x_wconf 83' lang='grc' dir='ltr'>οὐρανὸν</span> <span class='ocrx_word' id='word_1_397' title='bbox 2633 2323 2964 2395; x_wconf 64' lang='grc' dir='ltr'>ἀωρμῆσαι.</span> <span class='ocrx_word' id='word_1_398' title='bbox 3011 2321 3240 2376; x_wconf 85' lang='grc' dir='ltr'>Πλίνθον</span> <span class='ocrx_word' id='word_1_399' title='bbox 3287 2318 3378 2375; x_wconf 82' lang='grc' dir='ltr'><strong>οῦν</strong></span> <span class='ocrx_word' id='word_1_400' title='bbox 3430 2322 3524 2376; x_wconf 78' lang='grc' dir='ltr'>καὶ</span> <span class='ocrx_word' id='word_1_401' title='bbox 3578 2321 3751 2392; x_wconf 89' lang='grc' dir='ltr'>πηλὸν</span> 
     </span>
    </p>
   </div>
   <div class='ocr_carea' id='block_1_58' title="bbox 2173 2411 3744 2485">
    <p class='ocr_par' dir='ltr' id='par_1_58' title="bbox 2173 2411 3744 2485">
     <span class='ocr_line' id='line_1_60' title="bbox 2173 2411 3744 2485; baseline -0.002 -17"><span class='ocrx_word' id='word_1_402' title='bbox 2173 2415 2702 2480; x_wconf 85' lang='grc' dir='ltr'>κατασκευάσαντες,</span> <span class='ocrx_word' id='word_1_403' title='bbox 2742 2415 2954 2485; x_wconf 82' lang='grc' dir='ltr'>πύργον</span> <span class='ocrx_word' id='word_1_404' title='bbox 3005 2413 3308 2484; x_wconf 82' lang='grc' dir='ltr'>οἰκοδομεῖν</span> <span class='ocrx_word' id='word_1_405' title='bbox 3347 2411 3744 2484; x_wconf 76' lang='grc' dir='ltr'>ἐπιχειροῦσιν·</span> 
     </span>
    </p>
   </div>
   <div class='ocr_carea' id='block_1_59' title="bbox 2173 2501 3747 2574">
    <p class='ocr_par' dir='ltr' id='par_1_59' title="bbox 2173 2501 3747 2574">
     <span class='ocr_line' id='line_1_61' title="bbox 2173 2501 3747 2574; baseline -0.002 -17"><span class='ocrx_word' id='word_1_406' title='bbox 2173 2503 2290 2557; x_wconf 78' lang='grc' dir='ltr'>ἀλλ’</span> <span class='ocrx_word' id='word_1_407' title='bbox 2313 2505 2403 2557; x_wconf 84' lang='grc' dir='ltr'>ὅτε</span> <span class='ocrx_word' id='word_1_408' title='bbox 2444 2502 2580 2574; x_wconf 87' lang='grc' dir='ltr'>πρὸς</span> <span class='ocrx_word' id='word_1_409' title='bbox 2628 2501 2760 2572; x_wconf 80' lang='grc' dir='ltr'>ὕψος</span> <span class='ocrx_word' id='word_1_410' title='bbox 2805 2503 2978 2556; x_wconf 82' lang='grc' dir='ltr'>ἐδόκει</span> <span class='ocrx_word' id='word_1_411' title='bbox 3050 2501 3290 2573; x_wconf 81' lang='grc' dir='ltr'>καθορᾷν</span> <span class='ocrx_word' id='word_1_412' title='bbox 3327 2501 3389 2554; x_wconf 85' lang='grc' dir='ltr'><strong>τὸ</strong></span> <span class='ocrx_word' id='word_1_413' title='bbox 3427 2503 3747 2573; x_wconf 82' lang='grc' dir='ltr'>μηχάνημα,</span> 
     </span>
    </p>
   </div>
   <div class='ocr_carea' id='block_1_60' title="bbox 2171 2591 3752 2664">
    <p class='ocr_par' dir='ltr' id='par_1_60' title="bbox 2171 2591 3752 2664">
     <span class='ocr_line' id='line_1_62' title="bbox 2171 2591 3752 2664; baseline 0 -20"><span class='ocrx_word' id='word_1_414' title='bbox 2171 2592 2295 2646; x_wconf 86' lang='grc' dir='ltr'>τότε</span> <span class='ocrx_word' id='word_1_415' title='bbox 2323 2593 2387 2664; x_wconf 84' lang='grc' dir='ltr'>δὴ</span> <span class='ocrx_word' id='word_1_416' title='bbox 2412 2592 2520 2646; x_wconf 89' lang='grc' dir='ltr'><strong>τῶν</strong></span> <span class='ocrx_word' id='word_1_417' title='bbox 2549 2592 2811 2661; x_wconf 87' lang='grc' dir='ltr'>γλωσσῶν</span> <span class='ocrx_word' id='word_1_418' title='bbox 2859 2592 3122 2664; x_wconf 89' lang='grc' dir='ltr'>διαίρεσίς</span> <span class='ocrx_word' id='word_1_419' title='bbox 3148 2608 3233 2656; x_wconf 91' lang='grc' dir='ltr'><strong>τις</strong></span> <span class='ocrx_word' id='word_1_420' title='bbox 3263 2591 3474 2663; x_wconf 84' lang='grc' dir='ltr'>ἀθρόως</span> <span class='ocrx_word' id='word_1_421' title='bbox 3503 2594 3616 2655; x_wconf 90' lang='grc' dir='ltr'>τοῖς</span> <span class='ocrx_word' id='word_1_422' title='bbox 3645 2609 3752 2663; x_wconf 62' lang='grc' dir='ltr'>μαρ</span> 
     </span>
    </p>
   </div>
   <div class='ocr_carea' id='block_1_61' title="bbox 2174 2683 3746 2756">
    <p class='ocr_par' dir='ltr' id='par_1_61' title="bbox 2174 2683 3746 2756">
     <span class='ocr_line' id='line_1_63' title="bbox 2174 2683 3746 2756; baseline -0.001 -18"><span class='ocrx_word' id='word_1_423' title='bbox 2174 2685 2478 2747; x_wconf 86' lang='grc' dir='ltr'>ταιοπόνοις</span> <span class='ocrx_word' id='word_1_424' title='bbox 2535 2685 2923 2756; x_wconf 87' lang='grc' dir='ltr'>προσγίνεται·</span> <span class='ocrx_word' id='word_1_425' title='bbox 2976 2683 3316 2755; x_wconf 84' lang='grc' dir='ltr'>διαχυθέντες</span> <span class='ocrx_word' id='word_1_426' title='bbox 3367 2683 3427 2737; x_wconf 83' lang='grc' dir='ltr'>δὲ</span> <span class='ocrx_word' id='word_1_427' title='bbox 3477 2683 3573 2736; x_wconf 77' lang='grc' dir='ltr'>καὶ</span> <span class='ocrx_word' id='word_1_428' title='bbox 3611 2683 3746 2754; x_wconf 87' lang='grc' dir='ltr'>πρὸς</span> 
     </span>
    </p>
   </div>
   <div class='ocr_carea' id='block_1_62' title="bbox 2173 2775 3748 2848">
    <p class='ocr_par' dir='ltr' id='par_1_62' title="bbox 2173 2775 3748 2848">
     <span class='ocr_line' id='line_1_64' title="bbox 2173 2775 3748 2848; baseline -0.003 -17"><span class='ocrx_word' id='word_1_429' title='bbox 2173 2776 2330 2831; x_wconf 84' lang='grc' dir='ltr'>ἀλλον</span> <span class='ocrx_word' id='word_1_430' title='bbox 2363 2777 2526 2840; x_wconf 82' lang='grc' dir='ltr'>ἄλλος</span> <span class='ocrx_word' id='word_1_431' title='bbox 2552 2776 2801 2846; x_wconf 86' lang='grc' dir='ltr'>ὁμονοεῖν</span> <span class='ocrx_word' id='word_1_432' title='bbox 2832 2777 2893 2830; x_wconf 83' lang='grc' dir='ltr'>οὐ</span> <span class='ocrx_word' id='word_1_433' title='bbox 2921 2777 3230 2848; x_wconf 87' lang='grc' dir='ltr'>δυνάμενοι,</span> <span class='ocrx_word' id='word_1_434' title='bbox 3254 2775 3350 2846; x_wconf 82' lang='grc' dir='ltr'>τῆς</span> <span class='ocrx_word' id='word_1_435' title='bbox 3385 2776 3608 2838; x_wconf 85' lang='grc' dir='ltr'>είκαίως</span> <span class='ocrx_word' id='word_1_436' title='bbox 3647 2776 3748 2828; x_wconf 85' lang='grc' dir='ltr'><strong>αὑ-</strong></span> 
     </span>
    </p>
   </div>
   <div class='ocr_carea' id='block_1_63' title="bbox 2171 2861 3745 2942">
    <p class='ocr_par' dir='ltr' id='par_1_63' title="bbox 2171 2861 3745 2942">
     <span class='ocr_line' id='line_1_65' title="bbox 2171 2861 3745 2942; baseline -0.001 -20"><span class='ocrx_word' id='word_1_437' title='bbox 2171 2872 2284 2932; x_wconf 84' lang='grc' dir='ltr'>τοῖς</span> <span class='ocrx_word' id='word_1_438' title='bbox 2321 2868 2693 2940; x_wconf 76' lang='grc' dir='ltr'>ἐργαζομένης</span> <span class='ocrx_word' id='word_1_439' title='bbox 2729 2868 2992 2942; x_wconf 76' lang='grc' dir='ltr'>ἐργασίας</span> <span class='ocrx_word' id='word_1_440' title='bbox 3047 2868 3233 2932; x_wconf 87' lang='grc' dir='ltr'>στάσιν</span> <span class='ocrx_word' id='word_1_441' title='bbox 3283 2867 3568 2939; x_wconf 78' lang='grc' dir='ltr'>εἰλήφασιν</span> <span class='ocrx_word' id='word_1_442' title='bbox 3605 2861 3745 2922; x_wconf 79' lang='grc' dir='ltr'>ὧδε’</span> 
     </span>
    </p>
   </div>
   <div class='ocr_carea' id='block_1_64' title="bbox 2176 2958 3743 3032">
    <p class='ocr_par' dir='ltr' id='par_1_64' title="bbox 2176 2958 3743 3032">
     <span class='ocr_line' id='line_1_66' title="bbox 2176 2958 3743 3032; baseline -0.001 -17"><span class='ocrx_word' id='word_1_443' title='bbox 2176 2961 2336 3032; x_wconf 86' lang='grc' dir='ltr'>μόνος</span> <span class='ocrx_word' id='word_1_444' title='bbox 2371 2962 2430 3014; x_wconf 89' lang='grc' dir='ltr'><strong>δέ</strong></span> <span class='ocrx_word' id='word_1_445' title='bbox 2454 2979 2538 3025; x_wconf 91' lang='grc' dir='ltr'><strong>τις</strong></span> <span class='ocrx_word' id='word_1_446' title='bbox 2567 2961 2736 3032; x_wconf 84' lang='grc' dir='ltr'>Ἔϐερ</span> <span class='ocrx_word' id='word_1_447' title='bbox 2767 2959 3024 3031; x_wconf 68' lang='grc' dir='ltr'>τοῦνομα,</span> <span class='ocrx_word' id='word_1_448' title='bbox 3059 2963 3126 3031; x_wconf 75' lang='grc' dir='ltr'>τῇ</span> <span class='ocrx_word' id='word_1_449' title='bbox 3157 2959 3361 3012; x_wconf 79' lang='grc' dir='ltr'>τούτων</span> <span class='ocrx_word' id='word_1_450' title='bbox 3388 2958 3603 3028; x_wconf 84' lang='grc' dir='ltr'>λέγεται</span> <span class='ocrx_word' id='word_1_451' title='bbox 3636 2977 3743 3031; x_wconf 79' lang='grc' dir='ltr'>μα·</span> 
     </span>
    </p>
   </div>
   <div class='ocr_carea' id='block_1_65' title="bbox 2167 3049 3735 3125">
    <p class='ocr_par' dir='ltr' id='par_1_65' title="bbox 2167 3049 3735 3125">
     <span class='ocr_line' id='line_1_67' title="bbox 2167 3049 3735 3125; baseline -0.001 -18"><span class='ocrx_word' id='word_1_452' title='bbox 2167 3053 2295 3125; x_wconf 73' lang='grc' dir='ltr'>ταίᾳ</span> <span class='ocrx_word' id='word_1_453' title='bbox 2331 3053 2404 3124; x_wconf 80' lang='grc' dir='ltr'>μὴ</span> <span class='ocrx_word' id='word_1_454' title='bbox 2435 3053 2722 3107; x_wconf 83' lang='grc' dir='ltr'>συνθέσθαι</span> <span class='ocrx_word' id='word_1_455' title='bbox 2752 3053 3016 3124; x_wconf 79' lang='grc' dir='ltr'>ἐργασίᾳ·</span> <span class='ocrx_word' id='word_1_456' title='bbox 3048 3052 3288 3122; x_wconf 80' lang='grc' dir='ltr'>δμϐρους</span> <span class='ocrx_word' id='word_1_457' title='bbox 3323 3049 3380 3102; x_wconf 81' lang='grc' dir='ltr'>δὲ</span> <span class='ocrx_word' id='word_1_458' title='bbox 3416 3051 3586 3122; x_wconf 83' lang='grc' dir='ltr'>πυρὸς</span> <span class='ocrx_word' id='word_1_459' title='bbox 3609 3053 3735 3115; x_wconf 78' lang='grc' dir='ltr'>τοὺς</span> 
     </span>
    </p>
   </div>
   <div class='ocr_carea' id='block_1_66' title="bbox 2167 3143 3034 3218">
    <p class='ocr_par' dir='ltr' id='par_1_66' title="bbox 2167 3143 3034 3218">
     <span class='ocr_line' id='line_1_68' title="bbox 2167 3143 3034 3218; baseline -0.001 -18"><span class='ocrx_word' id='word_1_460' title='bbox 2167 3145 2544 3218; x_wconf 85' lang='grc' dir='ltr'>Σοδομιτικούς</span> <span class='ocrx_word' id='word_1_461' title='bbox 2563 3163 2695 3216; x_wconf 85' lang='grc' dir='ltr'>φησι</span> <span class='ocrx_word' id='word_1_462' title='bbox 2721 3143 3034 3217; x_wconf 82' lang='grc' dir='ltr'>κεραυνούς.</span> 
     </span>
    </p>
   </div>
   <div class='ocr_carea' id='block_1_67' title="bbox 2167 3290 3742 3363">
    <p class='ocr_par' dir='ltr' id='par_1_67' title="bbox 2167 3290 3742 3363">
     <span class='ocr_line' id='line_1_69' title="bbox 2167 3290 3742 3363; baseline -0.003 -13"><span class='ocrx_word' id='word_1_463' title='bbox 2167 3295 2270 3350; x_wconf 70' lang='grc'><strong>166</strong></span> <span class='ocrx_word' id='word_1_464' title='bbox 2281 3294 2436 3363; x_wconf 81' lang='grc' dir='ltr'>Πρὸς</span> <span class='ocrx_word' id='word_1_465' title='bbox 2452 3293 2604 3361; x_wconf 79' lang='grc' dir='ltr'><strong>ζωὴν</strong></span> <span class='ocrx_word' id='word_1_466' title='bbox 2616 3293 2989 3362; x_wconf 70' lang='grc' dir='ltr'>παλίνορσον</span> <span class='ocrx_word' id='word_1_467' title='bbox 3002 3291 3181 3362; x_wconf 82' lang='grc' dir='ltr'>Ἀδὰμ</span> <span class='ocrx_word' id='word_1_468' title='bbox 3197 3293 3294 3347; x_wconf 78' lang='grc' dir='ltr'>καὶ</span> <span class='ocrx_word' id='word_1_469' title='bbox 3316 3292 3497 3360; x_wconf 78' lang='grc' dir='ltr'>κῦδος</span> <span class='ocrx_word' id='word_1_470' title='bbox 3511 3290 3742 3355; x_wconf 76' lang='grc' dir='ltr'>ἀνάξει.</span> 
     </span>
    </p>
   </div>
   <div class='ocr_carea' id='block_1_68' title="bbox 2259 3423 3740 3497">
    <p class='ocr_par' dir='ltr' id='par_1_68' title="bbox 2259 3423 3740 3497">
     <span class='ocr_line' id='line_1_70' title="bbox 2259 3423 3740 3497; baseline -0.003 -17"><span class='ocrx_word' id='word_1_471' title='bbox 2259 3427 2430 3495; x_wconf 79' lang='grc' dir='ltr'>Ἀδὰμ</span> <span class='ocrx_word' id='word_1_472' title='bbox 2456 3425 2672 3496; x_wconf 88' lang='grc' dir='ltr'>πρῶτος</span> <span class='ocrx_word' id='word_1_473' title='bbox 2689 3423 2795 3477; x_wconf 82' lang='grc' dir='ltr'>ὑπὸ</span> <span class='ocrx_word' id='word_1_474' title='bbox 2817 3423 2952 3478; x_wconf 89' lang='grc' dir='ltr'>Θεοῦ</span> <span class='ocrx_word' id='word_1_475' title='bbox 2977 3425 3096 3479; x_wconf 89' lang='grc' dir='ltr'>κατ’</span> <span class='ocrx_word' id='word_1_476' title='bbox 3120 3425 3304 3480; x_wconf 85' lang='grc' dir='ltr'>είκόνα</span> <span class='ocrx_word' id='word_1_477' title='bbox 3318 3425 3740 3497; x_wconf 73' lang='grc' dir='ltr'>δημιουργηθεὶς</span> 
     </span>
    </p>
   </div>
   <div class='ocr_carea' id='block_1_69' title="bbox 2171 3514 3739 3591">
    <p class='ocr_par' dir='ltr' id='par_1_69' title="bbox 2171 3514 3739 3591">
     <span class='ocr_line' id='line_1_71' title="bbox 2171 3514 3739 3591; baseline -0.004 -16"><span class='ocrx_word' id='word_1_478' title='bbox 2171 3520 2479 3591; x_wconf 76' lang='grc' dir='ltr'>ἄνθρωπος,</span> <span class='ocrx_word' id='word_1_479' title='bbox 2517 3518 2736 3569; x_wconf 84' lang='grc' dir='ltr'>πάντων</span> <span class='ocrx_word' id='word_1_480' title='bbox 2768 3514 3072 3586; x_wconf 79' lang='grc' dir='ltr'>βασιλεύειν</span> <span class='ocrx_word' id='word_1_481' title='bbox 3104 3516 3214 3571; x_wconf 89' lang='grc' dir='ltr'><strong>τῶν</strong></span> <span class='ocrx_word' id='word_1_482' title='bbox 3246 3517 3340 3570; x_wconf 71' lang='grc' dir='ltr'><strong>ἐπὶ</strong></span> <span class='ocrx_word' id='word_1_483' title='bbox 3368 3517 3470 3586; x_wconf 84' lang='grc' dir='ltr'>τῆς</span> <span class='ocrx_word' id='word_1_484' title='bbox 3502 3518 3607 3587; x_wconf 86' lang='grc' dir='ltr'>γῆς</span> <span class='ocrx_word' id='word_1_485' title='bbox 3641 3515 3739 3569; x_wconf 85' lang='grc' dir='ltr'>λα-</span> 
     </span>
    </p>
   </div>
   <div class='ocr_carea' id='block_1_70' title="bbox 502 3757 3742 3836">
    <p class='ocr_par' dir='ltr' id='par_1_70' title="bbox 502 3757 3742 3836">
     <span class='ocr_line' id='line_1_72' title="bbox 502 3757 3742 3836; baseline -0.005 -10"><span class='ocrx_word' id='word_1_486' title='bbox 502 3770 761 3826; x_wconf 82' lang='lat' dir='ltr'><strong>laudibus</strong></span> <span class='ocrx_word' id='word_1_487' title='bbox 783 3783 902 3824; x_wconf 91' lang='lat' dir='ltr'><strong>eam</strong></span> <span class='ocrx_word' id='word_1_488' title='bbox 934 3768 1128 3825; x_wconf 84' lang='lat' dir='ltr'><strong>ell‘erre</strong></span> <span class='ocrx_word' id='word_1_489' title='bbox 1153 3783 1366 3824; x_wconf 90' lang='lat' dir='ltr'><strong>necnon</strong></span> <span class='ocrx_word' id='word_1_490' title='bbox 1397 3765 1961 3836; x_wconf 85' lang='lat' dir='ltr'><strong>demonstrare.quod</strong></span> <span class='ocrx_word' id='word_1_491' title='bbox 1997 3765 2126 3819; x_wconf 93' lang='lat' dir='ltr'><strong>olim</strong></span> <span class='ocrx_word' id='word_1_492' title='bbox 2151 3763 2368 3834; x_wconf 86' lang='lat' dir='ltr'><strong>quidem</strong></span> <span class='ocrx_word' id='word_1_493' title='bbox 2401 3762 2585 3836; x_wconf 86' lang='lat' dir='ltr'><strong>minus</strong></span> <span class='ocrx_word' id='word_1_494' title='bbox 2619 3757 2854 3836; x_wconf 72' lang='lat' dir='ltr'><strong>insignis</strong></span> <span class='ocrx_word' id='word_1_495' title='bbox 2891 3758 3089 3836; x_wconf 56' lang='lat' dir='ltr'><strong>fuerit,</strong></span> <span class='ocrx_word' id='word_1_496' title='bbox 3115 3775 3144 3815; x_wconf 95' lang='lat' dir='ltr'><strong>a</strong></span> <span class='ocrx_word' id='word_1_497' title='bbox 3171 3757 3354 3836; x_wconf 75' lang='lat' dir='ltr'><strong>nostri</strong></span> <span class='ocrx_word' id='word_1_498' title='bbox 3389 3765 3570 3836; x_wconf 86' lang='lat' dir='ltr'><strong>autem</strong></span> <span class='ocrx_word' id='word_1_499' title='bbox 3591 3758 3742 3836; x_wconf 70' lang='lat' dir='ltr'><strong>_S:_l_l-</strong></span> 
     </span>
    </p>
   </div>
   <div class='ocr_carea' id='block_1_71' title="bbox 487 3827 3735 3904">
    <p class='ocr_par' dir='ltr' id='par_1_71' title="bbox 487 3827 3735 3904">
     <span class='ocr_line' id='line_1_73' title="bbox 487 3827 3735 3904; baseline -0.005 -9"><span class='ocrx_word' id='word_1_500' title='bbox 487 3842 696 3895; x_wconf 85' lang='lat' dir='ltr'><strong>vatoris</strong></span> <span class='ocrx_word' id='word_1_501' title='bbox 723 3841 1102 3894; x_wconf 75' lang='lat' dir='ltr'><strong>incarnatione</strong></span> <span class='ocrx_word' id='word_1_502' title='bbox 1134 3839 1199 3893; x_wconf 88' lang='lat' dir='ltr'><strong>ad</strong></span> <span class='ocrx_word' id='word_1_503' title='bbox 1238 3853 1511 3893; x_wconf 89' lang='lat' dir='ltr'><strong>summum</strong></span> <span class='ocrx_word' id='word_1_504' title='bbox 1547 3827 1854 3904; x_wconf 77' lang='lat' dir='ltr'><strong>splendoris</strong></span> <span class='ocrx_word' id='word_1_505' title='bbox 1885 3827 2379 3904; x_wconf 52' lang='lat' dir='ltr'><strong>fastigium-evecta</strong></span> <span class='ocrx_word' id='word_1_506' title='bbox 2408 3832 2500 3892; x_wconf 90' lang='lat' dir='ltr'><strong>sit.</strong></span> <span class='ocrx_word' id='word_1_507' title='bbox 2520 3827 2875 3904; x_wconf 45' lang='lat' dir='ltr'><strong>estheol—ogia</strong></span> <span class='ocrx_word' id='word_1_508' title='bbox 2912 3831 3482 3904; x_wconf 72' lang='lat' dir='ltr'><strong>introducitsanctam</strong></span> <span class='ocrx_word' id='word_1_509' title='bbox 3511 3827 3735 3904; x_wconf 10' lang='lat' dir='ltr'><strong>etiindi-</strong></span> 
     </span>
    </p>
   </div>
   <div class='ocr_carea' id='block_1_72' title="bbox 484 3897 3731 3978">
    <p class='ocr_par' dir='ltr' id='par_1_72' title="bbox 484 3897 3731 3978">
     <span class='ocr_line' id='line_1_74' title="bbox 484 3897 3731 3978; baseline -0.004 -12"><span class='ocrx_word' id='word_1_510' title='bbox 484 3911 660 3966; x_wconf 85' lang='lat' dir='ltr'><strong>visam</strong></span> <span class='ocrx_word' id='word_1_511' title='bbox 698 3909 1023 3964; x_wconf 73' lang='lat' dir='ltr'><strong>Trinitatem</strong></span> <span class='ocrx_word' id='word_1_512' title='bbox 1071 3917 1130 3962; x_wconf 96' lang='lat' dir='ltr'><strong>ut</strong></span> <span class='ocrx_word' id='word_1_513' title='bbox 1167 3909 1396 3978; x_wconf 80' lang='lat' dir='ltr'><strong>primam</strong></span> <span class='ocrx_word' id='word_1_514' title='bbox 1425 3897 1715 3978; x_wconf 77' lang='lat' dir='ltr'><strong>virginem,</strong></span> <span class='ocrx_word' id='word_1_515' title='bbox 1753 3897 2060 3978; x_wconf 73' lang='lat' dir='ltr'><strong>postquam</strong></span> <span class='ocrx_word' id='word_1_516' title='bbox 2087 3911 2386 3978; x_wconf 76' lang='lat' dir='ltr'><strong>potestates</strong></span> <span class='ocrx_word' id='word_1_517' title='bbox 2430 3901 2705 3978; x_wconf 66' lang='lat' dir='ltr'><strong>angelieas</strong></span> <span class='ocrx_word' id='word_1_518' title='bbox 2746 3897 3011 3978; x_wconf 77' lang='lat' dir='ltr'><strong>primario</strong></span> <span class='ocrx_word' id='word_1_519' title='bbox 3038 3900 3191 3978; x_wconf 71' lang='lat' dir='ltr'><strong>radio</strong></span> <span class='ocrx_word' id='word_1_520' title='bbox 3226 3900 3444 3978; x_wconf 78' lang='lat' dir='ltr'><strong>innixas</strong></span> <span class='ocrx_word' id='word_1_521' title='bbox 3480 3897 3731 3978; x_wconf 75' lang='lat' dir='ltr'><strong>collocat.</strong></span> 
     </span>
    </p>
   </div>
   <div class='ocr_carea' id='block_1_73' title="bbox 478 3967 3735 4049">
    <p class='ocr_par' dir='ltr' id='par_1_73' title="bbox 478 3967 3735 4049">
     <span class='ocr_line' id='line_1_75' title="bbox 478 3967 3735 4049; baseline -0.004 -15"><span class='ocrx_word' id='word_1_522' title='bbox 478 3980 616 4034; x_wconf 83' lang='lat' dir='ltr'><strong>Dum</strong></span> <span class='ocrx_word' id='word_1_523' title='bbox 664 3989 843 4035; x_wconf 88' lang='lat' dir='ltr'><strong>autem</strong></span> <span class='ocrx_word' id='word_1_524' title='bbox 873 3994 958 4044; x_wconf 91' lang='lat' dir='ltr'><strong>ea,</strong></span> <span class='ocrx_word' id='word_1_525' title='bbox 987 3995 1111 4049; x_wconf 73' lang='lat' dir='ltr'><strong>qua:</strong></span> <span class='ocrx_word' id='word_1_526' title='bbox 1137 3967 1204 4032; x_wconf 67' lang='lat' dir='ltr'><strong>a&#39;d</strong></span> <span class='ocrx_word' id='word_1_527' title='bbox 1233 3977 1400 4049; x_wconf 90' lang='lat' dir='ltr'><strong>Deum</strong></span> <span class='ocrx_word' id='word_1_528' title='bbox 1437 3967 1730 4049; x_wconf 56' lang='lat' dir='ltr'><strong>pertinent,</strong></span> <span class='ocrx_word' id='word_1_529' title='bbox 1752 3967 1948 4030; x_wconf 74' lang='lat' dir='ltr'><strong>edocet</strong></span> <span class='ocrx_word' id='word_1_530' title='bbox 1970 3985 2022 4029; x_wconf 86' lang='lat' dir='ltr'><strong>et</strong></span> <span class='ocrx_word' id='word_1_531' title='bbox 2051 3967 2148 4044; x_wconf 76' lang='lat' dir='ltr'><strong>pro</strong></span> <span class='ocrx_word' id='word_1_532' title='bbox 2179 3973 2320 4026; x_wconf 80' lang='lat' dir='ltr'><strong>virili</strong></span> <span class='ocrx_word' id='word_1_533' title='bbox 2343 3971 2597 4036; x_wconf 81' lang='lat' dir='ltr'><strong>explicat.</strong></span> <span class='ocrx_word' id='word_1_534' title='bbox 2631 3967 2948 4049; x_wconf 74' lang='lat' dir='ltr'><strong>angelorum</strong></span> <span class='ocrx_word' id='word_1_535' title='bbox 2979 3980 3034 4025; x_wconf 89' lang='lat' dir='ltr'><strong>et</strong></span> <span class='ocrx_word' id='word_1_536' title='bbox 3071 3970 3232 4049; x_wconf 69' lang='lat' dir='ltr'><strong>hujus</strong></span> <span class='ocrx_word' id='word_1_537' title='bbox 3254 3967 3492 4049; x_wconf 75' lang='lat' dir='ltr'><strong>universi</strong></span> <span class='ocrx_word' id='word_1_538' title='bbox 3514 3981 3735 4049; x_wconf 68' lang='lat' dir='ltr'><strong>meone-</strong></span> 
     </span>
    </p>
   </div>
   <div class='ocr_carea' id='block_1_74' title="bbox 488 4039 3735 4118">
    <p class='ocr_par' dir='ltr' id='par_1_74' title="bbox 488 4039 3735 4118">
     <span class='ocr_line' id='line_1_76' title="bbox 488 4039 3735 4118; baseline -0.005 -13"><span class='ocrx_word' id='word_1_539' title='bbox 488 4053 658 4106; x_wconf 86' lang='lat' dir='ltr'><strong>miam</strong></span> <span class='ocrx_word' id='word_1_540' title='bbox 693 4050 854 4104; x_wconf 85' lang='lat' dir='ltr'><strong>simul</strong></span> <span class='ocrx_word' id='word_1_541' title='bbox 887 4039 1136 4118; x_wconf 80' lang='lat' dir='ltr'><strong>exponit.</strong></span> <span class='ocrx_word' id='word_1_542' title='bbox 1167 4055 1223 4102; x_wconf 85' lang='lat' dir='ltr'><strong>et</strong></span> <span class='ocrx_word' id='word_1_543' title='bbox 1253 4063 1284 4101; x_wconf 85' lang='lat' dir='ltr'><strong>a</strong></span> <span class='ocrx_word' id='word_1_544' title='bbox 1323 4039 1529 4101; x_wconf 77' lang='lat' dir='ltr'><strong>lumine</strong></span> <span class='ocrx_word' id='word_1_545' title='bbox 1561 4045 1780 4118; x_wconf 73' lang='lat' dir='ltr'><strong>quidem</strong></span> <span class='ocrx_word' id='word_1_546' title='bbox 1821 4039 2340 4118; x_wconf 48' lang='lat' dir='ltr'><strong>exorsus—enarrat,</strong></span> <span class='ocrx_word' id='word_1_547' title='bbox 2365 4056 2544 4110; x_wconf 89' lang='lat' dir='ltr'><strong>quam.</strong></span> <span class='ocrx_word' id='word_1_548' title='bbox 2575 4041 2842 4108; x_wconf 77' lang='lat' dir='ltr'><strong>originem</strong></span> <span class='ocrx_word' id='word_1_549' title='bbox 2887 4041 3064 4094; x_wconf 90' lang='lat' dir='ltr'><strong>lumen</strong></span> <span class='ocrx_word' id='word_1_550' title='bbox 3096 4039 3346 4118; x_wconf 78' lang='lat' dir='ltr'><strong>habuerit</strong></span> <span class='ocrx_word' id='word_1_551' title='bbox 3383 4047 3435 4092; x_wconf 89' lang='lat' dir='ltr'><strong>et</strong></span> <span class='ocrx_word' id='word_1_552' title='bbox 3463 4039 3735 4118; x_wconf 76' lang='lat' dir='ltr'><strong>quomodo</strong></span> 
     </span>
    </p>
   </div>
   <div class='ocr_carea' id='block_1_75' title="bbox 479 4109 3734 4190">
    <p class='ocr_par' dir='ltr' id='par_1_75' title="bbox 479 4109 3734 4190">
     <span class='ocr_line' id='line_1_77' title="bbox 479 4109 3734 4190; baseline -0.005 -16"><span class='ocrx_word' id='word_1_553' title='bbox 479 4121 688 4176; x_wconf 85' lang='lat' dir='ltr'><strong>lumine</strong></span> <span class='ocrx_word' id='word_1_554' title='bbox 714 4109 1008 4190; x_wconf 69' lang='lat' dir='ltr'><strong>laetitiaque</strong></span> <span class='ocrx_word' id='word_1_555' title='bbox 1057 4119 1277 4190; x_wconf 84' lang='lat' dir='ltr'><strong>impleta</strong></span> <span class='ocrx_word' id='word_1_556' title='bbox 1315 4118 1428 4190; x_wconf 82' lang='lat' dir='ltr'><strong>sint</strong></span> <span class='ocrx_word' id='word_1_557' title='bbox 1476 4109 1861 4190; x_wconf 69' lang='lat' dir='ltr'><strong>opera._Porro</strong></span> <span class='ocrx_word' id='word_1_558' title='bbox 1891 4114 2115 4190; x_wconf 74' lang='lat' dir='ltr'><strong>adducit</strong></span> <span class='ocrx_word' id='word_1_559' title='bbox 2138 4114 2336 4190; x_wconf 64' lang='lat' dir='ltr'><strong>caelum</strong></span> <span class='ocrx_word' id='word_1_560' title='bbox 2365 4109 2421 4165; x_wconf 84' lang='lat' dir='ltr'><strong>et</strong></span> <span class='ocrx_word' id='word_1_561' title='bbox 2446 4119 2645 4190; x_wconf 78' lang='lat' dir='ltr'><strong>terram</strong></span> <span class='ocrx_word' id='word_1_562' title='bbox 2668 4123 2739 4190; x_wconf 74' lang='lat' dir='ltr'><strong>ac</strong></span> <span class='ocrx_word' id='word_1_563' title='bbox 2775 4124 2926 4190; x_wconf 74' lang='lat' dir='ltr'><strong>mare</strong></span> <span class='ocrx_word' id='word_1_564' title='bbox 2953 4119 3008 4163; x_wconf 88' lang='lat' dir='ltr'><strong>et</strong></span> <span class='ocrx_word' id='word_1_565' title='bbox 3034 4109 3242 4190; x_wconf 34' lang='lat' dir='ltr'><strong>quas‘in</strong></span> <span class='ocrx_word' id='word_1_566' title='bbox 3272 4109 3734 4190; x_wconf 45' lang='lat' dir='ltr'><strong>eti-continentur,</strong></span> 
     </span>
    </p>
   </div>
   <div class='ocr_carea' id='block_1_76' title="bbox 478 4177 3731 4254">
    <p class='ocr_par' dir='ltr' id='par_1_76' title="bbox 478 4177 3731 4254">
     <span class='ocr_line' id='line_1_78' title="bbox 478 4177 3731 4254; baseline -0.005 -8"><span class='ocrx_word' id='word_1_567' title='bbox 478 4191 673 4252; x_wconf 75' lang='lat' dir='ltr'><strong>solem.</strong></span> <span class='ocrx_word' id='word_1_568' title='bbox 720 4177 932 4253; x_wconf 61' lang='lat' dir='ltr'><strong>lunam;</strong></span> <span class='ocrx_word' id='word_1_569' title='bbox 961 4177 1168 4251; x_wconf 73' lang='lat' dir='ltr'><strong>stellas,</strong></span> <span class='ocrx_word' id='word_1_570' title='bbox 1203 4177 1949 4254; x_wconf 61' lang='lat' dir='ltr'><strong>lmstiarum&#39;omnigenarum</strong></span> <span class='ocrx_word' id='word_1_571' title='bbox 1974 4184 2160 4240; x_wconf 70' lang='lat' dir='ltr'><strong>Varias</strong></span> <span class='ocrx_word' id='word_1_572' title='bbox 2187 4183 2404 4254; x_wconf 77' lang='lat' dir='ltr'><strong>species</strong></span> <span class='ocrx_word' id='word_1_573' title='bbox 2424 4219 2441 4246; x_wconf 94' lang='lat'><strong>,</strong></span> <span class='ocrx_word' id='word_1_574' title='bbox 2478 4181 2716 4234; x_wconf 81' lang='lat' dir='ltr'><strong>hominis</strong></span> <span class='ocrx_word' id='word_1_575' title='bbox 2740 4177 3076 4235; x_wconf 81' lang='lat' dir='ltr'><strong>creationem</strong></span> <span class='ocrx_word' id='word_1_576' title='bbox 3127 4185 3183 4234; x_wconf 90' lang='lat' dir='ltr'><strong>et</strong></span> <span class='ocrx_word' id='word_1_577' title='bbox 3244 4177 3491 4233; x_wconf 85' lang='lat' dir='ltr'><strong>mulieris</strong></span> <span class='ocrx_word' id='word_1_578' title='bbox 3521 4191 3553 4231; x_wconf 92' lang='lat' dir='ltr'><strong>e</strong></span> <span class='ocrx_word' id='word_1_579' title='bbox 3581 4185 3731 4238; x_wconf 76' lang='lat' dir='ltr'><strong>costa</strong></span> 
     </span>
    </p>
   </div>
   <div class='ocr_carea' id='block_1_77' title="bbox 477 4253 2414 4328">
    <p class='ocr_par' dir='ltr' id='par_1_77' title="bbox 477 4253 2414 4328">
     <span class='ocr_line' id='line_1_79' title="bbox 477 4253 2414 4328; baseline -0.005 -14"><span class='ocrx_word' id='word_1_580' title='bbox 477 4261 626 4316; x_wconf 89' lang='lat' dir='ltr'><strong>illius</strong></span> <span class='ocrx_word' id='word_1_581' title='bbox 668 4261 999 4328; x_wconf 72' lang='lat' dir='ltr'><strong>deprompta:</strong></span> <span class='ocrx_word' id='word_1_582' title='bbox 1027 4258 1427 4321; x_wconf 85' lang='lat' dir='ltr'><strong>formationem,</strong></span> <span class='ocrx_word' id='word_1_583' title='bbox 1467 4263 1518 4310; x_wconf 91' lang='lat' dir='ltr'><strong>et</strong></span> <span class='ocrx_word' id='word_1_584' title='bbox 1552 4256 1665 4309; x_wconf 71' lang='lat' dir='ltr'><strong>haec</strong></span> <span class='ocrx_word' id='word_1_585' title='bbox 1694 4253 1878 4308; x_wconf 83' lang='lat' dir='ltr'><strong>omnia</strong></span> <span class='ocrx_word' id='word_1_586' title='bbox 1910 4255 2149 4310; x_wconf 86' lang='lat' dir='ltr'><strong>breviter</strong></span> <span class='ocrx_word' id='word_1_587' title='bbox 2179 4253 2414 4322; x_wconf 86' lang='lat' dir='ltr'><strong>attingit.</strong></span> 
     </span>
    </p>
   </div>
   <div class='ocr_carea' id='block_1_78' title="bbox 548 4388 3727 4460">
    <p class='ocr_par' dir='ltr' id='par_1_78' title="bbox 548 4388 3727 4460">
     <span class='ocr_line' id='line_1_80' title="bbox 548 4388 3727 4460; baseline -0.001 -11"><span class='ocrx_word' id='word_1_588' title='bbox 548 4395 963 4450; x_wconf 88' lang='lat' dir='ltr'><strong>lnundationem</strong></span> <span class='ocrx_word' id='word_1_589' title='bbox 990 4402 1046 4450; x_wconf 90' lang='lat' dir='ltr'><strong>et</strong></span> <span class='ocrx_word' id='word_1_590' title='bbox 1073 4394 1246 4449; x_wconf 88' lang='lat' dir='ltr'><strong>turris</strong></span> <span class='ocrx_word' id='word_1_591' title='bbox 1278 4393 1709 4450; x_wconf 76' lang='lat' dir='ltr'><strong>exstructionem</strong></span> <span class='ocrx_word' id='word_1_592' title='bbox 1733 4400 1789 4447; x_wconf 88' lang='lat' dir='ltr'><strong>et</strong></span> <span class='ocrx_word' id='word_1_593' title='bbox 1819 4390 2134 4447; x_wconf 86' lang='lat' dir='ltr'><strong>Sodomitas</strong></span> <span class='ocrx_word' id='word_1_594' title='bbox 2188 4397 2606 4445; x_wconf 84' lang='lat' dir='ltr'><strong>commemorat.</strong></span> <span class='ocrx_word' id='word_1_595' title='bbox 2635 4389 2934 4460; x_wconf 88' lang='lat' dir='ltr'><strong>Postquam</strong></span> <span class='ocrx_word' id='word_1_596' title='bbox 2963 4392 3107 4445; x_wconf 90' lang='lat' dir='ltr'><strong>enim</strong></span> <span class='ocrx_word' id='word_1_597' title='bbox 3137 4404 3310 4460; x_wconf 83' lang='lat' dir='ltr'><strong>genus</strong></span> <span class='ocrx_word' id='word_1_598' title='bbox 3333 4388 3637 4443; x_wconf 89' lang='lat' dir='ltr'><strong>humanum</strong></span> <span class='ocrx_word' id='word_1_599' title='bbox 3669 4389 3727 4446; x_wconf 88' lang='lat' dir='ltr'><strong>in</strong></span> 
     </span>
    </p>
   </div>
   <div class='ocr_carea' id='block_1_79' title="bbox 477 4460 3730 4528">
    <p class='ocr_par' dir='ltr' id='par_1_79' title="bbox 477 4460 3730 4528">
     <span class='ocr_line' id='line_1_81' title="bbox 477 4460 3730 4528; baseline -0.004 -4"><span class='ocrx_word' id='word_1_600' title='bbox 477 4467 808 4524; x_wconf 81' lang='lat' dir='ltr'><strong>immensum</strong></span> <span class='ocrx_word' id='word_1_601' title='bbox 846 4480 1134 4519; x_wconf 82' lang='lat' dir='ltr'><strong>numerum</strong></span> <span class='ocrx_word' id='word_1_602' title='bbox 1174 4472 1488 4519; x_wconf 85' lang='lat' dir='ltr'><strong>accreverat</strong></span> <span class='ocrx_word' id='word_1_603' title='bbox 1519 4471 1573 4516; x_wconf 91' lang='lat' dir='ltr'><strong>et</strong></span> <span class='ocrx_word' id='word_1_604' title='bbox 1600 4462 1807 4526; x_wconf 85' lang='lat' dir='ltr'><strong>omnia.</strong></span> <span class='ocrx_word' id='word_1_605' title='bbox 1836 4471 1894 4516; x_wconf 93' lang='lat' dir='ltr'><strong>ut</strong></span> <span class='ocrx_word' id='word_1_606' title='bbox 1919 4463 1993 4515; x_wconf 88' lang='lat' dir='ltr'><strong>ita</strong></span> <span class='ocrx_word' id='word_1_607' title='bbox 2019 4462 2223 4524; x_wconf 86' lang='lat' dir='ltr'><strong>dicam,</strong></span> <span class='ocrx_word' id='word_1_608' title='bbox 2255 4461 2543 4528; x_wconf 85' lang='lat' dir='ltr'><strong>desperata</strong></span> <span class='ocrx_word' id='word_1_609' title='bbox 2572 4469 2750 4520; x_wconf 86' lang='lat' dir='ltr'><strong>erant.</strong></span> <span class='ocrx_word' id='word_1_610' title='bbox 2772 4468 2829 4514; x_wconf 91' lang='lat' dir='ltr'><strong>et</strong></span> <span class='ocrx_word' id='word_1_611' title='bbox 2863 4462 3044 4528; x_wconf 80' lang='lat' dir='ltr'><strong>quivis</strong></span> <span class='ocrx_word' id='word_1_612' title='bbox 3065 4460 3300 4513; x_wconf 89' lang='lat' dir='ltr'><strong>scelesta</strong></span> <span class='ocrx_word' id='word_1_613' title='bbox 3334 4473 3528 4513; x_wconf 88' lang='lat' dir='ltr'><strong>secum</strong></span> <span class='ocrx_word' id='word_1_614' title='bbox 3553 4461 3694 4528; x_wconf 78' lang='lat' dir='ltr'><strong>agita</strong></span> <span class='ocrx_word' id='word_1_615' title='bbox 3712 4491 3730 4500; x_wconf 91' lang='lat'><strong>-</strong></span> 
     </span>
    </p>
   </div>
   <div class='ocr_carea' id='block_1_80' title="bbox 476 4529 3725 4599">
    <p class='ocr_par' dir='ltr' id='par_1_80' title="bbox 476 4529 3725 4599">
     <span class='ocr_line' id='line_1_82' title="bbox 476 4529 3725 4599; baseline -0.002 -9"><span class='ocrx_word' id='word_1_616' title='bbox 476 4539 591 4598; x_wconf 89' lang='lat' dir='ltr'><strong>bat,</strong></span> <span class='ocrx_word' id='word_1_617' title='bbox 629 4547 682 4590; x_wconf 89' lang='lat' dir='ltr'><strong>et</strong></span> <span class='ocrx_word' id='word_1_618' title='bbox 705 4537 907 4597; x_wconf 85' lang='lat' dir='ltr'><strong>cuncti,</strong></span> <span class='ocrx_word' id='word_1_619' title='bbox 943 4533 1372 4588; x_wconf 86' lang='lat' dir='ltr'><strong>scortationibus</strong></span> <span class='ocrx_word' id='word_1_620' title='bbox 1401 4541 1456 4587; x_wconf 87' lang='lat' dir='ltr'><strong>et</strong></span> <span class='ocrx_word' id='word_1_621' title='bbox 1484 4531 1790 4595; x_wconf 87' lang='lat' dir='ltr'><strong>adulteriis,</strong></span> <span class='ocrx_word' id='word_1_622' title='bbox 1845 4548 1946 4587; x_wconf 91' lang='lat' dir='ltr'><strong>nec</strong></span> <span class='ocrx_word' id='word_1_623' title='bbox 1973 4548 2080 4586; x_wconf 93' lang='lat' dir='ltr'><strong>non</strong></span> <span class='ocrx_word' id='word_1_624' title='bbox 2121 4532 2582 4599; x_wconf 56' lang='lat' dir='ltr'><strong>intemperantiae,</strong></span> <span class='ocrx_word' id='word_1_625' title='bbox 2611 4530 2958 4585; x_wconf 80' lang='lat' dir='ltr'><strong>fascinationi</strong></span> <span class='ocrx_word' id='word_1_626' title='bbox 2987 4539 3154 4598; x_wconf 89' lang='lat' dir='ltr'><strong>atque</strong></span> <span class='ocrx_word' id='word_1_627' title='bbox 3181 4529 3510 4582; x_wconf 61' lang='lat' dir='ltr'><strong>idololatria</strong></span> <span class='ocrx_word' id='word_1_628' title='bbox 3542 4529 3725 4583; x_wconf 80' lang='lat' dir='ltr'><strong>indul-</strong></span> 
     </span>
    </p>
   </div>
   <div class='ocr_carea' id='block_1_81' title="bbox 477 4599 3734 4677">
    <p class='ocr_par' dir='ltr' id='par_1_81' title="bbox 477 4599 3734 4677">
     <span class='ocr_line' id='line_1_83' title="bbox 477 4599 3734 4677; baseline -0.002 -17"><span class='ocrx_word' id='word_1_629' title='bbox 477 4606 697 4677; x_wconf 84' lang='lat' dir='ltr'><strong>gebant.</strong></span> <span class='ocrx_word' id='word_1_630' title='bbox 735 4602 864 4677; x_wconf 83' lang='lat' dir='ltr'><strong>Noe_</strong></span> <span class='ocrx_word' id='word_1_631' title='bbox 891 4603 1112 4677; x_wconf 76' lang='lat' dir='ltr'><strong>quidam</strong></span> <span class='ocrx_word' id='word_1_632' title='bbox 1139 4605 1324 4677; x_wconf 82' lang='lat' dir='ltr'><strong>justus</strong></span> <span class='ocrx_word' id='word_1_633' title='bbox 1353 4603 1499 4658; x_wconf 90' lang='lat' dir='ltr'><strong>illius</strong></span> <span class='ocrx_word' id='word_1_634' title='bbox 1525 4603 1705 4657; x_wconf 57' lang='lat' dir='ltr'><strong>atatis</strong></span> <span class='ocrx_word' id='word_1_635' title='bbox 1734 4604 1818 4655; x_wconf 92' lang='lat' dir='ltr'><strong>vir</strong></span> <span class='ocrx_word' id='word_1_636' title='bbox 1841 4617 2024 4677; x_wconf 68' lang='lat' dir='ltr'><strong>arcam</strong></span> <span class='ocrx_word' id='word_1_637' title='bbox 2058 4603 2640 4677; x_wconf 71' lang='lat' dir='ltr'><strong>ligneamconstruere</strong></span> <span class='ocrx_word' id='word_1_638' title='bbox 2671 4614 2700 4653; x_wconf 94' lang='lat' dir='ltr'><strong>a</strong></span> <span class='ocrx_word' id='word_1_639' title='bbox 2731 4599 2840 4653; x_wconf 94' lang='lat' dir='ltr'><strong>Deo</strong></span> <span class='ocrx_word' id='word_1_640' title='bbox 2859 4600 3108 4677; x_wconf 72' lang='lat' dir='ltr'><strong>jubetur,</strong></span> <span class='ocrx_word' id='word_1_641' title='bbox 3138 4599 3194 4652; x_wconf 90' lang='lat' dir='ltr'><strong>in</strong></span> <span class='ocrx_word' id='word_1_642' title='bbox 3228 4614 3336 4668; x_wconf 90' lang='lat' dir='ltr'><strong>qua</strong></span> <span class='ocrx_word' id='word_1_643' title='bbox 3364 4613 3491 4651; x_wconf 92' lang='lat' dir='ltr'><strong>cum</strong></span> <span class='ocrx_word' id='word_1_644' title='bbox 3516 4605 3628 4651; x_wconf 87' lang='lat' dir='ltr'><strong>tnta</strong></span> <span class='ocrx_word' id='word_1_645' title='bbox 3655 4600 3734 4677; x_wconf 67' lang='lat' dir='ltr'><strong>[a-</strong></span> 
     </span>
    </p>
   </div>
   <div class='ocr_carea' id='block_1_82' title="bbox 479 4668 3732 4744">
    <p class='ocr_par' dir='ltr' id='par_1_82' title="bbox 479 4668 3732 4744">
     <span class='ocr_line' id='line_1_84' title="bbox 479 4668 3732 4744; baseline -0.002 -15"><span class='ocrx_word' id='word_1_646' title='bbox 479 4668 651 4738; x_wconf 66' lang='lat' dir='ltr'><strong>nnilia,</strong></span> <span class='ocrx_word' id='word_1_647' title='bbox 681 4668 1544 4744; x_wconf 61' lang='lat' dir='ltr'><strong>quando&#39;diluvimningrueret,</strong></span> <span class='ocrx_word' id='word_1_648' title='bbox 1574 4683 1907 4727; x_wconf 84' lang='lat' dir='ltr'><strong>servaretur.</strong></span> <span class='ocrx_word' id='word_1_649' title='bbox 1942 4669 2076 4744; x_wconf 87' lang='lat' dir='ltr'><strong>_Noe_</strong></span> <span class='ocrx_word' id='word_1_650' title='bbox 2101 4668 2360 4744; x_wconf 71' lang='lat' dir='ltr'><strong>igiturin</strong></span> <span class='ocrx_word' id='word_1_651' title='bbox 2395 4684 2588 4744; x_wconf 73' lang='lat' dir='ltr'><strong>arcam</strong></span> <span class='ocrx_word' id='word_1_652' title='bbox 2613 4671 2759 4744; x_wconf 76' lang='lat' dir='ltr'><strong>intra</strong></span> <span class='ocrx_word' id='word_1_653' title='bbox 2794 4677 3014 4722; x_wconf 88' lang='lat' dir='ltr'><strong>centum</strong></span> <span class='ocrx_word' id='word_1_654' title='bbox 3052 4669 3297 4744; x_wconf 75' lang='lat' dir='ltr'><strong>integros</strong></span> <span class='ocrx_word' id='word_1_655' title='bbox 3322 4683 3497 4722; x_wconf 89' lang='lat' dir='ltr'><strong>annos</strong></span> <span class='ocrx_word' id='word_1_656' title='bbox 3542 4668 3732 4744; x_wconf 74' lang='lat' dir='ltr'><strong>confe-</strong></span> 
     </span>
    </p>
   </div>
   <div class='ocr_carea' id='block_1_83' title="bbox 477 4739 3723 4814">
    <p class='ocr_par' dir='ltr' id='par_1_83' title="bbox 477 4739 3723 4814">
     <span class='ocr_line' id='line_1_85' title="bbox 477 4739 3723 4814; baseline -0.002 -16"><span class='ocrx_word' id='word_1_657' title='bbox 477 4753 623 4799; x_wconf 87' lang='lat' dir='ltr'><strong>ctam</strong></span> <span class='ocrx_word' id='word_1_658' title='bbox 653 4739 778 4798; x_wconf 82' lang='lat' dir='ltr'><strong>cum</strong></span> <span class='ocrx_word' id='word_1_659' title='bbox 810 4743 958 4814; x_wconf 91' lang='lat' dir='ltr'><strong>omni</strong></span> <span class='ocrx_word' id='word_1_660' title='bbox 985 4743 1185 4797; x_wconf 81' lang='lat' dir='ltr'><strong>familia</strong></span> <span class='ocrx_word' id='word_1_661' title='bbox 1217 4739 1500 4814; x_wconf 74' lang='lat' dir='ltr'><strong>ingressus</strong></span> <span class='ocrx_word' id='word_1_662' title='bbox 1535 4752 1638 4805; x_wconf 86' lang='lat' dir='ltr'><strong>est,</strong></span> <span class='ocrx_word' id='word_1_663' title='bbox 1661 4751 1713 4796; x_wconf 92' lang='lat' dir='ltr'><strong>et</strong></span> <span class='ocrx_word' id='word_1_664' title='bbox 1742 4757 1841 4814; x_wconf 82' lang='lat' dir='ltr'><strong>par</strong></span> <span class='ocrx_word' id='word_1_665' title='bbox 1864 4739 2346 4814; x_wconf 31' lang='lat' dir='ltr'><strong>cujusvis_’speciei</strong></span> <span class='ocrx_word' id='word_1_666' title='bbox 2371 4739 2710 4814; x_wconf 76' lang='lat' dir='ltr'><strong>animalium,</strong></span> <span class='ocrx_word' id='word_1_667' title='bbox 2738 4739 3000 4814; x_wconf 81' lang='lat' dir='ltr'><strong>ferarum,</strong></span> <span class='ocrx_word' id='word_1_668' title='bbox 3029 4739 3334 4814; x_wconf 69' lang='lat' dir='ltr'><strong>volucrium</strong></span> <span class='ocrx_word' id='word_1_669' title='bbox 3361 4745 3415 4814; x_wconf 79' lang='lat' dir='ltr'><strong>et</strong></span> <span class='ocrx_word' id='word_1_670' title='bbox 3446 4739 3723 4806; x_wconf 88' lang='lat' dir='ltr'><strong>reptilium</strong></span> 
     </span>
    </p>
   </div>
   <div class='ocr_carea' id='block_1_84' title="bbox 478 4808 3734 4883">
    <p class='ocr_par' dir='ltr' id='par_1_84' title="bbox 478 4808 3734 4883">
     <span class='ocr_line' id='line_1_86' title="bbox 478 4808 3734 4883; baseline -0.003 -13"><span class='ocrx_word' id='word_1_671' title='bbox 478 4830 666 4870; x_wconf 81' lang='lat' dir='ltr'><strong>secum</strong></span> <span class='ocrx_word' id='word_1_672' title='bbox 701 4813 1009 4868; x_wconf 78' lang='lat' dir='ltr'><strong>introduxit</strong></span> <span class='ocrx_word' id='word_1_673' title='bbox 1028 4823 1192 4883; x_wconf 86' lang='lat' dir='ltr'><strong>atque</strong></span> <span class='ocrx_word' id='word_1_674' title='bbox 1211 4808 1448 4868; x_wconf 68' lang='lat' dir='ltr'><strong>siéillud</strong></span> <span class='ocrx_word' id='word_1_675' title='bbox 1482 4808 2030 4883; x_wconf 58' lang='lat' dir='ltr'><strong>generale&#39;diluvium</strong></span> <span class='ocrx_word' id='word_1_676' title='bbox 2063 4808 2432 4883; x_wconf 73' lang='lat' dir='ltr'><strong>eﬂ‘ugit._Cnm</strong></span> <span class='ocrx_word' id='word_1_677' title='bbox 2462 4809 2610 4883; x_wconf 75' lang='lat' dir='ltr'><strong>enim</strong></span> <span class='ocrx_word' id='word_1_678' title='bbox 2659 4810 2764 4865; x_wconf 90' lang='lat' dir='ltr'><strong>hoc</strong></span> <span class='ocrx_word' id='word_1_679' title='bbox 2794 4810 3084 4883; x_wconf 76' lang='lat' dir='ltr'><strong>accideret,</strong></span> <span class='ocrx_word' id='word_1_680' title='bbox 3119 4808 3260 4864; x_wconf 82' lang='lat' dir='ltr'><strong>Deus</strong></span> <span class='ocrx_word' id='word_1_681' title='bbox 3282 4810 3594 4883; x_wconf 75' lang='lat' dir='ltr'><strong>universam</strong></span> <span class='ocrx_word' id='word_1_682' title='bbox 3623 4817 3734 4862; x_wconf 92' lang='lat' dir='ltr'><strong>ter-</strong></span> 
     </span>
    </p>
   </div>
   <div class='ocr_carea' id='block_1_85' title="bbox 475 4878 3732 4948">
    <p class='ocr_par' dir='ltr' id='par_1_85' title="bbox 475 4878 3732 4948">
     <span class='ocr_line' id='line_1_87' title="bbox 475 4878 3732 4948; baseline -0.002 -9"><span class='ocrx_word' id='word_1_683' title='bbox 475 4900 593 4939; x_wconf 86' lang='lat' dir='ltr'><strong>ram</strong></span> <span class='ocrx_word' id='word_1_684' title='bbox 624 4883 854 4938; x_wconf 88' lang='lat' dir='ltr'><strong>inlinitis</strong></span> <span class='ocrx_word' id='word_1_685' title='bbox 879 4878 1145 4939; x_wconf 81' lang='lat' dir='ltr'><strong>imbribus</strong></span> <span class='ocrx_word' id='word_1_686' title='bbox 1190 4878 1509 4945; x_wconf 52' lang='lat' dir='ltr'><strong>inundavit,</strong></span> <span class='ocrx_word' id='word_1_687' title='bbox 1531 4889 1842 4937; x_wconf 86' lang='lat' dir='ltr'><strong>cataractas</strong></span> <span class='ocrx_word' id='word_1_688' title='bbox 1871 4883 2138 4936; x_wconf 68' lang='lat' dir='ltr'><strong>caelestes</strong></span> <span class='ocrx_word' id='word_1_689' title='bbox 2168 4878 2396 4935; x_wconf 80' lang='lat' dir='ltr'><strong>reclusit</strong></span> <span class='ocrx_word' id='word_1_690' title='bbox 2430 4888 2485 4933; x_wconf 92' lang='lat' dir='ltr'><strong>et</strong></span> <span class='ocrx_word' id='word_1_691' title='bbox 2522 4880 2750 4948; x_wconf 84' lang='lat' dir='ltr'><strong>abyssos</strong></span> <span class='ocrx_word' id='word_1_692' title='bbox 2795 4880 3186 4934; x_wconf 85' lang='lat' dir='ltr'><strong>subterraneas</strong></span> <span class='ocrx_word' id='word_1_693' title='bbox 3219 4878 3501 4948; x_wconf 72' lang='lat' dir='ltr'><strong>perfregit,</strong></span> <span class='ocrx_word' id='word_1_694' title='bbox 3547 4878 3619 4931; x_wconf 91' lang='lat' dir='ltr'><strong>ita</strong></span> <span class='ocrx_word' id='word_1_695' title='bbox 3672 4887 3732 4931; x_wconf 92' lang='lat' dir='ltr'><strong>ut</strong></span> 
     </span>
    </p>
   </div>
   <div class='ocr_carea' id='block_1_86' title="bbox 479 4950 3730 5024">
    <p class='ocr_par' dir='ltr' id='par_1_86' title="bbox 479 4950 3730 5024">
     <span class='ocr_line' id='line_1_88' title="bbox 479 4950 3730 5024; baseline -0.002 -15"><span class='ocrx_word' id='word_1_696' title='bbox 479 4957 575 5009; x_wconf 91' lang='lat' dir='ltr'><strong>illo</strong></span> <span class='ocrx_word' id='word_1_697' title='bbox 601 4962 844 5024; x_wconf 85' lang='lat' dir='ltr'><strong>tempore</strong></span> <span class='ocrx_word' id='word_1_698' title='bbox 860 4969 1000 5024; x_wconf 73' lang='lat' dir='ltr'><strong>aqua</strong></span> <span class='ocrx_word' id='word_1_699' title='bbox 1031 4953 1343 5023; x_wconf 87' lang='lat' dir='ltr'><strong>quindecim</strong></span> <span class='ocrx_word' id='word_1_700' title='bbox 1381 4953 1581 5024; x_wconf 89' lang='lat' dir='ltr'><strong>cubitis</strong></span> <span class='ocrx_word' id='word_1_701' title='bbox 1619 4962 1830 5024; x_wconf 78' lang='lat' dir='ltr'><strong>montes</strong></span> <span class='ocrx_word' id='word_1_702' title='bbox 1862 4960 2156 5024; x_wconf 86' lang='lat' dir='ltr'><strong>superaret</strong></span> <span class='ocrx_word' id='word_1_703' title='bbox 2186 4959 2249 5024; x_wconf 89' lang='lat' dir='ltr'><strong>_et</strong></span> <span class='ocrx_word' id='word_1_704' title='bbox 2272 4951 2453 5024; x_wconf 84' lang='lat' dir='ltr'><strong>omnis</strong></span> <span class='ocrx_word' id='word_1_705' title='bbox 2476 4965 2605 5004; x_wconf 90' lang='lat' dir='ltr'><strong>caro</strong></span> <span class='ocrx_word' id='word_1_706' title='bbox 2632 4964 2936 5022; x_wconf 77' lang='lat' dir='ltr'><strong>omnesque</strong></span> <span class='ocrx_word' id='word_1_707' title='bbox 2960 4964 3064 5024; x_wconf 70' lang='lat' dir='ltr'><strong>res</strong></span> <span class='ocrx_word' id='word_1_708' title='bbox 3088 4958 3288 5024; x_wconf 64' lang='lat' dir='ltr'><strong>creata:</strong></span> <span class='ocrx_word' id='word_1_709' title='bbox 3313 4950 3379 5002; x_wconf 91' lang='lat' dir='ltr'><strong>de</strong></span> <span class='ocrx_word' id='word_1_710' title='bbox 3409 4950 3546 5002; x_wconf 82' lang='lat' dir='ltr'><strong>facie</strong></span> <span class='ocrx_word' id='word_1_711' title='bbox 3569 4955 3730 5024; x_wconf 59' lang='lat' dir='ltr'><strong>terra;</strong></span> 
     </span>
    </p>
   </div>
   <div class='ocr_carea' id='block_1_87' title="bbox 479 5018 3730 5091">
    <p class='ocr_par' dir='ltr' id='par_1_87' title="bbox 479 5018 3730 5091">
     <span class='ocr_line' id='line_1_89' title="bbox 479 5018 3730 5091; baseline -0.002 -14"><span class='ocrx_word' id='word_1_712' title='bbox 479 5018 848 5080; x_wconf 81' lang='lat' dir='ltr'><strong>abolerentur.</strong></span> <span class='ocrx_word' id='word_1_713' title='bbox 878 5018 926 5077; x_wconf 60' lang='lat' dir='ltr'><strong>A&#39;</strong></span> <span class='ocrx_word' id='word_1_714' title='bbox 946 5018 1063 5077; x_wconf 78' lang='lat' dir='ltr'><strong>Noe</strong></span> <span class='ocrx_word' id='word_1_715' title='bbox 1085 5033 1288 5086; x_wconf 87' lang='lat' dir='ltr'><strong>autem,</strong></span> <span class='ocrx_word' id='word_1_716' title='bbox 1315 5023 1408 5091; x_wconf 88' lang='lat' dir='ltr'><strong>qui</strong></span> <span class='ocrx_word' id='word_1_717' title='bbox 1450 5037 1576 5075; x_wconf 89' lang='lat' dir='ltr'><strong>cum</strong></span> <span class='ocrx_word' id='word_1_718' title='bbox 1616 5021 1873 5091; x_wconf 87' lang='lat' dir='ltr'><strong>omnibus</strong></span> <span class='ocrx_word' id='word_1_719' title='bbox 1907 5018 1962 5074; x_wconf 82' lang='lat' dir='ltr'><strong>in</strong></span> <span class='ocrx_word' id='word_1_720' title='bbox 2013 5035 2145 5074; x_wconf 86' lang='lat' dir='ltr'><strong>arca</strong></span> <span class='ocrx_word' id='word_1_721' title='bbox 2184 5020 2418 5075; x_wconf 90' lang='lat' dir='ltr'><strong>inclusis</strong></span> <span class='ocrx_word' id='word_1_722' title='bbox 2459 5018 2814 5091; x_wconf 72' lang='lat' dir='ltr'><strong>conservatus</strong></span> <span class='ocrx_word' id='word_1_723' title='bbox 2856 5028 2994 5081; x_wconf 86' lang='lat' dir='ltr'><strong>erat,</strong></span> <span class='ocrx_word' id='word_1_724' title='bbox 3053 5018 3372 5091; x_wconf 82' lang='lat' dir='ltr'><strong>hodiernum</strong></span> <span class='ocrx_word' id='word_1_725' title='bbox 3415 5019 3730 5091; x_wconf 63' lang='lat' dir='ltr'><strong>genusho-</strong></span> 
     </span>
    </p>
   </div>
   <div class='ocr_carea' id='block_1_88' title="bbox 486 5087 3726 5163">
    <p class='ocr_par' dir='ltr' id='par_1_88' title="bbox 486 5087 3726 5163">
     <span class='ocr_line' id='line_1_90' title="bbox 486 5087 3726 5163; baseline -0.002 -15"><span class='ocrx_word' id='word_1_726' title='bbox 486 5109 709 5148; x_wconf 79' lang='lat' dir='ltr'><strong>inanum</strong></span> <span class='ocrx_word' id='word_1_727' title='bbox 749 5093 930 5148; x_wconf 90' lang='lat' dir='ltr'><strong>denuo</strong></span> <span class='ocrx_word' id='word_1_728' title='bbox 981 5087 1471 5163; x_wconf 9' lang='lat' dir='ltr'><strong>originemrduxit,</strong></span> <span class='ocrx_word' id='word_1_729' title='bbox 1526 5098 1579 5145; x_wconf 91' lang='lat' dir='ltr'><strong>et</strong></span> <span class='ocrx_word' id='word_1_730' title='bbox 1630 5090 1772 5146; x_wconf 88' lang='lat' dir='ltr'><strong>Deus</strong></span> <span class='ocrx_word' id='word_1_731' title='bbox 1829 5091 2154 5163; x_wconf 73' lang='lat' dir='ltr'><strong>pmnitentia</strong></span> <span class='ocrx_word' id='word_1_732' title='bbox 2217 5099 2432 5163; x_wconf 60' lang='lat' dir='ltr'><strong>cantus</strong></span> <span class='ocrx_word' id='word_1_733' title='bbox 2466 5087 2705 5163; x_wconf 77' lang='lat' dir='ltr'><strong>spondit,</strong></span> <span class='ocrx_word' id='word_1_734' title='bbox 2745 5103 3025 5163; x_wconf 82' lang='lat' dir='ltr'><strong>nunquam</strong></span> <span class='ocrx_word' id='word_1_735' title='bbox 3063 5103 3263 5163; x_wconf 61' lang='lat' dir='ltr'><strong>rursus</strong></span> <span class='ocrx_word' id='word_1_736' title='bbox 3290 5087 3555 5142; x_wconf 86' lang='lat' dir='ltr'><strong>diluvium</strong></span> <span class='ocrx_word' id='word_1_737' title='bbox 3589 5087 3726 5163; x_wconf 76' lang='lat' dir='ltr'><strong>fore,</strong></span> 
     </span>
    </p>
   </div>
   <div class='ocr_carea' id='block_1_89' title="bbox 475 5157 3725 5234">
    <p class='ocr_par' dir='ltr' id='par_1_89' title="bbox 475 5157 3725 5234">
     <span class='ocr_line' id='line_1_91' title="bbox 475 5157 3725 5234; baseline -0.002 -15"><span class='ocrx_word' id='word_1_738' title='bbox 475 5165 728 5234; x_wconf 88' lang='lat' dir='ltr'><strong>quamvis</strong></span> <span class='ocrx_word' id='word_1_739' title='bbox 761 5164 915 5218; x_wconf 89' lang='lat' dir='ltr'><strong>valde</strong></span> <span class='ocrx_word' id='word_1_740' title='bbox 946 5165 1000 5216; x_wconf 92' lang='lat' dir='ltr'><strong>in</strong></span> <span class='ocrx_word' id='word_1_741' title='bbox 1041 5157 1218 5231; x_wconf 77' lang='lat' dir='ltr'><strong>ipsum</strong></span> <span class='ocrx_word' id='word_1_742' title='bbox 1257 5162 1504 5216; x_wconf 88' lang='lat' dir='ltr'><strong>homines</strong></span> <span class='ocrx_word' id='word_1_743' title='bbox 1527 5171 1751 5234; x_wconf 77' lang='lat' dir='ltr'><strong>peccata</strong></span> <span class='ocrx_word' id='word_1_744' title='bbox 1779 5157 2130 5234; x_wconf 84' lang='lat' dir='ltr'><strong>commissuri</strong></span> <span class='ocrx_word' id='word_1_745' title='bbox 2158 5167 2365 5214; x_wconf 87' lang='lat' dir='ltr'><strong>essent.</strong></span> <span class='ocrx_word' id='word_1_746' title='bbox 2400 5157 2733 5234; x_wconf 70' lang='lat' dir='ltr'><strong>Paenitentia</strong></span> <span class='ocrx_word' id='word_1_747' title='bbox 2765 5157 3027 5234; x_wconf 83' lang='lat' dir='ltr'><strong>aute_m_in</strong></span> <span class='ocrx_word' id='word_1_748' title='bbox 3063 5157 3173 5234; x_wconf 80' lang='lat' dir='ltr'><strong>Deo</strong></span> <span class='ocrx_word' id='word_1_749' title='bbox 3212 5174 3319 5234; x_wconf 85' lang='lat' dir='ltr'><strong>non</strong></span> <span class='ocrx_word' id='word_1_750' title='bbox 3345 5169 3434 5214; x_wconf 80' lang='lat' dir='ltr'><strong>est</strong></span> <span class='ocrx_word' id='word_1_751' title='bbox 3474 5158 3725 5234; x_wconf 79' lang='lat' dir='ltr'><strong>mutatio,</strong></span> 
     </span>
    </p>
   </div>
   <div class='ocr_carea' id='block_1_90' title="bbox 476 5228 3726 5302">
    <p class='ocr_par' dir='ltr' id='par_1_90' title="bbox 476 5228 3726 5302">
     <span class='ocr_line' id='line_1_92' title="bbox 476 5228 3726 5302; baseline -0.003 -12"><span class='ocrx_word' id='word_1_752' title='bbox 476 5228 574 5290; x_wconf 68' lang='lat' dir='ltr'><strong>sed</strong></span> <span class='ocrx_word' id='word_1_753' title='bbox 606 5234 954 5302; x_wconf 77' lang='lat' dir='ltr'><strong>benignitatis</strong></span> <span class='ocrx_word' id='word_1_754' title='bbox 988 5228 1406 5302; x_wconf 77' lang='lat' dir='ltr'><strong>argumentum:</strong></span> <span class='ocrx_word' id='word_1_755' title='bbox 1441 5228 1602 5286; x_wconf 72' lang='lat' dir='ltr'><strong>mina:</strong></span> <span class='ocrx_word' id='word_1_756' title='bbox 1633 5231 1778 5285; x_wconf 90' lang='lat' dir='ltr'><strong>enim</strong></span> <span class='ocrx_word' id='word_1_757' title='bbox 1810 5231 1983 5302; x_wconf 83' lang='lat' dir='ltr'><strong>magis</strong></span> <span class='ocrx_word' id='word_1_758' title='bbox 2022 5237 2248 5302; x_wconf 78' lang='lat' dir='ltr'><strong>terrent,</strong></span> <span class='ocrx_word' id='word_1_759' title='bbox 2295 5229 2598 5298; x_wconf 87' lang='lat' dir='ltr'><strong>promissio</strong></span> <span class='ocrx_word' id='word_1_760' title='bbox 2637 5244 2766 5284; x_wconf 89' lang='lat' dir='ltr'><strong>vero</strong></span> <span class='ocrx_word' id='word_1_761' title='bbox 2811 5228 3174 5302; x_wconf 64' lang='lat' dir='ltr'><strong>indulgentiae</strong></span> <span class='ocrx_word' id='word_1_762' title='bbox 3212 5230 3294 5284; x_wconf 82' lang='lat' dir='ltr'><strong>vel</strong></span> <span class='ocrx_word' id='word_1_763' title='bbox 3343 5229 3726 5302; x_wconf 73' lang='lat' dir='ltr'><strong>peccatoribus</strong></span> 
     </span>
    </p>
   </div>
   <div class='ocr_carea' id='block_1_91' title="bbox 475 5298 3726 5372">
    <p class='ocr_par' dir='ltr' id='par_1_91' title="bbox 475 5298 3726 5372">
     <span class='ocr_line' id='line_1_93' title="bbox 475 5298 3726 5372; baseline -0.002 -14"><span class='ocrx_word' id='word_1_764' title='bbox 475 5298 793 5358; x_wconf 65' lang='lat' dir='ltr'><strong>exhibenda:</strong></span> <span class='ocrx_word' id='word_1_765' title='bbox 823 5298 1095 5357; x_wconf 77' lang='lat' dir='ltr'><strong>summum</strong></span> <span class='ocrx_word' id='word_1_766' title='bbox 1128 5317 1256 5372; x_wconf 88' lang='lat' dir='ltr'><strong>erga</strong></span> <span class='ocrx_word' id='word_1_767' title='bbox 1278 5301 1527 5372; x_wconf 79' lang='lat' dir='ltr'><strong>homines</strong></span> <span class='ocrx_word' id='word_1_768' title='bbox 1561 5315 1802 5372; x_wconf 81' lang='lat' dir='ltr'><strong>amorem</strong></span> <span class='ocrx_word' id='word_1_769' title='bbox 1827 5298 2049 5354; x_wconf 84' lang='lat' dir='ltr'><strong>indicat.</strong></span> <span class='ocrx_word' id='word_1_770' title='bbox 2079 5299 2200 5352; x_wconf 85' lang='lat' dir='ltr'><strong>Alio</strong></span> <span class='ocrx_word' id='word_1_771' title='bbox 2240 5307 2420 5372; x_wconf 77' lang='lat' dir='ltr'><strong>autem</strong></span> <span class='ocrx_word' id='word_1_772' title='bbox 2463 5307 2740 5372; x_wconf 78' lang='lat' dir='ltr'><strong>tempore,</strong></span> <span class='ocrx_word' id='word_1_773' title='bbox 2775 5313 2900 5352; x_wconf 91' lang='lat' dir='ltr'><strong>cum</strong></span> <span class='ocrx_word' id='word_1_774' title='bbox 2938 5313 3110 5372; x_wconf 81' lang='lat' dir='ltr'><strong>genus</strong></span> <span class='ocrx_word' id='word_1_775' title='bbox 3162 5298 3471 5372; x_wconf 75' lang='lat' dir='ltr'><strong>humanum</strong></span> <span class='ocrx_word' id='word_1_776' title='bbox 3496 5299 3551 5352; x_wconf 91' lang='lat' dir='ltr'><strong>in</strong></span> <span class='ocrx_word' id='word_1_777' title='bbox 3579 5305 3726 5372; x_wconf 81' lang='lat' dir='ltr'><strong>terra</strong></span> 
     </span>
    </p>
   </div>
   <div class='ocr_carea' id='block_1_92' title="bbox 477 5368 3729 5440">
    <p class='ocr_par' dir='ltr' id='par_1_92' title="bbox 477 5368 3729 5440">
     <span class='ocr_line' id='line_1_94' title="bbox 477 5368 3729 5440; baseline -0.002 -13"><span class='ocrx_word' id='word_1_778' title='bbox 477 5373 865 5435; x_wconf 89' lang='lat' dir='ltr'><strong>increbuisset,</strong></span> <span class='ocrx_word' id='word_1_779' title='bbox 894 5380 948 5428; x_wconf 91' lang='lat' dir='ltr'><strong>et</strong></span> <span class='ocrx_word' id='word_1_780' title='bbox 981 5372 1150 5426; x_wconf 89' lang='lat' dir='ltr'><strong>multa</strong></span> <span class='ocrx_word' id='word_1_781' title='bbox 1180 5368 1236 5425; x_wconf 79' lang='lat' dir='ltr'><strong>in</strong></span> <span class='ocrx_word' id='word_1_782' title='bbox 1277 5373 1448 5426; x_wconf 78' lang='lat' dir='ltr'><strong>Deum</strong></span> <span class='ocrx_word' id='word_1_783' title='bbox 1476 5370 1644 5440; x_wconf 90' lang='lat' dir='ltr'><strong>impie</strong></span> <span class='ocrx_word' id='word_1_784' title='bbox 1673 5378 1881 5440; x_wconf 89' lang='lat' dir='ltr'><strong>ageret,</strong></span> <span class='ocrx_word' id='word_1_785' title='bbox 1912 5377 1968 5424; x_wconf 93' lang='lat' dir='ltr'><strong>et</strong></span> <span class='ocrx_word' id='word_1_786' title='bbox 2000 5383 2115 5440; x_wconf 89' lang='lat' dir='ltr'><strong>una</strong></span> <span class='ocrx_word' id='word_1_787' title='bbox 2140 5376 2358 5422; x_wconf 89' lang='lat' dir='ltr'><strong>tantum</strong></span> <span class='ocrx_word' id='word_1_788' title='bbox 2388 5368 2575 5440; x_wconf 80' lang='lat' dir='ltr'><strong>lingua</strong></span> <span class='ocrx_word' id='word_1_789' title='bbox 2612 5370 2821 5440; x_wconf 82' lang='lat' dir='ltr'><strong>ubique</strong></span> <span class='ocrx_word' id='word_1_790' title='bbox 2850 5378 3022 5440; x_wconf 82' lang='lat' dir='ltr'><strong>esset,</strong></span> <span class='ocrx_word' id='word_1_791' title='bbox 3056 5369 3298 5440; x_wconf 89' lang='lat' dir='ltr'><strong>ineptum</strong></span> <span class='ocrx_word' id='word_1_792' title='bbox 3341 5370 3475 5437; x_wconf 90' lang='lat' dir='ltr'><strong>quid</strong></span> <span class='ocrx_word' id='word_1_793' title='bbox 3507 5369 3729 5440; x_wconf 73' lang='lat' dir='ltr'><strong>excogi-</strong></span> 
     </span>
    </p>
   </div>
   <div class='ocr_carea' id='block_1_93' title="bbox 477 5437 3726 5507">
    <p class='ocr_par' dir='ltr' id='par_1_93' title="bbox 477 5437 3726 5507">
     <span class='ocr_line' id='line_1_95' title="bbox 477 5437 3726 5507; baseline -0.002 -11"><span class='ocrx_word' id='word_1_794' title='bbox 477 5449 663 5496; x_wconf 87' lang='lat' dir='ltr'><strong>tarunt</strong></span> <span class='ocrx_word' id='word_1_795' title='bbox 695 5443 966 5504; x_wconf 86' lang='lat' dir='ltr'><strong>homines.</strong></span> <span class='ocrx_word' id='word_1_796' title='bbox 1006 5443 1216 5497; x_wconf 85' lang='lat' dir='ltr'><strong>scilicet</strong></span> <span class='ocrx_word' id='word_1_797' title='bbox 1241 5441 1513 5495; x_wconf 86' lang='lat' dir='ltr'><strong>machinis</strong></span> <span class='ocrx_word' id='word_1_798' title='bbox 1547 5437 1878 5507; x_wconf 72' lang='lat' dir='ltr'><strong>quibusdam</strong></span> <span class='ocrx_word' id='word_1_799' title='bbox 1913 5441 1970 5493; x_wconf 91' lang='lat' dir='ltr'><strong>in</strong></span> <span class='ocrx_word' id='word_1_800' title='bbox 2014 5439 2216 5492; x_wconf 71' lang='lat' dir='ltr'><strong>cmlum</strong></span> <span class='ocrx_word' id='word_1_801' title='bbox 2244 5437 2564 5498; x_wconf 84' lang='lat' dir='ltr'><strong>ascendere,</strong></span> <span class='ocrx_word' id='word_1_802' title='bbox 2599 5437 2774 5507; x_wconf 87' lang='lat' dir='ltr'><strong>quare</strong></span> <span class='ocrx_word' id='word_1_803' title='bbox 2811 5439 2923 5492; x_wconf 91' lang='lat' dir='ltr'><strong>luto</strong></span> <span class='ocrx_word' id='word_1_804' title='bbox 2956 5437 3330 5506; x_wconf 82' lang='lat' dir='ltr'><strong>lateribusque</strong></span> <span class='ocrx_word' id='word_1_805' title='bbox 3361 5439 3726 5507; x_wconf 80' lang='lat' dir='ltr'><strong>comportatis</strong></span> 
     </span>
    </p>
   </div>
   <div class='ocr_carea' id='block_1_94' title="bbox 480 5457 3721 5582">
    <p class='ocr_par' dir='ltr' id='par_1_94' title="bbox 480 5457 3721 5582">
     <span class='ocr_line' id='line_1_96' title="bbox 480 5457 3721 5507; baseline -0.002 -11"><span class='ocrx_word' id='word_1_806' title='bbox 480 5457 663 5496; x_wconf 78' lang='lat' dir='ltr'><strong>larunt</strong></span> <span class='ocrx_word' id='word_1_807' title='bbox 695 5457 966 5504; x_wconf 77' lang='lat' dir='ltr'><strong>nomines.</strong></span> <span class='ocrx_word' id='word_1_808' title='bbox 1006 5457 1216 5497; x_wconf 71' lang='grc' dir='ltr'>εειιιοει</span> <span class='ocrx_word' id='word_1_809' title='bbox 1241 5457 1513 5495; x_wconf 84' lang='lat' dir='ltr'><strong>macmnls</strong></span> <span class='ocrx_word' id='word_1_810' title='bbox 1587 5457 1878 5495; x_wconf 76' lang='grc' dir='ltr'>υιυυεαιιιιι</span> <span class='ocrx_word' id='word_1_811' title='bbox 1914 5457 1970 5493; x_wconf 81' lang='lat' dir='ltr'><strong>Ill</strong></span> <span class='ocrx_word' id='word_1_812' title='bbox 2014 5457 2216 5492; x_wconf 73' lang='lat' dir='ltr'><strong>canum</strong></span> <span class='ocrx_word' id='word_1_813' title='bbox 2244 5457 2564 5498; x_wconf 82' lang='lat' dir='ltr'><strong>ascenuere,</strong></span> <span class='ocrx_word' id='word_1_814' title='bbox 2599 5457 2774 5507; x_wconf 84' lang='lat' dir='ltr'><strong>quare</strong></span> <span class='ocrx_word' id='word_1_815' title='bbox 2811 5457 2923 5492; x_wconf 87' lang='grc' dir='ltr'><strong>ΙΙΙιο</strong></span> <span class='ocrx_word' id='word_1_816' title='bbox 2956 5457 3330 5506; x_wconf 75' lang='lat' dir='ltr'><strong>lateribusque</strong></span> <span class='ocrx_word' id='word_1_817' title='bbox 3361 5457 3721 5507; x_wconf 81' lang='lat' dir='ltr'><strong>comportatis</strong></span> 
     </span>
     <span class='ocr_line' id='line_1_97' title="bbox 480 5457 3721 5582; baseline -0.002 -16"><span class='ocrx_word' id='word_1_818' title='bbox 480 5513 680 5582; x_wconf 84' lang='lat' dir='ltr'><strong>turrim</strong></span> <span class='ocrx_word' id='word_1_819' title='bbox 712 5513 984 5567; x_wconf 67' lang='lat' dir='ltr'><strong>aediﬁcare</strong></span> <span class='ocrx_word' id='word_1_820' title='bbox 1015 5509 1256 5582; x_wconf 80' lang='lat' dir='ltr'><strong>aggressi</strong></span> <span class='ocrx_word' id='word_1_821' title='bbox 1283 5457 1580 5567; x_wconf 56' lang='lat' dir='ltr'><strong>sunt.Se§</strong></span> <span class='ocrx_word' id='word_1_822' title='bbox 1601 5525 1726 5582; x_wconf 88' lang='lat' dir='ltr'><strong>cum</strong></span> <span class='ocrx_word' id='word_1_823' title='bbox 1755 5508 2130 5582; x_wconf 66' lang='lat' dir='ltr'><strong>aediliciumin</strong></span> <span class='ocrx_word' id='word_1_824' title='bbox 2153 5509 2334 5582; x_wconf 75' lang='lat' dir='ltr'><strong>altum</strong></span> <span class='ocrx_word' id='word_1_825' title='bbox 2391 5522 2692 5582; x_wconf 80' lang='lat' dir='ltr'><strong>exsurgere</strong></span> <span class='ocrx_word' id='word_1_826' title='bbox 2747 5508 3054 5582; x_wconf 66' lang='lat' dir='ltr'><strong>videretur,</strong></span> <span class='ocrx_word' id='word_1_827' title='bbox 3064 5508 3414 5582; x_wconf 44' lang='lat' dir='ltr'><strong>“linguarum</strong></span> <span class='ocrx_word' id='word_1_828' title='bbox 3466 5506 3721 5560; x_wconf 79' lang='lat' dir='ltr'><strong>confusio</strong></span> 
     </span>
    </p>
   </div>
   <div class='ocr_carea' id='block_1_95' title="bbox 475 5577 3722 5650">
    <p class='ocr_par' dir='ltr' id='par_1_95' title="bbox 475 5577 3722 5650">
     <span class='ocr_line' id='line_1_98' title="bbox 475 5577 3722 5650; baseline -0.003 -14"><span class='ocrx_word' id='word_1_829' title='bbox 475 5581 726 5650; x_wconf 58' lang='lat' dir='ltr'><strong>quasdam</strong></span> <span class='ocrx_word' id='word_1_830' title='bbox 757 5582 938 5637; x_wconf 90' lang='lat' dir='ltr'><strong>subito</strong></span> <span class='ocrx_word' id='word_1_831' title='bbox 969 5577 1170 5636; x_wconf 58' lang='lat' dir='ltr'><strong>acc&#39;iilit</strong></span> <span class='ocrx_word' id='word_1_832' title='bbox 1196 5583 1414 5637; x_wconf 90' lang='lat' dir='ltr'><strong>stolidis</strong></span> <span class='ocrx_word' id='word_1_833' title='bbox 1443 5581 1576 5644; x_wconf 89' lang='lat' dir='ltr'><strong>illis,</strong></span> <span class='ocrx_word' id='word_1_834' title='bbox 1603 5581 1739 5635; x_wconf 89' lang='lat' dir='ltr'><strong>adeo</strong></span> <span class='ocrx_word' id='word_1_835' title='bbox 1774 5588 1834 5633; x_wconf 93' lang='lat' dir='ltr'><strong>ut</strong></span> <span class='ocrx_word' id='word_1_836' title='bbox 1865 5578 2190 5647; x_wconf 88' lang='lat' dir='ltr'><strong>perturbati,</strong></span> <span class='ocrx_word' id='word_1_837' title='bbox 2222 5578 2352 5647; x_wconf 86' lang='lat' dir='ltr'><strong>quia</strong></span> <span class='ocrx_word' id='word_1_838' title='bbox 2385 5577 2498 5644; x_wconf 87' lang='lat' dir='ltr'><strong>jam</strong></span> <span class='ocrx_word' id='word_1_839' title='bbox 2537 5593 2596 5631; x_wconf 85' lang='lat' dir='ltr'><strong>se</strong></span> <span class='ocrx_word' id='word_1_840' title='bbox 2651 5577 3234 5650; x_wconf 74' lang='lat' dir='ltr'><strong>in_vicemintelligere</strong></span> <span class='ocrx_word' id='word_1_841' title='bbox 3269 5577 3412 5632; x_wconf 83' lang='lat' dir='ltr'><strong>haud</strong></span> <span class='ocrx_word' id='word_1_842' title='bbox 3448 5583 3722 5650; x_wconf 83' lang='lat' dir='ltr'><strong>poterant,</strong></span> 
     </span>
    </p>
   </div>
   <div class='ocr_carea' id='block_1_96' title="bbox 475 5647 3723 5732">
    <p class='ocr_par' dir='ltr' id='par_1_96' title="bbox 475 5647 3723 5732">
     <span class='ocr_line' id='line_1_99' title="bbox 475 5647 3723 5732; baseline -0.002 -29"><span class='ocrx_word' id='word_1_843' title='bbox 475 5647 628 5732; x_wconf 64' lang='lat' dir='ltr'><strong>operi</strong></span> <span class='ocrx_word' id='word_1_844' title='bbox 653 5651 1082 5732; x_wconf 40' lang='lat' dir='ltr'><strong>inceptu-linem</strong></span> <span class='ocrx_word' id='word_1_845' title='bbox 1105 5651 1393 5732; x_wconf 70' lang='lat' dir='ltr'><strong>imponere</strong></span> <span class='ocrx_word' id='word_1_846' title='bbox 1424 5659 1774 5732; x_wconf 73' lang='lat' dir='ltr'><strong>cogerentur.</strong></span> <span class='ocrx_word' id='word_1_847' title='bbox 1805 5651 2074 5732; x_wconf 65' lang='lat' dir='ltr'><strong>Caeterum</strong></span> <span class='ocrx_word' id='word_1_848' title='bbox 2105 5663 2248 5732; x_wconf 78' lang='lat' dir='ltr'><strong>unus</strong></span> <span class='ocrx_word' id='word_1_849' title='bbox 2284 5655 2498 5732; x_wconf 57' lang='lat' dir='ltr'><strong>tantum</strong></span> <span class='ocrx_word' id='word_1_850' title='bbox 2545 5650 2652 5728; x_wconf 75' lang='lat' dir='ltr'><strong>vir,</strong></span> <span class='ocrx_word' id='word_1_851' title='bbox 2694 5647 3124 5732; x_wconf 32' lang='lat' dir='ltr'><strong>Eberndictus,’</strong></span> <span class='ocrx_word' id='word_1_852' title='bbox 3146 5648 3366 5701; x_wconf 87' lang='lat' dir='ltr'><strong>illorum</strong></span> <span class='ocrx_word' id='word_1_853' title='bbox 3428 5648 3723 5700; x_wconf 88' lang='lat' dir='ltr'><strong>amentiam</strong></span> 
     </span>
    </p>
   </div>
   <div class='ocr_carea' id='block_1_97' title="bbox 477 5715 2966 5791">
    <p class='ocr_par' dir='ltr' id='par_1_97' title="bbox 477 5715 2966 5791">
     <span class='ocr_line' id='line_1_100' title="bbox 477 5715 2966 5791; baseline -0.001 -17"><span class='ocrx_word' id='word_1_854' title='bbox 477 5715 817 5789; x_wconf 73' lang='lat' dir='ltr'><strong>improbasse</strong></span> <span class='ocrx_word' id='word_1_855' title='bbox 853 5721 1075 5776; x_wconf 90' lang='lat' dir='ltr'><strong>dicitur.</strong></span> <span class='ocrx_word' id='word_1_856' title='bbox 1104 5715 1319 5790; x_wconf 60' lang='lat' dir='ltr'><strong>laneam</strong></span> <span class='ocrx_word' id='word_1_857' title='bbox 1357 5715 1536 5776; x_wconf 79' lang='lat' dir='ltr'><strong>autem</strong></span> <span class='ocrx_word' id='word_1_858' title='bbox 1567 5721 1804 5791; x_wconf 88' lang='lat' dir='ltr'><strong>pluviam</strong></span> <span class='ocrx_word' id='word_1_859' title='bbox 1832 5726 2020 5774; x_wconf 89' lang='lat' dir='ltr'><strong>noster</strong></span> <span class='ocrx_word' id='word_1_860' title='bbox 2051 5715 2293 5771; x_wconf 83' lang='lat' dir='ltr'><strong>fulmina</strong></span> <span class='ocrx_word' id='word_1_861' title='bbox 2335 5715 2673 5772; x_wconf 89' lang='lat' dir='ltr'><strong>Sodomitica</strong></span> <span class='ocrx_word' id='word_1_862' title='bbox 2706 5718 2966 5787; x_wconf 87' lang='lat' dir='ltr'><strong>appellat.</strong></span> 
     </span>
    </p>
   </div>
   <div class='ocr_carea' id='block_1_98' title="bbox 545 5813 3730 5891">
    <p class='ocr_par' dir='ltr' id='par_1_98' title="bbox 545 5813 3730 5891">
     <span class='ocr_line' id='line_1_101' title="bbox 545 5813 3730 5891; baseline -0 -20"><span class='ocrx_word' id='word_1_863' title='bbox 545 5816 720 5872; x_wconf 74' lang='lat' dir='ltr'><strong>Adam</strong></span> <span class='ocrx_word' id='word_1_864' title='bbox 758 5820 966 5890; x_wconf 88' lang='lat' dir='ltr'><strong>primus</strong></span> <span class='ocrx_word' id='word_1_865' title='bbox 991 5833 1021 5873; x_wconf 93' lang='lat' dir='ltr'><strong>a</strong></span> <span class='ocrx_word' id='word_1_866' title='bbox 1055 5817 1164 5874; x_wconf 90' lang='lat' dir='ltr'><strong>Deo</strong></span> <span class='ocrx_word' id='word_1_867' title='bbox 1209 5817 1273 5873; x_wconf 88' lang='lat' dir='ltr'><strong>ad</strong></span> <span class='ocrx_word' id='word_1_868' title='bbox 1329 5832 1484 5874; x_wconf 90' lang='lat' dir='ltr'><strong>suam</strong></span> <span class='ocrx_word' id='word_1_869' title='bbox 1515 5817 1688 5891; x_wconf 91' lang='lat' dir='ltr'><strong>ipsius</strong></span> <span class='ocrx_word' id='word_1_870' title='bbox 1716 5817 2010 5890; x_wconf 86' lang='lat' dir='ltr'><strong>imaginem</strong></span> <span class='ocrx_word' id='word_1_871' title='bbox 2048 5823 2265 5872; x_wconf 87' lang='lat' dir='ltr'><strong>creatus</strong></span> <span class='ocrx_word' id='word_1_872' title='bbox 2300 5814 2483 5882; x_wconf 87' lang='lat' dir='ltr'><strong>homo,</strong></span> <span class='ocrx_word' id='word_1_873' title='bbox 2513 5815 2603 5868; x_wconf 90' lang='lat' dir='ltr'><strong>cui</strong></span> <span class='ocrx_word' id='word_1_874' title='bbox 2637 5813 2925 5884; x_wconf 86' lang='lat' dir='ltr'><strong>imperium</strong></span> <span class='ocrx_word' id='word_1_875' title='bbox 2961 5813 3018 5869; x_wconf 88' lang='lat' dir='ltr'><strong>in</strong></span> <span class='ocrx_word' id='word_1_876' title='bbox 3059 5820 3232 5871; x_wconf 86' lang='lat' dir='ltr'><strong>totam</strong></span> <span class='ocrx_word' id='word_1_877' title='bbox 3265 5822 3469 5872; x_wconf 87' lang='lat' dir='ltr'><strong>terram</strong></span> <span class='ocrx_word' id='word_1_878' title='bbox 3500 5825 3730 5870; x_wconf 70' lang='lat' dir='ltr'><strong>conces-</strong></span> 
     </span>
    </p>
   </div>
  </div>
