4180 6350
371 394 479 453 863

372 512 693 584 ἀνελομένη,
719 513 817 586 τὴν
845 515 1213 587 ἀκροϐυστίαν
1240 518 1515 591 ἀπέκοψεν
1544 525 1732 591 αὑτοῦ,
1765 527 1953 598 στῆναι

372 604 553 676 φήσας
606 604 666 657 τὸ
717 600 856 677 αἷμα
902 608 1007 677 τῆς
1060 610 1365 681 περιτομῆς
1420 613 1516 666 τοῦ
1572 616 1824 670 παιδίουο
1879 618 1957 681 ὡς

371 695 618 749 ἐντεῦθεν
659 697 751 750 τὸν
779 698 1013 767 ἄγγελον
1056 704 1387 773 φεισάμενον
1432 705 1819 780 ὑποχωρῆσαιο
1858 709 1954 763 τοῦ

368 783 426 838 δὲ
471 786 754 851 Μωῦσέως
802 789 943 841 κατά
996 790 1059 842 τὸ
1092 792 1256 862 Σηεὶρ
1301 793 1428 865 ὅρος
1480 798 1775 866 γενομένου
1795 838 1810 863 ,
1862 798 1955 851 τὸν

370 874 535 928 αὐτοῦ
564 877 791 946 ἀδελφὸν
815 878 876 932 ἔκ
904 897 1049 943 τινος
1080 885 1465 955 χρηματισμοῦ
1495 887 1637 940 κατὰ
1676 886 1773 959 τὴν
1822 888 1954 959 ἐρη-

372 982 473 1035 μον
499 965 648 1036 αὐτῷ
682 970 1090 1039 συναντήσαντα
1132 970 1150 1042 (
1181 971 1391 1043 Ἀαρὼν
1428 973 1486 1026 δέ
1514 974 1687 1046 ὄνομα
1722 976 1953 1047 τούτῳ),

368 1056 477 1109 τῶν
508 1058 613 1112 ὑπὸ
647 1058 782 1112 Θεοῦ
816 1062 1307 1133 προστεταγμένων
1335 1065 1483 1135 αὐτῷ
1518 1068 1952 1139 κοινωσάμενον,

370 1150 574 1219 ἀμφοῖν
619 1151 919 1222 ἐμφανίσαι
970 1152 1185 1222 λέγεται
1227 1160 1340 1220 τοῖς
1403 1158 1799 1231 Ἰσραηλίταιςο
1862 1163 1975 1221 καὶ,

367 1238 437 1291 τὰ
503 1239 603 1310 μὲν
658 1239 849 1311 πρῶτα
899 1243 1236 1314 χαρήσεσθαι
1290 1246 1548 1311 τούτους,
1615 1252 1664 1303 εί
1725 1250 1802 1322 μὴ
1858 1252 1953 1305 τοῦ

367 1331 567 1403 Φαραὼ
625 1333 721 1387 τοῦ
783 1336 1207 1406 προστάγματος
1264 1340 1683 1411 ἐπενεχθέντος,
1741 1343 1775 1413 ὴ
1844 1342 1955 1397 τῶν

368 1424 587 1497 ἀχύρων
641 1430 754 1489 τοῖς
802 1427 1185 1499 πλινθουργοῖς
1234 1433 1641 1503 ἀποστέρησις,
1696 1435 1951 1505 πικροτέδ

373 1532 473 1586 ραν
529 1521 645 1582 τοῖς
693 1519 963 1589 κάμνουσι
1016 1524 1244 1591 παρεῖχε
1300 1522 1398 1593 τὴν
1430 1523 1698 1595 ἀλγηδόνα
1717 1540 1730 1554 ·
1775 1542 1953 1596 μεμαο

371 1609 649 1680 στιγμένοι
686 1626 745 1662 τε
794 1610 1056 1682 καὶπρὸς
1120 1612 1353 1684 ἀπορίαν
1399 1614 1636 1686 παντελῆ
1689 1615 1952 1687 ἐληλακόο

365 1718 459 1764 τες
477 1741 493 1763 ,
520 1701 613 1754 τὸν
641 1702 881 1756 Μωῦσέα
904 1702 1362 1775 διαλοιδοροῦνται
1406 1706 1500 1759 καὶ
1548 1708 1642 1760 τὸν
1698 1706 1911 1779 Ἀαρών
1933 1722 1949 1739 ⁶

366 1792 463 1846 τοῦ
494 1793 550 1846 δὲ
587 1793 725 1847 Θεοῦ
754 1795 1153 1866 παρορμῶντος
1207 1798 1439 1865 αὐτοὺς,
1497 1799 1744 1869 σημείοις
1771 1816 1831 1852 τε
1859 1798 1953 1851 καὶ

365 1885 588 1954 τέρασιν
638 1880 723 1948 οἷς
779 1885 1017 1955 καθεξῆς
1065 1886 1176 1940 τῶν
1225 1887 1399 1957 λόγων
1470 1890 1771 1960 προϊόντων
1831 1890 1953 1943 κατ’

370 1972 509 2040 εἶδος
554 1976 907 2048 σημανοῦμεν
962 1978 1416 2045 καθοπλίζοντος,
1464 1981 1690 2044 πολλαῖς
1735 1982 1837 2052 μὲν
1862 1982 1955 2034 Δί’-

370 2082 574 2133 γυπτον
632 2070 943 2137 συμφοραῖς
1014 2069 1544 2141 μεμαστιγωμένην,
1620 2069 1844 2133 πολλαῖς
1894 2070 1953 2123 δὲ

370 2156 606 2226 πληγαῖς
644 2158 879 2212 πάντοσε
925 2160 1308 2230 τετρωμένην,
1350 2158 1452 2229 ὀψὲ
1504 2160 1635 2229 γοῦν
1686 2161 1955 2233 πανσυδίῃ

367 2248 470 2318 τῆς
519 2250 831 2317 Αἰγυπτίων
885 2250 1182 2315 κακώσεως
1226 2252 1325 2305 σὺν
1375 2252 1523 2324 χειρὶ
1569 2253 1808 2324 κραταιᾷ
1858 2254 1953 2306 καὶ

368 2339 615 2411 βραχίονι
644 2340 864 2412 ὑψηλῷ,
889 2341 1093 2412 ταύτην
1119 2345 1176 2395 ἐν
1207 2342 1457 2413 ἐσχάτοις
1491 2345 1682 2406 κακοῖς
1700 2343 1951 2412 ἀφέντες,

366 2435 785 2504 ἀπηλλάγησανο
823 2435 1075 2488 ἐντεῦθεν
1112 2436 1390 2491 θάλασσαν
1427 2437 1527 2508 μὲν
1558 2436 1952 2507 ὁδοιπορήσαν-

365 2541 459 2587 τες
491 2525 661 2595 μέσην
699 2524 957 2596 ἀϐρὸχοις
1006 2528 1185 2590 ποσὶν,
1220 2528 1312 2581 ὑπ’
1344 2528 1539 2599 ἐκείνῳ
1566 2527 1623 2580 δὲ
1646 2527 1708 2580 τὸ
1748 2526 1952 2600 Χωρὴῦ

366 2616 493 2690 ὅρος
532 2617 919 2688 ὁδηγηθέντες,
948 2619 1100 2682 θείας
1138 2618 1416 2686 ἀξιοῦνται
1460 2619 1809 2691 νομοθεσίας
1858 2620 1952 2673 τοῦ

366 2710 645 2773 Μωῦσέως
674 2712 947 2782 φανερῶς,
972 2712 1047 2775 ὡς
1076 2712 1204 2765 ἰδεῖν
1235 2711 1402 2775 είκὸς,
1433 2712 1534 2782 τῆς
1558 2711 1695 2765 Θεοῦ
1721 2711 1954 2785 θεωρίας

366 2802 708 2869 ἀξιωθέντος.

367 2895 475 2951 5ιὸ
530 2897 754 2963 Πιστὸς
824 2896 919 2950 ἐνὶ
984 2900 1326 2966 προτέροισι
1388 2898 1696 3023 θυηπόῗςὲ
1769 2898 1955 2985 ἔσκεν

1701 2985 1880 3023 αοων.

1701 2985 1880 3022 αοων.

1637 2970 1738 3023 ‘Aa
1798 2968 1809 2985 '
1866 3010 1880 3022 .

438 3052 607 3123 Οὗτος
660 3057 869 3131 Ἀαρὼν
907 3059 1188 3121 Μωῦσέως
1236 3058 1312 3112 ὣν
1351 2968 1621 3129 ἀδελφὸςξ
1660 2987 1953 3133 ἀρᾷέἔεὺς

366 3145 435 3218 ῆν
460 3149 555 3203 τοῦ
596 3151 734 3204 Θεοῦ
774 3152 1065 3222 προφήτης
1096 3150 1381 3222 ὑπάρχων,
1419 3152 1514 3205 καὶ
1545 3152 1641 3206 τοῦ
1685 3152 1817 3205 λαοῦ
1856 3153 1954 3207 σὺν

370 3242 445 3312 τῷ
475 3242 674 3315 Μωῦσῇ
702 3242 947 3315 καθηγοῦ
956 3260 1139 3315 μενος.

369 3330 477 3385 517
512 3331 688 3403 Μήνῃ
712 3332 764 3386 δ’
779 3334 964 3402 ἠελίῳ
984 3348 1049 3387 τε
1074 3333 1299 3404 δρόμον
1320 3334 1540 3404 σχέθεν
1555 3333 1670 3402 ἠῢς
1699 3333 1952 3401 Ἰησοῦς.

440 3446 548 3502 Τοῦ
585 3448 866 3512 Μωῦσέως
916 3446 1284 3519 μεταστάντος
1334 3448 1428 3502 καὶ
1488 3447 1719 3520 Ἀαρὼν,
1766 3448 1955 3502 τοῦτον

382 3540 592 3611 Ἰησοῦν
626 3540 743 3594 υἱὸν
770 3540 899 3594 ὅντα
930 3541 1109 3611 Ναυῆ,
1142 3538 1237 3593 τοῦ
1261 3540 1393 3594 λαοῦ
1428 3540 1786 3612 προηγεῖσθαι
1820 3540 1959 3611 πρὸς

368 3634 471 3703 ¹τὴν
520 3632 621 3704 τῆς
674 3631 1009 3702 ἐπαγγελίας
1051 3632 1156 3703 γῆν
1197 3634 1226 3685 ὀ
1257 3632 1391 3695 Θεὸς
1430 3622 1957 3703 διατάσσεταιοένῇ

1395 400 1489 457 AD
1525 400 1837 459 CARMINA
1877 406 1936 463 S.
1985 404 2311 464 GREGORII
2352 402 2603 463 THEOL.

3534 409 3647 467 570

2057 526 2160 598 γῆν
2185 527 2523 597 ἐπιθεμένων
2557 525 2902 597 ὁμοθυμαδὸν
2938 525 3088 596 αύτῷ
3114 524 3205 579 τοῦ
3241 526 3481 598 πολέμου
3504 545 3640 598 κρα-

2054 621 2247 690 τήσας,
2279 618 2540 690 μέλλοντα
2584 618 2737 671 δῦναι
2768 618 2862 671 τὸν
2884 619 3034 689 ἥλιον
3079 618 3284 689 ἐπέχει,
3316 619 3520 690 στήσας
3548 620 3641 673 ἐπὶ

2054 710 2148 764 τοῦ
2195 712 2473 781 ὀχήματος
2507 708 2670 763 αὐτὸν
2702 708 2871 780 τριῶν
2903 710 2987 777 ἐφ’
3010 708 3169 779 ὡρῶν
3207 709 3505 781 διάστημα,
3546 711 3641 781 μέ-

2053 820 2146 874 χρι
2167 800 2467 866 παντελοῦς
2501 800 2780 866 ἀπωλείας
2806 799 2915 853 τῶν
2948 800 3236 854 ἐναντίων·
3266 799 3344 872 τῷ
3373 801 3474 872 μὲν
3506 801 3641 872 ἡλίῳ

2055 894 2197 947 κατά
2222 893 2419 947 Γαϐαῶ
2446 892 2661 963 κώμην,
2692 892 2863 963 βραχὺ
2895 890 2998 959 τῆς
3042 891 3396 963 Ἰερουσαλὴμ
3427 891 3642 962 διεστη-

2056 986 2235 1048 κυῖαν,
2269 987 2336 1055 τῇ
2377 984 2435 1037 δὲ
2477 983 2677 1056 σελήνῃ
2719 982 2861 1036 κατὰ
2893 981 3154 1053 φάραγγα
3181 982 3377 1048 Σελὼν,
3404 982 3497 1037 τὸν
3518 982 3642 1055 δρό-

2059 1090 2159 1144 μον
2185 1072 2474 1143 κατασχών
2499 1088 2514 1105 °
2549 1071 2830 1126 συλλαϐὼν
2857 1073 2913 1125 δὲ
2940 1072 3038 1126 καὶ
3060 1073 3186 1135 τοὺς
3212 1074 3376 1126 πέντε
3402 1072 3641 1143 βασιλεῖς

2055 1166 2114 1219 ἐν
2167 1164 2417 1236 σπηλαίῳ
2458 1163 2568 1217 τινὶ
2603 1162 2956 1227 καταδύντας,
3003 1164 3095 1216 ἐπὶ
3144 1162 3314 1228 ξύλων
3356 1165 3638 1235 κρεμάσας

2054 1256 2231 1309 ἀνεῖλε
2252 1273 2265 1285 ·
2299 1256 2399 1327 τῆς
2420 1255 2480 1309 δέ
2511 1256 2615 1326 γῆς
2651 1257 3116 1327 κατακρατήσας,
3149 1254 3356 1326 ταύτην
3392 1256 3644 1328 κληροδο-

2053 1351 2138 1401 τεῖ
2158 1350 2277 1411 ταῖς
2297 1346 2739 1417 ύπολειφθείσαις
2767 1346 2961 1416 φυλαῖς
2983 1346 3075 1400 τοῦ
3114 1347 3150 1400 Ἰ
3160 1348 3353 1419 σραήλ.

2060 1460 2164 1516 519
2202 1459 2312 1514 Καὶ
2335 1458 2439 1526 σὺ,
2475 1456 2697 1528 μάκαρ,
2729 1456 3639 1600 χριστοῖσισφέρωτὶἓιέρας,ήα²γνὲ

3306 1545 3458 1598 αμου
3551 1571 3567 1585 .

3306 1545 3567 1598 αμουηλ.

2124 1614 2293 1685 οὗτός
2338 1622 2455 1675 ἐστι
2507 1620 2766 1691 Σαμουὴλ
2802 1621 2831 1674 ὁ
2879 1620 3102 1692 κριτὴς,
3134 1622 3164 1674 ὁ
3209 1621 3326 1692 μετ’
3362 1620 3510 1674 Ἠλεὶ
3546 1621 3640 1675 τὸν

2056 1714 2207 1785 ἱερέα
2237 1714 2432 1785 κρίνας
2460 1711 2553 1768 τὸν
2594 1712 2811 1785 Ἰσραήλ
2830 1730 2843 1744 '
2877 1713 2936 1777 ὃς
2959 1713 3049 1766 τὸν
3084 1713 3182 1784 μέν
3226 1713 3400 1767 Σαοὺλ
3425 1713 3640 1785 πρῶτον

2058 1805 2285 1876 βασιλέα
2328 1805 2473 1876 χρίει
2509 1804 2589 1875 τῷ
2650 1804 2895 1875 Ἰσραὴλ,
2939 1804 3191 1877 δεύτερον
3240 1804 3298 1858 δὲ
3338 1804 3429 1857 τὸν
3477 1804 3642 1857 Δαόὶδ

2055 1896 2171 1965 μετ’
2203 1897 2413 1949 ἐκεῖνον
2442 1911 2455 1925 ο
2497 1885 2656 1957 οὗτος
2693 1893 2751 1946 δὲ
2781 1893 2951 1964 χρίων
2996 1894 3125 1956 τοὺς
3167 1890 3428 1962 βασιλεῖς,
3469 1890 3640 1962 κέρας

2051 1986 2191 2057 ἔχων
2228 1986 2366 2058 μετά
2415 1987 2576 2057 χεῖρα
2618 1988 2739 2049 ταῖς
2768 1985 3036 2055 κεφαλαῖς
3063 1984 3173 2039 τῶν
3198 1984 3504 2055 χριομένων
3542 1986 3641 2038 ἐπ-

2052 2078 2219 2132 ετίθει
2244 2117 2259 2142 ,
2293 2076 2354 2142 ἐξ
2406 2071 2467 2131 οὗ
2508 2076 2834 2147 αὐτομάτως
2872 2074 3050 2129 ἔλαιον
3099 2072 3498 2139 ἀνεϐλύστανε,
3538 2072 3640 2144 τῆς

2053 2167 2296 2238 κεφαλῆς
2338 2165 2432 2219 τοῦ
2470 2164 2760 2236 χριομένου
2801 2164 3237 2235 καταχεόμενοψ
3270 2163 3347 2227 ὼς
3391 2161 3640 2217 ἐντεῦθεν

2052 2256 2270 2328 χριστὸν
2303 2255 2397 2310 τὸν
2432 2252 2659 2326 βασιλέα
2692 2253 2995 2309 καλεῖσθαι.

2051 2348 2158 2405 520
2193 2346 2373 2402 Δαϐὶδ
2430 2347 2501 2402 ἐν
2540 2345 2914 2411 ,ϐασιλεῦσιν
2943 2345 3214 2415 ἀοίδιμος
3249 2340 3359 2415 ἦεν
3388 2344 3640 2401 ἅπασιν.

2123 2433 2295 2504 Οὗτός
2325 2442 2442 2493 ἐστι
2481 2438 2649 2492 Δαὸὶδ
2685 2431 2730 2508 ᾧ
2779 2437 3162 2511 ἐμαρτύρησεν
3199 2438 3228 2491 ὁ
3276 2438 3409 2501 Θεὸς
3442 2438 3637 2506 λέγων’

2046 2529 2246 2601 Εὗρον
2287 2531 2465 2585 Δαϐὶδ
2512 2531 2621 2585 τὸν
2670 2529 2776 2585 τοῦ
2833 2531 3072 2595 Ἰεσσαὶ,
3108 2529 3297 2599 ἄνδρα
3328 2530 3477 2583 κατὰ
3525 2529 3642 2597 τὴν

2054 2622 2308 2690 καρδίαν
2341 2639 2462 2690 μου
2493 2638 2508 2651 ο
2539 2620 2597 2685 ὃς
2648 2619 2723 2674 ῶν
2774 2620 2977 2692 ποιμὴν
3031 2620 3318 2691 προϐάτων
3345 2658 3358 2681 ,
3390 2617 3645 2689 βασιλεὺς

2065 2714 2287 2786 Ἰσραὴλ
2310 2714 2475 2785 ψήφῳ
2510 2712 2632 2785 θεία
2666 2712 2992 2766 καθίσταται
3013 2753 3027 2776 ,
3057 2711 3277 2764 πάντων
3306 2728 3367 2761 τε
3396 2710 3506 2762 τῶν
3546 2711 3641 2763 ἀπ’

1979 2808 1983 2815 “
2054 2807 2251 2870 αἰῶνος
2285 2805 2723 2876 βασιλευσάντων
2763 2805 2998 2875 ὑπάρχει
3031 2802 3280 2873 διάδηλος
3305 2842 3319 2863 ,
3353 2803 3643 2873 προφήτης

2053 2915 2114 2950 τε
2159 2899 2255 2951 καὶ
2294 2898 2615 2970 θεοπάτωρ·
2641 2896 2832 2950 τούτου
2862 2896 2972 2967 γάρ
3013 2896 3122 2949 ἀπὸ
3162 2893 3257 2947 τοῦ
3307 2893 3640 2964 σπέρματος,

2054 2989 2290 3061 Χριστὸς
2321 2989 2713 3062 ἀναγορεύεται
2748 2989 2890 3043 κατά
2926 2989 3125 3059 σάρκα.

2060 3084 2157 3140 521
2199 3085 2310 3140 Καὶ
2338 3082 2622 3154 Σολομῶν
2652 3085 2875 3155 σοφίης
2900 3085 3135 3151 πρῶτον
3155 3085 3355 3153 κλέος.

2131 3178 2235 3231 Τὸν
2275 3177 2597 3248 Σολομῶντα
2641 3178 2817 3230 τίκτει
2866 3175 3030 3231 Δαόὶδ
3062 3177 3281 3249 καὶτῆς
3321 3181 3488 3235 αὑτοῦ
3523 3181 3639 3235 διά-

2059 3266 2210 3337 δοχον
2239 3266 2513 3337 βασιλείας
2544 3266 2833 3337 καθίστησι
2856 3282 2869 3294 ο
2889 3265 3063 3337 τούτῳ
3085 3267 3205 3321 καθ’
3228 3268 3376 3341 ῦπαρ
3413 3271 3601 3343 φανεὶς
3616 3271 3646 3324 ὁ

2061 3355 2212 3422 Θεὸς,
2231 3356 2424 3410 καὶδτι
2440 3353 2683 3426 βούλοιτο
2703 3355 2812 3409 τῶν
2833 3354 2975 3409 κατὰ
2992 3355 3195 3426 κόσμον
3223 3360 3354 3431 παρ’
3372 3361 3534 3417 αὐτοῦ
3560 3359 3646 3427 ἐξ·

2063 3447 2284 3518 αιτῆσαι
2303 3447 2765 3519 προτρεπόμενος,
2783 3447 2976 3516 σοφίαν
2996 3446 3143 3518 αὐτῷ
3160 3449 3378 3520 δοθῆναι
3398 3451 3533 3523 πρὸς
3552 3451 3644 3505 τοῦ

2064 3539 2491 3611 χρηματίζοντος
2526 3538 2848 3613 ἐξῃτήσατο,
2869 3539 3004 3609 πρὸς
3028 3539 3090 3591 τὸ
3110 3540 3369 3595 δύνασθαι
3399 3542 3489 3595 τὸν
3517 3542 3648 3594 λαὸν

2066 3630 2387 3703 θεοπρεπῶς
2413 3630 2588 3698 ἄγειν,
2614 3631 2709 3684 καὶ
2739 3630 2921 3700 κρίσιν
2951 3629 3199 3701 ἔμφρονα
3231 3633 3342 3695 τοῖς
3375 3633 3467 3685 ὑπ’
3499 3631 3648 3703 αύτῷ

369 3724 630 3794 γεγονὼς,
666 3724 829 3778 πέντε
865 3724 1130 3796 βασιλέων
1167 3723 1270 3794 τὴν
1309 3723 1631 3778 Χαναναίων
1661 3722 1957 3777 οἰκούντων
2063 3722 2418 3795 τεταγμένοις
2440 3722 2773 3791 διεκφαίνειν
2805 3738 2818 3751 ·
2846 3721 3021 3794 ταύτῃ
3043 3722 3133 3776 τὸν
3171 3722 3305 3776 Θεὸν
3326 3723 3645 3795 ἀρεσθέντα,

374 3875 476 3913 suo
505 3860 615 3930 (cui
643 3859 827 3930 Aaron
858 3859 1085 3929 nomen)
1112 3874 1177 3913 ex
1211 3858 1497 3930 prophetia
1533 3858 1587 3911 in
1635 3858 1858 3930 deserto
1892 3863 2139 3930 accepta_
2159 3855 2602 3930 occurritatque
2635 3854 2893 3930 mandata
2918 3854 3018 3930 Dei
3052 3856 3506 3930 communicavit,
3536 3874 3648 3927 quo

373 3924 523 3983 facto
541 3930 703 3984 ambo
729 3929 994 3983 lsraelitis
1025 3924 1089 3983 ea
1124 3924 1523 3997 patefecerunt,
1560 3929 1656 3997 qui
1690 3924 2269 3997 magnopere—quidem
2313 3926 2487 3997 gavisi
2515 3924 2731 3997 essent.
2772 3925 2878 3980 nisi
2916 3924 3153 3997 Pharao,
3196 3927 3285 3979 ubi
3330 3924 3644 3981 mandatum

371 4001 619 4054 divinum
654 4001 883 4059 audivit,
916 3995 1138 4053 retento
1169 3999 1442 4053 stramine
1473 3998 1541 4052 ad
1573 3995 2174 4053 lateres—conﬁciendos
2202 3995 2543 4063 necessario,
2582 3995 3122 4066 etiamacerbiorem
3158 3998 3651 4066 molestioremun

372 4070 618 4124 laborem
648 4070 978 4125 reddidisset
1013 4088 1026 4123 :
1057 4069 1242 4137 itaque
1275 4070 1550 4124 verberati
1582 4076 1638 4122 et
1674 4068 1740 4121 ad
1777 4067 2220 4138 desperationem
2262 4068 2489 4138 omnino
2513 4066 2711 4138 adacti
2761 4064 2982 4138 Moysen
3015 4073 3068 4120 et
3100 4065 3284 4120 Aaron
3315 4066 3452 4121 diris
3485 4064 3645 4122 exse-

371 4142 511 4194 crati
543 4150 691 4195 sunt.
724 4139 868 4196 Deus
896 4155 1026 4194 vero
1063 4140 1131 4193 iis
1163 4139 1404 4208 animum
1437 4138 1667 4201 addidit,
1701 4137 1953 4208 signis’et
1990 4138 2297 4199 miraculis,
2330 4137 2399 4191 de
2432 4137 2634 4207 quibus
2663 4137 3010 4208 procedente?
3032 4151 3296 4208 sermone?
3330 4140 3646 4191 accuratius

372 4210 640 4272 dicemus,
673 4210 842 4265 fortes
874 4206 1465 4279 reddiditLEgyptum
1497 4209 1686 4279 multis
1733 4206 2142 4264 calamitatibus
2180 4208 2370 4263 alilixit
2392 4208 2672 4279 variisque
2724 4208 2899 4261 modis
2924 4207 3361 4279 vulneravit,_ita
3393 4216 3473 4273 ut,
3519 4209 3645 4261 lit-et

373 4295 518 4344 sero,
548 4296 674 4334 cum
712 4290 829 4335 toto
859 4281 1060 4351 populo
1093 4274 1476 4351 Egypii'orum
1508 4278 1885 4351 crudelitatem
1917 4279 2240 4351 effugerent,
2272 4285 2343 4351 :et
2386 4293 2484 4348 per
2513 4274 2751 4351 validam
2782 4291 3004 4351 manum
3036 4284 3091 4351 et
3134 4276 3419 4331 brachium
3465 4281 3645 4351 excel:

375 4366 495 4405 sum
529 4359 732 4405 terram
767 4346 1000 4406 somniis
1022 4349 1180 4403 malis
1206 4346 1531 4405 immersam
1562 4349 1960 4418 relinquerent.
2004 4346 2142 4403 Hinc
2166 4346 2404 4403 mediuni
2439 4362 2590 4418 mare
2616 4347 2764 4401 sicco
2793 4348 2930 4418 pede
2969 4346 3325 4418 traiecerunt,
3356 4355 3410 4402 et
3447 4350 3536 4402 ubi
3572 4348 3641 4401 ad

373 4431 615 4545 :llﬂlili'elp
649 4420 833 4476 Horeb
860 4426 1252 4492 pervenerunt,
1286 4421 1469 4474 divina
1510 4420 1630 4491 lege
1666 4416 1853 4473 donati
1888 4428 2017 4474 sunt
2051 4439 2063 4475 :
2097 4420 2240 4474 unde
2270 4427 2515 4490 apparet,
2546 4416 2770 4488 Moysen
2796 4416 2914 4473 ‘Dei
2950 4426 3178 4488 aspectu
3220 4416 3446 4489 dignum
3482 4418 3643 4474 habi-

401 4507 489 4544 um
539 4507 708 4545 uisse.

401 4507 489 4544 um
515 4507 708 4547 101858.

454 4586 556 4644 Hic
585 4589 794 4654 Aaron,
828 4587 1033 4661 Moysis
1060 4587 1250 4653 frater,
1281 4602 1531 4643 summus
1567 4584 1660 4641 Dei
1696 4585 1955 4642 sacerdos
1980 4592 2034 4642 et
2060 4584 2348 4657 prOphcta,
2387 4583 2665 4655 simulque
2688 4598 2814 4639 cum
2847 4580 3034 4654 Moyse
3063 4583 3248 4654 populi
3272 4582 3383 4639 dux
3412 4582 3535 4641 fuit.

451 4680 634 4751 Moyse
664 4688 720 4735 et
754 4681 934 4735 Aaron
985 4680 1217 4735 mortuis
1259 4679 1409 4751 hunc
1432 4676 1643 4751 Jesum,
1675 4678 1962 4751 qui__lilius
2006 4677 2155 4732 Nave
2191 4686 2331 4751 erat,
2373 4676 2636 4751 populum
2666 4676 2741 4751 _in
2775 4675 3165 4751 promissionis
3194 4684 3396 4751 terram
3441 4677 3646 4751 ducere

377 4745 726 4819 Deus]ubet.
758 4753 816 4805 In
847 4766 1011 4821 quam
1061 4752 1347 4819 ingressus
1380 4749 1448 4803 de
1472 4748 1716 4821 quinque
1744 4748 2177 4821 Chananaeorum
2202 4745 2462 4817 regibus;
2479 4748 2573 4821 qui
2615 4746 2683 4800 ad
2727 4746 2931 4821 bellum
2983 4746 3032 4799 ei
3080 4745 3426 4799 inferendum
3462 4746 3644 4821 fmdus

375 4816 719 4893 pepigerant,
754 4816 1044 4893 victoriam
1090 4816 1399 4893 reportans
1416 4818 1585 4893 solem
1635 4832 1965 4893 occasurum
2008 4819 2228 4875 retinet.
2274 4816 2519 4893 perﬂtres
2558 4816 2725 4870 horas
2772 4816 2827 4870 in
2851 4830 3029 4893 _curr_u
3078 4822 3255 4893 stans,
3298 4832 3474 4893 usque
3511 4817 3639 4869 dum

376 4884 677 4946 adversarii
708 4884 930 4960 penitus
962 4884 1325 4946 interiissent.
1360 4888 1588 4960 Et‘solis
1615 4886 2085 4960 quidemcursum
2125 4884 2318 4960 versus
2361 4885 2549 4941 Gabao
2585 4900 2803 4955 pagum,
2851 4884 3001 4960 haud
3044 4886 3232 4960 procul
3275 4887 3344 4939 ab
3386 4884 3643 4960 Hieroso-

377 4964 544 5032 lyma,
575 4954 730 5016 lunae-
752 4970 937 5016 autem
966 4977 1161 5032 versus
1198 4961 1389 5013 vallem
1429 4957 1615 5032 Selon_
1632 4954 1903 5032 cohibuit.
1936 4957 2190 5028 Quinque
2221 4959 2344 5011 illos
2369 4965 2551 5032 autem
2583 4954 2761 5032 reges:
2792 4957 2891 5032 qui
2934 4954 2991 5008 in
3023 4956 3339 5032 speluncam
3375 4955 3643 5032 confuge-

378 5024 522 5097 r'aut,
547 5042 743 5102 captos
773 5034 1035 5101 crucique
1067 5031 1254 5085 aliixos
1286 5030 1555 5083 enecavit.
1584 5028 1830 5096 Denique
1862 5037 2063 5082 terram
2094 5024 2463 5096 expugnatam
2494 5027 2638 5081 inter
2652 5024 2845 5080 tribus
2874 5024 3043 5079 Israel
3073 5026 3401 5094 superStites
3426 5024 3635 5081 divisit.

448 5121 549 5175 llic
577 5129 663 5176 est
699 5120 921 5176 Samuel
945 5120 1111 5190 judex
1143 5120 1235 5188 qui
1271 5126 1393 5188 post
1416 5117 1511 5190 AEli
1541 5116 1882 5190 sacerdotem
1912 5116 2079 5173 Israel
2115 5117 2403 5186 judicavit,
2444 5116 2536 5186 qui
2579 5114 2709 5190 Saul
2744 5115 3218 5190 primum_regcm_
3247 5115 3636 5190 lsraelunxit,

376 5204 430 5246 et
464 5199 586 5262 post
613 5193 767 5245 illum
805 5184 1084 5245 Davidem.
1116 5184 1222 5262 ‘H'ic
1243 5184 1466 5258 quando
1501 5202 1657 5262 reges
1683 5187 1931 5262 ungebat,
1961 5184 2135 5262 cornu
2160 5203 2325 5262 manu
2351 5184 2572 5262 gestans
2593 5187 2758 5255 capiti
2792 5184 3170 5262 un_g_endo_rum
3208 5185 3545 5255 imponebat,
3572 5204 3636 5242 ex

378 5255 489 5386 quiq
522 5278 622 5317 sua
652 5270 850 5333 sponte
881 5263 1061 5317 oleum
1097 5255 1403 5316 distillabat
1444 5266 1499 5313 et
1544 5255 1601 5311 in
1640 5257 1818 5326 capite
1858 5258 2136 5329 unguendi
2171 5255 2578 5313 diﬂ’undebatur
2612 5276 2624 5311 :
2659 5270 2828 5325 quare
2860 5255 3117 5319 Χριστός,
3151 5266 3364 5320 unctus,
3412 5271 3509 5311 rex
3544 5274 3640 5327 ap-

381 5344 443 5386 llr
491 5341 631 5386 atur.

380 5344 631 5404 pellatur.

456 5425 553 5479 llic
588 5430 674 5479 est
704 5423 871 5478 David
907 5422 995 5477 cui
1029 5421 1172 5478 Deus
1221 5421 1595 5477 testimonium
1626 5417 2137 5491 exhibuitdicens:
2174 5414 2790 5491 Inveni‘Daviddﬁl‘ium
2836 5414 2987 5491 {esse
3032 5414 3199 5491 virum
3231 5414 3515 5489 secundum
3542 5424 3599 5491 es

384 5514 578 5551 meum.
628 5493 730 5559 Qui
761 5509 885 5548 cum
919 5494 1103 5548 ovium
1135 5505 1320 5563 pastor
1348 5499 1515 5553 esset,
1562 5491 1763 5563 divino
1785 5489 2047 5559 suﬂragio
2089 5503 2182 5563 rex
2217 5488 2386 5563 _Israel
2411 5486 3435 5563 constitutuszuintcromnesquian
3482 5486 3643 5534 initio

382 5548 770 5688 regnaver‘u‘pt,
799 5565 1007 5646 eminet
1055 5548 1245 5633 utpote
1281 5548 1549 5632 propheta
1591 5568 1646 5615 et
1675 5560 1767 5615 Dei
1800 5548 1992 5615 διονυὲ
2026 5579 2040 5615 :
2069 5559 2137 5612 ab
2183 5556 2303 5625 ejus
2338 5554 2482 5608 enim
2521 5552 2730 5608 semine
2766 5548 3025 5603 Christus
3051 5549 3369 5616 secundum
3416 5562 3639 5604 carnem

382 5650 651 5688 orientem
724 5645 858 5688 unt.

382 5650 651 5704 originem
681 5645 858 5688 dunt.

456 5726 627 5780 David
669 5727 859 5797 genuit
886 5725 1235 5782 Salomonem
1282 5733 1338 5780 et
1366 5724 1519 5797 regni
1559 5736 1936 5797 successorem
1973 5718 2278 5797 constituit.
2309 5715 2408 5797 Cui
2451 5711 2757 5797 cumpeus
2790 5709 2867 5797 ‘iln
2910 5708 3557 5797 somniofcomparqisset
3588 5718 3644 5764 et

384 5798 647 5865 quidquid
670 5780 841 5851 Vellet
872 5780 1139 5851 bonorum
1164 5780 1510 5865 terrestrium
1545 5794 1615 5847 ab
1638 5794 1761 5862 ipso
1796 5800 1983 5865 petere
2017 5790 2379 5865 permisisse}.
2414 5782 2626 5865 7089"“
2656 5790 2716 5865 με
2758 5780 2864 5865 sibi
2910 5780 3182 5865 εθΡξθιῖιίῇ
3219 5780 3635 5865 υοηοειξθηξξυτ.

383 5852 493 5935 qua
523 5852 782 5936 populum
817 5867 883 5936 ad
921 5866 1014 5921 Dei
1041 5867 1374 5936 voluntatem
1402 5852 1710 5936 gubernare
1740 5852 1891 5917 et'de
1914 5863 1983 5917 iis
2005 5852 2097 5936 qui
2123 5860 2297 5929 ipsius
2332 5852 2563 5936 imperio
2585 5852 2819 5936 subjecti
2847 5857 3054 5936 essent,
3076 5852 3641 5936 justamsententiani

388 5919 546 5994 ferre,
568 5919 780 6009 posset,
809 5919 951 5994 Deus
981 5919 1168 5994 autem
1201 5919 1454 6007 precibus
1484 5933 1732 5991 adnuens
1765 5939 1964 6005 prater
1991 5919 2258 6003 reliquam
2296 5919 2524 6003 gloriam
2569 5930 2624 5980 et
2650 5921 3001 6001 sapientiam,
3036 5935 3147 5991 qua
3179 5928 3235 5976 et
3278 5919 3552 5989 prioribus
3591 5927 3641 5979 et

2621 5412 2790 5485 ﬁlium
2836 5413 2987 5485 ,lesse
3032 5410 3199 5461 virum
3231 5407 3515 5485 secundum
3542 5416 3639 5485 _cor‘
