4182 6384
439 377 543 431 ειἳῖ

446 491 625 563 μένον,
653 486 1059 559 γενεαλογίαςή
1096 488 1446 553 θεόπνευστος
1480 491 1670 562 Γραφὴ
1704 491 2018 561 ἀπηξίωσε·

443 583 537 635 τοῦ
585 582 640 633 δὲ
678 580 845 632 Ἀὃελ
890 580 1079 632 τοῦτον
1116 580 1401 650 οἰχομένου
1456 584 1656 652 τρόπον
1708 584 2021 653 ἀσπέρμου,

443 674 542 743 τῆς
571 672 663 725 τοῦ
698 671 803 741 Σὴθ
837 671 1040 742 (τρίτος
1073 666 1228 736 οὗτος
1264 673 1321 726 δέ
1355 675 1484 736 παῖς
1519 673 1579 737 ἐξ
1623 674 1812 745 Ἀδὰμ)
1844 692 2027 743 γενεα-

447 764 631 830 λογίας
662 764 973 833 ἁπάρχεται
994 779 1008 794 ο
1039 763 1195 833 λόγος
1230 765 1343 833 ἔχει
1366 765 1422 818 δὲ
1450 765 1540 818 τὸν
1578 765 1769 836 Λάμεχ
1799 768 2024 831 ἐκεῖνον,

444 845 509 906 οὗ
552 852 648 921 τῆς
678 852 819 905 κατά
850 852 943 905 τὸν
982 852 1123 905 θεῖον
1184 852 1353 923 Ἑνὼχ
1392 854 1629 924 ἱστορίας
1673 855 2029 926 ἐμνήσθημεν

445 943 749 1011 γεγονότες,
779 943 869 996 τὸν
899 944 1038 997 Κάῖν
1081 945 1289 999 ἀνελεῖν
1323 947 1596 1017 εὑρηκότα
1618 964 1630 976 ·
1670 946 1750 999 διὸ
1791 949 1883 1000 καὶ
1910 950 2029 1011 ταῖς

449 1035 643 1087 ἐαυτοῦ
670 1036 911 1103 γυναιξιν
946 1038 1121 1089 εἰπεῖν
1148 1036 1364 1105 λέγεται
1390 1038 1465 1101 ὡς
1506 1038 1711 1091 ἀνεῖλεν
1749 1038 1916 1109 ἄνδρα
1949 1040 2031 1101 εἰς

448 1125 667 1196 τραῦμα
716 1127 930 1196 ἐαυτῷ,
983 1128 1086 1191 ὅτι,
1150 1128 1346 1197 φησιν,
1392 1129 1457 1181 ἐκ
1516 1128 1650 1181 Κάῐν
1696 1128 2030 1198 ἐκδεδίκηται

450 1217 714 1283 ἑπτάκις,
766 1220 830 1271 ἐκ
877 1219 933 1271 δὲ
978 1220 1169 1289 Λάμεχ
1222 1219 1683 1291 ἑϐδομηκοντάκις
1735 1222 1907 1273 ἑπτά·
1956 1221 2030 1291 μὴ

451 1308 695 1373 πιθανῶς
726 1309 868 1379 ἔχειν
906 1310 963 1362 δέ
1008 1328 1098 1380 μοι
1131 1311 1277 1363 δοκεῖ
1302 1312 1474 1364 ταῦτα
1495 1328 1508 1341 '
1546 1312 1640 1365 καὶ
1672 1313 1780 1383 γὰρ
1818 1312 1895 1381 τῷ
1932 1312 2031 1375 τὰς

451 1404 715 1469 γυναῖκας
751 1400 970 1470 ἀφελεῖν
1000 1401 1094 1454 τοῦ
1146 1402 1338 1473 Ἑνὼχ,
1377 1403 1629 1455 κάκεῖνον
1672 1404 2031 1474 μετατεθῆναι

452 1492 544 1544 τὸν
582 1493 771 1562 Λάμεχ
808 1494 888 1555 εἰς
913 1491 1237 1562 μετάμελον,
1270 1493 1415 1555 εἰκὸς
1448 1493 1619 1546 ταῦτα
1658 1494 1885 1560 φάσκειν
1910 1493 2031 1561 ἐλη-

454 1582 673 1645 λυθότα,
705 1583 826 1635 ἐπεὶ
846 1582 941 1636 καὶ
962 1582 1099 1653 μετά
1128 1586 1285 1652 φόνον
1316 1585 1411 1637 καὶ
1442 1583 1597 1653 δίκην
1626 1584 1807 1653 ἅρπαξ
1845 1579 1911 1653 ἦν
1939 1584 2033 1636 καὶ

458 1672 643 1742 μοιχὸς
679 1673 774 1726 καὶ
808 1676 876 1744 τῇ
930 1672 1187 1745 προθέσει
1230 1673 1462 1742 φονεύςο
1503 1675 1595 1727 τὸν
1643 1674 1699 1727 δέ
1727 1674 1822 1727 τοῦ
1866 1691 2034 1727 κατα-

455 1763 694 1832 κλυσμοῦ
731 1764 887 1833 λόγον
932 1765 1028 1817 καὶ
1086 1767 1195 1818 τῶν
1243 1764 1547 1835 Σοδομιτῶν
1590 1766 1688 1837 τῆς
1720 1783 1778 1817 τε
1826 1783 2032 1837 πυργο-

455 1854 658 1916 ποιίας,
696 1856 951 1927 εὑρήσεις
983 1857 1260 1927 ἀνωτέρω.

455 1944 551 1999 451
607 1943 705 2011 Τίς
737 1945 944 2014 Φαραὼ
976 1947 1324 2016 κακόμητιν.

524 2034 737 2117 Φαραὼκ
764 2036 1013 2106 βασιλεὺς
1053 2036 1315 2108 ὑπάρχων
1355 2037 1652 2106 Αἰγύπτου,
1682 2038 1773 2090 τὸν
1819 2037 2033 2108 Ἰσραήλ

458 2128 668 2198 πικρῶς
700 2127 1212 2199 καταδουλούμενος,
1255 2128 1439 2200 ἔργοις
1480 2128 1735 2200 σκληροῖς
1774 2128 2033 2199 δαμάζων

458 2220 550 2273 καὶ
607 2219 697 2291 βίᾳ
752 2219 1269 2285 καταδυναστεύων,
1319 2220 1456 2293 πρὸς
1511 2220 1610 2283 τὰς
1659 2220 1886 2283 ἀπειλὰς
1938 2219 2033 2272 τοῦ

456 2310 591 2363 Θεοῦ
618 2311 717 2374 τὰς
746 2310 835 2365 διὰ
866 2312 1147 2375 Μωῦσέως
1180 2309 1330 2381 αὐτῷ
1363 2308 1721 2381 πεμπομένας
1761 2325 2037 2379 καταφρο-

457 2400 691 2469 νητικῶς
717 2402 875 2469 ἔχων,
914 2401 1008 2452 καὶ
1038 2399 1140 2469 τῆς
1183 2399 1426 2462 δουλείας
1461 2399 1553 2451 τὸν
1597 2399 1811 2469 Ἰσραὴλ
1838 2399 2037 2451 ἀπολύ-

460 2507 573 2544 σειν
611 2490 1045 2562 σκληρυνόμενος
1092 2490 1426 2560 ὑπερηφάνῳ
1482 2488 1707 2559 γνώμῃ,
1761 2490 1903 2543 κατὰ
1938 2489 2037 2560 τὴν

470 2582 737 2653 Ἐρυθρὰν
772 2583 1110 2653 πανστρατιᾷ
1143 2582 1432 2651 γενόμενος
1460 2580 1754 2645 θάλασσαν,
1779 2583 1892 2644 τοῖς
1938 2582 2038 2633 Ἰσ-

463 2673 745 2743 ραηλίταις
790 2674 1091 2744 τμηθεῖσαν
1123 2673 1215 2725 τὸν
1254 2668 1369 2725 ίσον
1413 2673 1609 2735 ἐπιόἀς
1646 2673 1869 2744 τρόπον,
1902 2674 2036 2725 ὑπο-

461 2763 683 2833 ϐρύχιος
714 2762 952 2829 ὄλλυται,
982 2763 1140 2816 τοῦτο
1180 2760 1335 2826 τέλος
1366 2761 1467 2831 τῆς
1501 2762 1688 2825 ἀνοίας
1718 2761 1869 2828 ἀξιον
1909 2762 2039 2833 κληο

464 2856 799 2926 ρωσάμενος.

946 2968 1131 3037 Ἀχὰὸ
1172 2968 1429 3036 θράσος,
1482 2970 1818 3038 Ἀσσυρίων
1837 2988 1900 3025 τε

464 3036 570 3090 45ἳ
605 3036 1363 3106 Πικροτάτουςβασιλῆας.

536 3124 705 3192 Οὗτος
745 3130 947 3201 Ἀχαὰϐ
982 3132 1010 3184 ὁ
1042 3131 1397 3201 θρασύτατος,
1429 3130 1684 3201 βασιλεὺς
1708 3129 1897 3199 γέγονε
1935 3150 2042 3185 πα·-

470 3224 848 3297 ρανομώτατος
877 3226 1095 3297 Ἰσραήλ
1113 3243 1125 3258 ·
1164 3226 1221 3290 ὃς
1255 3226 1345 3279 τὸν
1374 3226 1590 3297 Ἰσραὴλ
1614 3228 1720 3280 ἀπὸ
1752 3226 1887 3279 Θεοῦ
1911 3229 2046 3280 ἀπο-

468 3317 696 3386 στήσας,
742 3315 820 3385 τῷ
869 3316 1017 3369 Βάαλ
1051 3316 1339 3388 λατρεύειν
1386 3319 1480 3371 καὶ
1509 3320 1623 3381 τοῖς
1656 3318 1874 3372 ἄλσεσιν
1904 3318 2046 3371 ἐκδι-

466 3406 672 3471 δάσκει,
707 3408 805 3469 τάς
831 3424 888 3460 τε
914 3410 1119 3477 χρυσᾶς
1146 3409 1207 3459 ἐν
1248 3406 1488 3478 Ἰεζραέλ
1514 3408 1775 3478 δαμάλεις
1813 3424 2047 3479 προσκυ-

1462 376 1551 429 AD
1590 375 1901 431 CARHINA
1932 378 1988 431 S.
2028 378 2362 431 GliEGOlill
2436 379 2687 435 THEOL.

3605 376 3710 431 578

2139 493 2392 559 Ἰεζάϐελ.
2418 496 2541 563 ἥτις
2578 494 2671 547 τὸν
2708 493 2917 546 δίκαιον
2959 486 3412 557 κατελιθοϐόλησε
3442 505 3715 557 συκοφαν-

2124 587 2338 655 τήσασα
2390 585 2670 648 Ναϐουθά,
2710 583 2838 647 τούς
2878 601 2937 636 τε
2981 584 3270 653 προφήτας
3319 580 3715 651 ἐξωλόθρευσιν

2126 672 2499 726 ἀποκτείνασα
2532 672 2763 742 Κυρίου,
2801 671 2895 724 καὶ
2935 672 3217 742 τράπεζαν
3250 670 3452 722 ἐσθίειν
3503 668 3711 738 βασιλι-

2126 764 2230 833 κὴν
2281 764 2409 826 τοὺς
2462 764 2563 834 τῆς
2616 762 2882 833 αἰσχύνης
2948 761 3332 832 παρεσκεύασε
3385 762 3712 832 προφήτας·

2126 854 2331 907 τούτων
2366 854 2509 909 κατά
2538 856 2663 918 τοὺς
2696 853 2924 925 χρόνους
2965 852 3149 916 Ἠλίας
3186 855 3214 906 ὁ
3247 852 3510 921 Θεσῦίτης
3538 851 3715 922 ὑπῆρ-

2128 963 2241 1016 χεν.
2276 947 2335 1009 ὃς
2378 946 2471 999 τὸν
2523 945 2751 1016 οὐρανὸν
2796 944 3147 1008 ἀποκλείσας,
3182 944 3283 1013 τὴν
3312 945 3418 1013 γῆν
3463 944 3714 1014 ἀνυδρεῖν

2126 1040 2339 1109 χρόνοις
2370 1038 2518 1108 τρισὶ
2554 1038 2647 1091 καὶ
2677 1037 2841 1107 μησὶν
2883 1036 3144 1107 ἐξήρανεν
3173 1036 3233 1101 ἐξ
3256 1053 3268 1065 ·
3310 1035 3716 1107 προστάξαντος

2127 1129 2183 1181 δὲ
2206 1128 2300 1180 τοῦ
2331 1128 2465 1180 Θεοῦ
2496 1126 2900 1198 ἐμφανισθῆναι
2930 1126 3009 1197 τῷ
3043 1126 3266 1196 ’Ᾱχαὰ6,
3296 1125 3437 1177 ὥστε
3462 1124 3715 1193 γενέσθαι

2129 1220 2282 1273 ὑετὸν
2328 1221 2423 1273 ἐπὶ
2480 1220 2581 1289 τῆς
2635 1218 2760 1288 γῆς,
2822 1218 3229 1289 ἐμφανισθέντα
3288 1215 3379 1269 τὸν
3427 1217 3715 1287 προφήτην

2142 1314 2348 1376 Ἠλίαν,
2389 1314 2481 1365 καὶ
2508 1311 2586 1381 τῷ
2619 1311 2834 1380 βασιλεῖ
2870 1309 3251 1382 προστάξαντα
3283 1307 3410 1369 τοὺς
3436 1307 3533 1377 τῆς
3568 1306 3715 1359 Βάαλ

2130 1406 2416 1475 προφήτας
2460 1404 2541 1466 εἰς
2574 1402 2634 1455 τὸ
2672 1401 2992 1473 Καρμήλιον
3030 1400 3157 1471 ὅρος
3190 1398 3564 1469 συναθροῖσαι,
3597 1414 3716 1450 πει-

2131 1498 2278 1560 σθεὶς
2324 1495 2527 1566 Ἀχαὰϐ
2571 1493 2730 1547 τοῦτο
2781 1496 2960 1546 ποιεῖ·
2997 1492 3204 1555 παντὸς
3248 1491 3306 1543 δὲ
3347 1490 3442 1542 τοῦ
3500 1488 3716 1561 Ἰσραήλ

2130 1587 2602 1659 παραγενομένου,
2649 1586 2768 1638 κατ’
2798 1584 3110 1654 ὀφθαλμοὺς
3154 1583 3371 1636 πάντων
3406 1582 3596 1635 θυσίαν
3638 1583 3716 1633 ζε-

2134 1679 2435 1749 ρουργῆσαι
2468 1680 2580 1739 τοῖς
2610 1676 2917 1747 προφήταις
2944 1674 3280 1745 προστάσσει
3310 1673 3407 1742 τῆς
3432 1672 3717 1741 αἰσχύνης,

2138 1773 2232 1825 καὶ
2260 1771 2330 1825 τὰ
2356 1772 2454 1841 μὲν
2497 1770 2629 1834 ξύλα
2662 1767 2965 1829 στοιϐάσαι,
3002 1766 3211 1819 καὶτὸν
3246 1764 3373 1835 βοῦν
3413 1763 3723 1834 κρεανομῆ-

2140 1880 2251 1925 σαι,
2287 1862 2383 1914 καὶ
2415 1864 2527 1924 τοῖς
2575 1860 2754 1926 ξύλοις
2795 1857 3303 1920 ἐπιστοιϐάσαντας,
3348 1856 3421 1927 μὴ
3457 1856 3567 1924 πῦρ
3602 1858 3722 1907 ἐπι-

2139 1954 2335 2014 θεῖναι,
2361 1951 2499 2006 ἀλλὰ
2521 1952 2613 2004 τὸν
2637 1950 2783 2003 Βάαλ
2808 1949 3256 2013 ἐπικαλέσασθαι,
3286 1948 3380 2000 καὶ
3405 1949 3534 2015 παρ’
3554 1945 3720 1998 αὐτοῦ

2139 2044 2249 2116 πῦρ
2294 2044 2618 2113 αὐτομάτως
2675 2040 3056 2111 ὑφαπτόμενον
3101 2040 3195 2092 καὶ
3238 2040 3340 2111 τὴν
3388 2038 3583 2092 θυσίαν
3608 2037 3725 2090 ὁλο-

2138 2138 2371 2193 καυτοῦν
2428 2137 2853 2208 ἐξαιτήσασθαι·
2914 2136 3110 2188 τούτου
3145 2135 3202 2188 δέ
3258 2131 3574 2202 γενομένου,
3627 2131 3724 2183 καὶ

2139 2228 2250 2281 τῶν
2280 2226 2372 2280 τοῦ
2416 2225 2565 2280 Βάαλ
2592 2225 2889 2297 προφητῶν
2920 2225 3012 2293 ἀφ’
3043 2223 3211 2276 ἕωθεν
3239 2223 3343 2285 ἕως
3372 2218 3599 2274 δειλινοῦ
3633 2220 3723 2271 τὸν

2141 2317 2289 2370 Βάαλ
2323 2315 2800 2386 ἐπιφωνουμένων,
2835 2315 2931 2367 καὶ
2958 2315 3032 2376 ὡς
3067 2313 3185 2376 ἔθος
3227 2313 3409 2374 αὐτοῖς
3447 2310 3717 2380 τεμνομέο

2141 2425 2249 2460 νων
2279 2408 2577 2478 μαχαίραις
2608 2407 2701 2459 καὶ
2738 2405 3149 2475 σειρομάσταις,
3184 2403 3290 2465 ἕως
3332 2400 3603 2471 ὲκχύσεως
3636 2399 3723 2452 αἴ-

2146 2515 2315 2570 ματος
2344 2500 2429 2550 ἐπ’
2462 2498 2681 2563 αὐτοὺς,
2727 2497 2909 2566 φωνῆς
2944 2496 3000 2548 δέ
3048 2501 3122 2565 μὴ
3170 2491 3337 2562 οὔσης
3370 2492 3491 2562 μηδ’
3526 2491 3727 2560 ἀκροά-

2148 2606 2308 2653 σεως,
2362 2587 2452 2641 τὸν
2484 2589 2769 2658 προφήτην
2823 2585 3009 2638 Ἠλίαν
3047 2584 3291 2644 ἐκείνους
3330 2582 3425 2652 μὲν
3460 2580 3727 2651 μυκτηρί-

2146 2697 2315 2733 σαντα
2372 2678 2466 2732 καὶ
2529 2679 2627 2747 τῆς
2684 2677 2883 2747 λύσσης
2926 2676 3333 2744 ἀποστήσαντα,
3367 2672 3556 2724 θυσίαν
3612 2671 3729 2723 ὁλο-

2146 2767 2486 2840 καρπὼσεως
2535 2766 2752 2819 τελέσαι
2795 2765 3012 2833 λέγεται
3064 2762 3326 2817 τοιῶσδε’
3382 2760 3571 2831 πρῶτα
3631 2760 3729 2829 μὲν

2147 2860 2531 2929 θυσιαστήριον
2559 2857 2917 2926 οἰκοδομήσας
2950 2857 3015 2907 ἐκ
3046 2854 3209 2907 λίθων
3234 2851 3607 2922 ἀπελεκήτων,
3636 2852 3730 2903 καὶ

2146 2952 2319 3023 τούτῳ
2358 2951 2632 3005 θάλασσαν
2663 2946 3048 3012 ὑποτυπώσας,
3082 2948 3177 3000 καὶ
3207 2945 3338 3009 ξύλα
3370 2945 3469 3014 τῆς
3501 2945 3731 3013 όλοκαρ-

2148 3044 2377 3106 πώσεως
2406 3041 2814 3105 ἑπιστοιῦάσας,
2863 3040 3075 3102 ἐπιθεὶς
3110 3038 3165 3090 δὲ
3195 3038 3289 3089 καὶ
3326 3035 3392 3088 τὰ
3426 3034 3583 3105 κρέα,
3636 3034 3731 3087 καὶ

2145 3137 2244 3206 τὴν
2278 3134 2552 3188 θάλασσαν
2581 3131 2771 3195 ὓδατος
2804 3131 3119 3202 πληρώσας,
3169 3126 3641 3197 ἐπικαλεσάμενός
3670 3142 3730 3176 τε

2145 3228 2238 3280 τὸν
2276 3226 2428 3288 Θεὸν,
2470 3225 2722 3296 οὐράνιον
2771 3223 3084 3295 παρέστησε
3141 3218 3289 3291 πῦρ,
3339 3218 3409 3271 τὰ
3459 3219 3558 3288 μὲν
3602 3216 3732 3280 ξύλα

2148 3318 2507 3388 κατεδόμενον
2542 3319 2637 3370 καὶ
2666 3316 2733 3370 τὰ
2782 3316 2942 3387 κρέα,
2978 3314 3069 3367 τὸν
3112 3314 3170 3366 δὲ
3198 3312 3325 3382 χοῦν
3355 3310 3599 3375 ἐκλεῐξαν
3633 3310 3733 3361 σὺν

2146 3406 2225 3476 τῷ
2259 3405 2432 3467 ὕδατι,
2484 3406 2580 3459 καὶ
2628 3405 2721 3458 τὸν
2783 3402 2985 3475 Ἀχαάὁ
3021 3403 3118 3456 σὺν
3158 3402 3322 3455 παντὶ
3366 3399 3446 3470 τῷ
3514 3398 3734 3470 Ἰσραὴλ

468 3502 577 3553 νεῖν
633 3501 1071 3570 παρασκευάζει·
1138 3499 1328 3552 τούτου
1380 3499 1609 3571 σύμϐιος
1663 3502 1695 3570 ἡ
1748 3500 1922 3572 πόρνη
1978 3495 2045 3571 ἦν
2152 3497 2586 3568 ἐκδειματῆσαν·
2616 3495 2807 3549 ἔπειτα
2835 3498 2963 3558 τοὺς
2993 3494 3091 3564 τῆς
3120 3492 3735 3565 αἰσχύνηςη(όκτακόσιοι

468 3748 719 3822 tentavit_.
754 3748 960 3804 Memor
994 3758 1174 3804 autem
1211 3750 1357 3806 Deus
1389 3752 1673 3822 sanguinis
1711 3751 1901 3805 fratris
1948 3749 2092 3819 ejus,
2130 3750 2290 3822 cujus
2336 3749 2631 3822 voxomni
2679 3764 2813 3803 voce
2843 3748 3122 3822 potentior
3152 3757 3257 3810 est,
3302 3746 3369 3799 ad
3410 3746 3735 3822 gemendum

470 3820 928 3888 tretnendumque
960 3837 1125 3890 super
1157 3831 1359 3875 terram
1397 3818 1654 3877 omnibus
1697 3822 1893 3876 diebus
1929 3818 2056 3874 vitae
2103 3838 2216 3877 sua:
2258 3821 2409 3873 ἱιιιιηι
2441 3820 2699 3885 damnat;
2737 3819 2991 3888 prohibet
3023 3834 3154 3871 vero
3194 3834 3260 3890 tte
3288 3833 3411 3890 eum
3442 3818 3735 3890 quisquam

470 3892 705 3950 occidat,
746 3886 1118 3960 ultionemque
1147 3894 1557 3960 septetuplicem
1597 3894 1861 3945 minatur.
1909 3893 2000 3945 Sic
2030 3907 2160 3959 ergo
2190 3891 2509 3943 damnatum
2545 3886 2877 3943 homicidam
2913 3897 3080 3958 atque
3128 3903 3158 3941 a
3204 3888 3316 3940 Deo
3355 3887 3514 3956 longe
3553 3886 3737 3955 proje-

471 3973 643 4024 ctum,
677 3961 992 4030 genealogia
1022 3977 1179 4015 sacra
1212 3962 1497 4029 Scriptura
1536 3977 1643 4014 non
1680 3962 1905 4030 dignata
1937 3970 2042 4016 est.
2077 3961 2206 4030 Abel
2247 3972 2428 4012 autem
2448 3960 2562 4030 hoc
2588 3960 2761 4030 modo
2789 3960 2910 4013 sine
2940 3960 3151 4030 semine
3180 3966 3431 4030 mortuo,
3472 3973 3499 4009 a
3532 3972 3736 4030 genea-

472 4032 613 4099 logia
662 4029 827 4095 Seth,
873 4027 964 4098 qui
1019 4033 1214 4086 tertius
1261 4027 1379 4084 erat
1424 4033 1572 4086 filius
1611 4027 2097 4099 Atlatititincipit.
2131 4029 2399 4083 Narratur
2436 4029 2535 4099 _ltic
2584 4028 2842 4099 Latnech,
2888 4028 3057 4099 cujus
3102 4028 3386 4082 historiam
3435 4027 3736 4099 secundum

471 4097 656 4156 divum
689 4097 1070 4169 EnnchlVide
1110 4104 1209 4159 SS.
1243 4102 1403 4159 ϐαι-ε.
1433 4100 1628 4168 compl.
1667 4107 1800 4151 tom.
1842 4097 2011 4161 XXV,
2045 4101 2152 4153 col.
2174 4100 2299 4157 994)
2331 4097 2687 4159 tradidimus,
2721 4098 2856 4152 Cain
2885 4098 3191 4169 occidisse;
3228 4105 3515 4169 propterea
3556 4097 3739 4169 tt_xori-

473 4174 576 4225 ltus
607 4172 724 4224 suis
766 4167 973 4223 dixisse
1006 4169 1203 4236 fertur,
1238 4184 1362 4221 cum
1396 4167 1570 4222 viruni
1610 4169 1907 4223 occidisset
1943 4170 1994 4221 itt
2030 4172 2230 4222 vulnus
2260 4182 2446 4231 suum,
2480 4169 2608 4236 quia
2647 4169 2987 4238 septetnplex
3029 4168 3162 4221 ultio
3209 4167 3441 4220 dabatur
3476 4168 3553 4220 de.
3576 4167 3736 4230 Cain,

472 4242 539 4296 de
574 4240 809 4294 Lanteclt
847 4255 979 4293 vero
1021 4239 1336 4308 septuagies
1372 4240 1575 4307 septies
1605 4240 1847 4293 daretur.
1902 4238 2019 4292 Non
2057 4251 2235 4293 autem
2283 4240 2395 4291 haec
2452 4246 2665 4291 tantum
2715 4238 3033 4308 verisimilia
3072 4245 3241 4304 sunt;
3275 4252 3398 4291 nam
3448 4245 3738 4307 postquam

472 4326 674 4367 uxores
709 4310 983 4378 rapuisset
1022 4307 1238 4371 Enoclt,’
1264 4310 1461 4377 hicque
1488 4308 1553 4361 ad
1588 4309 1964 4377 paenitentiam
2007 4324 2132 4363 eum
2181 4308 2570 4370 convertisset,
2612 4308 2731 4361 sine
2760 4307 2947 4378 dubio
2971 4308 3095 4378 haec
3128 4310 3293 4361 verba
3331 4310 3581 4376 protulit,
3613 4322 3737 4360 cum

474 4391 598 4452 post
632 4373 988 4452 homicidium
1024 4394 1088 4431 ac
1123 4373 1412 4452 ultionem.
1442 4373 1760 4452 latro-erat,
1794 4379 2130 4449 impudicus,
2166 4388 2331 4449 atque
2362 4394 2428 4432 ex
2462 4388 2581 4433 arte
2622 4377 2923 4432 homicida.
2965 4376 3039 4433 De
3064 4378 3272 4432 diluvio
3307 4373 3510 4443 autem,
3548 4373 3754 4431 Sede-4

475 4448 625 4505 initis
658 4451 1134 4517 atdilicationeque
1164 4450 1339 4504 turris
1368 4448 1490 4503 vide
1522 4464 1714 4518 supra.

544 4542 780 4605 Pharao,
818 4540 1186 4612 Egyptiirex.
1219 4543 1475 4597 lsraelem
1518 4545 1573 4596 in
1615 4545 1807 4597 duram
1841 4545 2156 4598 servitutem
2200 4545 2505 4611 redegerat,
2548 4543 2765 4598 labores
2791 4542 3161 4597 intolerabiles
3190 4540 3547 4610 imposuerat,
3579 4543 3743 4610 vique

475 4621 823 4683 oppresserat
855 4610 1001 4665 eum.
1047 4610 1209 4667 Minis
1252 4628 1392 4682 quas
1440 4612 1583 4667 Deus
1634 4629 1729 4683 per
1759 4614 1996 4684 Moysetn
2034 4618 2257 4668 miserat
2305 4610 2662 4684 cmitentptis,
2699 4622 2905 4684 contra
2933 4612 3342 4684 liberationem
3373 4628 3427 4684 _a
3474 4616 3743 4684 servitute

478 4681 696 4737 lsi-'aelis
728 4692 1046 4752 arroganter
1078 4681 1390 4752 insurgens.
1432 4699 1555 4735 cum
1583 4681 1730 4737 omni
1759 4681 2000 4737 exercitu
2028 4685 2095 4737 ad
2126 4701 2274 4737 mare
2301 4681 2548 4737 Rubrum
2588 4683 2755 4744 venit,
2801 4682 2947 4751 quod
2978 4681 3241 4735 lsraelitis
3275 4682 3510 4735 divisum
3539 4683 3739 4743 fuerat.

473 4753 666 4808 eodem
689 4752 874 4818 modo,
900 4767 1010 4822 quo
1039 4754 1141 4817 illi,
1177 4753 1503 4821 ingreditur.
1529 4754 1777 4823 peritque
1802 4755 2146 4816 submersus,
2178 4755 2324 4809 hunc
2369 4756 2530 4807 linem
2569 4753 2889 4823 insipientia
2918 4767 3019 4807 sua
3051 4752 3272 4820 dignum
3302 4752 3597 4821 recipiens.

549 4840 647 4895 Hic
678 4842 1101 4913 audacissimus
1147 4844 1352 4913 Achab,
1412 4860 1505 4898 rex
1553 4844 1657 4898 ftiit
1702 4846 1869 4913 l_srael
1913 4846 2293 4912 pravissimus.
2334 4844 2437 4899 Hic
2470 4844 2635 4913 Israel
2691 4859 2719 4895 a
2762 4844 2872 4897 Deo
2912 4850 3204 4913 postquam
3249 4842 3573 4913 avertisset,
3610 4840 3742 4894 Baal

474 4906 2680 4983 deservireaclucisdocet,vitulosqueaureosJezrael'propOnitadorandus.Uxor
2709 4906 2981 4983 impudica
3026 4906 3146 4982 eius
3185 4921 3304 4983 erat
3339 4910 3577 4983 πρωίην,
3604 4928 3745 4983 qua:

474 4976 688 5052 Nabuth
717 4978 948 5052 injuste
1012 4986 1328 5052 accusatum
1390 4976 1699 5052 l'apidavit._
1741 4976 2041 5052 interl'egit'
2082 4988 2378 5052 prophetas
2417 4984 2651 5042 Domini,
2715 4976 3071 5052 mensamque
3120 4982 3321 5051 regiam
3359 4976 3744 5034 fornicationis

477 5048 763 5126 prophetis
790 5047 1145 5126 apponebat;
1173 5045 1285 5099 Hoc
1339 5045 1582 5126 tempore
1627 5048 1905 5126 Ταῖς-βῆσε
1941 5045 2248 5126 Thesbités,
2279 5052 2374 5119 qui
2417 5053 2617 5105 caalum
2649 5054 2940 5126 _claudens,
2976 5045 3151 5126 tribus
3171 5045 3342 5126 Δίῖιιηὶε
3376 5059 3428 5126 et
3458 5052 3740 5126 mensibus

474 5130 572 5169 sex
603 5116 828 5190 arefecit
855 5126 1078 5171 terram.
1106 5116 1241 5190 Cum
1290 5125 1474 5190 autem
1520 5116 1663 5190 Deus
1711 5118 1840 5172 Elia:
1877 5122 2225 5188 praecepisset
2269 5116 2326 5172 ut
2365 5136 2431 5190 se
2468 5123 2781 5175 ostenderet
2823 5124 3031 5185 Achab,
3062 5131 3121 5175 tit
3164 5121 3318 5174 fieret
3351 5123 3530 5190 pluvia
3578 5137 3743 5190 Sllptl'

474 5195 703 5264 terram:
731 5185 873 5264 Elias
899 5186 1333 5255 praacepitetiam
1372 5188 1563 5240 Achab
1588 5185 2031 5264 tit__c0ttgregaret
2056 5185 2108 5243 iu
2142 5189 2577 5264 montecarmeli
2605 5193 2900 5264 prophetas
2944 5193 3101 5253 Baal,
3143 5191 3287 5264 quod
3348 5185 3480 5264 fecit
3528 5185 3741 5264 Achab.

478 5253 639 5332 Quini
682 5253 1246 5332 lsrael_congregato,
1283 5271 1465 5332 coram
1512 5253 2135 5332 onutibus'ut'olieraut
2163 5261 2493 5314 sacrificium
2525 5253 2807 5331 prophetis
2848 5253 3232 5316 fornicationis
3262 5263 3541 5331 praecipit,
3595 5262 3741 5331 ligna

477 5323 798 5401 disponant,
826 5323 1297 5405 dividant-bovem
1330 5327 1720 5396 imponautque
1752 5330 1933 5397 lignis,
1968 5347 2076 5405 non
2108 5345 2241 5405 vero
2270 5323 2827 5405 supponant__ignetn,
2869 5333 2964 5387 sed
3008 5332 3137 5385 Baal
3186 5323 3447 5405 invocent
3479 5323 3746 5400 atque'al)

478 5408 545 5445 eo
575 5396 778 5470 ignem,
812 5396 1214 5470 quihexseipso
1250 5396 1508 5470 incensus
1529 5396 2191 5470 consumatsacrificium,
2229 5396 2544 5470 impetrent.
2580 5396 2692 5453 Hoc
2720 5401 2863 5454 fat-to
2885 5418 2912 5454 a
2941 5418 3098 5456 mane
3133 5418 3308 5470 usque
3350 5402 3416 5454 ad
3447 5396 3741 5470 vesperum

479 5463 763 5541 prophetis
799 5463 866 5516 ad
893 5464 1019 5541 Baal
1045 5463 1434 5541 clamantibus,
1465 5466 1730 5541 juxtaque
1788 5469 1952 5521 ritunt
1986 5484 2147 5541 suum
2188 5485 2247 5524 se
2278 5463 2650 5541 incidentibus
2693 5471 2887 5526 cultris
2920 5481 2974 5524 et
3003 5463 3287 5535 lanceolis,
3315 5473 3490 5525 donec
3517 5463 3739 5541 perfun-

480 5533 743 5611 derentur
768 5536 1063 5611 sanguine,
1106 5535 1323 5611 nemine
1348 5533 1842 5611 respondentenec
1877 5539 2217 5611 attendente,
2243 5541 2565 5609 prophetam
2598 5539 2770 5593 Eliam
2803 5556 2898 5595 eos
2940 5542 3259 5594 irridentem
3277 5533 3449 5611 atque
3490 5533 3530 5593 a'
3554 5542 3743 5596 furore

484 5610 863 5682 avertentem,_
905 5606 1161 5682 hostiam
1188 5603 1495 5682 holocausti
1544 5608 1623 5660 sic
1668 5603 2259 5682 _obtulissegdicitur:'
2289 5603 2523 5679 primum
2570 5610 2743 5682 altare
2792 5627 2857 5664 ex
2907 5612 3180 5682 lapidibus
3211 5626 3317 5663 non
3356 5603 3520 5665 sectis
3551 5612 3739 5682 erigit,

484 5686 632 5751 mare
655 5671 1170 5751 sull‘ulcit,disponit
1198 5674 1342 5751 ligna
1379 5675 1703 5751 holocausti.
1740 5693 1934 5751 carnes
1968 5679 2199 5751 imponit
2237 5671 2492 5747 mareque
2523 5681 2696 5748 replet
2724 5682 2916 5749 aquis;
2959 5671 3071 5733 ium
3123 5679 3233 5734 Deo
3272 5683 3548 5745 invocato,
3591 5671 3736 5735 «Sci;

480 5742 562 5792 dit
598 5742 738 5823 ignis
762 5750 831 5823 de
882 5744 1023 5797 ccelo
1062 5756 1115 5797 et
1135 5744 1360 5823 .voravit
1388 5745 1773 5823 l_tol_ocauSIUItt_
1796 5757 1848 5801 et
1886 5742 2060 5818 ligna;
2078 5750 2353 5823 pulverem
2395 5742 2624 5823 quoque
2652 5758 2707 5803 et
2736 5742 2931 5819 aqttam
2970 5751 3243 5823 lambens,
3280 5742 3576 5823 Achabque
3608 5766 3739 5804 cum

478 5812 625 5865 omni
652 5813 852 5883 populo
885 5811 1365 5884 pcrterrefaciens.
1395 5814 1598 5873 Deinde
1621 5811 2285 5887 pr0pltetas'coutumeli2
2314 5811 2919 5891 appreliéndeits(erant
2941 5829 3120 5877 autem
3141 5822 3438 5894 octingenti
3458 5811 3734 5893 quinqua-
