4180 6350
1895 201 1930 229 σ

463 401 572 457 879

456 516 519 569 σι
574 513 664 568 τὸν
723 510 958 584 ἀριθμὸν
1011 509 1107 563 καὶ
1165 509 1504 578 πεντήκοντα
1554 499 1722 567 οὗτοι,
1769 505 2052 577 τράπεζαν

459 606 735 668 ιτθὶοντες
802 601 1059 672 Ἰεζάϐελ)
1109 600 1511 670 συλλαϐόμενος
1565 599 1784 670 ἀναιρεῖ
1843 597 2053 660 πάντας

457 698 554 750 ἐπὶ
588 695 650 750 τδ
703 693 869 748 αὑτόο
915 693 1008 745 καὶ
1053 690 1148 744 τοῦ
1209 690 1415 760 ’Λχαάϐ
1458 689 1916 760 ἀποκλαιομένου,
1970 687 2054 753 ἐξ·

459 787 784 843 αποστέλλει
830 788 898 856 τῇ
949 786 1018 854 γῇ
1052 783 1144 836 τὸν
1173 783 1372 855 ὄμϐροι
1433 781 1504 836 δι’
1542 780 1710 851 εὐχῆς
1756 780 1852 834 καὶ
1903 779 2047 834 οὕτω

461 880 878 952 παρασχόμενος
896 894 910 908 ο
949 879 1122 930 ταῦτα
1151 875 1249 946 μὲν
1277 871 1370 928 οὖν
1395 875 1494 945 τῆς
1535 872 1774 939 Ἰεζάϐελ
1803 873 2044 927 ἀκουσά-

457 988 585 1046 σης,
631 973 729 1026 καὶ
777 971 876 1042 τὴν
924 968 1200 1023 ἀπώλειαν
1249 967 1356 1022 τῶν
1419 967 1665 1038 Βααλεὶμ
1722 966 2048 1035 ὲγνωκυίας,

454 1063 714 1126 ἀπειλαῖς
765 1063 858 1116 τδν
910 1063 1198 1132 προφήτην
1246 1057 1694 1130 ὲκδειματούσης,
1744 1057 1806 1110 τὸ
1847 1055 2049 1128 Χωρὴϐ

458 1155 778 1225 ὑποδέχεται
824 1154 969 1223 δρος,
1016 1151 1430 1222 τεσσαράκοντα
1465 1149 1690 1221 ἡμερῶν
1733 1149 1828 1203 καὶ
1857 1147 2048 1202 τοσού-

455 1263 567 1300 των
610 1246 824 1299 νυκτῶν
863 1244 1295 1315 δδοιπορήσαντα
1330 1240 1586 1314 βρώσεως
1631 1240 1759 1294 ἀνευ
1810 1241 1905 1293 καὶ
1954 1239 2051 1292 πό-

453 1357 600 1402 σεως
623 1356 638 1370 ο
670 1337 837 1392 αὐτοῦ
867 1337 923 1390 δὲ
953 1336 1266 1406 γενόμενον,
1301 1336 1398 1390 καὶ
1436 1334 1694 1396 θεοπτίας
1727 1333 1818 1386 τὸν
1861 1333 2048 1387 Ἠλίαν

458 1431 784 1502 ἠξιωμένον,
835 1429 1000 1483 πάλιν
1046 1421 1191 1498 εἶχεν
1245 1426 1570 1500 Ἰσραηλῖτις
1601 1427 1673 1496 γῆ
1705 1425 1807 1497 τὴν
1850 1425 2048 1480 κακίαν

459 1523 858 1595 ἀποτρέποντα,
889 1521 992 1587 τῆς
1023 1517 1306 1581 εὐσεϐείας
1353 1517 1410 1571 δὲ
1457 1517 1857 1589 προεστηκότα.
1925 1517 2048 1570 Ἀσ-

459 1615 664 1686 συρίων
707 1613 766 1666 δὲ
811 1611 1174 1684 πικροτάτους
1222 1609 1373 1678 λέγει
1421 1608 1680 1678 βασιλεῖς,
1731 1608 1860 1672 τοὺς
1905 1607 2048 1661 κατὰ

457 1705 838 1776 Σενναχηρεὶμ
860 1703 954 1757 καὶ
980 1701 1468 1773 Ναϐουχοδονόσορ,
1485 1702 1676 1766 οἵτινες
1696 1701 1788 1755 τὸν
1826 1701 2047 1773 Ἰσραὴλ

460 1798 849 1860 ἀποικίσαντες
880 1797 974 1850 καὶ
1016 1793 1240 1860 Ἰούδαν,
1279 1794 1380 1866 τὴν
1429 1793 1780 1865 Ἰερουσαλὴμ
1815 1793 1911 1848 καὶ
1939 1794 2041 1848 πά·-

461 1908 564 1955 σας
591 1890 692 1953 τάς
723 1888 905 1952 πόλεις
939 1887 1250 1958 ἐνέπρησαν
1292 1885 1529 1956 Ἰσραήλ.

1579 1999 1673 2064 Τίς
1703 1997 1773 2052 δὲ
1805 1997 2044 2053 δίκαιον

460 2075 566 2129 655
587 2069 740 2143 Αἷμα
757 2074 918 2137 πότῳ
927 2070 1185 2141 μάχλοις
1206 2070 1494 2136 κινήμασι
1511 2068 1698 2124 δόντα
1718 2070 2046 2138 θυγατρόω

530 2188 636 2240 Τὸν
675 2186 924 2259 Ἡρώδην
963 2186 1198 2241 ἐνταῦθά
1231 2205 1419 2257 φησιν,
1450 2190 1511 2241 ού
1543 2189 1635 2243 τὸν
1669 2193 2042 2259 παιδοκτόνον,

460 2275 598 2330 ἀλλά
622 2275 712 2330 τὸν
754 2276 1009 2346 Ἰωάννην
1054 2276 1312 2330 ἀνελόντα
1339 2294 1354 2306 ·
1393 2271 1549 2342 οὗτος
1589 2280 1699 2353 γὰρ
1731 2285 1760 2336 6
1801 2283 2046 2357 Ἡρώδης

459 2369 560 2439 τὴν
589 2371 824 2436 γυναῖκα
858 2368 1128 2422 Φιλίππου
1158 2369 1253 2422 τοῦ
1304 2369 1535 2440 ἀδελφοῦ
1577 2375 1868 2446 μοιχεύων,
1899 2377 2048 2448 ὲλεγ-

461 2461 612 2531 χθεὶς
655 2461 761 2513 ὑπὸ
805 2460 900 2514 τοῦ
935 2461 1242 2515 Βαπτιστοῦ
1285 2463 1555 2530 Ἰωάννου,
1584 2465 1862 2521 συλλαϐὼν
1895 2463 2044 2539 εἶχεν

461 2551 625 2605 αὐτὸν
656 2553 712 2606 ἐν
761 2553 951 2624 εἱρκτῇ
974 2571 986 2584 ο
1021 2553 1281 2621 γενεσίων
1308 2552 1365 2606 δὲ
1401 2555 1690 2625 ἀγομένων
1729 2557 1822 2610 τοῦ
1867 2559 2044 2630 Ἡρώ-

457 2645 572 2709 δου,
638 2647 672 2716 ἡ
735 2645 980 2717 θυγάτηρ
1051 2644 1378 2716 Ἡρωδιάδος
1445 2648 1766 2722 ὠρχήσατο·
1834 2653 1930 2706 τοῦ
1986 2654 2046 2708 δὲ

473 2735 714 2807 Ἡρώδου
741 2737 1085 2808 ἀρεσθέντος,
1118 2738 1214 2792 καὶ
1245 2737 1572 2810 συνθεμένου
1613 2741 1876 2813 παρέξειν
1904 2745 2042 2816 ὅπερ

461 2829 529 2881 ἂν
557 2827 616 2881 τὸ
650 2829 832 2900 κόριον
862 2829 1227 2900 ἐξαιτήσαιτο,
1272 2832 1444 2904 ταύτῃ
1478 2833 1908 2908 προϐιϐασθείσῃ
1939 2836 2045 2890 ύπδ

461 2921 560 2991 τῆς
612 2920 837 2992 μητρὸς,
881 2919 982 2991 τὴν
1025 2920 1119 2974 τοῦ
1182 2921 1490 2994 προδρόμου
1538 2925 1782 2998 κεφαλὴν
1824 2929 2044 2998 αἰτῆσαι

461 3013 796 3083 προστάσσει
830 3012 993 3083 μέσον
1025 3012 1336 3083 ἐνεχθεῖσαν
1361 3016 1453 3068 ἐπὶ
1477 3016 1668 3070 πίνακι
1701 3019 2049 3091 παρασχεθῆο

460 3121 550 3156 ναι
571 3121 583 3132 ο
617 3103 694 3174 τῷ
723 3105 869 3171 πότῳ
900 3105 957 3157 δὲ
993 3102 1144 3174 μίξαι
1173 3105 1234 3159 τὸ
1275 3108 1614 3178 προφητικὸν
1643 3103 1803 3180 αἷμα,
1834 3111 2047 3182 φιληδοο

459 3195 582 3259 νίας
615 3195 709 3249 καὶ
734 3199 833 3267 τῆς
860 3197 1122 3251 ἀνωτάτω
1147 3200 1494 3270 παρανομίας
1515 3199 1630 3252 ἐστὶ
1660 3202 2042 3273 κατηγόρημα.

611 3326 1131 3402 ρῦλιονςιιρώδην
1156 3330 1573 3402 παιδοκτόνον,
1603 3331 1714 3400 ἡδὲ
1737 3332 1972 3402 φονῆας

465 3396 571 3450 455
607 3397 861 3465 Χριστοῦ
894 3400 1200 3468 παμϐασιλ
1212 3398 1337 3468 ῆος,
1365 3402 1499 3456 ὅσοι
1524 3402 1572 3456 τ’
1599 3396 1891 3472 ἐγένοντο
1911 3396 2046 3457 διῶ-

465 3536 570 3592 456
609 3537 882 3606 Πρόσθε-ν
909 3538 1006 3593 καί
1036 3539 1371 3608 μετέπειτα.
1788 3471 1972 3546 Lua"

1583 387 1867 448 COSMAS
1902 384 2617 444 HIEHOSOLYMITANUS

3629 373 3739 430 380

2156 504 2317 574 σαρκὶ
2342 502 2624 573 τεχθέντος
2652 501 2709 552 ὲν
2729 496 3003 567 Βηθλεὲμ,
3033 495 3128 550 καὶ
3152 493 3344 567 μάγων
3373 493 3434 558 ἐξ
3461 493 3737 548 ἀνατολῶν

2151 594 2382 664 ἀστέρος
2429 591 2666 663 ποδηγὶᾳ
2717 587 3196 660 παραγεγονότων,
3241 587 3333 640 τὸν
3377 586 3638 658 τεχθέντα
3675 604 3734 640 τε

2152 683 2568 754 ἀναζητούντων
2623 679 2867 751 βασιλέα,
2919 678 3030 732 δέει
3079 677 3172 730 τὸν
3239 676 3486 750 Ἡρώδην
3543 695 3736 749 συσχε-

2153 772 2335 835 θέντα,
2389 772 2485 825 καὶ
2539 772 2666 833 τοὺς
2726 767 2992 822 Ἰουδαίων
3038 768 3206 838 ίερεῐς
3260 765 3635 838 πυθανόμενον
3683 761 3741 820 οἷ’

2151 865 2407 932 γεννᾶται
2457 861 2713 933 Χριστὸς,
2759 861 2842 914 δτι
2873 876 2930 912 τε
2970 860 3029 913 έν
3066 857 3317 930 Βηθλεὲμ
3349 857 3730 928 μεμαθηκότα,

2151 958 2263 1019 τοῖς
2303 956 2496 1026 μάγοις
2529 952 2940 1025 προστεταχότα
2962 951 3022 1004 τὸ
3048 949 3258 1003 παιδίον
3279 950 3736 1020 διερευνήσαντας

2150 1046 2449 1118 ἐμφανίσαι
2469 1062 2482 1073 '
2521 1048 2549 1099 6
2584 1046 2681 1116 μὲν
2719 1044 2894 1114 ἀστὴρ
2919 1045 3032 1106 τοῖς
3057 1041 3325 1111 νεήλυσιν,
3363 1040 3439 1104 ὡς
3466 1040 3606 1103 ἔθος,
3634 1038 3733 1109 τὴν

2151 1139 2246 1190 ἐπὶ
2269 1137 2330 1190 τὸ
2357 1137 2569 1190 παιδίον
2595 1134 2919 1207 ἡγεμονεύει
2943 1132 3130 1206 τρίϐον
3147 1148 3162 1164 ·
3190 1132 3297 1185 τῶν
3340 1131 3398 1185 δὲ
3423 1130 3732 1200 γενομένων

2151 1229 2283 1283 ἔνθα
2315 1229 2567 1301 Χριστὸς,
2602 1230 2696 1281 καὶ
2741 1226 2934 1299 δώροις
2984 1225 3145 1279 αὑτὸν
3191 1223 3602 1294 ἀμειψαμένων,
3636 1221 3730 1274 ὑπ’

2151 1322 2384 1391 ἀγγέλου
2413 1338 2474 1374 τε
2504 1320 2987 1392 χρηματισθέντων
3029 1318 3103 1388 μὴ
3136 1317 3273 1388 πρὸς
3325 1313 3568 1386 Ἡρώδην
3606 1315 3730 1367 ἀνα-

2151 1412 2405 1484 κάμψαι,
2466 1411 2542 1466 δι⁸
2599 1412 2798 1478 ἄλλης
2852 1427 2917 1464 τε
2978 1405 3501 1476 ἀναχωρησάντων
3562 1403 3726 1466 ὀδοῦ,

2163 1501 2411 1574 Ἡρώδης
2443 1500 2703 1573 μεμηνὼς
2733 1500 2816 1554 ἆτ’
2834 1497 3182 1570 ὲμπαιχθεὶς,
3209 1496 3351 1562 τοὺς
3375 1495 3731 1563 ἐνΒηθλεὲμ

2149 1593 2384 1662 ἀναιρεῖ
2410 1592 2626 1660 παῖδας
2659 1590 2778 1647 ἀπὸ
2820 1590 3054 1656 διετοῦς
3093 1587 3191 1643 καὶ
3223 1585 3548 1656 κατωτέρω,
3597 1585 3730 1640 καθ’

2151 1685 2226 1738 ὃν
2257 1685 2418 1752 παρὰ
2448 1682 2567 1738 τῶν
2598 1684 2806 1754 μάγων
2835 1682 3132 1750 ὴκρίϐωσε
3165 1681 3388 1750 χρόνον
3407 1696 3419 1709 ·
3457 1680 3638 1748 φονεῖς
3670 1676 3730 1730 δὲ

2150 1775 2385 1844 Χριστοῦ
2417 1776 2618 1839 ¹’Δννας
2659 1774 2778 1826 ἐστὶ
2804 1773 2899 1826 καὶ
2933 1772 3210 1840 Καϊάφας,
3258 1768 3502 1840 Ἡρώδης
3546 1784 3606 1820 τε
3634 1767 3729 1820 καὶ

2151 1865 2402 1930 Πιλάτος,
2445 1867 2539 1920 καὶ
2568 1865 2676 1920 τῶν
2703 1865 3038 1937 παρανόμων
3083 1861 3352 1916 Ἰουδαίων
3389 1863 3419 1914 ό
3446 1859 3643 1930 δῆμοςο
3679 1859 3729 1912 οἱ

2148 1956 2204 2009 δὲ
2236 1957 2531 2027 μετέπειτα
2573 1956 2817 2017 διῶκται,
2845 1955 2956 2008 τῶν
3000 1953 3288 2024 Ῥωμαίων
3324 1952 3463 2006 είσὶν
3495 1953 3547 2005 οί
3578 1951 3730 2019 βασι-

2146 2047 2278 2110 λεῖς,
2303 2049 2498 2112 οἵτινες
2523 2049 2650 2111 τοὺς
2677 2047 3010 2111 ἀποστόλους
3048 2046 3142 2100 καὶ
3174 2045 3458 2118 μάρτυρας
3487 2045 3728 2099 ἀνεῖλονο

2147 2140 2397 2212 πρώτους
2425 2141 2482 2193 δὲ
2503 2140 2608 2193 τῶν
2647 2139 2915 2211 Ἐϐραίων
2939 2139 3072 2210 φησὶ
3095 2138 3336 2210 βασιλεῖς
3358 2137 3730 2209 παρανόμους,

2145 2229 2222 2292 ώς
2251 2229 2360 2284 τῶν
2398 2229 2699 2302 προφητῶν
2727 2230 3040 2299 ἀναιρέτας.

2149 2343 2250 2398 657
2296 2343 2406 2397 Τὸν
2436 2343 2710 2411 πύματον
2737 2341 2972 2409 πρῶτόν
3002 2359 3064 2396 τε
3096 2340 3288 2395 κακὸν
3316 2340 3530 2462 Βελίιῗὲ
3554 2339 3730 2409 ,ϐέρε-

3526 2427 3655 2462 οον.

3564 2427 3655 2472 ον.

2145 2482 2252 2536 458
2289 2481 2497 2535 Δεινόν
2540 2481 2883 2536 Ἰουλιανοῶ
2917 2479 3135 2548 κράτος
3172 2478 3388 2548 ψυχῶν
3418 2409 3726 2547 ὀλὲεῐοιέος,

2148 2553 2250 2608 459
2291 2548 2373 2608 Οὗ
2415 2552 2624 2608 θεόθεν
2663 2551 3003 2620 πληγέντος
3031 2551 3130 2604 ἐπὶ
3167 2551 3358 2620 μόθον
3385 2549 3570 2692 ῆρῖιὲρ
3599 2552 3732 2629 ξρι-

3555 2637 3654 2684 τῳ.

3555 2637 3654 2684 τῳ.

2216 2735 2397 2788 Δεινόν
2431 2751 2562 2806 φησι
2589 2734 2681 2787 τὸν
2714 2731 3007 2787 Ἰουλιανὸν
3030 2731 3304 2804 βάραθρον
3325 2727 3462 2785 εἶναι
3487 2730 3582 2784 τοῦ
3612 2731 3732 2784 δια-

2146 2830 2326 2884 ϐόλου⁹
2366 2825 2523 2893 οὗτος
2569 2829 2679 2900 γὰρ
2729 2828 3054 2898 Χριστιανὸς
3105 2826 3181 2881 ὢν
3224 2827 3318 2881 καὶ
3359 2825 3497 2897 πρὸς
3540 2825 3736 2894 γένους

2146 2923 2542 2993 Κωνσταντίνῳ
2560 2921 2638 2993 τῷ
2659 2919 2861 2992 πρώτῳ
2890 2920 3230 2992 Χριστιανῶν
3254 2918 3464 2990 βασιλεί
3490 2915 3614 2988 (φεῦ
3627 2916 3732 2985 τῆς

2145 3015 2461 3086 ἀθλιότητος
2481 3013 2520 3085 ί)
2551 3016 2630 3078 είς
2659 3011 3034 3082 δεισιδαίμονα
3057 3013 3266 3082 πλάνην
3293 3010 3590 3079 ἀπάγεται,
3620 3009 3731 3062 τῶν

2147 3104 2347 3159 ἀθλίων
2375 3101 2608 3157 εἰδώλων
2641 3101 2971 3172 ἀθλιώτερος
3014 3101 3201 3172 λάτρις
3233 3099 3530 3164 καταστάςο
3573 3090 3730 3160 οὗτος

2145 3197 2296 3268 αύτῷ
2349 3197 2635 3268 Γρηγορίῳ
2676 3193 2754 3264 τῷ
2787 3193 3036 3265 Θεολόγῳ
3080 3195 3138 3246 ὲν
3184 3192 3432 3264 Ἀθήναις
3482 3191 3732 3245 παιδευο-

2149 3289 2296 3360 μένῳ
2330 3288 2642 3359 συμπαρῆν,
2683 3286 2856 3355 λόγων
2890 3285 2984 3339 καλ⁹
3023 3285 3186 3348 αὐτὸς
3222 3283 3654 3356 μυηθησόμενος·
3685 3273 3734 3349 ᾧ

2146 3381 2242 3434 καλ⁵
2285 3379 2361 3443 ώς
2411 3377 2674 3449 βασιλικῷ
2724 3375 3110 3448 σεμνυνομένῳ
3156 3375 3306 3444 γένει
3341 3375 3435 3427 καὶ
3468 3373 3605 3443 πρὸς
3637 3372 3731 3424 λό-

2149 3486 2280 3538 γους
2327 3469 2640 3540 ὲπιτηδείῳ,
2690 3470 2740 3521 oi
2792 3469 2890 3536 μὲν
2935 3465 3085 3520 ἄλλοι
3123 3466 3323 3528 πάντες
3364 3464 3730 3536 προσέτρεχον

2148 3559 2435 3630 ὁμήλικες,
2475 3559 2635 3629 μόνος
2679 3558 2736 3612 δὲ
2783 3557 3083 3628 Γρηγόριος
3131 3557 3230 3626 τῆς
3261 3557 3469 3610 ἐκείνου
3505 3554 3730 3608 συνδυά-

551 3651 814 3707 Ἐνταῦθα
847 3653 936 3707 τὸν
967 3655 1315 3708 παιδοκτόνον
1367 3654 1612 3728 Ἡρώδην
1650 3656 1816 3728 φησιν
1837 3674 1850 3687 ·
1886 3649 2042 3720 οὗτος
2152 3669 2286 3716 σεως
2315 3653 2591 3723 ἀπεπήδα,
2617 3651 2938 3724 προϐλέπων
2969 3649 3136 3704 αὑτοῦ
3165 3650 3226 3703 τὸ
3253 3651 3350 3720 τῆς
3391 3649 3570 3720 ψυχῆς
3603 3665 3731 3718 μια-

463 3741 524 3796 δὲ
569 3744 668 3814 τῆς
723 3743 982 3810 Ἰουδαίας
1031 3745 1364 3818 παρανόμως
1404 3746 1752 3817 βασιλεύσας,
1805 3747 2043 3819 Χριστοῦ
2153 3745 2414 3815 ρώτατον,
2444 3745 2541 3798 καὶ
2586 3744 2878 3815 προφανῶς
2902 3743 3068 3796 αὑτοῦ
3102 3742 3162 3795 τὸ
3203 3740 3456 3812 βδελυρὸν
3494 3756 3730 3811 προαγο-

468 3941 616 4011 ginta
632 3956 864 3995 numero
887 3941 982 4010 qui
1001 3941 1070 3996 de
1089 3955 1277 4013 mensa
1296 3939 1510 3996 Iezabel
1537 3942 1920 4012 comedebant)
1939 3958 2132 3999 omnes
2151 3944 2207 3999 in
2222 3947 2345 4013 ipso
2369 3943 2492 3998 loco
2525 3941 2821 4013 interfecit.
2847 3942 3036 3996 Achab
3055 3956 3274 4013 quoque
3293 3940 3528 4013 gemitus
3553 3943 3728 3996 extol-

467 4010 635 4083 lente,
673 4025 838 4079 super
861 4021 1074 4083 terram
1105 4011 1344 4081 pluviam
1386 4013 1575 4078 mittit,
1630 4015 1746 4068 suis
1803 4010 2057 4083 precibus
2125 4010 2266 4068 hanc
2307 4015 2630 4083 impetrans.
2676 4012 2847 4083 Porro
2885 4028 3010 4066 cum
3054 4010 3170 4067 haec
3187 4010 3448 4065 audisset
3488 4010 3730 4075 Jezabel,

467 4081 894 4152 interfectosque
924 4081 1218 4151 prophetas
1246 4083 1614 4150 cognovisset,
1649 4081 1815 4138 minis
1836 4085 2108 4138 exterruit
2134 4084 2327 4146 Eliam,
2355 4081 2517 4152 quem
2555 4098 2710 4138 mons
2741 4081 2922 4137 Horeb
2951 4083 3178 4152 recepit.
3202 4089 3504 4152 postquam
3545 4083 3734 4136 ambu-

415 4217 430 4226 ἢ
469 4151 636 4226 lasset
666 4151 1027 4226 quadraginta
1065 4151 1260 4206 diebus
1288 4161 1345 4226 et
1386 4153 1754 4226 quadraginta
1805 4154 2058 4226 noctibus
2086 4169 2191 4208 nec
2239 4151 2582 4226 manducans
2628 4169 2728 4207 nec
2772 4153 2986 4226 bibens.
3047 4151 3244 4226 Postea
3289 4151 3502 4226 visione
3543 4153 3729 4226 divina

467 4219 748 4292 dignatus,
801 4219 946 4275 Elias
973 4222 1168 4276 iterum
1199 4223 1346 4276 venit
1385 4219 1439 4275 in
1473 4219 1677 4276 terrain
1709 4223 1874 4278 Israel
1909 4222 1976 4276 ad
2011 4223 2366 4279 avertendum
2399 4239 2428 4292 a
2465 4223 2630 4286 malo,
2690 4232 2857 4292 atque
2897 4220 2967 4276 ad
3011 4223 3271 4292 pietatem
3304 4220 3728 4292 prgedicandam.

470 4291 819 4360 Assyriorum
851 4299 1032 4345 autem
1065 4306 1220 4355 reges
1253 4292 1665 4347 crudelissimos
1708 4294 1877 4348 fuisse
1909 4293 2045 4347 dicit
2091 4293 2339 4361 (Gregor.
2370 4291 2551 4360 Naz.),
2580 4289 2790 4346 scilicet
2820 4289 3197 4346 Sennacherib
3245 4289 3317 4344 ac’
3360 4289 3732 4361 Nabuchodo-

471 4377 663 4430 nosor,
698 4361 1112 4430 quiﬁpostquam
1141 4363 1644 4430 transplantassent
1674 4361 1840 4417 Israel
1876 4371 1930 4416 et
1963 4360 2184 4423 ludam.
2217 4360 2518 4418 Jerusalem
2551 4375 2605 4418 et
2632 4378 2826 4417 omnes
2854 4363 3106 4416 civitates
3144 4361 3310 4416 Israel
3341 4360 3728 4430 incenderunt.

546 4429 645 4484 Hic
677 4428 745 4500 de
782 4428 993 4484 Herode
1019 4428 1317 4500 loquitur,
1352 4447 1461 4485 non
1513 4431 1833 4487 infanticida
1855 4474 1868 4495 ,
1906 4435 2000 4486 sed
2048 4432 2278 4486 Joannis
2321 4431 2692 4486 interfecmre.
2742 4431 2842 4487 llic
2877 4435 3023 4488 enim
3059 4430 3297 4486 Herodes
3319 4445 3444 4484 cum
3479 4428 3732 4487 duxisset

473 4514 699 4554 uxorem
736 4499 968 4573 Philippi
1011 4499 1210 4573 fratris”
1240 4501 1540 4573 sui,iatque
1569 4519 1598 4555 a
1627 4501 1838 4573 Joanne
1864 4501 2190 4573 redargutus
2221 4503 2446 4573 fuisset,
2479 4505 2651 4556 tenuit
2679 4517 2802 4573 eum
2846 4517 2910 4556 ac
2956 4501 3131 4556 vinxit
3155 4502 3236 4573 ‘in
3277 4515 3521 4573 carcere.
3562 4499 3727 4555 Facta

471 4584 604 4640 vero
631 4571 875 4623 natalitia
907 4570 995 4624 die
1018 4569 1268 4635 Herodis,
1292 4569 1636 4640 saltanteqne
1668 4573 1775 4626 lilia
1800 4569 2149 4638 Herodiallis,
2183 4572 2339 4627 valde
2374 4574 2587 4626 lmtatus
2607 4581 2691 4627 est
2729 4570 2970 4626 Herodes
2995 4569 3354 4640 promisitque
3381 4586 3442 4624 se
3469 4570 3728 4624 daturum

473 4638 740 4713 quidquid
772 4640 1018 4713 petiisset
1042 4642 1250 4713 puella.
1285 4639 1506 4713 Huic,ia
1547 4638 1732 4713 matre,
1751 4644 1972 4697 monita:
2006 4652 2065 4696 ut
2104 4651 2314 4713 peteret
2345 4650 2514 4711 caput
2559 4642 2944 4713 l’rmcursoris,
2988 4638 3041 4696 in
3076 4641 3232 4695 disco
3261 4638 3382 4695 dari
3417 4640 3597 4709 jubet.
3630 4640 3730 4694 llic

473 4710 700 4780 sanguis
731 4711 1009 4780 propheta:
1041 4710 1184 4766 inter
1210 4712 1405 4781 poeula
1438 4712 1616 4777 fusus,
1650 4712 1992 4782 voluptatum
2022 4710 2637 4783 ac'prtet'arieationum
2666 4713 2798 4782 legis
2829 4711 3108 4766 damnatio
3135 4722 3241 4766 est.

545 4799 646 4874 Hic
669 4800 747 4874 de
778 4799 990 4874 Herode
1023 4799 1796 4874 infanticidaloquituruCtnn
1825 4803 1916 4858 ille
1947 4811 2201 4874 regnaret
2237 4801 2439 4874 injuste
2462 4803 2515 4856 in
2532 4801 2742 4864 Judaza,
2767 4801 3022 4874 Christus
3052 4801 3415 4874 corporaliter
3445 4809 3610 4874 natus
3632 4809 3730 4874 est

473 4869 810 4935 Bethlehem,
846 4870 1118 4942 Magique,
1154 4873 1309 4926 stella
1343 4869 1504 4933 duce,
1533 4873 1601 4926 ab
1631 4870 1855 4942 Oriente
1879 4869 2147 4928 venerunt
2173 4881 2232 4926 ut
2262 4869 2511 4928 viderent
2533 4889 2713 4942 regem
2741 4881 2952 4926 natum.
2985 4869 3226 4926 Audiens
3251 4881 3442 4942 autem
3466 4870 3729 4932 Herodes.

475 4958 506 4995 a
539 4942 917 4997 sacerdotibus
948 4941 1260 4996 Iudaeorum
1301 4942 1616 4997 sciscitatur
1651 4941 1744 4996 ubi
1785 4953 1948 4997 natus
1975 4943 2047 4996 sit
2075 4942 2367 5008 Christus;
2411 4957 2535 4996 cum
2581 4940 2635 4997 iii
2686 4941 2995 4997 Bethlehem
3027 4942 3361 5006 audivisset,
3395 4940 3599 5010 Magis,
3636 4943 3724 4994 ubi

475 5026 705 5081 puerum
745 5011 1070 5082 invenerint,
1109 5019 1169 5066 ut
1201 5011 1302 5080 ipsi
1333 5023 1520 5082 notum
1556 5011 1760 5082 faciant
1804 5011 2068 5082 przecipit.
2121 5010 2289 5066 Stella
2341 5020 2525 5066 autem
2575 5013 3016 5082 peregrinorum.
3071 5022 3128 5065 ut
3160 5027 3281 5065 mos
3324 5017 3429 5073 est,
3487 5012 3627 5064 viam
3658 5012 3727 5064 ad

477 5078 708 5151 puerum
748 5080 951 5150 dirigit.
988 5083 1148 5151 Cum_
1177 5078 1554 5150 pervenissent
1603 5080 1694 5133 ubi
1732 5078 1851 5151 erat
1877 5078 2155 5142 Christus.
2194 5082 2356 5151 eique
2395 5078 2622 5151 munera
2668 5078 2769 5134 sua
2820 5082 3167 5145 obtulissent,
3207 5082 3279 5136 ab
3312 5083 3504 5150 angelo
3535 5081 3727 5135 moniti

479 5149 610 5204 Sunt
636 5165 702 5204 ne
729 5149 970 5205 redirent
1003 5153 1071 5206 ad
1109 5149 1401 5213 Herodem,
1433 5149 1913 5220 atqueperaliam
1947 5151 2087 5203 viam
2127 5149 2332 5206 reversi
2379 5161 2526 5205 sunt.
2574 5150 2815 5206 Herodes
2852 5152 3041 5207 furens
3065 5166 3132 5206 eo
3153 5152 3298 5220 quod
3336 5152 3531 5204 illusus
3556 5159 3726 5214 esset,

476 5220 678 5291 occidit
698 5236 889 5276 omnes
928 5237 1125 5290 pueros
1163 5222 1256 5290 qui
1296 5230 1455 5273 erant
1501 5221 1554 5273 in
1587 5219 2235 5291 Bethlehemkaibimatu
2264 5229 2318 5274 et
2357 5220 2860 5291 inl‘ra,_secundum
2890 5230 3106 5291 tempus
3140 5219 3283 5289 quod
3332 5222 3673 5291 exquisierat
3697 5237 3730 5275 τι

481 5289 671 5358 Magis.
705 5288 1086 5360 interfectores
1110 5288 1240 5346 vero
1261 5291 1463 5344 Christi
1500 5299 1624 5344 sunt
1661 5289 1899 5360 Anna_et
1925 5288 2152 5358 Caipha,
2193 5288 2437 5345 Herodes
2459 5298 2512 5343 et
2541 5289 2769 5353 Pilatus,
2804 5288 3393 5360 prevaricatorumque
3420 5290 3732 5345 Judaeoruln

479 5355 661 5413 turba.
695 5359 814 5432 Qui,
856 5362 1074 5414 fuerunt
1111 5371 1316 5426 postea
1353 5355 2203 5432 persecutores,__Homanorn_tn_
2228 5368 2355 5413 sunt
2407 5375 2596 5429 reges,
2619 5361 2734 5432 _qui
2769 5355 3048 5429 apostolos
3095 5375 3158 5414 ac
3190 5355 3472 5432 martyres
3505 5361 3733 5420 interle~

479 5437 694 5482 cerunt.
730 5428 942 5483 Primos
969 5441 1150 5485 autem
1181 5445 1336 5499 reges
1355 5426 1716 5483 Hebrazorum
1753 5426 1887 5480 dicit
1918 5427 2097 5499 (Νη.)
2133 5428 2367 5498 iniustos
2400 5426 2635 5500 eo'quod
2660 5426 2969 5500 prophetas
2993 5430 3343 5485 occidebant.

557 5519 828 5590 llorribile
867 5522 1186 5576 barathrum
1214 5521 1421 5576 diaboli
1444 5521 1580 5575 dicit
1609 5536 1731 5574 esse
1763 5519 2070 5576 lulianum.
2107 5520 2245 5576 Cum
2272 5530 2420 5578 esset
2452 5523 2596 5577 enim
2627 5522 2997 5586 Christianus,
3031 5531 3087 5575 et
3119 5537 3184 5576 ex
3230 5537 3430 5590 genere
3457 5521 3731 5576 Constan-

484 5591 582 5662 tini
615 5589 773 5662 primi
803 5590 1245 5645 Christianorum
1277 5592 1426 5660 regis
1456 5592 1586 5660 (heu
1619 5591 1915 5644 infeliciter
1943 5590 2091 5662 !)7.in
2115 5607 2361 5662 errorem
2395 5593 2807 5662 superstitionis
2831 5592 3146 5653 abducitur,
3184 5589 3580 5662 miserabilium
3615 5592 3734 5662 ido-

486 5659 1136 5731 lorummiserabiliorem
1174 5659 1442 5731 cultorem
1483 5676 1543 5716 se
1567 5661 1932 5731 constituens.
1966 5659 2070 5714 'llle
2102 5678 2226 5716 cum
2254 5659 2550 5731 Gregorius
2579 5661 2890 5731 Theologus
2932 5661 3161 5716 Athenis
3231 5661 3580 5723 educaretur,
3633 5661 3732 5713 ad-

485 5736 627 5786 erat,
659 5727 874 5803 litteras
897 5730 1062 5803 etiam
1090 5731 1333 5803 discens.
1388 5729 1470 5785 οι)
1501 5730 1908 5803 venerationem
1938 5731 2157 5799 generis
2201 5727 2433 5801 regalis.
2465 5727 2894 5800 eorumdemque
2946 5733 3256 5803 studiorum
3310 5732 3508 5803 gratia,
3540 5745 3732 5803 omnes

490 5797 670 5874 caeteri
699 5803 856 5851 astate
896 5797 1062 5874 pares
1081 5801 1147 5854 ad
1183 5817 1306 5855 eum
1340 5801 1765 5862 concurrebant,
1806 5797 2102 5874 Gregorius
2140 5797 2287 5874 vero
2305 5803 2458 5874 solus
2497 5818 2527 5856 a
2571 5797 2834 5856 Societate
2865 5803 3026 5874 illius
3067 5797 3334 5874 fugiebat,
3375 5802 3730 5874 anilnaa_ejns

488 5867 723 5920 crimina
751 5867 1077 5939 praeddens,
1109 5874 1397 5944 palamque
1427 5885 1608 5927 mores
1631 5884 1831 5944 pravos
1857 5867 1978 5942 ejus
2011 5872 2330 5942 praedicens.
2363 5872 2501 5928 Cum
2533 5889 2758 5944 regnare
2794 5872 3056 5929 voluisset
3087 5867 3514 5928 {Constantino
3541 5867 3734 5942 Magno
