4180 6350
420 349 530 407 889

422 468 664 523 τίθεται·
712 466 776 521 τὸ
813 465 923 540 γὰρ
962 463 1416 539 λαμπρυνομένου
1451 463 1548 517 τοῦ
1576 462 1871 517 ἀντιπάλου
1901 461 2007 514 κᾶν

428 562 631 634 μικράν
653 578 776 614 τινα
801 560 935 628 γοῦν
962 557 1368 630 παραδέξασθαι
1391 556 1605 627 τέρψιν,
1632 554 1836 608 καὶτὸν
1858 552 2010 605 τόνον

425 653 833 726 παραχαλάσαι,
860 651 1089 722 χαλκεῖα
1121 650 1361 721 χρυσίων
1411 648 1561 702 ἐστὶν
1609 644 2008 716 ἀντιδέχεσθαι,

424 744 671 799 τούτέστι
714 743 824 797 τῶν
863 740 1097 795 εὐτελῶν
1136 740 1206 794 τὰ
1235 738 1445 793 πολλῶν
1484 734 1892 807 άντιπροῖεσθαι
1928 751 2011 786 τι-

432 836 695 909 μιώτερα.

431 931 525 983 151
570 927 681 982 Καὶ
718 925 908 995 δόμον
951 922 1280 993 αἰγλήεντα
1306 962 1322 987 ,
1352 920 1453 975 καί
1507 917 2010 1061 Ἀλκινιόρέοζατρά-

1784 1007 1813 1042 ε
1881 1007 1937 1041 ν.

1739 1004 1937 1042 πεςαν.

512 1088 789 1149 ’Λλκίνοος
816 1083 912 1137 τοῦ
945 1084 1199 1138 Φαιάκων
1228 1082 1417 1145 ἔθνους
1447 1080 1699 1153 βασιλεὺς
1728 1079 2009 1150 ὑπάρχων,

430 1180 711 1249 φιλότιμός
739 1195 797 1230 τε
820 1171 887 1245 ἧν
916 1175 986 1228 τὰ
1012 1175 1191 1228 πάντα
1214 1173 1310 1227 καὶ
1334 1172 1628 1241 φιλόξενος.
1659 1163 1827 1233 Οὗτος
1858 1170 2016 1223 πλου-

431 1270 576 1332 σίαις
608 1265 975 1338 ἀμειϐόμενος
1013 1265 1141 1329 τοὺς
1192 1261 1713 1334 παρατυγχάνοντας
1759 1260 2010 1331 δωρεαῖς,

428 1361 613 1423 οἴκους
642 1375 701 1411 τε
748 1356 1038 1429 λαμπροὺς
1078 1354 1434 1425 κεκτημένος,
1480 1352 1575 1407 καὶ
1601 1351 1879 1421 τράπεζαν
1904 1351 2013 1404 τῶν

432 1449 651 1505 πώποτε
707 1447 966 1518 βασιλέων
1024 1444 1414 1516 δαψιλεστέραν
1438 1484 1452 1505 .
1515 1442 1773 1496 Ὀδυσσέα
1836 1441 2015 1515 πλάνῃ

433 1542 731 1613 φερόμενον
764 1537 1004 1608 ναυηγὸν
1060 1536 1156 1589 καὶ
1199 1535 1415 1606 οἰκτρὸν
1458 1535 1687 1605 ἀλήτην,
1739 1532 1881 1586 κατὰ
1915 1532 2015 1602 τὴν

435 1631 601 1688 αὐτοῦ
632 1631 924 1701 γενόμενον
954 1628 1129 1693 πόλιν,
1160 1626 1498 1697 φιλοφρόνως
1519 1626 1796 1696 ἐτίμησεν.
1826 1624 2013 1688 Ὅπως

433 1725 490 1778 δὲ
526 1724 620 1778 καὶ
654 1723 810 1777 τοῦτο
842 1721 1177 1792 συμϐέϐηκε,
1207 1719 1315 1773 τῶν
1344 1720 1519 1787 λόγων
1547 1717 1846 1788 προῖόντων
1875 1716 2018 1770 λελέ-

436 1818 585 1884 ξεται
604 1835 619 1848 ο
647 1816 850 1871 τούτων
876 1815 985 1886 γὰρ
1010 1818 1066 1868 ὲν
1097 1814 1287 1869 πλάτει
1316 1812 1675 1884 παρακατιὼν
1705 1814 1733 1866 6
1758 1810 2017 1880 Θεολόγος

438 1911 792 1983 μνημονεύει.

439 2004 542 2059 155
581 2004 791 2057 Φύλλα
810 2000 1012 2070 συκῆς
1035 2001 1116 2070 μ’,
1143 2000 1224 2065 ὠς
1252 2000 1519 2067 πρόσθεν
1551 1997 1906 2140 ἢδὰμλιξῗταν
1928 2013 2017 2064 τε,

1631 2086 1706 2122 κα
1751 2088 1787 2122 υ
1838 2086 1947 2123 τοι.

1631 2082 1947 2123 καλύπτοι.

509 2166 703 2218 Κεῖται
727 2165 761 2234 ἡ
792 2160 1042 2233 παροῦσα
1076 2160 1287 2232 ἱστορία
1325 2161 1383 2212 ὲν
1407 2157 1486 2229 τῷ
1518 2158 1560 2229 β’
1589 2158 1752 2229 λόγῳ.

437 2256 545 2313 158
599 2258 681 2312 Ἦ
715 2271 851 2310 τινα
893 2254 1015 2323 πὰρ
1064 2251 1351 2306 πυλεῶνα
1406 2250 1786 2374 ,βεϐλημῆος
1822 2250 2025 2340 ’ἄχθος

1734 2338 1953 2374 οουσης

1769 2338 1839 2374 Ου

442 2399 545 2454 159
608 2395 845 2466 Ἄνδρὸς
893 2392 1291 2463 ὑπερφιάλοιο
1310 2431 1327 2456 ,
1384 2391 1574 2458 πένης
1623 2320 2026 2532 κὶιῖἒὲἒᾷἐὲος

1860 2479 1949 2527 ος.

513 2560 706 2613 Κεῖται
730 2559 788 2611 ὲν
815 2555 895 2629 τῷ
924 2555 1127 2628 πρώτῳ
1149 2554 1315 2625 λόγῳ.

446 2652 551 2708 151
606 2650 719 2704 Kal
768 2648 850 2703 σὺ
897 2648 1099 2717 φίλοις
1149 2645 1464 2701 τεκέεσσιν
1513 2643 2027 2717 Ἰωναδρϐιέξοχε

1839 2731 1952 2767 τιν.

1839 2731 1952 2767 τιν.

524 2813 775 2885 Ἐϐραῖος
820 2808 889 2883 ἦν
931 2808 991 2864 τὸ
1042 2808 1198 2879 γένος
1240 2809 1333 2862 καὶ
1370 2806 1628 2877 θεοσεϐὴς
1670 2712 2029 2859 όῐξῖιῖόναδάϐο

438 2901 600 2970 οὗτος
625 2906 683 2959 δὲ
707 2907 822 2967 τοῖς
852 2902 1066 2966 τέκνοις
1095 2900 1397 2955 ἐνετείλατο
1433 2899 1509 2970 μὴ
1538 2899 1643 2969 γῆν
1669 2898 1886 2970 ἀρόσαι,
1918 2916 2028 2969 μη-

438 2998 503 3050 δὲ
535 2993 802 3065 φυτεῦσαι
858 2990 1142 3062 ἄμπελον,
1187 2987 1333 3040 οἴνου
1388 2985 1447 3038 δὲ
1498 2987 1591 3038 καὶ
1642 2984 1750 3037 τῶν
1784 2984 1920 3055 πρὸς
1966 2983 2027 3036 τὸ

447 3087 789 3157 ἁϐροδίαιτον
818 3080 1119 3153 ἀπέχεσθαι
1145 3080 1364 3133 πάντων
1385 3094 1400 3108 ·
1430 3078 1489 3131 ὲν
1523 3078 1748 3147 σκηναῖς
1772 3074 1828 3127 δὲ
1850 3090 2028 3127 κατοι-

445 3183 596 3240 κεῖν.
648 3177 745 3231 καὶ
791 3174 911 3245 Θεῷ
946 3173 1046 3245 ζῇν
1090 3171 1189 3226 καὶ
1230 3169 1407 3240 τούτῳ
1454 3168 1603 3240 μόνῳ
1650 3165 2024 3237 προσανέχειν.

457 3268 741 3330 Ἐσσαίους
770 3265 827 3318 δὲ
852 3263 1076 3326 τούτους
1102 3263 1136 3332 ἡ
1166 3260 1357 3333 Γραφὴ
1384 3258 1792 3329 κατωνόμασεν.

450 3359 553 3414 ιοι
594 3354 738 3411 Οἶδα
768 3356 820 3409 δ’
848 3354 963 3426 ἐγὼ
993 3354 1092 3426 καὶ
1122 3352 1276 3426 λαὸν
1304 3350 1685 3426 ὑποσχεσίης
1715 3349 1813 3426 ἐπὶ
1851 3349 2018 3426 γαῖαν

451 3430 558 3484 165
607 3419 900 3497 ἰέμενον,’
924 3423 1033 3477 τοῦ
1086 3424 1313 3490 πρόσθε
1362 3419 1590 3487 στύλος
1643 3419 1834 3497 πυρᾴς
1862 3419 1866 3420 “
1893 3420 2032 3490 ἡγε.

458 3568 558 3624 166
596 3565 705 3621 Kal
725 3565 990 3636 νεφέλης
1010 3563 1297 3629 ἕλκοντος
1318 3489 1677 3630 ἀσημάντοὲ
1693 3491 2028 3630 6:?

1447 344 1540 401 AD
1564 341 1876 401 CARMINA
1915 339 1975 397 S.
2030 337 2359 395 GREGORII
2414 336 2666 396 THEOL.

3581 336 3690 394 390

2179 456 2322 523 Λαὸς
2353 454 2803 528 προθυμούμενος
2836 456 2930 510 ἐπὶ
2964 454 3063 527 τὴν
3094 453 3195 526 τῆς
3222 450 3557 525 ἐπαγγελίας
3579 458 3687 527 γῆν

2106 551 2136 603 6
2183 550 2518 621 Ἰσραηλίτης
2564 550 2735 615 ἐστὶν,
2781 548 2843 601 ὃν
2891 548 2950 614 ἐξ
2996 549 3273 618 Αἰγύπτου
3330 547 3616 617 ἐξαγαγὼν
3655 551 3690 603 6

2108 639 2260 704 Θεὸς,
2290 641 2348 692 ὲν
2378 638 2554 710 στύλῳ
2588 638 2756 709 πυρὸς
2780 638 3033 708 ὡδήγησε
3065 640 3159 692 καὶ
3192 639 3422 711 νεφέλης
3448 640 3541 692 ἐπὶ
3568 640 3690 710 χρόα

2108 750 2215 787 νων
2246 733 2655 804 τεσσαράκοντα
2694 731 2809 802 ἔτη.
2852 732 2929 802 Γῆ
2954 731 3011 785 δὲ
3034 730 3133 800 τῆς
3166 729 3511 800 ὑποσχέσεως
3542 732 3694 784 ἐστιν

2108 824 2143 894 ἡ
2163 822 2465 877 Χαναναίαο
2494 821 2698 892 ταύτην
2730 820 2839 891 γὰρ
2869 822 2949 883 είς
2976 821 3302 892 κατάσχεσιν
3323 819 3401 889 τῷ
3438 818 3690 890 Ἀϐραάμ

2108 915 2341 977 διδόναι,
2384 914 2479 968 καὶ
2511 912 2588 984 τῷ
2620 912 2896 983 σπέρματι
2936 911 3100 965 αὐτοῦ
3140 912 3258 981 μετ’
3302 910 3492 974 αὐτὸν,
3535 904 3693 963 εἶπεν

2108 1008 2138 1060 6
2174 1005 2325 1069 Θεός.
2370 1004 2588 1076 Ταύτην
2629 1003 2805 1075 ᾤκουν
2846 1004 2946 1073 τὴν
2993 1003 3098 1072 γῆν
3130 1002 3259 1071 έθνη
3295 1001 3456 1063 ἑπτὰ,
3504 1002 3694 1073 Ἀμορο

2113 1098 2277 1167 ραῖοι,
2324 1097 2641 1158 Χαναναῖοι,
2686 1095 2958 1156 Χετταῖοι,
3003 1090 3304 1163 Φερεζαῖοι,
3355 1091 3693 1161 Γεργεσαίοι,

2112 1188 2324 1253 Εὐαῖοι,
2371 1186 2706 1239 Ἰεϐουσαῖοι.
2756 1183 2993 1246 Τούτους
3022 1183 3230 1246 πάντας
3262 1181 3458 1245 ἐξελὼν
3489 1182 3519 1233 6
3563 1180 3696 1242 Θεὸς

2113 1277 2221 1331 ἀπὸ
2271 1275 2566 1348 προσώπου
2619 1275 2871 1347 Ἰσραὴλ,
2916 1276 3015 1346 τὴν
3076 1275 3182 1344 γῆν
3225 1272 3406 1327 αὐτῶν
3461 1271 3541 1341 τῷ
3598 1268 3696 1323 τοῦ

2122 1367 2376 1437 Ἀϐραὰμ
2410 1365 2910 1437 κατεκληροδότησε
2952 1364 3266 1437 σπέρματι,
3310 1363 3386 1425 ὡς
3428 1362 3698 1430 ὑπέσχετο

2114 1458 2208 1511 καὶ
2234 1457 2580 1511 κατένευσεν.

2114 1548 2217 1602 167
2247 1543 2319 1618 ᾯ
2352 1551 2576 1615 πόντος
2590 1547 2833 1612 ὑπόειξε
2852 1546 2950 1601 καί
2979 1546 3237 1616 οὐρανὸς
3260 1542 3427 1613 εἶδαρ
3450 1544 3698 1599 ἔδωκεν.

2185 1641 2297 1710 Τὴν
2330 1639 2597 1711 Ἐρυθρὰν
2627 1639 2843 1710 Ἰσραὴλ
2858 1640 3242 1708 διατμηθεῖσαν
3259 1637 3480 1691 διελθὼν
3500 1637 3701 1690 θάλασ-

2120 1748 2241 1795 σαν,
2276 1732 2417 1785 κατὰ
2437 1732 2535 1801 τὴν
2562 1732 2764 1803 ἔρημον
2776 1730 3010 1800 γεγονὼς
3038 1730 3327 1801 οὐρανόθεν
3345 1728 3549 1800 τροφὴν
3570 1729 3703 1781 ὑπο-

2116 1824 2371 1893 δέχεται·
2405 1824 2437 1893 ἡ
2467 1822 2523 1874 δὲ
2553 1818 2620 1893 ἦν
2665 1822 2742 1885 ὡς
2788 1823 2978 1893 ὲγκρὶς
3013 1822 3247 1892 μέλιτος,
3275 1821 3451 1892 μάννα
3480 1821 3536 1874 δὲ
3569 1819 3704 1875 ταύ-

2118 1933 2216 1986 την
2247 1915 2276 1965 6
2316 1913 2532 1984 Ἰσραὴλ
2580 1914 2836 1980 κέκληκε.
2897 1913 3229 1982 Γογγύσαντι
3260 1913 3320 1967 δὲ
3354 1912 3433 1983 τῷ
3467 1911 3581 1982 λαῷ
3606 1912 3704 1965 καὶ

2117 2006 2297 2077 κρεῶν
2353 2006 2643 2077 ἐφιεμένῳ,
2694 2006 3113 2078 όρτυγομήτραν
3159 2007 3240 2068 είς
3272 2005 3476 2075 πλῆθος
3505 2006 3535 2057 6
3569 2004 3704 2067 Θεὸς

2119 2098 2531 2165 ὲξαποστέλλει’
2579 2098 2764 2168 ὄρνεον
2826 2098 2884 2152 δὲ
2910 2097 3070 2152 τοῦτο
3118 2098 3419 2169 πτερωτὸν,
3450 2098 3573 2168 ἥτις
3608 2113 3706 2149 πε-

2122 2190 2289 2244 σοῦσα
2321 2188 2510 2260 πολλὴ,
2557 2190 2718 2261 κόρον
2779 2192 2960 2254 αὐτοῖς
3004 2190 3104 2261 τῆς
3146 2189 3441 2261 ἐπιθυμίας
3462 2188 3704 2260 παρέσχε

2119 2283 2400 2345 τοσοῦτον,
2450 2283 2525 2346 ὡς
2561 2283 2641 2345 είς
2678 2282 2908 2353 χολέραν
2955 2280 3405 2353 μετατραπῆναι·
3432 2276 3545 2332 οἷον
3595 2279 3706 2348 γάρ

2122 2374 2239 2427 ἔστι
2273 2373 2505 2444 πάσχειν
2532 2374 2660 2436 τοὺς
2687 2373 2895 2437 κοιλίας
2927 2372 3254 2444 ὑποφόρους,
3287 2370 3579 2443 ἀπλήστως
3608 2371 3709 2442 τῆς

2121 2464 2538 2536 όρτυγομήτρας
2561 2463 2988 2535 ὲμφορηθέντες,
3021 2464 3162 2535 νόσῳ
3188 2461 3565 2534 περιελθόντες
3610 2478 3709 2514 κα-

2124 2555 2236 2619 κῶς
2266 2555 2362 2610 τοῦ
2401 2556 2500 2627 ζῇν
2531 2557 2581 2609 οἱ
2622 2556 2839 2619 πλείους
2880 2555 3306 2628 ἀπηλλάγησανο
3352 2554 3429 2618 ὼς
3479 2552 3713 2608 θανάτου

2125 2646 2216 2699 τὸν
2230 2645 2360 2699 λαὸν
2388 2646 2888 2717 κατανεμηθέντος,
2918 2644 3213 2716 ἐπιθυμίας
3235 2645 3492 2716 μνήματα
3508 2643 3598 2697 τὸν
3626 2643 3713 2696 τό·

2127 2752 2229 2789 πον
2259 2735 2755 2806 κατονομασθῆναι.

2131 2827 2235 2883 168
2273 2828 2384 2882 Καὶ
2406 2827 2590 2896 πέτρη
2607 2826 2972 2895 βλάστησεν
2999 2828 3177 2898 ὕδωρ.

2204 2926 2330 2989 Τοῖς
2376 2926 2735 2998 Ἰσραηλίταις
2754 2926 2897 2981 κατὰ
2922 2929 3023 2999 τὴν
3057 2929 3263 2999 ἔρημον
3294 2923 3464 2991 οὖσιν,
3488 2927 3716 2998 ἀνυδρίᾳ

2132 3016 2564 3089 ξηραινομένοις,
2629 3019 2694 3071 ὲκ
2748 3018 2958 3090 πέτρας
3017 3018 3161 3090 ὕδωρ
3219 3018 3442 3072 ἔϐλυσεν
3476 3022 3505 3071 6
3547 3019 3714 3083 Θεόςο

2132 3110 2417 3164 ὲπιστάντι
2463 3110 2573 3182 γὰρ
2623 3109 2827 3181 Μωῦσῇ
2859 3111 2936 3183 τῷ
2958 3111 3093 3182 λαῷ,
3126 3112 3222 3165 καὶ
3246 3110 3437 3164 τοῦτον
3472 3110 3717 3180 μέλλοντι

2132 3201 2487 3265 καταλεῦσαι,
2534 3202 2929 3272 προσέταξεν-ό
2961 3204 3092 3267 Θεὸς
3118 3206 3182 3273 τῇ
3235 3202 3415 3273 ῥάϐδῳ
3452 3202 3717 3273 κροτῆσαι

2131 3292 2231 3363 τὴν
2260 3294 2465 3364 πέτραν
2486 3310 2499 3324 ·
2518 3288 2578 3347 οὗ
2609 3295 2902 3366 γενομένου
2933 3294 3040 3360 ζῶν
3071 3294 3214 3367 ὕδωρ
3246 3294 3492 3364 ἀνεδόθη.
3516 3294 3610 3347 καὶ
3637 3292 3719 3345 δι-

2136 3382 2325 3452 ψῶντα
2371 3384 2653 3455 κορέννυσι
2694 3386 2784 3439 τὸν
2846 3384 2993 3439 λαόν.
3064 3385 3236 3439 Τοῦτο
3274 3387 3371 3457 τῆς
3411 3384 3719 3455 ἀντιλογίας

2138 3474 2344 3545 ἐκλήθη
2368 3475 2428 3528 τὸ
2462 3475 2636 3548 ὕδωρ
2675 3478 2852 3530 ἐκεῖσε
2877 3477 2987 3549 γὰρ
3018 3479 3047 3529 6
3078 3477 3206 3540 λαὸς
3233 3478 3452 3530 ἀντεῖπε
3482 3478 3721 3547 Μωῦσῇ,

2136 3565 2376 3636 Μωῦσῆς
2407 3565 2464 3619 δὲ
2510 3570 2577 3638 τῇ
2639 3567 2819 3637 ῥάϐδῳ
2858 3568 2959 3640 τὴν
3013 3566 3224 3639 πέτραν
3258 3567 3549 3638 κροτήσας,
3582 3564 3718 3634 Μὴ,

450 3802 681 3883 namab
706 3800 867 3883 hoste
896 3800 1203 3883 refulgente
1238 3800 1644 3883 velminimum
1674 3808 1963 3883 acceptare
1998 3800 2484 3883 oblectamentum,
2517 3813 2573 3859 et
2606 3819 2813 3859 morem
2846 3819 3132 3869 enervare,
3167 3806 3269 3862 hoc
3295 3813 3383 3861 est
3423 3821 3574 3862 aenea
3619 3822 3722 3878 pro

453 3874 639 3926 aureis
664 3881 898 3938 mutare,
931 3873 1037 3926 hoc
1055 3870 1147 3926 est
1172 3887 1274 3942 pro
1300 3870 1506 3925 vilibus
1539 3885 1663 3939 quae
1696 3875 1871 3941 magis
1896 3872 2065 3941 digna
2093 3883 2223 3928 situt
2251 3874 2505 3943 rejicere.

531 4008 790 4063 Alcinous
838 4007 1126 4062 Phaeacum
1170 4021 1269 4061 rex
1298 4002 1760 4075 magniﬁcentiam
1797 4019 1910 4074 prae
1952 4020 2013 4060 se
2047 4003 2258 4059 ferebat
2299 4010 2353 4058 et
2397 4005 2849 4074 hospitalitatem.
2880 4004 3037 4061 Unde
3067 4006 3138 4061 ab
3180 4006 3328 4060 ultro
3358 4004 3722 4063 offerentibus

454 4094 581 4132 cum
616 4077 779 4132 donis
812 4079 1102 4148 abundans
1143 4076 1389 4148 locuples
1419 4074 1739 4148 evasisset,
1775 4075 2093 4148 splendidas
2135 4076 2329 4129 domos
2364 4077 2612 4148 possedit
2637 4086 2689 4129 et
2713 4091 3191 4148 mensamquam
3234 4091 3450 4148 summe
3483 4082 3721 4144 regalem

456 4149 650 4203 habuit
676 4167 690 4201 :
724 4163 852 4219 mox
884 4146 1226 4219 Ulyssemin
1262 4145 1390 4199 navi
1409 4146 1680 4219 jactatum
1710 4145 2188 4219 et_mis_erab_il_iter
2216 4156 2491 4219 errantem
2523 4147 2617 4214 qui
2658 4145 2725 4199 ad
2757 4147 2880 4219 ejus
2925 4145 3117 4219 urbem
3149 4147 3454 4219 appulerat,
3488 4147 3722 4217 benigno

457 4221 609 4272 vultu
649 4226 703 4272 et
734 4213 1221 4288 honore'exccpit;
1247 4213 1525 4285 quomodo
1557 4222 1741 4269 autem
1772 4214 1906 4270 illud
1935 4216 2222 4281 acciderit,
2254 4216 2396 4269 infra
2426 4213 2669 4272 dicetur;
2703 4213 2828 4270 nam
2862 4218 2920 4271 in
2946 4217 3053 4271 ista
3084 4213 3379 4271 fuse’redit
3407 4213 3724 4272 memorans

456 4288 780 4360 Gregorius.

528 4422 801 4478 Hebraeus
831 4436 1033 4494 genere
1067 4427 1187 4476 erat
1222 4428 1278 4494 _et
1311 4420 1501 4494 colens
1538 4417 1709 4494 Deum
1737 4418 2008 4476 Ionadab.
2040 4420 2137 4477 Ille
2165 4421 2291 4477 filiis
2326 4425 2587 4494 praecepit
2627 4440 2695 4479 ne
2724 4434 2926 4479 terram
2968 4433 3211 4486 ararent,
3255 4440 3324 4481 ne
3364 4427 3528 4481 vitem
3569 4427 3723 4481 cole-

456 4503 605 4557 rent,
631 4496 763 4548 vino
793 4490 853 4548 et
873 4492 1023 4546 omni
1091 4490 1239 4561 quod
1297 4491 1562 4561 voluptati
1604 4490 1790 4561 favere
1832 4500 2012 4561 potest
2051 4490 2654 4556 abstinere'mandans,
2688 4503 2740 4549 et
2778 4495 2832 4548 in
2863 4495 3235 4550 tabernaculis
3260 4496 3508 4551 habitare
3537 4505 3591 4552 et
3612 4496 3725 4553 Deo

457 4566 665 4629 vivere,
698 4565 755 4617 in
780 4564 1077 4634 ipsumque
1109 4559 1293 4615 solum
1322 4559 1581 4615 ﬁduciam
1614 4559 1848 4615 habere.
1868 4560 1979 4617 Hos
2011 4561 2228 4618 Essaeos
2263 4564 2551 4634 Scriptura
2580 4564 2816 4620 vocavit.

532 4697 776 4768 Populus
797 4696 996 4779 cupide
1023 4694 1413 4778 promissionis
1439 4701 1643 4749 terram
1676 4706 1939 4819 aplpetens
1968 4695 2139 4777 Israel
2163 4705 2248 4779 est
2274 4713 2441 4778 quem
2475 4713 2541 4753 ex
2557 4697 2795 4769 Egypto
2814 4699 3003 4752 eduxit
3032 4697 3197 4765 Deus,
3217 4698 3273 4753 in
3298 4699 3550 4753 columna
3580 4699 3722 4768 ignis

532 4780 658 4819 vetor
688 4776 744 4819 et
776 4768 941 4819 nubis
968 4780 1067 4819 per
1104 4766 1474 4819 uuadraainta
1498 4780 1693 4819 annos.
1775 4782 1897 4819 erra
1933 4782 2320 4819 nromtssnoms
2345 4767 2654 4819 Chananaaa
2683 4778 2787 4819 est.
2820 4784 2985 4819 uuam
3022 4769 3075 4819 in
3112 4771 3515 4819 possessionem
3545 4768 3721 4819 Abra-

460 4766 658 4848 ductor
686 4776 744 4848 et
776 4768 1067 4848 nubisper
1104 4766 1474 4848 quadraginta
1498 4780 1693 4820 annos.

1775 4782 1897 4839 erra
1933 4762 2320 4837 promissionis
2345 4762 2787 4828 Chananaaa'e'st.
2820 4784 2985 4837 quam
3022 4769 3075 4821 in
3112 4762 3515 4839 possessionem
3545 4762 3721 4839 Abra-

459 4841 588 4893 ham
647 4847 729 4908 et;
762 4836 959 4908 semini
983 4836 1137 4908 _ejus
1186 4844 1314 4908 post
1335 4851 1486 4908 _eum
1547 4836 1805 4908 promisit
1848 4836 2036 4908 Deus;
2097 4853 2262 4908 quam
2306 4839 2631 4893 habitabant
2686 4836 2882 4908 populi
2936 4836 3167 4907 septeni,
3214 4840 3540 4903 Amorrliaai,
3576 4838 3721 4891 (lliu-

462 4908 663 4970 nanmi,
694 4906 952 4966 Chettazi,
983 4903 1284 4970 Pheresaai,
1325 4903 1621 4975 Gergesaai,
1655 4905 1857 4968 lIcvaei,
1891 4903 2151 4962 Jebusaei.
2180 4906 2291 4962 Hos
2316 4923 2507 4963 omnes
2543 4903 2819 4963 destruxit
2858 4903 3063 4962 Deus'a
3097 4909 3238 4964 facie
3268 4910 3458 4973 Israel,
3493 4909 3719 4961 borum-

460 4994 569 5051 que
597 4988 801 5033 terram
834 4976 1029 5031 semini
1070 4975 1350 5029 Abraham
1377 4976 1530 5030 dedit
1562 4976 1619 5030 in
1659 4975 2034 5033 haereditatem
2058 4985 2119 5032 ut
2142 4978 2422 5035 pollicitus
2454 4991 2539 5033 est
2566 4987 2621 5035 et
2648 4979 2881 5047 juravit.

534 5113 782 5170 Rubrum
816 5112 986 5166 Israel
1026 5110 1264 5167 divisum
1310 5112 1532 5183 transiit
1573 5126 1921 5183 mareLmox
1959 5114 2015 5166 in
2055 5128 2242 5167 eremo
2285 5127 2470 5168 escam
2513 5112 2583 5168 de
2623 5112 2767 5167 caelo
2809 5112 3022 5183 accepit
3075 5111 3365 5168 delicatam
3429 5110 3718 5181 quamdam

460 5185 782 5257 quasimel,
808 5197 973 5257 quam
1005 5197 1208 5257 manna
1245 5183 1462 5257 vocavit
1498 5181 1691 5257 Israel.
1737 5180 2106 5257 murmuranti
2134 5198 2264 5257 vero
2307 5183 2535 5257 plebiet
2576 5197 2776 5257 carnes
2822 5180 3159 5257 desideranti
3203 5180 3629 5257 ortygometram
3662 5182 3718 5235 in

464 5251 803 5310 abundantia
828 5251 985 5306 misit
1020 5251 1163 5322 Deus
1192 5253 1465 5322 :iavitium
1498 5251 1632 5322 illud
1666 5252 1890 5306 volatile
1928 5252 2075 5321 quod
2110 5251 2333 5322 copiose
2372 5254 2578 5307 cadens
2632 5254 2942 5308 satietatem
2978 5254 3059 5307 eis
3085 5251 3344 5307 desiderii
3377 5253 3539 5305 talem
3575 5262 3724 5303 attu-

466 5327 553 5387 lit,
600 5332 659 5378 ut
703 5324 761 5377 in
792 5323 1100 5392 choleram!
1128 5321 1473 5392 inciderent;
1500 5321 1909 5392 justumwenim
1945 5331 2032 5377 est
2070 5330 2132 5375 ut
2157 5321 2368 5378 ventris
2388 5323 2609 5377 dolores
2647 5323 2933 5392 patiantur
2967 5324 3062 5391 qui
3098 5323 3315 5376 abunde
3348 5328 3722 5392 ortygometra

467 5394 677 5463 impleti
710 5403 860 5455 sunt,
883 5402 937 5446 et
964 5390 1174 5464 morbis
1202 5391 1435 5444 involuti
1468 5391 1858 5448 miserabiliter
1884 5392 2136 5464 plerique
2164 5394 2348 5447 vivere
2368 5390 2659 5449 desinant.
2680 5390 2869 5462 Itaque
2898 5390 3074 5448 morte
3103 5399 3318 5447 vastato
3349 5390 3556 5461 populo
3581 5391 3724 5443 desi-

464 5462 603 5519 derii
630 5471 970 5517 monumenta
1000 5462 1157 5515 locus
1187 5468 1414 5515 vocatus
1440 5469 1546 5515 est.

542 5591 807 5648 Israelitis
838 5593 892 5647 in
926 5591 1146 5647 deserto
1172 5591 1263 5646 siti
1295 5590 1675 5663 laborantibus
1711 5606 1743 5663 e_
1768 5599 1921 5661 petra
1948 5606 2147 5663 aquam
2173 5590 2440 5663 produxit
2473 5580 2617 5646 Deus
2653 5609 2667 5645 :
2696 5591 2943 5663 irruente
2975 5593 3120 5648 enim
3152 5592 3206 5646 in
3238 5591 3477 5663 Moysem
3516 5594 3724 5662 populo

466 5672 523 5719 et
544 5664 655 5732 jam
693 5664 873 5729 ipsum
914 5662 1027 5718 fere
1067 5662 1400 5729 lapidatum,
1440 5660 1891 5732 Moysem__jussit
1942 5660 2086 5717 Deus
2131 5660 2284 5730 virga
2321 5670 2530 5731 petram
2558 5670 2865 5732 percutere.
2909 5662 3031 5728 Quo
3070 5663 3235 5728 facto,
3265 5660 3408 5732 aqua
3443 5660 3562 5716 viva
3594 5660 3723 5718 data

462 5729 559 5813 est
589 5754 603 5787 :
630 5747 755 5813 quae
783 5733 1353 5813 sitientempOpulum
1397 5729 1912 5813 satiavit.__Vocata“
1938 5741 2021 5786 est
2070 5732 2187 5813 haec
2434 5729 2903 5813 co_nlradictfonis:
2928 5734 3025 5813 Ibi.
3058 5729 3586 5813 enimeoii‘tradixit‘
3626 5749 3724 5813 po-

470 5800 860 5875 pulus‘Moysi,
900 5804 996 5874 qui
1038 5803 1190 5873 virga
1223 5810 1432 5873 petram
1472 5800 1789 5872 percutiens
1823 5821 1837 5858 :
1870 5801 2045 5871 Num,
2084 5802 2263 5876 inquit
2313 5801 2441 5861 ﬁliis
2486 5802 2676 5867 Israel,
2714 5803 2782 5857 de
2813 5809 2967 5872 petra
3014 5802 3117 5858 hac
3148 5803 3305 5859 vobis
3345 5802 3593 5874 (aquam)
3622 5800 3726 5873 eji-
