4182 6384
479 373 590 433 505

480 487 702 557 ξανδρος
721 485 819 557 τὴν
859 483 1253 556 προσηγορίαν,
1302 483 1368 551 τῇ
1399 482 1499 551 τῆς
1536 480 1745 548 Θέκλης
1783 478 2066 548 ἐπιμανεὶς

478 582 620 653 ὥρα,
651 580 855 651 ταύτην
894 577 1083 648 βιαίως
1112 577 1293 629 ἓλκειν
1331 575 1606 645 ἐπειρᾶτο.
1655 572 1764 625 Καὶ
1799 570 1988 647 τούτου
2012 568 2069 621 δὲ

479 672 617 743 πρὸς
642 672 815 741 αὐτῆς
867 669 1077 740 ἀτίμως
1110 667 1591 738 ἀποπεμφθέντος.
1647 665 1834 718 στάσιν
1860 681 1921 717 τε
1949 666 2069 718 κατ’

476 762 652 833 αὐτῆς
681 762 1071 833 διεγείραντος,
1113 760 1322 831 θηρίοις
1368 759 1501 830 βορά
1542 758 1703 829 μέσον
1735 756 1947 809 σταδίου
1970 756 2070 826 τὴν

478 853 746 923 παρθένον
781 850 1296 916 καταδικασθεῖσαν,
1345 846 1491 920 εἶχον
1529 849 1627 919 μὲν
1659 849 1757 917 ούχ
1788 847 1993 901 ἁλωτὸν
2018 846 2071 899 oi

479 945 666 1017 θῆρες,
691 944 967 1014 αἰδέσιμον
989 943 1069 998 δέ·
1086 944 1146 996 ού
1171 943 1279 1014 γὰρ
1301 941 1688 1014 σπαρακτικῶς
1707 940 1799 993 τοῦ
1819 939 2071 1009 σώματος

478 1038 579 1108 τῆς
610 1037 898 1109 παρθένου,
935 1035 1289 1099 θωπευτικῶς
1327 1036 1384 1089 δὲ
1426 1035 1627 1105 μᾶλλον
1672 1031 2066 1105 προσήγγιξον.

483 1148 588 1204 194
616 1145 769 1203 Οὑδέ
794 1146 1043 1217 μὲνούδ’
1055 1147 1247 1217 ἁγνῆς
1265 1146 1628 1215 ἐπιλήσομαι
1645 1144 1737 1217 (ρὺ
1760 1146 1871 1214 γὰρ
1884 1143 2065 1217 ἔοικε)

483 1218 588 1273 195
608 1214 985 1284 Σουσάννης,
1007 1222 1059 1272 ει
1084 1214 1187 1271 καί
1199 1214 1305 1286 μιν
1318 1218 1437 1271 ὑπὸ
1455 1214 1632 1285 ζυγὸν
1651 1214 1873 1286 ἢγαγεν
1889 1214 2064 1281 ἀνὴρ,

482 1288 587 1343 196
608 1292 1035 1359 Σωφροσύνης·
1055 1286 1094 1356 ἡ
1113 1284 1343 1340 τόὰσον
1362 1284 1765 1359 ἕχε[ν⁷ιπόθον’,
1783 1284 1938 1359 ὥστε
1957 1302 2069 1353 φυ-

482 1424 585 1485 197
610 1426 820 1496 Χεῖρας
839 1425 1270 1498 ἀθεσμοτᾶτας.
1288 1426 1519 1493 ψήφοις
1547 1424 1600 1477 δ’
1627 1352 2069 1503 ἀδὶἑέῗὲῗᾷᾬα·

485 1565 592 1622 198
652 1567 746 1633 Ἐς
792 1567 986 1636 μόρον
1028 1566 1365 1637 ἑλκομένην
1406 1565 1539 1620 ποθ’
1587 1564 1745 1649 ὑπὲξ
1790 1493 2067 1649 ἆῑῗνῖάυὲιο

481 1707 585 1763 199
598 1703 836 1772 Πνεῦμα
852 1706 1252 1767 νέου,πο.2ιοῖο
1264 1704 1508 1775 φρένας,
1522 1703 1622 1757 καί
1631 1631 2062 1775 ﬂagitii-3522a,

480 1777 590 1833 200
624 1780 957 1845 Ὁρθοδικου
983 1772 1289 1842 δήσαντος
1306 1772 1430 1832 ίῦπὸ
1456 1772 1802 1845 σφετέροισι
1834 1774 2066 1845 λόγοισι

480 1850 580 1904 201
600 1843 1050 1916 Πρεσϐυτέρους
1066 1846 1442 1911 Βαϐυλῶνος,
1459 1843 1912 1984 ἀλιτροτῐὶἲιὲυς,
1932 1843 2068 1896 d68-

1046 1944 1051 1949 -
1713 1932 1759 1982 μ
1832 1930 1990 1976 τους.

550 2057 825 2113 Σουσάννα
853 2055 1102 2127 θυγάτηρ
1129 2049 1198 2125 ἦν
1226 2053 1481 2123 ’ῐωακεὶμ
1500 2050 1594 2105 τοῦ
1629 2050 1878 2105 Χελκίου.
1917 2049 2065 2120 Αὕτη

482 2148 714 2221 σώφρων
738 2149 1058 2222 ὑπάρχουσα
1113 2145 1207 2199 καί
1254 2161 1318 2213 γε
1346 2144 1545 2215 ὡραία,
1573 2142 1650 2213 τῷ
1683 2142 1781 2213 μὲν
1813 2141 1932 2211 Θεῷ
1965 2142 2066 2210 τὴν

482 2241 807 2310 συνείδησιν,
830 2238 929 2307 τὴν
961 2236 1317 2307 σωφροσύνην
1335 2235 1391 2288 δὲ
1420 2232 1496 2305 τῷ
1523 2232 1676 2305 ἀνδρὶ
1706 2233 1796 2286 διὰ
1829 2233 2065 2302 σπουδῆς

480 2329 594 2404 εἶχε
628 2331 937 2400 φυλάττειν.
973 2328 1189 2399 Ταύτην
1214 2330 1272 2381 ἐν
1299 2326 1610 2397 παραδείσῳ
1637 2324 1716 2395 τῷ
1739 2323 1873 2395 οἴκῳ
1892 2323 2065 2393 αὐτῆς

482 2421 723 2494 συνεχῶς
755 2419 1027 2475 εἰσιοῦσαν
1042 2419 1135 2472 δύο
1148 2419 1290 2481 τινὲς
1309 2417 1418 2470 τῶν
1448 2415 1834 2488 πρεσϐυτέριον
1850 2415 2065 2487 Ἰσραὴλ

481 2514 828 2585 θεασάμενοι,
858 2515 925 2583 τῇ
958 2510 1078 2581 ὥρᾳ
1118 2509 1477 2578 ἐπιμανέντες
1512 2507 1701 2576 αύτῆς,
1742 2506 2025 2578 ἐνήδρευον
2045 2522 2062 2537 ·

483 2607 867 2676 συνεχέστερον
894 2603 937 2657 δ’
969 2598 1565 2671 ὑπαναχωροῦντεςκαὶ
1594 2598 1758 2653 πάλιν
1790 2598 2065 2669 γινόμενοι

482 2697 577 2752 ἐπὶ
599 2698 661 2751 τὸ
692 2696 844 2757 αὐτὸ.
877 2695 968 2749 τὸν
989 2696 1069 2758 εἰς
1091 2693 1190 2764 τὴν
1227 2692 1530 2745 Σουσάνναν
1555 2691 1805 2762 ἀλλήλοις
1838 2690 2067 2759 ὑποφαί-

481 2804 631 2841 νουσι
689 2786 992 2858 δύστροπον
1025 2778 1260 2853 οἶστρον.
1290 2782 1423 2835 Τότε
1454 2782 1520 2853 δὴ
1560 2784 1712 2852 κοινῇ
1745 2782 1844 2853 τῆς
1873 2781 2067 2852 βουλῆς

482 2879 697 2950 ἔχονται
729 2879 824 2933 τοῦ
845 2877 1049 2946 ταύτην
1074 2877 1345 2947 εὐκαίρως
1362 2876 1674 2944 κατασχεῖν,
1703 2875 1797 2926 καὶ
1822 2874 1883 2927 τὸ
1909 2891 2069 2928 σπου-

480 2970 776 3043 δαζόμενον
795 2970 881 3023 ἐπ’
907 2969 1044 3038 αὐτῇ
1062 2966 1349 3037 πληρῶσαι
1377 2964 1577 3035 μῦσος·
1603 2963 1983 3034 ἐπιλαϐόμενοι
2008 2963 2066 3018 δὲ

480 3063 685 3135 ταύτης
709 3063 767 3116 ἐν
787 3063 971 3134 ἡμέρᾳ
987 3059 1305 3131 λουομένης,
1321 3058 1408 3111 ὅτε
1436 3056 1511 3128 μὴ
1541 3056 1795 3126 παρῆσαν
1812 3055 1919 3110 τῶν
1938 3073 2063 3109 νεα-

481 3156 640 3210 νίδων
669 3154 837 3225 αὐτῆς
868 3153 964 3207 σὺν
999 3152 1159 3223 αὐτῇ,
1191 3149 1329 3221 πρὸς
1357 3146 1590 3219 αἰσχρὰν
1626 3146 1771 3218 μίξιν
1795 3147 2067 3201 συνελθεῖν

480 3249 651 3319 αὐτῆς
669 3246 962 3311 ἐϐιάζοντο·
984 3244 1018 3316 ἢ
1049 3241 1558 3314 καταμαρτυρήσειν
1574 3239 1758 3306 ἔλεγον
1776 3239 1967 3309 αὐτῆς,
1990 3239 2067 3303 ὡς

484 3336 625 3408 μετὰ
651 3335 933 3390 νεανίσκου
948 3331 1154 3403 ταύτην
1178 3328 1497 3385 κατέλαϐον.
1535 3326 1674 3380 Ἀλλ’
1689 3327 1777 3379 ὅτε
1807 3326 1941 3397 μηδὲ
1969 3323 2063 3378 οὔ·

479 3441 589 3488 τως
620 3426 825 3480 πείθειν
850 3420 995 3496 εἶχον
1020 3423 1212 3493 αὐτὴν,
1240 3420 1408 3490 αὐτῆς
1450 3419 1549 3489 μὲν
1591 3417 1821 3488 βοώσης,
1856 3416 1965 3469 τῶν
2002 3415 2059 3469 δὲ

479 3515 986 3587 άντεπιϐοωμένων,
1026 3515 1136 3576 τοῖς
1187 3508 1474 3579 συγγενέσι
1523 3508 1756 3579 παροῦσι
1801 3507 1893 3561 καὶ
1949 3508 2061 3570 τοῖς

479 3604 611 3678 περὶ
630 3605 822 3679 αὐτὴν,
844 3603 1013 3676 ψευδῆ
1040 3604 1140 3674 τῆς
1153 3600 1461 3671 Σουσάννης
1483 3598 1953 3670 κατεμαρτύρουν.
1969 3599 2063 3650 Αί-

1606 360 1886 418 COSMAS
1927 357 2640 416 IIIEROSOLYMITANUS

3663 357 3768 412 396

2170 477 2467 530 δεσθὲντων
2493 475 2547 527 δὲ
2578 473 2688 526 τῶν
2718 472 2846 542 περὶ
2865 469 3035 542 αὐτὴν
3058 470 3149 523 καὶ
3178 470 3676 541 ὑποχωρησάντων,
3698 473 3765 540 τῇ

2172 566 2298 637 ἑξῆς
2327 570 2375 620 οί
2402 566 2761 638 πρεσϐύτεροι
2781 564 2870 617 τὸν
2885 563 3010 615 λαὸν
3034 563 3512 632 ἐκκλησιάσαντες,
3539 561 3764 616 τοιαῦτα

2170 661 2271 731 τῆς
2297 661 2602 729 Σουσάννης
2625 658 3101 729 κατεμαρτύρουν·
3135 659 3185 709 οἱ
3208 657 3266 711 δὲ
3300 656 3505 727 ταύτην
3534 657 3612 721 ὡς
3643 675 3763 729 μοι-

2170 750 2360 822 χαλίδα
2392 750 2788 820 καταλευθῆναι
2816 749 3100 821 κρίναντες
3127 749 3440 818 ἀπήγαγον.
3487 748 3765 801 Μέλλουσι

2168 841 2226 893 δὲ
2255 841 2393 913 πρὸς
2426 843 2584 896 τοῦτο
2608 844 2826 912 χωρεῖν,
2852 840 3051 912 Δανιὴλ
3076 841 3364 912 παιδάριον
3387 840 3489 902 ἔτι,
3519 840 3630 894 τῶν
3650 842 3755 894 άπ-

2171 936 2413 1003 αγόντων
2429 935 2504 998 ὡς
2530 935 2770 1005 ἀκρίτων
2793 933 3288 1004 κατεπιϐοὼμενος,
3304 934 3381 996 είς
3406 932 3468 985 τὸ
3481 934 3762 1004 κριτήριον

2169 1026 2229 1091 ἐξ
2260 1028 2605 1099 ὑποστροφῆς
2665 1027 3051 1095 συγκαλεῖται·
3086 1025 3214 1088 τοὺς
3265 1024 3321 1077 δὲ
3357 1023 3761 1095 πρεσϐυτέρους

2170 1116 2277 1168 ὑπὸ
2308 1117 2422 1179 τοῖς
2450 1116 2596 1179 ἰδίοις
2627 1116 2797 1186 δήσας
2832 1116 3032 1185 λόγοις,
3066 1115 3283 1183 ψευδεῖς
3313 1130 3373 1167 τε
3407 1113 3550 1167 κατά
3582 1115 3761 1168 πάντα

2169 1210 2281 1271 τοῖς
2316 1209 2482 1261 πᾶσιν
2504 1209 2812 1275 ἀποδείξας,
2844 1208 2943 1279 τὴν
2976 1208 3075 1277 μὲν
3112 1208 3418 1260 Σουσάνναν
3445 1206 3547 1275 τῆς
3575 1222 3759 1277 παρα-

2169 1299 2335 1369 νόμου
2390 1300 2627 1370 κρίσεως
2680 1300 2881 1364 σώσας,
2913 1300 3008 1353 καὶ
3044 1298 3276 1353 θανάτου
3310 1298 3756 1369 λυτρωσάμενος,

2166 1393 2279 1453 τοῖς
2338 1391 2560 1454 οἰκείοις
2596 1390 2890 1444 ἀποδίδωσι
2945 1389 3122 1443 σώαν·
3156 1389 3398 1450 ἐκείνους
3435 1388 3493 1441 δὲ
3535 1388 3615 1459 τῷ
3658 1388 3757 1459 ίσῳ

2167 1483 2445 1555 παραδοὺς
2487 1483 2721 1555 θανάτῳ,
2764 1483 3271 1554 παραδειγματίσας
3304 1480 3573 1535 ἀπώλεσε.
3619 1482 3758 1552 Πρε-

2170 1575 2463 1645 σϐυτέρους
2484 1576 2541 1629 δὲ
2574 1575 2892 1638 Βαϐυλῶνός
2915 1592 3099 1645 φησιν,
3128 1575 3363 1644 ἐπείπερ
3388 1576 3443 1626 ἐν
3477 1573 3756 1626 Βαϐυλῶνι

2169 1668 2356 1737 γέγονε
2385 1668 2575 1729 ταῦτα,
2615 1668 2712 1737 τῆς
2754 1667 3132 1738 αἰχμαλωσίας
3164 1666 3381 1737 Ἰσραὴλ
3407 1666 3599 1719 αὐτόσε
3637 1664 3753 1718 δια-

2166 1758 2462 1830 τριϐούσης
2481 1773 2494 1785 ·
2514 1758 2651 1811 ἀλλὰ
2680 1757 2790 1829 γάρ
2820 1758 2914 1811 καὶ
2940 1756 3082 1811 κατὰ
3104 1756 3195 1810 τὸν
3224 1757 3322 1827 τῆς
3344 1756 3633 1826 ἀναγωγῆς
3664 1754 3749 1807 λόο

2166 1867 2285 1918 γον,
2318 1850 2576 1904 Βαϐυλών
2603 1853 2752 1903 ἐστιν
2775 1851 2808 1920 ἡ
2831 1849 3097 1921 ἁμαρτία.
3122 1849 3235 1918 Τῆς
3254 1849 3433 1901 τοίνυν
3456 1849 3751 1919 ἁμαρτίας,

2166 1940 2281 1994 ἀλλ’
2320 1941 2442 2011 οὐχὶ
2472 1940 2568 1994 τοῦ
2608 1941 2848 2011 Ἰσραὴλ.
2895 1940 3299 2012 πρεσϐυτέρους
3340 1940 3580 2004 ἐκείνους
3609 1940 3753 1993 εἰκό-

2165 2052 2275 2099 τως
2300 2035 2525 2089 ἐκάλεσε
2550 2036 2677 2099 τοὺς
2706 2035 3075 2106 παρανόμους.

2165 2150 2273 2205 202
2292 2151 2537 2204 Παύλου
2558 2149 2609 2202 δ’
2633 2149 2816 2214 αὐτὸς
2833 2148 3105 2212 ἄκουσας
3131 2149 3282 2217 ὅσης
3311 2150 3638 2214 κακότητος
3659 2147 3754 2201 ἄε-

3506 2224 3674 2280 (flor,

2164 2286 2272 2345 203
2286 2290 2537 2344 Ὀσσατί
2538 2307 2621 2343 ων
2624 2289 2705 2360 μό
2709 2293 2868 2358 χθων
2880 2306 2943 2342 τε
2955 2289 3050 2341 καὶ
3062 2218 3748 2358 ἀργαλέων

2246 2403 2470 2467 Ὁσάκις
2520 2403 2617 2457 ἐὰν
2668 2403 2879 2458 Παύλου
2930 2404 3231 2475 Γρηγόριος
3279 2404 3613 2477 ὲπιμνησθῇ,
3651 2404 3753 2475 τῆς

2168 2496 2377 2549 ἐκείνου
2408 2498 2573 2566 μέρος
2603 2498 2804 2568 ἀρετῆς
2839 2497 3147 2566 ἐξηγεῖται·
3181 2497 3275 2550 καὶ
3296 2499 3406 2569 γὰρ
3437 2497 3565 2569 πρὶν
3594 2498 3755 2552 ἀλλα-

2166 2587 2264 2659 χοῦ
2295 2590 2425 2660 περὶ
2452 2588 2665 2642 Παύλου
2692 2588 3014 2658 διαλεχθεὶς,
3039 2584 3197 2651 αὖθις
3215 2589 3560 2660 παρεισάγει.
3586 2589 3753 2656 Φησὶν

2166 2676 2258 2734 οὖν
2281 2681 2361 2734 ὅτι
2378 2680 2604 2743 πολλοὺς
2625 2681 2763 2752 ὑπὲρ
2777 2680 3015 2752 Χριστοῦ
3036 2680 3234 2743 πόνους
3248 2682 3277 2733 ό
3303 2679 3508 2743 Παῦλος
3530 2681 3750 2750 ἀνέτλη.

2167 2772 2278 2825 Καὶ
2320 2771 2430 2843 γὰρ
2460 2770 2632 2835 οὕτως
2663 2771 2793 2841 ἔχει,
2824 2771 2924 2841 τῆς
2974 2789 3033 2825 τε
3067 2771 3388 2842 συγγραφῆς
3434 2770 3529 2824 τοῦ
3568 2771 3753 2824 Δουκᾶ

2167 2864 2263 2917 καὶ
2289 2863 2399 2917 τῶν
2424 2863 2588 2917 αὐτοῦ
2614 2863 2825 2916 Παύλου
2859 2863 3187 2917 Ἐπιστολῶν
3202 2866 3258 2916 ἐν
3285 2864 3451 2934 πείρᾳ.
3481 2880 3565 2926 τις
3585 2880 3751 2915 κατα-

2168 2955 2319 3020 στάς,
2343 2957 2521 3008 πᾶσαν
2540 2952 2707 3008 αὑτοῦ
2728 2955 2827 3023 τὴν
2844 2952 2988 3025 ζωὴν
3010 2952 3302 3024 ἐπίμοχθον
3322 2956 3433 3016 τοῖς
3457 2953 3596 3024 ὑπὲρ
3616 2954 3752 3022 Χρι-

2172 3044 2298 3098 στοῦ
2325 3044 2551 3098 πάθεσιν
2582 3044 2731 3114 εὖροι
2751 3061 2766 3075 ·
2792 3044 2873 3098 διὸ
2914 3044 3011 3097 καὶ
3055 3043 3355 3116 γράφοντος
3405 3042 3552 3095 εστιν
3583 3042 3749 3095 αὑτοῦ

2170 3136 2382 3190 Παύλου
2439 3137 2745 3205 Κορινθίοις
2791 3136 3046 3199 ἀκοῦσαι,
3069 3136 3144 3199 ὡς
3173 3137 3230 3188 ἐν
3253 3134 3441 3198 κόποις
3462 3135 3556 3187 καὶ
3576 3132 3748 3203 φυλα-

2169 3231 2291 3292 καῖς
2314 3228 2408 3282 καὶ
2447 3228 2711 3292 κινδύνοις
2739 3226 2831 3281 τὸν
2868 3226 2979 3297 βίον
3003 3227 3274 3297 διήνυσεν.
3320 3225 3456 3279 Ὑπὸ
3476 3224 3585 3296 γάρ
3622 3226 3751 3277 Ἰου-

2168 3320 2353 3379 δαίων,
2390 3320 2543 3389 φησι,
2591 3319 2850 3382 πεντάκις
2879 3319 3287 3389 τεσσαράκοντα
3319 3318 3470 3390 παρὰ
3499 3316 3625 3387 μίαν
3656 3334 3746 3369 τεο

2167 3410 2387 3480 τύφθαι,
2437 3411 2555 3480 τρὶς
2585 3411 2908 3481 ναυαγῆσαι,
2933 3409 3081 3475 ἅπαξ
3104 3408 3443 3479 λιθασθῆναι,
3468 3407 3746 3478 νυχθήμε-

2171 3521 2260 3576 ρον
2291 3504 2348 3556 ὲν
2379 3501 2457 3574 τῷ
2486 3502 2633 3572 βυθῷ
2655 3503 3031 3572 πεποιηκέναι,
3060 3501 3385 3573 ὁδοιπορίαις
3411 3496 3530 3554 εἶτα
3551 3500 3750 3554 πολλά-

2167 3613 2254 3660 κις
2283 3596 2563 3667 ὁμιλῆσαι,
2605 3593 2872 3659 κινδύνοις
2903 3593 3185 3664 ποταμῶν,
3223 3592 3488 3657 κινδύνοις
3508 3592 3742 3664 λῃστῶν,

482 3793 720 3872 oscitata
755 3795 807 3851 id
832 3797 969 3872 egit,
996 3808 1053 3854 ut
1078 3800 1230 3872 virgo
1260 3802 1324 3854 ad
1360 3803 1563 3857 bestias
1593 3803 1947 3858 damnaretur
1972 3819 1987 3869 ;
2018 3816 2141 3872 quae
2170 3816 2280 3858 non
2311 3799 2640 3857 incolumem
2669 3807 2880 3854 tantum
2905 3811 3027 3853 eam
3063 3802 3371 3857 servarunt,
3404 3787 3495 3844 sed
3530 3781 3739 3839 blandae

481 3869 538 3918 et
564 3866 724 3935 quasi
755 3866 1307 3928 venerabundae'eam
1336 3873 1745 3928 circumierunt.

532 3971 819 4056 Susanna,
839 3973 957 4028 ’ﬁlia
976 3971 1411 4056 Joaein‘i‘llelcize
1438 3973 1562 4056 lilii,
1588 3975 1834 4030 moribus
1866 3976 2102 4056 integris
2121 3985 2194 4056 e_t_
2214 3977 2414 4056 eximia
2449 3985 2734 4056 venustate
2760 3977 2873 4056 _Deo
2903 3976 3295 4056 innocentiam,
3319 3967 3723 4056 marito-\autem.

468 4045 775 4099 castitatem
805 4053 1135 4100 servaverat.
1160 4044 1332 4109 Quam
1371 4060 1496 4100 cum
1532 4047 1643 4100 duo
1675 4061 1837 4102 senes
1875 4044 2156 4104 Israelitici
2182 4051 2235 4101 in
2274 4049 2433 4104 horto
2457 4064 2559 4105 suo
2590 4048 2959 4103 ambulantem
2991 4047 3278 4107 vidissent,
3305 4059 3491 4100 amore
3521 4046 3730 4100 incensi

469 4115 703 4169 insidias
738 4116 928 4185 pueila:
956 4117 1253 4188 parabant;
1269 4113 1405 4169 Cum
1433 4132 1583 4188 unus
1600 4125 1653 4170 et
1682 4116 1820 4188 alter
1844 4118 1896 4171 in
1925 4120 2115 4173 eadem
2148 4120 2233 4173 via
2267 4119 2391 4188 plus
2424 4120 2612 4183 semel,
2642 4119 2901 4173 simulato
2934 4116 3135 4188 mentis
3158 4118 3376 4188 allectu,
3410 4132 3531 4171 sese
3558 4116 3732 4170 vidis-

470 4192 616 4247 sent,
652 4181 929 4264 postremo
958 4181 1189 4264 uterque
1214 4181 1495 4264 ﬁusannaa
1520 4186 1804 4264 illecebris
1844 4203 1902 4243 se
1934 4200 2152 4264 captum
2180 4181 2467 4264 confessus
2518 4181 2619 4243 est».
2650 4187 3070 4264 9om_muni_cato
3119 4186 3285 4255 igitur
3319 4188 3552 4264 consilio
3587 4188 3731 4264 inter

469 4269 569 4309 eos
602 4256 859 4328 convenit
899 4255 1176 4328 quomodo
1225 4255 1374 4309 illam
1406 4256 1646 4311 libidinis
1679 4271 1810 4327 ergo
1861 4259 2143 4327 explendae
2180 4261 2601 4328 prehenderem.
2641 4258 2888 4323 Quadam
2923 4258 3012 4311 die
3052 4256 3477 4328 lavantem_sine
3510 4256 3732 4311 ancillis

470 4338 599 4379 cum
629 4323 1135 4398 deprehendissent.
1180 4329 1412 4398 suadere
1444 4323 1830 4398 coeperuntl‘ut
1877 4323 2011 4397 ipsis
2058 4323 2265 4383 morem
2312 4339 2544 4398 gereret,
2593 4328 2756 4383 minis
2807 4327 3146 4398 interpositis
3182 4341 3261 4398 se,
3301 4326 3726 4398 nisiannneret,

470 4394 753 4465 propalam
789 4394 1034 4449 dicturos
1083 4394 1230 4463 quod
1272 4398 1443 4518 ipsam
1492 4394 1547 4450 in
1582 4395 1843 4466 ﬂagrante
1884 4394 2007 4452 cum
2056 4394 2398 4454 adolescente
2440 4400 2637 4453 delicto
2684 4394 3155 4466 deprehenderint.
3202 4395 3340 4449 Cum
3389 4396 3478 4449 illa
3527 4412 3593 4449 ne
3631 4397 3716 4449 sic

472 4464 695 4518 cuidem
741 4465 1166 4518 obtemperaret.
1214 4482 1288 4518 sei
1344 4466 1449 4518 alta
1499 4481 1627 4518 voce
1677 4467 1961 4518 clamaret.
2010 4484 2167 4518 senes
2206 4480 2258 4518 el
2288 4470 2388 4518 insi
2440 4469 2771 4518 clamoribus
2826 4466 3053 4518 sublatis
3106 4475 3357 4518 parentes
3396 4477 3451 4518 et
3495 4465 3716 4518 ancillas

472 4464 695 4547 quidem
741 4465 1177 4547 obtemperaret.“
1209 4482 1288 4547 sei

1344 4466 1449 4521 alta
1499 4481 1627 4520 voce
1661 4465 1962 4538 clamaret,
2010 4484 2167 4524 senes
2206 4480 2258 4523 et
2288 4470 2389 4538 ipsi
2440 4465 2771 4523 clamoribus
2826 4466 3053 4538 sublatis
3097 4475 3357 4538 parentes
3396 4477 3460 4538 et_
3495 4465 3730 4519 ancillas

470 4533 703 4609 virginis
725 4535 1127 4609 arcessiverunt
1154 4535 1459 4609 falsumque
1492 4545 1682 4590 contra
1714 4536 2025 4593 Susannam
2058 4533 2431 4609 testimonium
2466 4541 2829 4609 protulerunt.
2857 4536 3321 4609 Jampedisequa
3346 4535 3732 4609 erubescentes

471 4603 738 4677 recedunt
762 4604 903 4677 ;jam
936 4620 1092 4677 senes
1123 4603 1384 4677 concioni'
1422 4618 1735 4661 convocatae
1762 4609 1952 4661 eadem
1988 4608 2272 4663 mendacia
2320 4603 2656 4671 obtrudunt;
2693 4608 2805 4677 jam
2842 4603 3075 4677 populus
3127 4603 3443 4677 Susannam
3485 4615 3544 4658 ut
3578 4606 3733 4660 adul-

472 4682 650 4748 teram
682 4675 958 4748 lapidibus
988 4676 1326 4748 obruendam
1357 4676 1718 4745 judicaverat.
1757 4677 1892 4731 Cum
1931 4680 1997 4733 ad
2044 4679 2373 4748 supplicium
2412 4675 2734 4742 duceretur,
2781 4675 2989 4742 Daniel,
3033 4676 3328 4748 admodum
3382 4676 3729 4748 adolescens,

472 4743 820 4817 innocentem
837 4744 961 4817 duci
990 4746 1208 4808 clamat,
1232 4743 1548 4802 concionem
1581 4749 1772 4801 iterato
1798 4758 2092 4814 convocat;
2117 4743 2275 4804 senes
2310 4749 2547 4817 propriis
2578 4750 2821 4817 ipsorum
2849 4748 3200 4817 sermonibus
3218 4746 3551 4817 illaqueati,
3571 4762 3728 4798 men-

472 4813 617 4889 daeii
644 4815 880 4869 convicti
895 4816 1234 4889 _Susannam_
1243 4817 1311 4871 ab
1342 4817 1541 4889 injusta
1585 4818 1852 4889 sententia
1876 4813 2239 4889 pretinusque
2284 4813 2459 4873 morte
2493 4813 2835 4889 liberarunt;
2869 4816 3084 4889 facinus
3118 4813 3410 4889 scelestum
3453 4816 3558 4884 ipsi
3603 4831 3731 4889 san-

474 4885 639 4954 guine
663 4885 1164 4957 suoexpiave'runt.
1199 4885 1374 4942 Senes
1398 4885 1430 4941 a
1455 4887 1768 4957 Babylonia,
1791 4885 1891 4942 ubi
1908 4885 2166 4944 Israelitai
2197 4897 2312 4943 tum
2331 4891 2593 4956 temporis
2616 4887 2815 4956 captivi
2846 4886 3370 4957 serviebant,_dicti;
3413 4900 3577 4940 sensu
3604 4886 3729 4937 dein

475 4954 1113 5030 metaphorice'Babylon
1140 4972 1240 5030 pro
1262 4967 1482 5030 peccato
1501 4954 1719 5012 dicitur.
1747 4959 1827 5010 Ad
1858 4968 2140 5028 peccatum
2183 4959 2349 5030 igitur
2383 4960 2420 5013 i.
2448 4954 2500 5014 ε.
2544 4954 2900 5029 Babylonem,
2952 4971 3060 5013 non
3093 4957 3159 5011 ad
3192 4955 3357 5016 Israel
3387 4970 3578 5011 senum
3616 4965 3735 5008 tan-

474 5039 642 5095 quam
677 5027 927 5097 exlegum
963 5028 1336 5081 denominatio
1382 5027 1662 5082 referenda
1696 5030 1819 5081 erit.

543 5138 770 5206 Quoties
805 5139 872 5211 de
893 5138 1065 5195 Paulo
1098 5141 1428 5194 mentionem
1454 5139 1580 5193 facit
1610 5139 1928 5209 G.egorius,
1958 5141 2213 5196 virtutem
2241 5141 2482 5211 aliquam
2515 5141 2568 5194 in
2602 5142 2722 5210 ipso
2748 5140 3079 5195 laudandam
3112 5138 3367 5211 suscipit,
3396 5152 3727 5211 semperque

474 5211 597 5280 ejus
625 5209 944 5281 memoriam
969 5220 1210 5273 revocat,
1243 5220 1513 5265 tormenta
1538 5207 1785 5264 indicans
1809 5227 1931 5279 quae
1961 5227 2057 5279 pro
2082 5212 2304 5281 Christo
2317 5207 2513 5281 passus
2539 5207 2642 5274 est,
2667 5221 2804 5266 teste
2831 5211 3001 5272 Luca,
3030 5211 3272 5281 ipsisque
3290 5208 3441 5281 Pauli
3470 5207 3729 5281 E_pist_olis

476 5277 935 5350 suifragantibus;
955 5295 1095 5350 quas
1126 5281 1219 5349 qui
1239 5281 1449 5345 legerit,
1479 5296 1697 5334 omnem
1734 5277 1908 5348 ipsius
1940 5277 2104 5335 vitam
2126 5277 2348 5336 Christo
2371 5291 2745 5337 consecratam
2779 5277 3262 5350 inveniet.Videsis
3290 5279 3466 5348 ipsum
3495 5277 3727 5331 Paulum

477 5351 547 5405 ad
574 5349 892 5404 Corinthios
916 5352 1278 5420 scribentem,
1307 5353 1360 5408 in
1414 5351 1693 5406 laboribus
1733 5368 1811 5412 se,
1838 5351 1891 5405 iu
1933 5352 2266 5417 carceribus,
2298 5352 2351 5405 in
2384 5352 2640 5420 periculis
2680 5351 2858 5405 omnis
2894 5351 3111 5417 generis
3142 5349 3326 5420 vitam
3376 5349 3728 5420 transegisse.

480 5420 623 5491 Dicit
660 5420 877 5491 enimra
904 5418 1106 5477 Judaeis
1146 5421 1440 5491 quinquies
1483 5422 1882 5491 quadragenas,
1925 5437 2031 5476 una
2078 5421 2283 5484 minus,
2334 5417 2400 5476 se
2436 5423 2735 5489 accepisse,
2782 5430 2862 5475 ter
2905 5417 3519 5491 naufragium_fecisse,
3560 5417 3730 5491 semel

478 5490 779 5569 lapidatum
804 5488 1182 5569 fuisse,_nocte
1210 5501 1264 5544 et
1292 5488 1379 5547 die
1418 5492 1471 5545 in
1501 5488 1777 5569 profundo
1803 5492 1973 5569 maris
2004 5491 2310 5569 fuis_se,_.in.
2340 5488 2629 5569 itineribus
2659 5507 2821 5569 saepe,
2844 5488 3441 5569 periculislluminum,
3475 5489 3735 5569 periculis

478 5558 780 5631 latronum,
810 5562 1068 5629 periculis
1101 5577 1167 5615 ex
1195 5577 1411 5631 genere,
1436 5558 1696 5631 periculis
1729 5563 1783 5615 in
1823 5563 1983 5626 mari,
2008 5562 2267 5629 periculis
2299 5562 2353 5615 in
2371 5562 2612 5623 civitate,
2651 5558 2911 5631 periculis
2945 5560 2998 5612 in
3024 5559 3349 5631 solitudine,
3383 5558 3642 5631 periculis
3678 5558 3733 5631 in

480 5626 639 5701 falsis
661 5626 945 5701 fratribus,
969 5631 1022 5684 in
1059 5626 1247 5686 labore
1269 5641 1324 5686 et
1348 5626 1617 5691 erumna.
1646 5631 1700 5685 in
1730 5631 1873 5686 fame
1892 5641 1947 5687 et
1965 5626 2077 5695 siti,
2103 5633 2156 5684 in
2183 5631 2383 5701 frigore
2413 5641 2467 5686 et
2494 5626 2758 5695 nuditate,
2783 5632 2837 5685 in
2857 5630 3089 5687 vinculis
3104 5638 3159 5685 et
3178 5626 3520 5686 multimodis
3543 5629 3736 5687 morti:

482 5698 764 5772 periculis,
798 5701 1274 5773 persecutionibus
1304 5712 1357 5757 et
1387 5701 1728 5771 verberibus,
1758 5711 1812 5758 et
1839 5711 2117 5774 postremo
2143 5698 2407 5773 mariyrio
2437 5718 2531 5774 per
2547 5702 2922 5776 sanguinein“
