  <div class='ocr_page' id='page_1' title='image "/cluster/home/n/w/nwhite01/storage/ocr_20150623/38/nnc1.0046978500/224.png"; bbox 0 0 4180 6350; ppageno 0'>
   <div class='ocr_carea' id='block_1_1' title="bbox 422 389 518 445">
    <p class='ocr_par' dir='ltr' id='par_1_1' title="bbox 422 389 518 445">
     <span class='ocr_line' id='line_1_1' title="bbox 422 389 518 445; baseline -0.01 -1"><span class='ocrx_word' id='word_1_1' title='bbox 422 389 518 445; x_wconf 67' lang='grc'>401</span> 
     </span>
    </p>
   </div>
   <div class='ocr_carea' id='block_1_2' title="bbox 424 502 2009 587">
    <p class='ocr_par' dir='ltr' id='par_1_2' title="bbox 424 502 2009 587">
     <span class='ocr_line' id='line_1_2' title="bbox 424 502 2009 587; baseline 0.011 -32"><span class='ocrx_word' id='word_1_2' title='bbox 424 502 580 557; x_wconf 78' lang='grc' dir='ltr'>πόλιν</span> <span class='ocrx_word' id='word_1_3' title='bbox 611 505 960 575; x_wconf 80' lang='grc' dir='ltr'>ὀργισθέντος</span> <span class='ocrx_word' id='word_1_4' title='bbox 1000 510 1094 564; x_wconf 79' lang='grc' dir='ltr'>τοῦ</span> <span class='ocrx_word' id='word_1_5' title='bbox 1136 512 1465 587; x_wconf 80' lang='grc' dir='ltr'>Ἡρακλέους</span> <span class='ocrx_word' id='word_1_6' title='bbox 1508 518 1791 572; x_wconf 83' lang='grc' dir='ltr'>ἀπώλεσεν</span> <span class='ocrx_word' id='word_1_7' title='bbox 1812 535 1824 548; x_wconf 90' lang='grc'>·</span> <span class='ocrx_word' id='word_1_8' title='bbox 1863 518 2009 573; x_wconf 78' lang='grc' dir='ltr'>οὕτω</span> 
     </span>
    </p>
   </div>
   <div class='ocr_carea' id='block_1_3' title="bbox 422 596 2010 679">
    <p class='ocr_par' dir='ltr' id='par_1_3' title="bbox 422 596 2010 679">
     <span class='ocr_line' id='line_1_3' title="bbox 422 596 2010 679; baseline 0.011 -32"><span class='ocrx_word' id='word_1_9' title='bbox 422 596 588 664; x_wconf 72' lang='grc' dir='ltr'>φόϐος</span> <span class='ocrx_word' id='word_1_10' title='bbox 614 598 733 650; x_wconf 72' lang='grc' dir='ltr'>ἐστὶ</span> <span class='ocrx_word' id='word_1_11' title='bbox 769 599 843 669; x_wconf 85' lang='grc' dir='ltr'>μὴ</span> <span class='ocrx_word' id='word_1_12' title='bbox 873 603 968 655; x_wconf 77' lang='grc' dir='ltr'>καὶ</span> <span class='ocrx_word' id='word_1_13' title='bbox 991 605 1206 672; x_wconf 84' lang='grc' dir='ltr'>αὐτοῖς,</span> <span class='ocrx_word' id='word_1_14' title='bbox 1238 610 1394 679; x_wconf 79' lang='grc' dir='ltr'>φησὶ,</span> <span class='ocrx_word' id='word_1_15' title='bbox 1426 612 1539 672; x_wconf 89' lang='grc' dir='ltr'>τοῖς</span> <span class='ocrx_word' id='word_1_16' title='bbox 1576 609 1825 678; x_wconf 82' lang='grc' dir='ltr'>γονεῦσιν</span> <span class='ocrx_word' id='word_1_17' title='bbox 1859 613 2010 664; x_wconf 83' lang='grc' dir='ltr'>ἅντι-</span> 
     </span>
    </p>
   </div>
   <div class='ocr_carea' id='block_1_4' title="bbox 424 689 2012 843">
    <p class='ocr_par' dir='ltr' id='par_1_4' title="bbox 424 689 2012 843">
     <span class='ocr_line' id='line_1_4' title="bbox 424 689 2012 832; baseline 0.013 -94"><span class='ocrx_word' id='word_1_18' title='bbox 424 689 646 832; x_wconf 61' lang='grc' dir='ltr'>ἔοτήσοι</span> <span class='ocrx_word' id='word_1_19' title='bbox 676 690 808 755; x_wconf 82' lang='grc' dir='ltr'>Θεὸς</span> <span class='ocrx_word' id='word_1_20' title='bbox 830 693 1037 766; x_wconf 80' lang='grc' dir='ltr'>ταύτης</span> <span class='ocrx_word' id='word_1_21' title='bbox 1078 696 1266 752; x_wconf 72' lang='grc' dir='ltr'>ἕνεκεν</span> <span class='ocrx_word' id='word_1_22' title='bbox 1306 700 1402 753; x_wconf 81' lang='grc' dir='ltr'>καὶ</span> <span class='ocrx_word' id='word_1_23' title='bbox 1427 700 1735 754; x_wconf 84' lang='grc' dir='ltr'>ἀπόλωνται</span> <span class='ocrx_word' id='word_1_24' title='bbox 1761 701 1861 770; x_wconf 76' lang='grc' dir='ltr'>τῆς</span> <span class='ocrx_word' id='word_1_25' title='bbox 1885 718 2012 775; x_wconf 87' lang='grc' dir='ltr'>προ-</span> 
     </span>
     <span class='ocr_line' id='line_1_5' title="bbox 462 781 652 843; baseline 0.026 -11"><span class='ocrx_word' id='word_1_26' title='bbox 462 781 652 843; x_wconf 78' lang='grc' dir='ltr'>έσεως.</span> 
     </span>
    </p>
   </div>
   <div class='ocr_carea' id='block_1_5' title="bbox 428 870 2016 1008">
    <p class='ocr_par' dir='ltr' id='par_1_5' title="bbox 428 870 2016 1008">
     <span class='ocr_line' id='line_1_6' title="bbox 428 870 2016 953; baseline 0.008 -28"><span class='ocrx_word' id='word_1_27' title='bbox 428 870 531 926; x_wconf 73' lang='grc' dir='ltr'>49ί</span> <span class='ocrx_word' id='word_1_28' title='bbox 600 874 806 928; x_wconf 82' lang='grc' dir='ltr'>Ἦλιτε</span> <span class='ocrx_word' id='word_1_29' title='bbox 858 876 924 930; x_wconf 81' lang='grc' dir='ltr'>δ’</span> <span class='ocrx_word' id='word_1_30' title='bbox 980 878 1149 946; x_wconf 83' lang='grc' dir='ltr'>ὅστις</span> <span class='ocrx_word' id='word_1_31' title='bbox 1211 882 1380 952; x_wconf 74' lang='grc' dir='ltr'>ἔμιξε</span> <span class='ocrx_word' id='word_1_32' title='bbox 1431 884 1622 953; x_wconf 71' lang='grc' dir='ltr'>φύσιν</span> <span class='ocrx_word' id='word_1_33' title='bbox 1676 883 2016 953; x_wconf 75' lang='grc' dir='ltr'>σάρκεσσιν</span> 
     </span>
     <span class='ocr_line' id='line_1_7' title="bbox 1607 953 1945 1008; baseline 0 0"><span class='ocrx_word' id='word_1_34' title='bbox 1607 953 1912 1008; x_wconf 78' lang='grc' dir='ltr'>Ῐᾶσαοκον</span> <span class='ocrx_word' id='word_1_35' title='bbox 1932 994 1945 1008; x_wconf 95' lang='grc'>.</span> 
     </span>
    </p>
   </div>
   <div class='ocr_carea' id='block_1_6' title="bbox 1803 972 1945 1016">
    <p class='ocr_par' dir='ltr' id='par_1_6' title="bbox 1803 972 1945 1016">
     <span class='ocr_line' id='line_1_8' title="bbox 1803 972 1945 1016; baseline -0.014 -9"><span class='ocrx_word' id='word_1_36' title='bbox 1803 972 1912 1007; x_wconf 76' lang='grc' dir='ltr'>κον</span> <span class='ocrx_word' id='word_1_37' title='bbox 1932 994 1945 1016; x_wconf 86' lang='grc'>,</span> 
     </span>
    </p>
   </div>
   <div class='ocr_carea' id='block_1_7' title="bbox 437 953 2018 1167">
    <p class='ocr_par' dir='ltr' id='par_1_7' title="bbox 437 953 2018 1167">
     <span class='ocr_line' id='line_1_9' title="bbox 437 953 2018 1167; baseline 0.006 -100"><span class='ocrx_word' id='word_1_38' title='bbox 437 1012 551 1083; x_wconf 68' lang='grc'>492</span> <span class='ocrx_word' id='word_1_39' title='bbox 599 1016 949 1087; x_wconf 73' lang='grc' dir='ltr'>Ἀγγελικῶν</span> <span class='ocrx_word' id='word_1_40' title='bbox 989 1036 1054 1073; x_wconf 82' lang='grc' dir='ltr'>τε</span> <span class='ocrx_word' id='word_1_41' title='bbox 1095 1024 1297 1076; x_wconf 78' lang='grc' dir='ltr'>πόθων</span> <span class='ocrx_word' id='word_1_42' title='bbox 1330 953 1912 1167; x_wconf 51' lang='grc' dir='ltr'>κρατεροὲςῗὲῗὲίῗεέ</span> <span class='ocrx_word' id='word_1_43' title='bbox 1932 994 2018 1093; x_wconf 51' lang='grc' dir='ltr'>γί-</span> 
     </span>
     <span class='ocr_line' id='line_1_10' title="bbox 1701 1110 1945 1164; baseline 0.016 -19"><span class='ocrx_word' id='word_1_44' title='bbox 1701 1110 1945 1164; x_wconf 60' lang='lat' dir='ltr'><strong>ranae.</strong></span> 
     </span>
    </p>
   </div>
   <div class='ocr_carea' id='block_1_8' title="bbox 1701 1110 1945 1164">
    <p class='ocr_par' dir='ltr' id='par_1_8' title="bbox 1701 1110 1945 1164">
     <span class='ocr_line' id='line_1_11' title="bbox 1701 1110 1945 1164; baseline 0.016 -19"><span class='ocrx_word' id='word_1_45' title='bbox 1701 1110 1945 1164; x_wconf 72' lang='grc' dir='ltr'>γαν-τας.</span> 
     </span>
    </p>
   </div>
   <div class='ocr_carea' id='block_1_9' title="bbox 503 1199 2019 1281">
    <p class='ocr_par' dir='ltr' id='par_1_9' title="bbox 503 1199 2019 1281">
     <span class='ocr_line' id='line_1_12' title="bbox 503 1199 2019 1281; baseline 0.012 -31"><span class='ocrx_word' id='word_1_46' title='bbox 503 1199 643 1262; x_wconf 81' lang='grc' dir='ltr'>Τοὺς</span> <span class='ocrx_word' id='word_1_47' title='bbox 672 1200 973 1270; x_wconf 83' lang='grc' dir='ltr'>ἀπογόνους</span> <span class='ocrx_word' id='word_1_48' title='bbox 1000 1203 1094 1257; x_wconf 77' lang='grc' dir='ltr'>τοῦ</span> <span class='ocrx_word' id='word_1_49' title='bbox 1126 1206 1265 1260; x_wconf 88' lang='grc' dir='ltr'>Κάῖν</span> <span class='ocrx_word' id='word_1_50' title='bbox 1301 1209 1368 1278; x_wconf 84' lang='grc' dir='ltr'>τῇ</span> <span class='ocrx_word' id='word_1_51' title='bbox 1411 1208 1507 1279; x_wconf 79' lang='grc' dir='ltr'>μὲν</span> <span class='ocrx_word' id='word_1_52' title='bbox 1555 1208 1677 1278; x_wconf 77' lang='grc' dir='ltr'>θείᾳ.</span> <span class='ocrx_word' id='word_1_53' title='bbox 1705 1210 1746 1261; x_wconf 92' lang='grc' dir='ltr'><strong>Γ</strong></span> <span class='ocrx_word' id='word_1_54' title='bbox 1753 1212 1896 1280; x_wconf 80' lang='grc' dir='ltr'>ραφῇ</span> <span class='ocrx_word' id='word_1_55' title='bbox 1943 1210 2019 1281; x_wconf 83' lang='grc' dir='ltr'>μὴ</span> 
     </span>
    </p>
   </div>
   <div class='ocr_carea' id='block_1_10' title="bbox 435 1290 2025 1371">
    <p class='ocr_par' dir='ltr' id='par_1_10' title="bbox 435 1290 2025 1371">
     <span class='ocr_line' id='line_1_13' title="bbox 435 1290 2025 1371; baseline 0.009 -29"><span class='ocrx_word' id='word_1_56' title='bbox 435 1290 986 1362; x_wconf 83' lang='grc' dir='ltr'>γενεαλογουμένους,</span> <span class='ocrx_word' id='word_1_57' title='bbox 1014 1296 1163 1365; x_wconf 83' lang='grc' dir='ltr'>ὅμως</span> <span class='ocrx_word' id='word_1_58' title='bbox 1187 1296 1244 1350; x_wconf 85' lang='grc' dir='ltr'>δὲ</span> <span class='ocrx_word' id='word_1_59' title='bbox 1279 1301 1549 1371; x_wconf 82' lang='grc' dir='ltr'>πονηροὺς</span> <span class='ocrx_word' id='word_1_60' title='bbox 1581 1301 1740 1365; x_wconf 77' lang='grc' dir='ltr'>ὄντας</span> <span class='ocrx_word' id='word_1_61' title='bbox 1778 1304 1873 1356; x_wconf 78' lang='grc' dir='ltr'>καὶ</span> <span class='ocrx_word' id='word_1_62' title='bbox 1903 1302 2025 1357; x_wconf 87' lang='grc' dir='ltr'>πολ-</span> 
     </span>
    </p>
   </div>
   <div class='ocr_carea' id='block_1_11' title="bbox 437 1378 2025 1460">
    <p class='ocr_par' dir='ltr' id='par_1_11' title="bbox 437 1378 2025 1460">
     <span class='ocr_line' id='line_1_14' title="bbox 437 1378 2025 1460; baseline 0.009 -29"><span class='ocrx_word' id='word_1_63' title='bbox 437 1378 555 1442; x_wconf 81' lang='grc' dir='ltr'>λαῖς</span> <span class='ocrx_word' id='word_1_64' title='bbox 599 1383 978 1454; x_wconf 81' lang='grc' dir='ltr'>πεφυρμένους</span> <span class='ocrx_word' id='word_1_65' title='bbox 1015 1386 1343 1456; x_wconf 84' lang='grc' dir='ltr'>ἁμαρτίαις,</span> <span class='ocrx_word' id='word_1_66' title='bbox 1390 1389 1698 1460; x_wconf 82' lang='grc' dir='ltr'>ἀνθρώποις</span> <span class='ocrx_word' id='word_1_67' title='bbox 1732 1380 2025 1457; x_wconf 78' lang='grc' dir='ltr'>ἀπεικαζο-</span> 
     </span>
    </p>
   </div>
   <div class='ocr_carea' id='block_1_12' title="bbox 438 1470 2025 1548">
    <p class='ocr_par' dir='ltr' id='par_1_12' title="bbox 438 1470 2025 1548">
     <span class='ocr_line' id='line_1_15' title="bbox 438 1470 2025 1548; baseline 0.009 -28"><span class='ocrx_word' id='word_1_68' title='bbox 438 1470 633 1539; x_wconf 81' lang='grc' dir='ltr'>μένους</span> <span class='ocrx_word' id='word_1_69' title='bbox 650 1489 664 1501; x_wconf 93' lang='grc'>·</span> <span class='ocrx_word' id='word_1_70' title='bbox 682 1474 809 1536; x_wconf 78' lang='grc' dir='ltr'>τοὺς</span> <span class='ocrx_word' id='word_1_71' title='bbox 830 1473 887 1527; x_wconf 81' lang='grc' dir='ltr'>δὲ</span> <span class='ocrx_word' id='word_1_72' title='bbox 915 1474 981 1528; x_wconf 86' lang='grc' dir='ltr'>ὲκ</span> <span class='ocrx_word' id='word_1_73' title='bbox 1000 1475 1091 1529; x_wconf 80' lang='grc' dir='ltr'>τοῦ</span> <span class='ocrx_word' id='word_1_74' title='bbox 1120 1477 1228 1548; x_wconf 81' lang='grc' dir='ltr'>Σὴθ</span> <span class='ocrx_word' id='word_1_75' title='bbox 1272 1478 1615 1548; x_wconf 85' lang='grc' dir='ltr'>ἀναφυέντας</span> <span class='ocrx_word' id='word_1_76' title='bbox 1642 1480 1900 1546; x_wconf 82' lang='grc' dir='ltr'>δικαίους,</span> <span class='ocrx_word' id='word_1_77' title='bbox 1930 1482 2025 1536; x_wconf 79' lang='grc' dir='ltr'>ἅτε</span> 
     </span>
    </p>
   </div>
   <div class='ocr_carea' id='block_1_13' title="bbox 437 1561 2025 1643">
    <p class='ocr_par' dir='ltr' id='par_1_13' title="bbox 437 1561 2025 1643">
     <span class='ocr_line' id='line_1_16' title="bbox 437 1561 2025 1643; baseline 0.008 -31"><span class='ocrx_word' id='word_1_78' title='bbox 437 1561 531 1613; x_wconf 74' lang='grc' dir='ltr'>καὶ</span> <span class='ocrx_word' id='word_1_79' title='bbox 565 1562 687 1633; x_wconf 83' lang='grc' dir='ltr'>Θεῷ</span> <span class='ocrx_word' id='word_1_80' title='bbox 719 1565 1139 1636; x_wconf 80' lang='grc' dir='ltr'>ἀνακειμένους,</span> <span class='ocrx_word' id='word_1_81' title='bbox 1197 1569 1463 1637; x_wconf 83' lang='grc' dir='ltr'>ἀγγέλους</span> <span class='ocrx_word' id='word_1_82' title='bbox 1511 1572 1675 1640; x_wconf 75' lang='grc' dir='ltr'>φησὶν</span> <span class='ocrx_word' id='word_1_83' title='bbox 1727 1572 1759 1642; x_wconf 85' lang='grc' dir='ltr'><strong>ἡ</strong></span> <span class='ocrx_word' id='word_1_84' title='bbox 1808 1572 2025 1643; x_wconf 76' lang='grc' dir='ltr'>Γραφή.</span> 
     </span>
    </p>
   </div>
   <div class='ocr_carea' id='block_1_14' title="bbox 439 1651 2029 1735">
    <p class='ocr_par' dir='ltr' id='par_1_14' title="bbox 439 1651 2029 1735">
     <span class='ocr_line' id='line_1_17' title="bbox 439 1651 2029 1735; baseline 0.008 -30"><span class='ocrx_word' id='word_1_85' title='bbox 439 1651 673 1735; x_wconf 80' lang='grc' dir='ltr'>Τούτους</span> <span class='ocrx_word' id='word_1_86' title='bbox 707 1656 795 1708; x_wconf 81' lang='grc' dir='ltr'>ἐπ’</span> <span class='ocrx_word' id='word_1_87' title='bbox 826 1657 996 1728; x_wconf 84' lang='grc' dir='ltr'>ὀρέων</span> <span class='ocrx_word' id='word_1_88' title='bbox 1026 1658 1461 1728; x_wconf 82' lang='grc' dir='ltr'>ίδιοτροποῦντας</span> <span class='ocrx_word' id='word_1_89' title='bbox 1496 1664 1802 1729; x_wconf 83' lang='grc' dir='ltr'>γυναικεῖος</span> <span class='ocrx_word' id='word_1_90' title='bbox 1825 1663 2029 1717; x_wconf 86' lang='grc' dir='ltr'>ὑπέσυ-</span> 
     </span>
    </p>
   </div>
   <div class='ocr_carea' id='block_1_15' title="bbox 443 1739 2030 1824">
    <p class='ocr_par' dir='ltr' id='par_1_15' title="bbox 443 1739 2030 1824">
     <span class='ocr_line' id='line_1_18' title="bbox 443 1739 2030 1824; baseline 0.01 -30"><span class='ocrx_word' id='word_1_91' title='bbox 443 1759 535 1813; x_wconf 83' lang='grc' dir='ltr'>ρεν</span> <span class='ocrx_word' id='word_1_92' title='bbox 564 1739 779 1814; x_wconf 78' lang='grc' dir='ltr'>οἶστρος</span> <span class='ocrx_word' id='word_1_93' title='bbox 803 1748 914 1802; x_wconf 85' lang='grc' dir='ltr'>τῶν</span> <span class='ocrx_word' id='word_1_94' title='bbox 967 1749 1282 1824; x_wconf 83' lang='grc' dir='ltr'>θυγατέρων</span> <span class='ocrx_word' id='word_1_95' title='bbox 1332 1750 1438 1805; x_wconf 83' lang='grc' dir='ltr'>τῶν</span> <span class='ocrx_word' id='word_1_96' title='bbox 1472 1752 1773 1823; x_wconf 83' lang='grc' dir='ltr'>ἀνθρώπων</span> <span class='ocrx_word' id='word_1_97' title='bbox 1793 1772 1807 1785; x_wconf 89' lang='grc'>·</span> <span class='ocrx_word' id='word_1_98' title='bbox 1858 1773 2030 1810; x_wconf 61' lang='grc' dir='ltr'>κατα-</span> 
     </span>
    </p>
   </div>
   <div class='ocr_carea' id='block_1_16' title="bbox 440 1831 2030 1917">
    <p class='ocr_par' dir='ltr' id='par_1_16' title="bbox 440 1831 2030 1917">
     <span class='ocr_line' id='line_1_19' title="bbox 440 1831 2030 1917; baseline 0.009 -32"><span class='ocrx_word' id='word_1_99' title='bbox 440 1831 635 1897; x_wconf 73' lang='grc' dir='ltr'>ϐάντες</span> <span class='ocrx_word' id='word_1_100' title='bbox 684 1837 743 1889; x_wconf 84' lang='grc' dir='ltr'>δὲ</span> <span class='ocrx_word' id='word_1_101' title='bbox 793 1839 1140 1908; x_wconf 82' lang='grc' dir='ltr'>συγγίνονται</span> <span class='ocrx_word' id='word_1_102' title='bbox 1194 1841 1421 1906; x_wconf 84' lang='grc' dir='ltr'>ταύταις</span> <span class='ocrx_word' id='word_1_103' title='bbox 1455 1884 1470 1910; x_wconf 91' lang='grc'>,</span> <span class='ocrx_word' id='word_1_104' title='bbox 1535 1844 1910 1916; x_wconf 82' lang='grc' dir='ltr'>συμφυρέντες</span> <span class='ocrx_word' id='word_1_105' title='bbox 1963 1848 2030 1917; x_wconf 84' lang='grc' dir='ltr'>τῇ</span> 
     </span>
    </p>
   </div>
   <div class='ocr_carea' id='block_1_17' title="bbox 439 1925 2034 2007">
    <p class='ocr_par' dir='ltr' id='par_1_17' title="bbox 439 1925 2034 2007">
     <span class='ocr_line' id='line_1_20' title="bbox 439 1925 2034 2007; baseline 0.008 -29"><span class='ocrx_word' id='word_1_106' title='bbox 439 1925 701 2000; x_wconf 79' lang='grc' dir='ltr'>ἁμαρτίᾳ.</span> <span class='ocrx_word' id='word_1_107' title='bbox 750 1931 1010 2004; x_wconf 86' lang='grc' dir='ltr'>Ὠργίσθη</span> <span class='ocrx_word' id='word_1_108' title='bbox 1051 1932 1231 1988; x_wconf 86' lang='grc' dir='ltr'>τοίνυν</span> <span class='ocrx_word' id='word_1_109' title='bbox 1292 1938 1321 1988; x_wconf 90' lang='grc' dir='ltr'>ό</span> <span class='ocrx_word' id='word_1_110' title='bbox 1358 1935 1532 2000; x_wconf 79' lang='grc' dir='ltr'>Θεὸς,</span> <span class='ocrx_word' id='word_1_111' title='bbox 1589 1936 1716 1999; x_wconf 82' lang='grc' dir='ltr'>τοὺς</span> <span class='ocrx_word' id='word_1_112' title='bbox 1768 1937 2034 2007; x_wconf 81' lang='grc' dir='ltr'>ἀγγέλους</span> 
     </span>
    </p>
   </div>
   <div class='ocr_carea' id='block_1_18' title="bbox 442 2019 2034 2099">
    <p class='ocr_par' dir='ltr' id='par_1_18' title="bbox 442 2019 2034 2099">
     <span class='ocr_line' id='line_1_21' title="bbox 442 2019 2034 2099; baseline 0.007 -28"><span class='ocrx_word' id='word_1_113' title='bbox 442 2019 569 2072; x_wconf 84' lang='grc' dir='ltr'>ίδὼν</span> <span class='ocrx_word' id='word_1_114' title='bbox 597 2025 718 2087; x_wconf 87' lang='grc' dir='ltr'>ταῖς</span> <span class='ocrx_word' id='word_1_115' title='bbox 763 2024 979 2093; x_wconf 70' lang='grc' dir='ltr'>γυναιξὶ</span> <span class='ocrx_word' id='word_1_116' title='bbox 1024 2027 1487 2098; x_wconf 89' lang='grc' dir='ltr'>συνερχομένους·</span> <span class='ocrx_word' id='word_1_117' title='bbox 1522 2026 1773 2082; x_wconf 81' lang='grc' dir='ltr'>ἐντεῦθεν</span> <span class='ocrx_word' id='word_1_118' title='bbox 1806 2030 2034 2099; x_wconf 83' lang='grc' dir='ltr'>σημεῖον</span> 
     </span>
    </p>
   </div>
   <div class='ocr_carea' id='block_1_19' title="bbox 439 2112 2030 2190">
    <p class='ocr_par' dir='ltr' id='par_1_19' title="bbox 439 2112 2030 2190">
     <span class='ocr_line' id='line_1_22' title="bbox 439 2112 2030 2190; baseline 0.005 -24"><span class='ocrx_word' id='word_1_119' title='bbox 439 2112 625 2177; x_wconf 82' lang='grc' dir='ltr'>αὐτοῖς</span> <span class='ocrx_word' id='word_1_120' title='bbox 651 2115 754 2185; x_wconf 78' lang='grc' dir='ltr'>τῆς</span> <span class='ocrx_word' id='word_1_121' title='bbox 783 2118 862 2180; x_wconf 90' lang='grc' dir='ltr'>είς</span> <span class='ocrx_word' id='word_1_122' title='bbox 887 2116 1033 2171; x_wconf 81' lang='grc' dir='ltr'>τοῦθ’</span> <span class='ocrx_word' id='word_1_123' title='bbox 1075 2120 1350 2190; x_wconf 86' lang='grc' dir='ltr'>ἁμαρτίας</span> <span class='ocrx_word' id='word_1_124' title='bbox 1380 2123 1428 2174; x_wconf 88' lang='grc' dir='ltr'>οί</span> <span class='ocrx_word' id='word_1_125' title='bbox 1449 2121 1707 2189; x_wconf 86' lang='grc' dir='ltr'>γίγαντες</span> <span class='ocrx_word' id='word_1_126' title='bbox 1735 2121 2030 2174; x_wconf 82' lang='grc' dir='ltr'>έτίκτοντο.</span> 
     </span>
    </p>
   </div>
   <div class='ocr_carea' id='block_1_20' title="bbox 440 2203 2032 2283">
    <p class='ocr_par' dir='ltr' id='par_1_20' title="bbox 440 2203 2032 2283">
     <span class='ocr_line' id='line_1_23' title="bbox 440 2203 2032 2283; baseline 0.006 -28"><span class='ocrx_word' id='word_1_127' title='bbox 440 2203 703 2272; x_wconf 83' lang='grc' dir='ltr'>Γίγαντες</span> <span class='ocrx_word' id='word_1_128' title='bbox 739 2206 795 2260; x_wconf 87' lang='grc' dir='ltr'>δέ</span> <span class='ocrx_word' id='word_1_129' title='bbox 837 2209 976 2261; x_wconf 77' lang='grc' dir='ltr'>εἰσιν</span> <span class='ocrx_word' id='word_1_130' title='bbox 1009 2211 1059 2262; x_wconf 87' lang='grc' dir='ltr'>οί</span> <span class='ocrx_word' id='word_1_131' title='bbox 1107 2210 1202 2263; x_wconf 83' lang='grc' dir='ltr'>ἀπ’</span> <span class='ocrx_word' id='word_1_132' title='bbox 1242 2210 1439 2275; x_wconf 77' lang='grc' dir='ltr'>αἰῶνος</span> <span class='ocrx_word' id='word_1_133' title='bbox 1487 2212 1777 2283; x_wconf 75' lang='grc' dir='ltr'>ὀνομαστοὶ</span> <span class='ocrx_word' id='word_1_134' title='bbox 1819 2211 2032 2282; x_wconf 79' lang='grc' dir='ltr'>ἄνδρες,</span> 
     </span>
    </p>
   </div>
   <div class='ocr_carea' id='block_1_21' title="bbox 442 2297 2033 2374">
    <p class='ocr_par' dir='ltr' id='par_1_21' title="bbox 442 2297 2033 2374">
     <span class='ocr_line' id='line_1_24' title="bbox 442 2297 2033 2374; baseline 0.005 -26"><span class='ocrx_word' id='word_1_135' title='bbox 442 2297 842 2367; x_wconf 81' lang='grc' dir='ltr'>ὑπερμεγέθεις</span> <span class='ocrx_word' id='word_1_136' title='bbox 874 2303 942 2372; x_wconf 83' lang='grc' dir='ltr'>τῇ</span> <span class='ocrx_word' id='word_1_137' title='bbox 980 2317 1039 2353; x_wconf 91' lang='grc' dir='ltr'>τε</span> <span class='ocrx_word' id='word_1_138' title='bbox 1067 2300 1179 2365; x_wconf 77' lang='grc' dir='ltr'>ἔξει</span> <span class='ocrx_word' id='word_1_139' title='bbox 1205 2303 1302 2355; x_wconf 73' lang='grc' dir='ltr'>καὶ</span> <span class='ocrx_word' id='word_1_140' title='bbox 1328 2306 1394 2374; x_wconf 75' lang='grc' dir='ltr'>τῇ</span> <span class='ocrx_word' id='word_1_141' title='bbox 1426 2303 1604 2368; x_wconf 84' lang='grc' dir='ltr'>θέσει,</span> <span class='ocrx_word' id='word_1_142' title='bbox 1644 2304 1740 2357; x_wconf 76' lang='grc' dir='ltr'>καὶ</span> <span class='ocrx_word' id='word_1_143' title='bbox 1768 2305 1849 2358; x_wconf 85' lang='grc' dir='ltr'>ὅτι</span> <span class='ocrx_word' id='word_1_144' title='bbox 1877 2303 2033 2374; x_wconf 77' lang='grc' dir='ltr'>μάλιο</span> 
     </span>
    </p>
   </div>
   <div class='ocr_carea' id='block_1_22' title="bbox 445 2386 2031 2465">
    <p class='ocr_par' dir='ltr' id='par_1_22' title="bbox 445 2386 2031 2465">
     <span class='ocr_line' id='line_1_25' title="bbox 445 2386 2031 2465; baseline 0.003 -22"><span class='ocrx_word' id='word_1_145' title='bbox 445 2407 545 2443; x_wconf 85' lang='grc' dir='ltr'>στα</span> <span class='ocrx_word' id='word_1_146' title='bbox 605 2389 726 2443; x_wconf 87' lang='grc' dir='ltr'>λίαν</span> <span class='ocrx_word' id='word_1_147' title='bbox 759 2391 993 2465; x_wconf 79' lang='grc' dir='ltr'>ἰσχυροί.</span> <span class='ocrx_word' id='word_1_148' title='bbox 1029 2394 1104 2446; x_wconf 85' lang='grc' dir='ltr'>Τὸ</span> <span class='ocrx_word' id='word_1_149' title='bbox 1155 2393 1213 2447; x_wconf 84' lang='grc' dir='ltr'>δέ</span> <span class='ocrx_word' id='word_1_150' title='bbox 1258 2386 1382 2447; x_wconf 85' lang='grc' dir='ltr'>τινα</span> <span class='ocrx_word' id='word_1_151' title='bbox 1436 2395 1717 2450; x_wconf 86' lang='grc' dir='ltr'>τίκτεσθαι</span> <span class='ocrx_word' id='word_1_152' title='bbox 1770 2394 2031 2460; x_wconf 85' lang='grc' dir='ltr'>τοιοῦτον,</span> 
     </span>
    </p>
   </div>
   <div class='ocr_carea' id='block_1_23' title="bbox 447 2476 2036 2559">
    <p class='ocr_par' dir='ltr' id='par_1_23' title="bbox 447 2476 2036 2559">
     <span class='ocr_line' id='line_1_26' title="bbox 447 2476 2036 2559; baseline 0.006 -27"><span class='ocrx_word' id='word_1_153' title='bbox 447 2481 673 2551; x_wconf 88' lang='grc' dir='ltr'>σημεῖον</span> <span class='ocrx_word' id='word_1_154' title='bbox 727 2476 796 2553; x_wconf 78' lang='grc' dir='ltr'>ἦν</span> <span class='ocrx_word' id='word_1_155' title='bbox 851 2483 950 2554; x_wconf 85' lang='grc' dir='ltr'>τῆς</span> <span class='ocrx_word' id='word_1_156' title='bbox 999 2485 1108 2538; x_wconf 86' lang='grc' dir='ltr'>τῶν</span> <span class='ocrx_word' id='word_1_157' title='bbox 1144 2485 1395 2553; x_wconf 82' lang='grc' dir='ltr'>ἀγγέλων</span> <span class='ocrx_word' id='word_1_158' title='bbox 1436 2487 1571 2559; x_wconf 81' lang='grc' dir='ltr'>πρὸς</span> <span class='ocrx_word' id='word_1_159' title='bbox 1620 2487 1722 2551; x_wconf 83' lang='grc' dir='ltr'>τὰς</span> <span class='ocrx_word' id='word_1_160' title='bbox 1770 2489 2036 2557; x_wconf 86' lang='grc' dir='ltr'>γυναῖκας</span> 
     </span>
    </p>
   </div>
   <div class='ocr_carea' id='block_1_24' title="bbox 447 2570 2034 2648">
    <p class='ocr_par' dir='ltr' id='par_1_24' title="bbox 447 2570 2034 2648">
     <span class='ocr_line' id='line_1_27' title="bbox 447 2570 2034 2648; baseline 0.005 -25"><span class='ocrx_word' id='word_1_161' title='bbox 447 2570 761 2641; x_wconf 75' lang='grc' dir='ltr'>συναφείας.</span> <span class='ocrx_word' id='word_1_162' title='bbox 829 2573 1129 2645; x_wconf 76' lang='grc' dir='ltr'>’Δσάρκρυς</span> <span class='ocrx_word' id='word_1_163' title='bbox 1193 2577 1250 2629; x_wconf 88' lang='grc' dir='ltr'>δέ</span> <span class='ocrx_word' id='word_1_164' title='bbox 1309 2594 1474 2646; x_wconf 87' lang='grc' dir='ltr'>φησιν</span> <span class='ocrx_word' id='word_1_165' title='bbox 1520 2579 1549 2630; x_wconf 85' lang='grc' dir='ltr'>ό</span> <span class='ocrx_word' id='word_1_166' title='bbox 1605 2578 1863 2646; x_wconf 84' lang='grc' dir='ltr'>Θεολόγος</span> <span class='ocrx_word' id='word_1_167' title='bbox 1892 2618 1906 2643; x_wconf 93' lang='grc'>,</span> <span class='ocrx_word' id='word_1_168' title='bbox 1957 2577 2034 2648; x_wconf 84' lang='grc' dir='ltr'>τῷ</span> 
     </span>
    </p>
   </div>
   <div class='ocr_carea' id='block_1_25' title="bbox 443 2659 2037 2734">
    <p class='ocr_par' dir='ltr' id='par_1_25' title="bbox 443 2659 2037 2734">
     <span class='ocr_line' id='line_1_28' title="bbox 443 2659 2037 2734; baseline 0.003 -22"><span class='ocrx_word' id='word_1_169' title='bbox 443 2659 732 2731; x_wconf 81' lang='grc' dir='ltr'>γράμματι</span> <span class='ocrx_word' id='word_1_170' title='bbox 759 2662 1167 2733; x_wconf 85' lang='grc' dir='ltr'>παρεπόμενος,</span> <span class='ocrx_word' id='word_1_171' title='bbox 1210 2664 1371 2728; x_wconf 80' lang='grc' dir='ltr'>αὑτός</span> <span class='ocrx_word' id='word_1_172' title='bbox 1393 2682 1452 2718; x_wconf 87' lang='grc' dir='ltr'>τε</span> <span class='ocrx_word' id='word_1_173' title='bbox 1477 2665 1568 2718; x_wconf 75' lang='grc' dir='ltr'>ἐπὶ</span> <span class='ocrx_word' id='word_1_174' title='bbox 1597 2665 1659 2718; x_wconf 83' lang='grc' dir='ltr'>τὸ</span> <span class='ocrx_word' id='word_1_175' title='bbox 1684 2665 2037 2734; x_wconf 84' lang='grc' dir='ltr'>ἀναγωγικώ-</span> 
     </span>
    </p>
   </div>
   <div class='ocr_carea' id='block_1_26' title="bbox 444 2751 2036 2829">
    <p class='ocr_par' dir='ltr' id='par_1_26' title="bbox 444 2751 2036 2829">
     <span class='ocr_line' id='line_1_29' title="bbox 444 2751 2036 2829; baseline 0.006 -28"><span class='ocrx_word' id='word_1_176' title='bbox 444 2764 601 2821; x_wconf 86' lang='grc' dir='ltr'>τερον</span> <span class='ocrx_word' id='word_1_177' title='bbox 651 2751 792 2820; x_wconf 80' lang='grc' dir='ltr'>ἀγει.</span> <span class='ocrx_word' id='word_1_178' title='bbox 846 2752 956 2806; x_wconf 76' lang='grc' dir='ltr'>Καὶ</span> <span class='ocrx_word' id='word_1_179' title='bbox 1006 2753 1148 2824; x_wconf 81' lang='grc' dir='ltr'>γὰρ,</span> <span class='ocrx_word' id='word_1_180' title='bbox 1199 2756 1396 2826; x_wconf 79' lang='grc' dir='ltr'>φησὶν,</span> <span class='ocrx_word' id='word_1_181' title='bbox 1453 2756 1702 2828; x_wconf 72' lang='grc' dir='ltr'>ἥμαρτεν</span> <span class='ocrx_word' id='word_1_182' title='bbox 1751 2758 1901 2820; x_wconf 81' lang='grc' dir='ltr'>ὅστις</span> <span class='ocrx_word' id='word_1_183' title='bbox 1937 2758 2036 2829; x_wconf 83' lang='grc' dir='ltr'>τὴν</span> 
     </span>
    </p>
   </div>
   <div class='ocr_carea' id='block_1_27' title="bbox 446 2839 2038 2921">
    <p class='ocr_par' dir='ltr' id='par_1_27' title="bbox 446 2839 2038 2921">
     <span class='ocr_line' id='line_1_30' title="bbox 446 2839 2038 2921; baseline 0.008 -30"><span class='ocrx_word' id='word_1_184' title='bbox 446 2839 685 2910; x_wconf 77' lang='grc' dir='ltr'>ἅσαρκον</span> <span class='ocrx_word' id='word_1_185' title='bbox 705 2841 867 2910; x_wconf 84' lang='grc' dir='ltr'>φύσιν</span> <span class='ocrx_word' id='word_1_186' title='bbox 898 2844 1153 2915; x_wconf 84' lang='grc' dir='ltr'>συνέμιξε</span> <span class='ocrx_word' id='word_1_187' title='bbox 1173 2849 1238 2917; x_wconf 84' lang='grc' dir='ltr'>τῇ</span> <span class='ocrx_word' id='word_1_188' title='bbox 1263 2846 1427 2917; x_wconf 72' lang='grc' dir='ltr'>σαρκὶ</span> <span class='ocrx_word' id='word_1_189' title='bbox 1446 2889 1460 2910; x_wconf 85' lang='grc'>,</span> <span class='ocrx_word' id='word_1_190' title='bbox 1491 2848 1736 2901; x_wconf 89' lang='grc' dir='ltr'>τουτέστι</span> <span class='ocrx_word' id='word_1_191' title='bbox 1763 2848 1861 2921; x_wconf 82' lang='grc' dir='ltr'>τὴν</span> <span class='ocrx_word' id='word_1_192' title='bbox 1892 2851 2038 2904; x_wconf 81' lang='grc' dir='ltr'>ἀπά-</span> 
     </span>
    </p>
   </div>
   <div class='ocr_carea' id='block_1_28' title="bbox 447 2927 1894 3010">
    <p class='ocr_par' dir='ltr' id='par_1_28' title="bbox 447 2927 1894 3010">
     <span class='ocr_line' id='line_1_31' title="bbox 447 2927 1894 3010; baseline 0.008 -30"><span class='ocrx_word' id='word_1_193' title='bbox 447 2927 599 2982; x_wconf 86' lang='grc' dir='ltr'>θειαν</span> <span class='ocrx_word' id='word_1_194' title='bbox 622 2932 687 3000; x_wconf 78' lang='grc' dir='ltr'>τῇ</span> <span class='ocrx_word' id='word_1_195' title='bbox 712 2932 979 3004; x_wconf 78' lang='grc' dir='ltr'>ἁμαρτίᾳ,</span> <span class='ocrx_word' id='word_1_196' title='bbox 1016 2935 1111 2988; x_wconf 74' lang='grc' dir='ltr'>καὶ</span> <span class='ocrx_word' id='word_1_197' title='bbox 1141 2934 1221 3006; x_wconf 79' lang='grc' dir='ltr'>τῷ</span> <span class='ocrx_word' id='word_1_198' title='bbox 1258 2936 1424 3007; x_wconf 84' lang='grc' dir='ltr'>γάμῳ</span> <span class='ocrx_word' id='word_1_199' title='bbox 1446 2937 1544 3007; x_wconf 81' lang='grc' dir='ltr'>τὴν</span> <span class='ocrx_word' id='word_1_200' title='bbox 1573 2938 1894 3010; x_wconf 84' lang='grc' dir='ltr'>παρθενίαν.</span> 
     </span>
    </p>
   </div>
   <div class='ocr_carea' id='block_1_29' title="bbox 446 3021 2033 3098">
    <p class='ocr_par' dir='ltr' id='par_1_29' title="bbox 446 3021 2033 3098">
     <span class='ocr_line' id='line_1_32' title="bbox 446 3021 2033 3098; baseline 0.008 -24"><span class='ocrx_word' id='word_1_201' title='bbox 446 3021 554 3097; x_wconf 56' lang='grc' dir='ltr'>ρ9¹5</span> <span class='ocrx_word' id='word_1_202' title='bbox 589 3022 702 3075; x_wconf 79' lang='lat' dir='ltr'><strong>Kal</strong></span> <span class='ocrx_word' id='word_1_203' title='bbox 730 3023 907 3093; x_wconf 78' lang='grc' dir='ltr'>γαῖαν</span> <span class='ocrx_word' id='word_1_204' title='bbox 946 3024 1238 3095; x_wconf 80' lang='grc' dir='ltr'>ἐκάθηρεν</span> <span class='ocrx_word' id='word_1_205' title='bbox 1266 3027 1605 3097; x_wconf 76' lang='grc' dir='ltr'>ἁμαρτάσιν</span> <span class='ocrx_word' id='word_1_206' title='bbox 1632 3030 2033 3098; x_wconf 74' lang='grc' dir='ltr'>οὐρανιώνων.</span> 
     </span>
    </p>
   </div>
   <div class='ocr_carea' id='block_1_30' title="bbox 517 3114 2037 3196">
    <p class='ocr_par' dir='ltr' id='par_1_30' title="bbox 517 3114 2037 3196">
     <span class='ocr_line' id='line_1_33' title="bbox 517 3114 2037 3196; baseline 0.009 -31"><span class='ocrx_word' id='word_1_207' title='bbox 517 3114 836 3186; x_wconf 80' lang='grc' dir='ltr'>Κατηγορεῖ</span> <span class='ocrx_word' id='word_1_208' title='bbox 867 3116 969 3187; x_wconf 84' lang='grc' dir='ltr'>τῆς</span> <span class='ocrx_word' id='word_1_209' title='bbox 1004 3117 1271 3189; x_wconf 80' lang='grc' dir='ltr'>Ἐλλήνων</span> <span class='ocrx_word' id='word_1_210' title='bbox 1297 3121 1630 3193; x_wconf 80' lang='grc' dir='ltr'>ἀφροσύνης.</span> <span class='ocrx_word' id='word_1_211' title='bbox 1665 3124 1894 3177; x_wconf 81' lang='grc' dir='ltr'>Ἐκεῖνοι</span> <span class='ocrx_word' id='word_1_212' title='bbox 1923 3125 2037 3196; x_wconf 85' lang='grc' dir='ltr'>γὰρ</span> 
     </span>
    </p>
   </div>
   <div class='ocr_carea' id='block_1_31' title="bbox 445 3206 2038 3286">
    <p class='ocr_par' dir='ltr' id='par_1_31' title="bbox 445 3206 2038 3286">
     <span class='ocr_line' id='line_1_34' title="bbox 445 3206 2038 3286; baseline 0.007 -29"><span class='ocrx_word' id='word_1_213' title='bbox 445 3207 562 3268; x_wconf 86' lang='grc' dir='ltr'>τοῖς</span> <span class='ocrx_word' id='word_1_214' title='bbox 614 3206 708 3259; x_wconf 83' lang='grc' dir='ltr'>ὑπ’</span> <span class='ocrx_word' id='word_1_215' title='bbox 740 3207 920 3261; x_wconf 83' lang='grc' dir='ltr'>αὐτῶν</span> <span class='ocrx_word' id='word_1_216' title='bbox 976 3212 1475 3282; x_wconf 85' lang='grc' dir='ltr'>προσκυνουμένοις</span> <span class='ocrx_word' id='word_1_217' title='bbox 1519 3212 1663 3278; x_wconf 86' lang='grc' dir='ltr'>θεοῖς</span> <span class='ocrx_word' id='word_1_218' title='bbox 1715 3214 1785 3269; x_wconf 83' lang='grc' dir='ltr'>τὰ</span> <span class='ocrx_word' id='word_1_219' title='bbox 1819 3217 2038 3286; x_wconf 82' lang='grc' dir='ltr'>μυσαρὰ</span> 
     </span>
    </p>
   </div>
   <div class='ocr_carea' id='block_1_32' title="bbox 451 3299 2037 3379">
    <p class='ocr_par' dir='ltr' id='par_1_32' title="bbox 451 3299 2037 3379">
     <span class='ocr_line' id='line_1_35' title="bbox 451 3299 2037 3379; baseline 0.008 -29"><span class='ocrx_word' id='word_1_220' title='bbox 451 3299 817 3370; x_wconf 86' lang='grc' dir='ltr'>προσνέμουσι</span> <span class='ocrx_word' id='word_1_221' title='bbox 843 3301 990 3374; x_wconf 88' lang='grc' dir='ltr'>πάθη</span> <span class='ocrx_word' id='word_1_222' title='bbox 1011 3344 1028 3371; x_wconf 89' lang='grc'>,</span> <span class='ocrx_word' id='word_1_223' title='bbox 1054 3304 1148 3358; x_wconf 79' lang='grc' dir='ltr'>καὶ</span> <span class='ocrx_word' id='word_1_224' title='bbox 1182 3306 1367 3371; x_wconf 76' lang='grc' dir='ltr'>αὐτοῖς</span> <span class='ocrx_word' id='word_1_225' title='bbox 1410 3307 1467 3360; x_wconf 82' lang='grc' dir='ltr'>δὲ</span> <span class='ocrx_word' id='word_1_226' title='bbox 1492 3307 1656 3379; x_wconf 80' lang='grc' dir='ltr'>χάριν</span> <span class='ocrx_word' id='word_1_227' title='bbox 1692 3313 1807 3375; x_wconf 88' lang='grc' dir='ltr'>τοῖς</span> <span class='ocrx_word' id='word_1_228' title='bbox 1841 3310 2037 3377; x_wconf 81' lang='grc' dir='ltr'>πάθεσι</span> 
     </span>
    </p>
   </div>
   <div class='ocr_carea' id='block_1_33' title="bbox 452 3388 699 3460">
    <p class='ocr_par' dir='ltr' id='par_1_33' title="bbox 452 3388 699 3460">
     <span class='ocr_line' id='line_1_36' title="bbox 452 3388 699 3460; baseline 0.02 -20"><span class='ocrx_word' id='word_1_229' title='bbox 452 3388 699 3460; x_wconf 82' lang='grc' dir='ltr'>φέρουσι.</span> 
     </span>
    </p>
   </div>
   <div class='ocr_carea' id='block_1_34' title="bbox 1463 402 2660 464">
    <p class='ocr_par' dir='ltr' id='par_1_34' title="bbox 1463 402 2660 464">
     <span class='ocr_line' id='line_1_37' title="bbox 1463 402 2660 464; baseline 0.002 -6"><span class='ocrx_word' id='word_1_230' title='bbox 1463 404 1552 460; x_wconf 76' lang='grc' dir='ltr'>Μ)</span> <span class='ocrx_word' id='word_1_231' title='bbox 1586 402 1897 460; x_wconf 73' lang='lat' dir='ltr'>CARMINA</span> <span class='ocrx_word' id='word_1_232' title='bbox 1938 403 1998 458; x_wconf 89' lang='lat' dir='ltr'><strong>S.</strong></span> <span class='ocrx_word' id='word_1_233' title='bbox 2039 402 2372 462; x_wconf 76' lang='lat' dir='ltr'>GREGORII</span> <span class='ocrx_word' id='word_1_234' title='bbox 2407 404 2660 464; x_wconf 77' lang='lat' dir='ltr'><strong>THEOL.</strong></span> 
     </span>
    </p>
   </div>
   <div class='ocr_carea' id='block_1_35' title="bbox 3599 405 3708 459">
    <p class='ocr_par' dir='ltr' id='par_1_35' title="bbox 3599 405 3708 459">
     <span class='ocr_line' id='line_1_38' title="bbox 3599 405 3708 459; baseline 0 0"><span class='ocrx_word' id='word_1_235' title='bbox 3599 405 3708 459; x_wconf 67' lang='grc'>402</span> 
     </span>
    </p>
   </div>
   <div class='ocr_carea' id='block_1_36' title="bbox 2112 518 3711 591">
    <p class='ocr_par' dir='ltr' id='par_1_36' title="bbox 2112 518 3711 591">
     <span class='ocr_line' id='line_1_39' title="bbox 2112 518 3711 591; baseline -0.001 -17"><span class='ocrx_word' id='word_1_236' title='bbox 2112 520 2217 574; x_wconf 70' lang='grc'>494</span> <span class='ocrx_word' id='word_1_237' title='bbox 2242 521 2550 591; x_wconf 75' lang='grc' dir='ltr'>Ἐλλήνων</span> <span class='ocrx_word' id='word_1_238' title='bbox 2569 521 2707 576; x_wconf 79' lang='grc' dir='ltr'>τάδε</span> <span class='ocrx_word' id='word_1_239' title='bbox 2729 521 2961 584; x_wconf 78' lang='grc' dir='ltr'>παισὶν,</span> <span class='ocrx_word' id='word_1_240' title='bbox 2975 521 3103 575; x_wconf 70' lang='grc' dir='ltr'>ἐπεὶ</span> <span class='ocrx_word' id='word_1_241' title='bbox 3128 519 3459 577; x_wconf 77' lang='grc' dir='ltr'>παθέεσσιν</span> <span class='ocrx_word' id='word_1_242' title='bbox 3491 518 3711 573; x_wconf 84' lang='grc' dir='ltr'>ἐκεῖνοι</span> 
     </span>
    </p>
   </div>
   <div class='ocr_carea' id='block_1_37' title="bbox 2111 591 3727 662">
    <p class='ocr_par' dir='ltr' id='par_1_37' title="bbox 2111 591 3727 662">
     <span class='ocr_line' id='line_1_40' title="bbox 2111 591 3727 662; baseline -0.001 -16"><span class='ocrx_word' id='word_1_243' title='bbox 2111 592 2217 646; x_wconf 76' lang='grc'>495</span> <span class='ocrx_word' id='word_1_244' title='bbox 2224 593 2441 661; x_wconf 80' lang='grc' dir='ltr'>Ἄλκιιρ</span> <span class='ocrx_word' id='word_1_245' title='bbox 2449 593 2572 659; x_wconf 83' lang='grc' dir='ltr'>ἑοῖς</span> <span class='ocrx_word' id='word_1_246' title='bbox 2579 592 2857 662; x_wconf 75' lang='grc' dir='ltr'>μήθ-αντο</span> <span class='ocrx_word' id='word_1_247' title='bbox 2872 593 3044 657; x_wconf 82' lang='grc' dir='ltr'>θεοὺς</span> <span class='ocrx_word' id='word_1_248' title='bbox 3055 591 3399 657; x_wconf 80' lang='grc' dir='ltr'>στήσασθαι</span> <span class='ocrx_word' id='word_1_249' title='bbox 3409 591 3727 662; x_wconf 55' lang='grc' dir='ltr'>ἀτιιτροὺς,</span> 
     </span>
    </p>
   </div>
   <div class='ocr_carea' id='block_1_38' title="bbox 2112 660 3714 804">
    <p class='ocr_par' dir='ltr' id='par_1_38' title="bbox 2112 660 3714 804">
     <span class='ocr_line' id='line_1_41' title="bbox 2112 660 3714 804; baseline -0.002 -89"><span class='ocrx_word' id='word_1_250' title='bbox 2112 662 2220 717; x_wconf 77' lang='grc'>496</span> <span class='ocrx_word' id='word_1_251' title='bbox 2256 660 3006 732; x_wconf 67' lang='grc' dir='ltr'>κλέπτας,’ἀνὸρογύνους</span> <span class='ocrx_word' id='word_1_252' title='bbox 3031 702 3046 727; x_wconf 91' lang='grc'>,</span> <span class='ocrx_word' id='word_1_253' title='bbox 3094 660 3714 804; x_wconf 47' lang='grc' dir='ltr'>μοιέρίἑὲ,ἄῗέἓῗέμο-</span> 
     </span>
    </p>
   </div>
   <div class='ocr_carea' id='block_1_39' title="bbox 2114 747 3723 871">
    <p class='ocr_par' dir='ltr' id='par_1_39' title="bbox 2114 747 3723 871">
     <span class='ocr_line' id='line_1_42' title="bbox 3197 747 3640 804; baseline -0.009 -20"><span class='ocrx_word' id='word_1_254' title='bbox 3197 747 3215 804; x_wconf 72' lang='grc' dir='ltr'>ι</span> <span class='ocrx_word' id='word_1_255' title='bbox 3242 748 3355 796; x_wconf 81' lang='grc' dir='ltr'>νας</span> <span class='ocrx_word' id='word_1_256' title='bbox 3396 747 3640 796; x_wconf 77' lang='grc' dir='ltr'>ανορας,</span> 
     </span>
     <span class='ocr_line' id='line_1_43' title="bbox 2114 799 3723 871; baseline -0.003 -15"><span class='ocrx_word' id='word_1_257' title='bbox 2114 801 2218 856; x_wconf 66' lang='grc'>497</span> <span class='ocrx_word' id='word_1_258' title='bbox 2239 801 2688 871; x_wconf 65' lang='grc' dir='ltr'>Ἀνδροφόνους,</span> <span class='ocrx_word' id='word_1_259' title='bbox 2712 799 2929 855; x_wconf 79' lang='grc' dir='ltr'>τεκέων</span> <span class='ocrx_word' id='word_1_260' title='bbox 2949 799 3295 871; x_wconf 71' lang='grc' dir='ltr'>δηλήμογας</span> <span class='ocrx_word' id='word_1_261' title='bbox 3321 800 3432 869; x_wconf 75' lang='grc' dir='ltr'>ἠδὲ</span> <span class='ocrx_word' id='word_1_262' title='bbox 3458 799 3723 864; x_wconf 54' lang='grc' dir='ltr'>τοκήων,</span> 
     </span>
    </p>
   </div>
   <div class='ocr_carea' id='block_1_40' title="bbox 2187 912 3716 986">
    <p class='ocr_par' dir='ltr' id='par_1_40' title="bbox 2187 912 3716 986">
     <span class='ocr_line' id='line_1_44' title="bbox 2187 912 3716 986; baseline -0.001 -21"><span class='ocrx_word' id='word_1_263' title='bbox 2187 912 2440 983; x_wconf 85' lang='grc' dir='ltr'>Κλέπτης</span> <span class='ocrx_word' id='word_1_264' title='bbox 2467 915 2496 966; x_wconf 88' lang='grc' dir='ltr'>ὁ</span> <span class='ocrx_word' id='word_1_265' title='bbox 2531 912 2776 985; x_wconf 82' lang='grc' dir='ltr'>Ἑρμῆς·</span> <span class='ocrx_word' id='word_1_266' title='bbox 2806 912 3045 985; x_wconf 82' lang='grc' dir='ltr'>κερδῷον</span> <span class='ocrx_word' id='word_1_267' title='bbox 3088 913 3196 986; x_wconf 89' lang='grc' dir='ltr'>γάρ</span> <span class='ocrx_word' id='word_1_268' title='bbox 3241 913 3362 967; x_wconf 77' lang='grc' dir='ltr'>θεὸν</span> <span class='ocrx_word' id='word_1_269' title='bbox 3400 912 3562 967; x_wconf 82' lang='grc' dir='ltr'>αὐτὸν</span> <span class='ocrx_word' id='word_1_270' title='bbox 3614 929 3716 964; x_wconf 79' lang='grc' dir='ltr'>κα-</span> 
     </span>
    </p>
   </div>
   <div class='ocr_carea' id='block_1_41' title="bbox 2116 1003 3719 1076">
    <p class='ocr_par' dir='ltr' id='par_1_41' title="bbox 2116 1003 3719 1076">
     <span class='ocr_line' id='line_1_45' title="bbox 2116 1003 3719 1076; baseline 0 -21"><span class='ocrx_word' id='word_1_271' title='bbox 2116 1004 2320 1067; x_wconf 83' lang='grc' dir='ltr'>λοῦσιν,</span> <span class='ocrx_word' id='word_1_272' title='bbox 2341 1005 2417 1068; x_wconf 84' lang='grc' dir='ltr'>ὡς</span> <span class='ocrx_word' id='word_1_273' title='bbox 2458 1004 2852 1075; x_wconf 72' lang='grc' dir='ltr'>Ἀριστοφάνης</span> <span class='ocrx_word' id='word_1_274' title='bbox 2880 1005 3001 1076; x_wconf 81' lang='grc' dir='ltr'>(1)ὁ</span> <span class='ocrx_word' id='word_1_275' title='bbox 3022 1005 3298 1074; x_wconf 83' lang='grc' dir='ltr'>κωμικὸς,</span> <span class='ocrx_word' id='word_1_276' title='bbox 3342 1003 3719 1074; x_wconf 77' lang='grc' dir='ltr'>Ἐμπολαῐον</span> 
     </span>
    </p>
   </div>
   <div class='ocr_carea' id='block_1_42' title="bbox 2118 1094 3717 1166">
    <p class='ocr_par' dir='ltr' id='par_1_42' title="bbox 2118 1094 3717 1166">
     <span class='ocr_line' id='line_1_46' title="bbox 2118 1094 3717 1166; baseline 0 -19"><span class='ocrx_word' id='word_1_277' title='bbox 2118 1094 2327 1157; x_wconf 83' lang='grc' dir='ltr'>αὐτὸν,</span> <span class='ocrx_word' id='word_1_278' title='bbox 2386 1095 2571 1166; x_wconf 57' lang='grc' dir='ltr'>φησιν,</span> <span class='ocrx_word' id='word_1_279' title='bbox 2608 1095 2989 1165; x_wconf 82' lang='grc' dir='ltr'>ἱδρυσόμεθα,</span> <span class='ocrx_word' id='word_1_280' title='bbox 3024 1095 3170 1149; x_wconf 79' lang='grc' dir='ltr'>τοῦτ’</span> <span class='ocrx_word' id='word_1_281' title='bbox 3198 1095 3314 1149; x_wconf 77' lang='grc' dir='ltr'>ἔστι</span> <span class='ocrx_word' id='word_1_282' title='bbox 3352 1095 3577 1166; x_wconf 82' lang='grc' dir='ltr'>κέρδους</span> <span class='ocrx_word' id='word_1_283' title='bbox 3617 1095 3717 1164; x_wconf 80' lang='grc' dir='ltr'>ἐφ-</span> 
     </span>
    </p>
   </div>
   <div class='ocr_carea' id='block_1_43' title="bbox 2120 1179 3709 1260">
    <p class='ocr_par' dir='ltr' id='par_1_43' title="bbox 2120 1179 3709 1260">
     <span class='ocr_line' id='line_1_47' title="bbox 2120 1179 3709 1260; baseline 0.001 -22"><span class='ocrx_word' id='word_1_284' title='bbox 2120 1203 2269 1257; x_wconf 91' lang='grc' dir='ltr'>ορον.</span> <span class='ocrx_word' id='word_1_285' title='bbox 2299 1179 2468 1250; x_wconf 75' lang='grc' dir='ltr'>Οὗτος</span> <span class='ocrx_word' id='word_1_286' title='bbox 2493 1187 2550 1240; x_wconf 86' lang='grc' dir='ltr'>δὲ</span> <span class='ocrx_word' id='word_1_287' title='bbox 2576 1188 2671 1241; x_wconf 77' lang='grc' dir='ltr'>καὶ</span> <span class='ocrx_word' id='word_1_288' title='bbox 2686 1187 2898 1251; x_wconf 86' lang='grc' dir='ltr'>κνίσαις</span> <span class='ocrx_word' id='word_1_289' title='bbox 2923 1188 3141 1258; x_wconf 82' lang='grc' dir='ltr'>ἥδεσθαι</span> <span class='ocrx_word' id='word_1_290' title='bbox 3167 1189 3537 1260; x_wconf 86' lang='grc' dir='ltr'>κωμῳδεῖται·</span> <span class='ocrx_word' id='word_1_291' title='bbox 3558 1188 3709 1256; x_wconf 82' lang='grc' dir='ltr'>λέγε-</span> 
     </span>
    </p>
   </div>
   <div class='ocr_carea' id='block_1_44' title="bbox 2121 1274 3713 1348">
    <p class='ocr_par' dir='ltr' id='par_1_44' title="bbox 2121 1274 3713 1348">
     <span class='ocr_line' id='line_1_48' title="bbox 2121 1274 3713 1348; baseline 0.001 -20"><span class='ocrx_word' id='word_1_292' title='bbox 2121 1293 2213 1329; x_wconf 91' lang='grc' dir='ltr'>ται</span> <span class='ocrx_word' id='word_1_293' title='bbox 2242 1275 2299 1329; x_wconf 86' lang='grc' dir='ltr'>δὲ</span> <span class='ocrx_word' id='word_1_294' title='bbox 2330 1276 2426 1329; x_wconf 76' lang='grc' dir='ltr'>καὶ</span> <span class='ocrx_word' id='word_1_295' title='bbox 2449 1276 2781 1347; x_wconf 87' lang='grc' dir='ltr'>δηλακρίων,</span> <span class='ocrx_word' id='word_1_296' title='bbox 2805 1274 2881 1339; x_wconf 85' lang='grc' dir='ltr'>ὡς</span> <span class='ocrx_word' id='word_1_297' title='bbox 2909 1275 3340 1347; x_wconf 79' lang='grc' dir='ltr'>ἐπιδεικνυμένῳ</span> <span class='ocrx_word' id='word_1_298' title='bbox 3372 1275 3522 1347; x_wconf 84' lang='grc' dir='ltr'>αὑτῷ</span> <span class='ocrx_word' id='word_1_299' title='bbox 3550 1294 3713 1348; x_wconf 86' lang='grc' dir='ltr'>κρεα-</span> 
     </span>
    </p>
   </div>
   <div class='ocr_carea' id='block_1_45' title="bbox 2121 1366 3717 1439">
    <p class='ocr_par' dir='ltr' id='par_1_45' title="bbox 2121 1366 3717 1439">
     <span class='ocr_line' id='line_1_49' title="bbox 2121 1366 3717 1439; baseline 0.001 -20"><span class='ocrx_word' id='word_1_300' title='bbox 2121 1366 2220 1438; x_wconf 85' lang='grc' dir='ltr'>δίῳ</span> <span class='ocrx_word' id='word_1_301' title='bbox 2247 1367 2610 1439; x_wconf 83' lang='grc' dir='ltr'>κατέρχεσθαι</span> <span class='ocrx_word' id='word_1_302' title='bbox 2640 1369 2733 1421; x_wconf 74' lang='grc' dir='ltr'>ἐπὶ</span> <span class='ocrx_word' id='word_1_303' title='bbox 2761 1366 2830 1421; x_wconf 82' lang='grc' dir='ltr'>τὰ</span> <span class='ocrx_word' id='word_1_304' title='bbox 2852 1367 2991 1439; x_wconf 85' lang='grc' dir='ltr'>κρέα.</span> <span class='ocrx_word' id='word_1_305' title='bbox 3015 1384 3029 1398; x_wconf 94' lang='grc'>·</span> <span class='ocrx_word' id='word_1_306' title='bbox 3054 1369 3149 1421; x_wconf 66' lang='grc' dir='ltr'>καὶ</span> <span class='ocrx_word' id='word_1_307' title='bbox 3190 1368 3528 1439; x_wconf 89' lang='grc' dir='ltr'>μαρσίππιον</span> <span class='ocrx_word' id='word_1_308' title='bbox 3551 1368 3717 1422; x_wconf 80' lang='grc' dir='ltr'>αὑτὸν</span> 
     </span>
    </p>
   </div>
   <div class='ocr_carea' id='block_1_46' title="bbox 2080 1456 3711 1531">
    <p class='ocr_par' dir='ltr' id='par_1_46' title="bbox 2080 1456 3711 1531">
     <span class='ocr_line' id='line_1_50' title="bbox 2080 1456 3711 1531; baseline 0.002 -21"><span class='ocrx_word' id='word_1_309' title='bbox 2080 1456 2089 1465; x_wconf 84' lang='grc'><strong>’</strong></span> <span class='ocrx_word' id='word_1_310' title='bbox 2126 1457 2340 1511; x_wconf 77' lang='grc' dir='ltr'>ποιοῦσι</span> <span class='ocrx_word' id='word_1_311' title='bbox 2384 1457 2724 1528; x_wconf 77' lang='grc' dir='ltr'>βαστάζοντα</span> <span class='ocrx_word' id='word_1_312' title='bbox 2751 1500 2765 1524; x_wconf 90' lang='grc'>,</span> <span class='ocrx_word' id='word_1_313' title='bbox 2802 1458 2878 1522; x_wconf 84' lang='grc' dir='ltr'>ὡς</span> <span class='ocrx_word' id='word_1_314' title='bbox 2926 1458 3027 1529; x_wconf 82' lang='grc' dir='ltr'>τῆς</span> <span class='ocrx_word' id='word_1_315' title='bbox 3079 1458 3287 1528; x_wconf 81' lang='grc' dir='ltr'>κλοπῆς</span> <span class='ocrx_word' id='word_1_316' title='bbox 3325 1459 3520 1531; x_wconf 75' lang='grc' dir='ltr'>ἔφορον</span> <span class='ocrx_word' id='word_1_317' title='bbox 3548 1459 3711 1513; x_wconf 74' lang='grc' dir='ltr'>ὄντα·</span> 
     </span>
    </p>
   </div>
   <div class='ocr_carea' id='block_1_47' title="bbox 2125 1547 3712 1622">
    <p class='ocr_par' dir='ltr' id='par_1_47' title="bbox 2125 1547 3712 1622">
     <span class='ocr_line' id='line_1_51' title="bbox 2125 1547 3712 1622; baseline 0.006 -22"><span class='ocrx_word' id='word_1_318' title='bbox 2125 1547 2207 1600; x_wconf 84' lang='grc' dir='ltr'>διὸ</span> <span class='ocrx_word' id='word_1_319' title='bbox 2227 1548 2470 1602; x_wconf 88' lang='grc' dir='ltr'>καλεῖται</span> <span class='ocrx_word' id='word_1_320' title='bbox 2499 1548 2770 1621; x_wconf 83' lang='grc' dir='ltr'>Κερδῷος,</span> <span class='ocrx_word' id='word_1_321' title='bbox 2794 1550 3014 1616; x_wconf 87' lang='grc' dir='ltr'>Κνῖσος,</span> <span class='ocrx_word' id='word_1_322' title='bbox 3032 1548 3373 1622; x_wconf 88' lang='grc' dir='ltr'>Δηλακρίων,</span> <span class='ocrx_word' id='word_1_323' title='bbox 3402 1553 3496 1605; x_wconf 74' lang='grc' dir='ltr'>καὶ</span> <span class='ocrx_word' id='word_1_324' title='bbox 3523 1550 3712 1614; x_wconf 81' lang='grc' dir='ltr'>Κλὼψ.</span> 
     </span>
    </p>
   </div>
   <div class='ocr_carea' id='block_1_48' title="bbox 2131 1641 3714 1716">
    <p class='ocr_par' dir='ltr' id='par_1_48' title="bbox 2131 1641 3714 1716">
     <span class='ocr_line' id='line_1_52' title="bbox 2131 1641 3714 1716; baseline 0.003 -22"><span class='ocrx_word' id='word_1_325' title='bbox 2131 1643 2224 1694; x_wconf 82' lang='grc' dir='ltr'>καὶ</span> <span class='ocrx_word' id='word_1_326' title='bbox 2271 1642 2464 1709; x_wconf 85' lang='grc' dir='ltr'>Λόγιος</span> <span class='ocrx_word' id='word_1_327' title='bbox 2489 1658 2502 1672; x_wconf 87' lang='grc'>·</span> <span class='ocrx_word' id='word_1_328' title='bbox 2559 1641 2721 1695; x_wconf 82' lang='grc' dir='ltr'>αὑτὸν</span> <span class='ocrx_word' id='word_1_329' title='bbox 2752 1642 2811 1695; x_wconf 83' lang='grc' dir='ltr'>δέ</span> <span class='ocrx_word' id='word_1_330' title='bbox 2861 1659 3025 1711; x_wconf 83' lang='grc' dir='ltr'>φασιν</span> <span class='ocrx_word' id='word_1_331' title='bbox 3056 1642 3315 1714; x_wconf 87' lang='grc' dir='ltr'>Ἕλληνες</span> <span class='ocrx_word' id='word_1_332' title='bbox 3350 1646 3444 1698; x_wconf 83' lang='grc' dir='ltr'>καὶ</span> <span class='ocrx_word' id='word_1_333' title='bbox 3468 1645 3714 1716; x_wconf 85' lang='grc' dir='ltr'>Πομπὸν,</span> 
     </span>
    </p>
   </div>
   <div class='ocr_carea' id='block_1_49' title="bbox 2133 1732 3548 1803">
    <p class='ocr_par' dir='ltr' id='par_1_49' title="bbox 2133 1732 3548 1803">
     <span class='ocr_line' id='line_1_53' title="bbox 2133 1732 3548 1803; baseline 0.005 -17"><span class='ocrx_word' id='word_1_334' title='bbox 2133 1732 2278 1787; x_wconf 81' lang='grc' dir='ltr'>τοῦτ’</span> <span class='ocrx_word' id='word_1_335' title='bbox 2308 1734 2400 1786; x_wconf 80' lang='grc' dir='ltr'>ἔστ</span> <span class='ocrx_word' id='word_1_336' title='bbox 2408 1752 2456 1787; x_wconf 88' lang='grc' dir='ltr'>ιν</span> <span class='ocrx_word' id='word_1_337' title='bbox 2484 1733 2735 1803; x_wconf 81' lang='grc' dir='ltr'>ἄγγελον.</span> <span class='ocrx_word' id='word_1_338' title='bbox 3544 1762 3548 1767; x_wconf 63' lang='grc'><strong>’</strong></span> 
     </span>
    </p>
   </div>
   <div class='ocr_carea' id='block_1_50' title="bbox 2220 1844 3720 1918">
    <p class='ocr_par' dir='ltr' id='par_1_50' title="bbox 2220 1844 3720 1918">
     <span class='ocr_line' id='line_1_54' title="bbox 2220 1844 3720 1918; baseline 0.005 -22"><span class='ocrx_word' id='word_1_339' title='bbox 2220 1844 2567 1916; x_wconf 84' lang='grc' dir='ltr'>Ἀνδρόγυνος</span> <span class='ocrx_word' id='word_1_340' title='bbox 2589 1847 2619 1898; x_wconf 85' lang='grc' dir='ltr'>ό</span> <span class='ocrx_word' id='word_1_341' title='bbox 2645 1844 2898 1909; x_wconf 88' lang='grc' dir='ltr'>Διόνυσος</span> <span class='ocrx_word' id='word_1_342' title='bbox 2921 1861 2935 1876; x_wconf 95' lang='grc'>·</span> <span class='ocrx_word' id='word_1_343' title='bbox 2966 1845 3158 1900; x_wconf 84' lang='grc' dir='ltr'>τοῦτον</span> <span class='ocrx_word' id='word_1_344' title='bbox 3206 1847 3315 1918; x_wconf 83' lang='grc' dir='ltr'>γάρ</span> <span class='ocrx_word' id='word_1_345' title='bbox 3347 1863 3481 1917; x_wconf 83' lang='grc' dir='ltr'>φασι</span> <span class='ocrx_word' id='word_1_346' title='bbox 3510 1848 3604 1901; x_wconf 76' lang='grc' dir='ltr'>καὶ</span> <span class='ocrx_word' id='word_1_347' title='bbox 3649 1847 3720 1903; x_wconf 81' lang='grc' dir='ltr'>τὰ</span> 
     </span>
    </p>
   </div>
   <div class='ocr_carea' id='block_1_51' title="bbox 2133 1934 3721 2008">
    <p class='ocr_par' dir='ltr' id='par_1_51' title="bbox 2133 1934 3721 2008">
     <span class='ocr_line' id='line_1_55' title="bbox 2133 1934 3721 2008; baseline 0.002 -19"><span class='ocrx_word' id='word_1_348' title='bbox 2133 1934 2343 2007; x_wconf 84' lang='grc' dir='ltr'>ἀνδρῶν</span> <span class='ocrx_word' id='word_1_349' title='bbox 2391 1937 2598 1999; x_wconf 83' lang='grc' dir='ltr'>ποιεῖν,</span> <span class='ocrx_word' id='word_1_350' title='bbox 2650 1935 2744 1989; x_wconf 76' lang='grc' dir='ltr'>καὶ</span> <span class='ocrx_word' id='word_1_351' title='bbox 2771 1936 2840 1989; x_wconf 80' lang='grc' dir='ltr'>τὰ</span> <span class='ocrx_word' id='word_1_352' title='bbox 2878 1936 3153 2005; x_wconf 83' lang='grc' dir='ltr'>γυναικῶν</span> <span class='ocrx_word' id='word_1_353' title='bbox 3191 1938 3420 2008; x_wconf 84' lang='grc' dir='ltr'>πάσχειν</span> <span class='ocrx_word' id='word_1_354' title='bbox 3442 1978 3456 2004; x_wconf 91' lang='grc'>,</span> <span class='ocrx_word' id='word_1_355' title='bbox 3504 1938 3721 2003; x_wconf 76' lang='grc' dir='ltr'>καὶτὰς</span> 
     </span>
    </p>
   </div>
   <div class='ocr_carea' id='block_1_52' title="bbox 2136 2023 3722 2097">
    <p class='ocr_par' dir='ltr' id='par_1_52' title="bbox 2136 2023 3722 2097">
     <span class='ocr_line' id='line_1_56' title="bbox 2136 2023 3722 2097; baseline 0.002 -18"><span class='ocrx_word' id='word_1_356' title='bbox 2136 2024 2347 2096; x_wconf 83' lang='grc' dir='ltr'>βάκχας</span> <span class='ocrx_word' id='word_1_357' title='bbox 2379 2024 2510 2095; x_wconf 76' lang='grc' dir='ltr'>περὶ</span> <span class='ocrx_word' id='word_1_358' title='bbox 2546 2023 2708 2079; x_wconf 83' lang='grc' dir='ltr'>αὐτὸν</span> <span class='ocrx_word' id='word_1_359' title='bbox 2732 2025 2828 2077; x_wconf 76' lang='grc' dir='ltr'>καὶ</span> <span class='ocrx_word' id='word_1_360' title='bbox 2878 2025 3165 2095; x_wconf 84' lang='grc' dir='ltr'>μαιναδίας</span> <span class='ocrx_word' id='word_1_361' title='bbox 3195 2028 3487 2097; x_wconf 87' lang='grc' dir='ltr'>γινομένας</span> <span class='ocrx_word' id='word_1_362' title='bbox 3516 2027 3722 2083; x_wconf 74' lang='grc' dir='ltr'>ἐκδακ-</span> 
     </span>
    </p>
   </div>
   <div class='ocr_carea' id='block_1_53' title="bbox 2135 2114 3722 2190">
    <p class='ocr_par' dir='ltr' id='par_1_53' title="bbox 2135 2114 3722 2190">
     <span class='ocr_line' id='line_1_57' title="bbox 2135 2114 3722 2190; baseline 0.001 -21"><span class='ocrx_word' id='word_1_363' title='bbox 2135 2115 2344 2188; x_wconf 84' lang='grc' dir='ltr'>χεύειν,</span> <span class='ocrx_word' id='word_1_364' title='bbox 2374 2116 2469 2170; x_wconf 77' lang='grc' dir='ltr'>καὶ</span> <span class='ocrx_word' id='word_1_365' title='bbox 2503 2116 2631 2180; x_wconf 81' lang='grc' dir='ltr'>τοὺς</span> <span class='ocrx_word' id='word_1_366' title='bbox 2662 2114 2930 2187; x_wconf 87' lang='grc' dir='ltr'>σατύρους</span> <span class='ocrx_word' id='word_1_367' title='bbox 2981 2116 3076 2171; x_wconf 79' lang='grc' dir='ltr'>καὶ</span> <span class='ocrx_word' id='word_1_368' title='bbox 3104 2119 3231 2181; x_wconf 81' lang='grc' dir='ltr'>τοὺς</span> <span class='ocrx_word' id='word_1_369' title='bbox 3257 2118 3536 2190; x_wconf 83' lang='grc' dir='ltr'>σειληνοὺς</span> <span class='ocrx_word' id='word_1_370' title='bbox 3570 2117 3722 2190; x_wconf 81' lang='grc' dir='ltr'>ἐξορ-</span> 
     </span>
    </p>
   </div>
   <div class='ocr_carea' id='block_1_54' title="bbox 2135 2206 3722 2281">
    <p class='ocr_par' dir='ltr' id='par_1_54' title="bbox 2135 2206 3722 2281">
     <span class='ocr_line' id='line_1_58' title="bbox 2135 2206 3722 2281; baseline -0.001 -19"><span class='ocrx_word' id='word_1_371' title='bbox 2135 2209 2432 2281; x_wconf 83' lang='grc' dir='ltr'>χουμένους</span> <span class='ocrx_word' id='word_1_372' title='bbox 2456 2208 2585 2279; x_wconf 79' lang='grc' dir='ltr'>περὶ</span> <span class='ocrx_word' id='word_1_373' title='bbox 2624 2207 2805 2262; x_wconf 88' lang='grc' dir='ltr'>αὐτόν.</span> <span class='ocrx_word' id='word_1_374' title='bbox 2850 2206 3191 2262; x_wconf 88' lang='grc' dir='ltr'>Μυθεύονται</span> <span class='ocrx_word' id='word_1_375' title='bbox 3221 2207 3278 2261; x_wconf 82' lang='grc' dir='ltr'>δὲ</span> <span class='ocrx_word' id='word_1_376' title='bbox 3307 2208 3495 2263; x_wconf 82' lang='grc' dir='ltr'>τοῦτον</span> <span class='ocrx_word' id='word_1_377' title='bbox 3528 2207 3722 2278; x_wconf 74' lang='grc' dir='ltr'>ἔφορον</span> 
     </span>
    </p>
   </div>
   <div class='ocr_carea' id='block_1_55' title="bbox 2135 2293 3724 2366">
    <p class='ocr_par' dir='ltr' id='par_1_55' title="bbox 2135 2293 3724 2366">
     <span class='ocr_line' id='line_1_59' title="bbox 2135 2293 3724 2366; baseline 0.002 -17"><span class='ocrx_word' id='word_1_378' title='bbox 2135 2293 2272 2352; x_wconf 82' lang='grc' dir='ltr'>εἶναι</span> <span class='ocrx_word' id='word_1_379' title='bbox 2307 2297 2403 2351; x_wconf 80' lang='grc' dir='ltr'>τοῦ</span> <span class='ocrx_word' id='word_1_380' title='bbox 2431 2297 2574 2352; x_wconf 77' lang='grc' dir='ltr'>οἴνου</span> <span class='ocrx_word' id='word_1_381' title='bbox 2596 2339 2610 2363; x_wconf 89' lang='grc'>,</span> <span class='ocrx_word' id='word_1_382' title='bbox 2636 2298 2731 2352; x_wconf 73' lang='grc' dir='ltr'>καὶ</span> <span class='ocrx_word' id='word_1_383' title='bbox 2762 2299 2844 2352; x_wconf 81' lang='grc' dir='ltr'>ὅτι</span> <span class='ocrx_word' id='word_1_384' title='bbox 2870 2297 3071 2352; x_wconf 86' lang='grc' dir='ltr'>δέδωκε</span> <span class='ocrx_word' id='word_1_385' title='bbox 3102 2298 3197 2352; x_wconf 74' lang='grc' dir='ltr'>καὶ</span> <span class='ocrx_word' id='word_1_386' title='bbox 3229 2300 3348 2362; x_wconf 90' lang='grc' dir='ltr'>ταῖς</span> <span class='ocrx_word' id='word_1_387' title='bbox 3376 2298 3591 2366; x_wconf 69' lang='grc' dir='ltr'>γυναιξὶ</span> <span class='ocrx_word' id='word_1_388' title='bbox 3627 2299 3724 2353; x_wconf 76' lang='grc' dir='ltr'>καὶ</span> 
     </span>
    </p>
   </div>
   <div class='ocr_carea' id='block_1_56' title="bbox 2134 2389 3724 2462">
    <p class='ocr_par' dir='ltr' id='par_1_56' title="bbox 2134 2389 3724 2462">
     <span class='ocr_line' id='line_1_60' title="bbox 2134 2389 3724 2462; baseline 0.001 -20"><span class='ocrx_word' id='word_1_389' title='bbox 2134 2392 2246 2453; x_wconf 88' lang='grc' dir='ltr'>τοῖς</span> <span class='ocrx_word' id='word_1_390' title='bbox 2276 2390 2523 2461; x_wconf 80' lang='grc' dir='ltr'>ἀνδράσι,</span> <span class='ocrx_word' id='word_1_391' title='bbox 2553 2391 2647 2444; x_wconf 76' lang='grc' dir='ltr'>καὶ</span> <span class='ocrx_word' id='word_1_392' title='bbox 2678 2390 2830 2445; x_wconf 79' lang='grc' dir='ltr'>ἔπιον</span> <span class='ocrx_word' id='word_1_393' title='bbox 2869 2390 2963 2444; x_wconf 73' lang='grc' dir='ltr'>καὶ</span> <span class='ocrx_word' id='word_1_394' title='bbox 2990 2389 3369 2462; x_wconf 75' lang='grc' dir='ltr'>ἐμεθύσθησαν</span> <span class='ocrx_word' id='word_1_395' title='bbox 3388 2407 3400 2418; x_wconf 94' lang='grc'>·</span> <span class='ocrx_word' id='word_1_396' title='bbox 3437 2391 3531 2444; x_wconf 72' lang='grc' dir='ltr'>καὶ</span> <span class='ocrx_word' id='word_1_397' title='bbox 3558 2389 3724 2462; x_wconf 84' lang='grc' dir='ltr'>μεθύ-</span> 
     </span>
    </p>
   </div>
   <div class='ocr_carea' id='block_1_57' title="bbox 2137 2480 3720 2554">
    <p class='ocr_par' dir='ltr' id='par_1_57' title="bbox 2137 2480 3720 2554">
     <span class='ocr_line' id='line_1_61' title="bbox 2137 2480 3720 2554; baseline 0.002 -19"><span class='ocrx_word' id='word_1_398' title='bbox 2137 2498 2327 2545; x_wconf 76' lang='grc' dir='ltr'>σαντες</span> <span class='ocrx_word' id='word_1_399' title='bbox 2349 2521 2364 2546; x_wconf 91' lang='grc'>,</span> <span class='ocrx_word' id='word_1_400' title='bbox 2396 2480 2534 2552; x_wconf 84' lang='grc' dir='ltr'>μετά</span> <span class='ocrx_word' id='word_1_401' title='bbox 2589 2481 2700 2536; x_wconf 85' lang='grc' dir='ltr'>τῶν</span> <span class='ocrx_word' id='word_1_402' title='bbox 2729 2480 3005 2551; x_wconf 79' lang='grc' dir='ltr'>γυναικῶν</span> <span class='ocrx_word' id='word_1_403' title='bbox 3049 2480 3333 2553; x_wconf 87' lang='grc' dir='ltr'>χορεύουσι</span> <span class='ocrx_word' id='word_1_404' title='bbox 3382 2484 3511 2554; x_wconf 83' lang='grc' dir='ltr'>περὶ</span> <span class='ocrx_word' id='word_1_405' title='bbox 3537 2484 3720 2539; x_wconf 82' lang='grc' dir='ltr'>αὐτόν.</span> 
     </span>
    </p>
   </div>
   <div class='ocr_carea' id='block_1_58' title="bbox 2135 2567 3721 2642">
    <p class='ocr_par' dir='ltr' id='par_1_58' title="bbox 2135 2567 3721 2642">
     <span class='ocr_line' id='line_1_62' title="bbox 2135 2567 3721 2642; baseline 0 -18"><span class='ocrx_word' id='word_1_406' title='bbox 2135 2571 2410 2642; x_wconf 86' lang='grc' dir='ltr'>Σατύρους</span> <span class='ocrx_word' id='word_1_407' title='bbox 2438 2571 2494 2624; x_wconf 84' lang='grc' dir='ltr'>δὲ</span> <span class='ocrx_word' id='word_1_408' title='bbox 2523 2569 2770 2640; x_wconf 84' lang='grc' dir='ltr'>λέγουσιν</span> <span class='ocrx_word' id='word_1_409' title='bbox 2790 2567 2931 2624; x_wconf 77' lang='grc' dir='ltr'>εἶναι</span> <span class='ocrx_word' id='word_1_410' title='bbox 2965 2569 3260 2641; x_wconf 88' lang='grc' dir='ltr'>ποιμένας·</span> <span class='ocrx_word' id='word_1_411' title='bbox 3293 2571 3343 2623; x_wconf 80' lang='grc' dir='ltr'>οἱ</span> <span class='ocrx_word' id='word_1_412' title='bbox 3374 2571 3433 2624; x_wconf 85' lang='grc' dir='ltr'>δέ</span> <span class='ocrx_word' id='word_1_413' title='bbox 3476 2571 3608 2641; x_wconf 86' lang='grc' dir='ltr'>φασί</span> <span class='ocrx_word' id='word_1_414' title='bbox 3639 2587 3721 2624; x_wconf 91' lang='grc' dir='ltr'>τι-</span> 
     </span>
    </p>
   </div>
   <div class='ocr_carea' id='block_1_59' title="bbox 2135 2660 3091 2734">
    <p class='ocr_par' dir='ltr' id='par_1_59' title="bbox 2135 2660 3091 2734">
     <span class='ocr_line' id='line_1_63' title="bbox 2135 2660 3091 2734; baseline 0 -18"><span class='ocrx_word' id='word_1_415' title='bbox 2135 2679 2232 2726; x_wconf 90' lang='grc' dir='ltr'>νας</span> <span class='ocrx_word' id='word_1_416' title='bbox 2252 2662 2380 2734; x_wconf 76' lang='grc' dir='ltr'>περὶ</span> <span class='ocrx_word' id='word_1_417' title='bbox 2400 2661 2493 2715; x_wconf 84' lang='grc' dir='ltr'>τὸν</span> <span class='ocrx_word' id='word_1_418' title='bbox 2528 2662 2782 2716; x_wconf 88' lang='grc' dir='ltr'>Διόνυσον</span> <span class='ocrx_word' id='word_1_419' title='bbox 2811 2660 3091 2732; x_wconf 87' lang='grc' dir='ltr'>δαίμονας.</span> 
     </span>
    </p>
   </div>
   <div class='ocr_carea' id='block_1_60' title="bbox 2205 2745 3724 2826">
    <p class='ocr_par' dir='ltr' id='par_1_60' title="bbox 2205 2745 3724 2826">
     <span class='ocr_line' id='line_1_64' title="bbox 2205 2745 3724 2826; baseline 0.001 -19"><span class='ocrx_word' id='word_1_420' title='bbox 2205 2753 2407 2823; x_wconf 81' lang='grc' dir='ltr'>Μοιχδς</span> <span class='ocrx_word' id='word_1_421' title='bbox 2453 2754 2482 2806; x_wconf 84' lang='grc' dir='ltr'>ὁ</span> <span class='ocrx_word' id='word_1_422' title='bbox 2523 2754 2696 2826; x_wconf 81' lang='grc' dir='ltr'>Ἀρης</span> <span class='ocrx_word' id='word_1_423' title='bbox 2746 2753 2913 2806; x_wconf 72' lang='grc' dir='ltr'>ἐστίν.</span> <span class='ocrx_word' id='word_1_424' title='bbox 2943 2745 3114 2817; x_wconf 78' lang='grc' dir='ltr'>Οὗτος</span> <span class='ocrx_word' id='word_1_425' title='bbox 3162 2752 3219 2807; x_wconf 82' lang='grc' dir='ltr'>δὲ</span> <span class='ocrx_word' id='word_1_426' title='bbox 3266 2752 3365 2824; x_wconf 72' lang='grc' dir='ltr'>τὴν</span> <span class='ocrx_word' id='word_1_427' title='bbox 3405 2751 3724 2825; x_wconf 83' lang='grc' dir='ltr'>Ἀφροδίτην</span> 
     </span>
    </p>
   </div>
   <div class='ocr_carea' id='block_1_61' title="bbox 2135 2838 3725 2917">
    <p class='ocr_par' dir='ltr' id='par_1_61' title="bbox 2135 2838 3725 2917">
     <span class='ocr_line' id='line_1_65' title="bbox 2135 2838 3725 2917; baseline -0.003 -19"><span class='ocrx_word' id='word_1_428' title='bbox 2135 2845 2416 2917; x_wconf 77' lang='grc' dir='ltr'>ἐμοίχευεν</span> <span class='ocrx_word' id='word_1_429' title='bbox 2436 2861 2452 2874; x_wconf 93' lang='grc'>·</span> <span class='ocrx_word' id='word_1_430' title='bbox 2500 2843 2784 2914; x_wconf 78' lang='grc' dir='ltr'>Ἀφροδίτη</span> <span class='ocrx_word' id='word_1_431' title='bbox 2813 2842 2871 2896; x_wconf 81' lang='grc' dir='ltr'>δὲ</span> <span class='ocrx_word' id='word_1_432' title='bbox 2920 2843 3057 2914; x_wconf 83' lang='grc' dir='ltr'>γυνὴ</span> <span class='ocrx_word' id='word_1_433' title='bbox 3082 2838 3151 2915; x_wconf 81' lang='grc' dir='ltr'>ἦν</span> <span class='ocrx_word' id='word_1_434' title='bbox 3183 2842 3478 2912; x_wconf 83' lang='grc' dir='ltr'>Ἡφαίστου</span> <span class='ocrx_word' id='word_1_435' title='bbox 3506 2841 3600 2895; x_wconf 82' lang='grc' dir='ltr'>τοῦ</span> <span class='ocrx_word' id='word_1_436' title='bbox 3632 2843 3725 2895; x_wconf 75' lang='grc' dir='ltr'>καὶ</span> 
     </span>
    </p>
   </div>
   <div class='ocr_carea' id='block_1_62' title="bbox 2148 2930 3728 3007">
    <p class='ocr_par' dir='ltr' id='par_1_62' title="bbox 2148 2930 3728 3007">
     <span class='ocr_line' id='line_1_66' title="bbox 2148 2930 3728 3007; baseline -0.003 -18"><span class='ocrx_word' id='word_1_437' title='bbox 2148 2935 2474 3007; x_wconf 83' lang='grc' dir='ltr'>Ἀμφιγύου.</span> <span class='ocrx_word' id='word_1_438' title='bbox 2508 2936 2811 3004; x_wconf 70' lang='grc' dir='ltr'>’Ἥφαιστος</span> <span class='ocrx_word' id='word_1_439' title='bbox 2864 2930 2957 2988; x_wconf 79' lang='grc' dir='ltr'>οὖν</span> <span class='ocrx_word' id='word_1_440' title='bbox 2986 2935 3157 3005; x_wconf 87' lang='grc' dir='ltr'>χωλὸς</span> <span class='ocrx_word' id='word_1_441' title='bbox 3204 2933 3325 2998; x_wconf 81' lang='grc' dir='ltr'>θεὸς</span> <span class='ocrx_word' id='word_1_442' title='bbox 3365 2934 3583 3003; x_wconf 87' lang='grc' dir='ltr'>λέγεται</span> <span class='ocrx_word' id='word_1_443' title='bbox 3632 2934 3728 2987; x_wconf 74' lang='grc' dir='ltr'>καὶ</span> 
     </span>
    </p>
   </div>
   <div class='ocr_carea' id='block_1_63' title="bbox 2139 3026 3727 3100">
    <p class='ocr_par' dir='ltr' id='par_1_63' title="bbox 2139 3026 3727 3100">
     <span class='ocr_line' id='line_1_67' title="bbox 2139 3026 3727 3100; baseline -0.001 -18"><span class='ocrx_word' id='word_1_444' title='bbox 2139 3029 2375 3098; x_wconf 88' lang='grc' dir='ltr'>χαλκεύς</span> <span class='ocrx_word' id='word_1_445' title='bbox 2397 3046 2412 3061; x_wconf 92' lang='grc'>·</span> <span class='ocrx_word' id='word_1_446' title='bbox 2445 3028 2606 3097; x_wconf 77' lang='grc' dir='ltr'>γνοὺς</span> <span class='ocrx_word' id='word_1_447' title='bbox 2628 3027 2686 3080; x_wconf 84' lang='grc' dir='ltr'>δὲ</span> <span class='ocrx_word' id='word_1_448' title='bbox 2722 3027 3114 3100; x_wconf 86' lang='grc' dir='ltr'>μοιχευομένην</span> <span class='ocrx_word' id='word_1_449' title='bbox 3140 3027 3239 3098; x_wconf 81' lang='grc' dir='ltr'>τὴν</span> <span class='ocrx_word' id='word_1_450' title='bbox 3275 3026 3588 3099; x_wconf 73' lang='grc' dir='ltr'>Ἀφροδίτην</span> <span class='ocrx_word' id='word_1_451' title='bbox 3619 3026 3727 3081; x_wconf 74' lang='grc' dir='ltr'>ὑπὸ</span> 
     </span>
    </p>
   </div>
   <div class='ocr_carea' id='block_1_64' title="bbox 2132 3115 3725 3191">
    <p class='ocr_par' dir='ltr' id='par_1_64' title="bbox 2132 3115 3725 3191">
     <span class='ocr_line' id='line_1_68' title="bbox 2132 3115 3725 3191; baseline 0 -18"><span class='ocrx_word' id='word_1_452' title='bbox 2132 3119 2227 3173; x_wconf 80' lang='grc' dir='ltr'>τοῦ</span> <span class='ocrx_word' id='word_1_453' title='bbox 2252 3120 2465 3191; x_wconf 73' lang='grc' dir='ltr'>’Ἄρεως</span> <span class='ocrx_word' id='word_1_454' title='bbox 2488 3160 2503 3184; x_wconf 88' lang='grc'>,</span> <span class='ocrx_word' id='word_1_455' title='bbox 2530 3118 2725 3190; x_wconf 74' lang='grc' dir='ltr'>ἔστησε</span> <span class='ocrx_word' id='word_1_456' title='bbox 2755 3118 2835 3190; x_wconf 83' lang='grc' dir='ltr'>τῷ</span> <span class='ocrx_word' id='word_1_457' title='bbox 2863 3120 3020 3188; x_wconf 81' lang='grc' dir='ltr'>Ἀρει</span> <span class='ocrx_word' id='word_1_458' title='bbox 3044 3118 3280 3188; x_wconf 87' lang='grc' dir='ltr'>παγίδας</span> <span class='ocrx_word' id='word_1_459' title='bbox 3298 3160 3313 3182; x_wconf 87' lang='grc'>,</span> <span class='ocrx_word' id='word_1_460' title='bbox 3342 3121 3400 3173; x_wconf 80' lang='grc' dir='ltr'>ὲν</span> <span class='ocrx_word' id='word_1_461' title='bbox 3425 3115 3513 3183; x_wconf 79' lang='grc' dir='ltr'>αἷς</span> <span class='ocrx_word' id='word_1_462' title='bbox 3545 3120 3725 3190; x_wconf 77' lang='grc' dir='ltr'>ἐμπα-</span> 
     </span>
    </p>
   </div>
   <div class='ocr_carea' id='block_1_65' title="bbox 2136 3205 3727 3283">
    <p class='ocr_par' dir='ltr' id='par_1_65' title="bbox 2136 3205 3727 3283">
     <span class='ocr_line' id='line_1_69' title="bbox 2136 3205 3727 3283; baseline 0 -18"><span class='ocrx_word' id='word_1_463' title='bbox 2136 3214 2251 3281; x_wconf 76' lang='grc' dir='ltr'>γεὶς</span> <span class='ocrx_word' id='word_1_464' title='bbox 2299 3212 2329 3263; x_wconf 80' lang='grc' dir='ltr'>ὁ</span> <span class='ocrx_word' id='word_1_465' title='bbox 2365 3212 2539 3282; x_wconf 82' lang='grc' dir='ltr'>’Δρης</span> <span class='ocrx_word' id='word_1_466' title='bbox 2570 3212 2850 3283; x_wconf 74' lang='grc' dir='ltr'>ἐκρατήθη</span> <span class='ocrx_word' id='word_1_467' title='bbox 2870 3229 2883 3242; x_wconf 88' lang='grc'>·</span> <span class='ocrx_word' id='word_1_468' title='bbox 2915 3212 3219 3280; x_wconf 79' lang='grc' dir='ltr'>Ἥφαιστος</span> <span class='ocrx_word' id='word_1_469' title='bbox 3262 3205 3356 3264; x_wconf 70' lang='grc' dir='ltr'>οὖν</span> <span class='ocrx_word' id='word_1_470' title='bbox 3387 3211 3727 3280; x_wconf 85' lang='grc' dir='ltr'>συγκαλεσά-</span> 
     </span>
    </p>
   </div>
   <div class='ocr_carea' id='block_1_66' title="bbox 2138 3300 3739 3385">
    <p class='ocr_par' dir='ltr' id='par_1_66' title="bbox 2138 3300 3739 3385">
     <span class='ocr_line' id='line_1_70' title="bbox 2138 3300 3739 3385; baseline -0.001 -28"><span class='ocrx_word' id='word_1_471' title='bbox 2138 3320 2296 3375; x_wconf 89' lang='grc' dir='ltr'>μενος</span> <span class='ocrx_word' id='word_1_472' title='bbox 2321 3303 2531 3367; x_wconf 88' lang='grc' dir='ltr'>πάντας</span> <span class='ocrx_word' id='word_1_473' title='bbox 2556 3305 2681 3366; x_wconf 83' lang='grc' dir='ltr'>τοὺς</span> <span class='ocrx_word' id='word_1_474' title='bbox 2724 3303 2878 3365; x_wconf 83' lang='grc' dir='ltr'>θεοὺς</span> <span class='ocrx_word' id='word_1_475' title='bbox 2898 3343 2914 3368; x_wconf 90' lang='grc'>,</span> <span class='ocrx_word' id='word_1_476' title='bbox 2964 3302 3139 3374; x_wconf 85' lang='grc' dir='ltr'>μέγαν</span> <span class='ocrx_word' id='word_1_477' title='bbox 3162 3301 3326 3357; x_wconf 79' lang='grc' dir='ltr'>αὐτοῦ</span> <span class='ocrx_word' id='word_1_478' title='bbox 3375 3300 3599 3374; x_wconf 84' lang='grc' dir='ltr'>κατέχεε</span> <span class='ocrx_word' id='word_1_479' title='bbox 3628 3304 3694 3371; x_wconf 83' lang='grc' dir='ltr'>γέ</span> <span class='ocrx_word' id='word_1_480' title='bbox 3707 3333 3739 3385; x_wconf 35' lang='grc' dir='ltr'>-έ</span> 
     </span>
    </p>
   </div>
   <div class='ocr_carea' id='block_1_67' title="bbox 2134 3395 3738 3468">
    <p class='ocr_par' dir='ltr' id='par_1_67' title="bbox 2134 3395 3738 3468">
     <span class='ocr_line' id='line_1_71' title="bbox 2134 3395 3738 3468; baseline 0.002 -19"><span class='ocrx_word' id='word_1_481' title='bbox 2134 3396 2299 3451; x_wconf 86' lang='grc' dir='ltr'>λωτα.</span> <span class='ocrx_word' id='word_1_482' title='bbox 2324 3397 2557 3466; x_wconf 85' lang='grc' dir='ltr'>Λέγουσι</span> <span class='ocrx_word' id='word_1_483' title='bbox 2583 3396 2640 3450; x_wconf 81' lang='grc' dir='ltr'>δὲ</span> <span class='ocrx_word' id='word_1_484' title='bbox 2659 3396 2749 3450; x_wconf 73' lang='grc' dir='ltr'>τὸν</span> <span class='ocrx_word' id='word_1_485' title='bbox 2770 3396 3095 3465; x_wconf 83' lang='grc' dir='ltr'>Ἥφαιστον,</span> <span class='ocrx_word' id='word_1_486' title='bbox 3108 3396 3374 3468; x_wconf 84' lang='grc' dir='ltr'>Θερσίτην</span> <span class='ocrx_word' id='word_1_487' title='bbox 3404 3395 3738 3468; x_wconf 59' lang='grc' dir='ltr'>Ὀλύμπιον.</span> 
     </span>
    </p>
   </div>
   <div class='ocr_carea' id='block_1_68' title="bbox 465 3582 3716 3656">
    <p class='ocr_par' dir='ltr' id='par_1_68' title="bbox 465 3582 3716 3656">
     <span class='ocr_line' id='line_1_72' title="bbox 465 3582 3716 3656; baseline -0.001 -13"><span class='ocrx_word' id='word_1_488' title='bbox 465 3582 776 3656; x_wconf 10' lang='grc' dir='ltr'>Βηιηᾲνοιο</span> <span class='ocrx_word' id='word_1_489' title='bbox 808 3593 1121 3641; x_wconf 81' lang='lat' dir='ltr'>montanam</span> <span class='ocrx_word' id='word_1_490' title='bbox 1151 3594 1374 3656; x_wconf 77' lang='lat' dir='ltr'>agerent</span> <span class='ocrx_word' id='word_1_491' title='bbox 1410 3586 1600 3650; x_wconf 83' lang='lat' dir='ltr'><strong>vitam,</strong></span> <span class='ocrx_word' id='word_1_492' title='bbox 1639 3586 1764 3642; x_wconf 71' lang='lat' dir='ltr'><strong>tiliae</strong></span> <span class='ocrx_word' id='word_1_493' title='bbox 1800 3585 2088 3656; x_wconf 80' lang='lat' dir='ltr'><strong>hominum</strong></span> <span class='ocrx_word' id='word_1_494' title='bbox 2127 3586 2398 3640; x_wconf 86' lang='lat' dir='ltr'>illecebris</span> <span class='ocrx_word' id='word_1_495' title='bbox 2429 3601 2525 3640; x_wconf 89' lang='lat' dir='ltr'>eos</span> <span class='ocrx_word' id='word_1_496' title='bbox 2566 3587 2925 3655; x_wconf 76' lang='lat' dir='ltr'>pellexerunt.</span> <span class='ocrx_word' id='word_1_497' title='bbox 2960 3584 3182 3641; x_wconf 78' lang='lat' dir='ltr'><strong>Relictis</strong></span> <span class='ocrx_word' id='word_1_498' title='bbox 3214 3593 3398 3655; x_wconf 80' lang='lat' dir='ltr'><strong>Itaque</strong></span> <span class='ocrx_word' id='word_1_499' title='bbox 3438 3585 3716 3640; x_wconf 77' lang='lat' dir='ltr'><strong>montibus</strong></span> 
     </span>
    </p>
   </div>
   <div class='ocr_carea' id='block_1_69' title="bbox 465 3654 3722 3726">
    <p class='ocr_par' dir='ltr' id='par_1_69' title="bbox 465 3654 3722 3726">
     <span class='ocr_line' id='line_1_73' title="bbox 465 3654 3722 3726; baseline -0.001 -15"><span class='ocrx_word' id='word_1_500' title='bbox 465 3672 593 3726; x_wconf 74' lang='lat' dir='ltr'>cum</span> <span class='ocrx_word' id='word_1_501' title='bbox 623 3654 712 3711; x_wconf 90' lang='lat' dir='ltr'>bis</span> <span class='ocrx_word' id='word_1_502' title='bbox 745 3656 1026 3726; x_wconf 74' lang='lat' dir='ltr'><strong>congressi</strong></span> <span class='ocrx_word' id='word_1_503' title='bbox 1073 3654 1281 3726; x_wconf 78' lang='lat' dir='ltr'><strong>peccati</strong></span> <span class='ocrx_word' id='word_1_504' title='bbox 1310 3657 1625 3712; x_wconf 89' lang='lat' dir='ltr'><strong>societatem</strong></span> <span class='ocrx_word' id='word_1_505' title='bbox 1676 3657 1934 3710; x_wconf 88' lang='lat' dir='ltr'><strong>inierunt.</strong></span> <span class='ocrx_word' id='word_1_506' title='bbox 1984 3655 2127 3709; x_wconf 87' lang='lat' dir='ltr'><strong>Deus</strong></span> <span class='ocrx_word' id='word_1_507' title='bbox 2161 3656 2350 3711; x_wconf 89' lang='lat' dir='ltr'><strong>videns</strong></span> <span class='ocrx_word' id='word_1_508' title='bbox 2380 3657 2601 3722; x_wconf 77' lang='lat' dir='ltr'><strong>angelos</strong></span> <span class='ocrx_word' id='word_1_509' title='bbox 2645 3670 2712 3710; x_wconf 90' lang='lat' dir='ltr'>eo</span> <span class='ocrx_word' id='word_1_510' title='bbox 2746 3671 2919 3724; x_wconf 88' lang='lat' dir='ltr'><strong>usque</strong></span> <span class='ocrx_word' id='word_1_511' title='bbox 2956 3654 3634 3726; x_wconf 37' lang='lat' dir='ltr'><strong>degenerassetpermisit</strong></span> <span class='ocrx_word' id='word_1_512' title='bbox 3662 3667 3722 3710; x_wconf 85' lang='lat' dir='ltr'>ut</span> 
     </span>
    </p>
   </div>
   <div class='ocr_carea' id='block_1_70' title="bbox 469 3724 3722 3796">
    <p class='ocr_par' dir='ltr' id='par_1_70' title="bbox 469 3724 3722 3796">
     <span class='ocr_line' id='line_1_74' title="bbox 469 3724 3722 3796; baseline 0 -17"><span class='ocrx_word' id='word_1_513' title='bbox 469 3724 715 3795; x_wconf 72' lang='lat' dir='ltr'><strong>gigantes</strong></span> <span class='ocrx_word' id='word_1_514' title='bbox 751 3724 878 3780; x_wconf 81' lang='lat' dir='ltr'><strong>inde</strong></span> <span class='ocrx_word' id='word_1_515' title='bbox 906 3724 1291 3793; x_wconf 76' lang='lat' dir='ltr'><strong>nascerentur,</strong></span> <span class='ocrx_word' id='word_1_516' title='bbox 1336 3726 1431 3794; x_wconf 88' lang='lat' dir='ltr'>qui</span> <span class='ocrx_word' id='word_1_517' title='bbox 1476 3728 1683 3795; x_wconf 89' lang='lat' dir='ltr'><strong>peccati</strong></span> <span class='ocrx_word' id='word_1_518' title='bbox 1738 3726 2169 3795; x_wconf 75' lang='lat' dir='ltr'><strong>magnitudinem</strong></span> <span class='ocrx_word' id='word_1_519' title='bbox 2204 3740 2534 3796; x_wconf 84' lang='lat' dir='ltr'><strong>corporum</strong></span> <span class='ocrx_word' id='word_1_520' title='bbox 2589 3727 2955 3782; x_wconf 84' lang='lat' dir='ltr'><strong>immensitate</strong></span> <span class='ocrx_word' id='word_1_521' title='bbox 3007 3734 3305 3796; x_wconf 65' lang='lat' dir='ltr'><strong>aequarent.</strong></span> <span class='ocrx_word' id='word_1_522' title='bbox 3350 3724 3491 3779; x_wconf 86' lang='lat' dir='ltr'><strong>Sunt</strong></span> <span class='ocrx_word' id='word_1_523' title='bbox 3535 3736 3722 3779; x_wconf 87' lang='lat' dir='ltr'><strong>autem</strong></span> 
     </span>
    </p>
   </div>
   <div class='ocr_carea' id='block_1_71' title="bbox 469 3795 3717 3865">
    <p class='ocr_par' dir='ltr' id='par_1_71' title="bbox 469 3795 3717 3865">
     <span class='ocr_line' id='line_1_75' title="bbox 469 3795 3717 3865; baseline 0.001 -19"><span class='ocrx_word' id='word_1_524' title='bbox 469 3796 716 3865; x_wconf 75' lang='lat' dir='ltr'><strong>gigantes</strong></span> <span class='ocrx_word' id='word_1_525' title='bbox 740 3795 866 3860; x_wconf 81' lang='lat' dir='ltr'><strong>viri,</strong></span> <span class='ocrx_word' id='word_1_526' title='bbox 883 3796 1088 3864; x_wconf 83' lang='lat' dir='ltr'><strong>quibus</strong></span> <span class='ocrx_word' id='word_1_527' title='bbox 1110 3797 1360 3865; x_wconf 88' lang='lat' dir='ltr'><strong>corporis</strong></span> <span class='ocrx_word' id='word_1_528' title='bbox 1381 3797 1703 3864; x_wconf 85' lang='lat' dir='ltr'><strong>magnitudo</strong></span> <span class='ocrx_word' id='word_1_529' title='bbox 1736 3806 1790 3850; x_wconf 89' lang='lat' dir='ltr'>et</span> <span class='ocrx_word' id='word_1_530' title='bbox 1818 3806 2029 3858; x_wconf 86' lang='lat' dir='ltr'><strong>statura</strong></span> <span class='ocrx_word' id='word_1_531' title='bbox 2052 3795 2324 3864; x_wconf 65' lang='lat' dir='ltr'><strong>praecipue</strong></span> <span class='ocrx_word' id='word_1_532' title='bbox 2344 3795 2530 3851; x_wconf 81' lang='lat' dir='ltr'><strong>autem</strong></span> <span class='ocrx_word' id='word_1_533' title='bbox 2556 3796 2702 3852; x_wconf 77' lang='lat' dir='ltr'><strong>vires</strong></span> <span class='ocrx_word' id='word_1_534' title='bbox 2728 3797 2780 3849; x_wconf 91' lang='lat' dir='ltr'>id</span> <span class='ocrx_word' id='word_1_535' title='bbox 2807 3796 3048 3850; x_wconf 90' lang='lat' dir='ltr'><strong>nominis</strong></span> <span class='ocrx_word' id='word_1_536' title='bbox 3076 3795 3358 3860; x_wconf 84' lang='lat' dir='ltr'><strong>fecerunt;</strong></span> <span class='ocrx_word' id='word_1_537' title='bbox 3381 3796 3520 3849; x_wconf 88' lang='lat' dir='ltr'><strong>adde</strong></span> <span class='ocrx_word' id='word_1_538' title='bbox 3548 3796 3717 3863; x_wconf 89' lang='lat' dir='ltr'><strong>quod,</strong></span> 
     </span>
    </p>
   </div>
   <div class='ocr_carea' id='block_1_72' title="bbox 511 3865 3720 3935">
    <p class='ocr_par' dir='ltr' id='par_1_72' title="bbox 511 3865 3720 3935">
     <span class='ocr_line' id='line_1_76' title="bbox 511 3865 3720 3935; baseline -0 -17"><span class='ocrx_word' id='word_1_539' title='bbox 511 3865 564 3918; x_wconf 89' lang='lat' dir='ltr'>ui</span> <span class='ocrx_word' id='word_1_540' title='bbox 598 3865 733 3920; x_wconf 86' lang='lat' dir='ltr'><strong>tales</strong></span> <span class='ocrx_word' id='word_1_541' title='bbox 772 3875 975 3927; x_wconf 85' lang='lat' dir='ltr'><strong>essent,</strong></span> <span class='ocrx_word' id='word_1_542' title='bbox 1015 3865 1331 3935; x_wconf 84' lang='lat' dir='ltr'><strong>angelorum</strong></span> <span class='ocrx_word' id='word_1_543' title='bbox 1388 3880 1510 3918; x_wconf 92' lang='lat' dir='ltr'>cum</span> <span class='ocrx_word' id='word_1_544' title='bbox 1569 3865 1893 3935; x_wconf 79' lang='lat' dir='ltr'><strong>mulieribus</strong></span> <span class='ocrx_word' id='word_1_545' title='bbox 1939 3865 2252 3935; x_wconf 83' lang='lat' dir='ltr'><strong>commercii</strong></span> <span class='ocrx_word' id='word_1_546' title='bbox 2292 3866 2683 3920; x_wconf 91' lang='lat' dir='ltr'><strong>documentum</strong></span> <span class='ocrx_word' id='word_1_547' title='bbox 2732 3866 2953 3920; x_wconf 85' lang='lat' dir='ltr'><strong>dabant.</strong></span> <span class='ocrx_word' id='word_1_548' title='bbox 3003 3866 3361 3935; x_wconf 88' lang='lat' dir='ltr'><strong>lncorporeos</strong></span> <span class='ocrx_word' id='word_1_549' title='bbox 3414 3880 3511 3919; x_wconf 90' lang='lat' dir='ltr'>eos</span> <span class='ocrx_word' id='word_1_550' title='bbox 3559 3872 3720 3917; x_wconf 84' lang='lat' dir='ltr'><strong>vocat</strong></span> 
     </span>
    </p>
   </div>
   <div class='ocr_carea' id='block_1_73' title="bbox 467 3880 3733 4004">
    <p class='ocr_par' dir='ltr' id='par_1_73' title="bbox 467 3880 3733 4004">
     <span class='ocr_line' id='line_1_77' title="bbox 467 3880 3720 3986; baseline -0.001 -68"><span class='ocrx_word' id='word_1_551' title='bbox 467 3880 564 3986; x_wconf 43' lang='lat' dir='ltr'>qui</span> <span class='ocrx_word' id='word_1_552' title='bbox 598 3880 733 3920; x_wconf 86' lang='lat' dir='ltr'><strong>tates</strong></span> <span class='ocrx_word' id='word_1_553' title='bbox 772 3880 975 3927; x_wconf 79' lang='lat' dir='ltr'><strong>essent,</strong></span> <span class='ocrx_word' id='word_1_554' title='bbox 1015 3880 1331 3935; x_wconf 83' lang='lat' dir='ltr'><strong>angelorum</strong></span> <span class='ocrx_word' id='word_1_555' title='bbox 1388 3880 1510 3918; x_wconf 92' lang='lat' dir='ltr'>cum</span> <span class='ocrx_word' id='word_1_556' title='bbox 1569 3880 1893 3920; x_wconf 78' lang='lat' dir='ltr'><strong>muneribus</strong></span> <span class='ocrx_word' id='word_1_557' title='bbox 1939 3880 2252 3920; x_wconf 81' lang='lat' dir='ltr'><strong>commercii</strong></span> <span class='ocrx_word' id='word_1_558' title='bbox 2292 3880 2683 3920; x_wconf 87' lang='lat' dir='ltr'><strong>documentum</strong></span> <span class='ocrx_word' id='word_1_559' title='bbox 2732 3880 2953 3920; x_wconf 80' lang='lat' dir='ltr'><strong>canant.</strong></span> <span class='ocrx_word' id='word_1_560' title='bbox 3003 3880 3361 3932; x_wconf 88' lang='lat' dir='ltr'><strong>Incorporeos</strong></span> <span class='ocrx_word' id='word_1_561' title='bbox 3414 3880 3511 3919; x_wconf 88' lang='lat' dir='ltr'>eos</span> <span class='ocrx_word' id='word_1_562' title='bbox 3559 3880 3720 3917; x_wconf 77' lang='lat' dir='ltr'><strong>vocat</strong></span> 
     </span>
     <span class='ocr_line' id='line_1_78' title="bbox 520 3934 3733 4004; baseline 0 -17"><span class='ocrx_word' id='word_1_563' title='bbox 520 3934 802 4001; x_wconf 69' lang='lat' dir='ltr'><strong>heologus,</strong></span> <span class='ocrx_word' id='word_1_564' title='bbox 830 3935 1073 3988; x_wconf 87' lang='lat' dir='ltr'><strong>nominis</strong></span> <span class='ocrx_word' id='word_1_565' title='bbox 1106 3945 1354 4003; x_wconf 88' lang='lat' dir='ltr'><strong>respectu</strong></span> <span class='ocrx_word' id='word_1_566' title='bbox 1390 3935 1790 4004; x_wconf 86' lang='lat' dir='ltr'><strong>philosophico.</strong></span> <span class='ocrx_word' id='word_1_567' title='bbox 1834 3934 1975 3988; x_wconf 89' lang='lat' dir='ltr'><strong>Dicit</strong></span> <span class='ocrx_word' id='word_1_568' title='bbox 2002 3934 2146 3988; x_wconf 89' lang='lat' dir='ltr'><strong>enim</strong></span> <span class='ocrx_word' id='word_1_569' title='bbox 2187 3955 2198 3988; x_wconf 94' lang='lat'>:</span> <span class='ocrx_word' id='word_1_570' title='bbox 2234 3934 2516 4004; x_wconf 85' lang='lat' dir='ltr'><strong>Ejusmodi</strong></span> <span class='ocrx_word' id='word_1_571' title='bbox 2556 3948 2640 3989; x_wconf 91' lang='lat' dir='ltr'>est</span> <span class='ocrx_word' id='word_1_572' title='bbox 2671 3936 2985 4004; x_wconf 84' lang='lat' dir='ltr'><strong>quicunque</strong></span> <span class='ocrx_word' id='word_1_573' title='bbox 3033 3944 3287 3989; x_wconf 79' lang='lat' dir='ltr'><strong>naturam</strong></span> <span class='ocrx_word' id='word_1_574' title='bbox 3341 3934 3733 4004; x_wconf 77' lang='lat' dir='ltr'><strong>incorpoream.</strong></span> 
     </span>
    </p>
   </div>
   <div class='ocr_carea' id='block_1_74' title="bbox 468 4003 2932 4075">
    <p class='ocr_par' dir='ltr' id='par_1_74' title="bbox 468 4003 2932 4075">
     <span class='ocr_line' id='line_1_79' title="bbox 468 4003 2932 4075; baseline 0 -18"><span class='ocrx_word' id='word_1_575' title='bbox 468 4018 594 4057; x_wconf 90' lang='lat' dir='ltr'>cum</span> <span class='ocrx_word' id='word_1_576' title='bbox 623 4020 812 4071; x_wconf 84' lang='lat' dir='ltr'><strong>carne,</strong></span> <span class='ocrx_word' id='word_1_577' title='bbox 845 4003 884 4057; x_wconf 93' lang='lat' dir='ltr'>i.</span> <span class='ocrx_word' id='word_1_578' title='bbox 914 4019 994 4070; x_wconf 86' lang='lat' dir='ltr'>e.,</span> <span class='ocrx_word' id='word_1_579' title='bbox 1014 4005 1268 4060; x_wconf 85' lang='lat' dir='ltr'><strong>virtutem</strong></span> <span class='ocrx_word' id='word_1_580' title='bbox 1290 4021 1414 4060; x_wconf 90' lang='lat' dir='ltr'>cum</span> <span class='ocrx_word' id='word_1_581' title='bbox 1445 4003 1690 4074; x_wconf 83' lang='lat' dir='ltr'><strong>peccato,</strong></span> <span class='ocrx_word' id='word_1_582' title='bbox 1716 4004 2084 4075; x_wconf 76' lang='lat' dir='ltr'><strong>virginitatem</strong></span> <span class='ocrx_word' id='word_1_583' title='bbox 2121 4018 2247 4058; x_wconf 89' lang='lat' dir='ltr'>cum</span> <span class='ocrx_word' id='word_1_584' title='bbox 2280 4003 2661 4069; x_wconf 87' lang='lat' dir='ltr'><strong>matrimonio,</strong></span> <span class='ocrx_word' id='word_1_585' title='bbox 2692 4003 2932 4060; x_wconf 84' lang='lat' dir='ltr'><strong>miscuit.</strong></span> 
     </span>
    </p>
   </div>
   <div class='ocr_carea' id='block_1_75' title="bbox 539 4118 3730 4192">
    <p class='ocr_par' dir='ltr' id='par_1_75' title="bbox 539 4118 3730 4192">
     <span class='ocr_line' id='line_1_80' title="bbox 539 4118 3730 4192; baseline 0 -17"><span class='ocrx_word' id='word_1_586' title='bbox 539 4118 835 4192; x_wconf 85' lang='lat' dir='ltr'><strong>Gentilium</strong></span> <span class='ocrx_word' id='word_1_587' title='bbox 852 4120 1135 4176; x_wconf 77' lang='lat' dir='ltr'><strong>vesaniam</strong></span> <span class='ocrx_word' id='word_1_588' title='bbox 1168 4128 1391 4176; x_wconf 82' lang='lat' dir='ltr'><strong>accusat</strong></span> <span class='ocrx_word' id='word_1_589' title='bbox 1416 4120 1513 4191; x_wconf 89' lang='lat' dir='ltr'>qui</span> <span class='ocrx_word' id='word_1_590' title='bbox 1542 4120 1648 4176; x_wconf 90' lang='lat' dir='ltr'><strong>diis</strong></span> <span class='ocrx_word' id='word_1_591' title='bbox 1677 4135 1816 4190; x_wconf 90' lang='lat' dir='ltr'><strong>quos</strong></span> <span class='ocrx_word' id='word_1_592' title='bbox 1851 4119 2107 4188; x_wconf 82' lang='lat' dir='ltr'><strong>adorant,</strong></span> <span class='ocrx_word' id='word_1_593' title='bbox 2144 4120 2412 4177; x_wconf 82' lang='lat' dir='ltr'><strong>nefandas</strong></span> <span class='ocrx_word' id='word_1_594' title='bbox 2436 4121 2762 4192; x_wconf 85' lang='lat' dir='ltr'><strong>cupiditates</strong></span> <span class='ocrx_word' id='word_1_595' title='bbox 2800 4121 3126 4177; x_wconf 85' lang='lat' dir='ltr'><strong>atttribuunt</strong></span> <span class='ocrx_word' id='word_1_596' title='bbox 3150 4159 3166 4187; x_wconf 88' lang='lat'>,</span> <span class='ocrx_word' id='word_1_597' title='bbox 3205 4122 3321 4175; x_wconf 90' lang='lat' dir='ltr'>imo</span> <span class='ocrx_word' id='word_1_598' title='bbox 3351 4120 3483 4175; x_wconf 84' lang='lat' dir='ltr'><strong>vitia</strong></span> <span class='ocrx_word' id='word_1_599' title='bbox 3513 4121 3632 4192; x_wconf 88' lang='lat' dir='ltr'><strong>ipsa</strong></span> <span class='ocrx_word' id='word_1_600' title='bbox 3662 4119 3730 4177; x_wconf 86' lang='lat' dir='ltr'>in</span> 
     </span>
    </p>
   </div>
   <div class='ocr_carea' id='block_1_76' title="bbox 470 4190 930 4246">
    <p class='ocr_par' dir='ltr' id='par_1_76' title="bbox 470 4190 930 4246">
     <span class='ocr_line' id='line_1_81' title="bbox 470 4190 930 4246; baseline 0.004 -2"><span class='ocrx_word' id='word_1_601' title='bbox 470 4190 678 4246; x_wconf 84' lang='lat' dir='ltr'><strong>honore</strong></span> <span class='ocrx_word' id='word_1_602' title='bbox 709 4190 930 4246; x_wconf 86' lang='lat' dir='ltr'><strong>habent.</strong></span> 
     </span>
    </p>
   </div>
   <div class='ocr_carea' id='block_1_77' title="bbox 537 4304 3716 4381">
    <p class='ocr_par' dir='ltr' id='par_1_77' title="bbox 537 4304 3716 4381">
     <span class='ocr_line' id='line_1_82' title="bbox 537 4304 3716 4381; baseline 0.002 -22"><span class='ocrx_word' id='word_1_603' title='bbox 537 4304 649 4360; x_wconf 83' lang='lat' dir='ltr'><strong>Fur</strong></span> <span class='ocrx_word' id='word_1_604' title='bbox 682 4306 1018 4381; x_wconf 78' lang='lat' dir='ltr'><strong>Mercurius,</strong></span> <span class='ocrx_word' id='word_1_605' title='bbox 1056 4315 1113 4381; x_wconf 80' lang='lat' dir='ltr'>et</span> <span class='ocrx_word' id='word_1_606' title='bbox 1142 4305 1278 4381; x_wconf 74' lang='lat' dir='ltr'><strong>deus</strong></span> <span class='ocrx_word' id='word_1_607' title='bbox 1324 4306 1609 4381; x_wconf 67' lang='lat' dir='ltr'><strong>lucriﬁcus</strong></span> <span class='ocrx_word' id='word_1_608' title='bbox 1657 4304 1841 4381; x_wconf 80' lang='lat' dir='ltr'><strong>audit,</strong></span> <span class='ocrx_word' id='word_1_609' title='bbox 1890 4316 1952 4381; x_wconf 81' lang='lat' dir='ltr'>ut</span> <span class='ocrx_word' id='word_1_610' title='bbox 1991 4308 2132 4381; x_wconf 87' lang='lat' dir='ltr'><strong>apud</strong></span> <span class='ocrx_word' id='word_1_611' title='bbox 2169 4308 2587 4381; x_wconf 82' lang='lat' dir='ltr'><strong>Aristophanem</strong></span> <span class='ocrx_word' id='word_1_612' title='bbox 2627 4307 2720 4381; x_wconf 82' lang='lat' dir='ltr'>qui</span> <span class='ocrx_word' id='word_1_613' title='bbox 2759 4310 2834 4381; x_wconf 80' lang='lat' dir='ltr'>ita</span> <span class='ocrx_word' id='word_1_614' title='bbox 2863 4307 2999 4363; x_wconf 90' lang='lat' dir='ltr'><strong>dicit</strong></span> <span class='ocrx_word' id='word_1_615' title='bbox 3031 4328 3044 4364; x_wconf 88' lang='lat'><strong>:</strong></span> <span class='ocrx_word' id='word_1_616' title='bbox 3084 4330 3103 4363; x_wconf 88' lang='grc'><strong>‹</strong></span> <span class='ocrx_word' id='word_1_617' title='bbox 3143 4307 3542 4381; x_wconf 76' lang='lat' dir='ltr'><strong>Negotiatorem</strong></span> <span class='ocrx_word' id='word_1_618' title='bbox 3590 4325 3716 4366; x_wconf 92' lang='lat' dir='ltr'>eum</span> 
     </span>
    </p>
   </div>
   <div class='ocr_carea' id='block_1_78' title="bbox 467 4374 3720 4448">
    <p class='ocr_par' dir='ltr' id='par_1_78' title="bbox 467 4374 3720 4448">
     <span class='ocr_line' id='line_1_83' title="bbox 467 4374 3720 4448; baseline 0.002 -20"><span class='ocrx_word' id='word_1_619' title='bbox 467 4391 756 4445; x_wconf 80' lang='lat' dir='ltr'><strong>ponemus,</strong></span> <span class='ocrx_word' id='word_1_620' title='bbox 790 4376 827 4429; x_wconf 93' lang='lat' dir='ltr'>i.</span> <span class='ocrx_word' id='word_1_621' title='bbox 856 4393 916 4448; x_wconf 82' lang='lat' dir='ltr'><strong>_e_.</strong></span> <span class='ocrx_word' id='word_1_622' title='bbox 957 4376 1095 4431; x_wconf 85' lang='lat' dir='ltr'><strong>lucri</strong></span> <span class='ocrx_word' id='word_1_623' title='bbox 1126 4377 1457 4448; x_wconf 79' lang='lat' dir='ltr'><strong>studiosum.</strong></span> <span class='ocrx_word' id='word_1_624' title='bbox 1503 4374 1768 4448; x_wconf 82' lang='lat' dir='ltr'><strong>Eumdem</strong></span> <span class='ocrx_word' id='word_1_625' title='bbox 1798 4374 2046 4432; x_wconf 81' lang='lat' dir='ltr'><strong>carnium</strong></span> <span class='ocrx_word' id='word_1_626' title='bbox 2079 4374 2406 4448; x_wconf 77' lang='lat' dir='ltr'><strong>pinguedine</strong></span> <span class='ocrx_word' id='word_1_627' title='bbox 2451 4374 2709 4448; x_wconf 75' lang='lat' dir='ltr'><strong>delectari</strong></span> <span class='ocrx_word' id='word_1_628' title='bbox 2742 4378 2965 4444; x_wconf 88' lang='lat' dir='ltr'><strong>dicunt;</strong></span> <span class='ocrx_word' id='word_1_629' title='bbox 3015 4381 3198 4436; x_wconf 90' lang='lat' dir='ltr'><strong>carnis</strong></span> <span class='ocrx_word' id='word_1_630' title='bbox 3226 4374 3433 4436; x_wconf 60' lang='lat' dir='ltr'><strong>&#39;saltem</strong></span> <span class='ocrx_word' id='word_1_631' title='bbox 3466 4381 3603 4434; x_wconf 90' lang='lat' dir='ltr'><strong>adeo</strong></span> <span class='ocrx_word' id='word_1_632' title='bbox 3632 4388 3720 4434; x_wconf 91' lang='lat' dir='ltr'>est</span> 
     </span>
    </p>
   </div>
   <div class='ocr_carea' id='block_1_79' title="bbox 469 4445 3719 4518">
    <p class='ocr_par' dir='ltr' id='par_1_79' title="bbox 469 4445 3719 4518">
     <span class='ocr_line' id='line_1_84' title="bbox 469 4445 3719 4518; baseline 0.002 -20"><span class='ocrx_word' id='word_1_633' title='bbox 469 4461 681 4518; x_wconf 81' lang='lat' dir='ltr'><strong>amans,</strong></span> <span class='ocrx_word' id='word_1_634' title='bbox 715 4453 778 4498; x_wconf 93' lang='lat' dir='ltr'>ut</span> <span class='ocrx_word' id='word_1_635' title='bbox 815 4445 1128 4518; x_wconf 87' lang='lat' dir='ltr'><strong>ubicunque</strong></span> <span class='ocrx_word' id='word_1_636' title='bbox 1175 4446 1295 4518; x_wconf 72' lang='lat' dir='ltr'><strong>ejus</strong></span> <span class='ocrx_word' id='word_1_637' title='bbox 1327 4447 1554 4517; x_wconf 78' lang='lat' dir='ltr'><strong>vestigia</strong></span> <span class='ocrx_word' id='word_1_638' title='bbox 1584 4448 1863 4507; x_wconf 80' lang='lat' dir='ltr'><strong>odoratur.</strong></span> <span class='ocrx_word' id='word_1_639' title='bbox 1884 4448 2020 4518; x_wconf 84' lang='lat' dir='ltr'><strong>totis</strong></span> <span class='ocrx_word' id='word_1_640' title='bbox 2042 4445 2250 4503; x_wconf 76' lang='lat' dir='ltr'><strong>viribus</strong></span> <span class='ocrx_word' id='word_1_641' title='bbox 2273 4463 2340 4503; x_wconf 91' lang='lat' dir='ltr'>eo</span> <span class='ocrx_word' id='word_1_642' title='bbox 2372 4448 2595 4503; x_wconf 81' lang='lat' dir='ltr'><strong>feratur.</strong></span> <span class='ocrx_word' id='word_1_643' title='bbox 2636 4447 2974 4518; x_wconf 87' lang='lat' dir='ltr'><strong>Marsupium</strong></span> <span class='ocrx_word' id='word_1_644' title='bbox 3000 4458 3202 4517; x_wconf 90' lang='lat' dir='ltr'><strong>portat,</strong></span> <span class='ocrx_word' id='word_1_645' title='bbox 3225 4465 3351 4505; x_wconf 88' lang='lat' dir='ltr'>nam</span> <span class='ocrx_word' id='word_1_646' title='bbox 3374 4448 3502 4505; x_wconf 81' lang='lat' dir='ltr'><strong>l&#39;urti</strong></span> <span class='ocrx_word' id='word_1_647' title='bbox 3532 4458 3719 4518; x_wconf 86' lang='lat' dir='ltr'><strong>patro-</strong></span> 
     </span>
    </p>
   </div>
   <div class='ocr_carea' id='block_1_80' title="bbox 467 4515 3716 4588">
    <p class='ocr_par' dir='ltr' id='par_1_80' title="bbox 467 4515 3716 4588">
     <span class='ocr_line' id='line_1_85' title="bbox 467 4515 3716 4588; baseline 0.002 -21"><span class='ocrx_word' id='word_1_648' title='bbox 467 4515 670 4588; x_wconf 79' lang='lat' dir='ltr'><strong>cinium</strong></span> <span class='ocrx_word' id='word_1_649' title='bbox 709 4524 945 4588; x_wconf 52' lang='lat' dir='ltr'><strong>exercet.</strong></span> <span class='ocrx_word' id='word_1_650' title='bbox 967 4517 1134 4571; x_wconf 82' lang='lat' dir='ltr'><strong>Audit</strong></span> <span class='ocrx_word' id='word_1_651' title='bbox 1163 4516 1402 4586; x_wconf 87' lang='lat' dir='ltr'><strong>denique</strong></span> <span class='ocrx_word' id='word_1_652' title='bbox 1428 4515 1706 4587; x_wconf 73' lang='lat' dir='ltr'><strong>(aeripeta,</strong></span> <span class='ocrx_word' id='word_1_653' title='bbox 1742 4516 1923 4570; x_wconf 80' lang='lat' dir='ltr'><strong>catilla</strong></span> <span class='ocrx_word' id='word_1_654' title='bbox 1944 4558 1959 4584; x_wconf 88' lang='lat'>,</span> <span class='ocrx_word' id='word_1_655' title='bbox 1986 4520 2293 4577; x_wconf 67' lang='lat' dir='ltr'><strong>carnivorut&#39;</strong></span> <span class='ocrx_word' id='word_1_656' title='bbox 2312 4559 2327 4585; x_wconf 88' lang='lat'>,</span> <span class='ocrx_word' id='word_1_657' title='bbox 2365 4520 2456 4588; x_wconf 80' lang='lat' dir='ltr'><strong>fur</strong></span> <span class='ocrx_word' id='word_1_658' title='bbox 2476 4526 2532 4574; x_wconf 88' lang='lat' dir='ltr'>et</span> <span class='ocrx_word' id='word_1_659' title='bbox 2555 4515 2885 4584; x_wconf 70' lang='lat' dir='ltr'><strong>calculator;</strong></span> <span class='ocrx_word' id='word_1_660' title='bbox 2922 4515 3065 4587; x_wconf 79' lang='lat' dir='ltr'><strong>apud</strong></span> <span class='ocrx_word' id='word_1_661' title='bbox 3091 4518 3312 4576; x_wconf 67' lang='lat' dir='ltr'><strong>Graecos</strong></span> <span class='ocrx_word' id='word_1_662' title='bbox 3337 4521 3466 4575; x_wconf 87' lang='lat' dir='ltr'><strong>item</strong></span> <span class='ocrx_word' id='word_1_663' title='bbox 3501 4515 3716 4586; x_wconf 71' lang='lat' dir='ltr'><strong>missus,</strong></span> 
     </span>
    </p>
   </div>
   <div class='ocr_carea' id='block_1_81' title="bbox 466 4584 866 4641">
    <p class='ocr_par' dir='ltr' id='par_1_81' title="bbox 466 4584 866 4641">
     <span class='ocr_line' id='line_1_86' title="bbox 466 4584 866 4641; baseline 0.005 -4"><span class='ocrx_word' id='word_1_664' title='bbox 466 4584 505 4637; x_wconf 93' lang='lat' dir='ltr'>i.</span> <span class='ocrx_word' id='word_1_665' title='bbox 538 4603 586 4641; x_wconf 81' lang='grc' dir='ltr'>ε.</span> <span class='ocrx_word' id='word_1_666' title='bbox 614 4585 866 4639; x_wconf 89' lang='lat' dir='ltr'><strong>nuntius.</strong></span> 
     </span>
    </p>
   </div>
   <div class='ocr_carea' id='block_1_82' title="bbox 536 4701 3720 4778">
    <p class='ocr_par' dir='ltr' id='par_1_82' title="bbox 536 4701 3720 4778">
     <span class='ocr_line' id='line_1_87' title="bbox 536 4701 3720 4778; baseline 0.001 -22"><span class='ocrx_word' id='word_1_667' title='bbox 536 4701 921 4778; x_wconf 73' lang='lat' dir='ltr'><strong>Bacchus_qua</strong></span> <span class='ocrx_word' id='word_1_668' title='bbox 941 4702 1313 4778; x_wconf 74' lang='lat' dir='ltr'><strong>_Androgynu_s</strong></span> <span class='ocrx_word' id='word_1_669' title='bbox 1337 4712 1390 4760; x_wconf 88' lang='lat' dir='ltr'>et</span> <span class='ocrx_word' id='word_1_670' title='bbox 1414 4705 1591 4778; x_wconf 78' lang='lat' dir='ltr'><strong>virilia</strong></span> <span class='ocrx_word' id='word_1_671' title='bbox 1611 4705 1741 4778; x_wconf 59' lang='lat' dir='ltr'><strong>agit,</strong></span> <span class='ocrx_word' id='word_1_672' title='bbox 1771 4715 1825 4762; x_wconf 89' lang='lat' dir='ltr'>et</span> <span class='ocrx_word' id='word_1_673' title='bbox 1846 4704 2130 4760; x_wconf 88' lang='lat' dir='ltr'><strong>muliebria</strong></span> <span class='ocrx_word' id='word_1_674' title='bbox 2150 4706 2388 4776; x_wconf 88' lang='lat' dir='ltr'><strong>patitur;</strong></span> <span class='ocrx_word' id='word_1_675' title='bbox 2409 4721 2535 4778; x_wconf 90' lang='lat' dir='ltr'>cum</span> <span class='ocrx_word' id='word_1_676' title='bbox 2564 4706 2793 4778; x_wconf 83' lang='lat' dir='ltr'><strong>Bacchis</strong></span> <span class='ocrx_word' id='word_1_677' title='bbox 2815 4715 2870 4761; x_wconf 91' lang='lat' dir='ltr'>et</span> <span class='ocrx_word' id='word_1_678' title='bbox 2899 4705 3235 4778; x_wconf 73' lang='lat' dir='ltr'><strong>Maenadibus</strong></span> <span class='ocrx_word' id='word_1_679' title='bbox 3266 4705 3416 4778; x_wconf 79' lang='lat' dir='ltr'><strong>orgia</strong></span> <span class='ocrx_word' id='word_1_680' title='bbox 3452 4705 3720 4778; x_wconf 76' lang='lat' dir='ltr'><strong>celebrat,</strong></span> 
     </span>
    </p>
   </div>
   <div class='ocr_carea' id='block_1_83' title="bbox 465 4769 3720 4846">
    <p class='ocr_par' dir='ltr' id='par_1_83' title="bbox 465 4769 3720 4846">
     <span class='ocr_line' id='line_1_88' title="bbox 465 4769 3720 4846; baseline 0.001 -20"><span class='ocrx_word' id='word_1_681' title='bbox 465 4769 986 4846; x_wconf 72' lang='lat' dir='ltr'><strong>saltatquesatyris</strong></span> <span class='ocrx_word' id='word_1_682' title='bbox 1024 4783 1089 4846; x_wconf 74' lang='lat' dir='ltr'>et</span> <span class='ocrx_word' id='word_1_683' title='bbox 1121 4769 1341 4846; x_wconf 12' lang='lat' dir='ltr'><strong>Silonis,</strong></span> <span class='ocrx_word' id='word_1_684' title='bbox 1377 4775 1629 4844; x_wconf 88' lang='lat' dir='ltr'><strong>stipatus.</strong></span> <span class='ocrx_word' id='word_1_685' title='bbox 1646 4769 1867 4830; x_wconf 50' lang='lat' dir='ltr'><strong>&#39;Vinum</strong></span> <span class='ocrx_word' id='word_1_686' title='bbox 1903 4778 1951 4846; x_wconf 90' lang='lat' dir='ltr'>ei</span> <span class='ocrx_word' id='word_1_687' title='bbox 1982 4769 2229 4844; x_wconf 79' lang='lat' dir='ltr'><strong>sacrum;</strong></span> <span class='ocrx_word' id='word_1_688' title='bbox 2257 4769 2402 4846; x_wconf 82' lang='lat' dir='ltr'><strong>quod</strong></span> <span class='ocrx_word' id='word_1_689' title='bbox 2432 4777 2525 4830; x_wconf 89' lang='lat' dir='ltr'>ubi</span> <span class='ocrx_word' id='word_1_690' title='bbox 2568 4776 2787 4833; x_wconf 78' lang='lat' dir='ltr'><strong>feminis</strong></span> <span class='ocrx_word' id='word_1_691' title='bbox 2809 4786 2863 4833; x_wconf 83' lang='lat' dir='ltr'>et</span> <span class='ocrx_word' id='word_1_692' title='bbox 2895 4777 3030 4833; x_wconf 78' lang='lat' dir='ltr'><strong>viris</strong></span> <span class='ocrx_word' id='word_1_693' title='bbox 3076 4769 3370 4832; x_wconf 73' lang='lat' dir='ltr'><strong>bibendum</strong></span> <span class='ocrx_word' id='word_1_694' title='bbox 3415 4776 3631 4846; x_wconf 80' lang='lat' dir='ltr'><strong>obtulit,</strong></span> <span class='ocrx_word' id='word_1_695' title='bbox 3663 4775 3720 4829; x_wconf 86' lang='lat' dir='ltr'>hi</span> 
     </span>
    </p>
   </div>
   <div class='ocr_carea' id='block_1_84' title="bbox 464 4841 3719 4919">
    <p class='ocr_par' dir='ltr' id='par_1_84' title="bbox 464 4841 3719 4919">
     <span class='ocr_line' id='line_1_89' title="bbox 464 4841 3719 4919; baseline 0.002 -26"><span class='ocrx_word' id='word_1_696' title='bbox 464 4841 601 4919; x_wconf 79' lang='lat' dir='ltr'><strong>ebrii</strong></span> <span class='ocrx_word' id='word_1_697' title='bbox 638 4841 766 4919; x_wconf 75' lang='lat' dir='ltr'><strong>facti</strong></span> <span class='ocrx_word' id='word_1_698' title='bbox 795 4841 920 4919; x_wconf 72' lang='lat' dir='ltr'>cum</span> <span class='ocrx_word' id='word_1_699' title='bbox 960 4844 1284 4919; x_wconf 82' lang='lat' dir='ltr'><strong>mulieribus</strong></span> <span class='ocrx_word' id='word_1_700' title='bbox 1332 4841 1601 4919; x_wconf 29' lang='lat' dir='ltr'><strong>inutilior-0</strong></span> <span class='ocrx_word' id='word_1_701' title='bbox 1627 4846 1893 4919; x_wconf 80' lang='lat' dir='ltr'><strong>saltantes</strong></span> <span class='ocrx_word' id='word_1_702' title='bbox 1923 4841 2553 4917; x_wconf 38' lang='lat' dir='ltr'><strong>Bacchum&#39;se&#39;quuntur.</strong></span> <span class='ocrx_word' id='word_1_703' title='bbox 2585 4846 2813 4919; x_wconf 82' lang='lat' dir='ltr'><strong>Satyros</strong></span> <span class='ocrx_word' id='word_1_704' title='bbox 2855 4848 2947 4901; x_wconf 90' lang='lat' dir='ltr'><strong>alii</strong></span> <span class='ocrx_word' id='word_1_705' title='bbox 2974 4862 3075 4917; x_wconf 87' lang='lat' dir='ltr'>pro</span> <span class='ocrx_word' id='word_1_706' title='bbox 3112 4846 3451 4918; x_wconf 82' lang='lat' dir='ltr'><strong>pastoribus,</strong></span> <span class='ocrx_word' id='word_1_707' title='bbox 3479 4845 3575 4901; x_wconf 88' lang='lat' dir='ltr'><strong>alii</strong></span> <span class='ocrx_word' id='word_1_708' title='bbox 3618 4841 3719 4914; x_wconf 82' lang='lat' dir='ltr'>pro</span> 
     </span>
    </p>
   </div>
   <div class='ocr_carea' id='block_1_85' title="bbox 462 4910 2277 4983">
    <p class='ocr_par' dir='ltr' id='par_1_85' title="bbox 462 4910 2277 4983">
     <span class='ocr_line' id='line_1_90' title="bbox 462 4910 2277 4983; baseline 0.003 -18"><span class='ocrx_word' id='word_1_709' title='bbox 462 4911 808 4966; x_wconf 63' lang='lat' dir='ltr'><strong>daemonibus</strong></span> <span class='ocrx_word' id='word_1_710' title='bbox 843 4910 1044 4966; x_wconf 85' lang='lat' dir='ltr'><strong>Bacchi</strong></span> <span class='ocrx_word' id='word_1_711' title='bbox 1077 4915 1236 4983; x_wconf 89' lang='lat' dir='ltr'><strong>quasi</strong></span> <span class='ocrx_word' id='word_1_712' title='bbox 1263 4915 1595 4969; x_wconf 84' lang='lat' dir='ltr'><strong>satellitibus</strong></span> <span class='ocrx_word' id='word_1_713' title='bbox 1627 4916 1826 4971; x_wconf 88' lang='lat' dir='ltr'><strong>habere</strong></span> <span class='ocrx_word' id='word_1_714' title='bbox 1852 4927 2277 4972; x_wconf 85' lang='lat' dir='ltr'><strong>consueverunt.</strong></span> 
     </span>
    </p>
   </div>
   <div class='ocr_carea' id='block_1_86' title="bbox 532 5030 3714 5112">
    <p class='ocr_par' dir='ltr' id='par_1_86' title="bbox 532 5030 3714 5112">
     <span class='ocr_line' id='line_1_91' title="bbox 532 5030 3714 5112; baseline 0.002 -27"><span class='ocrx_word' id='word_1_715' title='bbox 532 5030 677 5112; x_wconf 54' lang='grc' dir='ltr'>μαι-ε</span> <span class='ocrx_word' id='word_1_716' title='bbox 698 5032 928 5112; x_wconf 44' lang='lat' dir='ltr'><strong>adulter</strong></span> <span class='ocrx_word' id='word_1_717' title='bbox 963 5046 1192 5112; x_wconf 74' lang='lat' dir='ltr'><strong>yocatur</strong></span> <span class='ocrx_word' id='word_1_718' title='bbox 1218 5037 1289 5091; x_wconf 91' lang='lat' dir='ltr'>ob</span> <span class='ocrx_word' id='word_1_719' title='bbox 1312 5036 1577 5112; x_wconf 64' lang='lat' dir='ltr'><strong>Venerem</strong></span> <span class='ocrx_word' id='word_1_720' title='bbox 1600 5047 2031 5112; x_wconf 76' lang='lat' dir='ltr'><strong>constupratam.</strong></span> <span class='ocrx_word' id='word_1_721' title='bbox 2066 5037 2257 5112; x_wconf 81' lang='lat' dir='ltr'><strong>Venus</strong></span> <span class='ocrx_word' id='word_1_722' title='bbox 2280 5053 2423 5112; x_wconf 80' lang='lat' dir='ltr'><strong>uxor</strong></span> <span class='ocrx_word' id='word_1_723' title='bbox 2443 5037 2672 5094; x_wconf 85' lang='lat' dir='ltr'><strong>Vulcani</strong></span> <span class='ocrx_word' id='word_1_724' title='bbox 2705 5038 2838 5108; x_wconf 89' lang='lat' dir='ltr'><strong>pede</strong></span> <span class='ocrx_word' id='word_1_725' title='bbox 2868 5037 3054 5112; x_wconf 70' lang='lat' dir='ltr'><strong>claudi</strong></span> <span class='ocrx_word' id='word_1_726' title='bbox 3075 5044 3131 5092; x_wconf 90' lang='lat' dir='ltr'>et</span> <span class='ocrx_word' id='word_1_727' title='bbox 3162 5035 3303 5112; x_wconf 81' lang='lat' dir='ltr'><strong>fabri</strong></span> <span class='ocrx_word' id='word_1_728' title='bbox 3331 5033 3510 5091; x_wconf 71' lang='lat' dir='ltr'><strong>aerarii</strong></span> <span class='ocrx_word' id='word_1_729' title='bbox 3532 5043 3714 5112; x_wconf 87' lang='lat' dir='ltr'><strong>era_t__:</strong></span> 
     </span>
    </p>
   </div>
   <div class='ocr_carea' id='block_1_87' title="bbox 461 5101 3717 5179">
    <p class='ocr_par' dir='ltr' id='par_1_87' title="bbox 461 5101 3717 5179">
     <span class='ocr_line' id='line_1_92' title="bbox 461 5101 3717 5179; baseline 0.002 -26"><span class='ocrx_word' id='word_1_730' title='bbox 461 5102 555 5167; x_wconf 91' lang='lat' dir='ltr'>qui</span> <span class='ocrx_word' id='word_1_731' title='bbox 607 5101 1183 5179; x_wconf 26' lang='lat' dir='ltr'><strong>audi_to_Martis‘Cum</strong></span> <span class='ocrx_word' id='word_1_732' title='bbox 1216 5108 1465 5179; x_wconf 65' lang='lat' dir='ltr'><strong>conjuge</strong></span> <span class='ocrx_word' id='word_1_733' title='bbox 1487 5125 1586 5163; x_wconf 90' lang='lat' dir='ltr'>sua</span> <span class='ocrx_word' id='word_1_734' title='bbox 1632 5101 1821 5163; x_wconf 77' lang='lat' dir='ltr'><strong>illicito</strong></span> <span class='ocrx_word' id='word_1_735' title='bbox 1848 5110 2203 5179; x_wconf 73' lang='lat' dir='ltr'><strong>commercio,</strong></span> <span class='ocrx_word' id='word_1_736' title='bbox 2246 5110 2458 5179; x_wconf 91' lang='lat' dir='ltr'><strong>laqueis</strong></span> <span class='ocrx_word' id='word_1_737' title='bbox 2489 5125 2616 5179; x_wconf 91' lang='lat' dir='ltr'>eum</span> <span class='ocrx_word' id='word_1_738' title='bbox 2667 5101 3105 5179; x_wconf 55' lang='lat' dir='ltr'><strong>comprehendit,</strong></span> <span class='ocrx_word' id='word_1_739' title='bbox 3150 5119 3203 5162; x_wconf 86' lang='lat' dir='ltr'>et</span> <span class='ocrx_word' id='word_1_740' title='bbox 3243 5107 3316 5161; x_wconf 88' lang='lat' dir='ltr'>ita</span> <span class='ocrx_word' id='word_1_741' title='bbox 3345 5106 3717 5179; x_wconf 84' lang='lat' dir='ltr'><strong>captum_diis</strong></span> 
     </span>
    </p>
   </div>
   <div class='ocr_carea' id='block_1_88' title="bbox 461 5172 3719 5250">
    <p class='ocr_par' dir='ltr' id='par_1_88' title="bbox 461 5172 3719 5250">
     <span class='ocr_line' id='line_1_93' title="bbox 461 5172 3719 5250; baseline 0.002 -28"><span class='ocrx_word' id='word_1_742' title='bbox 461 5172 779 5250; x_wconf 75' lang='lat' dir='ltr'><strong>convocatis</strong></span> <span class='ocrx_word' id='word_1_743' title='bbox 810 5174 1148 5250; x_wconf 73' lang='lat' dir='ltr'><strong>irridendum</strong></span> <span class='ocrx_word' id='word_1_744' title='bbox 1168 5172 1630 5250; x_wconf 43' lang='lat' dir='ltr'><strong>tradidithomen</strong></span> <span class='ocrx_word' id='word_1_745' title='bbox 1660 5180 1836 5233; x_wconf 91' lang='lat' dir='ltr'><strong>eidem</strong></span> <span class='ocrx_word' id='word_1_746' title='bbox 1867 5188 1948 5250; x_wconf 85' lang='lat' dir='ltr'>est</span> <span class='ocrx_word' id='word_1_747' title='bbox 1978 5172 2259 5235; x_wconf 78' lang='lat' dir='ltr'><strong>Thersites</strong></span> <span class='ocrx_word' id='word_1_748' title='bbox 2279 5172 3033 5250; x_wconf 58' lang='lat' dir='ltr'><strong>O&#39;lympii.Thersite&#39;sautem</strong></span> <span class='ocrx_word' id='word_1_749' title='bbox 3054 5176 3381 5250; x_wconf 23' lang='lat' dir='ltr'><strong>‘Graacorum</strong></span> <span class='ocrx_word' id='word_1_750' title='bbox 3412 5172 3719 5250; x_wconf 67' lang='lat' dir='ltr'><strong>exercitum</strong></span> 
     </span>
    </p>
   </div>
   <div class='ocr_carea' id='block_1_89' title="bbox 462 5240 3719 5321">
    <p class='ocr_par' dir='ltr' id='par_1_89' title="bbox 462 5240 3719 5321">
     <span class='ocr_line' id='line_1_94' title="bbox 462 5240 3719 5321; baseline 0.003 -30"><span class='ocrx_word' id='word_1_751' title='bbox 462 5254 572 5321; x_wconf 77' lang='lat' dir='ltr'>non</span> <span class='ocrx_word' id='word_1_752' title='bbox 603 5240 897 5321; x_wconf 73' lang='lat' dir='ltr'><strong>dimicandi</strong></span> <span class='ocrx_word' id='word_1_753' title='bbox 925 5248 1121 5321; x_wconf 71' lang='lat' dir='ltr'><strong>gratia,</strong></span> <span class='ocrx_word' id='word_1_754' title='bbox 1140 5249 1234 5321; x_wconf 82' lang='lat' dir='ltr'>sed</span> <span class='ocrx_word' id='word_1_755' title='bbox 1262 5256 1321 5302; x_wconf 89' lang='lat' dir='ltr'>ut</span> <span class='ocrx_word' id='word_1_756' title='bbox 1348 5250 1525 5321; x_wconf 71' lang='lat' dir='ltr'><strong>yisum</strong></span> <span class='ocrx_word' id='word_1_757' title='bbox 1558 5250 1820 5321; x_wconf 56' lang='lat' dir='ltr'><strong>praberet</strong></span> <span class='ocrx_word' id='word_1_758' title='bbox 1842 5249 1986 5315; x_wconf 87' lang='lat' dir='ltr'><strong>aliis,</strong></span> <span class='ocrx_word' id='word_1_759' title='bbox 2017 5240 2370 5319; x_wconf 54' lang='lat' dir='ltr'><strong>sequebatur:</strong></span> <span class='ocrx_word' id='word_1_760' title='bbox 2399 5240 2530 5305; x_wconf 69' lang='lat' dir='ltr'><strong>Erat</strong></span> <span class='ocrx_word' id='word_1_761' title='bbox 2567 5250 2715 5306; x_wconf 85' lang='lat' dir='ltr'><strong>enim</strong></span> <span class='ocrx_word' id='word_1_762' title='bbox 2736 5248 2872 5319; x_wconf 88' lang='lat' dir='ltr'><strong>pede</strong></span> <span class='ocrx_word' id='word_1_763' title='bbox 2909 5248 3160 5315; x_wconf 85' lang='lat' dir='ltr'><strong>claudus,</strong></span> <span class='ocrx_word' id='word_1_764' title='bbox 3187 5247 3397 5311; x_wconf 88' lang='lat' dir='ltr'><strong>strabo,</strong></span> <span class='ocrx_word' id='word_1_765' title='bbox 3428 5245 3719 5317; x_wconf 81' lang='lat' dir='ltr'><strong>gibbosus,</strong></span> 
     </span>
    </p>
   </div>
   <div class='ocr_carea' id='block_1_90' title="bbox 461 5309 1889 5390">
    <p class='ocr_par' dir='ltr' id='par_1_90' title="bbox 461 5309 1889 5390">
     <span class='ocr_line' id='line_1_95' title="bbox 461 5309 1889 5390; baseline 0.009 -29"><span class='ocrx_word' id='word_1_766' title='bbox 461 5309 672 5376; x_wconf 79' lang='lat' dir='ltr'><strong>calvus,</strong></span> <span class='ocrx_word' id='word_1_767' title='bbox 698 5311 768 5368; x_wconf 87' lang='lat' dir='ltr'>ad</span> <span class='ocrx_word' id='word_1_768' title='bbox 808 5314 915 5372; x_wconf 83' lang='lat' dir='ltr'><strong>hoc</strong></span> <span class='ocrx_word' id='word_1_769' title='bbox 928 5309 1277 5373; x_wconf 60' lang='lat' dir='ltr'><strong>&#39;temerarius</strong></span> <span class='ocrx_word' id='word_1_770' title='bbox 1297 5335 1311 5386; x_wconf 92' lang='lat'><strong>;</strong></span> <span class='ocrx_word' id='word_1_771' title='bbox 1335 5318 1402 5374; x_wconf 89' lang='lat' dir='ltr'>de</span> <span class='ocrx_word' id='word_1_772' title='bbox 1434 5309 1843 5390; x_wconf 66' lang='lat' dir='ltr'><strong>quo&#39;ﬂomerus</strong></span> <span class='ocrx_word' id='word_1_773' title='bbox 1875 5337 1889 5374; x_wconf 92' lang='lat'><strong>:</strong></span> 
     </span>
    </p>
   </div>
   <div class='ocr_carea' id='block_1_91' title="bbox 1349 5460 2849 5550">
    <p class='ocr_par' dir='ltr' id='par_1_91' title="bbox 1349 5460 2849 5550">
     <span class='ocr_line' id='line_1_96' title="bbox 1349 5460 2849 5550; baseline 0.001 -18"><span class='ocrx_word' id='word_1_774' title='bbox 1349 5478 1586 5535; x_wconf 75' lang='lat' dir='ltr'><strong>Thersite</strong></span> <span class='ocrx_word' id='word_1_775' title='bbox 1622 5480 1951 5550; x_wconf 74' lang='lat' dir='ltr'><strong>stultiloque,</strong></span> <span class='ocrx_word' id='word_1_776' title='bbox 1976 5482 2173 5535; x_wconf 75' lang='lat' dir='ltr'><strong>vocalis</strong></span> <span class='ocrx_word' id='word_1_777' title='bbox 2205 5480 2327 5535; x_wconf 73' lang='lat' dir='ltr'><strong>licet</strong></span> <span class='ocrx_word' id='word_1_778' title='bbox 2358 5481 2433 5536; x_wconf 67' lang='lat' dir='ltr'><strong>si:</strong></span> <span class='ocrx_word' id='word_1_779' title='bbox 2471 5460 2849 5534; x_wconf 42' lang='lat' dir='ltr'><strong>concionalor:</strong></span> 
     </span>
    </p>
   </div>
   <div class='ocr_carea' id='block_1_92' title="bbox 532 5563 3720 5644">
    <p class='ocr_par' dir='ltr' id='par_1_92' title="bbox 532 5563 3720 5644">
     <span class='ocr_line' id='line_1_97' title="bbox 532 5563 3720 5644; baseline 0 -26"><span class='ocrx_word' id='word_1_780' title='bbox 532 5563 863 5644; x_wconf 52' lang='lat' dir='ltr'><strong>Ibersitem,</strong></span> <span class='ocrx_word' id='word_1_781' title='bbox 893 5578 955 5624; x_wconf 89' lang='lat' dir='ltr'>ut</span> <span class='ocrx_word' id='word_1_782' title='bbox 980 5569 1691 5644; x_wconf 33' lang='lat' dir='ltr'><strong>diximtts,‘0lympicum,i.</strong></span> <span class='ocrx_word' id='word_1_783' title='bbox 1728 5590 1778 5629; x_wconf 91' lang='lat' dir='ltr'>e.</span> <span class='ocrx_word' id='word_1_784' title='bbox 1806 5576 2083 5631; x_wconf 71' lang='lat' dir='ltr'><strong>ctelcstem</strong></span> <span class='ocrx_word' id='word_1_785' title='bbox 2109 5586 2303 5631; x_wconf 83' lang='lat' dir='ltr'><strong>vocant</strong></span> <span class='ocrx_word' id='word_1_786' title='bbox 2321 5573 2647 5644; x_wconf 83' lang='lat' dir='ltr'><strong>Vulcanum,</strong></span> <span class='ocrx_word' id='word_1_787' title='bbox 2678 5572 2881 5636; x_wconf 63' lang='lat' dir='ltr'><strong>Graeci;</strong></span> <span class='ocrx_word' id='word_1_788' title='bbox 2906 5577 3027 5644; x_wconf 81' lang='lat' dir='ltr'><strong>erat</strong></span> <span class='ocrx_word' id='word_1_789' title='bbox 3058 5569 3203 5626; x_wconf 90' lang='lat' dir='ltr'><strong>enim</strong></span> <span class='ocrx_word' id='word_1_790' title='bbox 3236 5567 3370 5644; x_wconf 77' lang='lat' dir='ltr'><strong>pede</strong></span> <span class='ocrx_word' id='word_1_791' title='bbox 3398 5564 3627 5620; x_wconf 86' lang='lat' dir='ltr'><strong>claudus</strong></span> <span class='ocrx_word' id='word_1_792' title='bbox 3665 5564 3720 5618; x_wconf 70' lang='lat' dir='ltr'>et</span> 
     </span>
    </p>
   </div>
   <div class='ocr_carea' id='block_1_93' title="bbox 461 5634 3722 5717">
    <p class='ocr_par' dir='ltr' id='par_1_93' title="bbox 461 5634 3722 5717">
     <span class='ocr_line' id='line_1_98' title="bbox 461 5634 3722 5717; baseline 0.001 -31"><span class='ocrx_word' id='word_1_793' title='bbox 461 5634 532 5687; x_wconf 89' lang='lat' dir='ltr'>ob</span> <span class='ocrx_word' id='word_1_794' title='bbox 558 5634 768 5691; x_wconf 71' lang='lat' dir='ltr'><strong>furnum</strong></span> <span class='ocrx_word' id='word_1_795' title='bbox 810 5640 964 5710; x_wconf 80' lang='lat' dir='ltr'><strong>nigra</strong></span> <span class='ocrx_word' id='word_1_796' title='bbox 1002 5634 1449 5712; x_wconf 34' lang='lat' dir='ltr'><strong>semper-facicf</strong></span> <span class='ocrx_word' id='word_1_797' title='bbox 1474 5634 1636 5701; x_wconf 50' lang='lat' dir='ltr'><strong>adde&#39;</strong></span> <span class='ocrx_word' id='word_1_798' title='bbox 1664 5646 1810 5715; x_wconf 85' lang='lat' dir='ltr'><strong>quod</strong></span> <span class='ocrx_word' id='word_1_799' title='bbox 1849 5655 1903 5701; x_wconf 86' lang='lat' dir='ltr'>ct</span> <span class='ocrx_word' id='word_1_800' title='bbox 1933 5648 2183 5717; x_wconf 80' lang='lat' dir='ltr'><strong>petulans</strong></span> <span class='ocrx_word' id='word_1_801' title='bbox 2219 5655 2273 5702; x_wconf 89' lang='lat' dir='ltr'>et</span> <span class='ocrx_word' id='word_1_802' title='bbox 2310 5646 2380 5701; x_wconf 88' lang='lat' dir='ltr'>ob</span> <span class='ocrx_word' id='word_1_803' title='bbox 2416 5634 2680 5700; x_wconf 80' lang='lat' dir='ltr'><strong>ridiculos</strong></span> <span class='ocrx_word' id='word_1_804' title='bbox 2722 5634 2907 5699; x_wconf 79' lang='lat' dir='ltr'><strong>mores</strong></span> <span class='ocrx_word' id='word_1_805' title='bbox 2952 5642 3188 5698; x_wconf 87' lang='lat' dir='ltr'><strong>aliorum</strong></span> <span class='ocrx_word' id='word_1_806' title='bbox 3238 5634 3415 5695; x_wconf 79' lang='lat' dir='ltr'><strong>risum</strong></span> <span class='ocrx_word' id='word_1_807' title='bbox 3457 5644 3722 5707; x_wconf 84' lang='lat' dir='ltr'><strong>perpetuo</strong></span> 
     </span>
    </p>
   </div>
   <div class='ocr_carea' id='block_1_94' title="bbox 532 5817 983 5893">
    <p class='ocr_par' dir='ltr' id='par_1_94' title="bbox 532 5817 983 5893">
     <span class='ocr_line' id='line_1_99' title="bbox 532 5817 983 5893; baseline 0.016 -19"><span class='ocrx_word' id='word_1_808' title='bbox 532 5817 609 5893; x_wconf 75' lang='grc'><strong>(1)</strong></span> <span class='ocrx_word' id='word_1_809' title='bbox 642 5819 786 5877; x_wconf 86' lang='lat' dir='ltr'><strong>Plul.</strong></span> <span class='ocrx_word' id='word_1_810' title='bbox 830 5822 983 5881; x_wconf 76' lang='lat'>“55.</span> 
     </span>
    </p>
   </div>
  </div>
