4182 6384
412 930 423 961 l

463 375 566 431 403

459 486 571 547 Ἦν
601 493 713 565 γάρ
740 510 823 557 τις
841 493 1108 567 Θερσίτης
1129 532 1145 559 ,
1181 493 1240 558 ὃς
1271 493 1350 565 τῷ
1372 492 1480 549 τῶν
1521 493 1787 564 Ἐλλήνων
1827 508 2052 564 στρατο-

461 584 609 655 πέδῳ
636 586 954 657 παρείπετο,
982 587 1043 639 ού
1070 585 1308 658 πολέμου
1335 585 1516 657 χάριν,
1543 584 1637 640 τοῦ
1666 586 1723 640 δὲ
1755 584 2048 654 γελᾶσθαι·

458 666 615 738 οὗτος
650 674 707 727 δὲ
745 675 916 746 χωλός
958 692 1020 729 τε
1069 672 1138 748 ἦν
1178 677 1272 730 καὶ
1305 676 1537 747 στραϐὸς
1561 718 1577 741 ,
1609 677 1806 748 κυρτὸς
1828 719 1844 742 ,
1882 675 2053 747 μαδα-

460 764 587 839 ρὸς,
609 764 745 819 ἀλλὰ
774 767 869 821 καὶ
893 768 1199 841 προπετὴς,
1230 766 1305 831 ὦς
1345 784 1509 837 φησιν
1541 767 1788 839 ’Όμηρος
1810 766 1910 837 (1)-

531 855 761 925 Θερσῖτ’
792 858 1168 939 ἀκριτόμρθε,
1198 860 1375 929 λιγύς
1408 857 1519 927 περ
1542 857 1661 912 ἐὼν
1687 855 2002 928 ἀγορητής·

534 946 803 1021 Θερσίτην
848 950 1026 1004 τοίνυν
1064 950 1359 1022 Ὀλύμπιον
1380 993 1399 1018 ,
1425 950 1567 1005 τοῦτ’
1595 950 1740 1007 ἐστιν
1778 950 2047 1022 οὐράνιον,

461 1038 556 1093 τὸν
589 1041 894 1110 ’Ἥφαιστον
924 1040 1185 1112 Ἕλληνες
1220 1041 1505 1098 καλοῦσιν’
1545 1035 1702 1105 οὗτος
1748 1040 1855 1113 γὰρ
1878 1039 2050 1111 χωλός

463 1131 580 1187 ἐστι
629 1133 727 1187 καὶ
768 1132 1067 1207 αἰθαλὼδης
1102 1134 1178 1197 ὡς
1203 1136 1268 1193 ἐκ
1323 1135 1423 1204 τῆς
1453 1131 1751 1205 ἀνθρακιᾶς
1771 1148 1785 1161 ·
1817 1131 2052 1203 χαλκεὺς

459 1222 597 1295 γάρ’
649 1224 742 1281 καὶ
797 1226 1074 1296 προπετὴς
1113 1227 1208 1283 καὶ
1232 1223 1626 1294 γελωτοποιός·
1669 1224 1746 1287 ὼς
1794 1222 1903 1294 γὰρ
1930 1224 2051 1286 ταῖς

456 1313 663 1383 πάγαις
690 1313 781 1369 τὸν
813 1316 985 1387 Ἄρεα
1025 1315 1128 1387 τῆς
1176 1315 1420 1387 μοιχείας
1451 1314 1640 1387 ἔρριψε
1666 1356 1681 1382 ,
1711 1314 2051 1383 συγκαλέσας

456 1406 545 1461 ἐπ’
579 1406 742 1460 αὑτὸν
771 1407 898 1470 τοὺς
941 1406 1099 1471 θεοὺς
1122 1447 1138 1473 ,
1182 1406 1397 1476 γέλωτα
1454 1407 1629 1477 μέγαν
1680 1407 1938 1475 ἐποίησε,
1971 1407 2074 1477 μὴ·

456 1499 712 1571 φοϐηθεὶς
731 1499 824 1554 τὸν
852 1498 1124 1570 Κυδοιμὸν
1157 1500 1250 1554 καὶ
1273 1499 1363 1554 τὸν
1395 1498 1592 1571 Δειμὸν
1630 1500 1723 1552 καὶ
1750 1497 1840 1551 τὸν
1859 1497 2048 1561 Φόϐον,

454 1593 648 1658 οἵτινές
672 1594 810 1646 εἰσιν
842 1592 949 1646 υἱοὶ
979 1591 1075 1647 τοῦ
1111 1592 1355 1663 Ἄρεως·
1399 1593 1577 1664 ’Ἄρης
1603 1590 1713 1664 γάρ
1757 1592 1786 1643 6
1816 1590 2051 1662 πόλεμος

452 1685 674 1753 λέγεται
702 1703 717 1717 ο
775 1686 804 1737 6
830 1683 992 1750 αὐτὸς
1021 1684 1077 1738 δὲ
1110 1685 1284 1756 ’Ἄρης
1328 1684 1543 1754 λέγεται
1576 1684 1670 1738 καὶ
1703 1683 2045 1756 ἀνδροφόνος,

452 1778 529 1843 ὼς
563 1779 946 1851 Ὄμηρος(2)·

622 1873 821 1943 Ἄρες]
853 1875 1015 1943 Ἄρες
1042 1872 1411 1944 βροτολοιγέ.

525 1963 831 2029 Βλαπτικδς
857 1964 966 2019 τῶν
990 1963 1193 2034 γονέων
1222 1965 1251 2017 6
1276 1961 1409 2026 Ζεύς
1441 1964 1615 2017 ἐστιν·
1641 1956 1794 2026 οὗτος
1822 1962 1931 2034 γὰρ
1953 1962 2044 2016 τὸν

457 2055 587 2111 ἴδιον
617 2056 807 2129 ἔρριψε
834 2057 1046 2129 πατέρα
1074 2056 1167 2111 τὸν
1188 2056 1419 2129 Κρόνον,
1450 2055 1530 2109 διὸ
1550 2054 1646 2109 καὶ
1684 2055 2043 2127 τυραννοκτό-

452 2167 541 2212 νος
574 2149 852 2204 καλεῖται’
888 2150 1096 2221 Κρόνος
1140 2148 1248 2220 γάρ
1300 2148 1617 2220 μισότεκνος
1666 2146 1744 2202 ὣν
1771 2186 1785 2211 ,
1830 2150 1895 2204 ἐκ
1944 2149 2043 2219 τῆς

463 2242 620 2307 Ῥέας
658 2243 788 2306 τοὺς
823 2242 1174 2313 τικτομένους
1226 2240 1379 2311 αὐτῷ
1420 2239 1734 2295 κατέπινεν.
1787 2240 1852 2294 Ἠ
1915 2241 2040 2295 Ῥέα

450 2322 689 2393 τεκοῦσα
714 2335 804 2389 τὸν
835 2335 953 2399 Δία,
977 2334 1122 2388 λίθον
1164 2333 1365 2406 ἱματίῳ
1388 2330 1763 2406 περιελίξασα,
1794 2331 1872 2403 τῷ
1901 2334 2042 2405 Κρό-

450 2446 528 2502 νῳ
561 2431 848 2487 καταπιεῖν
877 2426 1219 2482 ἐπιδίδωσινο
1251 2428 1280 2480 6
1317 2425 1374 2479 δὲ
1405 2424 1689 2483 καταπιὼν
1736 2425 1829 2479 τὸν
1868 2425 2036 2490 λίθον,

450 2520 716 2593 ἐξήμεσεν
754 2519 1002 2584 ἅπαντας
1033 2520 1130 2573 σὺν
1160 2516 1312 2588 αύτῷ
1349 2518 1477 2581 τοὺς
1497 2517 2034 2587 προκαταποθέντας·

450 2613 593 2671 ὥστε
634 2611 833 2686 πικρὸν
867 2610 1014 2665 λίθον
1059 2610 1276 2680 λέγεται
1313 2611 1620 2665 καταπιεῖν.
1664 2610 1720 2663 '0
1763 2605 1857 2665 οὖν
1902 2611 2037 2674 Ζεὺς

450 2706 614 2778 γνοὺς
641 2705 882 2759 τοιοῦτον
908 2699 1049 2758 εἶναι
1085 2702 1178 2757 τὸν
1210 2701 1339 2756 ἴδιον
1364 2701 1577 2774 πατέρα
1601 2700 1809 2773 Κρόνον
1829 2740 1845 2766 ,
1879 2702 2037 2756 ἐπαν⁴

452 2797 582 2869 έστη
613 2797 762 2869 αὐτῷ
784 2836 798 2862 ,
845 2796 941 2851 καὶ
972 2794 1229 2867 ἐξέτεμεν
1270 2793 1435 2852 αὐτοῦ
1476 2793 1546 2847 τὰ
1576 2793 1752 2849 αἰδοῖα
1772 2833 1787 2860 ,
1814 2795 1907 2849 καὶ⁵
1936 2795 2034 2868 τὴν

452 2888 729 2963 βασιλείαν
750 2887 1027 2958 άφείλατο.

521 2984 713 3040 Κεῖται
743 2981 871 3054 περὶ
898 2981 997 3051 τῆς
1022 2979 1376 3045 καταπόσεως
1409 2979 1663 3051 ἀλλαχοῦ.

537 3077 769 3148 Ὁμοίως
801 3078 830 3131 6
876 3075 1116 3147 Κρόνος,
1170 3076 1353 3129 ὅντινα
1406 3073 1661 3129 καλοῦσιν
1710 3073 2028 3149 Οὐρανίδην,

452 3167 747 3242 βλαπτικός
770 3169 883 3224 ἐστι
911 3167 1018 3221 τῶν
1044 3167 1249 3221 τέκνων
1268 3183 1282 3197 ·
1309 3166 1384 3230 ὼς
1406 3166 1615 3238 ἔφημεν
1640 3165 1768 3239 γὰρ,
1803 3168 1885 3220 ὅτι
1907 3170 2033 3233 τοὺς

452 3263 519 3317 ἐκ
559 3260 661 3332 τῆς
705 3258 861 3324 Ῥέας
910 3257 1060 3331 αὐτῷ
1104 3257 1454 3329 τικτομένους
1481 3257 1768 3312 κατέπινε·
1816 3259 1909 3317 καὶ⁵
1940 3259 2031 3313 τὸν

451 3352 551 3413 Δία
577 3351 899 3424 πανούργως
924 3350 1177 3422 έσωσενή
1221 3350 1368 3419 Ῥέα,
1398 3352 1480 3415 εἰς
1506 3351 1732 3423 Κρήτην
1764 3350 2033 3422 φυγαδεύ-

1596 373 1874 431 COSMAS
1905 370 2611 433 HIEIIOSOLYMITANUS

3636 374 3743 428 4οι

2162 508 2338 558 σασα,
2378 495 2472 548 καὶ
2509 496 2638 564 περὶ
2669 494 2831 547 αὐτὸν
2856 495 3052 559 αὐλοὺς
3080 492 3291 560 τάξασα
3348 491 3443 547 καὶ
3480 486 3745 562 κορύϐαν-

2158 598 2257 646 τας
2276 621 2291 646 ,
2325 583 2415 636 ἵνα
2443 582 2718 647 κλαίοντος
2748 572 2872 647 Διὸς
2904 579 3039 655 ἦχον
3092 583 3287 637 ποιῶσί
3322 600 3446 636 τινα
3497 581 3589 635 καὶ
3625 580 3746 634 σκέ-

2158 690 2303 727 πωσι
2331 674 2422 728 τὸν
2460 675 2942 748 κλαυθμυρισμὸν·
2991 676 3199 748 ταύτην
3231 676 3289 730 δὲ
3347 669 3624 747 πυρρίχην
3660 672 3745 744 δρ-

2158 766 2319 837 χησίν
2367 766 2499 837 φασί
2556 784 2739 833 τινες·
2800 769 2951 824 ἄλλοι
3005 768 3293 840 ὁπλιτικὴν
3324 806 3340 833 ,
3385 767 3576 838 ἐπειδὴ
3624 770 3746 832 ταῖς

2157 857 2382 912 ἀσπίσιν
2427 858 2671 931 ἀλλήλων
2713 860 2943 916 ἔτυπτον
2978 862 3030 916 οἱ
3086 861 3450 933 κορύϐαντες·
3491 860 3745 932 δαίμονες

2154 950 2213 1003 δὲ
2244 946 2408 1005 οὗτοι.

2156 1043 2259 1116 έ99
2293 1046 2480 1116 Ἀθρει
2504 1045 2572 1099 δὲ
2600 1046 2933 1115 πρώτιστον
2953 1046 3021 1112 ὃς
3049 1046 3267 1100 ἔπλετο
3291 1044 3739 1116 μαργοσύνῃσι,

2155 1114 2262 1169 500
2296 1115 2516 1185 Ταῦρος
2535 1155 2551 1182 ,
2591 1114 2847 1185 κύκνος,
2880 1118 3112 1187 χρυσὸς
3137 1158 3152 1183 ,
3181 1114 3351 1187 ὅφιξ,
3376 1114 3570 1181 πόσις
3592 1157 3605 1180 ,
3641 1116 3736 1183 ὅρα

3225 1186 3393 1262 (we.
3432 1186 3672 1262 ciarum

2157 1255 2256 1311 501
2295 1257 2491 1313 Ὄσσα
2505 1275 2613 1330 μιν
2632 1257 2793 1326 ὠκὺς
2819 1256 3052 1324 ἅνωξεν
3078 1255 3244 1327 ἔρως,
3278 1257 3742 1400 adipi-63m

3414 1343 3458 1380 π
3538 1345 3575 1381 ν
3614 1349 3665 1395 ς.

3414 1343 3665 1395 παονος.

2227 1419 2440 1492 Ταῦρος
2464 1422 2641 1485 ὁΖεὺς
2677 1421 2886 1491 γίνεται
2916 1419 3006 1474 διὰ
3030 1419 3128 1491 τὴν
3148 1418 3421 1491 Εὐρώπην
3439 1437 3453 1450 ·
3487 1420 3737 1492 ἐρασθεὶς

2155 1513 2265 1587 γὰρ
2315 1512 2487 1584 αὐτῆς
2510 1553 2525 1580 ,
2568 1515 2649 1578 εἰς
2695 1512 2896 1587 ταῦρον
2975 1511 3336 1585 μεταϐληθεὶς
3401 1512 3538 1585 αὐτῇ
3598 1530 3737 1567 συν-

2155 1605 2445 1661 επλανᾶτο.

2227 1696 2440 1762 Κύκνος
2465 1697 2653 1767 γέγονε
2681 1695 2767 1752 διὰ
2799 1695 2898 1769 τὴν
2947 1696 3157 1768 Λήδανο
3209 1696 3453 1768 ποθήσας
3488 1697 3597 1770 γάρ
3634 1697 3702 1752 αὖ

2154 1789 2251 1861 τὴν
2277 1790 2373 1844 καὶ¹
2407 1788 2507 1861 τήν
2531 1789 2769 1861 Νέμεσιν
2791 1830 2806 1857 ,
2851 1789 3050 1855 κύκνος
3074 1789 3365 1863 γενόμενος
3388 1790 3579 1855 αὐταῖς
3616 1807 3735 1846 συν⁸

2152 1881 2386 1951 εγένετο.

2221 1971 2437 2042 Χρυσὸς
2497 1971 2689 2040 γέγονε
2738 1971 2828 2026 διὰ
2881 1972 2981 2043 τὴν
3034 1972 3249 2043 Δανάην
3278 1989 3293 2004 ’
3352 1972 3573 2043 λέγεται
3622 1973 3731 2047 γάρ

2150 2066 2349 2140 χρυσὸς
2377 2065 2631 2135 γενέσθαι
2656 2105 2671 2130 ,
2694 2066 2790 2119 καὶ
2820 2066 3014 2138 ῥυῆναι
3034 2106 3051 2128 .
3092 2067 3186 2123 καὶ
3215 2065 3391 2132 οὕτως
3434 2067 3573 2139 αὐτῇ
3600 2085 3732 2139 συγ-

2147 2157 2421 2227 γενέσθαι.

2222 2253 2386 2322 Ὀφις
2415 2252 2605 2321 γέγονε
2629 2251 2718 2306 διά
2744 2251 2842 2324 τὴν
2876 2250 3215 2322 Ὀλυμπιάδα
3241 2251 3340 2323 τὴν
3381 2251 3729 2323 Ἀλεξάνδρου

2148 2345 2363 2416 μητέρα
2382 2361 2395 2374 ο
2425 2344 2641 2413 λέγεται
2671 2344 2778 2416 γάρ
2805 2343 3302 2416 μεταμορφωθῆναι
3347 2345 3426 2407 εἰς
3462 2343 3730 2415 δράκοντα

2144 2437 2241 2491 καὶ
2275 2435 2448 2501 οὕτως
2472 2437 2609 2509 αὑτῇ
2651 2436 3006 2506 συγγενέσθαι
3032 2476 3048 2499 ,
3081 2435 3161 2489 διὸ
3207 2436 3302 2490 καὶ
3339 2435 3729 2509 δρακοντιάδης

2143 2530 2360 2601 λέγεται
2407 2532 2436 2584 6
2477 2529 2845 2601 Ἀλέξανδρος.
2882 2529 3066 2583 Ἄλλοι
3114 2528 3172 2583 δέ
3220 2546 3351 2598 φασι
3386 2528 3486 2601 τὴν
3529 2529 3728 2599 Ὀλυμ-

2143 2621 2310 2677 πιάδα
2338 2620 2699 2693 μοιχεύσαντα
2715 2619 3045 2677 Νεκτεναϐὼ
3070 2620 3162 2674 τὸν
3179 2620 3547 2676 Βαϐυλώνιον·
3575 2622 3727 2694 ὅμως

2141 2712 2407 2767 Φιλίππου
2438 2711 2656 2780 λέγεται
2693 2714 2842 2775 παῖς.

2227 2806 2392 2878 Ἀνὴρ
2418 2804 2642 2874 γέγονεν
2674 2805 2702 2856 6
2731 2804 2897 2870 Ζεὺς,
2936 2799 3023 2855 διὰ
3056 2804 3156 2874 τήν
3194 2802 3437 2874 Σεμέλην
3466 2804 3565 2875 τὴν
3610 2808 3724 2859 Διο-

2140 2899 2302 2951 νύσου
2340 2896 2551 2968 μητέρα
2575 2913 2590 2929 ο
2629 2893 2804 2967 ταύτῃ
2834 2893 2943 2966 γὰρ
2970 2894 3047 2958 ὡς
3072 2893 3357 2967 ἄνθρωπος
3380 2895 3718 2964 συνεγένετο.

2150 2990 2215 3048 Ἥ
2247 2990 2306 3043 δὲ
2346 2989 2495 3061 Ἥρα
2524 2986 2771 3059 μαθοῦσα
2802 2987 2894 3041 καὶ
2929 2985 3382 3059 ζηλοτυπήσασα,
3410 2991 3490 3054 είς
3529 2988 3721 3060 λόγους

2138 3082 2297 3154 δῆθεν
2352 3080 2570 3153 ἔρχεται
2609 3078 2747 3150 μετὰ
2797 3078 3071 3150 Σεμέλης,
3117 3080 3192 3143 ὡς
3230 3080 3595 3152 άπατωμένης
3624 3082 3721 3137 καὶ

2141 3171 2221 3244 μὴ
2244 3170 2529 3242 ἐρωμένης
2556 3169 2661 3222 ὑπὸ
2693 3168 2847 3231 Διόςο
2881 3167 2962 3221 διὸ
3005 3168 3178 3242 ταύτῃ
3234 3169 3719 3243 συμϐουλεύει,,τῷ

2136 3261 2221 3316 Διὶ
2253 3259 2683 3332 παραγενομένῳ
2715 3257 2853 3330 πρὸς
2899 3257 3069 3329 αὐτὴν
3110 3258 3333 3329 αίτῆσαι
3362 3260 3499 3330 μετὰ
3525 3278 3720 3333 κεραυ-

2135 3350 2242 3408 νῶν
2270 3351 2363 3404 καὶ
2393 3348 2631 3421 βροντῶν
2674 3347 3034 3418 συγγενέσθαι
3069 3346 3238 3420 αὐτῇ,
3272 3348 3462 3422 ὥσπερ
3501 3346 3594 3405 οὖν
3620 3351 3717 3406 καὶ

455 3541 697 3614 movens.
740 3538 960 3614 Scimus
998 3558 1148 3614 enim
1198 3558 1309 3614 quo
1361 3551 1746 3614 stratagemate
1794 3540 1985 3614 Martis
2043 3541 2314 3614 adulteria
2346 3539 2693 3614 ⁸ι’θιρειανοιζὶι
2734 3547 2790 3593 et
2810 3552 2943 3614 _guo
2984 3535 3184 3614 mgdo,
3249 3543 3535 3614 spectante
3593 3542 3710 3589 toto

454 3606 705 3681 Qlympo,
739 3611 1124 3668 immortalium
1174 3604 1343 3668 risum
1391 3604 1732 3677 excitaverit,
1771 3611 1918 3666 nulla
1968 3612 2178 3665 ratione
2234 3611 2416 3666 habita
2447 3604 3015 3681 'I'_umultus,__Metus,
3048 3604 3322 3674 Terroris,
3358 3605 3456 3678 qui
3510 3619 3705 3661 omnes

455 3676 631 3762 Marte
652 3676 806 3762 patre
837 3692 1085 3739 utuntur.
1120 3681 1272 3741 Mars
1292 3694 1471 3740 autem
1503 3683 1700 3738 bellum
1722 3676 2020 3753 signiticet,
2050 3682 2292 3752 itemque
2318 3679 2588 3762 carnifex,
2612 3688 2751 3760 teste
2781 3677 3060 3760 glomere:

1479 3792 1655 3858 Mars,
1686 3791 1853 3857 Mars,
1883 3791 2219 3847 homicida...

522 3881 736 3967 Jupiter
761 3884 948 3967 patris
977 3882 1200 3967 saturni
1230 3883 1488 3967 inimicus
1517 3884 1666 3967 hunc
1710 3883 1829 3967 ipsa
1864 3901 2030 3967 manu
2070 3884 2147 3967 de
2187 3885 2329 3967 coelo
2370 3884 2597 3967 deiecit,
2622 3885 2775 3967 ﬁnde
2816 3885 2868 3967 ei
2901 3883 3255 3967 tyrannicidae
3304 3897 3504 3967 nomen
3525 3882 3707 3967 ‘venit.

455 3952 728 4025 Saturnus
757 3952 909 4009 tanto
935 3956 989 4009 in
1016 3955 1158 4010 tilios
1192 3969 1323 4010 suos
1339 3955 1466 4010 odio
1485 3952 1793 4025 agitabatur
1820 3964 1880 4025 ut
1893 3970 1988 4010 eos
2010 3954 2231 4025 quidem
2261 3952 2596 4025 vixeditosa
2622 3955 2774 4013 Rhea
2800 3952 3109 4012 devoraret.
3129 3953 3251 4009 Haec
3273 3954 3493 4025 quidem
3519 3952 3709 4009 Jovem

450 4024 634 4090 enixa,
670 4024 789 4093 ejus
830 4025 953 4080 loco
986 4026 1218 4093 lapidem
1248 4025 1444 4093 pannis
1489 4023 1794 4078 involutum
1827 4023 2067 4079 Saturno
2097 4024 2465 4081 devorandum
2493 4026 2733 4093 obtulit;
2773 4026 2860 4081 hic
2883 4026 3142 4082 devorato
3161 4037 3229 4078 eo
3259 4023 3441 4078 statim
3488 4038 3709 4089 omnes,

451 4108 593 4163 quos
611 4094 932 4177 pri-usintus
956 4103 1291 4177 susceperat,
1316 4094 1579 4177 evomuit,
1603 4109 1775 4177 quare
1802 4109 1995 4151 saxum
2012 4110 2262 4150 amarum
2279 4096 2597 4177 deglutiisse
2617 4096 2961 4177 captabatur.
2982 4094 3195 4166 Jupiter
3226 4093 3464 4164 cognito,
3495 4104 3708 4163 patrem

454 4178 617 4218 suum
642 4163 774 4219 illud
802 4167 1127 4234 patravisse,
1154 4175 1209 4220 et
1244 4165 1513 4233 pudendis
1534 4163 1700 4230 ferro,
1725 4173 1780 4219 et
1805 4178 1977 4235 regno
2014 4180 2298 4220 armorum
2329 4163 2382 4220 vi
2418 4180 2544 4220 eum
2579 4167 2850 4236 spoliavit.

524 4255 726 4313 Eadem
767 4257 997 4314 historia
1017 4260 1491 4331 aliter_narratur:
1513 4256 1805 4331 Saturnus,
1821 4258 1975 4331 ςωιο
1997 4268 2315 4331 prognatus,
2343 4274 2408 4315 ex
2437 4275 2496 4315 se
2516 4270 2675 4331 natos
2699 4260 3147 4330 persequebatur.
3175 4257 3334 4331 Nam,
3365 4267 3427 4331 ut
3445 4258 3706 4331 diximus,

452 4340 813 4400 quoscunque
848 4329 1146 4399 peperisset
1175 4327 1346 4391 Rhea,
1378 4329 1488 4383 vita
1518 4329 1784 4400 privavit;
1814 4326 2014 4385 Jovem'
2045 4326 2225 4387 tamen
2273 4331 2509 4385 servavit
2536 4331 2589 4384 in
2617 4326 2836 4400 Cretam
2876 4326 3200 4399 relegatum,
3237 4329 3329 4400 ubi
3354 4328 3708 4400 Corybantes

454 4405 640 4451 sonitu
654 4397 1157 4468 instrumentorum
1186 4413 1305 4468 ope
1321 4407 1376 4453 et
1405 4397 1789 4455 saltationibus
1816 4400 2074 4455 clamosis
2094 4400 2273 4457 excito
2296 4400 2593 4454 effecerunt
2618 4417 2685 4454 ne
2717 4398 2942 4453 infantis
2969 4397 3320 4467 lacrymantis
3344 4414 3450 4453 vox
3474 4397 3711 4454 exaudi—

452 4465 1314 4563 er‘rhicaanei‘sa‘lntationi
1341 4483 1539 4525 nomen
1574 4479 1676 4523 est.
1705 4468 2040 4563 Corybantes
2069 4470 2217 4525 enim
2244 4470 2417 4525 scutis
2442 4470 2584 4525 inter
2605 4486 2665 4526 se
2687 4470 2894 4526 collisis
2937 4465 3136 4522 armati
3173 4470 3407 4524 chorum
3440 4470 3699 4540 agebant.

451 4533 802 4594 Daemonibus
825 4547 1202 4595 accensentur.

520 4625 689 4703 Tauri
715 4626 949 4685 formam
981 4631 1217 4699 sumpsit
1246 4628 1458 4703 Jupiter
1481 4636 1701 4700 propter
1720 4630 2020 4703 Europam,
2055 4630 2215 4702 cujus
2244 4644 2435 4687 amore
2463 4638 2655 4701 captus
2686 4625 2807 4701 eius
2854 4629 3246 4701 investigandae
3283 4643 3452 4687 causa
3499 4630 3705 4691 circum

451 4699 690 4775 errabat.

520 4770 942 4868 (ᾷγὸῖῖιῖἔῖσειυε
966 4801 1051 4847 est
1083 4794 1154 4868 ob
1186 4792 1421 4862 Ledam;
1457 4796 1618 4868 hujus
1643 4795 1790 4851 enim
1822 4804 1878 4851 et
1900 4793 2148 4868 Nemesis
2176 4792 2460 4868 desiderio
2473 4803 2757 4868 correptus
2792 4794 2893 4847 hac
2914 4793 3018 4847 sub
3048 4792 3220 4848 forma
3243 4793 3324 4850 eis
3348 4794 3706 4853 cohabitavit.

525 4866 736 4918 Aurum
760 4863 937 4918 factus
967 4873 1051 4918 est
1083 4862 1297 4922 Danaes
1318 4881 1469 4937 ergo,
1501 4862 1626 4922 cum
1646 4881 1820 4936 eaque
1852 4866 1957 4921 sub
1983 4866 2177 4935 pluviae
2205 4879 2386 4919 aurea:
2417 4862 2715 4918 simulacro
2732 4873 2815 4918 est
2831 4879 3183 4934 congressus.

519 4961 802 5033 Serpentis
820 4959 997 5034 forma
1020 4976 1081 5017 se
1100 4962 1463 5017 circumdedit
1488 4961 1824 5033 Olympiadis
1845 4961 2041 5034 gratia,
2072 4963 2264 5015 matris
2300 4958 2702 5034 Alexandri._ln
2722 4959 3028 5034 draconem
3047 4977 3287 5034 namque
3303 4972 3709 5019 transmutatus

360 5030 369 5087 ξ
446 5033 597 5088 illam
624 5030 1034 5114 compressisse
1058 5041 1299 5114 putatur,
1321 5034 1485 5114 _un‘tle
1528 5030 1867 5114 Hieran-dei:
1886 5031 2133 5114 Dracone
2165 5040 2324 5114 satus.
2354 5031 2524 5084 audit.
2556 5030 2665 5084 Alii
2692 5031 3082 5102 ,Olympiadem
3129 5030 3213 5088 εί
3243 5031 3558 5090 Nectanebo
3584 5050 3711 5104 rege

443 5118 572 5158 eum
607 5100 918 5172 suscepisse
941 5100 1152 5170 dicunt,
1184 5117 1285 5157 nec
1316 5112 1496 5158 tamen
1521 5104 1705 5158 minus
1726 5102 1958 5172 Philippi
1992 5101 2136 5156 tilius
2155 5100 2419 5156 creditur.

516 5196 633 5252 Sub
655 5197 897 5257 humana
927 5194 1057 5255 dein
1095 5194 1271 5252 forma
1302 5196 1370 5251 ad
1412 5195 1705 5260 Semelem,
1734 5194 1935 5250 Bacchi
1977 5202 2230 5254 matrem,
2274 5193 2530 5247 accessit.
2554 5190 2698 5246 Juno
2720 5202 2928 5259 autem,
2962 5208 3022 5247 re
3053 5193 3261 5259 audita,
3299 5190 3506 5248 invidia
3540 5192 3706 5248 insli-

440 5276 604 5335 gante
632 5265 861 5321 Semelae
885 5267 1157 5337 persuasit
1192 5268 1365 5337 ipsam
1398 5268 1467 5321 ab
1488 5265 1619 5320 Jove
1642 5266 1786 5320 haud
1816 5264 2019 5337 amari,
2048 5262 2158 5337 imo
2194 5262 2393 5337 decipi.

2442 5264 2624 5330 Quare
2653 5262 2725 5317 ab
2766 5264 2882 5332 ipso
2906 5264 3199 5332 postularet
3220 5272 3277 5317 ut
3305 5264 3408 5319 sibi
3434 5262 3701 5317 Tonantis

442 5331 545 5405 sub
571 5337 749 5405 specie
780 5351 841 5392 se
873 5331 1230 5400 monstraret,
1250 5343 1308 5390 ut
1333 5334 1533 5391 Junoni
1553 5336 1898 5391 consueverit
1926 5335 1978 5387 in
1998 5331 2185 5388 oculos
2211 5332 2415 5405 venire.
2437 5332 2557 5400 Quo
2582 5332 2727 5405 facto
2756 5331 2967 5405 Semele
3002 5334 3229 5389 fulmine
3246 5343 3387 5405 tacta
3421 5334 3700 5405 occubuit.

439 5403 653 5475 Jupiter
682 5405 849 5460 fetum
884 5407 938 5460 in
976 5405 1183 5461 femore
1219 5422 1320 5461 suo
1351 5407 1716 5470 abscondidit,
1752 5406 1949 5466 donec,
1988 5417 2185 5475 novem
2232 5404 2504 5475 mensium
2558 5403 2735 5475 spatio
2762 5404 2977 5475 elapso,
3018 5420 3142 5458 eum
3191 5406 3243 5475 in
3277 5404 3454 5458 lucem
3505 5403 3699 5458 edidit.

444 5472 583 5529 lliirc
604 5475 852 5547 Bacchus
879 5476 1041 5531 etiam
1073 5477 1246 5546 femur
1282 5479 1585 5547 pqrturiens
1613 5488 1667 5530 et
1688 5482 1823 5547 [etus
1848 5472 2182 5547 imperfect?
2208 5482 2450 5547 vocatur.
2477 5473 2614 5527 Sunt
2638 5472 3059 5545 quiAndrogyni
3083 5474 3302 5547 nomine
3327 5488 3453 5547 eum
3481 5482 3699 5534 ornent,

442 5548 585 5669 good
610 5547 663 5599 in
692 5544 931 5600 Semeles
971 5542 1124 5602 utero
1152 5556 1206 5601 et
1235 5542 1291 5600 in
1315 5544 1465 5602 Jovis
1507 5542 1712 5604 femore
1753 5548 1990 5600 nutritus
2021 5542 2201 5599 fuerit.
2229 5542 2387 5608 Quod
2429 5559 2538 5599 non
2571 5547 2643 5599 ita
2656 5542 2680 5611 ;
2709 5559 2877 5600 causa
2905 5542 2989 5601 eat
3019 5544 3188 5615 quod,
3231 5551 3292 5600 ut
3328 5543 3494 5615 paulo
3538 5550 3699 5599 antea

485 5615 707 5669 iximus.
739 5617 847 5669 aait
864 5626 922 5669 ut
946 5618 1049 5669 vir.
1086 5617 1289 5669 patitur
1315 5626 1373 5669 ut
1402 5617 1617 5669 mulier.

485 5615 707 5678 iximus,
739 5617 922 5686 agitut
946 5618 1049 5683 vir,
1086 5617 1289 5687 patitur
1315 5626 1373 5673 ut
1402 5617 1617 5673 mulier.

517 5802 597 5881 (l)
632 5802 801 5871 Iliad,
844 5820 904 5874 ιι,
959 5804 1083 5861 246.

2215 5805 2292 5877 (2)
2326 5805 2425 5860 0d.
2468 5822 2588 5877 vui,
2622 5809 2748 5865 “5.
