4180 6350
289 350 501 412 ’ἇθθ

391 473 542 545 αὐτῷ
567 472 681 530 τῶν
725 481 1046 552 πειρασμῶν
1076 484 1392 540 ἀπεκένωσε
1428 485 1756 557 βελοθήκην·
1791 485 1867 550 ὡς
1917 487 1971 540 δὲ

392 563 484 618 τὸν
527 565 768 640 ἀθλητὴν
793 573 840 622 oi
872 571 1117 638 πλείονες
1157 575 1587 648 εὐδοκιμώτερον
1631 577 1972 648 κατέστησαν

395 661 711 728 πειρασμοὶ,
746 661 857 714 τῶν
885 663 986 732 μὲν
1021 665 1248 733 ἀγώνων
1275 667 1438 731 αὐτὸς
1465 668 1526 720 τὸ
1558 668 1791 722 ἔπαθλον
1816 686 1972 739 περι·

396 748 723 818 φανέστερον
757 751 891 823 πρὸς
922 754 1018 807 τοῦ
1049 756 1158 810 τῶν
1186 756 1363 810 ἄθλων
1407 758 1630 828 ἀρίστου
1672 758 1970 829 διανομέως

395 838 737 909 ὑποδέχεται,
772 843 980 909 διπλοῖς
1023 849 1274 920 τιμηθεὶς
1327 852 1439 914 τοῖς
1485 851 1836 922 ἀντιδώροιςο
1878 853 1973 904 καὶ

395 930 503 1001 γὰρ
524 932 672 1003 αὐτῷ
705 933 864 988 διπλᾶ
893 939 1070 992 πάντα
1120 942 1387 1011 παρέσχεν
1416 944 1444 994 6
1490 943 1640 1005 Be6;°
1677 944 1771 1013 τῆς
1803 943 1972 1013 ἥττης

393 1022 450 1074 δὲ
472 1024 704 1092 χαλεπὸν
735 1028 830 1080 καὶ
854 1029 1090 1096 γέλωτος
1115 1032 1262 1096 ἄξιον
1286 1033 1347 1085 τὸ
1372 1037 1573 1104 πτῶμα
1622 1033 1736 1104 μετ’
1783 1036 1913 1104 ἤχου
1944 1035 1974 1086 6

394 1116 692 1187 πειραστὴς
716 1117 1176 1190 ἀπενεγκάμενος,
1207 1121 1412 1192 οἴχεται
1441 1123 1920 1196 κατῃσχυμμένοςο

497 1229 655 1312 Τρεῖς
679 1231 967 1312 ,ﬂé’lorm.
981 1231 1154 1300 τεῇσι
1175 1235 1506 1312 μεγακλέες
1529 1235 1648 1312 εἰσὶ
1682 1233 1933 1312 τεὶὶῷναι
1953 1273 1971 1299 ,

491 1297 786 1373 Διιατθαζός
807 1319 872 1373 τε
891 1295 1101 1372 μέγαξ,
1125 1295 1322 1371 νήῷ’τ’
1349 1306 1439 1358 ἐνὶ
1468 1295 1700 1373 δάκρυα
1727 1295 1970 1372 λείψας,

393 1367 464 1420 95
496 1369 792 1436 Ζακχαῖος
815 1372 884 1423 τ’.

461 1456 740 1521 Ματθαῖος
777 1458 1017 1532 τελώνης
1063 1461 1276 1530 γέγονε.
1327 1459 1526 1514 Τοῦτον
1576 1459 1699 1514 ίδὼν
1763 1457 1972 1528 Ἰησοῦς

395 1546 757 1619 καθεζόμενον
787 1551 880 1603 ἐπὶ
910 1551 969 1603 τὸ
991 1550 1266 1616 τελώνιον,
1309 1548 1462 1605 εἶπεν
1485 1551 1654 1620 αὐτῷ·
1695 1551 1970 1604 Ἀκολού-

393 1641 482 1693 θει
506 1657 630 1709 μοι·
652 1643 688 1695 ό
703 1640 772 1694 δὲ
796 1642 1066 1709 ἀναστὰς
1092 1644 1188 1698 καὶ
1221 1643 1418 1696 πάντα
1449 1641 1814 1706 καταλιπὼν,
1838 1644 1974 1709 ηκο-

392 1731 701 1798 λούθησεν
719 1731 902 1799 αὐτῷ,
929 1734 1022 1786 καὶ
1053 1734 1278 1804 γέγονεν
1315 1733 1477 1788 αὐτοῦ
1517 1734 1784 1805 μαθητής·
1814 1731 1968 1796 οὗτος

391 1821 452 1874 δὲ
477 1821 570 1875 καὶ
591 1822 652 1874 τὸ
675 1821 1003 1892 Εὑαγγέλιον
1035 1823 1429 1894 συνεγράψατο.
1455 1822 1708 1891 Τελώνης
1731 1823 1789 1875 δέ
1819 1826 1969 1877 ἐστιν

390 1914 422 1967 ό
445 1912 570 1985 τέλη
600 1913 724 1966 τινα
753 1913 1110 1985 κομιζόμενος
1139 1915 1290 1986 παρά
1331 1915 1390 1969 τὸ
1431 1915 1597 1979 εἰκός.
1634 1915 1793 1969 Ὅλον
1824 1915 1881 1968 δὲ
1909 1915 1970 1968 τὸ

391 2005 625 2077 πρᾶγμα
653 2005 1030 2059 πλεονεκτικόν
1057 2007 1172 2059 ἐστι
1201 2007 1295 2059 καὶ
1324 2007 1664 2077 ὲφάμαρτον.
1693 2017 1708 2032 ⁸

466 2096 658 2160 Ἀλλος
684 2096 802 2150 ἐστὶ
829 2095 1067 2168 τελώνης
1098 2098 1126 2150 6
1150 2096 1425 2168 δακρύσας
1453 2099 1510 2150 ὲν
1540 2095 1618 2168 τῷ
1652 2095 1788 2167 ναῷ,
1822 2096 1970 2159 ὅστις

391 2188 542 2260 παρά
561 2188 652 2241 τὸν
675 2187 1014 2259 μεγάλαυχον
1040 2189 1330 2258 Φαρισαῖον
1357 2186 1594 2257 κατῆλθε
1620 2185 1972 2256 δεδικαιωμέ-

391 2297 500 2346 νος.
539 2281 729 2333 Κεῖται
754 2280 798 2332 δ’
826 2281 860 2350 ἡ
893 2280 1012 2334 κατ’
1043 2280 1204 2333 αὑτὸν
1236 2280 1446 2352 ἱστορία
1473 2279 1530 2332 ἐν
1556 2279 1634 2349 τῷ
1663 2278 1711 2332 α’
1733 2278 1896 2349 λόγῳ.

461 2375 732 2444 Ζακχαῖος
753 2372 815 2425 δὲ
840 2372 936 2426 καὶ
989 2372 1148 2436 αὐτὸς
1171 2370 1408 2442 τελώνης
1435 2370 1717 2442 ὑπάρχων,
1761 2369 1971 2442 Ἰησοῦν

393 2464 522 2519 ίδεῖν
558 2463 894 2534 ἐπεθύμησεο
927 2462 1022 2516 καὶ
1053 2462 1240 2516 τοῦτον
1267 2461 1534 2533 παριόντα
1567 2461 1864 2515 θεάσασθαι
1895 2461 1970 2533 μὴ

388 2557 702 2628 δυνάμενος,
725 2556 814 2610 διά
831 2572 892 2609 τε
914 2555 1003 2614 τὸν
1028 2554 1406 2627 παρεπόμενον
1423 2553 1579 2624 ὄχλον
1602 2554 1696 2607 καὶ
1711 2554 1771 2606 τὸ
1795 2554 1968 2625 βραχὺ

389 2647 490 2717 τῆς
518 2646 732 2720 ἡλικίας
764 2644 1106 2716 (μικροφυὴς
1145 2643 1252 2715 γὰρ
1292 2644 1388 2714 τὴν
1418 2643 1636 2714 ἠλικίαν
1668 2645 1696 2696 6
1737 2645 1972 2714 μεγαλό-

390 2739 560 2810 ψυχος
585 2737 910 2809 Ζακχαῖος),
939 2739 1032 2790 ἐπὶ
1055 2737 1424 2808 συκομοραῐας
1443 2735 1644 2805 ἀνῆλθε
1671 2736 1971 2792 θεάσασθαι

389 2831 484 2884 τὸν
527 2829 860 2902 ποθούμενον
880 2846 895 2860 ο
943 2829 1002 2883 ὃν
1047 2828 1254 2897 Ἰησοῦς
1286 2828 1542 2890 καλέσας,
1575 2827 1705 2898 παρ’
1735 2827 1884 2898 αὐτῷ
1911 2846 1972 2881 τε

394 2920 678 2986 ξενισθεὶς,
715 2919 1043 2992 μαθητεύειδ
1079 2921 1174 2974 καὶ
1190 2919 1371 2972 πάντα
1403 2917 1474 2970 τά
1504 2919 1818 2987 ὑπάρχοντα
1860 2923 1974 2983 τοῖς

390 3013 592 3066 ὲνδεέσι
615 3013 712 3067 καὶ
728 3011 1166 3081 πλεονεκτηθεῖσι
1189 3009 1505 3079 τετραπλῶς
1530 3009 1761 3074 ἀποδοὺς
1785 3011 1814 3062 6
1838 3012 1973 3064 Ζακ-

389 3106 562 3173 χαῖος,
584 3102 818 3175 Χριστοῦ
853 3101 1098 3174 μαθητὴς
1124 3101 1514 3172 ἐχρημάτισεν.

389 3213 461 3269 94
499 3213 654 3284 Τρεῖς
696 3211 751 3268 δ’
778 3212 893 3283 ἄρα
918 3214 1288 3284 λυσιμελής,
1314 3213 1348 3267 ὅ
1383 3230 1448 3266 τε
1475 3212 1778 3296 λέκτριος,
1815 3215 1882 3281 ὅς
1910 3217 1969 3296 ς’

1625 3284 1744 3355 Ιέπὶ
1773 3286 1935 3355 πηγῇ
1953 3327 1969 3352 .

389 3353 461 3410 95
492 3353 600 3407 Ἦν
629 3371 696 3408 τε
721 3354 960 3424 πνεῦμα
988 3354 1278 3422 πέδησεν.

462 3445 682 3516 Πρῶτός
717 3447 832 3498 ἐστι
873 3446 1180 3517 παράλυτος
1224 3449 1252 3500 6
1289 3448 1346 3500 ὲν
1391 3449 1764 3520 Καπερναοὺμ
1807 3449 1970 3519 θερα-

393 3536 611 3602 πευθείς
700 3538 877 3590 ἐκεῖσε
919 3538 1028 3608 γὰρ
1077 3537 1165 3591 διὰ
1213 3537 1304 3592 τὸν
1349 3539 1503 3609 ὄχλον
1559 3541 1636 3612 μὴ
1676 3541 1966 3608 δυνάμενοι

1423 364 1516 419 ΑΙ)
1555 364 1869 420 CARMINA
1910 366 1968 422 S.
2003 367 2334 426 GREGORII
2373 369 2625 427 THEOL.

3543 373 3652 430 ΗΟ

2074 490 2236 543 αὑτὸν
2267 493 2637 562 προσαγαγεῖν
2672 487 2750 557 τῷ
2787 488 2985 559 Ἰησοῦ,
3020 491 3121 561 τὴν
3150 489 3348 561 στέγην
3380 489 3652 545 ἀνακαλύ-

2073 582 2274 652 ψαντες
2305 581 2397 634 τοῦ
2436 581 2607 646 οἴκου,
2658 579 2907 648 καθῆκαν
2944 582 3107 637 αὑτὸν
3139 582 3230 634 ἐπὶ
3272 582 3478 652 κλίνης·
3521 583 3652 652 Χριο

2077 675 2200 736 στὸς
2225 673 2281 726 δὲ
2309 677 2409 745 τὴν
2436 676 2614 728 πίστιν
2639 673 2818 728 αὐτῶν
2841 672 3203 744 θεασάμενος,
3236 674 3424 743 ἄμφω,
3453 672 3552 740 τῆς
3589 688 3650 722 τε

2072 767 2230 819 νόσου
2278 768 2371 819 καὶ
2398 767 2508 819 τῶν
2537 769 2841 838 ἁμαρτιῶν,
2871 771 2960 822 τὸν
2985 771 3260 838 κάμνοντα
3304 766 3454 818 λύσιν
3486 763 3650 834 εὑρά-

2079 875 2260 927 μενον,
2299 858 2379 928 τῷ
2403 859 2546 930 λόγῳ
2581 860 2675 913 τοῦ
2718 861 2983 931 στόματος
3021 861 3287 913 ἀπέλυσεν
3325 858 3474 927 ὑγιῆ.

2157 956 2213 1008 'O
2241 956 2294 1008 δὲ
2309 956 2400 1009 ἐπὶ
2428 959 2496 1026 τῇ
2512 959 2660 1027 πηγῇ
2691 957 2998 1027 παράλυτός
3026 958 3172 1008 ἐστιν
3191 957 3218 1007 6
3245 954 3535 1026 τριάκοντα
3554 949 3647 1002 καὶ

2073 1046 2218 1100 ὀκτὼ
2235 1049 2446 1120 χρόνοις
2461 1051 2524 1120 τῇ
2544 1049 2641 1118 τῆς
2656 1049 2994 1119 προΰατικῆς
3011 1051 3146 1116 ὲγκα
3155 1065 3243 1118 ρτε
3253 1046 3357 1118 ρῶν
3375 1043 3499 1096 κολυ
3509 1042 3646 1113 μϐή-

2074 1139 2199 1210 θρα·
2241 1140 2444 1212 ταύτης
2493 1141 2602 1212 γὰρ
2644 1140 2873 1210 ἄγγελος
2924 1141 3126 1194 κατιὼν
3176 1139 3268 1192 καὶ
3317 1136 3553 1190 σαλεύων
3587 1133 3650 1186 τὸ

2075 1232 2251 1304 ὕδωρ,
2285 1233 2363 1304 τῷ
2411 1233 2642 1304 πρώτως
2684 1236 2920 1287 κατιόντι
2967 1235 3066 1304 τῆς
3114 1231 3332 1286 οἱασοῦν
3369 1227 3650 1296 κατείχετο

2073 1329 2229 1382 νόσου
2265 1328 2364 1398 τὴν
2390 1327 2543 1380 λύσιν
2565 1329 2856 1400 παρείχετο
2874 1345 2886 1358 ·
2918 1328 2985 1380 δι’
3011 1329 3076 1398 ἣν
3097 1325 3276 1378 αἰτίαν
3301 1320 3510 1375 πολλῶν
3532 1319 3649 1371 δια-

2074 1419 2258 1489 φόροις
2289 1417 2603 1488 καμνόντων
2645 1418 2840 1470 πάθεσι
2867 1417 3174 1488 παρόντων,
3207 1416 3234 1467 6
3271 1407 3649 1482 παραλελυμέ-

2073 1527 2162 1573 νος
2194 1501 2370 1573 οὗτος,
2406 1509 2500 1562 ἆτε
2535 1510 2750 1579 πτωχὸς
2793 1510 2886 1563 καὶ
2921 1507 3125 1578 μηδένα
3151 1505 3240 1557 τὸν
3271 1503 3529 1572 βάλλοντα
3558 1515 3650 1550 κε-

2074 1600 2345 1669 κτημένος
2383 1601 2441 1652 ἐν
2467 1600 2544 1670 τῷ
2577 1600 2759 1665 ὕδατι,
2791 1599 2927 1668 πρὸς
2970 1600 3036 1668 τῇ
3073 1596 3211 1664 νόσῳ
3246 1595 3339 1646 καὶ
3368 1590 3445 1661 τῷ
3474 1589 3649 1660 χρόνῳ

2072 1689 2402 1760 τρυχόμενος
2428 1690 2528 1758 τῆς
2551 1689 2794 1758 ἀτυχίας,
2816 1685 3154 1756 διεκαρτέρει
3183 1684 3327 1754 μάλα
3362 1678 3644 1738 νεανικῶς.

2073 1780 2273 1832 Τοῦτον
2313 1779 2434 1833 ἰδὼν
2473 1779 2678 1849 Ἰησοῦς
2704 1780 2732 1831 6
2773 1777 3182 1846 φιλάνθρωπος,
3214 1772 3443 1842 ᾤκτειρε
3478 1767 3652 1820 σπλα-

2073 1869 2312 1939 χνισθεὶς
2349 1871 2436 1922 ἐπ’
2469 1868 2638 1939 αὐτῷ,
2671 1869 2766 1921 καὶ
2797 1866 3100 1936 πυθόμενος
3143 1865 3190 1916 εί
3219 1861 3364 1915 θέλει
3393 1852 3648 1926 γενέσθαι

2073 1965 2250 2035 ὑγιὴς,
2285 1964 2367 2016 ὅτι
2395 1963 2503 2015 Ναὶ
2533 1962 2790 2025 ἀκούσας,
2821 1959 2962 2013 ὀκτὼ
2988 1960 3081 2012 καὶ
3108 1957 3402 2027 τριάκοντα
3425 1951 3650 2024 χρόνους

2069 2055 2262 2109 τούτου
2302 2055 2462 2126 χάριν
2495 2055 2901 2124 προσκαρτερεῖ
2927 2054 2994 2122 τῇ
3038 2047 3429 2118 κολυμϐήθρᾳ,
3464 2043 3652 2096 σύντο-

2075 2162 2172 2215 μον
2195 2147 2298 2214 τὴν
2329 2145 2516 2212 ὑγείαν
2547 2143 2696 2213 αὐτῷ
2721 2143 2798 2212 τῷ
2823 2143 2965 2212 λόγῳ
2991 2139 3085 2194 τοῦ
3115 2139 3382 2209 στόματος
3419 2134 3652 2206 χαρισά-

2075 2253 2254 2306 μενος,
2285 2235 2381 2306 τὴν
2413 2235 2547 2288 ίδίαν
2579 2236 2788 2306 ἄραντα
2835 2233 3023 2303 κλίνην
3055 2231 3163 2284 τῶν
3193 2229 3380 2284 αὐτόοι
3413 2224 3650 2297 βαδίζειν

2071 2326 2415 2397 παραχρῆμα
2458 2325 2807 2395 προσέταξεν.
2832 2324 3062 2376 ’Ἢντινα
3104 2320 3160 2373 δὲ
3183 2320 3372 2389 ἔδησεν
3411 2319 3440 2369 6
3475 2317 3652 2368 Σατα-

2071 2421 2188 2481 νᾶς,
2221 2419 2404 2488 ἐκείνη
2444 2418 2591 2470 ἐστὶν
2625 2418 2690 2486 ἣν
2713 2419 2769 2470 ὲν
2796 2419 2862 2487 τῇ
2893 2416 3183 2484 συναγωγῇ
3216 2411 3404 2464 ἔλυσεν
3432 2411 3489 2462 ἐν
3517 2408 3651 2460 σαϐ-

2073 2508 2240 2578 ϐάτῳ,
2272 2508 2337 2561 δι’
2359 2508 2425 2577 ἣν
2449 2509 2543 2560 καὶ
2575 2506 3000 2578 λοιδορούμενος,
3033 2505 3168 2575 πρὸς
3195 2504 3321 2566 τοὺς
3365 2500 3651 2561 Ἰουδαίους

2074 2600 2236 2669 φησὶν
2273 2600 2302 2651 6
2347 2599 2574 2670 Ἰησοῦς,
2614 2599 2716 2665 Τίς
2759 2598 2828 2663 ἐξ
2868 2596 3036 2667 ὑμῶν
3076 2597 3203 2665 ἔχει
3249 2596 3566 2663 πρόϐατον,
3612 2591 3650 2659 ἢ

2073 2692 2318 2758 κτῆνος,
2361 2691 2458 2744 καὶ
2525 2693 2636 2745 οὐκ
2675 2691 2929 2759 ἀφίησιν
2974 2686 3122 2742 αὐτὸ
3176 2685 3337 2740 πιεῖν
3383 2684 3541 2752 ὕδωρ
3584 2683 3654 2735 ἐν

2075 2782 2375 2848 σαϐϐάτῳς
2411 2783 2640 2850 Ταύτην
2661 2780 2729 2834 δὲ
2753 2781 2995 2850 χρόνοις
3028 2784 3102 2846 ιη’
3134 2775 3425 2845 θυγατέρα
3454 2769 3656 2826 οὖσαν

2087 2873 2336 2942 Ἰσραὴλ
2363 2873 2444 2940 ἣν
2471 2873 2696 2940 ἔδησεν
2717 2875 2748 2926 ὀ
2771 2869 3043 2936 Σατανᾶς
3073 2871 3184 2922 οὐκ
3213 2866 3333 2920 ἔδει
3358 2865 3655 2933 λυθῆναι;

2076 2966 2188 3018 Καὶ⁹
2215 2965 2387 3018 ταῦτα
2415 2965 2662 3033 λέγοντος
2692 2963 2878 3026 αὐτοῦ,
2910 2959 3285 3032 ὲιριμώθησαν.

2075 3057 2145 3112 96
2184 3057 2342 3126 Τρεῖς
2378 3057 2445 3110 δέ
2468 3073 2566 3110 σοι
2597 3057 2665 3109 ἐκ
2693 3055 2926 3109 νεκύων
2951 3053 3102 3123 φάος
3131 3046 3657 3202 ἐδρακονίᾶιῗῐ)

2075 3197 2144 3251 97
2178 3198 2503 3264 Ἀρχοντος
2525 3195 2806 3264 θυγάτηρ,
2841 3193 3033 3264 χήρης
3060 3191 3222 3258 πάϊς·
3254 3190 3324 3244 ἐκ
3349 3183 3418 3242 δέ
3447 3183 3656 3256 eda-riora

2077 3267 2146 3321 98
2178 3267 2437 3335 Λάζαρος
2466 3266 2832 3335 ήμιδάϊιιτος.

2147 3357 2404 3427 Θυγάτηρ
2449 3356 2566 3408 ἐστὶ
2607 3355 2701 3407 τοῦ
2752 3353 3148 3423 ἑκατοντάρχου
3181 3351 3249 3421 ἣν
3297 3349 3593 3420 ἀνέστησεν
3627 3348 3657 3399 6

2089 3449 2330 3517 Ἰησοῦς·
2375 3443 2528 3512 οὗτος
2583 3447 2692 3517 γὰρ
2742 3446 3019 3516 βασιλικὸς
3072 3444 3148 3497 ὢν
3198 3442 3338 3514 ἀνὴρ
3383 3439 3651 3510 εὐλαϐὴς,

2075 3540 2382 3611 ἡρώτα.τὸν
2428 3540 2632 3594 Ἰτεσοῦν
2666 3539 2794 3607 περὶ
2836 3539 2934 3608 τῆς
2964 3538 3233 3608 θυγατρὸς
3262 3539 3447 3590 αὐτοῦ’
3489 3555 3656 3590 κστ-τα-

462 3679 752 3735 Μθιιιιαξιιε
777 3683 1138 3750 publicanus;
1174 3698 1336 3752 quem
1375 3683 1564 3737 videns
1590 3682 1750 3737 Jesus
1776 3682 1830 3735 in
1863 3682 2070 3752 telonio
2103 3683 2383 3737 sedentem
2409 3680 2546 3735 dixit
2581 3681 2628 3736 ei
2661 3700 2684 3752 ε
2711 3681 2932 3744 Sequere
2959 3700 3058 3736 me.
3099 3683 3168 3735 Et
3196 3699 3437 3752 surgens,
3473 3682 3672 3736 relictis

393 3753 634 3806 omnibus
666 3762 877 3805 secutus
910 3765 987 3806 est
1025 3751 1249 3816 eum‘,et
1277 3755 1583 3821 discipulus
1606 3753 1729 3820 ejus
1759 3754 1955 3807 evasit.
1989 3751 2342 3822 Evangelium
2385 3753 2625 3822 scripsit.
2659 3751 3412 3823 Publicanusdicebatur’qui
3440 3753 3672 3822 vectigal

395 3834 590 3892 praeter
613 3823 855 3876 debitum
890 3825 1138 3894 exigebat
1169 3840 1182 3874 :
1215 3825 1361 3894 quod
1407 3824 1689 3892 negotium
1725 3823 1956 3876 avaritia
1984 3832 2040 3877 et
2072 3823 2359 3892 iniquitate
2389 3823 2532 3875 haud
2565 3824 2802 3877 carebat.

463 3936 618 4017 alios
645 3945 730 3990 est
752 3936 1076 4016 publicanus
1112 3936 1206 4006 qui
1238 3936 1507 4006 lacrymas
1532 3936 1584 3990 in
1615 3935 1820 4006 templo
1866 3932 2012 3990 fudit
2037 3945 2093 3991 et
2125 3949 2236 4004 prae
2266 3931 2546 3990 Phariszeo
2585 3935 2842 4006 glorioso
2870 3935 3006 3992 abiit
3045 3935 3406 4006 justiﬁcalus.
3455 3935 3586 4007 Leg.
3613 3936 3670 3992 in

396 4021 577 4075 primo
603 4022 870 4062 carmine.

466 4117 778 4183 Zacchteus,
814 4119 906 4190 qui
939 4129 993 4192 et
1026 4120 1141 4189 ipse
1173 4122 1496 4191 publicanus
1521 4129 1663 4184 erat,
1703 4119 1893 4175 Jesum
1932 4119 2150 4192 videndi
2188 4121 2444 4191 cupidus,
2479 4137 2602 4175 cum
2634 4122 2811 4186 ipsum
2853 4129 3276 4192 praetereuntem
3323 4122 3508 4177 videre
3558 4136 3668 4176 non

391 4199 577 4257 posset
612 4189 845 4259 propter"
862 4191 1076 4262 turbam
1099 4201 1154 4245 et
1175 4189 1423 4262 corporis
1450 4193 1536 4247 sui
1570 4194 1891 4261 parvitatem
1925 4189 2438 4262 (Zaccbmus‘enint
2484 4189 2871 4262 magnanimus
2911 4194 3120 4261 exigua:
3155 4203 3273 4248 erat
3319 4194 3587 4261 staturae),
3615 4193 3668 4245 in

393 4274 742 4333 sycomorum
779 4260 1038 4333 ascendit
1073 4259 1496 4333 utdesiderium
1531 4259 1692 4316 suum
1739 4259 2004 4333 expleret.
2065 4259 2228 4315 Jesus
2259 4261 2549 4333 advocavit
2583 4259 2714 4316 eum
2748 4273 2802 4316 et
2855 4259 3053 4332 hospes
3099 4265 3364 4333 hOSpitem
3407 4265 3474 4318 de
3505 4259 3672 4317 rebus

393 4329 568 4403 sacris
594 4331 836 4403 edocuit.
877 4329 1263 4403 Hic_omnibus
1299 4349 1423 4401 quae
1452 4333 1711 4394 habebat,
1736 4331 1792 4386 in
1813 4329 2019 4402 istipem
2063 4332 2325 4401 erogatis,
2370 4343 2659 4403 postquam
2701 4334 2769 4388 iis
2812 4329 3395 4403 quos—defraudaverat
3435 4334 3670 4402 quadru-

393 4399 540 4468 plum
583 4400 930 4468 reddidisset,
961 4399 1150 4456 Jesum
1181 4399 1342 4472 elegit
1373 4404 1715 4471 magistrum.

468 4516 523 4570 In
562 4515 948 4590 Capliarnaum
981 4518 1218 4586 primum
1254 4519 1541 4588 paralytici
1573 4518 1747 4573 sanati
1771 4516 2084 4590 exemplum
2119 4516 2383 4590 occurrit.
2419 4515 2517 4572 [lic
2544 4534 2668 4590 cum
2701 4519 2772 4574 ob
2803 4520 3017 4574 turbam
3062 4521 3503 4590 appropinquare
3537 4517 3670 4573 Iesu

394 4603 501 4640 non
541 4597 742 4661 posset,
768 4589 930 4661 domo
963 4597 1186 4661 retecta,
1217 4591 1270 4640 in
1303 4586 1441 4642 lecto
1472 4590 1682 4661 cubans
1718 4589 1782 4642 ad
1821 4590 1988 4661 pedes
2008 4586 2137 4661 Jesu
2163 4587 2446 4661 depositus
2475 4598 2578 4644 est.
2610 4589 2714 4661 Qui
2744 4591 2834 4661 ubi
2874 4591 3033 4644 Iidem
3067 4586 3258 4646 eorum
3302 4586 3668 4661 pernosisset,

394 4673 503 4711 uno
525 4659 638 4712 oris
672 4659 838 4712 verbo
866 4659 1141 4713 hominem
1177 4675 1381 4728 aegrum
1417 4667 1470 4714 et
1495 4659 1674 4712 morbi
1703 4667 1756 4712 et
1779 4659 1986 4728 peccati
2021 4657 2255 4712 vinculis
2283 4658 2521 4713 solutum
2551 4660 2665 4714 suis
2697 4659 2954 4714 restituit.

463 4771 813 4844 Paralyticusr
841 4774 908 4826 ad
958 4774 1159 4827 fontem
1191 4773 1330 4827 idem
1370 4782 1450 4827 est
1481 4773 1574 4842 qui
1613 4789 1708 4842 per
1739 4772 1964 4844 triginta
1997 4782 2122 4827 octo
2161 4789 2340 4828 annos
2375 4789 2544 4844 prope
2579 4774 2843 4838 piscinam
2876 4775 3210 4843 probaticam
3247 4782 3494 4829 moratus
3521 4777 3667 4844 erat.

392 4843 552 4910 cujus
583 4843 834 4914 aquaeab
883 4844 1076 4914 angelo
1114 4854 1276 4898 motae
1305 4844 1596 4898 sanitatem
1625 4845 1676 4897 ei
1716 4842 1944 4908 dabant,
1974 4845 2066 4912 qui
2105 4847 2320 4912 primus
2370 4842 2648 4907 intrasset,
2683 4842 3015 4912 quocunque
3058 4862 3252 4912 genere
3297 4843 3472 4898 morbi
3520 4842 3673 4914 labo-

394 4921 564 4966 raret.
602 4911 754 4966 Multi
800 4910 981 4969 variis
1012 4915 1220 4968 morbis
1248 4915 1375 4983 aegri
1415 4922 1528 4967 tum
1556 4915 1820 4977 aderant;
1851 4910 2038 4968 noster
2065 4910 2249 4968 autem
2298 4915 2425 4983 quia
2469 4930 2672 4982 pauper
2710 4924 2850 4977 erat,
2887 4910 2956 4968 ab
2982 4910 3239 4969 omnibus
3269 4915 3586 4983 derelictus,
3615 4910 3670 4961 in

395 4984 612 5050 longum
640 4983 807 5036 traxit
838 4993 892 5036 et
922 4985 1174 5038 morbum
1205 4994 1260 5038 et
1282 4981 1622 5053 patientiam.
1651 4983 1810 5038 Jesus
1835 4984 2212 5037 misericordia
2247 4981 2446 5038 ductus
2467 4981 2532 5037 ex
2561 4998 2628 5038 eo
2657 4985 2907 5052 quaesivit
2935 5000 3064 5038 num
3096 4985 3233 5039 bene
3259 4986 3438 5038 valere
3461 4981 3668 5035 mallet.

399 5073 417 5104 ι
467 5053 666 5116 Etiam,
707 5074 725 5105 ι
767 5069 1091 5122 responsum
1123 5055 1254 5116 fuit;
1288 5071 1414 5107 nam
1445 5055 1517 5108 ob
1551 5054 1604 5107 id
1641 5055 1818 5123 ipsum
1853 5069 1946 5122 per
1973 5055 2196 5123 triginta
2233 5063 2356 5109 octo
2381 5070 2557 5109 annos
2583 5055 2675 5108 hic
2705 5055 2971 5110 sedeo...»
3001 5056 3254 5110 Salvator
3293 5055 3506 5113 salvum
3537 5063 3676 5105 eum.

393 5126 524 5178 fecit
549 5123 942 5194 mandavitque
966 5133 1026 5178 ut
1061 5125 1347 5196 grabatum
1384 5126 1618 5190 tolleret,
1644 5125 1711 5178 ad
1742 5139 1876 5180 suos
1902 5124 2126 5179 rediret.

465 5238 657 5293 Mulier
695 5253 819 5306 quae
848 5238 1052 5292 diaboli
1083 5237 1296 5305 laqueis
1343 5238 1553 5292 irretita
1585 5247 1721 5300 erat,
1745 5244 1800 5291 et
1829 5253 1994 5307 quam
2037 5236 2200 5292 Jesus
2228 5237 2283 5291 in
2314 5251 2589 5308 synagoga
2618 5239 2854 5294 vinculis
2895 5237 3008 5293 suis
3047 5239 3322 5299 liberavit,
3364 5239 3551 5292 eadem
3583 5242 3671 5288 est:

391 5319 614 5377 preptcr
673 5324 839 5375 quam
889 5309 1106 5363 Judaeos
1172 5309 1470 5377 increpavit
1507 5323 1519 5354 :
1570 5309 1702 5373 Quis
1748 5324 1813 5361 ea:
1870 5309 2014 5362 vobis
2059 5311 2236 5362 bovem
2291 5307 2486 5361 habens
2533 5307 2625 5362 out
2654 5327 2817 5372 orem,
2851 5309 3082 5363 Sabbato
3127 5327 3230 5364 non
3263 5310 3417 5364 solvit
3441 5319 3487 5361 et
3519 5307 3669 5360 ducit

389 5379 702 5450 adaquare?
739 5377 891 5431 Hanc
909 5388 1087 5450 autem
1129 5379 1301 5450 ﬁliuni
1336 5379 1563 5432 Abrahae
1594 5395 1754 5446 quam
1793 5378 2032 5449 alligauit
2079 5379 2463 5439 Satanas,ecce
2494 5379 2667 5433 decem
2696 5390 2746 5434 et
2771 5392 2888 5434 octo
2917 5381 3096 5444 annis,
3135 5398 3238 5434 non
3268 5380 3502 5450 oportuit
3535 5377 3668 5432 solvi

390 5465 422 5500 α
459 5449 670 5501 vinculo
711 5449 817 5502 isto
849 5450 932 5502 die
961 5448 1321 5508 Sabbati'?Et
1353 5464 1477 5503 cum
1510 5450 1627 5503 haec
1654 5448 1907 5514 dixisset,
1930 5465 2122 5503 omnes
2146 5450 2559 5503 obmutuerunt.

467 5561 658 5616 Filiam
691 5564 1032 5617 centurionis
1076 5563 1361 5634 suscitavit
1391 5563 1552 5618 Jesus
1581 5606 1594 5619 .
1624 5563 1806 5632 Pater,
1836 5565 2001 5618 homo
2043 5579 2363 5634 generosus,
2398 5562 2586 5619 Jesum
2618 5565 2688 5618 ob
2714 5564 2861 5617 illam
2899 5564 3130 5618 adierat.
3163 5561 3324 5634 Iesus
3369 5569 3662 5634 postquam

394 5634 732 5686 Centurionis
781 5643 981 5688 tectum
1013 5630 1289 5696 intrasset,
1334 5635 1499 5687 tiliam
1541 5635 1748 5690 invenit
1788 5629 2094 5700 mortuam;
2144 5635 2616 5704 rcpressoiitaquc
2645 5637 2794 5688 luctu
2823 5649 3011 5689 eorum
3045 5635 3136 5701 qui
3179 5633 3428 5704 aderant,
3469 5629 3667 5704 puellae

396 5719 558 5757 manu
587 5715 825 5772 arrepta,
863 5705 1036 5775 ipsam
1073 5705 1420 5758 resuscitavit
1452 5715 1502 5759 et
1538 5706 1856 5777 parentibus
1882 5698 2359 5761 vivatnrcstituit.
2411 5698 2584 5760 Vidua
2643 5707 2836 5761 habuit
2884 5698 3075 5760 tilium
3116 5704 3169 5758 in
3226 5703 3447 5759 civitate
3484 5698 3667 5756 Naim.

508 5835 527 5864 ‘
561 5831 728 5886 Matth
783 5846 859 5898 Ix,
885 5830 939 5888 9.
1049 5832 1065 5861 ²
1090 5827 1221 5886 Luc.
1255 5845 1374 5895 xm,
1410 5829 1490 5884 l6.
