4180 6350
362 408 465 463 417

361 524 460 594 τὴν
487 519 849 574 Ἀναστασίαν
878 517 1181 591 Γρήτόριος
1206 508 1364 573 καλεῖ
1384 536 1398 549 ·
1433 519 1492 572 ὲν
1519 516 1695 587 ταύτῃ
1718 515 1828 588 γάρ
1850 515 1943 569 τὸν

363 614 539 683 Λόγον
563 613 687 675 ταῖς
707 611 1057 682 τεθνηκυίαις
1089 610 1343 680 ἐγέννησε
1368 609 1589 681 ψυχαῖς.
1614 608 1833 679 Ταύτην
1853 625 1942 678 μι-

360 702 499 773 κρὰν
531 697 699 755 οὖσαν
734 699 834 771 τήν
876 699 1226 771 Ἐκκλησίαν,
1258 700 1316 753 ὲν
1342 693 1377 772 ᾗ
1405 698 1628 772 βραχεῖς
1659 698 1942 766 συναθροι-

360 792 624 864 ζομένους
662 791 756 844 καὶ
781 790 900 843 λίαν
936 790 1198 854 σπανίους
1230 790 1340 843 τῶν
1370 790 1666 862 όρθοδόξων
1692 789 1945 861 εὑρηκὼς

361 880 452 956 (ἦν
504 882 613 955 γάρ
663 884 695 953 ή
754 882 864 935 τῶν
901 881 1195 953 ’Λρειανῶν
1242 882 1509 953 δυσσεϐὴς
1539 881 1600 934 τὸ
1644 880 1945 954 τηνικαῦτα

361 976 580 1029 πάντων
607 974 818 1044 αἵρεσις
856 973 1322 1045 κατακρατοῦσα),
1357 973 1572 1038 διδάξας
1594 972 1819 1045 ηὔξησε,
1849 972 1945 1026 καὶ

360 1066 542 1119 πάντα
569 1064 638 1118 τὰ
658 1064 837 1139 πλήθη
868 1065 937 1118 τά
960 1066 1060 1137 τὴν
1083 1065 1329 1136 βασιλίδα
1361 1066 1613 1120 οἰκοῦντα
1639 1066 1793 1120 πόλιν
1821 1106 1835 1119 .
1870 1106 1885 1121 .
1927 1106 1941 1120 .

362 1176 720 1232 Desideratur
756 1179 813 1232 in
854 1177 1036 1233 codice
1076 1178 1272 1302 {lolium
1308 1196 1493 1245 unum,
1542 1179 1599 1233 id
1629 1187 1707 1234 est
1736 1180 1944 1250 pagina:

1124 1265 1233 1302 uae.

1124 1265 1233 1307 ιιαξ.

930 1384 1156 1438 ΛΟΓΟΣ
1181 1375 1261 1436 ιε’
1281 1382 1379 1455 (1).

369 1557 384 1575 .
427 1560 441 1574 .
485 1519 760 1592 [νεῙφέλης
780 1521 1032 1592 χωρῆσαι
1056 1519 1359 1591 προσέταξε
1382 1520 1478 1574 καὶ
1502 1523 1685 1593 φωνῆς
1718 1521 1949 1575 ἀκοῦσαι

365 1612 521 1678 Θεοῦ,
556 1614 650 1666 καὶ
683 1613 759 1676 ὠς
786 1612 1060 1684 ἀνθρώπῳ
1089 1612 1385 1667 θεάσασθαι
1418 1613 1639 1666 δυνατὸν
1672 1610 1739 1685 ἦν
1760 1631 1774 1645 ·
1824 1615 1952 1678 τοὺς

364 1707 421 1759 δὲ
450 1706 668 1769 λοιποὺς
695 1706 942 1770 ἅπαντας
976 1706 1081 1759 ὑπὸ
1109 1706 1169 1759 τὸ
1207 1706 1333 1777 ὅρος
1367 1707 1718 1779 προσμένειν,
1752 1709 1951 1777 ἁγνοὺς

370 1800 468 1870 μὲν
500 1799 609 1851 ἀπὸ
636 1799 825 1869 κοίτης
846 1798 1144 1867 γυναικῶν,
1180 1800 1239 1852 ὲν
1272 1800 1508 1871 ἱματίοις
1544 1800 1820 1871 καθαροῖς,
1853 1802 1944 1873 ἐρ·-

369 1891 754 1961 ῥαντισμένους
781 1890 842 1943 τὸ
864 1891 1025 1961 σῶμα
1055 1889 1211 1943 ὕδατι
1243 1891 1487 1962 καθαρῷ,
1533 1894 1629 1946 καὶ
1655 1895 1754 1965 τῆς
1794 1893 1945 1958 θείας

364 1985 550 2052 φωνῆς
590 1983 747 2053 μόνον
775 1982 994 2036 ἀκούειν
1017 1998 1032 2014 ·
1078 1983 1181 2036 κᾶν
1216 1983 1401 2053 θηρίον
1428 1984 1484 2036 δὲ
1508 1984 1636 2058 θίγῃ
1664 1984 1756 2039 τοῦ
1786 1985 1945 2056 ὅρους

364 2074 1010 2145 καταλιθοϐοληθήσεται.
1038 2075 1255 2146 Ταύτην
1273 2077 1330 2128 δὲ
1355 2076 1656 2148 Γρηγόριος
1684 2078 1784 2149 τὴν
1811 2080 1947 2131 ἱστο-

368 2167 488 2238 ρίαν
526 2167 874 2236 παρεισάγει,
923 2164 1024 2237 τὴν
1066 2166 1228 2220 τινῶν
1268 2167 1593 2239 ἀποτρέπων
1637 2168 1941 2233 αὐθάδειαν,

362 2258 439 2321 ὠς
462 2257 697 2324 ἀναξίως
720 2260 834 2321 τοῖς
864 2258 1028 2329 ἱεροῖς
1051 2259 1470 2329 προσέρχονται,
1487 2259 1638 2313 οὐδὲν
1655 2260 1764 2313 τῶν
1788 2261 1945 2330 ἱερω-

364 2349 532 2418 σύνης
562 2349 889 2421 ἐπιτηδείων
919 2350 1272 2421 κεκτημένοι,
1330 2351 1501 2423 μόνης
1521 2351 1579 2405 δὲ
1623 2353 1783 2424 χάριν
1814 2370 1947 2406 κατ-

361 2441 810 2512 αλαζονευόμενοι
841 2442 1163 2508 κενοδοξίας.

364 2533 469 2588 124
505 2533 701 2587 Δείδια
749 2533 801 2587 δ’
839 2531 918 2591 αὖ
969 2534 1200 2588 παίδων
1257 2533 1483 2601 Ἀαρὼν
1513 2535 1722 2657 μόῆιέν.
1761 2534 1839 2657 Vg);
1863 2537 1948 2603 ῥα

1680 2623 1756 2657 vn
1844 2626 1875 2657 ο

1680 2624 1716 2657 υ

364 2675 468 2728 123
490 2674 704 2740 Θέντες
722 2674 818 2728 ἐπὶ
847 2674 1069 2740 ξείνοιο
1095 2675 1311 2744 art-pec,
1336 2675 1550 2741 ξείνως
1578 2604 1941 2729 κίίὶιέἰνὸῖςτο.

434 2784 545 2855 Τὴν
581 2786 785 2858 σκηνὴν
807 2786 900 2839 τοῦ
935 2786 1234 2858 μαρτυρίου
1263 2764 1572 2857 προστάξας
1605 2786 1632 2837 6
1663 2784 1796 2850 Θεὸς
1818 2788 1947 2839 Μω-

366 2877 450 2927 σεῖ
483 2877 915 2940 κατασκευάσαι,
961 2878 1057 2931 καὶ
1098 2879 1188 2931 τὸν
1233 2878 1443 2947 ’Δαρὼν
1474 2876 1772 2948 ἱερατεύειν
1797 2877 1947 2949 αὐτῷ

363 2967 740 3037 ἐκλεξάμενος,
785 2968 934 3030 ὅπως
982 2967 1089 3038 χρὴ
1131 2966 1279 3021 θύειν
1343 2966 1660 3039 προσέταξε.
1724 2968 1845 3021 Τῶν
1890 2969 1946 3022 δὲ

363 3057 562 3111 θυσιῶν
584 3058 1177 3128 τελεσιουργουμένων,
1205 3054 1274 3131 ἦν
1298 3055 1386 3112 ὅτε
1423 3058 1534 3130 πῦρ
1566 3059 1824 3130 ἐξήρχετο
1851 3060 1945 3114 καὶ

362 3149 566 3213 ταύτας
591 3149 915 3220 αὐτομάτως
944 3150 1229 3221 κατήσθιε.
1282 3150 1421 3203 Ποτὲ
1449 3149 1581 3219 γοῦν
1620 3151 1789 3223 πυρὸς
1815 3153 1946 3206 ἀνα-

362 3243 603 3307 δοθέντος
637 3245 703 3296 ἐκ
742 3242 837 3296 τοῦ
884 3242 1297 3314 θυσιαστηρίου,
1349 3242 1600 3306 λαϐόντες
1633 3243 1818 3297 Ναδάϐ
1851 3244 1947 3298 καὶ

377 3336 589 3390 Ἀϐιοὺδ
626 3336 676 3389 οἱ
706 3335 802 3389 τοῦ
843 3334 1057 3406 Ἀαρὼν
1089 3335 1278 3399 παῖδες
1305 3336 1401 3388 καὶ
1426 3336 1595 3408 ἱερεῖς
1621 3335 1693 3389 τά
1725 3341 1945 3408 πυρεῖα,

368 3429 718 3499 προσήγαγον
738 3427 850 3499 πῦρ
878 3427 1157 3499 ἀλλότριον
1183 3428 1412 3481 ἐνώπιον
1434 3427 1641 3499 Κυρίου
1659 3444 1674 3458 δ
1700 3427 1945 3500 ὠργίσθη

363 3519 422 3571 δὲ
458 3518 660 3593 Κύριος
692 3523 806 3583 τοῖς
830 3519 1158 3590 παιδαρίοις,
1201 3521 1283 3574 ὅτι
1323 3521 1436 3592 πῦρ
1471 3520 1750 3591 ἀλλότριον
1774 3537 1943 3591 προσ·

366 3609 650 3681 εκόμισαν,
701 3612 798 3669 καὶ
844 3612 1129 3683 ἐπαφῆκεν
1158 3612 1344 3675 αὐτοῖς
1397 3614 1454 3665 ὲν
1490 3614 1558 3683 τῇ
1615 3613 1785 3683 σκηνῇ
1836 3611 1946 3683 πῦρ

366 3703 519 3772 παρὰ
542 3704 768 3774 Κυρίου,
798 3703 892 3756 καὶ
918 3703 1196 3773 ἀνήλωσεν
1223 3703 1419 3767 αὐτοὺς
1448 3707 1788 3775 παραχρῆμα
1807 3719 1822 3734 ο
1869 3703 1944 3774 τῷ

365 3792 650 3865 δὲἈαρὼν
676 3795 735 3847 ἐν
760 3793 838 3865 τῷ
850 3796 948 3866 τῆς
977 3793 1389 3866 ἀρχιερωσύνης
1415 3795 1496 3847 ἔτι
1518 3795 1780 3865 χρίσματι
1804 3795 1939 3861 ὄντι,

369 3887 444 3957 μή
470 3886 735 3957 πενθῆσαι
777 3887 871 3941 τὸν
901 3887 1250 3958 ἐμπυρισμὸν
1278 3886 1388 3941 τῶν
1415 3887 1548 3941 υἱῶν
1572 3887 1737 3941 αὐτοῦ
1773 3906 1943 3943 ποοσ-

1395 400 1490 456 AD
1528 394 1839 456 CARMINA
1880 396 1939 452 S.
1974 388 2318 466 _GREGORII
2358 385 2614 443 THEOL.

3520 381 3632 439 "8

2047 508 2237 577 έταξεν
2257 510 2286 562 ὁ
2317 506 2484 570 Θεὸς,
2542 505 2679 575 μήτε
2700 502 2801 572 τῆς
2823 503 3030 573 σκηνῆς
3053 498 3253 566 ἐξιέναι
3278 537 3294 565 ,
3348 499 3487 571 μήτε
3521 501 3629 571 μὴν

2043 602 2145 674 τὴν
2172 600 2416 670 κεφαλήν
2440 596 2873 669 ἀποκιδαρῶσαι.

2047 719 2069 771 1
2081 716 2150 770 28
2178 715 2271 781 Ὠς
2290 713 2360 766 δὲ
2376 713 2473 766 καὶ
2491 710 2840 781 Ἡλείδῃσιν
2853 706 3116 781 emi/pcta
3127 704 3351 781 Jvrpdr;
3363 704 3628 781 δζεθρος,

2046 788 2151 841 129
2167 774 2484 856 Ἠλείόιιις,
2500 782 2587 835 ὅτι
2601 774 2834 856 μᾴργον
2843 774 3150 856 ἔχοννόον
3164 793 3177 804 ’
3195 774 3236 848 ἦ
3252 775 3633 856 τῇιρβέϐξαβλον
3680 832 3685 837 ,

2048 858 2150 912 150
2174 858 2299 924 Οὐχ
2315 846 2478 922 ἱερὰς
2494 846 2777 920 παλάμας
2796 846 2959 916 ἱερῶν
2989 846 3325 916 καθύπερθε
3339 846 3628 912 λεϐήτων.
3698 881 3711 895 .

2113 960 2236 1014 Τῶν
2273 958 2405 1013 υἱῶν
2447 958 2594 1010 Ἠλεὶ
2636 955 2729 1010 καὶ
2765 953 2999 1023 ἀλλαχοῦ
3032 952 3358 1025 μεμνήμεθα
3386 954 3447 1005 ὲν
3477 951 3554 1022 τῷ
3580 935 3628 1004 α’

2043 1054 2187 1124 λόγῳ
2205 1067 2221 1083 °
2265 1050 2448 1121 ’οφνεὶ
2472 1049 2528 1103 δὲ
2554 1049 2651 1103 καὶ
2695 1046 2881 1109 Φινεὲς
2908 1045 3081 1116 ὄνομα
3105 1044 3334 1108 τούτοις.
3390 1037 3547 1098 Οὗτοι
3571 1043 3630 1097 δὲ

2043 1146 2341 1217 λαίμαργοι
2374 1142 2546 1207 ὄντες,
2571 1139 2671 1212 τὴν
2704 1139 2895 1193 θυσίαν
2929 1136 3210 1208 ἐνύϐριζον
3238 1136 3331 1190 τοῦ
3353 1136 3510 1197 Θεοῦ,
3529 1136 3633 1206 τὴν

2045 1237 2300 1309 ἀπαρχὴν
2330 1234 2678 1305 ἁγιαζόμενοι
2694 1248 2707 1261 ·
2743 1229 2820 1283 διὸ
2844 1229 2938 1283 καὶ
2961 1228 3207 1300 χαλεπῆς
3235 1228 3491 1300 τελευτῆς
3516 1228 3633 1282 ἐτυ.

2045 1343 2171 1399 χονο
2227 1327 2325 1398 οὐχ
2378 1325 2532 1388 ὁσίας
2569 1321 2678 1394 γὰρ
2725 1320 2947 1374 ἔϐαλλον
2987 1322 3176 1391 χεῖρας
3223 1319 3481 1391 ὑπεράνω
3520 1320 3632 1374 τῶν

2051 1418 2213 1493 ἱερῶν
2241 1418 2503 1489 λεϐήτων.

2050 1533 2147 1589 151
2185 1532 2341 1587 Οὐδὲ
2362 1531 2485 1595 μὲν
2527 1528 2671 1583 οὐδὲ
2711 1526 2864 1584 Ἠλεί
2918 1527 3109 1597 χόλον
3151 1527 3436 1597 ἔκφυγεν,
3469 1526 3637 1589 ἀλλὰ

3218 1544 3563 1669 ﬁliai?

2053 1688 2159 1741 152
2190 1688 2314 1754 Οὐχ
2337 1687 2476 1752 ὁσίη
2505 1684 2738 1754 γαστὴρ
2764 1685 2995 1739 παίδων
3022 1686 3290 1756 ἐχάλεψε
3316 1687 3571 1753 δίκαιον,

2056 1759 2158 1813 155
2185 1758 2407 1825 Καίπερ
2433 1757 2523 1810 ἀεὶ
2560 1757 2868 1825 βρίσαντα
2904 1757 3214 1825 ὀνειδείοις
3250 1757 3561 1811 ἐπέεσσιν.

2118 1867 2387 1930 Πολλάκις
2427 1867 2556 1931 τοὺς
2604 1868 2756 1930 υἱοὺς
2792 1867 3069 1932 ὠνείδιζεν
3105 1870 3135 1921 6
3173 1867 3344 1932 Ἠλεὶ,
3390 1867 3638 1940 ἁμαρτά·-

2049 1976 2159 2013 νειν
2197 1961 2278 2022 είς
2315 1959 2449 2013 Θεὸν
2500 1958 2781 2030 παραινῶν
2826 1958 3008 2023 αὐτοῖς
3035 1975 3047 1989 υ
3083 1960 3199 2013 ἀλλ’
3228 1961 3308 2014 ὅτι
3357 1961 3448 2014 τὸν
3474 1959 3636 2031 ζῆλον

2048 2053 2109 2106 ού
2146 2051 2465 2123 πρεπόντως
2502 2050 2843 2121 διεξήγαγεν,
2874 2054 2958 2105 Οὐ
2991 2034 3262 2120 φείσεται
3305 2051 3436 2123 γὰρ,
3472 2053 3637 2121 φησὶν

2050 2146 2079 2197 ὁ
2106 2145 2260 2208 Θεὸς,
2307 2146 2340 2197 ό
2368 2142 2676 2212 ὀφθαλμός
2702 2160 2818 2199 σου
2856 2143 2953 2197 ἐπὶ
2984 2141 3066 2209 τῷ
3103 2143 3211 2208 υἱῷ
3240 2158 3356 2197 σου
3383 2142 3463 2206 τῷ
3485 2144 3636 2199 ἀπο-

2054 2234 2372 2289 στατοῦντι
2402 2234 2552 2288 Θεοῦ
2574 2250 2588 2264 °
2625 2235 2816 2287 τούτου
2839 2236 3000 2307 χάριν
3036 2235 3131 2288 καὶ
3164 2234 3326 2298 αὐτὸς
3363 2233 3540 2307 ἱερεύς
3575 2252 3636 2288 τε

2051 2324 2125 2377 ὢν
2176 2325 2269 2378 καὶ
2307 2326 2426 2388 ταῖς
2464 2323 2653 2388 ἄλλαις
2678 2324 2995 2395 διαπρέπων
3043 2326 3296 2396 ἀρεταῖς,
3361 2324 3506 2393 ὅμως
3536 2321 3634 2394 τὴν

2049 2413 2216 2486 ὀργὴν
2243 2414 2342 2467 οὐκ
2371 2413 2633 2483 ἐξέφυγεν
2651 2456 2667 2479 ,
2701 2412 2814 2466 ἀλλ’
2847 2413 3064 2484 οἰκτρὸν
3104 2411 3264 2482 ἔλαχε
3293 2411 3449 2474 τέλος
3475 2453 3489 2478 ,
3518 2411 3623 2479 τῆς

2051 2506 2325 2578 ἁμαρτίας
2371 2506 2535 2559 αὐτὸν
2567 2506 2675 2559 τῶν
2725 2503 3031 2576 παιδαρίων
3082 2502 3633 2573 ὲπικαταλαϐούσης³

2051 2598 2193 2660 Ὅτι,
2217 2597 2382 2667 φησὶν
2416 2596 2564 2667 αὐτῷ
2588 2600 2616 2651 6
2645 2597 2799 2660 Θεὸς,
2823 2596 2967 2662 τοὺς
2999 2598 3170 2662 υἱούς
3196 2613 3312 2650 σου
3337 2596 3637 2662 ἑδόξασας

2050 2689 2201 2756 ὑπὲρ
2231 2688 2363 2758 ἐμὲ,
2407 2688 2663 2759 ἀπαρχὴν
2706 2687 2925 2760 Ἰσραὴλ
2968 2687 3061 2741 καὶ
3087 2687 3275 2741 θυσίαν
3313 2686 3635 2757 ἀγιάζεσθαι

2051 2780 2256 2835 ἀναιδεῖ
2290 2779 2575 2851 ὀφθαλμῷ.

2053 2890 2154 2945 156
2179 2890 2287 2944 Kal
2343 2888 2419 2944 σὲ
2469 2887 2718 2943 κιϐωτὸν
2775 2887 3061 2956 ἄνασσαν
3097 2886 3165 2955 ὃς
3209 2887 3439 2956 ἢδρασε
3487 2888 3637 2956 χειρὶ

2052 2961 2152 3015 157
2186 2958 2583 3028 Κλινομὲνην,
2619 2958 2802 3014 θάνεν
2833 2955 3007 3027 αἶψα.
3239 2955 3243 2956 ⁷
3294 2957 3562 3030 [βεϐήλῳ

2122 3072 2286 3126 Δαϐὶδ
2333 3075 2362 3125 6
2396 3070 2649 3142 βασιλεὺς
2692 3070 2792 3140 τὴν
2838 3069 3068 3124 κιϐωτὸν
3119 3069 3385 3141 διαθήκης
3421 3071 3627 3142 Κυρίου

2049 3162 2342 3233 ἀναγαγὼν
2362 3162 2582 3230 ὲξοῖκου
2612 3162 2909 3235 Ἀϐεδδαρᾶ
2925 3162 2988 3235 [1.
3008 3164 3063 3215 Ἀ
3075 3163 3356 3235 μιναδάϐ],
3378 3163 3438 3229 ἐξ
3464 3164 3638 3236 ἀγροῦ

2047 3257 2128 3320 είς
2158 3255 2313 3310 πόλιν
2345 3255 2515 3309 Δαϐἱδ
2561 3253 2699 3308 Σιὼν
2730 3254 3054 3326 λεγομένην,
3090 3254 3281 3319 θυσίας
3310 3257 3404 3309 καὶ
3432 3272 3638 3328 χαρμο-

2050 3345 2215 3418 σύνην
2235 3344 2520 3408 ἐπιτελῶν,
2535 3343 2765 3414 ὠρχεῖτο
2794 3344 2936 3398 κατά
2958 3345 3248 3416 πρόσωπον
3271 3347 3370 3416 τῆς
3402 3346 3636 3401 κιϐωτοῦ

2045 3435 2312 3507 διαθήκης
2347 3434 2557 3508 Κυρίου
2590 3434 2684 3486 καὶ
2716 3431 2943 3497 ἔπαιζεο
2984 3434 3103 3487 τότε
3141 3434 3205 3507 δὴ
3237 3439 3640 3508 ωπραφείσαν

2050 3529 2142 3582 ἐπὶ
2169 3528 2270 3601 τὴν
2312 3526 2531 3599 ἅμαξαν
2577 3529 2677 3599 τὴν
2706 3527 2937 3580 κιϐωτὸν
2966 3527 3063 3580 καὶ
3090 3527 3440 3600 κεκλιμένην,
3479 3530 3640 3595 Ὀζᾶς

2045 3618 2075 3670 6
2099 3616 2193 3670 τοῦ
2210 3616 2505 3688 Ἀμιναδάϐ
2520 3616 2815 3671 ἐπελάϐετο
2837 3615 2929 3669 τοῦ
2948 3616 3250 3688 ἀνορθῶσαι
3276 3634 3291 3649 ·
3356 3619 3638 3690 Ὠργίσθη

2045 3708 2113 3762 δὲ
2137 3698 2353 3777 Κύριος
2381 3710 2479 3764 καὶ
2525 3709 2778 3763 ἔπαισεν
2810 3706 2997 3761 αὐτὸν
3019 3707 3162 3772 ἐκεῖ,
3195 3708 3296 3763 καί
3332 3708 3640 3764 ἀπέθανεν

2043 3801 2302 3854 ἐνώπιον
2340 3801 2452 3869 τῆς
2494 3800 2743 3855 κιϐωτοῦ
2791 3800 3135 3870 παραχρῆμα
3159 3817 3174 3832 ·
3234 3801 3295 3853 οὐ
3329 3801 3440 3871 γὰρ
3472 3802 3638 3873 ἤρεσε

2041 3891 2119 3963 τῷ
2150 3892 2267 3965 Θεῷ
2304 3892 2402 3965 τὴν
2429 3892 2661 3945 κιϐωτὸν
2693 3890 2958 3962 διαθήκης
2988 3890 3196 3963 Κυρίου
3228 3893 3334 3948 ὑπὸ
3375 3893 3508 3958 ’0ζᾶ
3535 3894 3634 3947 ἀν·-

382 4088 526 4165 enim
554 4099 737 4165 ortum
756 4098 841 4145 est
860 4071 1097 4165 Verbum
1135 4092 1427 4147 animabus
1469 4094 1752 4165 emortuis.
1786 4093 1960 4150 Parva
1983 4105 2103 4150 erat
2132 4095 2184 4149 in
2219 4095 2488 4165 principio
2515 4095 2633 4150 haec
2661 4093 2925 4160 Ecclesia,
2960 4107 3122 4164 pauci
3162 4094 3307 4148 etlim
3341 4105 3455 4165 tum
3480 4094 3634 4148 inve-

384 4160 674 4213 niebantur
705 4161 1162 4236 doctrinmsanae
1209 4165 1503 4236 participes
1527 4163 1878 4234 (Arianorum
1928 4169 2073 4220 enim
2121 4160 2235 4220 tum
2282 4160 2504 4220 haeresis
2537 4160 2982 4236 dominabatur);
3012 4165 3345 4235 ipserautem
3372 4164 3633 4221 doctrina

382 4245 498 4284 sua:
525 4239 874 4301 augmentum
898 4230 1069 4297 dedit,
1094 4240 1149 4287 et
1176 4230 1580 4288 multitudinem
1615 4251 1736 4304 qua:
1765 4238 1953 4290 urbem
1983 4237 2189 4305 regiam
2217 4236 2555 4290 incolebat...

1816 4349 2037 4407 Carmen
2068 4349 2210 4406 XII.

456 4442 649 4517 (Moysi
678 4444 852 4514 licuit)
872 4445 1073 4501 nubem
1098 4453 1405 4517 penetrare,
1431 4453 1503 4517 et,
1538 4455 1800 4517 quantum
1828 4447 2039 4502 homini
2070 4446 2293 4510 licebat,
2320 4462 2508 4502 vocem
2539 4445 2633 4502 Dei
2650 4446 2864 4511 audire,
2890 4446 3182 4516 ipsumque
3206 4446 3409 4517 videre.
3432 4445 3631 4502 Caeteri

381 4528 573 4586 omnes
616 4516 671 4568 in
712 4517 824 4570 imo
860 4525 1066 4578 monte,
1100 4518 1169 4586 ab
1201 4516 1348 4569 omni
1403 4532 1526 4570 cum
1579 4516 1901 4586 mulieribus
1956 4519 2290 4571 commercio
2335 4518 2478 4586 puri,
2527 4518 2720 4572 lavatis
2776 4517 2947 4571 induti
2993 4516 3354 4580 vestimentis,
3402 4531 3634 4584 corpore

382 4584 583 4648 lavalo,
618 4601 728 4657 non
755 4586 859 4638 nisi
888 4601 1075 4640 vocem
1110 4585 1202 4639 Dei
1229 4586 1573 4657 audiverunt.
1610 4584 1925 4654 Lapidanda
1952 4596 2071 4641 erat
2115 4588 2295 4641 omnis
2330 4584 2503 4641 bestia
2527 4604 2649 4655 quae
2671 4598 2910 4641 montem
2939 4588 3221 4657 tetigisset.
3254 4585 3441 4657 Haecce
3466 4601 3632 4657 porro

382 4663 653 4727 memorat
680 4654 1009 4727 Gregorius,
1032 4665 1093 4709 ut
1122 4656 1485 4727 quorumdam
1526 4657 1812 4727 audaciam
1842 4657 2110 4726 reprimat
2134 4657 2229 4726 qui
2260 4658 2481 4727 indigne
2499 4654 2564 4710 ad
2586 4672 2739 4712 sacra
2767 4654 3057 4719 accedunt,
3085 4657 3376 4711 sacerdotii
3406 4654 3629 4710 dotibus

380 4723 525 4776 haud
558 4723 834 4790 instructi,
866 4726 1013 4778 inani
1041 4734 1247 4779 tantum
1272 4725 1514 4779 vanitate
1539 4725 1688 4780 elati.

457 4815 602 4890 Deus
642 4828 930 4888 postquam
977 4818 1149 4890 Moysi
1192 4827 1525 4890 praeceperat
1562 4829 1620 4874 ut
1658 4821 2069 4876 tabernaculum
2119 4821 2418 4877 testimonii
2475 4830 2849 4884 construeret,
2881 4822 3059 4875 Aaron
3116 4833 3247 4873 vero
3276 4819 3628 4890 sacerdotem

381 4885 714 4961 instituerat,
760 4885 889 4961 qua
918 4885 1133 4944 ratione
1167 4885 1601 4961 sacra‘facienda
1635 4900 1848 4961 essent.
1891 4892 2131 4947 edocuit.
2164 4890 2444 4961 Confectis
2486 4893 2649 4961 igitur
2693 4892 2976 4946 sacriﬁciis
3021 4905 3175 4961 saepe
3202 4889 3364 4942 llebat
3396 4897 3455 4942 ut
3488 4889 3632 4959 ignis

378 4958 553 5030 exiret
572 4968 625 5030 et
651 4961 837 5014 omnia
863 4959 1167 5030 devoraret.
1198 4958 1357 5030 Quod
1394 4974 1518 5013 cum
1564 4960 1858 5015 accidisset
1897 4962 2210 5030 aliquando,
2247 4959 2432 5015 Nabad
2474 4958 2529 5014 et
2559 4961 2759 5025 Ahind,
2795 4963 2888 5015 lilii
2921 4962 3100 5013 Aaron
3144 4960 3416 5030 iidemque
3445 4958 3631 5011 sacer-

380 5028 558 5100 dotes,
594 5028 773 5100 ignem
808 5028 1136 5100 coranrDeo
1160 5029 1397 5082 alienum
1424 5030 1759 5084 obtulerunt.
1786 5030 1930 5085 Deus
1954 5028 2197 5085 oll‘ensus
2216 5033 2359 5099 quod
2380 5031 2556 5100 ignem
2581 5032 2819 5085 alienum
2840 5031 3187 5100 obtulissent,
3204 5029 3257 5080 in
3280 5029 3631 5081 tabernaculo

378 5097 512 5165 ipsis
538 5098 768 5169 immisit
810 5114 969 5153 suum
1002 5099 1205 5169 ignem,
1229 5113 1338 5166 quo
1371 5101 1643 5169 extemplo
1673 5109 2150 5156 consumerentur.
2178 5097 2381 5154 Aaroni
2403 5097 2598 5153 'antem
2631 5101 2726 5168 qui
2776 5112 2889 5154 tum
2922 5099 3157 5154 maxime
3193 5113 3416 5169 munere
3450 5113 3634 5151 sacer-

379 5166 927 5240 dotalifungebatur,
961 5166 1204 5240 ne'lilios
1250 5166 1606 5240 interemptds
1654 5171 1884 5240 lugeret,
1927 5185 2061 5225 neve
2100 5185 2132 5225 e
2170 5171 2523 5225 tabernaculo
2577 5166 2882 5238 recederet,
2937 5182 3071 5224 neve
3120 5176 3285 5236 caput
3327 5167 3629 5221 cidaratum

377 5237 700 5301 denudaret,
727 5238 1029 5293 interdixit.

455 5325 722 5402 In-priino
762 5343 1018 5402 sermone
1046 5331 1114 5385 de
1131 5331 1244 5385 lleli
1266 5332 1391 5387 filiis
1417 5332 1591 5402 Opimi
1621 5341 1675 5385 et
1700 5331 1904 5386 Plrinee
1924 5308 2090 5386 locuti
2126 5346 2337 5394 sumus,
2362 5330 2455 5400 qui
2485 5346 2582 5398 pro
2615 5347 2677 5385 ea
2713 5346 2818 5399 qua
2857 5337 3012 5386 erant
3038 5329 3333 5402 gulositate
3359 5327 3629 5383 saerilicia

382 5393 495 5449 Deo
538 5393 846 5472 destinata,
886 5400 1039 5454 nulla
1093 5393 1478 5458 sanctimoniae
1519 5404 1700 5457 habita
1751 5403 1982 5466 ratione,
2017 5393 2422 5472 profanabant;
2465 5393 2898 5470 impuras'enim
2940 5402 2992 5456 in
3036 5393 3238 5455 lebetes
3277 5414 3465 5455 sacros
3505 5414 3630 5453 cum
3706 5400 3713 5408 '

379 5480 579 5521 manus
604 5468 1017 5537 imposuissent,
1054 5474 1443 5528 miserabiliter
1473 5474 1816 5527 interierunt.

449 5556 566 5611 Heli
606 5558 746 5635 ﬁlios
770 5576 905 5635 suos
934 5578 1079 5635 saepe
1117 5564 1187 5618 ob
1212 5574 1434 5635 peccata
1460 5568 1515 5619 in
1542 5565 1712 5619 Deum
1736 5563 2029 5619 commissa
2051 5563 2438 5635 reprehendit;
2461 5572 2699 5617 attamen
2722 5563 2793 5635 ob
2808 5561 3034 5635 nimiam
3073 5556 3483 5635 indulgentiam,
3508 5555 3628 5612 Non

380 5639 582 5705 parcet,
609 5630 740 5684 dicit
767 5629 930 5705 Deus,
955 5629 1138 5687 oculus
1171 5629 1290 5688 ιιὶιιε
1322 5636 1436 5704 ﬁlio
1468 5646 1556 5687 tuo
1595 5640 1683 5705 qui
1710 5635 1900 5704 defecit
1926 5651 1961 5686 ιι
2002 5629 2145 5705 Deo;
2176 5634 2515 5702 Quapropter
2542 5635 2673 5705 ipse
2722 5632 2838 5685 lleli
2864 5631 3140 5705 nimim-is
3187 5630 3441 5705 sacerdos
3485 5640 3631 5682 esset

384 5699 705 5768 caaterisque
726 5702 877 5755 nullo
903 5705 1068 5757 modo
1087 5715 1300 5762 careret
1323 5699 1638 5773 'virtntibus',
1657 5704 1748 5760 Dei
1778 5699 1913 5761 iram
1943 5720 2050 5759 non
2072 5703 2280 5774 ell'ugil,
2298 5699 2409 5759 sed-
2428 5705 2497 5760 ob
2524 5699 2757 5758 ﬁliorum
2788 5699 3004 5771 culpam
3034 5701 3242 5755 tristem
3281 5700 3401 5752 vita:
3424 5709 3629 5755 exutum

455 5834 535 5905 (1)
565 5836 665 5894 Ed.
703 5854 828 5896 nov.
865 5856 917 5910 p.
955 5839 1097 5894 825:
