4180 6350
352 429 457 483 ηεξ

355 564 458 604 νει.
498 545 633 615 μήτε
668 544 809 597 αἰδοῖ
839 545 930 599 τὸν
963 546 1139 616 ’Λρεα
1181 547 1674 621 κατευλαϐηθῆναι,
1709 550 1813 604 κᾶν
1846 552 1927 605 ὅτι

352 635 472 698 θεὸς
499 627 654 698 οὗτος
697 636 791 688 καὶ
827 636 1171 706 ἀνδροφόνος.
1207 636 1637 708 Ιῐροσεγγίσαντι
1668 641 1724 694 δὲ
1756 641 1930 713 τούτῳ

351 728 447 780 καὶ
484 726 757 798 Διομήδην
808 727 1017 781 ἀνελεῖν
1072 728 1541 802 προθυμουμένῳ,
1586 732 1647 785 τὸ
1698 732 1849 802 βέλος
1894 737 1929 806 ή

351 820 569 883 Παλλὰς
620 821 858 891 ἐπέσχε,
898 820 1054 874 κενὸν
1103 822 1518 893 ἀποστρέψασα.
1567 826 1838 897 Διομήδης
1874 826 1933 880 δὲ

353 910 495 964 κατά
527 910 622 963 τοῦ
665 912 879 983 ’Ἄρεως
915 912 1148 981 ἐνέγκας
1174 913 1236 966 τὸ
1268 912 1414 984 δόρυ,
1455 915 1661 987 ἔτρωσε
1700 918 1801 987 τῆς
1836 917 1931 971 λα-

351 1004 509 1070 γόνος
548 1003 675 1056 ἔνθα
714 1004 978 1068 ζώννυται
1020 1005 1161 1059 κατά
1186 1005 1248 1059 τὸ
1283 1006 1530 1077 ἔσχατον.
1584 1007 1641 1061 Ὀ
1669 1007 1725 1061 δὲ
1765 1008 1930 1079 μέγα,

355 1097 537 1167 φησὶν,
570 1097 775 1168 ἤχησεν
802 1095 933 1150 ὡσεὶ
962 1096 1205 1167 χιλιάδας
1248 1099 1405 1152 ἐννέα
1438 1099 1471 1170 ἢ
1498 1098 1630 1152 δέκα
1660 1100 1932 1170 φωνῆσαι,

354 1188 563 1250 πάντας
610 1188 667 1240 δὲ
713 1187 875 1257 φόϐος
922 1188 1179 1259 συνέσχεν
1213 1190 1409 1261 ΙἌρεος
1453 1190 1890 1261 ἀνακεκραγότος
1916 1206 1932 1222 ο

352 1280 676 1351 ταχυτάτοις
716 1281 925 1351 ἅρμασι
954 1280 1012 1333 δὲ
1040 1281 1216 1349 νεφῶν
1244 1284 1325 1344 είς
1358 1281 1643 1352 Ὄλυμπον
1675 1281 1932 1346 ἀνελθὼν,

353 1375 430 1444 τῷ
479 1376 646 1446 πατρὶ
683 1375 765 1427 Διὶ
807 1373 876 1427 τὰ
923 1375 1065 1429 κατά
1108 1376 1209 1445 τῆς
1253 1376 1485 1448 Ἀθηνᾶς
1521 1377 1825 1447 διελέγετο,
1860 1379 1937 1442 ὡς

354 1468 703 1537 ὑπερήφανον
734 1466 828 1520 καὶ
853 1466 1061 1537 θρασὺν
1091 1467 1263 1540 ἄνδρα
1292 1472 1403 1533 τοῖς
1436 1469 1725 1533 ἀθανάτοις
1766 1469 1935 1540 μάχε⁹

356 1558 478 1610 σθαι
516 1557 656 1620 θεοῖς
685 1556 1049 1627 παροτρύνεισ
1102 1559 1198 1613 καὶ
1232 1558 1342 1630 γὰρ
1370 1558 1606 1631 ἔτρωσε,
1638 1562 1792 1631 φησι,
1842 1560 1939 1612 καὶ

368 1646 687 1720 ’Δφροδίτην
711 1648 789 1720 τῷ
810 1649 1007 1722 καρπῷ
1030 1650 1131 1721 τῆς
1156 1650 1360 1722 χειρὸς,
1378 1651 1452 1715 ὡς
1472 1652 1530 1706 δὲ
1547 1652 1707 1723 κάμέ·
1740 1651 1938 1723 μικροῦ

355 1738 525 1811 γάρῆ
562 1742 681 1802 ταῖς
713 1739 912 1803 δειναῖς
951 1739 1325 1811 ὲνηριθμήθην
1357 1739 1543 1806 τάξεσι
1581 1740 1689 1793 τῶν
1729 1735 1940 1812 νεκρῶν

352 1828 736 1899 διαφωνήσας,
785 1831 817 1901 ἦ
866 1830 973 1895 ζῶν
1004 1830 1239 1902 ἀσθενὴς
1287 1831 1516 1903 ἐκείμην
1561 1833 1675 1896 τοῖς
1726 1833 1933 1902 μέλεσι.

355 1922 488 1984 Ζεὺς
512 1920 568 1972 δὲ
615 1920 873 1991 βλοσυρὸν
916 1922 1073 1989 Ἀρεῖ
1114 1921 1527 1992 προσεσχηκὼς,
1575 1922 1811 1994 μέμψεις
1840 1925 1937 1977 ἐπ-

354 2015 582 2083 ήγαγεν,
607 2012 929 2084 ἀνδροφόνον
955 2013 1115 2067 αὑτὸν
1148 2013 1244 2068 καὶ
1278 2014 1639 2083 φιλοπόλεμον
1680 2014 1934 2083 καλέσας,

354 2104 444 2157 τόν
471 2122 530 2157 τε
558 2103 728 2174 θυμὸν
757 2104 973 2158 ἐοικότα
1003 2105 1097 2158 καὶ
1134 2104 1233 2176 τὴν
1261 2104 1577 2177 θρασύτητα
1605 2108 1671 2178 τῇ
1704 2107 1935 2179 τεκούσῃ

354 2195 520 2248 αὐτὸν
570 2195 755 2266 Ἥρᾳ,
793 2195 1123 2268 παλίμϐολόν
1177 2212 1236 2249 τε
1289 2197 1384 2250 καὶ
1432 2199 1562 2267 μιᾶς
1605 2198 1940 2271 ἀσπιδιώτην

359 2284 556 2356 μοίρας
601 2286 968 2350 ἀποκαλέσας.
1019 2289 1319 2367 Γρηγόριος
1359 2288 1540 2343 τοίνυν
1590 2291 1618 2343 6
1657 2290 1937 2359 Θεολόγος,

355 2375 433 2438 ὡς
464 2377 614 2431 οὐδὲν
642 2378 881 2446 Χριστοῦ
916 2380 1312 2451 προτιμότερον
1354 2382 1570 2452 ἡγεῖται
1618 2382 1941 2454 βουλόμενος

356 2469 659 2536 ἀποδεῖξαι,
692 2472 896 2526 τούτων
923 2472 989 2526 ὲκ
1023 2475 1339 2543 μεταφορᾶς
1371 2474 1665 2545 μέμνηται.
1700 2476 1774 2528 Οὐ
1808 2476 1937 2546 γὰρ,

358 2562 513 2631 φησὶ,
553 2564 682 2632 μιᾶς
715 2562 911 2634 μοίρας
935 2566 1038 2635 τῆς
1069 2565 1143 2635 μὴ
1175 2565 1312 2635 πρὸς
1333 2564 1467 2618 Θεὸν
1498 2565 1785 2639 ἀφορώσης
1812 2565 1942 2639 θρα-

359 2654 458 2716 σὺς
491 2654 809 2725 ὺπέρμαχος
846 2655 1045 2724 γέγονα
1070 2672 1081 2683 ·
1115 2655 1291 2710 ταῦτά
1324 2673 1413 2725 μοι
1443 2656 1634 2725 φίλως,
1665 2657 1849 2728 φησὶν,
1878 2658 1940 2711 ού

359 2743 649 2815 φρονοῦσιν
691 2748 740 2798 oi
779 2746 1000 2816 κριταὶ,
1035 2745 1314 2817 ἁμαρτίαν
1344 2744 1402 2798 δὲ
1429 2744 1733 2813 λογίζονται
1774 2746 1835 2798 τὸ
1867 2745 1940 2816 μὴ

358 2836 482 2889 κατ’
539 2835 763 2907 ἰσότητα
806 2836 1026 2889 πάντων
1075 2838 1362 2908 ἁμαρτεῖν,
1411 2836 1508 2890 καὶ
1561 2838 1675 2900 τοῖς
1732 2839 1941 2907 καιροῖς

360 2927 656 2999 ὲπίρροπον
684 2927 829 2999 ἔχειν
861 2945 927 2998 με
950 2931 1048 2999 τὴν
1077 2929 1278 2999 ψυχήν.

359 3019 429 3074 25
514 3020 700 3074 Ἀλλὰ
729 3020 801 3073 τὰ
824 3021 942 3089 μὲν
965 3018 1160 3087 λήθης
1180 3020 1382 3074 κεύθοι
1397 3019 1615 3084 βυθός.

427 3113 611 3178 Μῦθος
641 3114 735 3168 καὶ
755 3107 910 3179 οὗτός
938 3116 1053 3167 ἐστι
1078 3114 1181 3184 τῆς
1206 3114 1376 3187 λήθης
1405 3116 1433 3168 6
1474 3114 1636 3185 βυθὸς
1653 3116 1785 3185 παρ’
1815 3114 1942 3167 Ἕλ-

360 3204 486 3277 λησι
502 3206 960 3278 πρεσϐευόμενος.
990 3207 1054 3259 Οἱ
1075 3208 1172 3278 μὲν
1197 3207 1305 3276 γάρ
1320 3207 1489 3278 λήθης
1512 3208 1736 3262 καλοῦσι
1763 3208 1939 3278 βυθὸν,

361 3293 413 3348 οῑ
442 3293 500 3347 δὲ
531 3295 711 3365 σιγῆς,
744 3295 821 3357 ὡς
854 3296 1119 3365 Μαρκίων
1148 3296 1241 3349 καὶ
1268 3297 1461 3367 Μάνης
1481 3313 1494 3327 ⁶
1522 3297 1852 3368 Πυθαγόρας
1881 3297 1939 3350 δὲ

363 3385 460 3439 καὶ
492 3386 740 3449 Πλάτων,
783 3381 863 3449 οἷς
906 3386 1275 3459 ἠκολούθησεν
1321 3388 1624 3460 Ὠριγένης,
1657 3389 1943 3460 προϋπάρ-

362 3493 482 3549 χειν
509 3478 725 3547 λέγουσι
767 3480 865 3543 τὰς
893 3479 1069 3550 ψυχὰς
1100 3480 1211 3533 τῶν
1256 3482 1546 3552 σωμάτων,
1592 3482 1702 3535 ἀπὸ
1736 3483 1793 3535 δὲ
1833 3481 1940 3535 τῶν

1382 426 1471 483 AD
1511 429 1823 486 CARMINA
1863 430 1922 488 S.
1962 431 2289 491 GREGORII
2325 434 2570 491 THEOL.

3498 448 3604 506 626

2030 554 2354 624 κρειττόνων
2375 556 2456 618 είς
2479 555 2542 609 τὸ
2566 548 2747 628 χεῖρον
2770 546 3159 635 κατενεχθῆναι
3185 582 3198 596 ο
3227 567 3289 620 τὸ
3310 568 3418 639 γὰρ
3446 571 3606 642 σῶμα

2029 646 2227 716 δεσμὸν
2271 643 2411 701 εἶναι
2449 648 2667 718 λέγουσι
2695 653 2790 707 καὶ
2827 660 3073 731 φυλακὴν
3096 661 3196 733 τῆς
3230 661 3432 733 ψυχῆς.
3474 665 3607 719 Ὀτι

2030 738 2181 809 γοῦν,
2212 742 2395 810 φησιν,
2418 742 2473 794 αἱ
2496 742 2667 814 ψυχαὶ
2690 746 2827 817 πρὸς
2852 748 3012 819 σῶμα
3036 752 3409 819 καθικνοῦντο,
3439 755 3610 828 λήθης

2033 829 2322 884 πεπώκασι
2348 832 2521 902 πόμα,
2556 834 2622 887 ἵν’
2644 837 2782 908 ὅπερ
2814 839 3112 911 πάσχουσιν
3133 845 3400 913 ἀγνοῶσιν
3420 861 3435 875 ·
3459 842 3605 902 οῦτοι
3645 910 3651 921 ⁸

2031 920 2088 973 δὲ
2116 922 2210 974 καὶ
2249 922 2673 991 μεταγγίζεσθαι
2704 926 2907 994 ταύτας
2945 931 3199 1003 ληροῦσιν
3242 934 3307 989 ὲκ
3338 937 3607 1006 σωμάτων

2033 1012 2115 1074 είς
2147 1011 2404 1082 σώματα,
2427 1012 2504 1077 ὡς
2529 1017 2659 1086 περὶ
2679 1018 2868 1072 τούτου
2905 1020 3238 1094 πλατύτερον
3265 1026 3323 1077 ὲν
3364 1024 3442 1096 τῷ
3470 1027 3611 1096 Περὶ

2034 1101 2244 1170 ψυχῆς
2282 1107 2635 1175 παρακατιὼν
2676 1108 2947 1177 λελέξεται
2998 1114 3160 1183 λόγῳ.
3213 1117 3380 1187 Φησὶν
3426 1113 3519 1172 οῦν
3584 1120 3613 1173 6

2037 1192 2178 1256 θεῖος
2212 1194 2540 1266 Γρηγόριος,
2571 1199 2652 1251 ὅτι
2678 1199 2746 1252 Εἴ
2771 1201 2854 1266 τίς
2890 1221 3021 1257 ποτε
3065 1206 3238 1277 λήθης
3273 1206 3433 1276 βυθός
3460 1208 3608 1274 ἐστι,

2035 1283 2134 1345 τάς
2160 1284 2298 1355 ἐμὰς
2342 1289 2627 1362 συμφοράς
2655 1296 3117 1365 κατακρυπτέτω’
3154 1298 3345 1352 πολλαὶ
3373 1300 3483 1371 γὰρ
3520 1302 3616 1356 καὶ

2038 1377 2189 1445 παρὰ
2213 1378 2323 1430 τῶν
2365 1380 2484 1451 Θεῷ
2512 1382 2797 1453 λατρεύειν
2828 1386 3110 1456 οἰομένων,
3145 1390 3339 1462 μέχρις
3370 1394 3404 1462 ή
3432 1394 3615 1447 τελευ-

2038 1470 2168 1523 ταία
2204 1472 2421 1525 πάντων
2450 1475 2634 1547 ἡμέρα
2660 1476 2757 1540 τὰς
2783 1478 3067 1547 προθέσεις
3093 1482 3495 1552 ἀπογυμνώσει.

2683 1588 2903 1643 ΛΟΓΟΣ
2934 1591 3032 1645 ΙΔ¹.

2339 1677 2480 1744 Περὶ
2503 1678 2743 1745 φύσεως
2773 1679 3153 1748 ἀνθρωπίνης
3182 1682 3281 1751 (Ι).
3304 1708 3307 1711 -

2042 1786 2107 1858 57
2140 1787 2235 1850 Ἐξ
2264 1787 2351 1839 ἔτι
2378 1786 2485 1858 τοῦ
2504 1787 2604 1840 ὅτε
2626 1805 2734 1858 μοι
2756 1788 2981 1857 πικρὴν
3007 1790 3378 1858 ἐπομόρξατο
3397 1787 3619 1857 ποινὴν

2042 1857 2111 1910 58
2180 1858 2408 1921 Γεῦσίς
2439 1857 2488 1910 τ’
2515 1857 2839 1926 οὐλομένη,
2872 1859 2971 1913 καὶ
2987 1857 3212 1927 φθόνος
3250 1859 3615 1924 ἀντιπάλου,

2040 1927 2103 1982 6|
2144 1964 2160 1980 .
2198 1965 2215 1981 .
2254 1967 2267 1981 .
2304 1968 2318 1980 .
2358 1928 2507 1996 IvaI
2533 1929 2792 1996 ψύχοντι
2819 1928 2885 1982 τὸ
2907 1929 3123 1998 θαῦμα.

2111 2020 2306 2073 Κεῖται
2339 2019 2396 2071 ὲν
2419 2016 2495 2088 τῷ
2525 2024 2572 2072 α’
2600 2017 2764 2087 λόγῳ.

2113 2110 2330 2182 Ταύτην
2376 2111 2475 2163 ούκ
2527 2109 2593 2163 ἄν
2637 2128 2721 2173 τις
2763 2110 2982 2164 ὲκλάδοι
3029 2112 3127 2183 τὴν
3168 2112 3407 2183 ἱστορίαν
3448 2109 3616 2176 εἶναι,

2038 2198 2137 2271 τὴν
2166 2200 2309 2253 κατὰ
2344 2198 2437 2254 τὸν
2482 2197 2777 2263 Τάνταλον,
2814 2199 2961 2271 ἢτὸν
3000 2200 3307 2272 Ἡρακλέα’
3338 2205 3367 2256 6
3392 2204 3490 2274 μὲν
3512 2205 3621 2275 γάρ

2041 2291 2332 2357 Τάνταλος,
2356 2290 2581 2363 ἀνυδρίᾳ
2609 2290 2960 2362 ξηραίνεσθαι
2984 2291 3199 2361 λέγεται
3220 2294 3279 2347 ὲν
3304 2295 3491 2363 μέσοις
3509 2298 3622 2359 τοῖς

2043 2382 2258 2437 ὕδασιν·
2305 2386 2333 2438 6
2377 2383 2435 2436 δὲ
2488 2382 2764 2454 Ἡρακλῆς
2810 2383 3060 2437 τοσοῦτον
3106 2384 3504 2457 φλεχθήσεσθαι
3542 2385 3623 2457 τῷ

2041 2475 2235 2544 αἵματι
2272 2473 2366 2528 τοῦ
2401 2474 2635 2542 Νέσσου,
2684 2474 2760 2538 ὡς
2803 2475 2984 2527 καὶτὸ
3027 2476 3291 2547 ποτάμιον
3327 2477 3506 2548 ῥεῦμα
3544 2479 3622 2540 είς

2042 2566 2216 2635 φλόγα
2245 2568 2609 2635 μεταγαγεῖνο
2652 2568 2860 2619 κεῖνται
2901 2566 2958 2619 δὲ
2998 2566 3353 2636 παρακατιὼν
3392 2568 3450 2622 αί
3477 2569 3622 2622 ἱστο-

2043 2659 2178 2729 ρίαι.
2224 2657 2327 2711 Σὺν
2374 2656 2603 2728 ἀληθείᾳ
2646 2657 2822 2711 τοίνυν
2858 2658 2993 2729 πυρὶ
3029 2658 3254 2729 ψύχοντι
3286 2658 3348 2712 τὸ
3397 2658 3622 2730 θαῦμα,

2043 2749 2173 2819 περὶ
2196 2748 2296 2817 τῆς
2320 2747 2510 2819 δρόσον
2549 2747 2885 2819 πηγασάσης
2914 2750 3026 2812 τοῖς
3057 2749 3365 2821 παιδαρίοις
3396 2751 3626 2821 καμίνου

2040 2838 2141 2907 τὴν
2176 2837 2414 2908 ίστορίαν
2442 2837 2809 2907 ὑποληπτέον·
2852 2841 3031 2893 κεῖται
3062 2839 3122 2893 δὲ
3154 2841 3212 2893 ὲν
3243 2840 3320 2912 τῷ
3341 2848 3389 2896 α’
3420 2841 3585 2912 λόγῳ.

2045 2927 2108 2981 7i
2146 2927 2342 2980 Εὶκών
2369 2927 2483 2996 ειμι
2506 2928 2684 2994 θεοῖο,
2713 2930 2812 2983 καί
2835 2929 3086 2999 αἴσχεος
3116 2932 3247 2998 υίὸς
3268 2933 3553 3002 ἐτύχθην.

2111 3020 2300 3073 Πᾶσαν
2328 3020 2357 3071 6
2380 3019 2513 3083 Θεὸς
2533 3019 2633 3091 τήν
2652 3020 2826 3074 κτίσιν
2841 3021 3269 3095 δημιουργήσας,
3289 3023 3513 3097 ὕστερον
3538 3025 3630 3079 τὸν

2040 3109 2330 3182 ἄνθρωπον
2369 3112 2595 3184 ἐποίησε
2634 3114 2753 3166 κατ’
2778 3113 2961 3166 εἰκόνα
3003 3114 3139 3169 ἰδίαν
3163 3116 3259 3168 καὶ
3286 3116 3407 3170 καθ’
3431 3117 3631 3187 ὁμοίωο

2040 3220 2127 3257 σιν
2149 3219 2162 3232 ·
2191 3204 2501 3275 γέγραπται
2524 3205 2635 3276 γάρ
2651 3221 2663 3232 °
2698 3205 2813 3259 Καὶ
2836 3202 3006 3260 εἶπεν
3031 3210 3063 3260 ό
3087 3209 3222 3273 Θεό(
3248 3222 3262 3236 ·
3285 3208 3633 3279 Ποιήσωμεν

2040 3292 2357 3363 ἄνθρωπον
2376 3294 2504 3348 κατ’
2514 3296 2718 3349 εἰκόνα
2736 3296 3031 3365 ἡμετέραν
3047 3298 3144 3351 καὶ
3168 3300 3298 3352 καθ’
3318 3300 3629 3369 ὁμοίωσιν,

2042 3384 2139 3439 καὶ
2181 3385 2399 3457 ἀρχέτω
2441 3386 2541 3456 τῆς
2583 3387 2847 3450 κτίσεως”
2882 3387 2980 3440 καὶ
3024 3389 3280 3459 ἐποίησεν
3312 3391 3339 3442 6
3368 3389 3501 3455 Θεὸς
3542 3390 3635 3443 τὸν

2052 3477 2150 3533 ἀνθ
2161 3495 2361 3547 ρωπον,
2380 3478 2509 3549 χοῦν
2529 3478 2711 3534 λαὸὼν
2734 3478 2844 3534 ἀπὸ
2857 3480 2959 3550 τῆς
2978 3479 3106 3550 γῆς,
3123 3483 3233 3535 Καὶ
3250 3482 3636 3551 ἐνεφύσησεν

365 3637 550 3706 emisit
593 3636 806 3691 hastam
852 3634 1018 3703 Mars,
1047 3651 1155 3706 qua
1199 3636 1494 3692 Diomeden
1526 3635 1887 3699 interficeret;
1920 3635 2088 3690 telum
2125 3643 2310 3706 autem,
2347 3635 2643 3706 summovit
2665 3634 2937 3706 Minerva,
2972 3644 3032 3690 ut
3068 3637 3343 3692 incassum
3377 3636 3634 3696 ferretur.

368 3705 859 3778 Yicissimdeinde
907 3705 1106 3762 direxit
1152 3707 1442 3763 Diomedes
1490 3708 1704 3778 hastam
1753 3706 1806 3760 in
1842 3706 2196 3778 Martem,et
2227 3705 2534 3778 vulneravit
2583 3705 2830 3778 intimum
2879 3716 3120 3761 ventrem
3170 3707 3261 3778 ubi
3317 3708 3637 3778 cingebatur

367 3776 571 3833 balteo.
620 3776 724 3843 Qui
772 3784 975 3835 autem.
1011 3778 1109 3840 ait,
1166 3779 1461 3833 clamorem
1507 3777 1679 3832 edidit
1709 3783 1971 3845 quantum
2000 3777 2188 3830 novies
2239 3776 2324 3829 vel
2362 3776 2545 3830 decies
2573 3777 2741 3845 mille,
2785 3782 2859 3837 et,
2905 3778 3177 3831 clamante
3208 3776 3399 3841 Marte,
3416 3776 3637 3834 tremor

367 3848 657 3916 occupavit
684 3862 913 3917 omnes.
937 3846 1313 3917 Rapidissimo
1356 3856 1488 3903 tunc
1532 3844 1852 3901 nebularum
1886 3861 2054 3917 curru
2088 3845 2156 3917 in
2191 3846 2391 3917 c_oelu_m
2440 3846 2645 3917 elatus,
2695 3844 2991 3917 Minervam
3024 3847 3167 3917 apud
3210 3845 3396 3902 Jovem
3426 3856 3635 3916 patrem

370 3914 609 3983 incusat,
638 3917 783 3985 quod
816 3914 1083 3971 audacem
1112 3928 1167 3973 et
1208 3918 1580 3987 impudentem
1610 3918 1787 3970 virum
1838 3916 1907 3970 ad
1930 3914 2296 3987 debellandos
2324 3914 2466 3987 D_eos
2513 3916 2849 3987 adhortetur.
2891 3935 2908 3967 ι
2945 3914 3079 3987 Nam
3115 3915 3403 3987 Venerem,
3426 3914 3635 3987 inquit,

368 3989 608 4058 primum
639 3984 889 4042 cominus
922 3988 1229 4043 vulneravit
1273 3984 1458 4051 manu,
1492 3993 1680 4059 postea
1712 3987 1772 4059 in
1806 4002 1892 4041 me
1927 3986 2103 4059 ipsum
2136 3986 2315 4059 irruit.
2358 3984 2557 4039 Parum
2593 3985 2767 4059 abfuit
2811 3987 2940 4055 quin
2972 3986 3260 4059 horrendis
3292 3984 3638 4059 mortuorum

370 4054 657 4114 ordinibus
689 4072 1104 4119 aunumerarer,
1142 4065 1236 4112 aut
1270 4059 1460 4112 vivens
1490 4054 1731 4112 membra
1763 4056 2017 4126 languida
2049 4056 2134 4109 vix
2166 4056 2514 4110 sustinerem.
2549 4074 2567 4107 ι
2594 4054 2802 4123 Jupiter
2829 4054 3016 4110 autem
3061 4056 3283 4111 Martem
3316 4058 3486 4111 torvis
3506 4073 3643 4112 ocu-

370 4129 440 4185 Iis
470 4130 704 4182 intuitus
735 4127 1254 4197 reprehensionibus
1278 4143 1402 4181 eum
1431 4127 1749 4196 increpavit.
1784 4126 2115 4180 DOIIthitlam
2150 4140 2273 4179 eum
2304 4136 2358 4180 et
2378 4126 2553 4197 caedis
2588 4126 2852 4180 fautorem
2883 4140 3110 4197 vocans.
3141 4127 3423 4197 ferocitate
3450 4135 3504 4181 et
3542 4143 3640 4181 au-

371 4199 529 4253 dacia
559 4198 721 4251 matri
745 4194 945 4251 Junoni
974 4200 1230 4262 similem,
1255 4198 1501 4253 dolosum
1527 4194 1767 4252 et’unius
1796 4198 1972 4267 partis
1997 4203 2344 4267 sectatorem.
2365 4194 2687 4267 Theologus
2719 4211 2847 4264 ergo
2874 4195 3170 4265 Gregorius
3201 4197 3370 4267 refert
3399 4196 3513 4251 haec
3542 4213 3641 4267 per

374 4271 772 4339 metaphoram,
807 4274 864 4320 ut
892 4269 1144 4322 ostendat
1166 4284 1223 4339 se
1246 4268 1381 4322 nihil
1413 4269 1631 4339 Christo
1656 4264 1827 4336 pluris
1858 4265 2055 4339 facere.
2078 4264 2199 4339 Non
2221 4280 2342 4333 ego,
2362 4265 2559 4334 inquit,
2596 4264 2763 4339 unius
2792 4267 2964 4339 partis
2994 4264 3170 4320 audax
3199 4266 3399 4339 fautor,
3424 4264 3639 4337 quae—ad

374 4335 543 4393 Deum
587 4354 697 4391 non
730 4339 1090 4404 conduceret;
1122 4347 1176 4390 at
1209 4338 1323 4393 haec
1360 4339 1493 4392 mihi
1522 4335 1738 4406 judiées
1778 4336 1971 4408 acerbe
2016 4335 2365 4408 exprobrant,
2404 4344 2628 4408 peccato
2668 4336 2807 4408 mihi
2851 4343 3128 4391 vertentes
3165 4336 3311 4407 quod
3352 4335 3463 4392 non
3511 4354 3640 4408 pec-

373 4412 512 4464 catis
544 4408 665 4463 suis
695 4409 1058 4477 consentiam,
1086 4416 1139 4462 et
1165 4410 1308 4476 quod
1337 4404 1535 4463 anima
1550 4422 1669 4462 mea
1699 4407 1989 4477 mqualium
2033 4404 2355 4459 libidinibus
2378 4404 2497 4477 non
2532 4405 2829 4477 indulgeat.

444 4477 750 4548 Finxerunt
774 4476 946 4531 Graeci
974 4475 1241 4548 abyssum
1263 4479 1379 4532 dari
1408 4478 1628 4539 oblivii;
1662 4475 1823 4546 quem
1852 4476 2069 4548 quidem
2111 4476 2502 4548 aliigurgitem
2541 4476 2752 4539 oblivii,
2788 4475 2879 4529 alii
2908 4476 3179 4548 gurgitem
3214 4475 3422 4531 silentii
3450 4478 3638 4548 appel-

371 4547 507 4612 lant,
542 4560 599 4602 ut
627 4547 863 4601 Marcion
898 4559 948 4601 et
978 4546 1180 4603 Maiues.
1214 4546 1635 4619 Pytliagoras‘et
1662 4548 1873 4610 Platon,
1899 4546 2100 4615 quibus
2131 4546 2393 4619 Urigenes
2420 4548 2671 4619 assentit,
2703 4557 2958 4619 asserunt
2991 4547 3203 4601 animas
3224 4548 3488 4619 exsistere
3515 4546 3642 4619 ante

370 4634 625 4688 cov'pora,
655 4626 708 4671 et
740 4633 769 4670 τι
812 4619 1131 4673 melioribus
1160 4619 1225 4672 ad
1256 4616 1440 4687 pejora
1484 4617 1875 4688 deferripnam
1918 4630 2123 4686 corpus
2169 4616 2361 4669 dicunt
2405 4630 2530 4688 esse
2572 4616 2788 4688 vincula
2818 4626 3187 4688 et‘carcet‘em
3236 4618 3451 4688 animae.
3500 4617 3643 4688 Ante

373 4684 561 4759 igitur,
596 4689 770 4759 aiunt,
797 4704 962 4756 quam
994 4690 1187 4743 anima!
1231 4684 1297 4741 ad
1320 4684 1575 4758 'corpora
1622 4687 1957 4759 dilabantur,
1994 4684 2185 4754 potant
2222 4699 2393 4753 aquas
2425 4686 2635 4759 oblivii.
2667 4694 2725 4759 ut
2756 4684 2901 4753 quod
2940 4687 3225 4759 patiuntur
3248 4687 3537 4759 ignorent.
3574 4686 3641 4739 Hi

371 4755 539 4829 igitur
568 4758 734 4812 stulte
762 4755 958 4829 putant
987 4759 1198 4829 animas
1225 4773 1256 4812 e
1279 4755 1603 4829 corporibus
1633 4756 1841 4829 adialia
1859 4769 2091 4824 corpora
2115 4758 2375 4829 transire,
2404 4757 2478 4829 uti
2506 4755 2680 4829 fusius
2704 4755 2757 4807 in
2790 4770 3045 4808 sermone
3075 4756 3149 4809 De
3174 4755 3355 4829 anima
3384 4757 3658 4829 relatum.‘

373 4824 513 4882 Dicit
550 4844 680 4898 ergo
717 4824 876 4883 divus
921 4827 1260 4898 Gregorius:
1296 4828 1350 4881 Si
1378 4824 1508 4898 _qua
1558 4826 1742 4881 oblivii
1794 4826 2024 4898 abyssus
2052 4826 2305 4898 exsistit,
2338 4824 2677 4898 calamitates
2726 4839 2875 4898 meas
2909 4831 3089 4898 tegat;
3135 4825 3305 4898 multa
3351 4826 3496 4880 enim
3546 4841 3643 4895 pa-

372 4900 584 4953 tiuntur
618 4894 732 4951 'vel
782 4899 817 4951 ii
870 4898 965 4968 qui
1014 4894 1124 4953 Deo
1171 4900 1379 4953 servire
1421 4894 1758 4960 creduntur,
1809 4894 1984 4950 donec
2030 4895 2224 4948 ultima
2271 4896 2517 4948 omnium
2562 4894 2773 4948 dierum
2823 4894 3047 4949 intimos
3097 4896 3404 4949 animorum
3444 4910 3643 4950 sensus

373 4971 594 5024 revelet.

1436 5053 1722 5110 CARMEN
1774 5052 1917 5113 XIV.
1965 5054 2042 5108 De
2088 5064 2283 5108 natura
2318 5054 2570 5106 humana.

445 5151 564 5227 Noli
594 5152 839 5227 cogitare
867 5152 1012 5227 quod
1044 5152 1132 5205 hic
1158 5151 1370 5206 Tantali
1405 5161 1498 5203 aut
1528 5150 1780 5227 Herculis
1820 5150 2258 5227 sors-innuatur.
2293 5148 2503 5203 Dicitur
2534 5146 2679 5227 enim
2710 5144 3095 5227 :l‘antalus_vel
3127 5146 3305 5227 medio
3423 5146 3645 5227 flumine

372 5224 463 5280 siti
495 5215 728 5288 arsisse;
766 5215 1028 5278 Hercules
1067 5231 1246 5276 autem
1287 5230 1509 5291 propter
1539 5223 1862 5291 sanguinem
1913 5219 2069 5276 Nessi
2108 5228 2320 5272 tantum
2354 5218 2680 5287 concepisse
2710 5217 2911 5286 ignem,
2946 5224 3007 5269 ut
3062 5218 3143 5271 vel
3193 5215 3436 5271 ﬂuminis
3468 5220 3645 5273 undas

373 5292 704 5350 incenderet.
734 5291 994 5362 Reperies
1014 5308 1140 5347 vero
1176 5292 1453 5346 historias.

374 5434 387 5445 ο
444 5365 694 5445 Attamen
735 5353 869 5445 illud
909 5363 1135 5434 frigidus
1181 5364 1316 5435 ignis
1373 5361 1643 5431 significat
1672 5353 1851 5415 rorem
1883 5360 1975 5432 qui
2009 5358 2187 5414 media
2217 5359 2270 5412 in
2304 5357 2523 5413 fornace
2550 5369 2748 5427 pueros
2788 5355 3147 5427 refrigeravit.
3179 5355 3433 5411 Refertur
3461 5364 3645 5411 autem

373 5450 431 5488 m
447 5448 1039 5563 igiggifaszéne.
1081 5501 1223 5556 Deus
1252 5500 1434 5556 eﬂecit
1473 5501 1691 5556 demum
1722 5499 1995 5554 hominem
2035 5498 2100 5552 ad
2130 5498 2421 5568 imaginem
2461 5504 2514 5551 et
2547 5493 2967 5568 similitudinem
2998 5509 3175 5550 suam.
3206 5493 3278 5568 Et
3305 5494 3444 5568 diagit
3474 5494 3645 5550 Deus:

376 5573 640 5643 faciamus
679 5572 954 5648 _Itominem_
981 5573 1049 5625 ad
1080 5573 1363 5640 imaginem
1395 5582 1633 5648 nostram
1658 5582 1705 5624 et
1755 5570 2160 5648 simillludinem
2199 5565 2265 5629 ¹,’
2302 5577 2363 5648 et
2391 5566 2981 5648 habetttprincipatutn
3020 5566 3344 5648 creationisa
3374 5565 3443 5619 Et
3489 5568 3647 5648 ﬁnxit

373 5635 517 5698 Deus
549 5644 831 5707 hominem,
863 5644 1124 5711 pulverem
1152 5635 1361 5697 sumens
1393 5644 1456 5697 de
1490 5653 1654 5708 terra,
1690 5651 1740 5695 et
1768 5641 2047 5712 inmﬂiavit
2080 5641 2133 5692 in
2155 5654 2271 5699 eum
2325 5638 2515 5707 ﬂatum
2538 5637 2680 5701 vitaz,
2711 5645 2761 5691 et
2802 5635 2974 5704 factus
3012 5645 3091 5690 est
3126 5635 3279 5691 homo
3328 5637 3385 5690 in
3413 5635 3647 5691 animam

484 5772 502 5804 ¹
541 5770 676 5826 Gcn.
709 5785 750 5833 ι,
788 5768 860 5823 26
896 5784 1013 5839 sqq.

459 5917 530 5990 (1)
572 5916 669 5972 Ed.
693 5930 821 5970 nov.
852 5930 907 5983 p.
946 5913 1069 5969 675.

697 6005 972 6065 PATROL.
1009 6002 1129 6064 Gn.
1164 6000 1518 6066 XXXVIII.

2796 6076 2837 6089 η
3217 5999 3327 6066 ’1ιι
