4182 6384
581 387 678 442 ιε’]

576 505 657 567 εὶς
693 502 879 557 αὑτὸν
911 503 1111 572 πνοὴν
1149 503 1297 574 ζωῆς
1319 523 1330 536 ·
1375 505 1472 560 καὶ
1501 505 1741 576 ἐγένετο
1782 510 1814 559 ό
1844 507 2156 574 ἅνθρωπος

583 594 762 664 Ἀδὰμ
803 599 892 663 είς
929 598 1143 666 ψυχὴν
1172 595 1386 657 ζῶσαν.
1437 599 1560 662 Πῶς
1602 595 1718 660 οὖν,
1759 599 1924 667 φησὶν
1952 601 1978 650 6
2013 598 2156 662 θεῖος

573 684 906 757 Γρηγόριος,
957 686 1120 740 εἰκὼν
1175 688 1437 761 ὑπάρχων
1495 688 1668 750 Θεοῦ,
1729 686 1988 758 αἰσχύνης
2043 689 2158 753 υἱὸς

572 776 866 856 ἱγενόμηνς
915 779 1143 842 Πάντως
1187 779 1274 833 διὰ
1308 781 1407 851 τῆς
1457 781 1733 852 ἁμαρτίας
1779 781 1846 852 ἦν
1891 780 2076 834 ἔτεκεν
2122 785 2155 854 η

570 871 844 938 παρακοὴ.

567 959 632 1013 87
668 959 926 1031 Πλάσμα
984 962 1132 1016 Θεοῦ
1154 1002 1167 1028 ,
1235 964 1637 1032 παράδεισος,
1691 964 1865 1033 Ἐδὲμ
1887 1007 1900 1029 ,
1948 965 2152 1032 κλέος,

1549 1034 1769 1106 [ἐλπὶς,
1799 1035 2044 1104 ἐφετμή.

640 1123 822 1196 Ὅπερ
875 1127 1009 1196 φησὶ
1041 1127 1281 1180 τοιοῦτόν
1325 1129 1496 1192 ἐστιν,
1529 1128 1611 1180 ὅτι
1639 1127 1813 1200 Εἴπερ
1857 1146 1945 1198 μοι
1976 1129 2154 1199 μάτην

566 1215 752 1270 θεόθεν
768 1218 917 1270 ἐστὶν
942 1221 976 1288 ἡ
995 1219 1164 1290 ψυχὴ,
1189 1216 1225 1290 ἦ
1250 1221 1349 1274 οὐκ
1377 1219 1492 1274 ἐστι
1522 1222 1700 1291 μάτην
1731 1238 1819 1291 μοι
1841 1221 1900 1274 τὸ
1927 1222 2154 1290 πλάσμα

567 1301 706 1362 εἶναι
735 1307 893 1371 Θεοῦ,
915 1310 1011 1362 καὶ
1043 1311 1072 1362 6
1109 1311 1456 1380 παράδεισος,
1493 1311 1528 1378 ἦ
1556 1328 1616 1363 τε
1656 1310 1816 1380 Ἐδὲμ
1842 1312 1932 1364 καὶ
1964 1313 1995 1382 ἡ
2026 1312 2153 1376 δόξα

566 1400 662 1451 καὶ
690 1401 723 1470 ἠ
755 1399 910 1464 ἐλπὶς
936 1401 1031 1454 καὶ
1057 1403 1090 1472 ή
1119 1402 1308 1468 ἐντολή
1333 1419 1347 1464 ;

565 1490 636 1544 88
713 1492 959 1558 Ὄμϐρος
981 1495 1013 1542 d
1043 1491 1437 1559 κοσμολέτης.

721 1561 779 1613 Ὀ
809 1562 901 1613 ἐπὶ
931 1560 1024 1613 τοῦ
1051 1561 1194 1617 Νῶε.
1228 1564 1421 1616 Κείται
1445 1565 1502 1616 ὲν
1528 1561 1605 1633 τῷ
1633 1570 1679 1615 α’
1701 1562 1861 1633 λόγῳ.

1379 1636 1636 1701 Ὄμϐρος
1663 1637 1695 1686 ὀ
1727 1637 2121 1703 ππψσοπόλοτ·
2133 1675 2147 1689 .

641 1700 700 1754 Ὀ
729 1699 1118 1774 ἐπὶγΣοδὸμων.
1149 1703 1340 1774 κεῖται
1370 1705 1427 1756 ὲν
1450 1699 1530 1772 τῷ
1561 1711 1606 1756 α’
1639 1703 1799 1774 λόγῳ.

562 1772 633 1826 89
698 1773 895 1840 Αὐτὰρ
919 1772 1124 1824 ἔπειτα
1153 1773 1335 1840 νόμος
1369 1775 1636 1841 γραπτὸν
1666 1772 1836 1840 ἄκος.

636 1864 825 1916 Κεῖται
863 1865 923 1916 ἐν
950 1861 1028 1932 τῷ
1054 1862 1097 1932 β’
1131 1862 1292 1934 λόγῳ.

1683 1957 1883 2023 Αὐτὰρ
1920 1955 2127 2011 ἔπειτα

564 2047 634 2102 90
706 2045 959 2116 Χριστὸς
981 2045 1092 2114 ἑὴν
1111 2045 1358 2115 μορφὴν
1384 2046 1638 2116 ἡμετέρῃ
1664 2046 1944 2115 κεράσας.

631 2141 821 2193 Κείται
847 2140 1047 2210 ὁμοίως
1073 2142 1130 2193 ὲν
1168 2139 1246 2210 τῷ
1276 2140 1322 2212 β’
1343 2141 1505 2210 λόγῳ.

559 2233 623 2288 91
707 2231 814 2298 Ὦς
845 2248 956 2286 κεν
1013 2231 1174 2302 ἐμοῖς
1204 2232 1498 2287 παθέεσσι
1533 2233 1740 2287 παθὼν
1782 2233 1927 2300 Θεὸς
1955 2233 2149 2303 ἄλκαρ

1822 2323 2072 2396 [ὀπάζοι.

628 2413 865 2485 Χριστὸς
890 2412 1319 2486 ὲνανθρωπήσας
1353 2415 1682 2488 ἀνθρώποις,
1717 2415 1908 2469 παθὼν
1942 2418 2141 2471 ἐσταυο

553 2505 710 2579 κρὼθη
739 2506 834 2560 καὶ
858 2504 1032 2576 ἐτάφη
1063 2507 1158 2559 καὶ
1185 2507 1382 2577 ἀνέστη
1402 2546 1417 2570 ,
1440 2507 1515 2571 ὡς
1541 2507 1606 2561 ἂν
1637 2510 1747 2571 τοῖς
1782 2508 2148 2580 ἀνθρωπίνοις

555 2597 755 2652 πάθεσι
788 2595 971 2652 παθὼν
1001 2596 1237 2668 Χριστὸς
1283 2599 1555 2669 παράσχοι
1587 2598 1863 2668 βοήθειαν,
1897 2599 1990 2652 καὶ
2025 2598 2146 2651 θεὸν

554 2691 645 2744 τὸν
676 2687 961 2758 ἄνθρωπον
994 2691 1382 2761 κατασκευάσῃ
1411 2689 1488 2760 τῷ
1515 2691 1654 2745 εῖδει
1691 2689 1769 2759 τῷ
1801 2691 2130 2762 ἀνθρωπίνῳ

554 2780 584 2835 ὃ
614 2781 997 2852 προσείληφεν.

556 2872 660 2924 ’10⁵2
737 2868 889 2922 ...Σὺ
920 2869 986 2922 δέ

1012 2889 1115 2940 μοι
1142 2870 1387 2941 δείματα
1413 2873 1609 2926 πάντα
1638 2872 1800 2943 λέγε.

553 2943 661 2994 1υὸ
739 2937 1038 3007 Τάρταροκ
1135 2937 1421 3011 ἠερόεντα
1441 2983 1455 3007 ,

1549 2943 2106 3013 Πυριφλεγέθοντας
2125 2983 2139 3010 ,

1647 3013 1997 3086 [ἱμάσθλας.

620 3104 910 3177 Μέμνηται
954 3104 1050 3157 καὶ
1085 3102 1314 3157 Πλάτων
1342 3103 1451 3158 τῶν
1484 3107 1542 3159 ὲν
1579 3105 1706 3177 ᾅδου
1738 3104 2039 3168 κολάσεων,
2081 3105 2142 3157 ἐν

548 3195 630 3266 τῷ
653 3197 908 3252 Φαίδωνι
931 3195 1104 3265 λέγων
1135 3213 1201 3250 πε
1212 3197 1264 3266 pl.
1294 3197 1400 3249 τῶν
1427 3197 1632 3268 λήξεων
1660 3197 1883 3252 καὶτῶν
1911 3197 2144 3266 ἀποκλη-

554 3288 774 3358 ρώσεων
789 3287 899 3341 τῶν
916 3287 1122 3358 ψυχῶν,
1141 3288 1223 3341 ὅτι
1241 3289 1290 3341 οί
1320 3287 1520 3352 ἀδίκως
1541 3289 1865 3359 βεϐιωκότες
1883 3289 2141 3353 κολάζον-

551 3393 643 3430 ται
673 3378 730 3432 ὲν
754 3377 833 3447 τῷ
868 3377 1116 3448 Κωκυτῷ
1138 3379 1232 3430 καὶ
1260 3379 1318 3430 ὲν
1348 3378 1426 3449 τῷ
1449 3379 1915 3453 Πυριφλεγέθοντι
1959 3379 2053 3433 καὶ
2083 3380 2142 3430 ὲν

549 3469 629 3540 τῷ
649 3469 918 3542 Ταρτάρῳ
934 3487 947 3500 ·
975 3471 1219 3541 ποταμὸς
1239 3471 1296 3524 δὲ
1318 3473 1346 3525 6
1370 3473 1467 3542 μὲν
1487 3473 1746 3536 Κωκυτὸς
1772 3472 2134 3543 ψυχρότατος,

549 3565 580 3618 6
609 3563 668 3617 δὲ
689 3561 1109 3636 Πυριφλεγέθων
1131 3563 1487 3634 θερμότατοςο
1512 3568 1540 3618 6
1571 3565 1627 3618 δὲ
1651 3565 1937 3637 Τάρταρος
1973 3563 2137 3633 μέσος

548 3673 633 3720 τις
665 3656 850 3720 τόπος,
877 3655 934 3710 ὲν
958 3649 1004 3725 ᾧ
1037 3656 1293 3728 ἀνίμησίς
1319 3658 1434 3710 ἐστι
1472 3657 1566 3710 κα)⁸
1590 3657 1895 3720 κατάποσις
1924 3655 2132 3708 ὑδάτων

1727 390 1954 446 COS-MA
1967 390 2003 446 S
2046 391 2711 450 lllERUSOLYMlTANL'
2726 391 2762 446 ε

3756 400 3858 454 698

2264 513 2355 564 καὶ
2386 511 2620 572 καπνὸς,
2653 505 2899 578 ἀφεγγὴς
2945 506 3000 561 δὲ
3031 509 3058 560 6
3087 508 3246 571 τόπος
3268 524 3281 537 ·
3308 508 3336 560 6
3375 507 3431 561 δὲ
3478 509 3720 582 Ἀχέρων
3764 514 3858 564 καὶ

2261 602 2421 663 αὐτὸς
2442 601 2624 671 μέσος,
2639 599 2792 670 φησὶ,
2812 597 3095 668 καθαρσίῳ
3117 597 3328 662 ἐοικὼς,
3349 598 3407 651 ού
3434 597 3698 666 κολάζων,
3723 599 3859 654 ἀλλὰ

2263 691 2500 762 ρύπτων,
2533 690 2686 761 φησὶ,
2719 688 2787 743 τὰ
2819 689 3214 760 ἁμαρτήματα.

2863 803 3082 856 ΛΟΓΟΣ
3138 801 3242 856 ΙΕ’.

2399 895 2539 963 Περὶ
2583 894 2894 958 εὐτελείας
2935 892 3044 946 τοῦ
3086 891 3261 957 ἐκτὸς
3298 890 3614 959 ἀνθρώπου
3645 892 3742 961 (l).

2259 987 2326 1042 79
2355 990 2551 1058 Ἄμφω
2599 989 2697 1041 καὶ
2750 987 3096 1042 πινυτάσιν
3146 984 3453 1055 ἐφήρμοσε
3491 985 3678 1127 [rainy
3733 985 3850 1039 πά-

3519 1075 3616 1123 ροι
3655 1075 3702 1117 ε,

3519 1075 3702 1123 ροιυε,

2257 1128 2326 1184 80
2463 1129 2546 1194 Τῷ
2565 1129 2684 1198 μὲν
2709 1129 3015 1196 κλαυθμὸς
3042 1127 3153 1194 ἔην
3170 1125 3446 1192 τάνθάδε,
3464 1125 3543 1192 τῷ
3557 1127 3624 1180 δὲ
3640 1127 3844 1196 γέλως.

2339 1240 2690 1310 Ἡράκλειτος
2727 1239 2820 1293 καὶ
2857 1237 3197 1307 Δημόκριτος
3229 1237 3330 1289 οὐκ
3363 1236 3420 1288 ὲν
3460 1235 3540 1306 τῷ
3571 1235 3720 1304 αὐτῷ
3748 1251 3846 1304 γε-

2255 1334 2474 1402 γονότες
2519 1333 2734 1403 χρόνῳ,
2767 1331 2989 1400 φυσικοὶ
3029 1329 3085 1382 δὲ
3117 1328 3289 1392 ὄντες,
3327 1328 3529 1398 ὁμοίως
3565 1327 3662 1399 τὴν
3695 1326 3846 1380 τοῦδε

2255 1426 2460 1496 κόσμου
2488 1422 2920 1492 ἁ).λεπα).ληλίαν
2953 1421 3256 1485 διέπαιξαν,
3295 1422 3323 1473 6
3367 1421 3464 1491 μὲν
3491 1419 3666 1488 γελῶν
3687 1459 3700 1483 ,
3730 1421 3759 1474 6
3790 1419 3847 1472 δὲ

2254 1516 2490 1569 κλαίων·
2539 1517 2568 1566 6
2605 1515 2704 1584 μὲν
2745 1513 2855 1585 γὰρ
2911 1514 3250 1584 Δημόκριτος
3297 1510 3462 1578 ἐγέλα
3505 1511 3742 1581 συνεχῶς
3776 1510 3846 1562 τὰ

2255 1607 2580 1677 πράγματα,
2617 1608 2645 1657 ὁ
2674 1604 2728 1658 δὲ
2767 1605 3121 1676 Ἡράκλειτος
3143 1603 3358 1656 ἔκλαιεν
3377 1619 3392 1634 ο
3424 1599 3492 1674 ἦν
3519 1603 3577 1656 δὲ
3607 1607 3634 1656 6
3665 1602 3844 1674 Δημό-

2255 1715 2441 1769 κριτος
2483 1696 2826 1768 Ἀϐδηρίτης,
2861 1699 2890 1750 6
2919 1695 2976 1749 δὲ
3009 1695 3361 1767 Ἡράκλειτος
3400 1695 3664 1764 Ἐφέσιος.

2252 1791 2314 1844 81
2351 1790 2444 1856 Ὠς
2481 1791 2665 1856 Τρῶες
2705 1790 2801 1842 καὶ
2856 1788 3069 1858 Ἀχαιοί
3099 1788 3190 1840 ἐπ’
3207 1787 3536 1858 ἀλλήλοισι
3565 1786 3843 1856 θορόντες

2253 1860 2321 1915 89.
2465 1860 2661 1928 Δῄουν
2689 1858 3004 1925 ἀλλήλους
3032 1857 3234 1911 εἵνεκα
3261 1857 3598 1926 πορνιδίου,

2337 1972 2682 2046 Ἀλέξανδρος
2718 1975 2746 2026 6
2775 1973 2868 2025 καὶ
2897 1972 3068 2042 Πάρις
3091 2011 3106 2035 ,
3136 1974 3266 2034 παῖς
3297 1970 3373 2023 ὢν
3401 1971 3653 2042 Πριάμου
3688 1970 3842 2040 βασι-

2251 2069 2389 2132 λέως
2424 2068 2701 2140 Τρωάδος,
2752 2069 3084 2139 ἀφικόμενος
3133 2067 3215 2130 εἰς
3259 2065 3523 2128 Ἐλλάδα,
3561 2067 3656 2120 καὶ
3691 2067 3842 2138 παρὰ

2250 2160 2512 2231 Μενελάῳ
2539 2160 2618 2231 τῷ
2663 2160 2900 2232 ’Δτρέως
2931 2161 3084 2213 παιδὶ
3116 2157 3383 2224 ξενισθεὶς
3405 2201 3416 2217 ,
3459 2159 3704 2228 μοιχεύει
3743 2159 3841 2230 τὴν

2248 2251 2440 2304 τούτου
2481 2253 2717 2318 γυναῖκα
2765 2251 2987 2322 Ἑλένην
3009 2290 3023 2314 ,
3057 2252 3151 2304 καὶ
3180 2250 3385 2320 ταύτην
3416 2250 3675 2321 ἁρπάσας
3700 2293 3713 2314 ,
3763 2253 3842 2313 είς

2255 2342 2416 2396 Ἴλιον
2462 2343 2562 2413 τὴν
2617 2343 2754 2395 ἰδίαν
2799 2343 3003 2410 ἀπάγει
3063 2343 3236 2396 πόλιν.
3281 2342 3546 2413 Ἕλληνες
3595 2339 3714 2406 οὖν,
3742 2343 3841 2412 τῆς

2249 2436 2502 2506 Τρωάδος
2526 2434 3258 2507 καταστρατοπεδεύσαντες,
3294 2435 3380 2486 ἐπ’
3427 2435 3602 2487 ἐτεσιν
3637 2437 3840 2498 ἱκανοῖς

2248 2529 2443 2600 Τρῶας
2465 2527 2819 2589 κατέκοπτον,
2845 2529 2938 2581 καὶ
2963 2528 3052 2580 ὑπ’
3087 2527 3266 2580 αὐτῶν
3295 2529 3700 2581 κατεκόπτοντο
3725 2529 3840 2582 ’ἐνε-

2248 2636 2340 2672 κεν
2365 2619 2462 2690 τῆς
2500 2618 2742 2688 Ἑλένης·
2768 2617 2994 2690 ὕστερον
3017 2618 3073 2672 δὲ
3095 2617 3470 2689 πορθήσαντες
3499 2620 3594 2671 καὶ
3619 2619 3752 2672 αὐτὸ
3779 2604 3840 2671 τὸ

2252 2711 2412 2765 Ἴλιον
2456 2705 2638 2774 εἷλον,
2667 2711 2846 2764 ἐκεῖσε
2899 2711 3082 2781 μέντοι
3131 2712 3180 2763 οἱ
3225 2709 3447 2774 πλείους
3491 2711 3601 2763 τῶν
3642 2710 3836 2781 ἡρώων

2244 2802 2659 2874 ἀναιρεθέντες,
2708 2802 3031 2874 παμπληθεὶ
3066 2801 3123 2855 δὲ
3163 2803 3261 2874 τὴν
3295 2801 3458 2854 Ἴλιον
3488 2802 3834 2868 ὲξολέσαντες

2245 2893 2420 2946 πόλιν.

2403 2988 2718 3051 ’Υπόθεσις
2747 2983 2856 3052 τῆς
2884 2983 3204 3050 ποιήσεως.
3239 2986 3284 3036 Σ
3287 2985 3521 3051 χόλιον.

2325 3101 2391 3153 Ἦ
2438 3099 2496 3152 δὲ
2539 3096 2632 3150 τοῦ
2672 3093 2922 3166 Τρωϊκοῦ
2977 3093 3214 3163 πολέμου
3264 3093 3414 3146 αἰτία
3463 3093 3639 3163 αὕτη·
3701 3094 3838 3156 Ζεὺς

2245 3192 2498 3264 ἐρασθεὶς
2539 3189 2760 3251 Θέτιδος
2792 3186 2895 3256 τῆς
2929 3185 3160 3256 Νηρέως
3195 3185 3484 3257 Θυγατρὺς,
3525 3185 3684 3250 αὐτὸς
3737 3187 3836 3256 μὲν

2245 3282 2493 3352 ἐκωλύθη
2523 3279 2797 3332 συνελθεῖν
2819 3276 2982 3346 αὐτῇ,
3008 3275 3344 3346 Προμηθέως
3368 3274 3831 3346 μαντευσαμένου,

2245 3379 2321 3440 ὡς
2346 3379 2374 3430 6
2415 3375 2475 3440 ὲξ
2513 3374 2682 3443 αὐτῆς
2712 3370 3027 3442 γεννηθεὶς,
3064 3367 3315 3422 ἐκϐάλλει
3349 3368 3439 3421 τὸν
3479 3367 3689 3439 πατέρα
3734 3365 3836 3437 τῆς

2245 3467 2551 3540 βασιλείας·
2583 3465 2768 3517 δίδωσι
2803 3463 2859 3514 δὲ
2891 3461 2969 3532 τῷ
3004 3460 3212 3514 Αίακοῦ
3242 3460 3430 3531 Πηλεῖ,
3461 3451 3522 3512 οὗ
3555 3459 3741 3531 πατὴρ
3766 3453 3836 3531 ἦν

2243 3560 2405 3622 αὐτὸς
2426 3560 2454 3610 6
2479 3555 2634 3619 Ζεύς.
2658 3553 2780 3606 Τῶν
2805 3553 2861 3606 δὲ
2887 3551 3080 3622 γάμων
3107 3551 3417 3621 γενομένων
3440 3551 3497 3602 ὲν
3519 3548 3596 3619 τῷ
3619 3548 3835 3620 Πηλείῳ

2245 3652 2361 3724 ὄρει
2415 3648 2568 3720 παρὰ
2617 3646 2850 3717 Χείρωνι
2889 3644 2969 3716 τῷ
3018 3643 3300 3716 κενταύρῳ
3325 3683 3339 3710 ,
3376 3643 3578 3702 πάντες
3622 3642 3701 3704 εἰς
3737 3639 3833 3711 τὴν

549 3859 819 3911 viventem.
866 3854 970 3921 Qui
1009 3869 1159 3924 ergo,
1206 3855 1282 3909 ait
1331 3853 1492 3908 divus
1541 3852 1863 3923 Gregorius,
1907 3852 2112 3925 eﬂigies
2167 3854 2260 3910 Dei
2307 3868 2432 3907 cum
2488 3850 2615 3912 sim,
2664 3848 2810 3901 tilius
2854 3845 3142 3900 dedecoris
3187 3856 3344 3900 ortus
3389 3845 3556 3900 sum?
3604 3845 3831 3918 Propter

548 3935 830 3999 peccatum
854 3926 998 3996 quod
1026 3925 1245 3980 admisit
1276 3925 1608 3995 negligentia
1636 3934 1946 3994 parentum.

621 4017 715 4073 Sic
741 4028 900 4073 sonat
927 4015 1072 4087 quod
1104 4018 1192 4071 hic
1215 4017 1475 4070 habetur:
1501 4015 1652 4069 Licet
1679 4017 1810 4069 mihi
1840 4016 2042 4069 frustra
2080 4016 2324 4087 caelestis
2361 4015 2567 4078 anima,
2616 4026 2744 4066 num
2774 4010 2926 4081 parvi
2961 4025 3079 4063 mea
3122 4009 3287 4065 refert
3321 4009 3463 4076 quod
3506 4011 3712 4080 plasma
3757 4012 3828 4065 sit

551 4089 666 4153 Dei,
700 4098 754 4143 et
787 4084 1083 4144 Paradisus
1113 4096 1167 4142 et
1193 4087 1338 4153 Eden
1369 4097 1419 4140 et
1453 4087 1623 4154 gloria
1659 4094 1714 4141 et
1745 4103 1871 4156 spes
1899 4097 1952 4140 ct
1980 4089 2064 4141 lex
2091 4084 2115 4138 ?

617 4181 869 4236 Christus
893 4181 1055 4234 homo
1085 4181 1226 4234 inter
1253 4178 1501 4232 homines
1557 4176 1754 4239 factus,
1790 4193 1986 4246 passus
2024 4185 2110 4231 est
2146 4185 2200 4232 et
2235 4176 2535 4231 cruciﬁxus
2573 4182 2628 4230 et
2688 4173 2934 4246 sepultus
2977 4187 3040 4226 ac
3076 4182 3380 4246 resurrexit
3404 4215 3419 4234 .
3465 4187 3521 4231 ut
3575 4177 3827 4235 humanis

549 4252 756 4307 morbis
784 4249 1154 4320 ipseatl‘ectus
1183 4265 1284 4305 nos
1310 4258 1553 4306 sanaret.
1583 4254 1638 4301 et
1669 4244 1944 4302 hominem
1986 4246 2152 4302 Deum
2179 4249 2438 4308 eﬂiceret,
2469 4246 2699 4300 formam
2740 4244 3037 4297 humanam
3073 4244 3189 4314 ipse
3218 4246 3466 4313 adeptus.

619 4341 885 4410 Loquitur
907 4340 1068 4392 etiam
1100 4338 1252 4392 Plato
1285 4339 1352 4393 de
1389 4332 2071 4410 mortuorumisuppliriis,
2099 4337 2228 4410 dum
2257 4340 2312 4410 in
2347 4336 2620 4410 Pluedone
2655 4351 2756 4410 suo
2791 4342 2994 4410 sortem
3033 4343 3088 4388 et
3122 4335 3490 4410 conditionem
3521 4339 3825 4410 animarum

547 4404 852 4473 distinguit.
899 4411 1118 4476 Iniquos
1160 4410 1292 4462 dicit
1335 4423 1526 4478 pugnas
1570 4408 1702 4461 dare
1745 4409 1798 4478 in
1833 4404 2150 4478 Cocyto,7in
2201 4408 2591 4475 Phlegethonte
2622 4414 2676 4460 et
2713 4407 2766 4459 in
2795 4404 3070 4478 _Tartaro.
3121 4405 3360 4475 Cocytus
3407 4418 3584 4460 autem
3626 4409 3825 4463 fluvius

548 4481 981 4549 frigidissimus;
1015 4476 1370 4547 Ph!egcthon,
1400 4476 1596 4532 ﬂuvius
1624 4476 2032 4544 calidissimus;
2069 4477 2336 4533 Tartarus
2369 4494 2499 4549 vero
2541 4476 2904 4549 intermedius
2940 4477 3122 4549 locus,
3156 4491 3268 4549 quo
3293 4491 3446 4545 aqua:
3473 4489 3739 4532 corruunt
3771 4490 3822 4533 et

549 4545 693 4606 unde
725 4550 987 4610 deﬂuunt.
1017 4550 1108 4603 ubi
1140 4545 1189 4622 et
1225 4549 1443 4602 fumus:
1485 4550 1638 4602 locus
1663 4549 1881 4622 quidem
1919 4549 2097 4619 niger.
2132 4550 2406 4611 Acheron,
2444 4548 2558 4618 ipse
2591 4561 2813 4618 quoque
2864 4547 2918 4600 in
2955 4546 3134 4601 medio
3186 4545 3509 4610 inferorum,
3563 4562 3816 4622 purgato-

531 4624 683 4687 ~rius,
715 4637 824 4692 quo
845 4630 1065 4691 peccata
1097 4620 1384 4672 solvuntur
1413 4634 1520 4673 non
1550 4620 1871 4689 puniuntur.

1524 4728 1808 4783 CABMEN
1855 4729 1967 4787 XV.
2007 4730 2082 4785 De
2121 4741 2322 4785 mutate
2352 4740 2554 4784 externi
2587 4729 2835 4783 nominis.

615 4841 926 4898 Heraclitus
970 4850 1024 4895 et
1069 4839 1411 4894 Democritus
1455 4857 1560 4894 non
1604 4841 1847 4910 ejusdem
1894 4844 2092 4899 anatis.
2143 4844 2236 4898 sed
2287 4859 2439 4911 teque
2493 4842 2724 4911 physici,
2769 4841 3166 4910 proﬁtebantur
3201 4842 3361 4896 ambo
3419 4844 3606 4897 mundi
3659 4845 3820 4909 hujus

538 4915 866 4982 vanitatem,
902 4911 1042 4982 alter
1073 4911 1335 4973 ridendo,
1380 4911 1517 4982 alter
1561 4911 1760 4966 ﬂendo.
1813 4912 2155 4969 Democritus
2199 4915 2418 4980 quidem
2484 4913 2767 4966 deridebat
2817 4928 2990 4982 usque
3039 4928 3127 4967 res
3177 4912 3464 4979 humanas,
3519 4913 3820 4973 Heraclitus

546 4994 725 5040 autem
761 4980 1098 5036 deﬂebateas
1114 4997 1345 5051 semper.
1384 4979 1724 5036 Democritus
1751 4993 1866 5036 erat
1892 4979 2546 5047 Abderites,illeraclitus
2581 4982 2865 5051 Ephesius.

616 5053 922 5124 Alexander
951 5057 1042 5124 qui
1075 5060 1129 5104 et
1165 5050 1320 5104 Paris
1351 5051 1572 5124 dicitur,
1608 5052 1752 5107 ﬁlius
1783 5052 1986 5124 Priami
2039 5055 2182 5124 regis
2212 5053 2475 5116 Troadis,
2537 5050 2754 5106 venerat
2793 5055 2846 5105 in
2887 5050 3170 5124 Graeciam,
3223 5054 3458 5124 etapud
3515 5054 3814 5110 Menelaum

543 5124 767 5193 Atriden
804 5121 1042 5193 hospitio
1080 5130 1352 5193 re_ceptus.
1407 5120 1664 5176 Helenam
1711 5123 1996 5193 coniugem
2046 5120 2166 5192 ejus
2214 5125 2532 5185 violaverat,
2577 5132 2918 5193 raptamque
2945 5122 3246 5178 deduxerat
3293 5120 3367 5176 in_
3387 5125 3606 5179 domum
3647 5134 3814 5180 'suam

542 5196 700 5250 llion.
727 5191 1098 5264 Gracijgitur
1125 5190 1636 5264 Troadaaggressi,
1669 5208 1766 5262 per
1816 5190 2088 5261 plurimos
2111 5210 2288 5248 annos
2319 5205 2539 5264 propter
2582 5190 2841 5264 Helenam
2877 5191 3146 5261 Troianos
3197 5205 3550 5257 vexaverunt,
3598 5208 3651 5251 et
3688 5207 3816 5251 sunt

541 5265 647 5336 ipsi
677 5263 878 5336 veneti.
907 5258 1192 5336 Postremo
1241 5258 1462 5316 tandem
1491 5263 1620 5315 Ilion
1670 5258 1937 5333 ceperunt
1966 5272 2020 5317 et
2053 5258 2436 5320 vastaverunt."
2477 5263 2581 5333 Ipsi
2625 5258 3000 5334 perdiderant
3027 5264 3314 5333 plerosque
3361 5265 3620 5330 heroum,
3685 5273 3815 5322 urbs

541 5329 725 5390 autem
762 5331 899 5387 Ilion
933 5329 1178 5385 funditus
1203 5346 1394 5386 eversa
1429 5340 1533 5386 est.

1716 5427 2016 5498 Propositio
2040 5431 2314 5495 poematis.
2351 5429 2620 5483 Scholion.

611 5521 747 5576 Belli
775 5517 998 5589 Trojani
1040 5517 1222 5590 beecce
1262 5518 1690 5590 causazlupiter
1719 5536 1905 5574 amore
1954 5522 2006 5574 in
2033 5519 2262 5576 Thetida
2297 5521 2459 5574 tiliam
2491 5518 2650 5575 Nerei
2707 5520 2987 5582 incensus,
3022 5535 3140 5590 eam
3194 5520 3308 5590 ipse
3361 5520 3512 5574 adire

3555 5525 3810 5593 prohibe-

541 5586 1234 5662 l‘iatuquuia'prmdixerat
1263 5586 1652 5662 Prometheus,
1683 5601 1869 5645 natum
1912 5590 2032 5660 ejus
2081 5600 2290 5660 patrem
2340 5591 2408 5645 de
2443 5606 2611 5662 regno
2658 5591 2982 5662 eiecturum.
3020 5588 3176 5645 Dedit
3215 5586 3397 5645 autem
3449 5586 3595 5647 illam
3658 5595 3814 5648 Peleo

541 5664 649 5716 tilio
680 5659 858 5723 )Ea'ci,
911 5659 1074 5730 'quem
1116 5660 1234 5728 ipse
1266 5669 1548 5730 genuerat.
1576 5659 1757 5716 Factis
1785 5659 1970 5716 autem
1999 5659 2204 5730 nuptiis
2235 5663 2289 5715 in
2321 5659 2527 5716 finibus
2569 5661 2711 5716 Pelei
2743 5661 2886 5730 apud
2917 5669 3237 5714 centaurum
3265 5662 3526 5723 Chirona.
3573 5664 3646 5718 dii
3678 5665 3790 5719 deae

538 5747 644 5802 que
675 5745 868 5786 omnes
897 5728 1076 5784 vocati
1115 5735 1243 5783 sunt
1277 5728 1345 5784 ad
1374 5731 1685 5787 convivium
1723 5740 1919 5803 praeter
1940 5728 2297 5788 Discbrdiam.
2339 5732 2470 5799 Quae
2498 5733 2580 5788 ira
2626 5728 2791 5788 mota'
2818 5732 3011 5788 statuit
3049 5732 3306 5803 gaudium
3338 5747 3710 5806 corrumpere,
3759 5743 3812 5792 et

607 5883 684 5955 (l)
713 5882 812 5939 Ed.
845 5897 968 5938 nov.
1005 5898 1060 5956 p.
1103 5881 1230 5938 477.
