4180 6350
388 483 494 539 ιεε)

387 599 623 667 εὐωχίαν
652 596 962 668 ἐκλήθησαν
994 599 1043 651 οἰ
1074 597 1185 650 θεοὶ
1221 598 1314 650 καὶ
1357 597 1411 649 αἱ
1447 597 1568 651 θεαὶ
1591 638 1606 660 ,
1638 597 1779 668 πλὴν
1816 598 1971 670 Ἔρι-

384 688 492 751 δος.
548 688 612 740 ’Π
641 688 697 740 δὲ
726 687 1049 759 ὀργισθεῖσα
1091 689 1279 742 στάσιν
1313 689 1671 760 ἐπεχείρησεν
1711 690 1972 759 ἐμϐαλεῖν

389 778 465 849 τῷ
515 780 824 851 συμποσίῳ,
878 782 974 834 καὶ
1030 780 1216 851 χρυσῷ
1275 780 1430 851 μήλῳ
1467 781 1842 852 ἐπιγράψασα,
1888 784 1977 853 Ίᾘ

389 874 607 939 ΚΑΛῌ,
647 871 870 943 ἔρριψεν
894 874 973 934 εἰς
1000 872 1059 925 τὸ
1089 871 1276 943 μέσον,
1308 874 1435 945 περί
1467 867 1527 927 οὗ
1555 876 1708 944 τρεῖς
1739 875 1970 945 ἀνέστη-

389 982 488 1019 σαν
520 965 943 1033 φιλονεικοῦσαι,
972 967 1121 1037 ’Ἡρα
1151 968 1245 1020 καὶ
1290 967 1576 1039 Ἀφροδίτη
1609 969 1702 1022 καὶ
1751 968 1971 1041 Ἀθηνᾶ,

386 1060 593 1130 ἑκάστη
619 1059 903 1127 φάσκουσα
924 1061 1124 1130 ἑαυτὴν
1150 1057 1287 1114 εἷναι
1312 1059 1502 1131 καλήν.
1535 1061 1592 1113 Ὀ
1609 1061 1665 1115 δὲ
1688 1062 1822 1124 Ζεὺς
1842 1060 1972 1115 δυσ-

386 1149 564 1212 ωπίας
596 1148 916 1219 βουλόμενος
958 1149 1265 1216 ἀπαλλάξαι
1305 1150 1403 1212 τὰς
1437 1149 1566 1213 θεὰς
1588 1192 1601 1212 ,
1638 1150 1851 1221 πέμπει
1905 1152 1973 1204 δι’

399 1241 603 1311 Ἐρμοῦ
635 1241 1040 1312 κριθησομένας
1066 1243 1203 1314 πρὸς
1234 1242 1325 1295 τὸν
1358 1243 1415 1295 ἐν
1448 1243 1561 1314 Ἴδῃ
1597 1244 1831 1312 ποιμένα
1861 1244 1973 1297 Πά-

391 1345 508 1400 ριν·
554 1331 691 1401 πρὸς
713 1331 773 1383 ὃν
798 1332 1131 1402 ἀφικόμεναι
1172 1332 1569 1403 ἐπηγγείλαντο
1608 1336 1677 1388 τὰ
1720 1335 1819 1405 τῆς
1851 1336 1972 1404 κρί-

390 1441 529 1488 σεως
570 1422 738 1494 δῶρα,
783 1425 815 1494 ή
859 1425 958 1493 μὲν
994 1426 1142 1495 ’Ἡρα
1190 1424 1465 1495 βασιλείαν
1496 1425 1644 1496 αὐτῷ
1693 1427 1972 1499 παρέξειν,

400 1516 605 1585 Ἀθηνᾶ
633 1515 689 1569 δὲ
722 1516 822 1587 τὴν
856 1518 914 1569 ἐν
948 1516 1207 1586 πολέμοις
1242 1517 1553 1588 ἀριστείαν,
1603 1519 1890 1591 Ἀφροδίτη
1919 1520 1975 1573 δὲ

385 1604 485 1675 τὴν
510 1605 630 1669 Διὸς
653 1608 751 1659 καὶ
781 1606 961 1678 Λήδας
991 1606 1267 1678 θυγατέρα
1309 1608 1550 1679 Ἑλένην,
1585 1609 1771 1663 κάλλει
1798 1610 1977 1679 διαφέ-

391 1714 589 1767 ρουσαν
622 1697 810 1751 πασῶν
838 1699 951 1751 τῶν
981 1699 1259 1767 γυναικῶν
1282 1716 1295 1729 ο
1324 1702 1351 1753 6
1380 1701 1437 1754 δὲ
1467 1701 1734 1773 ἐπιθυμίᾳ
1767 1719 1973 1774 κρατη-

388 1788 522 1852 θεὶς,
564 1789 855 1861 προέκρινε
890 1789 987 1861 τὴν
1043 1792 1363 1863 Ἀφροδίτην
1387 1809 1401 1824 ο
1441 1794 1474 1863 ή
1506 1793 1562 1846 δὲ
1604 1797 1683 1856 εἰς
1710 1794 1975 1847 Λακεδαίο

392 1899 530 1953 μονα
560 1882 871 1935 πλεύσαντα
906 1883 1118 1937 κελεύει
1151 1884 1250 1955 τὴν
1292 1885 1511 1956 Ἑλένην
1542 1886 1811 1956 ἁρπάσαι,
1860 1888 1975 1941 Με-

388 1978 580 2032 νελάου
621 1977 715 2031 τοῦ
744 1977 938 2049 ἀνδρὸς
979 1978 1152 2048 αὐτῆς
1182 1980 1261 2041 εἰς
1299 1980 1527 2051 Κρήτην
1562 1980 1974 2051 ἀποδεδημηκό-

385 2089 498 2135 τος.

386 2165 457 2219 85
486 2162 786 2232 Κουρῆτές
813 2165 860 2216 τ’
877 2162 1175 2231 ἐμάχοντο
1192 2161 1293 2216 καὶ
1318 2161 1569 2215 Αἰτωλοὶ
1584 2162 1973 2232 μενεχάρμαι,

386 2236 455 2290 84
538 2235 713 2303 Ἀμφί
764 2233 917 2299 συὸς
944 2232 1181 2302 κεφαλῇ
1206 2232 1361 2302 θριξι
1388 2250 1452 2286 τε
1478 2234 1809 2302 χοιριδίαις.

458 2350 773 2422 Μελέαγρος
814 2350 844 2402 6
888 2349 999 2402 τῶν
1026 2346 1283 2401 Αἰτωλῶν
1327 2346 1602 2417 βασιλεὺς,
1662 2347 1978 2419 Ἀρτέμιδος

387 2445 825 2515 καταφρονήσας,
854 2442 955 2505 τὰς
1000 2443 1121 2495 κατ’
1155 2440 1275 2505 ἔθος
1309 2442 1447 2512 αὐτῇ
1482 2440 1675 2505 θυσίας
1715 2441 1774 2494 οὐ
1810 2458 1977 2513 προσ-

386 2537 550 2607 έφερε
572 2577 586 2601 ,
622 2535 824 2607 μικρὰν
866 2531 1004 2588 εἶναι
1050 2533 1254 2605 ταύτην
1280 2534 1377 2587 καὶ
1409 2533 1637 2605 μηδενὸς
1670 2533 1977 2603 ὑπονοήσας

388 2629 548 2694 ἀξίαν
577 2629 761 2699 λόγου.
789 2630 1058 2699 ’Ἄρτεμιν
1080 2628 1137 2681 δέ
1164 2645 1328 2696 φασιν
1357 2629 1407 2682 οἰ
1441 2627 1603 2698 μῦθοι
1632 2626 1742 2679 τῶν
1771 2626 1977 2698 θηρίων

388 2723 483 2773 καῖ
510 2721 666 2781 ζώων
695 2722 917 2790 κρατεῖν
937 2735 951 2747 ο
984 2717 1236 2787 ὀρεστιὰς
1270 2716 1378 2787 γὰρ
1409 2716 1549 2788 αὐτη
1569 2758 1583 2782 ,
1618 2717 1701 2771 διὸ
1731 2718 1826 2770 καὶ
1854 2717 1979 2769 ἐλα-

388 2810 623 2879 φηϐόλος
650 2809 917 2863 καλεῖται·
948 2807 1132 2879 βάλλει
1159 2806 1267 2879 γὰρ
1296 2808 1570 2877 εὐστόχως
1595 2808 1693 2871 τὰς
1719 2807 1972 2876 ἐλάφους.

389 2904 480 2973 Τῷ
504 2902 634 2971 γοῦν
656 2901 962 2972 Μελεάγρῳ
982 2901 1218 2971 σύαγρον
1240 2900 1592 2971 ὑπερμεγέθη
1622 2900 1852 2972 πέμπει,
1882 2902 1978 2954 καὶ

388 2993 489 3064 τὴν
534 2992 725 3045 τούτου
772 2992 1114 3045 κατέϐλαπτε
1152 2990 1373 3062 χώραν·
1415 2992 1733 3063 Μελέαγρος
1771 2992 1826 3045 δὲ
1853 2992 1979 3055 τοὺς

388 3084 675 3154 Κουρῆτας
701 3083 781 3145 εἰς
809 3082 1126 3153 συμμαχίαν
1154 3082 1411 3145 καλέσας,
1438 3083 1650 3154 ἀναιρεῖ
1667 3083 1758 3135 τὸν
1787 3083 1978 3152 ἄγριον

393 3175 525 3229 σύαο
554 3175 735 3230 λαϐὼν
759 3176 815 3228 δέ
841 3176 939 3247 τὴν
964 3175 1059 3229 τοῦ
1096 3175 1220 3241 συὸς
1250 3175 1493 3247 κεφαλὴν
1523 3175 1616 3229 καὶ
1638 3175 1736 3239 τὰς
1759 3176 1974 3248 τρίχας,

389 3272 458 3341 τῇ
523 3256 808 3341 Αταλάντῄ
848 3268 1019 3333 ξένιον
1062 3270 1335 3341 παρέσχεν
1360 3287 1375 3301 ·
1426 3270 1565 3343 αὐτη
1603 3271 1661 3324 δὲ
1709 3271 1977 3342 παρθένος

392 3362 530 3432 γυνὴ
561 3362 658 3414 καὶ
680 3360 909 3425 τοξότις.
943 3359 1115 3414 Τοῦτο
1146 3362 1366 3430 γνόντες
1389 3363 1438 3414 οἰ
1470 3363 1752 3434 Κουρῆτες
1771 3402 1786 3426 ,
1816 3362 1976 3416 πόλε-

396 3472 496 3525 μον
536 3454 865 3507 συνάπτουσι
902 3454 1041 3525 μετά
1069 3453 1177 3507 τῶν
1218 3454 1497 3519 Αἰτωλῶν,
1532 3456 1626 3507 καὶ
1672 3455 1844 3519 οὕτως
1884 3456 1978 3509 ἀλ-

392 3544 586 3615 λήλους
616 3542 953 3596 κατέκοπτον
988 3542 1108 3597 ἀντὶ
1144 3545 1269 3608 συὸς
1296 3544 1538 3616 κεφαλῆς
1570 3547 1664 3599 καὶ
1705 3547 1978 3618 χοιριδίων

391 3635 614 3707 τριχῶν.
654 3634 905 3706 Ὅμηρος
948 3636 1045 3706 μὲν
1076 3631 1169 3690 οὖν
1200 3654 1334 3708 φησι
1377 3636 1617 3709 κεφαλὴν
1658 3638 1751 3691 καὶ
1780 3638 1977 3710 δοράν’

392 3730 421 3780 6
454 3728 626 3798 μέγας
654 3726 957 3799 Γρηγόριος
982 3727 1038 3781 δὲ
1076 3728 1196 3781 ἀντὶ
1219 3728 1320 3799 τῆς
1346 3728 1528 3801 δορᾶς,
1558 3728 1751 3799 τρίχας
1782 3730 1977 3800 φησὶν,

393 3817 503 3870 εἴτε
541 3820 652 3881 τοῖς
687 3818 909 3888 μέτροις
939 3816 1207 3886 ἑπόμενος
1227 3835 1239 3848 ·
1286 3818 1524 3886 ἐλεγεῖον
1552 3818 1690 3887 γάρ,

1436 481 1525 535 AD
1564 482 1875 539 CARMINA
1918 485 1973 537 S.
2019 481 2349 539 GREGORII
2383 479 2635 538 THEOL.

3555 488 3661 544 450

2159 596 2320 670 Ἀμφὶ
2352 597 2771 670 συὸς-,κεφαλῇ
2794 600 2946 666 θριξί
2975 617 3037 653 τε
3066 602 3397 670 χοιριὸίαις,

2078 669 2420 750 προείρηταιο
2477 668 2585 719 εἴτε
2632 671 2876 736 φυσικῶς
2922 668 3238 743 παριστῶν·
3302 675 3363 726 οὐ
3418 672 3526 746 γὰρ
3568 674 3663 739 σῦς

2076 738 2456 808 ἀποδορΟὖται.
3006 738 3016 743 ’
3428 738 3441 745 ⁷
3497 738 3509 746 ’
3648 738 3655 739 ί

2076 808 2145 861 85
2172 807 2441 862 Αἰακίδαι
2471 808 2601 876 μέγ’
2628 808 2846 878 ἄεισμα
2887 810 3071 865 θάνον
3105 829 3171 882 γε
3192 813 3329 881 μὲν,
3360 813 3428 881 ὃς
3450 816 3570 882 μὲν
3593 816 3664 870 ἐν

2077 947 2146 1001 86
2218 949 2560 1019 Μαινομένῃ
2621 949 2891 1020 παλάμῃ,
2916 952 3101 1021 αὐτὰρ
3140 956 3172 1007 ό

2148 1061 2349 1125 Αἰακὸς
2374 1055 2527 1127 οὗτος
2554 1065 2669 1128 υἱὸς
2700 1066 2914 1132 ἐγένετο
2938 1065 3032 1118 τοῦ
3064 1066 3204 1131 Διὸς,
3228 1068 3433 1133 δίκαιος
3459 1068 3529 1122 τὰ
3556 1070 3663 1141 μά-

2077 1154 2262 1206 λιστα·
2300 1154 2381 1207 διό
2420 1173 2550 1208 ποτε
2592 1157 2856 1227 ἀϐροχίας
2888 1158 3192 1230 γενομένης
3219 1160 3279 1213 ἐν
3318 1164 3385 1232 τῇ
3431 1161 3660 1227 Ἑλλάδι,

2075 1241 2239 1314 ἦλθον
2270 1249 2406 1319 πρὸς
2434 1249 2598 1303 αὐτὸν
2628 1252 2677 1302 οἱ
2712 1250 2832 1304 κατ’
2868 1251 3062 1322 ἐξοχὴν
3088 1250 3199 1304 τῶν
3234 1251 3442 1307 πόλεων
3472 1252 3663 1325 ἄνδρες

2078 1341 2520 1411 παρακαλοῦντες
2546 1342 2809 1410 εὖξασθαι
2840 1342 2915 1413 τῷ
2960 1342 3076 1415 ἰδίῳ
3113 1344 3281 1415 πατρὶ
3311 1344 3400 1399 ἵνα
3438 1345 3663 1416 γένηται

2079 1434 2233 1496 ὐετός
2255 1451 2266 1462 ·
2295 1435 2322 1486 6
2356 1434 2412 1487 δὲ
2445 1434 2574 1497 στὰς
2602 1436 2697 1487 καὶ
2727 1434 3043 1506 εὐξάμενος,
3074 1434 3229 1488 ἔλυσε
3259 1434 3348 1489 διὰ
3373 1437 3473 1507 τῆς
3500 1437 3664 1508 εὐχῆς

2077 1527 2205 1589 τοὺς
2238 1526 2485 1598 αὐχμοὺς
2513 1529 2607 1581 καὶ
2636 1528 2914 1599 κατερρύη
2951 1528 3096 1599 ὕδωρ
3138 1528 3271 1587 πολύ
3296 1544 3311 1558 ·
3343 1528 3593 1599 μάλιστα·
3608 1531 3665 1583 δὲ

2078 1617 2172 1670 καὶ
2200 1618 2265 1670 ἐκ
2299 1617 2491 1670 τούτου
2518 1617 2734 1689 ἐδείχθη
2764 1621 2796 1689 ἡ
2828 1616 3079 1672 εὐσέϐεια
3109 1618 3205 1671 τοῦ
3235 1619 3461 1673 Αἰακοῦ.
3498 1616 3666 1684 Οὗτος

2077 1704 2171 1761 οὖν
2200 1711 2365 1781 γεννᾷ
2401 1708 2494 1762 δύο
2520 1711 2691 1775 υἱοὺς,
2723 1710 2815 1764 τὸν
2848 1710 3033 1781 Πηλέα
3061 1711 3155 1764 καὶ
3196 1710 3289 1764 τὸν
3330 1711 3664 1782 Τελαμῶνα·

2079 1794 2155 1855 ὧν
2179 1803 2207 1854 6
2238 1802 2335 1872 μὲν
2366 1803 2579 1874 Πηλεὺς
2604 1803 2780 1856 τίκτει
2820 1803 2913 1856 τὸν
2952 1803 3221 1874 Ἀχιλλέα,
3250 1805 3279 1855 ὁ
3306 1804 3363 1858 δὲ
3402 1804 3666 1875 Τελαμὼν

2079 1894 2171 1948 τὸν
2198 1895 2422 1959 Αἴαντα,
2448 1896 2644 1960 οἵτινες
2676 1896 2968 1950 ἐκαλοῦντο
3004 1897 3277 1961 Αἰακίδαι,
3311 1897 3410 1968 τὴν
3440 1898 3548 1952 ἀπὸ
3571 1899 3667 1951 τοῦ

2079 1984 2308 2037 πάππου
2347 1984 2511 2057 τιμὴν
2549 1984 2701 2038 ἔνθεν
2747 1986 3204 2057 προσφερόμενοι.
3262 1987 3536 2057 Ἀχιλλεὺς
3571 1984 3667 2042 οὐν

2082 2075 2221 2145 μετὰ
2264 2075 2530 2148 ’Έκτορος
2573 2077 2891 2149 ἀναίρεσιν,
2937 2077 3244 2148 Πολυξένην
3274 2078 3373 2150 τὴν
3415 2079 3667 2152 Πριάμου

2080 2165 2355 2237 θυγατέρα
2378 2166 2657 2238 βουληθεὶς
2685 2168 2880 2237 γῆμαι,
2906 2166 3154 2236 εἰσῆλθεν
3182 2166 3242 2219 ἐν
3273 2169 3341 2237 τῇ
3373 2166 3549 2233 πόλει,
3575 2167 3671 2221 καὶ

2080 2255 2222 2309 κατά
2249 2255 2404 2325 λόχον
2435 2256 2559 2309 τινὰ
2582 2256 2851 2323 τοξευθεὶς
2882 2259 2939 2312 ἐν
2963 2256 3041 2327 τῷ
3068 2255 3180 2326 ναῷ
3205 2255 3299 2310 τοῦ
3338 2256 3670 2322 Ἀπόλλωνος

2082 2348 2187 2401 ὑπὸ
2241 2348 2475 2419 Πάριδος
2529 2348 2773 2420 θνήσκει.
2829 2348 3108 2420 Ἀχιλλεὺς
3156 2345 3249 2403 οὖν
3295 2349 3435 2421 μετά
3478 2352 3668 2423 χρόνον

2082 2439 2285 2510 Πύρρῳ
2324 2439 2403 2509 τῷ
2436 2440 2551 2510 ἰδίῳ
2581 2440 2684 2511 υίῷ
2714 2439 2860 2493 κατὰ
2890 2440 2990 2510 τὴν
3022 2441 3224 2511 Τροίαν
3258 2441 3393 2507 ὄντι,
3422 2442 3670 2511 φαίνεται

2080 2534 2255 2603 λέγων
2296 2534 2407 2587 δεῖν
2433 2534 2584 2606 αὐτῷ
2611 2534 2836 2606 τυθῆναι
2872 2533 2969 2605 τὴν
3000 2534 3308 2605 Πολυξένην
3329 2579 3347 2599 ,
3371 2535 3439 2588 δι’
3469 2536 3537 2605 ἦν
3575 2536 3672 2588 καὶ

2080 2626 2349 2681 ἀπώλετο.
2380 2627 2597 2698 Πύρρος
2623 2623 2715 2681 οὗν
2752 2626 2891 2697 μετά
2925 2628 3025 2697 τὴν
3054 2626 3211 2697 νίκην
3241 2626 3549 2699 Πολυξένην
3576 2626 3671 2680 λα-

2083 2718 2193 2773 ϐὼν
2226 2720 2377 2791 παρά
2404 2718 2495 2771 τὸν
2528 2719 2698 2788 τάφον
2741 2718 2902 2771 ἔθυσε
2935 2717 3030 2771 τοῦ
3070 2718 3200 2771 ἰδίου
3248 2720 3455 2791 πατρὸς
3496 2720 3671 2791 Ἀχιλ-

2082 2806 2239 2871 λέως.
2267 2807 2399 2869 Αἴας
2426 2806 2482 2860 δὲ
2512 2808 2540 2859 6
2564 2804 2657 2859 τοῦ
2682 2806 3009 2877 Τελαμῶνος
3037 2806 3368 2878 ἀριστεύσας
3401 2809 3495 2862 καὶ
3519 2809 3674 2880 πρῶ·

2082 2915 2173 2960 τος
2200 2898 2257 2951 ἐν
2287 2900 2400 2959 τοῖς
2426 2897 2751 2969 προμάχοις,
2782 2896 2859 2959 ὡς
2893 2897 2990 2968 μὲν
3018 2898 3323 2970 Γρηγόριος
3342 2899 3371 2951 6
3397 2897 3541 2964 θεῖός
3571 2917 3675 2971 φηο

2086 3007 2189 3053 σιν,
2220 2991 2277 3042 ἐν
2309 2990 2533 3061 πολέμῳ
2573 2991 2877 3063 μαινομένῃ
2906 2991 3052 3063 χειρὶ
3082 2992 3323 3064 ἀνῃρέθη
3343 3010 3356 3023 ·
3391 2992 3468 3057 ὡς
3494 2993 3551 3047 δέ
3590 3011 3673 3046 τι-

2084 3100 2195 3147 νες,
2264 3083 2457 3136 ἑαυτὸν
2509 3082 2707 3137 ἀνεῖλε.
2767 3083 2998 3150 Λέγουσι
3051 3082 3183 3156 γάρ,
3233 3084 3328 3137 τοῦ
3388 3083 3675 3155 Ἀχιλλέως

2083 3175 2498 3248 ἀναιρεθέντος,
2534 3175 2611 3238 ὡς
2662 3177 2797 3239 Αἴας
2844 3182 2934 3230 καὶ
2991 3175 3281 3240 Ὀδυσσεὺς
3328 3177 3577 3249 εἰσῆλθον
3614 3176 3677 3229 τὸ

2083 3266 2289 3337 πτῶμα
2316 3266 2409 3319 τοῦ
2451 3265 2737 3336 Ἀχιλλέως
2767 3265 2974 3332 λαϐεῖν,
3010 3268 3106 3319 καὶ
3148 3266 3461 3333 Ὀδυσσεὺς,
3499 3267 3673 3340 εὐμή-

2084 3373 2243 3427 χανος
2278 3356 2373 3410 ἆτε
2418 3356 2494 3408 ὢν
2541 3357 2636 3409 καὶ
2677 3357 3018 3428 πανοῦργος,
3049 3356 3253 3411 Αἴαντα
3292 3357 3392 3427 μὲν
3423 3358 3484 3412 τὸ
3518 3358 3678 3430 σῶμα

2083 3448 2269 3502 λαϐεῖν
2300 3447 2587 3519 Ἀχιλλέως
2616 3449 2919 3519 ἠπάτησεν·
2946 3449 3108 3513 αὐτὸς
3136 3449 3194 3503 δὲ
3225 3451 3350 3513 τοὺς
3384 3450 3678 3522 πολεμίους

2085 3538 2342 3609 ἀπείργει
2387 3542 2499 3602 τοῖς
2554 3539 2736 3603 ὅπλοις
2790 3539 3202 3611 πεφραγμένος.
3251 3541 3570 3612 Γενομένοις
3620 3544 3676 3596 δὲ

2086 3630 2231 3683 κατά
2256 3629 2354 3701 τὴν
2377 3630 2675 3701 ἐκκλησίαν
2698 3632 2793 3685 καὶ
2817 3633 3161 3703 κρινομένοις
3186 3633 3316 3704 περὶ
3339 3634 3449 3687 τῶν
3471 3635 3674 3700 ὃπλων,

2100 3722 2345 3775 Ὀδυσσεῖ
2380 3721 2480 3791 τὴν
2527 3723 2699 3793 ῥοπὴν
2747 3723 3009 3795 ’Έλληνες
3059 3724 3403 3796 ἐχαρίσαντο.
3445 3726 3583 3790 Αἴας
3620 3727 3677 3780 δὲ

2093 3818 2282 3887 μανεὶς
2316 3818 2409 3871 καί⁵
2442 3816 2737 3888 παραπλὴξ
2769 3817 3079 3888 γενόμενος,
3122 3817 3189 3870 δι’
3214 3819 3343 3889 ὅλης
3372 3820 3565 3883 νυκτὸς
3608 3820 3676 3872 τά

396 4066 587 4135 injecit
617 4064 954 4135 inmedium,
974 4062 1333 4135 assidentium
1355 4060 1556 4115 malum
1600 4076 1826 4135 aureum
1850 4061 1935 4115 cui
1986 4060 2313 4135 inscriptum
2356 4061 2488 4117 illud
2516 4082 2528 4116 :
2564 4060 2826 4135 Pulchrae.
2853 4060 3007 4129 Quoa
3029 4062 3364 4132 repetierunt
3394 4072 3505 4135 tres
3539 4065 3672 4133 deae,

394 4132 538 4192 Ju'no
566 4144 617 4191 et
646 4134 832 4189 Venus
859 4141 913 4206 et
944 4134 1220 4206 Minerva;
1252 4140 1500 4206 _utraque
1534 4133 1899 4206 contendebat
1942 4147 2002 4186 se
2043 4133 2465 4206 pulcherrimam
2510 4148 2650 4206 esse.
2713 4132 2883 4206 Litem
2920 4141 2980 4206 ut
3047 4141 3397 4206 componeret
3439 4132 3673 4206 Jupiter,

398 4208 547 4261 misit
576 4222 669 4260 eas
699 4221 822 4260 cum
861 4204 1153 4269 Mercurio,
1199 4203 1264 4255 ad
1295 4212 1532 4274 montem
1568 4201 1680 4264 lda,
1727 4217 1755 4254 a
1796 4210 2016 4274 pastore
2044 4201 2266 4274 Paride,
2291 4201 2691 4271 dijudicandas.
2728 4204 3039 4274 Certamine
3072 4201 3361 4274 inst—ructo.
3412 4201 3676 4274 promise;

397 4288 526 4330 runt
555 4279 603 4331 ei
640 4288 899 4341 tanquam
924 4274 1116 4342 judicii
1151 4275 1457 4327 mercedem
1495 4272 1639 4326 Juno
1666 4288 1915 4344 regnum,
1958 4272 2196 4327 Minerva
2222 4273 2478 4327 virtutem
2520 4276 2573 4327 in
2610 4274 2811 4344 praaliis
2849 4273 3142 4335 illustrem,
3175 4272 3362 4330 Venus
3387 4272 3670 4339 Helenam,

399 4348 563 4401 tiliam
593 4344 744 4401 Jovis
780 4355 833 4401 et
858 4345 1033 4406 Ledae,
1069 4360 1177 4411 prae
1205 4344 1418 4398 ueteris
1448 4343 1771 4397 mulieribus
1798 4344 2207 4412 pulchritudine
2248 4343 2624 4412 praestantem;
2666 4343 2770 4409 Qui
2802 4344 2970 4412 igitur
3002 4344 3232 4399 libidine
3261 4346 3459 4409 victus,
3487 4349 3675 4403 decre-

397 4420 474 4471 vit
506 4419 789 4487 praemium
826 4416 1044 4471 Veneri.
1072 4414 1195 4469 Haec
1218 4416 1341 4468 ideo
1361 4414 1519 4483 jubet
1542 4429 1668 4469 eum
1702 4413 1953 4483 Spartam
1987 4414 2160 4476 adire,
2198 4422 2252 4469 et
2283 4413 2538 4470 Helenam
2573 4430 2785 4484 rapere,
2814 4418 2945 4469 dum
2984 4416 3187 4484 conjux
3233 4416 3355 4485 ejus
3397 4416 3675 4473 Menelaus

401 4488 546 4558 apud
574 4487 868 4543 Cretenses
896 4487 1365 4557 peregrinaretur.

470 4602 760 4673 Meleager,
791 4619 881 4655 rex
917 4601 1245 4673 Aitnlorum.
1285 4598 1509 4653 Dianam
1568 4599 2248 4673 contqmnenstsoletnnia
2272 4600 2329 4673 ei
2363 4601 2634 4673 sacriﬁcia
2662 4600 2985 4673 denegabat,
3019 4610 3172 4657 ratus
3199 4618 3317 4657 eam
3351 4604 3674 4660 imbecillam

398 4691 523 4729 esse
550 4683 603 4729 et
634 4669 788 4742 parvi
833 4673 1161 4745 faciendam.
1198 4670 1423 4724 Dianam
1476 4677 1656 4723 autem
1702 4669 2093 4745 tingunt_feris
2126 4671 2415 4745 dominari
2458 4680 2515 4745 et
2559 4669 2963 4745 besti_is_;‘nam
3022 4683 3279 4726 tnontana
3329 4675 3471 4741 ipsa,
3510 4685 3677 4745 atque

401 4746 525 4801 ideo
550 4740 836 4798 cervorum
864 4741 1126 4795 Venatrix
1160 4751 1423 4814 vocatur;
1463 4756 1654 4814 cervos
1694 4743 1839 4795 enim
1869 4741 2234 4814 solertissime
2271 4741 2455 4809 jaculo
2489 4740 2810 4814 ﬁgit._Misit
2841 4742 3009 4808 igitur
3039 4745 3304 4814 adversus
3341 4740 3673 4814 Meleagrum

402 4816 765 4887 pergrandem
822 4829 1048 4887 aprum,
1091 4812 1183 4887 qui
1247 4819 1450 4864 terram
1497 4812 1617 4887 ejus
1664 4819 1930 4887 vastaret.
1974 4812 2311 4887 Meleagrus,
2365 4814 2574 4887 vocatis
2629 4811 2683 4864 in
2731 4814 2993 4887 auxilium
3036 4812 3350 4887 Curetibus.
3400 4811 3677 4887 interfecit

402 4881 616 4956 aprum.
648 4885 714 4936 At
748 4884 1025 4956 accipiens
1061 4882 1178 4952 apri
1214 4892 1376 4951 caput
1404 4890 1456 4956 et
1487 4881 1894 4956 cirines.__dedit
1928 4898 1989 4935 ea
2020 4898 2249 4956 munere
2280 4883 2566 4956 Atalantze,
2592 4892 2796 4956 «linem
2838 4884 2953 4951 ipsa
2999 4884 3151 4951 virgo
3183 4892 3237 4935 et
3272 4888 3544 4940 venatrix.
3595 4885 3673 4939 Re

402 4950 584 5011 autem
621 4956 829 5015 audita,
855 4950 1084 5008 Curetes
1100 4950 1407 5006 'moveruut
1446 4953 1645 5005 bellmn
1681 4950 1907 5015 Aitolis,
1942 4962 2107 5023 atque
2136 4955 2208 5005 ita
2244 4967 2302 5006 se
2337 4952 2543 5023 mutuis
2579 4953 2828 5006 cladibus
2860 4950 3121 5007 ila-serunt
3161 4963 3381 5022 propter
3425 4965 3587 5023 caput
3622 4967 3675 5007 cl.

404 5029 587 5081 crines
620 5037 882 5094 agrestes.
920 5023 1189 5078 Homerus
1222 5024 1437 5077 dixerat
1469 5030 1635 5092 caput
1662 5031 1715 5076 et
1746 5023 1937 5091 pellem
1967 5042 1982 5089 ;
2021 5020 2260 5088 'magnus
2294 5038 2422 5076 vero
2455 5020 2752 5091 Gregorius
2800 5023 2920 5078 loco
2969 5025 3127 5091 pellis
3156 5020 3338 5078 Crines
3374 5020 3532 5088 dicit,
3580 5042 3677 5079 seu

402 5098 647 5152 numeris
678 5095 976 5164 inserviat,
1002 5110 1099 5153 seu
1128 5094 1411 5149 veritatem
1448 5096 1522 5150 rei
1552 5094 1804 5149 observet
1834 5112 1846 5147 :
1879 5109 2010 5163 aper
2032 5098 2178 5149 enim
2203 5111 2309 5149 non
2343 5097 2564 5149 exuitur
2594 5096 2750 5165 pelle.

476 5214 686 5271 Iliacus
712 5212 803 5267 hic
837 5217 955 5265 erat
984 5209 1128 5262 lilius
1156 5204 1330 5271 Jovis,
1356 5216 1409 5259 et
1433 5204 1647 5273 justitia
1679 5200 2183 5273 splendidissimus.
2217 5200 2564 5270 Quapmpter
2587 5200 2841 5255 siccitate
2873 5200 3150 5269 quondam
3186 5202 3242 5257 in
3274 5201 3481 5258 Graecia
3513 5204 3676 5270 facta,

402 5294 673 5343 venerunt
713 5283 781 5337 ad
806 5296 929 5336 eum
963 5279 1206 5347 undique
1245 5293 1312 5331 ex
1349 5272 1579 5331 urbibus
1616 5272 1885 5347 homines,
1942 5272 2225 5347 hortantes
2271 5287 2395 5347 eum
2429 5278 2487 5347 ut
2537 5286 2565 5347 a
2604 5278 2773 5347 patre
2823 5286 2924 5324 suo
2978 5273 3215 5347 pluviam
3268 5283 3504 5347 rogaret.
3546 5275 3678 5330 Dum

406 5341 586 5412 autem
626 5362 799 5409 staret
827 5361 880 5406 et
910 5341 1321 5411 march-soluta
1354 5356 1437 5399 est
1468 5362 1564 5416 per
1589 5345 1934 5416 precationes
1966 5344 2211 5416 siccitas.
2241 5350 2307 5416 et
2328 5341 2510 5416 pluvia
2534 5341 2755 5416 delapsa
2797 5350 2882 5394 est
2928 5341 3359 5416 perabundansf
3384 5346 3503 5409 Quo
3543 5361 3671 5413 pnn-

408 5409 598 5499 primis
637 5423 900 5477 inclaruit
927 5409 1115 5499 .anei;
1136 5422 1329 5488 pietas.
1367 5409 1633 5499 Ilic:er_g:0
1664 5415 1805 5467 duos
1839 5414 1978 5499 tilias
2009 5413 2237 5499 peperit,
2281 5409 3203 5499 Del-eunt'et-Telauioua,iquorum
3228 5414 3378 5481 prior
3405 5409 3674 5499 .Achi'llem

406 5481 612 5568 genuit,
651 5504 705 5549 et
736 5492 1010 5562 posterior
1033 5481 1273 5568 “Ajacem
1302 5504 1315 5552 ;
1370 5488 1516 5541 unde
1553 5481 1621 5568 Ili.
1647 5500 1866 5553 quoque
1896 5481 2137 5568 Adaeid'az
2161 5482 2616 5568 '\-oc:mturl,whuc
2636 5481 2870 5568 tuo-mine
2908 5490 3348 5568 'pl“0pl(.}‘l"a\'UIEl
3404 5486 3676 5568 ὴοιιφοιηί,

410 5550 666 5626 iifhmés,
712 5550 1002 5618 interfecto
1033 5550 1554 5621 lleclore,vuxorem
1591 5550 1791 5609 dueere
1819 5553 2048 5622 cupiens
2079 5552 2408 5626 Polyxenam
2444 5552 2606 5604 tiliam
2636 5550 2861 5626 Priami,
2907 5552 3131 5626 intravit
3163 5553 3216 5605 in
3252 5554 3460 5626 u_rbem,
3493 5565 3547 5610 et
3582 5572 3680 5626 per

408 5621 731 5693 insidias'in
762 5634 969 5701 templo
995 5631 1264 5699 Apollinis
1293 5646 1321 5682 a
1359 5627 1551 5701 Paride
1586 5627 1780 5697 sagitta
1809 5621 2190 5701 con‘lix‘usest.
2214 5623 2407 5701 Postea
2456 5630 2637 5701 autem
2672 5621 2783 5674 tilio
2818 5638 2919 5675 suo
2970 5622 3228 5701 Pyrrho,_
3265 5622 3491 5701 Trojam
3520 5621 3680 5701 _ob~i-

409 5708 582 5763 denti.
624 5706 828 5759 dicitur
879 5694 1228 5773 apparuisse,
1266 5709 1339 5773 et_
1370 5694 1694 5773 imperasse
1721 5704 1799 5773 utﬁ
1825 5695 1927 5773 sibi
1974 5694 2245 5764 Polyxena
2293 5695 2672 5773 immolaretur
2701 5701 2969 5773 propter.
3002 5708 3165 5773 quam
3217 5695 3332 5773 ipse
3382 5696 3676 5773 ceciderat.

411 5762 653 5850 pyrrhus
696 5777 884 5845 igitur,
918 5762 1238 5850 oppugnata
1259 5770 1397 5850 urbe
1421 5762 1724 5821 immolavit
1755 5762 2093 5850 Polyxenam
2122 5779 2287 5850 super
2318 5765 2593 5850 tumulum
2628 5764 2799 5850 patris
2818 5762 3190 5850 isuiiAchillis.
3224 5762 3359 5850 Ajax
3392 5766 3591 5850 virtute
3626 5776 3682 5850 ct

412 5832 576 5903 armis
608 5832 750 5901 inter
776 5832 969 5899 omnes
990 5832 1193 5905 clavi-us,
1226 5840 1548 5893 interfectus
1573 5846 1678 5900 est,
1712 5845 1771 5889 ut
1804 5832 1937 5889 dicit
1958 5835 2119 5887 divus
2136 5832 2452 5905 Gregorius,
2489 5834 2541 5886 in
2568 5833 2943 5905 bello__vesana
2977 5850 3176 5896 manu;
3206 5844 3323 5895 aut,
3359 5844 3417 5889 ut
3454 5845 3681 5893 narrant

412 5901 568 5977 am,—
607 5932 731 5973 sese
772 5917 893 5985 ipse
938 5901 1188 5985 peremit.
1230 5909 1501 5965 Referuut
1548 5907 1728 5985 enim,
1778 5906 2039 5985 defuncto
2074 5901 2316 5985 Achille,
2342 5903 2589 5985 Ajacem
2628 5913 2682 5955 et
2713 5901 2962 5985 Ulyssem
2996 5904 3332 5985 irruissehad
3380 5908 3677 5985 tollendum

412 5972 655 6046 Achillis
678 5972 1005 6053 corpusfat
1029 5981 1272 6054 Ulysses,
1314 5987 1502 6051 utpote
1534 5977 1764 6034 callidus
1795 5984 1849 6032 et
1885 5976 2085 6042 solers,
2125 5975 2300 6031 suasit
2329 5972 2480 6043 Ajaci
2522 5985 2579 6029 ut
2604 5989 2805 6044 corpus
2843 5974 3081 6031 auferret
3106 5975 3355 6046 Achillis,
3390 5976 3518 6032 dum
3564 5978 3682 6048 ipse
