4182 6384
398 231 504 287 455
1538 238 1809 294 COSMAS

400 345 557 417 σῶμα
585 342 858 416 λελώϐητο
885 345 990 398 ὑπὸ
1017 347 1116 418 τῆς
1154 349 1388 420 τρυφῆς.
1441 350 1500 402 ’0
1532 352 1713 406 τοίνυν
1744 353 1984 419 τοιοῦτος

397 439 492 494 καὶ
531 437 821 503 τοσοῦτος,
859 441 1023 508 φησὶν
1057 441 1086 492 6
1117 438 1260 503 θεῖος
1300 441 1625 514 Γρηγόριος,
1671 445 1765 497 καὶ
1803 447 1985 516 πάσης

397 530 678 602 κρατήσας
708 529 809 600 τῆς
839 531 963 602 γῆς,
1004 532 1208 603 οἰκτρῷ
1236 533 1379 586 τέλει
1412 535 1504 588 τὸν
1536 535 1652 606 βίον
1689 538 1986 609 κατέστρε-

393 622 517 692 ψεν.
1319 675 1326 682 .

397 714 467 770 94
542 716 728 784 Ἥρως
769 716 1094 784 Ἀτρείδης,
1117 715 1273 785 Ἶρος
1295 719 1686 786 άλητοόόρος.

469 828 658 900 Ἥρως
707 828 854 882 ἐστὶν
907 828 1133 900 ἡμίθεος
1181 831 1342 901 ἀνήρ·
1409 831 1643 901 Ἀτρέως
1691 830 1745 884 δὲ
1791 833 1920 895 παῖς
1957 832 1987 886 6

411 922 790 993 Ἀγαμέμνων.
825 916 994 986 Οὗτος
1013 923 1114 994 τῆς
1147 923 1397 989 Ἑλλάδος
1425 924 1679 994 βασιλεὺς
1701 926 1986 997 ὑπάρχων,

396 1015 488 1067 τὸν
531 1014 780 1086 Τρωϊκὸν
814 1015 1177 1087 συνεκρότησε
1219 1017 1489 1088 πόλεμον,
1536 1019 1631 1072 καὶ
1677 1018 1775 1090 τὴν
1826 1018 1986 1072 Ἴλιον

398 1105 670 1178 ἐπόρθησε
702 1107 879 1162 πόλιν.
919 1109 1196 1175 Τάνταλος
1223 1109 1334 1181 γὰρ
1365 1110 1607 1180 Φρυγίας
1644 1111 1836 1180 γέγονε
1887 1111 1987 1182 βα-

399 1196 609 1262 σιλεύς·
653 1193 808 1266 οὗτος
851 1201 910 1256 δὲ
955 1202 1193 1274 πόλεμον
1239 1200 1491 1274 ἐσχηκὼς
1527 1201 1668 1272 μετὰ
1704 1202 1847 1256 Ἴλου
1891 1203 1986 1257 τοῦ

398 1291 685 1356 κτίσαντος
713 1292 775 1347 τὸ
812 1294 906 1347 ἐπὶ
934 1295 1137 1366 Τροίης
1181 1294 1368 1359 Ἴλιον,
1397 1295 1491 1346 καὶ
1523 1293 1861 1365 φοϐούμενος
1891 1295 1990 1367 τὴν

398 1378 597 1454 ἦτταν,
628 1385 898 1457 ἐπέτρεψε
927 1386 1005 1457 τῷ
1045 1387 1248 1440 Πέλοπι
1284 1385 1362 1457 τῷ
1411 1385 1528 1457 ἰδίῳ
1563 1386 1733 1452 παιδὶ,
1770 1387 1990 1442 λαϐόντι

399 1477 680 1548 χρήματα,
714 1479 809 1532 ἐπὶ
837 1479 937 1551 τὴν
968 1479 1196 1552 ἤπειρον
1226 1479 1460 1550 ἀπᾶραι,
1488 1479 1658 1533 εἰπὼν
1678 1480 1873 1544 ταῦτα,
1907 1482 1990 1536 ὅτι

411 1567 539 1622 Ἐὰν
565 1570 665 1639 μὲν
693 1571 903 1641 νικήσω
927 1571 1293 1643 ὑποστρέφεις
1315 1570 1480 1626 πάλιν
1500 1573 1580 1636 εἰς
1604 1571 1702 1644 τὴν
1723 1573 1987 1644 Φρυγίαν,

398 1658 496 1712 ἐὰν
526 1658 582 1713 δὲ
618 1659 839 1731 ἡττηθῶ
873 1664 1055 1732 μενεῖς
1087 1663 1168 1726 εἰς
1197 1663 1294 1736 τὴν
1328 1662 1621 1734 Εὐρώπην.
1658 1664 1853 1718 Λαϐὼν
1896 1659 1988 1719 οὖν

397 1753 428 1804 6
461 1751 640 1822 Πέλοψ
670 1753 963 1825 χρήματα,
993 1749 1162 1826 ἦλθεν
1195 1758 1277 1820 εἰς
1316 1757 1418 1829 τὴν
1456 1757 1705 1824 Ἑλλάδα,
1737 1759 1796 1812 ὲν
1836 1756 1991 1829 χώρᾳ

413 1842 574 1914 Ἀπία
604 1845 936 1920 καλουμένῃ,
975 1841 1046 1919 ἦς
1073 1847 1386 1903 ἐϐασίλευεν
1417 1849 1684 1921 Οἰνόμαος
1703 1868 1716 1880 ο
1748 1843 1902 1913 οὗτος
1930 1848 1989 1902 δὲ

401 1927 518 2004 εἶχε
551 1933 828 2008 θυγατέρα
863 1937 1252 2010 Ἱπποδάμειαν
1279 1939 1527 2010 ὀνόματι.
1562 1938 1829 1995 Ἐνταῦθα
1851 1941 1993 2012 ἀγω-

401 2027 691 2099 νισάμενος
733 2029 765 2081 6
806 2029 985 2100 Πέλοψ
1037 2030 1260 2085 ἱππικὸν
1306 2031 1493 2101 ἀγῶνα
1529 2033 1668 2103 μετὰ
1691 2035 1986 2105 Οἰνομάου,

405 2119 500 2172 καὶ
541 2119 804 2190 νικήσας,
836 2118 992 2172 ἔλαϐε
1033 2137 1271 2189 γυναικα
1301 2122 1402 2192 τὴν
1453 2123 1863 2194 Ἱπποδάμειαν,
1896 2126 1992 2178 καὶ

403 2211 636 2282 κατέσχε
664 2211 765 2282 τὴν
803 2210 988 2283 χώραν
1010 2227 1023 2241 ·
1054 2213 1175 2266 ἀντὶ
1207 2213 1264 2266 δὲ
1309 2213 1502 2278 Ἀπίας
1533 2214 1792 2269 ἐκάλεσεν
1820 2216 1991 2288 αὐτὴν

403 2303 832 2376 Πελοπόννησον,
855 2303 1000 2357 τοῦτ’
1034 2304 1151 2358 ἔστι
1187 2305 1350 2377 νῆσον
1382 2305 1478 2360 τοῦ
1520 2307 1786 2372 Πέλοπος.
1816 2308 1989 2362 Πελο⁹

403 2394 554 2449 πίδαι
587 2395 766 2449 τοίνυν
805 2395 964 2461 εἰσὶν,
1013 2397 1271 2470 Ἀτρεὺς,
1306 2397 1557 2469 Θησεὺςἰ
1605 2399 1988 2469 Ἀγαμέμνων,

409 2486 505 2539 καὶ
526 2485 821 2551 Μενέλαος,
849 2489 943 2542 καὶ
970 2487 1282 2545 τελευταῖον
1323 2488 1603 2562 Ὀρέστης.
1644 2491 1702 2544 Ὀ
1727 2486 1819 2544 οὖν
1845 2486 1992 2555 Ἶλος

406 2578 626 2633 Πέλοπα
652 2579 751 2650 τῆς
783 2580 1024 2652 Φρυγίας
1060 2581 1338 2647 ἐκϐαλὼν,
1370 2584 1466 2636 καὶ
1495 2583 1558 2636 τὸ
1593 2581 1754 2636 Ἴλιον
1787 2583 1992 2638 οίκοδοο

409 2670 608 2742 μήσας,
637 2671 746 2728 ὑπὸ
765 2673 875 2727 τῶν
899 2672 1210 2730 Πελοπιδῶν
1231 2674 1458 2748 ὕστερον
1478 2675 1854 2748 κατεστράφη.
1878 2677 1991 2730 Καὶ

403 2761 514 2834 γὰρ
548 2763 908 2835 Ἀγαμέμνων
927 2767 956 2819 6
981 2766 1283 2838 Πελοπίδης
1302 2767 1400 2839 τὴν
1433 2767 1588 2822 Ἰλίου
1611 2768 1765 2823 πόλιν
1787 2768 1992 2839 πορθή-

405 2872 507 2920 σας
549 2855 850 2912 άπώλεσεν.
895 2854 1043 2931 Ἶρος
1069 2859 1127 2914 δέ
1165 2861 1314 2915 ἐστιν
1359 2863 1388 2914 6
1420 2860 1600 2937 πλάνῃ
1629 2862 1986 2934 τρεφόμενος,

403 2946 555 3010 ὅστις
596 2945 833 3016 γέλωτος
883 2948 1045 3020 χάριν
1078 2950 1426 3023 οἰκτρότατος
1473 2950 1550 3005 ὢν
1603 2952 1868 3007 ἐπάλαισε
1908 2952 1989 3024 τῷ

417 3037 676 3092 Ὀδυσσεῖ.
723 3039 1024 3112 Γρηγόριος
1069 3037 1164 3097 οὖν
1209 3045 1238 3098 6
1278 3043 1425 3108 θεῖός
1461 3061 1665 3116 φησιν,
1708 3046 1792 3098 ὅτι
1831 3045 1928 3100 καὶ
1961 3047 1991 3098 6

403 3129 630 3200 ἡμίθεος
667 3129 1025 3204 Ἀγαμέμνων
1047 3136 1077 3187 6
1107 3135 1379 3206 βασιλεὺς,
1412 3139 1506 3192 καὶ
1531 3139 1561 3190 6
1589 3137 1766 3209 πλάνῃ
1794 3137 1992 3209 τρεφό-

407 3236 569 3290 μενος
610 3223 960 3295 οἰκτρότατος
1006 3221 1176 3297 Ἶρος,
1227 3227 1430 3297 όμοίως
1475 3227 1777 3292 ἀπέθανον,
1821 3228 1992 3300 μηδὲν

403 3313 667 3386 περισσὸν
703 3315 738 3387 ἢ
779 3317 933 3371 κενὸν
960 3316 1130 3389 ὄνομα
1156 3321 1214 3373 ὲν
1237 3318 1546 3392 ἀνθρώποις
1575 3321 1989 3385 καταλιπόντες.

403 3430 475 3489 95
547 3431 1004 3500 Κωγσταντῖνος
1035 3432 1212 3502 ἄναξ,
1248 3434 1522 3504 θεράπων
1541 3435 1684 3507 ἐμός

1874 241 2590 302 HIEROSOLYMITANUS

3571 253 3675 308 436

2160 361 2568 424 Κωνσταντίνος
2608 361 2892 430 Ῥωμαίων
2941 361 3131 431 γέγονε
3185 362 3456 432 βασιλεύς.
3511 359 3679 426 Οὗτος

2089 452 2348 524 θεοσεϐὴς
2373 454 2585 524 ὑπῆρχε
2635 455 2726 508 καὶ
2759 455 2974 526 πρῶτος
3003 457 3061 508 ὲν
3104 456 3382 526 βασιλεῦσι
3412 459 3678 529 Χριστια-

2088 542 2207 607 νόςο
2232 543 2314 596 διὸ
2351 546 2444 598 καὶ
2473 547 2654 616 πάσης
2686 547 2870 617 σχεδὸν
2897 548 2996 620 τῆς
3035 547 3127 602 ὑπ’
3151 549 3377 622 οὐρανὸν
3411 568 3679 622 περικρα-

2087 636 2276 707 τὴσας,
2320 637 2471 708 ὅμως
2516 637 2773 693 ἀπέθανε.
2809 639 3108 711 Γρηγόριος
3141 637 3233 696 οὖν
3277 643 3306 694 ὁ
3351 641 3675 711 θαυμάσιος,

2087 727 2181 780 τοῦ
2233 727 2351 798 βίου
2399 731 2681 800 παριστῶν
2715 731 2778 784 τό
2823 731 3099 798 ἀϐέϐαιον,
3152 733 3246 787 καὶ
3294 733 3453 788 τοῦτό
3490 752 3675 806 φησιν,

2086 819 2169 872 ὅτι
2210 821 2267 873 Ὀ
2302 821 2554 883 τοσοῦτος
2592 820 2846 891 βασιλεὺς
2889 825 3298 890 Κωνσταντῖνος
3335 827 3429 879 καὶ
3478 829 3508 880 ὁ
3550 826 3678 880 δοῦ-

2087 917 2178 979 λος
2205 916 2234 968 6
2255 915 2388 988 ὲμός
2411 918 2541 982 ἴσως
2572 916 2844 973 ἀπέθανον
2863 934 2876 949 ο
2910 917 3062 970 οὐδὲν
3099 919 3156 974 δὲ
3202 919 3364 973 πλέον
3409 918 3526 972 ἐστι
3567 923 3680 983 τοῖς

2086 1007 2396 1081 ἀνθρώποις
2445 1009 2552 1064 τῶν
2600 1013 2664 1064 ὲκ
2707 1009 2800 1064 τοῦ
2847 1010 3044 1082 βίου,ἢ
3078 1011 3235 1082 μόνον
3267 1010 3462 1084 θρήνου
3495 1015 3680 1082 τυχεῖν

2089 1101 2500 1172 περισσοτέρου,
2527 1101 2624 1155 καὶ
2664 1101 2819 1156 κενὸν
2857 1103 2916 1156 ὲν
2957 1105 3070 1166 τοῖς
3110 1101 3276 1167 λίθοις
3308 1103 3679 1175 έπιτυμϐίδιον

2089 1192 2410 1248 καταλιπεῖν
2447 1194 2713 1266 γράμμα·
2765 1195 2846 1249 διό
2889 1213 3022 1266 φησι
3072 1195 3171 1266 τὴν
3221 1195 3423 1268 ἀρετὴν
3463 1197 3678 1251 πάντων

2088 1282 2229 1340 εἶναι
2269 1291 2336 1359 τῇ
2384 1287 2529 1359 ψυχῇ
2572 1288 3030 1360 περιφανέστερον
3073 1288 3281 1360 κτῆμα,
3331 1288 3429 1344 καὶ
3474 1287 3677 1360 ταύτην

2089 1379 2257 1452 ἐχρῆν
2293 1379 2708 1451 σπουδαιότερον
2741 1378 3114 1452 μεταδιώκειν.

2089 1491 2159 1548 97
2189 1491 2302 1546 Καὶ
2325 1491 2534 1562 τὰμὲν
2559 1491 2804 1558 ἐνθάδε,
2840 1491 3004 1547 τοῖα·
3035 1490 3112 1546 τὰ
3136 1492 3189 1546 δ’
3501 1493 3593 1558 τίς
3623 1497 3683 1546 κν

3465 1579 3612 1616 σποι

2092 1631 2161 1688 98
2245 1631 2514 1686 Ὀππόσα
2544 1632 2668 1698 τοῖς
2694 1633 2924 1700 ἀδίκοις
2959 1633 3226 1703 ὕστατον
3255 1561 3612 1703 ἦμάῗίὶσγῖῗέ

2090 1703 2160 1759 99
2232 1704 2360 1772 Πῦρ
2383 1704 2680 1774 βρόμεον,
2703 1706 2927 1771 σκότος
2953 1702 3146 1768 αἰνὸν,
3168 1701 3684 1828 πόπρὲθιῠὲωτός

3407 1792 3478 1828 ου
3528 1791 3610 1828 ιν.

3407 1789 3524 1828 ουσ
3528 1791 3588 1828 ιν

2093 1843 2197 1900 100
2232 1844 2486 1913 Σκώληξ
2539 1845 2834 1915 ἡμετέρης
2853 1844 3084 1915 μνῆσις
3115 1843 3210 1899 ἀεὶ
3245 1773 3610 1912 κακ[ίῗῖοέσιν’

2167 1956 2307 2027 ,Ηδη
2347 1956 2446 2027 μὲν
2471 1955 2684 2029 εἴρηται
2723 1955 2854 2029 περὶ
2893 1955 3002 2010 τῶν
3030 1958 3089 2009 ὲν
3119 1955 3246 2027 ᾅδου
3276 1955 3571 2023 κολάσεων,
3605 1955 3684 2020 ὡς

2093 2050 2188 2103 καὶ⁹
2229 2049 2338 2103 τῶν
2378 2049 2648 2121 Ἐλλήνων
2692 2053 2741 2103 οἰ
2777 2050 2932 2118 σοφοὶ
2981 2048 3186 2102 τούτων
3233 2047 3678 2120 ἐμνημόνευσαν*

2092 2140 2274 2206 καθὼς
2308 2140 2552 2206 Πλάτων,
2599 2140 2692 2194 καὶ
2746 2142 2874 2212 περὶ
2908 2139 3172 2195 Κωκυτοῦ
3213 2140 3308 2194 καὶ
3346 2139 3682 2212 Πυριφλεγέ-

2093 2230 2275 2295 θοντος
2314 2231 2408 2284 καὶ¹
2445 2231 2728 2302 Ταρτάρου
2759 2233 2856 2286 καὶ
2885 2233 3200 2302 Ἀχέροντος
3219 2249 3232 2264 ·
3268 2231 3362 2285 καὶ¹
3389 2233 3417 2285 6
3455 2230 3681 2294 Ἡσαΐας

2092 2323 2150 2376 δὲ
2186 2323 2216 2374 6
2252 2321 2575 2393 θαυμάσιος,
2625 2323 2709 2376 ὃτι
2773 2323 2885 2394 πῦρ
2923 2325 3040 2376 ὲστι
3089 2324 3184 2378 καὶ
3227 2321 3443 2394 σκώληξ
3495 2321 3681 2393 φησίν

2104 2415 2168 2469 '0
2197 2417 2307 2492 γάρ
2327 2415 2575 2484 σκώληξ
2603 2415 2804 2470 αὐτῶν
2829 2418 2902 2471 οὺ
2929 2415 3300 2485 τελευτήσει,
3331 2414 3431 2468 καὶ
3464 2415 3532 2468 τὸ
3562 2414 3682 2484 πῦρ

2092 2507 2293 2563 αὐτῶν
2318 2511 2392 2563 οὺ
2439 2508 2864 2576 σϐεσθήσεται,
2920 2509 3021 2563 καὶ
3063 2508 3309 2563 ἔσονται
3345 2509 3433 2572 εἰς
3470 2505 3681 2576 ὅρασιν

2093 2601 2263 2670 πάσῃ
2319 2601 2502 2670 σαρκί
2522 2617 2535 2629 °
2585 2602 2680 2655 καὶ
2723 2601 2920 2672 Δανιὴλ
2963 2603 2991 2655 6
3040 2600 3370 2670 θαυμάσιοςο
3411 2598 3680 2668 Ποταμὸς

2094 2693 2286 2762 πυρὸς
2341 2689 2548 2748 εἷλκεν
2606 2694 2948 2764 ἔμπροσθεν
2992 2693 3208 2748 αὑτοῦ·
3263 2691 3499 2763 Χριστὸς
3534 2690 3591 2744 δὲ
3647 2692 3681 2762 ἡ

2094 2784 2207 2858 ζωὴ
2235 2784 2412 2857 ἡμῶν,
2440 2786 2552 2849 τοῖς
2581 2785 2800 2839 ἀσεϐέσι
2833 2784 2966 2856 φησί
2983 2799 2997 2815 ο
3019 2783 3356 2853 Πορεύεσθε
3385 2783 3487 2837 ἀπ’
3510 2782 3679 2852 ἐμοῦ,

2092 2882 2147 2934 οἱ
2179 2879 2596 2951 κατηραμένοι,
2627 2882 2718 2945 εἰς
2762 2879 2828 2933 τὸ
2866 2879 2988 2948 πῦρ
3029 2879 3096 2932 τὸ
3141 2879 3380 2933 αἰώνιον
3421 2878 3488 2932 τὸ
3525 2879 3679 2946 ’ἡτοι-

2087 2969 2403 3041 μασμένον
2435 2971 2516 3036 τῷ
2547 2970 2802 3037 διαϐόλῳ
2849 2970 2947 3024 καὶ
2996 2968 3120 3035 τοῖς
3157 2968 3436 3040 ἀγγέλοις
3463 2967 3678 3022 αὐτοῦ’

2094 3062 2190 3116 καὶ
2232 3057 2419 3125 αὖθις·
2465 3061 2578 3116 Τὸν
2621 3061 2866 3131 ἀχρεῖον
2904 3060 3130 3116 δοῦλον
3175 3059 3462 3116 ἐκϐάλετε
3490 3063 3576 3125 εὶς
3610 3059 3677 3114 τὸ

2094 3154 2316 3222 σκότος
2346 3153 2410 3208 τὸ
2446 3153 2770 3224 ἐξώτερον·
2805 3152 2934 3208 ἐκεῖ
2958 3154 3130 3209 ἐσται
3177 3157 3211 3209 ό
3244 3155 3550 3225 κλαυθμὸς
3583 3152 3677 3208 καὶ

2095 3248 2130 3300 ό
2155 3247 2430 3317 βρυγμὸς
2466 3248 2586 3302 τῶν
2619 3248 2904 3303 ὀδόντων.-

2100 3361 2204 3433 105
2221 3362 2344 3416 Ποῦ
2362 3380 2460 3433 μοι
2481 3367 2877 3432 πρωτογόνοιο
2886 3363 3043 3433 μέγα
3059 3361 3260 3429 κλέος;
3279 3363 3449 3417 ὤλετ’
3465 3360 3658 3433 ἐδωδῇ
3665 3405 3678 3417 .

2099 3431 2204 3486 106
2304 3431 2430 3488 Ποῦ
2449 3431 2733 3505 Σολομῶν
2759 3431 3034 3501 πινυτός
3063 3433 3224 3488 ἀλλὰ
3241 3435 3476 3504 γυναιξί
3502 3432 3678 3507 δάμη.

405 3655 860 3732 corpusdelieiis
883 3655 1261 3732 depravatum.
1289 3653 1440 3710 Talis
1468 3654 1636 3725 igitur
1658 3662 1712 3712 et
1744 3664 1948 3722 tantus,
1995 3657 2072 3712 ait
2101 3657 2261 3712 divus
2287 3655 2606 3732 Gregorius,
2667 3660 2758 3730 qui
2786 3659 3099 3715 universam
3138 3666 3340 3714 terram
3368 3655 3679 3724 domuerat,

408 3725 710 3780 miserabili
735 3727 842 3781 line
876 3725 991 3780 vita
1026 3724 1267 3780 decedit.

479 3837 656 3896 Heros
682 3839 769 3893 vir
796 3847 885 3894 est
917 3839 1222 3895 semideus.
1244 3839 1418 3894 Filius
1447 3837 1600 3892 Atrei
1627 3839 2036 3908 Agamemnon,
2072 3835 2165 3908 qui
2197 3834 2420 3908 Graecia:
2441 3851 2532 3891 rex
2568 3836 2867 3908 Trojanum
2901 3837 3348 3907 paravit'bellum
3384 3847 3443 3908 et
3488 3839 3678 3895 urbem

407 3907 569 3965 Ilium
593 3909 1192 3981 destruxit._Tantalus
1223 3909 1470 3981 Phrygiae
1492 3923 1586 3961 rex
1619 3907 1748 3981 fuit,
1768 3907 1860 3981 qui
1893 3906 2096 3981 bellum
2131 3907 2342 3981 habens
2368 3923 2494 3962 cum
2543 3908 2644 3981 llo_
2669 3906 3178 3981 aadiilcanteLllium
3227 3909 3295 3963 ad
3319 3980 3322 3981 ν
3344 3906 3568 3981 Trnjam
3618 3919 3672 3965 et

405 3981 619 4038 cladem
647 3982 872 4042 timens,
894 3979 1022 4036 Pclo
1067 3980 1080 4032 i
1117 3977 1355 4041 ﬁlio;suo
1376 3977 1529 4033 bona
1553 3977 1852 4039 commisit,
1879 3991 2002 4030 eum
2033 3978 2089 4030 in
2115 3977 2485 4032 continentem
2512 3977 2819 4042 remittens,
2841 3979 2957 4034 haec
2972 3979 3162 4035 dicens
3187 3980 3354 4049 quod,
3395 3977 3468 4035 Si
3502 3983 3679 4037 victor

405 4066 658 4104 evasero.
695 4051 904 4104 redibis
935 4052 990 4104 in
1027 3995 1370 4104 gltrvuiam:
1399 4050 1445 4104 si
1475 4055 1660 4102 autem
1690 4047 1942 4102 devictus
1988 4061 2108 4104 ero.
2146 4047 2202 4100 in
2234 4045 2507 4104 Euronam
2533 4049 2867 4104 remanebis.
2914 4049 3064 4104 Bona
3096 4050 3282 4104 itaque
3304 4065 3531 4104 sumens
3580 4050 3679 4104 Pe-

405 4066 658 4112 evasero,
695 4051 904 4106 redibis
935 4052 990 4106 in

1123 4051 1332 4123 rygiam
1353 4067 1383 4123 ;_
1399 4050 1445 4105 si
1475 4055 1660 4123 autem
1690 4047 1942 4123 devictus
1988 4061 2108 4123 ero,
2146 4047 2202 4100 in
2234 4045 2507 4123 Europam
2533 4049 2867 4123 rem_anebis.
2914 4049 3064 4123 Bona
3096 4045 3282 4123 itaque
3304 4050 3680 4123 sumens__Pe-

408 4123 606 4191 lopsin
638 4120 907 4192 Graeciam
945 4115 1169 4192 appulit
1193 4115 1247 4174 in
1274 4115 1496 4192 regione
1532 4120 1639 4192 cui
1667 4133 1869 4172 nomen
1910 4118 2053 4192 A_pia
2089 4118 2145 4172 in
2179 4133 2288 4187 qua
2313 4115 2946 4192 regnabatmnomaus,
2969 4121 3062 4191 qui
3095 4115 3262 4176 ﬁliam
3295 4123 3516 4177 nomine
3545 4121 3679 4192 Hip-

408 4187 1043 4264 podamiamhabuit.lb'i
1067 4191 1123 4264 in
1158 4192 1290 4264 ludo
1321 4187 1902 4264 Equestridecertans
1942 4187 2299 4264 Pelops_eum
2331 4188 2636 4264 ()Enomao,
2678 4187 3110 4264 victoruxorem
3156 4193 3367 4264 accepit
3407 4187 3680 4264 Hippoda-

406 4259 575 4317 iniam
604 4270 659 4317 et
685 4261 968 4329 regionem
993 4262 1252 4325 obtinuit,
1272 4271 1326 4318 et
1361 4259 1482 4316 loco
1500 4261 1647 4330 Apim
1675 4259 1893 4330 vocavit
1924 4273 2047 4330 eam
2081 4259 2545 4330 Peloponnesum,
2573 4259 2627 4313 id
2653 4267 2769 4330 est,
2786 4259 3005 4330 Pelopis
3029 4259 3303 4316 insulamI
3321 4259 3493 4318 Porro
3516 4259 3676 4317 Pelo-

406 4333 552 4405 pida:
575 4339 720 4405 sunt
745 4327 971 4405 Atreus.
1000 4332 1276 4405 Theseus,
1311 4327 1710 4405 Agamemnon,
1732 4401 1742 4405 _
1765 4327 2046 4405 Menelaus
2065 4336 2120 4405 et
2173 4327 2398 4384 tandem
2414 4329 2692 4405 _Ore_stes=
2751 4327 2866 4387 llus
2898 4327 3034 4403 ergo
3081 4333 3336 4405 PeIOpem
3379 4348 3407 4387 a
3442 4332 3677 4405 Phrygia

407 4398 714 4474 deturbans
746 4408 800 4474 et
830 4400 992 4474 ilium
1015 4402 1298 4474 aediﬁcans
1328 4398 1662 4471 a‘Pelopidis
1694 4399 1943 4474 vicissim
1973 4399 2230 4474 turbatus
2264 4407 2371 4474 est.
2414 4398 2630 4474 Etenim
2664 4398 3047 4474 Agamemnon
3087 4398 3346 4474 Pelopida
3393 4398 3570 4474 llium'
3591 4398 3678 4457 hr-

405 4473 533 4544 bem
559 4473 797 4544 vastavit
826 4471 1358 4544 etrdestruxitJrus
1383 4469 1626 4544 vero—est
1656 4469 1979 4544 vagabunde
2001 4469 2212 4544 vivens.
2243 4471 2612 4534 miserrimus,
2639 4469 2788 4527 risus
2811 4469 3325 4544 causacitalus'qui
3349 4475 3404 4528 in
3419 4473 3674 4544 Ulyssem

405 4541 981 4614 luctavit.Gregorius
1013 4558 1143 4614 ergo
1171 4543 1446 4614 divusﬂait
1469 4541 1614 4614 quod
1631 4549 1687 4596 et
1716 4539 1992 4595 semideus
2029 4539 2407 4608 Agamemnon
2437 4555 2558 4614 res,
2609 4551 2662 4614 et
2705 4543 3034 4614 vagabunde
3085 4539 3277 4601 vivens
3328 4539 3676 4602 miserrimus

406 4613 554 4678 Irus,
577 4610 1027 4685 pariter'mortui
1057 4610 1207 4679 sunt,
1231 4613 1366 4669 nihil
1398 4610 1634 4683 amplius
1650 4625 1816 4682 quam
1840 4624 2044 4664 vanum
2089 4624 2294 4666 nomen
2321 4610 2470 4682 apud
2511 4610 3208 4686 homines‘relinquentes.

482 4726 885 4798 Constantinus
912 4726 1288 4798 Romanorum
1313 4741 1408 4781 rex
1441 4725 1753 4798 factusest.
1786 4722 1918 4798 Pius
1953 4724 2047 4780 ille
2075 4734 2132 4781 et
2160 4742 2350 4798 regum
2382 4727 2596 4798 primus
2635 4727 3010 4794 Christianus,
3045 4731 3168 4787 ideo
3200 4739 3255 4788 et
3283 4731 3396 4788 fere
3430 4733 3674 4788 omnium

405 4814 530 4868 qua:
571 4797 886 4872 _sub_etelo
935 4804 1066 4872 sunt
1101 4797 1391 4872 imperium
1433 4795 2011 4872 obtinuit,_similite_r
2058 4795 2314 4852 mortuus
2355 4795 2459 4854 est.
2490 4798 2790 4870 Gregorius
2831 4816 2962 4872 ergo
2989 4801 3333 4872 admirabilis
3357 4805 3484 4858 vitze
3517 4819 3676 4860 asse-

405 4862 830 4942 rens__instabile
855 4876 910 4922 et
926 4868 1042 4942 _ho_c
1069 4867 1147 4922 ait
1170 4862 1321 4942 quod
1349 4862 1555 4942 Tantus
1569 4882 1665 4942 rex
1701 4865 2104 4942 Constantinus
2130 4878 2186 4942 _et
2235 4883 2432 4925 servus
2466 4862 2628 4942 meus'
2661 4871 2869 4942 pariter
2894 4862 3112 4928 'inortui
3161 4870 3324 4942 Sunt;
3372 4874 3509 4928 nihil
3539 4889 3676 4928 vero

407 4938 647 5009 amplius
675 4945 762 5014 est
793 4939 1112 5014 hominibus
1151 4935 1222 5014 de
1251 4938 1462 5014 iisque
1488 4937 1679 5014 invita
1701 4935 1918 5014 cadunt
1941 4951 2105 5014 quam
2130 4939 2342 5014 luctum
2372 4935 2942 5014 majorem'obtinere
2977 4953 3030 4999 et
3063 4935 3378 5014 sepulcrum
3402 4945 3673 5000 illustrius

405 5017 462 5064 et
494 5006 696 5082 vanum
738 5009 793 5063 in
831 5009 1110 5082 lapidibus
1139 5007 1482 5082 epitaphium
1493 5079 1502 5082 Α
1514 5007 1869 5082 relinquere;
1906 5006 2031 5062 ideo
2089 5008 2272 5082 inquit
2333 5006 2596 5066 virtutem
2629 5010 2829 5066 anima:
2859 5028 2984 5069 esse
3035 5006 3280 5070 omnium
3314 5015 3674 5071 illustriorem

407 5079 815 5150 possessionem
851 5077 906 5136 et
935 5079 1086 5135 illam
1115 5077 1408 5150 oportebat
1431 5077 1754 5150 diligentius
1791 5085 2072 5148 appetere.

476 5193 599 5250 Jam
631 5195 843 5268 mentio
864 5194 1012 5250 facta
1042 5203 1129 5252 est
1153 5195 1245 5268 de
1266 5195 1561 5268 tormentis
1593 5195 1650 5249 in
1676 5193 1939 5268 _inferno,
1977 5194 2127 5268 sient
2155 5193 2476 5268 Graecorum
2510 5199 2789 5268 sapientes
2819 5199 3097 5254 memoriae
3117 5199 3490 5265 tradiderunt,
3524 5198 3673 5259 velut

405 5263 585 5349 Plato,
617 5274 676 5350 et
708 5267 778 5322 de
804 5265 1022 5389 .Coclyéto
1049 5277 1105 5349 et
1150 5265 1548 5349 Phlegethonte
1581 5274 1636 5322 et
1676 5264 1912 5348 Tartaro
1941 5275 1996 5320 et
2035 5266 2372 5349 Acheronte.
2414 5266 2481 5321 Et
2517 5263 2689 5325 Isaias
2738 5269 3107 5336 admirabilis,
3131 5270 3278 5337 quod
3315 5263 3574 5342 ignis'est
3618 5285 3674 5328 et

407 5351 632 5389 vermis.
664 5347 843 5389 ιηαυιι
877 5356 890 5389 :
971 5346 1138 5389 temm
1168 5354 1358 5389 vermis
1387 5351 1569 5389 eorum
1603 5353 1708 5389 non
1737 5347 2019 5389 morietur.
2077 5345 2128 5389 et
2161 5353 2300 5389 iam:
2347 5353 2531 5389 eorum
2566 5356 2670 5389 non
2697 5340 3088 5389 exstinauetur.
3133 5349 3183 5389 et
3205 5352 3359 5389 erunt
3382 5342 3436 5389 in.
3467 5353 3674 5389 snecta-

407 5338 632 5408 vermis,
664 5338 843 5408 inquit
877 5356 890 5394 :

971 5338 1358 5421 tenimnverm‘is
1387 5351 1576 5421 forant
1601 5353 1708 5421 non
1737 5337 2030 5421 morietur,
2077 5345 2128 5390 et
2161 5337 2300 5406 ignis
2347 5353 2531 5421 eorum
2566 5340 3108 5421 non‘exstinguetur’h
3133 5349 3183 5421 et
3205 5337 3361 5395 eruni
3382 5342 3436 5396 in.
3467 5353 3675 5411 speeta-

408 5407 583 5461 culum
619 5404 762 5462 οηιηῖ
798 5409 1028 5479 carni’,
1048 5416 1102 5462 et
1125 5407 1315 5462 Daniel
1346 5407 1687 5479 admirabilis
1721 5404 1982 5479 :Fluviue
2010 5404 2198 5474 igneae
2234 5407 2649 5476 egrediebatura
2675 5411 2812 5478 faeie
2841 5404 2956 5479 ejus
2974 5413 3016 5464 ³.
3051 5409 3304 5468 Christus
3338 5404 3518 5469 autem
3561 5415 3674 5470 vita

407 5485 596 5555 nostra
620 5479 806 5555 impiis
843 5479 964 5555 ait__:
997 5477 1264 5532 Discedite
1295 5495 1327 5530 a
1351 5493 1453 5555 tne,
1487 5476 1778 5555 maledicti,
1820 5479 1875 5530 in
1909 5477 2492 5555 ignem'wternttm‘qtti
2521 5476 2747 5546 paratus
2773 5476 3090 5555 est'diqbolo
3135 5491 3193 5555 et
3223 5485 3426 5554 angelis
3481 5483 3631 5555 ejus'
3648 5500 3671 5552 ;

405 5556 460 5603 et
494 5545 738 5604 iterum}
774 5547 1030 5604 Inutilem
1061 5565 1269 5604 servum
1291 5548 1484 5602 mittite
1515 5548 1569 5601 in
1604 5547 1844 5602 tenebras
1875 5548 2186 5612 exteriores,
2218 5545 2290 5601 ibi
2319 5545 2421 5603 erit
2441 5545 2594 5618 ﬂetus
2622 5562 2671 5604 et
2695 5552 2897 5606 stridor
2929 5551 3166 5607 dentium
3183 5552 3224 5607 ".

515 5729 529 5760 ⁸
575 5727 678 5783 lsa.
724 5742 874 5793 uvt,
901 5726 992 5781 24.
1106 5729 1126 5760 ²
1167 5725 1303 5780 Dan.
1332 5738 1428 5791 vn,
1453 5723 1536 5780 10.

1651 5725 1673 5758 ⁸
1712 5723 1906 5781 Matth.
1947 5741 2073 5784 xxv.
2117 5725 2206 5784 il.

2319 5728 2338 5759 ⁸
2375 5726 2564 5783 Matth.
2601 5742 2718 5791 ut,
2750 5729 2836 5786 30.
