4180 6350
406 372 512 429 457

477 499 699 621 ξεῗῖται
723 500 1008 623 ἀμὲότεὲα
1043 503 1103 586 έν
1127 503 1202 573 τῷ
1238 504 1280 572 β’
1309 504 1471 592 λόγιρ.

600 586 673 622 ου
700 569 768 622 δὲ
848 591 929 623 υω
968 573 1180 623 εκαδοίι
1206 581 1471 623 aur-ama

407 567 503 620 107
546 568 673 622 Ποῦ
700 567 775 622 δέ
809 567 1185 640 δυωδεκαδοξ
1206 567 1594 647 συναρίθμιος
1622 574 1695 649 ἦν
1727 581 1808 633 ὅτ’
1837 582 1985 635 ἰού-

406 706 520 790 40a.
559 781 581 790 _
616 708 870 790 Kép6€0~c
1052 714 1259 784 ὀλίγου
1287 717 1599 787 ἀμφεχύθη
1633 650 1918 788 σκοτίξῗῖ

478 780 667 834 Κεῖται
698 781 755 832 ὲν
779 780 858 849 τῷ
892 781 934 849 β’
961 781 1122 852 λόγῳ.

797 870 1017 926 ΛΟΓΟΣ
1057 874 1175 941 ις’·
1221 875 1441 929 ΛΟΓΟΣ
1486 877 1582 932 IZ'.

678 964 983 1033 Διαφόρων
1001 964 1158 1029 ,βίων
1185 972 1553 1039 μακαρισμοί
1586 971 1686 1042 (I).

407 1050 475 1130 ξιξ
492 1050 601 1130 καί
620 1052 805 1130 ςΡαάϐ
815 1053 1119 1130 εὔκοσμον
1132 1052 1277 1130 ἔχειν
1286 1058 1452 1125 βίον,
1474 1060 1612 1113 ἀλλ’
1631 1061 1744 1130 ἄρα
1758 1062 1857 1115 καί
1876 1062 1988 1130 τὴν

408 1121 477 1175 58
550 1121 814 1190 Κλεινὴν
866 1121 1335 1195 ἀκροτάτῃᾟῆκε
1364 1121 1699 1200 φιλοξενίῂ

476 1213 606 1265 Ὀτε
638 1214 762 1277 τοὺς
803 1214 1179 1279 κατασκόπους
1216 1216 1415 1289 ἄνδρας
1440 1220 1533 1273 δύο
1574 1222 1639 1276 ὲκ
1685 1222 1779 1275 τοῦ
1816 1223 1987 1293 πέραν

405 1302 497 1356 τοῦ
528 1302 791 1373 Ἰορδάνου
818 1304 1131 1361 ἀπέστειλεν
1157 1308 1365 1378 Ἰησοῦς
1387 1312 1467 1373 είς
1512 1310 1719 1383 Ἰεριχὼ
1748 1314 1846 1384 τήν
1884 1314 1989 1385 γῆν

406 1395 868 1458 κατασκοπεῢσαι,
904 1395 1125 1461 τούτους
1162 1398 1330 1451 Ῥαὰϐ
1380 1400 1673 1465 ὑπεδέξατο
1713 1404 1747 1472 ή
1791 1403 1978 1473 πόρνη.

419 1485 477 1537 '0
503 1479 598 1537 οὖν
625 1483 876 1554 βασιλεὺς
920 1485 1129 1559 Ἱεριχὼ
1163 1490 1342 1557 γνοὺς,
1388 1492 1676 1545 ἀπέστειλε
1713 1494 1851 1563 πρὸς
1888 1495 1987 1546 αὑ-

405 1572 509 1644 τὴν
533 1574 715 1627 λαϐεῖν
758 1574 984 1639 αὐτούς·
1019 1578 1052 1647 ή
1082 1577 1138 1630 δὲ
1180 1578 1448 1647 φιλόξενος
1481 1576 1615 1635 οὖσα
1649 1582 1986 1653 συμπαθείας

404 1665 611 1736 τρόπῳ,
655 1668 760 1720 ὑπὸ
795 1668 894 1739 τὴν
927 1668 1291 1743 λινοκαλάμην
1325 1673 1697 1745 κατέκρυψεν·
1736 1677 1893 1747 ὀψίας
1930 1679 1986 1733 δὲ

405 1756 702 1827 γενομένης
722 1758 926 1829 καθῆκε
952 1759 1040 1813 διὰ
1068 1759 1300 1829 θυρίδος,
1338 1764 1749 1835 παραγγείλασα
1784 1768 1859 1837 μὴ
1889 1767 1988 1839 τὴν

406 1847 620 1900 εὐθεῖαν
645 1848 783 1902 ἀλλά
808 1850 909 1920 τήν
928 1851 1020 1903 ἐπὶ
1039 1851 1099 1903 τὸ
1126 1852 1251 1922 ὅρος
1274 1853 1389 1907 ὁδὸν
1424 1856 1775 1926 πορευθῆναι.
1797 1859 1858 1910 Οί
1890 1858 1987 1928 μὲν

406 1932 499 1990 οὖν
544 1936 715 2000 οὕτως
762 1939 1052 2009 ἐποίησαν·
1113 1940 1225 1995 τῶν
1262 1943 1320 1995 δὲ
1359 1944 1477 1997 κατ’
1506 1944 1718 1998 εὐθεῖαν
1769 1947 1987 2000 ἐπιδιω-

405 2030 611 2085 κόντων
644 2030 1060 2099 ἐπανελθόντων,
1097 2035 1249 2087 αὐτοὶ
1298 2034 1433 2106 πρὸς
1484 2036 1612 2099 τοὺς
1666 2037 1827 2099 ἰδίους
1870 2037 1988 2091 δια-

408 2122 700 2185 σωθέντες,
742 2122 813 2175 τά
865 2123 1006 2177 κατὰ
1056 2124 1154 2195 τὴν
1184 2125 1349 2179 Ῥαὰϐ
1392 2126 1745 2197 διεσάφησαν.
1783 2129 1990 2199 Ἰησοῦς

405 2205 498 2264 οὖν
540 2209 638 2281 τὴν
678 2210 885 2281 Ἱεριχὼ
939 2213 1321 2282 κατεδαφίσας,
1374 2215 1473 2287 τὴν
1516 2215 1685 2271 Ῥαὰϐ
1734 2222 1991 2293 πανοικίᾳ

407 2296 693 2370 ζωγρήσας
720 2304 1173 2374 περιεποιήσατο·
1231 2305 1325 2358 καὶ
1363 2304 1473 2375 γὰρ
1516 2307 1652 2378 αὑτῇ
1702 2308 1992 2364 κατέθεντο

406 2394 457 2446 οί
487 2394 819 2447 κατάσκοποι
843 2395 1035 2466 ἄνδρες
1062 2396 1264 2467 μηδένα
1302 2397 1410 2451 τῶν
1441 2400 1822 2470 προσηκόντων
1852 2403 1990 2473 αὑτῇ

407 2484 742 2555 διαφωνῆσαι
761 2502 775 2517 ·
808 2486 870 2539 τὸ
906 2487 1013 2556 γὰρ
1048 2488 1307 2560 σπαρτίον
1335 2490 1427 2545 ἐπὶ
1456 2490 1558 2561 τῆς
1587 2491 1799 2565 θυρίδος
1823 2495 1893 2548 δι’
1923 2490 1993 2567 ἦς

408 2576 646 2647 καθῆκεν
685 2580 880 2643 αὐτοὺς
913 2580 1248 2651 ὑποδήσασα,
1294 2584 1553 2655 πανοικίᾳ
1583 2585 1678 2639 σὺν
1712 2587 1874 2641 παντὶ
1914 2587 1992 2659 τῷ

418 2667 557 2734 γένει
585 2669 837 2741 διεσώθη.

520 2761 626 2839 ’E_x_
642 2760 712 2815 δὲ
732 2764 925 2839 μόνης
954 2765 1145 2819 πλέον
1172 2767 1325 2839 ,ἔσχε
1362 2770 1704 2839 φαρισαίοιο
1731 2770 1993 2839 τελώνης

417 2829 480 2885 ιο
551 2831 660 2899 Τῆς
714 2829 1298 2905 χθαμαλοφροσύνηξ·
1322 2837 1426 2891 τοῦ
1444 2829 1589 2908 ’μέγ’
1620 2829 1990 2913 ἀειρομένοὺί

483 2922 672 2975 Κεῖται
703 2924 738 2993 ή
768 2923 1015 2995 παροῦσα
1042 2927 1249 2996 ἱστορία
1280 2929 1337 2980 ὲν
1363 2927 1441 2998 τῷ
1472 2936 1519 2981 α’
1545 2928 1708 3000 λόγῳ.

834 3013 1052 3065 ΛΟΓΟΣ
1080 3014 1190 3069 ΙΗ’.
1224 3014 1445 3067 ΛΟΓΟΣ
1472 3014 1573 3070 ΙΘ’.

843 3103 1007 3158 Κατὰ
1034 3102 1142 3173 τῆς
1166 3105 1392 3173 σαρκός
1427 3106 1525 3176 (2).

415 3189 448 3244 6
531 3191 942 3262 Ἀνδροερόνοιο
991 3196 1182 3265 φυτοῦ
1204 3196 1461 3251 πάντοτε
1495 3200 1803 3268 γενομένη.

486 3284 773 3354 Μέμνηται
805 3285 903 3355 τῆς
941 3282 1110 3356 Ἀδὰμ
1151 3288 1513 3359 παραϐάσεως
1544 3290 1637 3343 καὶ
1664 3289 1765 3362 τῆς
1794 3293 1997 3362 πικρᾶς

418 3375 691 3448 βρώσεως,
720 3379 787 3432 δι’
832 3374 901 3451 ἧς
941 3380 1264 3449 ἐκϐέϐληται
1306 3383 1654 3455 παραδείσου,
1684 3386 1867 3439 πονεῖν
1905 3386 1999 3439 καὶ⁸

418 3466 567 3536 βιοῦν
612 3471 705 3523 καὶ
753 3470 1004 3541 θνήσκειν
1052 3474 1420 3545 κατακριθείς.
1482 3477 1675 3530 Κεῖται
1728 3479 1786 3531 ὲν
1831 3476 1908 3547 τῷ
1949 3477 1992 3547 β’

417 3556 579 3630 λόγῳ.

417 3651 489 3706 26
588 3653 711 3708 Τῶν
735 3656 1008 3724 καθαρῶν
1036 3658 1295 3728 Χριστοῦ
1324 3658 1660 3729 δραξαμένη
1693 3657 1991 3714 θυσάνων.

1397 388 1490 442 AD
1527 389 1837 445 CARMINA
1880 392 1936 448 S.
1964 393 2304 453 ,GRECORII
2343 396 2590 453 THEOL.

3573 398 3679 460 438

2160 517 2356 570 Κεῖται
2392 490 2448 570 ὲν
2476 517 2553 587 τῷ
2581 517 2627 569 α’
2658 516 2820 587 λόγῳ.

2088 605 2156 659 59
2190 607 2283 671 Τίς
2314 609 2612 676 πρόγονον
2642 610 2856 675 κακίης
2882 625 2945 662 τε
2972 609 3069 663 καί
3096 610 3343 680 αἵματος
3368 610 3676 681 ἡμετέροιο

2094 698 2160 752 ιο
2230 699 2453 763 Δέξατ’,
2488 700 2617 754 ἐπεὶ
2648 701 2863 771 γεῦσιν
2892 702 3122 771 μύρατο
3174 704 3272 758 καὶ
3300 704 3580 773 ἀπάτην;

2161 811 2332 878 Λόγος
2363 812 2530 877 ἐστὶν,
2557 812 2632 876 ώς
2674 814 2843 883 Ἀδὰμ
2871 814 3154 885 ἐκϐληθεὶς
3186 815 3280 869 τοῦ
3319 817 3681 887 παραδείσου,

2090 901 2320 965 καθίσας
2373 903 2632 956 ἀπέναντι
2691 904 2792 974 τῆς
2850 905 3096 976 τρυφῆς,
3154 906 3381 960 έκλαυσε
3436 908 3679 979 πικρῶς,

2089 993 2323 1063 Χριστός
2356 994 2413 1047 δὲ
2445 994 2563 1057 νέος
2598 995 2684 1048 διὰ
2722 995 2880 1049 τοῦτο
2897 996 3121 1066 γέγονεν
3161 998 3350 1068 Ἀδὰμ,
3374 998 3441 1051 ἶν’
3468 1002 3673 1056 ἐκεῖνον

2090 1084 2169 1145 είς
2210 1084 2308 1153 τὴν
2341 1086 2573 1155 ἀρχαίαν
2600 1087 2925 1161 ἐπαναγάγῃ
2963 1090 3355 1161 μακαριότητα.
3385 1091 3576 1145 Κεῖται
3612 1095 3671 1148 ἑν

2088 1174 2165 1244 τῷ
2191 1175 2233 1244 β’
2262 1176 2421 1246 λόγῳ.

2089 1267 2150 1321 “
2185 1268 2279 1333 Τίς
2301 1269 2554 1323 σκολιὸν
2571 1270 2848 1340 ,βασιλῆα
2874 1274 3034 1341 γόοις
3058 1273 3309 1343 ἐκάθηρε
3331 1274 3669 1344 Μανασσῆς

2161 1382 2475 1451 Μανασσῆς,
2525 1381 2775 1450 βασιλεὺς
2826 1385 3050 1453 γέγονεν
3106 1387 3273 1439 Ἰούδα
3306 1387 3669 1458 πονηρότατος

2089 1468 2207 1521 λίαν
2227 1486 2239 1499 ο
2272 1462 2425 1532 οὗτος
2451 1470 2507 1523 δὲ
2534 1472 2909 1544 τετράμορφον
2934 1474 3150 1528 εἴδωλον
3177 1478 3233 1528 ὲν
3264 1476 3340 1546 τῷ
3377 1477 3487 1547 ναῷ
3517 1477 3668 1530 Σολο-

2092 1560 2298 1630 μῶντος
2323 1561 2538 1632 ἔστησε,
2585 1565 2679 1616 καὶ
2722 1564 2812 1619 τὸν
2853 1565 3051 1619 Ἰούδαν
3094 1568 3402 1636 ἀπέστησεν
3436 1568 3545 1622 ἀπὸ
3576 1566 3668 1621 τοῦ

2088 1649 2253 1703 Θεοῦ·
2296 1651 2418 1704 ὅθεν
2465 1652 2519 1705 ετ
2559 1670 2644 1716 τις
2676 1655 2848 1726 ἀναϐῇ
2888 1656 3030 1709 κατά
3070 1656 3130 1709 τὸ
3170 1657 3334 1727 ἱερὸν,
3367 1656 3673 1728 προστάξας

2090 1745 2410 1812 προσκυνεῖν
2453 1741 2530 1813 τῷ
2580 1742 2813 1815 εἰδώλῳ·
2851 1746 3023 1818 πολλά
3077 1748 3177 1817 μὲν
3230 1742 3321 1799 οὖν
3370 1748 3462 1800 καὶ
3516 1747 3675 1817 λόγον

2089 1831 2421 1904 ὑπερέχοντα
2488 1834 2632 1888 κακὰ
2702 1836 2967 1908 πεποίηκε
2992 1878 3009 1901 ,
3076 1838 3171 1891 καὶ⁸
3230 1839 3320 1891 τὸν
3390 1840 3676 1911 προφήτην

2100 1921 2326 1975 Ἡσαΐαν
2354 1924 2412 1976 δὲ
2456 1928 2647 1978 πατεῖν
2684 1926 2912 1991 διέξοδον
2957 1927 3064 1982 τῶν
3094 1929 3298 1983 ὑδάτων
3334 1929 3428 1983 τοῦ
3456 1929 3675 1999 Σιλωὰμ

2089 2012 2283 2085 ξυλίνῳ
2308 2014 2605 2086 κατέπρισε
2648 2016 2847 2088 πριόνι,
2885 2018 3133 2072 Τοσαῦτα
3163 2021 3221 2073 δὲ
3267 2020 3360 2073 καὶ
3387 2021 3545 2075 πλέον
3578 2037 3675 2074 πο-

2089 2102 2229 2175 νηρά
2260 2104 2574 2174 πεπραχὼς,
2610 2107 2759 2176 ὅμως
2796 2106 3242 2178 ὲξωμολογήσατο
3270 2106 3346 2177 τῷ
3387 2106 3507 2176 Θεῷ
3556 2108 3675 2159 ἑπι-

2092 2191 2327 2262 στρέψας
2364 2195 2430 2246 ὲκ
2459 2194 2561 2264 τῆς
2596 2194 2824 2258 κακίας·
2858 2196 2888 2248 ό
2934 2196 2991 2248 δὲ
3037 2195 3166 2259 Θεὸς
3212 2194 3327 2264 (καὶ
3356 2193 3409 2247 τί
3438 2194 3545 2265 γὰρ
3572 2195 3675 2248 αὑ-

2089 2283 2184 2337 τοῦ
2212 2285 2341 2356 περὶ
2379 2284 2441 2338 τὸ
2478 2286 2702 2358 πλάσμα
2741 2286 3186 2357 συμπαθέστερον
3206 2286 3243 2357 ;)
3274 2286 3483 2357 ἀφῆκεν
3510 2284 3675 2339 αὑτοῦ

2091 2375 2189 2439 τὰς
2217 2376 2490 2448 ἁμαρτίας
2521 2378 2707 2432 ἕνεκεν
2731 2378 2830 2449 τῆς
2860 2380 3165 2450 μετανοίας.

2091 2467 2162 2523 42
2240 2469 2334 2534 Τίς
2390 2469 2571 2523 Δαυῒδ
2595 2470 2869 2540 μεγάλης
2905 2472 3138 2524 λύσατο
3175 2471 3558 2539 ἁμπλακίης;

2163 2558 2324 2614 Δαυῒδ
2351 2561 2379 2612 ό
2413 2559 2717 2632 θεοπάτωρ,
2752 2554 2797 2629 ᾧ
2824 2564 2852 2614 ό
2886 2560 3017 2625 Θεὸς
3053 2556 3433 2632 ἐμαρτύρησεν
3470 2558 3637 2612 εἰπών
3657 2577 3670 2591 ·

2092 2647 2293 2721 Εὗρον
2315 2652 2512 2706 Δαυῒδ
2558 2654 2665 2706 τὸν
2707 2653 2812 2707 τοῦ
2848 2653 3064 2708 Ἰεσσαί
3086 2692 3100 2716 ,
3140 2652 3329 2721 ἄνδρα
3368 2651 3517 2706 κατὰ
3558 2650 3677 2719 τὴν

2092 2742 2343 2811 καρδίαν
2363 2762 2505 2813 μου,
2533 2743 2601 2810 ὃς
2625 2743 2863 2811 ποιήσει
2885 2745 3083 2801 πάντα
3104 2744 3178 2798 τὰ
3205 2742 3508 2813 θελήματά
3530 2757 3670 2812 μου·

2093 2826 2249 2897 οὗτος
2297 2835 2327 2887 ὁ
2378 2836 2557 2906 πάσης
2606 2836 2807 2909 ἀρετῆς
2854 2838 3090 2909 ἐργάτης
3144 2837 3236 2890 καὶ
3275 2835 3608 2899 διδάσκαλος,
3642 2833 3681 2887 ἁ

2096 2930 2269 2998 πρᾶος
2300 2929 2395 2982 καὶ
2429 2930 2947 3000 ἀμνησίκακος,-καὶ
2990 2929 3136 2994 ἅπαξ
3176 2931 3350 2981 είπεῖν
3389 2926 3676 2999 ὡμοιωμέ-

2096 3037 2185 3083 νος
2213 3019 2333 3091 Θεῷ
2371 3020 2512 3074 κατὰ
2557 3023 2618 3074 τὸ
2676 3021 2892 3090 ἐφικτὸν
2929 3020 3251 3092 ἀνθρώποις,
3292 3021 3439 3089 ὅμως
3477 3033 3676 3088 συναρ-

2098 3108 2325 3172 πασθεὶς
2379 3108 2473 3163 τοῦ
2532 3109 2739 3173 είκότος
2788 3108 3098 3180 ἀπεσφάλη.
3152 3108 3240 3161 Ἐν
3292 3106 3527 3178 ὑπερῴῳ
3565 3104 3683 3175 γὰρ,

2096 3201 2298 3270 διάγων
2328 3198 2434 3254 εἶδε
2468 3204 2701 3269 γυναῖκα
2742 3201 3036 3272 λουομένην
3063 3200 3171 3255 ἀπὺ
3201 3200 3300 3270 τῆς
3338 3195 3675 3270 ἀκαθαρσίας

2098 3290 2288 3361 αὐτῆς,
2318 3290 2525 3362 ὡραίαν
2558 3290 2636 3361 τῷ
2666 3290 2794 3344 εῖδει
2836 3292 2932 3344 καὶ
2980 3290 3184 3362 σφόδρα
3216 3288 3418 3359 καλήν·
3464 3285 3679 3357 Βηθσα-

2100 3382 2192 3435 6εὲ
2220 3382 2276 3435 δὲ
2306 3382 2475 3453 ὄνομα
2508 3385 2574 3453 τῇ
2602 3382 2837 3450 γυναικί.
2862 3382 3075 3453 Ταύτην
3119 3381 3413 3452 ὀφθαλμοῖς
3454 3378 3676 3452 περιέρ-

2100 3492 2216 3545 γοις
2242 3476 2599 3545 κατανοήσας,
2630 3475 2842 3545 ὲκλάπη
2885 3476 2976 3529 τὸν
3018 3475 3163 3537 νοῦν,
3188 3474 3279 3527 καὶ
3315 3471 3674 3543 μεταπεμψά-

2103 3583 2262 3636 μενος
2310 3565 2524 3635 εἰσῆλθε
2568 3566 2705 3637 πρὸς
2760 3566 2947 3637 αὐτὴν,
2990 3567 3082 3620 καὶ
3118 3566 3304 3620 ἐλαϐεν
3351 3567 3409 3619 ὲν
3456 3565 3671 3637 γαστρί.

2099 3657 2270 3710 Τοῦτο
2296 3656 2454 3725 γνοὺς
2482 3657 2511 3710 ὁ
2542 3656 2722 3721 Δαυῒδ,
2764 3658 2858 3711 καὶ
2898 3658 2987 3711 τὸν
3033 3657 3091 3724 ἐξ
3132 3656 3431 3729 ἀνθρώπων
3465 3673 3675 3727 μυκτη-

1308 3767 1590 3824 CARMEN
1624 3767 1764 3833 XVI,
1798 3768 1958 3824 XVII.
1998 3768 2231 3823 Diversa:
2264 3770 2384 3823 vita:
2416 3768 2783 3825 beatitudines.

493 3861 724 3933 Quando
758 3862 1141 3933 exploratores
1163 3864 1313 3918 viros
1357 3863 1497 3918 duos
1532 3880 1562 3917 a
1584 3862 1843 3927 Iordane,
1876 3871 2166 3933 antequam
2203 3864 2483 3933 transiret,
2517 3864 2669 3918 misit
2709 3863 2876 3919 Josue
2906 3864 2960 3918 in
2989 3862 3210 3919 Iericho
3259 3871 3460 3917 terram
3488 3862 3674 3931 inspe~

426 3940 647 4004 cturos,
684 3932 1015 4004 hosrecepit
1050 3932 1242 3988 Rahab
1266 3934 1553 4004 meretrix.
1585 3934 1744 3999 Quod
1776 3950 1900 3988 cum
1942 3932 2190 3989 novisset
2214 3949 2308 3987 rex
2339 3932 2561 3988 Jericho
2582 3934 2731 3988 misit
2759 3934 2905 4004 apud
2926 3949 3050 4004 eam
3080 3934 3173 4003 qui
3213 3939 3472 4004 caperent
3507 3933 3671 4004 illos;

428 4017 551 4073 quae
574 4002 860 4071 hOSpitalis
891 4018 999 4071 pra:
1032 4003 1406 4065 miseratione,
1437 4005 1539 4058 sub
1574 4005 1777 4073 stipula
1808 4004 1904 4057 lini
1932 4020 2028 4059 eos
2063 4004 2392 4070 abscondit;
2430 4002 2870 4073 vespereaautem
2915 4003 3078 4065 facto,
3100 4002 3211 4072 per
3246 4003 3670 4073 fenestramdde-

424 4072 593 4132 misit.
638 4086 865 4127 monens
900 4088 967 4126 ne
996 4089 1092 4142 per
1129 4073 1399 4142 publicam
1451 4073 1545 4128 sed
1598 4071 1694 4143 per
1726 4082 2041 4128 montanam
2078 4075 2223 4129 viam
2265 4071 2598 4143 incederent.
2651 4072 2743 4127 Sic
2780 4087 2911 4143 ergo
2947 4071 3231 4138 fecerunt;
3274 4071 3673 4143 revertentibus

426 4151 605 4213 autem
636 4143 729 4209 qui
760 4157 855 4210 per
906 4140 1048 4195 viain
1086 4140 1358 4213 publicam
1386 4140 1657 4212 persecuti
1687 4144 1809 4197 illos
1848 4144 2100 4210 fuerant,
2147 4144 2225 4213 illi
2262 4142 2331 4196 ad
2362 4144 2582 4213 propria
2613 4140 2914 4197 incolumes
2949 4143 3141 4197 salvati
3179 4158 3299 4213 qum
3349 4157 3445 4210 per
3480 4140 3674 4213 Rabab

425 4211 739 4273 audierunt,
776 4210 1183 4265 nuntiaverunt.
1215 4210 1568 4279 Josue'ergo,
1597 4213 1876 4267 destructa
1904 4213 2147 4277 Jericho,
2186 4210 2379 4267 Rahab
2404 4210 2529 4266 cum
2554 4214 2704 4267 omni
2730 4214 2893 4267 domo
2924 4214 3145 4268 salvam
3160 4210 3440 4281 pepercit;
3471 4211 3674 4281 etenim

426 4282 529 4353 ipsi
559 4282 958 4353 constituerant
1008 4284 1382 4353 exploratores
1420 4285 1545 4345 viri,
1620 4284 1895 4338 neminem
1954 4288 2387 4353 propinquorum
2437 4282 2556 4350 ejus
2616 4284 2774 4338 aliter
2830 4280 3379 4353 tractandumyqua:
3442 4280 3672 4353 quidem

428 4351 557 4406 fune
595 4350 651 4405 in
682 4350 919 4407 fenestra
953 4366 1060 4424 qua
1083 4351 1294 4408 dimisit
1333 4367 1427 4408 eos
1457 4353 1676 4423 alligata
1709 4368 1833 4407 cum
1849 4350 1999 4408 omni
2033 4350 2196 4408 domo
2224 4359 2279 4407 et
2300 4351 2505 4406 familia
2526 4352 2733 4408 salvata
2764 4359 2867 4409 est.

1444 4442 1727 4499 CARMEN
1760 4443 1947 4512 XVIII,
1985 4444 2130 4500 XIX.
2166 4444 2429 4499 Adversus
2459 4460 2688 4500 carnem.

499 4531 763 4607 Memorat
792 4533 966 4607 Adam
998 4534 1495 4607 transgressionem
1520 4541 1584 4607 _et
1618 4548 1860 4607 amaram
1884 4534 2389 4602 manducationem,
2424 4544 2649 4607 propter
2680 4548 2845 4605 quam
2876 4534 3088 4605 ejectus
3127 4540 3214 4589 est
3246 4548 3276 4590 e
3308 4530 3570 4604 paradiso
3602 4533 3673 4590 ad

429 4602 784 4658 laborandum
803 4611 857 4658 et
884 4602 1177 4658 vivendum
1206 4612 1261 4658 et
1292 4604 1632 4658 moriendum
1660 4604 1973 4659 damnatus.

504 4672 713 4728 Sensus
741 4682 843 4737 est,
862 4688 996 4743 cum
1025 4672 1198 4727 Adam
1222 4688 1252 4728 e
1278 4674 1537 4743 paradiso
1563 4674 1775 4740 ejectus
1806 4675 1946 4729 sedit
1976 4674 2045 4729 ad
2073 4674 2545 4742 manducandum,
2587 4673 2737 4728 flevit
2778 4689 2985 4730 amare.
3036 4672 3293 4729 Christus
3338 4678 3520 4728 autem
3550 4670 3674 4727 ideo

434 4758 613 4814 novus
643 4743 814 4796 Adam
849 4742 1037 4814 factus,
1064 4754 1149 4814 est
1170 4751 1230 4797 ut
1258 4759 1392 4814 eum
1408 4743 1474 4796 ad
1505 4745 1804 4814 pristinam
1834 4745 2122 4800 reduceret
2147 4746 2561 4801 beatitudinem.
2604 4745 2772 4799 Adest
2801 4746 2856 4798 in
2887 4744 2945 4797 2°
2977 4759 3149 4799 carm.

502 4811 785 4885 Manasses
818 4828 911 4867 rex
938 4810 1077 4866 Juda
1113 4812 1219 4885 fuit
1253 4810 1526 4885 pessimus
1558 4813 1762 4885 nimis;
1796 4813 1899 4885 iste
1922 4815 2300 4885 quadriforme
2323 4814 2527 4885 idolum
2560 4814 2616 4868 in
2664 4814 2977 4885 Salomonis
3024 4814 3230 4882 templo
3282 4810 3675 4885 collocavit‘et

428 4882 626 4953 ludam
658 4898 688 4935 a
718 4882 828 4936 Deo
858 4889 1169 4951 apostatare
1197 4880 1361 4949 fecit;
1399 4883 1539 4938 unde
1565 4884 1610 4937 si
1642 4885 1766 4952 quis
1788 4883 1854 4937 ad
1877 4880 2127 4940 sanctum
2157 4884 2498 4949 ascenderet,
2537 4892 2663 4938 ante
2702 4884 2904 4953 idolum
2928 4880 3272 4953 prosternere
3305 4898 3365 4936 se
3390 4880 3674 4953 praecipie-

429 4952 924 5026 bat.Multa_igitur
952 4959 1007 5026 et
1042 4954 1409 5008 narrationem
1449 4954 1765 5026 superantia
1800 4956 1943 5010 mala
1975 4963 2231 5026 operatus
2258 4966 2362 5022 est,
2398 4964 2453 5010 et
2482 4954 2802 5026 prophetam
2848 4952 3050 5009 Isaiam
3101 4961 3483 5025 peragrantem
3531 4952 3673 5006 viam

429 5037 698 5094 aquarum
723 5020 925 5076 Siloam
957 5022 1135 5093 lignea
1172 5038 1323 5078 serra
1352 5023 1590 5077 resecari
1617 5022 1802 5092 jussit.

502 5114 628 5169 Haec
662 5122 718 5168 et
746 5114 854 5168 alia
887 5114 1031 5168 ultra
1077 5114 1220 5168 mala
1251 5130 1375 5168 cum
1422 5113 1665 5177 fecisset,
1701 5113 1955 5169 similiter
1995 5110 2108 5166 Deo
2160 5109 2449 5166 confessus
2482 5116 2568 5165 est
2609 5124 2913 5166 conversus
2956 5111 3027 5165 ab
3056 5109 3381 5180 iniquitate:
3430 5123 3484 5166 et
3527 5110 3674 5168 Deus

429 5186 581 5257 (quis
602 5185 757 5257 enim
781 5200 882 5257 pro
903 5186 1296 5257 plasmate_suo
1337 5186 1513 5254 magis
1559 5186 1653 5239 illo
1688 5181 2443 5257 misericors?)_iniquitat_em
2475 5181 2526 5257 ei
2561 5180 3047 5257 dimisit‘propter
3096 5181 3495 5257 pmnitentiam.

504 5254 696 5319 David,
728 5249 820 5309 Déi
845 5249 1023 5337 pater,
1040 5254 1129 5308 cui
1165 5253 1310 5337 ρους
1339 5249 1709 5337 testimonium
1735 5253 2033 5337 perhibuit
2055 5249 2257 5337 dicens
2292 5268 2303 5303 :
2337 5249 2524 5337 Inueni
2549 5250 2737 5337 ρανίᾳΔ
2769 5249 2945 5337 ﬁliuni
2972 5249 3155 5337 flesse,
3177 5251 3362 5337 pirum.
3388 5249 3675 5337 secuadinn

430 5342 525 5382 cor
545 5340 738 5389 meum,
765 5321 869 5394 qui
888 5340 1065 5378 omnes
1094 5324 1387 5378 voluntates
1414 5342 1554 5379 meas
1588 5325 1746 5394 faciet
1761 5321 1830 5394 λι.
1875 5322 1992 5394 Hicu
2017 5321 2238 5375 virtutis
2261 5322 2443 5374 omnis
2473 5321 2743 5394 _cultor__et
2792 5322 3074 5394 magister,
3111 5327 3438 5375 mansuetus
3486 5328 3541 5394 et
3589 5322 3674 5374 in-

428 5396 702 5467 juriarum
734 5389 1041 5467 immemor,
1072 5403 1155 5467 et,
1188 5409 1299 5467 uno
1330 5389 1715 5467 verbo,similis
1762 5392 1874 5467 Deo
1918 5390 2443 5467 eﬂ‘ectus_quantu_m
2472 5390 2786 5467 hominibus
2823 5389 2908 5445 fas
2938 5398 3044 5455 est,
3079 5398 3367 5467 venustate
3412 5390 3674 5467 seductus

432 5458 726 5521 aberravit.
760 5463 820 5518 In
845 5458 1048 5518 salario
1072 5458 1216 5518 enim
1245 5465 1641 5534 domusﬁregim
1686 5464 2046 5518 deambulans
2088 5460 2226 5514 vidit
2264 5461 2550 5534 mulierem
2602 5460 2873 5534 lavantem
2904 5476 2963 5534 se
3007 5468 3061 5513 et
3095 5460 3479 5534 puriﬁcantem
3513 5458 3673 5514 deco-

435 5551 551 5589 ram
587 5543 811 5604 aspectu
839 5542 894 5589 et
922 5534 1201 5604 pulchram
1233 5533 1423 5600 valde;
1454 5528 1753 5589 Bethsabee
1794 5548 1992 5587 nomen
2028 5538 2145 5586 erat
2177 5530 2451 5604 mulieris.
2477 5528 2679 5604 _Quam
2702 5530 2959 5604 curiosis
2994 5528 3171 5604 oculis
3193 5529 3452 5604 _intuens,
3488 5536 3675 5604 mente

432 5612 630 5675 captus
654 5598 746 5660 'est
780 5611 835 5659 et
867 5598 1157 5659 accersivit
1193 5611 1247 5659 et
1270 5598 1683 5676 cognoviteam,
1728 5619 1848 5674 quae
1875 5604 2142 5672 concepit.
2179 5599 2299 5667 Quo
2328 5599 2551 5670 cognito
2582 5599 2753 5655 David
2787 5599 2854 5655 de
2890 5599 3155 5657 aculeatis
3193 5598 3478 5655 hominum
3510 5598 3675 5654 dictis

576 5723 595 5753 ¹
638 5722 900 5785 Act.xm,
940 5720 1029 5775 22.

508 5851 587 5922 (I)
624 5850 722 5907 Ed.
760 5868 883 5908 nov.
926 5868 979 5923 p.
1017 5852 1139 5907 487.

2200 5853 2274 5925 (2)
2310 5852 2433 5925 I‘ag.
2474 5852 2597 5907 957.
