4180 6350
501 349 609 410 639

498 462 694 539 ρισμὸν
721 461 1139 534 ἐντρεπόμενος,
1181 463 1273 518 τὸν
1309 463 1477 536 ἄνδρα
1519 466 1938 536 μεταστέλλεται
1983 469 2084 539 τῆς

500 554 898 629 μοιχευθείσης.
933 553 1132 625 Οὐρίας
1165 554 1335 628 ὸνομα
1375 555 1568 628 τούτῳ,
1617 558 1878 622 Χετταῖος
1923 558 2082 630 ἀνὴρ,

497 647 560 704 ἐν
613 646 918 718 προμάχοις
972 644 1254 718 ἀριστείας
1308 645 1367 700 δὲ
1427 647 1571 701 κατά
1615 645 1677 701 τὸ
1724 649 2084 719 στρατόπεδον

496 738 798 814 ἀριστεύων
815 756 828 770 ·
861 732 906 808 ᾧ
933 739 1190 811 τηνικάδε
1219 741 1671 813 παραγενομένῳ,
1691 743 1997 815 πυθόμενος
2015 744 2086 798 τά

493 833 640 890 κατὰ
669 831 768 904 τήν
801 832 982 904 μάχην
1011 833 1040 884 6
1074 831 1254 898 Δαυῒδ,
1294 832 1433 886 οῐκοι
1468 833 1771 888 καταλῦσαι
1814 835 2086 906 προσέτα-

497 926 606 993 ξεν.
635 925 838 997 οὐρίας
881 925 939 978 δέ
984 924 1144 978 τοῦτο
1187 927 1361 978 ποιεῖν
1402 925 1503 979 οὐκ
1544 926 1821 997 ἠνέσχετο,
1865 927 1939 999 μὴ
1978 927 2087 982 δεῖν

496 1019 689 1088 λέγων,
725 1013 820 1071 τοῦ
868 1016 1276 1089 στρατεύματος
1308 1017 1524 1089 Ἰσραήλ
1566 1018 1921 1090 αὐλιζομένου
1965 1024 2086 1076 κατ’

495 1109 665 1180 ἀγρὸν
693 1109 788 1162 καὶ
821 1107 1205 1180 πολεμοῦντος,
1235 1107 1400 1161 αὐτὸν
1430 1109 1612 1163 οἴκαδε
1642 1110 1967 1165 καταλύσειν
1993 1113 2088 1166 καὶ

493 1204 616 1266 ταῖς
665 1200 933 1270 ἀγκάλαις
991 1201 1210 1272 ἔχεσθαι
1268 1199 1371 1272 τῆς
1432 1202 1764 1273 προσφιλοῦς
1819 1206 2085 1277 γαμετῆς.

494 1290 660 1346 Δαυῒδ
679 1287 771 1346 οὖν
792 1291 952 1345 τοῦτο
981 1291 1189 1363 μαθὼν,
1211 1286 1371 1356 αὖθις
1398 1293 1536 1363 πρὸς
1553 1293 1716 1348 Ἰωάϐ
1738 1294 1831 1348 τὸν
1853 1296 2088 1368 ἄρχοντα

494 1383 595 1456 τῆς
623 1383 904 1454 δυνάμεως
940 1383 1258 1438 ἀποστέλλει
1295 1384 1385 1438 τὸν
1409 1385 1633 1456 Οὐρίαν,
1665 1385 1955 1458 αὐτόχειρα
1995 1387 2089 1442 τὸν

499 1472 632 1529 ἴδιον
671 1475 1010 1547 ἐπαγόμενον
1053 1475 1298 1548 όλεθρον.
1352 1476 1563 1532 Βιϐλίον
1609 1479 1719 1550 γὰρ
1779 1480 2092 1551 ἐγέγραπτο

493 1567 636 1638 πρὸς
654 1565 814 1622 Ἰωάϐ
845 1567 1078 1638 συνᾶψαι
1109 1570 1223 1633 τοῖς
1250 1567 1554 1641 πολεμίοις,
1583 1569 1687 1625 ἀνὰ
1719 1570 1776 1624 δέ
1807 1570 1907 1643 τὴν
1943 1573 2092 1642 ισχυ-

499 1658 602 1731 ράν
630 1660 826 1731 στῆσαι
857 1660 1037 1730 μάχην
1067 1661 1205 1733 πρὸς
1241 1660 1321 1731 τῷ
1353 1661 1521 1733 τείχει
1554 1662 1647 1718 τὸν
1675 1663 1936 1735 ἀνδρεῖον,
1970 1666 2092 1718 και-

495 1766 605 1822 περ
643 1749 1115 1821 προθυμούμενον,
1155 1752 1359 1823 Οὐρίαν
1393 1753 1620 1827 άντικρυ
1651 1755 1759 1809 τῶν
1787 1756 2082 1826 πολεμίων,

497 1842 851 1916 ὑποχωρῆσαί
874 1859 956 1908 τε,
988 1844 1081 1897 καὶ
1115 1843 1304 1898 τοῦτον
1347 1844 1550 1900 ἁλωτὸν
1593 1849 1708 1912 τοῖς
1747 1847 2086 1912 ὑπεναντίοις

497 1933 919 2006 παραχωρῆσαι.
971 1935 1174 1988 Τούτου
1227 1935 1286 1990 δὲ
1336 1937 1630 2008 γενομένου
1650 1977 1666 2002 ,
1713 1938 1972 2011 λήσεσθαι
2024 1939 2087 1992 τὸ

497 2027 749 2082 τοσοῦτον
785 2029 954 2082 κακὸν
991 2031 1021 2083 6
1060 2030 1279 2094 συνετὸς
1325 2029 1489 2084 Δαυῒδ
1539 2030 1881 2096 ὐπετόπαζεν
1901 2045 1916 2061 ο
1950 2029 2088 2085 ἀλλά

496 2118 634 2175 Θεοῦ
676 2119 761 2186 τίς
802 2121 895 2176 τὸν
931 2123 1103 2194 μέγαν
1142 2124 1367 2194 λήσεται
1398 2125 1716 2196 ὀφθαλμόν;
1751 2126 1810 2181 '0
1863 2127 1962 2198 μὲν
1992 2123 2088 2182 οὖν

497 2211 670 2268 ταῦτα
715 2216 1017 2287 πεποίηκεν
1040 2233 1055 2250 ο
1102 2216 1132 2269 6
1183 2218 1241 2272 δὲ
1290 2218 1424 2282 Θεὸς
1465 2219 1617 2290 αὑτῷ
1653 2221 1745 2274 τὸν
1798 2221 2089 2293 προφήτην

495 2303 687 2360 Νάθαν
713 2307 1061 2373 ἀποστείλας,
1092 2308 1168 2373 ὡς
1189 2309 1462 2377 πλούσιος,
1502 2311 1920 2377 ἐπιξενωθέντος
1945 2312 2088 2366 οὕτω

493 2396 643 2462 τινὸς
669 2398 968 2471 ὁδοιπόρου,
995 2403 1243 2472 ποίμνιον
1287 2403 1541 2473 ἀμνάδων
1584 2404 1780 2458 ἑκατὸν
1815 2403 2088 2476 κεκτημέ-

499 2504 609 2554 νος,
646 2489 904 2558 ἐφείσατο
947 2489 1130 2557 θῦσαι,
1161 2493 1256 2546 καὶ
1299 2493 1532 2565 πένητος
1564 2495 1777 2562 ἀμνάδα
1820 2494 1948 2564 μίαν
1991 2497 2089 2566 άρ-

499 2578 680 2643 πάσας
707 2581 767 2633 ἐν
799 2579 878 2652 τῷ
918 2581 1106 2653 κόλπῳ
1137 2581 1234 2636 τοῦ
1289 2583 1478 2655 κυρίου
1519 2583 1878 2654 τρεφομένην,
1919 2583 2087 2654 αὐτῆς

503 2669 852 2743 συνεθοινήθη
894 2671 972 2743 τῷ
1015 2672 1326 2739 ξενισθέντι,
1366 2674 1536 2746 ταύτῃ
1564 2675 1626 2728 τὸ
1655 2673 1840 2746 δρᾶμα
1866 2668 2086 2740 διεξῄει.

501 2760 666 2817 Δαυτδ
696 2762 795 2833 μὲν
823 2759 917 2818 οῦν
941 2765 970 2818 6
1007 2765 1339 2837 θερμότατος
1370 2765 1517 2838 ζήλῳ
1545 2766 1623 2838 τῷ
1647 2766 1782 2838 πρὸς
1807 2764 2088 2820 εὐσέϐειαν

509 2853 968 2925 κυρπολούμενος,
993 2852 1030 2928 ἦ
1066 2858 1171 2928 μὴν
1204 2857 1389 2921 κακῶς
1413 2857 1473 2911 τὸ
1500 2857 1598 2930 ζῇν
1628 2860 1657 2911 6
1685 2857 1842 2911 τοῦτο
1861 2856 2088 2928 διαπρα-

508 2942 734 3016 ξάμενος
771 2949 1191 3020 καταστρέψειε,
1232 2950 1326 3002 καὶ
1356 2949 1454 3020 τὴν
1482 2948 1696 3020 ἀμνάδα
1725 2947 1820 3002 τοῦ
1857 2947 2088 3018 πένητος

509 3035 750 3091 ἀποτίσει
787 3037 1201 3105 δεκαπλασίονα,
1244 3040 1336 3093 τὸν
1366 3039 1500 3095 Θεὸν
1539 3037 1704 3106 ὀξέως
1743 3039 2085 3110 ἐπωμόσατο.

509 3125 692 3182 Νάθαν
732 3124 826 3183 οῦν
870 3130 1008 3200 πρὸς
1058 3131 1243 3193 αὐτὸν,
1285 3129 1364 3184 Σὺ
1385 3126 1460 3194 εἷ,
1497 3131 1653 3202 φησὶ,
1680 3130 1965 3198 ,ϐασιλεῦ’
1997 3131 2093 3186 καὶ

510 3217 634 3288 γοῦν
662 3220 691 3272 6
716 3219 851 3284 Θεὸς
886 3220 953 3274 τά
981 3223 1076 3274 καὶ
1104 3221 1173 3274 τά
1212 3237 1347 3293 φησι
1392 3222 1521 3294 περὶ
1571 3220 1816 3284 σοῦ.·Εἰς
1839 3221 2092 3293 αἴσθησιν

511 3311 682 3366 τοίνυν
708 3310 877 3366 ἐλθὼν
907 3315 938 3366 6
981 3312 1142 3366 Δαυῖδ
1182 3315 1277 3366 καὶ
1318 3314 1536 3385 μνήμην
1559 3311 1716 3379 Θεοῦ,
1749 3312 2094 3383 Ἦμάρτηκα

509 3400 586 3468 τῷ
624 3403 839 3471 Κυρίῳ,
871 3403 1026 3474 φησί.
1062 3405 1174 3458 Καὶ
1215 3403 1402 3458 Νάθαν
1431 3406 1568 3476 πρὸς
1594 3402 1756 3460 αὐτόν
1778 3420 1792 3434 ’
1831 3405 1941 3459 Καὶ
1973 3405 2093 3458 Κύ-

509 3508 632 3562 οιος
645 3497 930 3565 ἀφειλατο
945 3495 1012 3550 τὸ
1028 3496 1343 3566 ἁμάρτημά
1359 3511 1495 3551 σου.
1512 3495 1766 3559 Κλαύσας
1782 3496 1839 3549 δέ
1857 3495 2089 3568 πικρῶς,

1645 351 1922 410 COSMAS
1951 353 2668 413 HIEROSOLYMITANUS

3665 355 3772 411 MO

2187 469 2278 523 καὶ
2318 468 2511 522 σποδὸν
2545 468 2640 521 καὶ
2676 466 2876 520 σάκκον
2917 465 3432 539 ὑποστρωσάμενος,
3461 466 3658 532 ἱκανῶς
3685 468 3774 532 ἐξ-

2184 560 2680 632 ομολογησάμενος,
2714 559 2811 629 τῆς
2840 557 3089 628 ἀφέσεως
3115 557 3448 628 κατηξιώθη.

2185 656 2256 710 43
2290 655 2385 720 Τίς
2423 651 2699 722 χθαμαλὴ
2733 649 3044 720 θρήνοισιν
3079 651 3222 704 ἰδὼν
3243 652 3480 706 ἐσάωσε
3512 651 3774 719 Νινευή;

2258 745 2420 808 Πόλις
2455 741 2523 816 ἦν
2555 743 2755 815 Νινευὴ
2801 743 3032 815 μεγάλη.
3069 739 3287 815 Ταύτης
3323 743 3356 814 ἡ
3389 743 3605 816 κραυγὴ
3636 742 3774 814 πρὸς

2185 837 2278 891 τὸν
2310 837 2444 890 Θεὸν
2481 834 2788 905 ἀναϐέϐηκε
2808 850 2822 864 ⁸
2857 835 2952 888 καὶ
2980 833 3043 906 δὴ
3076 832 3170 886 τὸν
3202 834 3489 907 προφήτην
3529 834 3712 890 Ἰωνᾶν
3740 837 3772 890 6

2186 929 2320 993 Θεὸς
2347 926 2683 990 ἀποστέλλει,
2718 925 3092 997 προφητεῦσαι
3130 925 3197 998 τῇ
3232 926 3457 998 Νινευῇ,
3493 927 3569 992 ὡς
3602 946 3771 984 κατα-

2189 1022 2560 1092 στραφήσεται
2611 1019 2796 1089 τάχος.
2847 1018 3034 1081 Ἰωνᾶς
3089 1013 3181 1072 οῦν
3236 1018 3337 1089 τὴν
3393 1019 3485 1072 ἐπὶ
3539 1019 3777 1092 Θαρσεῖς

2187 1095 2475 1182 ὁδοιπορεῖ,
2511 1109 2727 1180 φεύγων
2759 1108 2820 1162 τὸ
2862 1109 3220 1182 πρόσταγμαο
3255 1110 3420 1166 σάλου
3456 1111 3514 1165 δὲ
3546 1113 3773 1184 γενομέ-

2187 1221 2303 1268 νου,
2349 1204 2537 1275 κλήρῳ
2587 1201 3023 1266 καταδικασθεὶς,
3076 1204 3157 1266 εἰς
3206 1202 3366 1273 βυθὸν
3417 1203 3772 1275 ἐμϐάλλεται·

2189 1297 2354 1368 κῆτος
2385 1294 2545 1348 αὐτὸν
2572 1293 2911 1365 ὑποδέχεται,
2941 1297 3183 1366 τριταῖον
3220 1295 3475 1367 ἀπήμεσε
3505 1295 3628 1368 θήρ.
3657 1297 3774 1352 11ά⁴

2189 1382 2271 1436 λιν
2309 1383 2726 1453 προστάσσεται,
2766 1383 2862 1437 καὶ
2906 1382 2971 1454 δὴ
3020 1383 3307 1454 πορεύεται
3346 1385 3440 1438 καὶ
3487 1385 3774 1456 κηρύσσει,

2189 1477 2266 1539 ὡς
2315 1474 2454 1546 μετὰ
2498 1476 2645 1546 τρεῖς
2708 1473 2923 1546 ἡμέρας
2981 1479 3496 1549 καταστραφήσεται
3552 1479 3772 1551 Νινευή.

2190 1563 2469 1619 Νινευῖται
2494 1563 2624 1633 γοῦν
2651 1564 2753 1634 τῆς
2791 1566 3127 1636 προφητείας
3163 1567 3494 1632 ἀκούσαντες
3533 1569 3778 1641 ηὐλαϐή-

2193 1659 2385 1729 θησαν,
2408 1657 2542 1711 οὐδέ
2574 1659 2684 1722 τοῖς
2716 1657 3029 1729 λεγομένοις
3056 1660 3381 1732 ἠπείθησαν,
3412 1661 3528 1715 ἀλλ’
3549 1662 3777 1727 ἕκαστος

2187 1748 2290 1819 τῆς
2339 1750 2583 1820 πονηρᾶς
2624 1748 2837 1822 ἀπέστη
2887 1750 3131 1822 πορείας,
3182 1753 3576 1824 νηστεύσαντες
3631 1773 3780 1830 παμ-

2187 1840 2404 1911 πληθεῖ,
2455 1840 2692 1905 σάκκους
2735 1859 2796 1895 τε
2839 1844 3206 1916 περιθέμενοι,
3252 1844 3324 1899 τά
3365 1861 3424 1897 τε
3465 1845 3638 1916 βρέφη
3681 1847 3779 1902 σὺν

2185 1937 2297 1998 τοῖς
2324 1935 2544 2006 κτήνεσι
2579 1937 2644 2007 τῇ
2679 1935 2902 2008 νηστείᾳ
2932 1936 3293 2008 δαμάσαντες,
3332 1937 3432 2009 τῆς
3471 1939 3778 2010 ήπειλημέ-

2186 2044 2283 2098 νης
2334 2026 2504 2098 όργῆς
2541 2028 2640 2099 τὴν
2682 2028 2968 2099 συμφορὰν
3010 2030 3231 2100 ἔφυγον,
3263 2031 3356 2084 τοῦ
3405 2030 3541 2084 Θεοῦ
3587 2033 3780 2102 φιλαν-

2187 2116 2392 2190 θρώπῳ
2422 2117 2634 2190 ὄμματι
2663 2120 2758 2173 καὶ
2793 2120 3010 2192 εὐμενεῖ
3041 2122 3102 2175 τὸ
3136 2123 3264 2176 ἴδιον
3305 2123 3780 2194 κατοικτείραντος

2189 2209 2440 2282 πλάσμα.

2187 2300 2258 2356 44
2333 2303 2428 2368 Τίς
2451 2301 2504 2354 δ’
2537 2302 2637 2356 ἐπὶ
2667 2302 2834 2357 παιδὶ
2860 2303 3058 2368 ,ϐάλεν
3083 2305 3349 2376 δάκρυον
3372 2306 3719 2376 ὁπλοτέρῳς

2260 2395 2373 2464 Τῆς
2409 2397 2468 2449 ἐν
2496 2397 2609 2460 τοῖς
2642 2396 2994 2464 Εὐαγγελίοις
3033 2397 3183 2462 θείας
3223 2400 3539 2471 παραϐολῆς
3569 2402 3779 2472 μέμνη-

2187 2502 2276 2539 ται
2301 2485 2401 2555 τῆς
2437 2485 2580 2540 κατὰ
2609 2484 2701 2538 τὸν
2730 2485 2938 2540 ἄσωτον
2984 2487 3171 2542 παῖδα.
3208 2489 3319 2542 Καὶ
3363 2489 3472 2560 γὰρ
3515 2490 3543 2542 6
3588 2488 3778 2561 Σωτὴρ

2187 2577 2572 2648 παραϐολικῶς
2593 2578 2718 2633 τάδε
2742 2579 2928 2647 φησὶν,
2955 2581 3037 2632 ὅτι
3069 2581 3165 2642 Τις
3191 2579 3477 2652 ἄνθρωπος
3508 2580 3601 2635 δύο
3629 2582 3780 2645 υίούς

2187 2663 2361 2740 εῖχεν·
2414 2672 2443 2724 6
2479 2669 2537 2723 δὲ
2585 2669 2843 2741 νεώτερος
2878 2669 2957 2741 τῷ
2988 2672 3154 2743 πατρὶ
3182 2672 3516 2742 προσελθὼν,
3547 2675 3779 2742 αἰτήσας

2185 2763 2247 2816 τὸ
2298 2763 2396 2835 τῆς
2441 2762 2629 2826 οὐσίας
2685 2761 2835 2832 αὐτῷ
2881 2763 3170 2817 ἐπιϐάλλον
3222 2764 3387 2836 μέρος
3441 2765 3533 2818 καὶ
3596 2764 3779 2819 λαϐὼν

2187 2855 2379 2926 ᾤχετο·
2431 2857 2526 2910 καὶ
2570 2857 2660 2910 τὸν
2710 2855 2940 2908 πλοῦτον
2985 2856 3072 2908 ἐπ’
3115 2855 3422 2927 ἀλλοδαπῆς
3461 2857 3781 2927 δαπανήσας

2189 2946 2448 3020 αἰσχρῶς,
2483 2946 2792 3000 τελευταῖον
2831 2946 3162 3017 ἐπτώχευσε.
3200 2947 3462 3017 Πενηθεὶς
3502 2944 3595 3001 οὖν
3632 2949 3781 3019 taxo-

2196 3038 2325 3111 ρῶς,
2364 3040 2477 3102 τοῖς
2509 3037 2865 3112 πολιτάρχαις
2906 3038 3006 3104 τῆς
3047 3036 3230 3108 χώρας
3276 3035 3358 3102 οἷς
3399 3038 3556 3109 ἔτυχε
3589 3040 3780 3111 κολλη-

2193 3131 2330 3195 θεὶς,
2366 3128 2580 3199 βόσκειν
2619 3128 2832 3198 χοίρους
2851 3129 2932 3192 είς
2962 3129 3130 3200 ἀγρὸν
3163 3129 3252 3182 ὐπ’
3275 3129 3454 3184 αὐτῶν
3481 3131 3779 3201 πέμπεται.

2193 3219 2460 3275 Τοσοῦτον
2487 3217 2544 3273 δὲ
2569 3219 2714 3291 λιμῷ
2747 3219 3091 3291 πιεζόμενος,
3133 3221 3210 3284 ὡς
3259 3221 3334 3293 μὴ
3374 3222 3633 3276 δύνασθαι
3670 3223 3782 3277 τῶν

2195 3313 2480 3384 κερατίων,
2538 3304 2614 3366 ὧν
2665 3313 2852 3384 ἤσθιον
2908 3315 2959 3366 oi
3003 3316 3172 3386 χοῖροι
3215 3314 3615 3386 ἐμφορηθῆναι,
3669 3315 3781 3370 τῶν

2198 3403 2478 3475 πατρικῶν
2525 3403 2742 3472 ἀγαθῶν
2791 3405 2872 3466 είς
2924 3403 3129 3458 ἔννοιαν
3179 3405 3367 3468 ἐλθὼν,
3425 3405 3780 3460 ἐϐουλεύσατο

2198 3496 2335 3567 πρὸς
2372 3496 2464 3550 τὸν
2501 3497 2698 3549 οἰκεῖον
2740 3495 3056 3550 ἐπανελθεῖν
3094 3497 3326 3569 πατέρα,
3360 3497 3453 3552 καὶ
3483 3497 3779 3570 παραγίνε-

508 3719 779 3794 sollicitus
815 3722 993 3794 virum
1025 3723 1287 3780 adultera:
1323 3723 1580 3778 accersit.
1624 3722 1788 3794 Urias
1824 3737 2026 3794 nomen
2054 3720 2489 3794 eius._rHeilieus
2524 3723 2628 3794 vir,
2654 3721 2802 3794 inter
2831 3718 3145 3794 audacioris
3178 3717 3518 3794 fortitudinis
3547 3717 3693 3773 viros
3723 3718 3782 3775 in
3811 3785 3817 3794 Ι

509 3793 754 3871 exercitu
793 3791 1038 3862 optimus
1060 3811 1095 3871 :_
1117 3801 1589 3871 qu_em__astantem
1635 3792 2006 3871 interrogavit
2036 3788 2106 3847 de
2137 3791 2493 3871 bello_Davi_d
2524 3792 2801 3871 iussitque
2832 3791 2983 3871 domi
3025 3793 3364 3871 quiescere}.
3420 3788 3576 3871 Urias
3598 3798 3780 3871 autem

510 3861 604 3939 sic
621 3877 785 3933 agere
812 3859 928 3939 nou
956 3859 1230 3939 sustinuit
1265 3864 1482 3926 dicens,
1534 3879 1640 3939 non
1685 3859 1944 3939 Oportére
1974 3861 2104 3917 dum
2135 3861 2420 3939 esercitus
2444 3859 2623 3939 _ls_rael
2670 3859 2792 3939 solo
2827 3859 3119 3939 recubaret
3166 3867 3220 3939 et
3260 3859 3488 3939 bellar_ct
3528 3876 3593 3939 _se
3633 3859 3780 3939 domi

554 3928 802 3988 uiescere
831 3944 887 3988 et
914 3933 973 3988 in
1001 3934 1127 3989 sinu
1155 3934 1370 3988 dilecta:
1400 3935 1588 3989 uxoris
1609 3928 1873 3988 dormire.
1907 3932 2027 3998 Quo
2054 3933 2242 3986 audito
2292 3931 2462 3987 David
2502 3933 2700 3988 iterum
2727 3931 2795 3986 ad
2837 3931 3117 3985 exercitus
3165 3929 3358 3983 ducem
3419 3928 3560 3983 Joab
3613 3929 3783 3982 mittit

564 4003 698 4056 riam
768 4002 966 4073 ropria:
992 4004 1248 4058 nuntium
1283 4006 1476 4059 mortis
1503 4005 1756 4060 manibus
1789 4003 1908 4059 suis
1935 4003 2222 4059 ferentem.
2255 4001 2392 4055 Nam
2428 4003 2716 4071 epistolam
2747 4001 2972 4070 scripsit
3001 4001 3068 4054 ad
3086 3999 3222 4053 Joab
3262 4009 3320 4053 ut
3357 4013 3482 4052 cum
3526 3999 3780 4054 hostibus

564 4018 958 4128 incretreretur.
983 4081 1040 4128 et
1078 4073 1378 4128 invalidum
1419 4076 1668 4128 praelium
1712 4088 1881 4128 prone
1929 4088 2151 4127 murum
2190 4081 2492 4128 poneretur
2541 4071 2702 4126 fortis
2745 4070 2906 4125 Urias
2955 4071 3080 4124 licet
3123 4067 3446 4123 fortitudine
3487 4070 3684 4128 major,
3724 4070 3780 4122 in

508 4086 713 4143 congre

753 4067 958 4145 eretur,
983 4081 1040 4145 et
1078 4073 1881 4145 invalidum_praeliumiprope
1929 4088 2151 4127 murum
2175 4067 2702 4145 ponereturfortis
2745 4067 2906 4145 Uria}
2955 4071 3080 4124 licet
3123 4067 3446 4145 fortiiudine
3487 4070 3684 4145 major,
3724 4070 3780 4122 in

511 4137 813 4212 conspectu
855 4137 1124 4211 hostium,
1156 4152 1212 4200 et
1243 4137 1628 4200 recedentibus
1657 4137 1782 4199 aliis
1813 4137 1902 4197 hic
1923 4145 2129 4210 absque
2159 4137 2479 4212 defensione
2508 4142 2763 4197 hostibus
2803 4138 3375 4212 ι’θιίιιιιιιειιιειιιιε.(ὶιιο⁸
3394 4137 3782 4212 factm'ignote

517 4209 688 4285 deleri
735 4209 1277 4285 tantum__ﬂagitium
1315 4215 1558 4284 prudens
1598 4213 1769 4285 David
1810 4209 2283 4285 intendebat;_sed
2321 4211 2416 4285 Dei
2455 4214 2579 4282 quis
2608 4228 2864 4285 magnum
2905 4209 3076 4285 fugiet
3114 4209 3379 4285 oculum?
3414 4209 3507 4263 Ille
3533 4212 3612 4264 sic
3649 4209 3780 4278 egit,

515 4279 664 4355 Delus
689 4298 821 4338 vero
843 4284 922 4339 illi
962 4279 1181 4355 Nath'an
1227 4279 1550 4355 prophetam
1600 4284 1748 4338 misit
1781 4285 1940 4354 quasi
1973 4283 2150 4346 dives,
2177 4279 2493 4352 hospitante
2555 4279 2725 4355 apud'
2750 4283 2932 4355 ipsum
2972 4279 3205 4355 viatore,
3248 4279 3324 4355 de
3353 4294 3516 4355 grege
3561 4288 3782 4355 centum

512 4351 697 4406 ovium
729 4367 868 4424 quas
898 4349 1507 4430 possidebat'occidere
1535 4368 1770 4430 parcens
1799 4349 1958 4430 ovem
1990 4355 2212 4430 unic_am
2242 4349 2500 4430 pauperis
2541 4349 2816 4430 rapuisset
2865 4352 2921 4404 in
2941 4351 3087 4430 isinu
3117 4349 3325 4430 domini
3351 4349 3502 4430 eius
3547 4350 3782 4430 mandu-

516 4418 957 4501 cantem;_quam
989 4424 1044 4478 in
1077 4425 1262 4501 cibum
1303 4418 1634 4501 hospitalius
1670 4424 2062 4501 apposuisset;
2109 4423 2214 4501 hoc
2245 4418 2456 4501 factum
2509 4418 2773 4501 narrabat
2801 4422 3088 4492 pmpheta.
3153 4419 3322 4501 David
3351 4419 3520 4501 igitur
3542 4418 3781 4501 isi-vida

515 4488 900 4570 indignatione
927 4508 1040 4570 pra:
1060 4494 1264 4570 pietate
1291 4488 1513 4570 ardens,
1568 4488 1806 4563 pessime
1823 4488 2245 4570 viverequiita
2281 4491 2413 4570 iecit
2455 4493 2721 4548 sortiatur
2754 4488 2819 4570 e_t'
2856 4488 3013 4546 ovem
3040 4490 3320 4570 _pauperis
3371 4490 3562 4570 reddet
3614 4488 3782 4570 decu:

515 4560 664 4686 ﬁlam‘
689 4561 852 4632 (Bibl.
882 4560 1304 4634 quadruplam),
1329 4571 1384 4620 et
1415 4560 1671 4620 ardenter
1699 4579 1796 4634 per
1823 4563 1994 4618 Deum
2017 4560 2260 4632 iurabat.
2291 4562 2508 4617 Nathan
2560 4578 2693 4634 ergo
2729 4563 2794 4617 ad
2831 4577 2956 4616 eum
2990 4579 3002 4615 :
3039 4560 3117 4614 Tu
3149 4576 3226 4621 es,
3275 4560 3475 4627 inquit.
3518 4575 3546 4613 ο
3579 4575 3706 4620 rex;
3728 4566 3784 4613 et

558 4646 636 4686 ac
665 4631 806 4686 dixit
830 4632 974 4686 Deus
1007 4635 1075 4686 ad
1105 4643 1181 4686 te.
1221 4634 1278 4686 In
1311 4634 1724 4686 intelligentiam
1759 4637 1926 4686 igitur
1970 4634 2130 4686 rediit
2162 4632 2331 4686 David
2380 4643 2434 4686 et
2483 4632 2577 4686 Dei
2617 4632 2934 4686 memoriam
2969 4647 2984 4686 :
3030 4630 3257 4684 Peccavi
3281 4629 3526 4686 Domino.
3577 4630 3780 4686 inquit.

558 4646 640 4705 tne
652 4629 806 4705 dixit
830 4629 974 4705 Deus
1007 4635 1075 4689 ad
1103 4629 1181 4690 te.
1221 4629 1278 4705 In
1311 4629 1724 4705 intelligentiam
1759 4637 1926 4704 igitur
1970 4629 2130 4689 rediit
2162 4632 2331 4688 David
2380 4632 2577 4705 et__Dei
2617 4629 2934 4705 memoriam
2969 4647 2991 4705 ;_
3030 4630 3257 4705 Peccavi
3281 4629 3526 4692 Domino.
3577 4630 3780 4705 inquit.

516 4698 586 4758 Et
618 4699 830 4775 Nathan
862 4703 932 4759 ad
958 4704 1141 4775 ipsum
1176 4723 1191 4760 :
1229 4703 1300 4759 Et
1333 4698 1590 4759 Domiims
1623 4698 1898 4759 translati:
1927 4714 2199 4774 peccatum
2221 4715 2391 4759 tuum.
2426 4702 2493 4757 Et
2521 4718 2709 4758 amare
2735 4702 2871 4757 ﬂens
2899 4710 2954 4757 et
2979 4702 3033 4755 in
3069 4701 3256 4756 cinere
3276 4708 3332 4754 et
3358 4715 3526 4755 sacco
3543 4698 3779 4764 cubans,

516 4773 914 4832 convenienter
947 4773 1244 4832 confessus
1276 4783 1362 4832 est
1400 4783 1455 4832 et
1480 4777 1698 4833 veniam
1731 4773 1956 4832 meruit.

586 4889 798 4966 Civitas
822 4903 943 4950 erat
969 4894 1169 4953 Ninive
1195 4909 1418 4966 magna.
1452 4894 1626 4965 Cujus
1649 4897 1858 4966 clamor
1892 4895 1962 4950 ad
1990 4894 2162 4951 Deum
2219 4894 2508 4966 ascendit;
2557 4901 2614 4966 et
2629 4892 2972 4966 prophetam
3020 4889 3216 4966 .ionam
3251 4889 3421 4966 mittit
3470 4887 3615 4944 Deus
3653 4903 3785 4958 pra:—

516 4959 1104 5049 dicere-Ninivequod
1149 4959 1698 5049 brevisubvertetur.
1745 4965 1917 5049 Jonas
1956 4967 2143 5049 iiaque
2175 4959 2503 5049 viamhfacit'
2526 4965 2595 5049 ad
2629 4959 2884 5049 Thiarsim
2929 4959 3553 5049 fugienshmandjatum‘;
3587 4969 3782 5049 turne:

517 5033 808 5111 scentist
835 5030 1114 5101 ﬂuctibus,
1147 5043 1298 5111 sorte
1339 5038 1630 5111 damnatus
1672 5037 1726 5111 in
1758 5030 2091 5111 profundum
2132 5035 2426 5111 projicitur
2449 5051 2479 5111 ;_
2514 5044 2634 5090 cete
2664 5030 3071 5111 illum__recipi_t,
3129 5030 3294 5111 tertio
3340 5030 3546 5111 dieque
3582 5031 3784 5111 evomit

515 5098 722 5182 Belius.
753 5103 996 5182 Rursum
1029 5098 1352 5182 mandatum
1379 5106 1565 5182 datur,
1597 5118 1651 5163 et
1690 5098 1792 5162 ite'r
1823 5109 1934 5179 agit
1962 5115 2021 5182 et
2045 5098 2484 5182 praidiéatquod
2515 5112 2640 5182 post
2660 5114 2774 5159 tres
2796 5100 2927 5182 dies
2953 5098 3309 5182 subverteiur
3337 5099 3559 5180 Ninivei.
3587 5099 3778 5182 Itaque

515 5159 2564 5252 15miinmammia“audieniéﬁieiéggiigdi‘:'ie'ripisj'iickpadli‘npfi
2585 5172 2970 5252 f_uer_unt,_sed
2998 5171 3381 5252 unusquisque
3429 5185 3458 5222 a
3483 5169 3588 5252 Ivia
3637 5159 3782 5252 m'ala

519 5238 836 5322 declinavit,
863 5238 970 5322 una
993 5246 1311 5322 jejunaptes
1337 5254 1393 5302 et
1409 5238 1588 5322 saccis
1620 5238 1834 5322 irﬁiuti,_
1853 5238 2160 5322 infantibus
2185 5255 2240 5302 et
2255 5247 2521 5322 jumentis
2545 5243 2815 5322 jejunium
2849 5238 3218 5322 impatientes.
3246 5238 3304 5296 et
3333 5240 3425 5322 sic.
3445 5239 3516 5293 ab
3537 5239 3618 5293 ira
3635 5239 3783 5319 cala-

521 5311 740 5434 giitates
773 5311 1125 5398 imminentes
1183 5314 1463 5388 fugerunt,
1492 5319 1604 5374 Deo
1643 5333 1777 5390 erga
1806 5311 2076 5374 homines
2118 5311 2273 5374 bono'
2311 5318 2494 5375 oculis
2543 5311 2998 5374 inisericordibus
3047 5319 3104 5368 et
3155 5311 3462 5367 mansuetis
3495 5311 3781 5380 proprium

579 5397 730 5434 asma
754 5395 1100 5434 resmmente-

519 5386 730 5451 plasma
754 5386 1100 5456 respiciente.

596 5501 929 5577 δίδωθι-ειμι·
953 5503 1290 5577 divinamin
1328 5503 1642 5577 Evangeliis
1675 5503 1991 5577 parabolam
2021 5504 2090 5559 de
2118 5501 2348 5577 prodigo
2389 5503 2527 5577 filio.
2563 5502 2817 5577 Salvator
2845 5503 2903 5577 in
2934 5500 3211 5577 parabolis
3237 5499 3352 5555 haec
3385 5499 3520 5577 dicit
3554 5515 3568 5552 :
3599 5495 3774 5551 Homo

563 5573 749 5627 uidam
803 5575 993 5632 habuit
1023 5575 1162 5631 duos
1201 5574 1361 5631 filios.
1391 5574 1460 5629 Et
1486 5571 1887 5630 adolescentior
1919 5571 2136 5644 patrem
2152 5571 2341 5629 adiens
2371 5574 2558 5644 petivit
2586 5571 3265 5644 substantive’portionem
3291 5585 3412 5640 quae
3441 5571 3620 5638 ipsum
3649 5582 3782 5622 con-

527 5643 794 5713 tingebat.
837 5659 1002 5716 quam
1043 5657 1384 5717 congregans
1423 5645 1555 5700 abiit
1583 5653 1637 5700 et
1667 5644 1888 5700 divitias
1918 5643 2149 5714 turpiter
2194 5645 2259 5699 ad
2300 5643 2462 5698 aliam
2516 5647 2795 5714 regionem
2825 5643 3104 5712 dissipans
3136 5643 3204 5696 ad
3234 5649 3540 5695 extremum
3577 5651 3785 5759 pauper

529 5713 722 5759 evasit.
751 5715 817 5759 Et
842 5731 966 5759 cum
995 5718 1224 5759 multum
1257 5722 1458 5759 ngeret-
1507 5715 1610 5759 Ιορί
1655 5715 1706 5759 in
1738 5731 1847 5759 mm
1893 5715 2110 5759 vivebat
2147 5714 2410 5759 divitibus
2458 5714 2770 5759 ωηιξη-ρης-
2797 5728 3022 5759 nascere
3050 5727 3250 5759 nnrnns
3273 5712 3327 5759 in
3381 5724 3513 5759 agro
3547 5723 3576 5759 a
3667 5723 3682 5759 ι
3712 5707 3779 5759 ils

529 5707 722 5793 evasit.
751 5715 817 5769 Et
834 5707 966 5793 cum
994 5707 1226 5793 inultum
1249 5707 1461 5793 ﬁgeret,
1507 5715 1612 5793 loci
1653 5715 1710 5770 in
1738 5731 1872 5793 quo_
1893 5707 2110 5793 vive-bat
2145 5714 2410 5793 divitibus
2458 5707 2771 5793 adhaerens,
2797 5707 3022 5793 pascere
3050 5727 3254 5793 porcos
3273 5712 3340 5793 in.
3381 5724 3513 5793 agro
3547 5707 3618 5763 ab
3639 5707 3779 5793 Iiilis

533 5781 737 5861 missus
763 5791 867 5840 est.
908 5783 1134 5861 Et_fame
1161 5777 1461 5861 cruciatus;
1495 5785 1623 5856 quia
1647 5777 1998 5861 non'valeret
2027 5783 2095 5839 de
2113 5785 2329 5861 siliquis
2357 5777 2933 5861 quasmanducabant
2971 5777 3123 5861 poi-ci
3153 5781 3366 5861 satiari,
3388 5777 3612 5861 paterna
3637 5777 3779 5832 bona

535 5850 594 5908 in
631 5860 868 5911 mentem
896 5854 1190 5923 reducens,
1220 5855 1287 5912 ad
1313 5850 1529 5924 patrem'
1547 5865 1824 5914 revertere
1850 5855 2069 5913 volebat
2113 5865 2170 5913 et
2201 5850 2391 5914 reditf
2419 5855 2618 5912 Animo
2654 5850 3061 5912 destinabat—ad
3106 5852 3272 5923 pedes
3311 5851 3483 5924 patris
3525 5861 3780 5920 procum-
