4182 6384
423 337 520 393 HI
1477 350 1571 405 AD
1595 352 1902 410 CARMINA
1946 358 2004 414 S.
2038 358 2368 420 GREGORII
2398 365 2647 425 TIIEOL.

420 468 533 543 ται.
563 452 939 526 Σκεπτόμενος
981 453 1039 508 δὲ
1084 456 1198 519 τοῖς
1239 458 1369 511 ποσὶ
1404 460 1499 514 τοῦ
1536 467 1741 535 πατρὸς
1774 472 2016 543 ἐπικαμ-

422 540 645 614 φθῆναι,
678 544 775 598 καὶ
815 544 893 610 ὡς
930 545 1032 599 οὐκ
1061 544 1212 612 ἄξιος
1242 548 1329 621 εἱη
1357 552 1571 626 πατέρα
1607 558 1798 614 τοῦτον
1822 540 2019 633 όνομά-

422 652 535 700 σαι,
563 633 820 703 δέξασθαι
853 638 911 692 δὲ
952 641 1047 693 καὶ
1087 642 1203 705 τοῖς
1233 644 1469 713 μισθίοις
1497 651 1902 724 συναριθμῆσαι
1932 654 2021 708 λέ-

420 744 538 796 γειν
584 729 1036 802 διαλογιζόμενος,
1069 733 1280 804 φθάσας
1325 738 1355 792 6
1400 740 1584 814 πατὴρ
1615 744 1709 797 καὶ
1743 745 2017 817 μακρόθεν

417 818 510 873 τόν
544 820 658 874 υἱὸν
704 823 922 895 οἰκτρὸν
959 823 1298 897 θεασάμενος
1345 829 1573 904 ἀλήτην,
1621 833 1875 908 ᾤκτειρε,
1925 838 2019 890 καὶ

418 913 628 986 δάκρυα
662 916 893 981 σπείσας
918 918 1005 970 ἐπ’
1041 918 1211 991 αὐτῷ,
1239 924 1602 994 περιπλακείς
1633 945 1691 981 τε
1719 927 1814 982 τοῦ
1844 928 2017 984 κακοῦ

419 1006 608 1071 παιδὸς
641 1007 720 1079 τῷ
743 1009 1018 1082 τραχήλῳ,
1048 1013 1141 1065 καὶ
1176 1012 1473 1087 λαϐόμενος
1501 1016 1667 1071 αὐτοῦ
1690 1019 1790 1090 τῆς
1812 1020 2014 1093 χειρὸς,

419 1100 499 1162 εἱς
529 1099 595 1152 τά
621 1100 727 1154 ίδια
751 1102 960 1175 χαίρων
987 1104 1149 1160 πάλιν
1190 1106 1339 1161 ἕλκει
1379 1107 1633 1181 δώματα·
1665 1111 1791 1176 τούς
1812 1130 1871 1165 τε
1898 1112 2019 1166 δού-

419 1188 545 1253 λους
577 1192 1073 1265 συγκαλεσάμενος,
1108 1196 1322 1269 χαίρειν
1352 1198 1633 1268 διετάξατο
1656 1204 1723 1275 τῇ
1752 1202 1847 1256 τοῦ
1888 1220 2014 1257 παι.

420 1283 509 1347 δὸς
556 1284 771 1353 ἀφίξει·
824 1286 1012 1358 χρυσῷ
1075 1289 1133 1342 δὲ
1193 1289 1382 1345 τοῦτον
1431 1292 1699 1366 δακτυλίῳ
1756 1297 2014 1368 τιμήσας,

422 1376 584 1448 στολῇ
622 1394 682 1430 τε
715 1376 943 1450 λαμπρᾷ
978 1384 1426 1455 κατακοσμήσας,
1461 1387 1557 1439 καὶ
1592 1388 1692 1459 τῆς
1736 1387 1845 1460 πρὸ
1878 1389 2014 1461 βρα-

422 1468 543 1541 χέος
569 1469 855 1535 δυσκλείας
885 1471 1220 1540 ἀπαλλάξας,
1258 1475 1456 1547 μόσχον
1485 1477 1654 1544 θύσας
1700 1483 1812 1543 τοῖς
1843 1481 2017 1551 φίλοις

418 1562 508 1615 ἐπ’
538 1561 687 1633 αὐτῷ
730 1565 994 1630 σιτευτὸν,
1039 1567 1274 1639 εὐωχίαν
1307 1569 1551 1642 ἐποίησε,
1586 1572 1925 1643 συμφωνίαις
1954 1591 2016 1627 τε

422 1653 515 1707 καὶ
546 1656 830 1725 μουσικαῖς
860 1656 1101 1729 χορείαις
1139 1659 1428 1732 ὲφαίδρυνε
1464 1662 1524 1715 τὸ
1559 1667 1886 1735 συμπόσιον·
1922 1666 2018 1721 καὶ

420 1746 610 1809 παιδὸς
650 1746 799 1812 ὄντος
838 1748 1043 1817 ἀγαθοῦ
1079 1752 1433 1824 λυπηθέντος,
1466 1754 1543 1819 ὡς
1592 1757 1753 1821 αὐτὸς
1795 1757 1874 1830 τῷ
1908 1776 2018 1813 πα-

419 1838 509 1910 τρὶ
547 1839 797 1895 τοσοῦτον
826 1846 1337 1917 προσκαρτερήσας,
1374 1845 1602 1919 δεύτερα
1627 1848 1721 1903 τοῦ
1759 1852 2016 1905 κακοϐίου

421 1931 609 1995 παιδὸς
639 1932 796 2003 ἔλαχε
838 1934 998 2006 γέρα,
1042 1935 1220 2004 λόγοις
1265 1938 1489 2008 ὁμαλοῖς
1520 1942 1549 1993 ὁ
1586 1941 1769 2013 πατὴρ
1796 1941 1893 2013 τὴν
1921 1943 2017 1995 λύ-

421 2038 532 2095 πην
570 2023 907 2094 μεταϐαλὼν,
953 2026 1036 2080 ὃτι
1079 2028 1316 2099 χαρῆναι
1364 2030 1469 2083 ἔδει
1522 2031 1751 2086 πέπεικε
1790 2035 1884 2087 καὶ
1927 2036 2019 2088 εὑ-

421 2114 746 2187 φρανθῆναι,
774 2115 850 2181 ὡς
878 2117 906 2169 6
937 2116 1232 2182 ἀπολωλὼς
1254 2119 1370 2183 υἱὸς
1400 2120 1623 2194 εὑρέθη,
1652 2123 1748 2176 καὶ
1778 2124 1807 2176 6
1838 2121 2018 2178 θανὼν

422 2207 643 2266 ἀνεϐίω.

422 2322 495 2378 45
525 2324 622 2393 Τίς
653 2325 879 2396 χαίρων
896 2327 1253 2399 καθαροῖσιν
1279 2328 1423 2397 ἑκὰς
1444 2329 1645 2396 βάλεν
1661 2331 1806 2474 οὐδίἓ
1838 2331 2019 2387 τελώ-

1800 2420 1944 2469 rae;

1800 2421 1911 2469 νας
1925 2420 1944 2465 ς

492 2532 685 2587 Κεῖται
718 2533 752 2604 ή
783 2533 1033 2607 παροῦσα
1073 2535 1280 2609 ἱστορία
1310 2537 1372 2589 ὲν
1401 2536 1481 2608 τῷ
1508 2544 1557 2592 α’
1580 2537 1744 2611 λόγῳ.

420 2622 492 2679 46
571 2626 666 2692 Τις
720 2629 1021 2695 πρόϐατον
1048 2628 1230 2698 ὤμοις
1264 2630 1478 2685 ἄνθετο
1515 2631 1927 2696 πλαζόμενον;

495 2716 817 2792 Παραόολὴν
844 2721 939 2774 καὶ
971 2721 1176 2794 ταύτην
1212 2723 1242 2776 6
1274 2724 1466 2796 Σωτὴρ
1520 2725 1578 2777 ὲν
1623 2727 1733 2789 τοῖς
1775 2726 2019 2794 Εὑαγγε-

421 2805 556 2870 λίοις
602 2810 788 2879 φησὶν,
835 2809 916 2863 ὅτι
959 2812 1172 2883 Ποιμήν
1210 2829 1294 2876 τις
1340 2812 1533 2867 ἑκατὸν
1570 2813 1707 2884 ἔχων
1750 2815 2014 2884 ἀμνάδας,

427 2898 555 2967 μιᾶς
591 2897 1043 2971 ἀπομονωθείσης
1097 2902 1192 2955 καὶ
1246 2902 1613 2973 πλανηθείσης
1647 2902 1750 2956 ἀνά
1790 2904 1859 2956 τὰ
1892 2904 2015 2976 ὅρη,

420 2990 521 3053 τὰς
549 2989 873 3061 ἐνενήκοντα
900 2993 1057 3046 ὲννέα
1088 2992 1282 3057 λιπὼν,
1318 2997 1438 3048 κατ’
1471 2994 1616 3066 ἴχνος
1662 2996 1878 3068 ἐκείνης
1920 3016 2018 3052 πο-

326 3126 339 3131 ,
428 3081 672 3153 ρεύεταιο
716 3084 783 3156 ῆν
827 3084 1002 3158 εὑρὼν
1049 3087 1100 3140 κ’
1142 3087 1229 3140 ἐπ’
1252 3085 1418 3158 ὤμων
1469 3088 1761 3159 ἀράμενος,
1810 3091 2018 3162 χαίρων

424 3171 545 3237 ταῖς
575 3173 761 3238 ἄλλαις
788 3176 1123 3249 ὲνηρίθμησε
1148 3177 1358 3233 δεκάσι.
1380 3180 1667 3251 Χαρεῖται,
1694 3184 1846 3252 φησὶ,
1875 3185 2018 3255 χαρᾷ

425 3264 455 3317 6
487 3264 689 3337 ποιμὴν
722 3267 751 3319 6
793 3267 955 3330 καλὸς
986 3270 1053 3339 τῇ
1099 3269 1194 3323 τοῦ
1242 3269 1583 3336 ἀπολωλότος
1624 3273 1859 3343 εὑρέσει,
1910 3276 2019 3332 τῶν

426 3356 636 3412 πολλῶν
668 3357 867 3429 μᾶλλον
897 3361 991 3413 καὶ
1024 3361 1297 3416 ἀπλανῶν.

3616 366 3722 423 6A2

2126 478 2193 532 47
2228 480 2325 545 Τίς
2352 483 2617 549 λεπροὺς
2645 482 2940 551 ἐκάθηρες

2198 572 2431 643 Χριστὸς
2463 573 2596 627 δέκα
2620 573 2836 646 λεπροῖς
2863 575 2959 646 τὴν
2990 574 3260 646 κάθαρσιν
3299 573 3613 648 ἐχαρίσατο,
3644 565 3721 629 ὧν

2126 656 2206 727 εἷς
2231 665 2577 737 Σαμαρείτης
2605 666 2878 738 ὑπῆρχεν.

2585 782 2810 850 Πικρὰς
2837 782 2889 835 δ’
2929 782 3261 853 ἀποέργαθε
3291 781 3560 853 νούσους
3581 822 3598 845 ,

2124 855 2194 910 48
2265 853 2503 923 Σώμασι
2563 854 2663 908 καὶ
2694 854 2922 923 ψυχαῖς
2951 855 3143 908 ἐσθλὰ
3176 852 3594 922 χαριζόμενοςῖ

2198 946 2435 1016 Χριστὸς
2467 947 2647 1000 πᾶσαν
2691 945 2848 999 νόσον
2889 945 2984 999 καὶ
3024 946 3205 999 πᾶσαν
3253 944 3524 1013 μαλακίαν
3557 943 3721 1015 θεραα

2124 1039 2352 1105 πεύσας,
2378 1040 2501 1103 ταῖς
2526 1038 2727 1110 ψυχαῖς
2774 1038 2870 1093 καὶ
2910 1037 3156 1109 σώμασιν
3197 1037 3379 1106 ἀγαθά
3405 1037 3716 1108 ἐχαρίσατο.

2123 1131 2193 1187 49
2222 1131 2374 1197 Σεῖο,
2417 1130 2639 1202 μάκαρ,
2684 1130 2826 1185 τάδε
2855 1128 3036 1199 δῶρα,
3086 1126 3329 1197 βροτῶν
3353 1127 3719 1252 ἕὲοὲᾇίὲἓὶϊ

2195 1273 2264 1329 50
2295 1273 2586 1343 Οἵδματος
2614 1272 2926 1343 ἡμετέρου,
2962 1270 3059 1326 καὶ
3100 1269 3297 1338 σάλος
3337 1199 3718 1338 ἀξέῥ-ταϐῗτζέηοςοι.

2195 1368 2321 1431 Τοῖς
2377 1366 2649 1439 μαθηταῖς
2697 1363 3178 1435 κλυδωνιξομένοις
3240 1361 3466 1427 ἐπιστὰς
3509 1360 3721 1433 Ἰησοῦς

2124 1460 2267 1516 κατὰ
2304 1461 2563 1531 κυμάτων
2609 1456 2948 1530 πεζοπορῶν,
3001 1457 3244 1529 γαλήνην
3294 1456 3537 1527 ἐποίησε.
3573 1454 3719 1508 Ταύ-

2123 1573 2220 1627 την
2256 1555 2355 1625 τὴν
2390 1551 2630 1625 ἱστορίαν
2680 1554 2740 1606 ὲν
2783 1552 2862 1623 τῷ
2908 1551 3111 1622 πρώτῳ
3152 1550 3294 1622 λόγῳ
3344 1548 3718 1620 παρεθέμεθα.

2122 1648 2422 1719 Γρηγόριος
2443 1647 2621 1700 τοίνυν
2644 1647 2672 1699 6
2703 1644 2984 1716 θεηγόρος,
3012 1643 3154 1697 κατὰ
3180 1642 3273 1695 τὸν
3298 1642 3399 1712 τῆς
3426 1642 3718 1712 ἀναγωγῆς

2124 1742 2303 1811 λόγον,
2342 1741 2479 1812 μετὰ
2505 1741 2602 1812 τὴν
2628 1738 2845 1804 ῐῐκανῶς
2881 1738 3291 1809 ἐξομολόγησιν,
3328 1734 3418 1806 Τῷ
3439 1734 3716 1806 ἡμετέρῳ,

2126 1835 2312 1907 φησὶν,
2338 1833 2557 1906 ἐπίϐηθι
2589 1832 2815 1902 κύματι,
2848 1831 2993 1883 τοῦτ’
3027 1828 3143 1881 ἔστι
3185 1829 3297 1891 τοῖς
3338 1828 3721 1897 ταραχοποιοῖς

2127 1926 2356 1981 πάθεσι·
2403 1928 2431 1979 6
2480 1926 2536 1978 δὲ
2572 1925 2733 1987 σάλος
2776 1923 2945 1991 (λέγει
2994 1921 3051 1973 δὲ
3084 1921 3143 1974 τὸ
3174 1920 3338 1991 μέλαν
3369 1918 3595 1989 ἔπαρμα
3620 1916 3722 1987 τῆς

2126 2019 2419 2091 ἁμαρτίας)
2448 2016 2706 2088 παραχρῆ
2716 2031 2790 2085 μα
2824 2012 3245 2084 θραυσθήσεται.

2125 2156 2344 2214 ΛΟΓΟΣ
2372 2157 2457 2219 Κ’,
2488 2155 2621 2219 ΚΑ’,
2656 2152 2785 2214 KB',
2816 2148 2938 2215 KI",
2971 2151 3098 2216 KA',
3125 2147 3253 2214 KE',
3284 2148 3434 2213 KG’,
3467 2142 3575 2199 KZ'
3616 2144 3716 2214 (I).

2194 2254 2617 2327 Αἱνιγματωδῶς
2646 2253 2704 2305 εν
2732 2250 2941 2313 τούτοις
2966 2252 3078 2313 τοῖς
3100 2248 3281 2316 λόγοις
3310 2248 3339 2299 6
3359 2246 3498 2307 θεῖος
3520 2245 3718 2316 Γρηγό-

2127 2368 2243 2420 ριος
2281 2346 2513 2419 περὶτοῦ
2539 2345 2709 2415 Ἀδάμ
2730 2360 2862 2414 φησι
2883 2342 2978 2395 καὶ
3005 2339 3100 2395 τοῦ
3130 2340 3229 2410 τῆς
3257 2337 3510 2411 βρώσεως
3537 2335 3718 2403 ξύλου,

2125 2444 2253 2515 περὶ
2274 2442 2539 2511 Σοδόμων,
2560 2456 2627 2490 πε
2637 2438 2689 2510 pl.
2710 2435 3007 2507 ταρτάρου,
3026 2433 3153 2503 περὶ
3173 2431 3282 2484 τῶν
3312 2430 3571 2503 Ἱερεμίου
3588 2429 3621 2481 κθ
3631 2429 3717 2500 ρή-

2124 2554 2232 2592 νων
2273 2536 2368 2588 καὶ
2411 2535 2506 2603 τῆς
2543 2529 2898 2603 Ἰερουσαλὴμ
2945 2526 3218 2589 ἁλώσεως,
3265 2524 3393 2595 περὶ
3438 2522 3595 2576 Ἠλία
3624 2519 3717 2575 τοῦ

2125 2632 2428 2702 προφήτου,
2443 2627 2571 2698 περὶ
2595 2626 2729 2679 Μωῦ
2741 2623 2877 2687 σέως
2894 2618 3094 2676 καὶτοῦ
3117 2617 3440 2687 παιδοφόνου
3456 2615 3720 2685 δόγματος

2124 2720 2343 2793 Φαραὼ,
2376 2720 2506 2787 περὶ
2526 2718 2703 2779 Ἰωνᾶ,
2738 2717 2866 2787 περὶ
2904 2711 3132 2782 Δανιήλ·
3170 2710 3376 2764 τούτων
3408 2708 3464 2760 δὲ
3505 2707 3725 2759 πάντων

2124 2814 2223 2883 τὴν
2255 2811 2495 2883 ἱστορίαν
2528 2811 2585 2862 ὲν
2616 2811 2728 2870 τοῖς
2756 2802 3088 2878 προλαϐοῦσι
3130 2798 3482 2873 παρεθέμεθα
3518 2796 3722 2865 λόγοις.

2124 2900 2468 2973 Μνημονεύει
2491 2899 2547 2953 δὲ
2577 2898 2737 2952 πάλιν
2767 2894 2861 2949 τοῦ
2890 2895 2986 2964 τῆς
3018 2891 3190 2965 λήθης
3231 2890 3445 2959 νέφους,
3487 2888 3516 2941 ὃ
3557 2886 3724 2940 καλύ-

2125 2997 2223 3069 ψαι
2250 2998 2349 3060 τὰς
2385 2994 2549 3049 αὐτοῦ
2585 2993 2789 3065 φρένας
2836 2989 3077 3061 εὔχεται,
3118 2988 3216 3057 οὐχ
3256 2987 3331 3049 ὡς
3376 2986 3489 3047 τοῖς
3532 2982 3724 3053 Ἐλλή-

2124 3106 2231 3143 νων
2273 3087 2506 3158 δόγμασι
2548 3085 2648 3156 τὴν
2682 3082 2853 3156 ῥοπὴν
2895 3079 3274 3152 χαριζόμενος,
3313 3075 3423 3130 τῶν
3464 3074 3626 3128 αὑτοῦ
3664 3072 3728 3129 δὲ

2130 3181 2330 3253 μᾶλλον
2362 3178 2656 3251 συμφορῶν
2685 3178 2745 3231 τὸ
2777 3177 2942 3249 βάρος
2971 3170 3073 3229 ὦδε
3116 3173 3289 3242 λέγων
3327 3168 3721 3239 σκεπασθῆναι.

2126 3275 2198 3329 Εἴ
2220 3293 2350 3329 ποτε
2380 3274 2489 3345 γὰρ
2531 3269 2639 3326 εἷεν
2686 3272 2828 3341 ἐμοὶ,
2876 3269 3031 3339 φησὶ,
3063 3266 3140 3337 τῷ
3174 3264 3368 3335 πλήθει
3405 3259 3729 3333 βαρουμένῳ

2125 3367 2235 3422 τῶν
2268 3365 2587 3439 συμφορῶν,
2614 3364 2817 3435 ἀγαθόν
2846 3380 2905 3416 τε
2932 3360 3018 3433 εἴη
3051 3360 3146 3414 καὶ
3175 3358 3321 3431 μάλα
3347 3354 3664 3428 προσφιλές.

423 3581 555 3637 bere
580 3588 635 3637 et
662 3582 820 3662 quasi
850 3582 1129 3662 indignum
1164 3585 1254 3662 qui
1285 3593 1496 3654 patrem
1531 3598 1924 3662 etnnvocaret,
1949 3594 2160 3660 precari
2200 3590 2568 3647 meditabatur
2602 3597 2662 3643 ut
2698 3594 3009 3643 sumeretur
3038 3592 3091 3637 et
3144 3587 3556 3662 numeraretur‘
3582 3576 3717 3662 inter

424 3652 815 3733 mercenaries,
847 3654 943 3709 sed
968 3652 1304 3733 praeveniens
1344 3662 1498 3733 pater
1533 3668 1640 3733 eta
1665 3652 2031 3733 longe‘ﬁlium
2076 3663 2351 3733 aspiciens
2394 3662 2788 3724 miserrimum,
2841 3663 3138 3733 errantem,
3187 3652 3447 3730 misertus
3480 3655 3585 3711 est,
3614 3652 3728 3731 Ἰθ-

424 3736 644 3804 erymas
664 3723 1001 3804 fudit_super
1031 3726 1231 3795 ipsum,
1262 3726 1505 3804 brachiis
1527 3729 1726 3784 collum
1764 3723 1867 3784 lilii
1910 3732 2037 3785 mali
2062 3723 2357 3804 amplexus
2390 3738 2475 3804 est
2504 3740 2812 3804 etmannm
2840 3729 2960 3796 ejus
2993 3724 3291 3804 stringens,
3336 3723 3406 3804 in.
3443 3723 3721 3804 propriam

424 3790 647 3874 domum
685 3790 1145 3874 gaude-nsiterum
1187 3796 1453 3874 attraxit;
1488 3814 1679 3874 servos
1699 3815 1906 3874 vocans
1935 3790 2450 3872 gauderejussitde
2493 3802 2589 3856 ﬁlii
2644 3802 2819 3874 reditu
2844 3790 3505 3874 ;'annul_o'aureo_illum
3555 3790 3726 3844 decon

425 3863 590 3942 tavit,
625 3863 909 3942 splendida
937 3866 1075 3942 stola
1114 3867 1347 3942 ornavit
1371 3875 1425 3921 et
1455 3868 1566 3942 eito
1596 3886 1626 3924 a
1655 3872 1914 3928 sordibus
1937 3863 2214 3930 abstersit
2234 3892 2247 3936 ;
2290 3875 2523 3927 vitulum
2549 3872 2811 3927 occidens
2840 3863 3162 3942 proamicis
3221 3863 3532 3942 saginatum
3586 3876 3719 3942 con:

424 3934 629 4012 vivium
654 3930 815 3997 Tecit,
841 3936 1181 4012 symphoniis
1221 3945 1274 3991 et
1301 3935 1522 4012 choreis
1563 3942 1793 4012 musicis
1823 3944 2017 4012 epulas
2050 3930 2268 3999 ornavit
2303 3961 2316 4006 ;
2363 3952 2417 3999 et
2452 3944 2563 3997 [ilio
2598 3945 2806 4012 Optimo
2831 3930 3168 4012 indignante
3206 3930 3352 4012 quod
3389 3931 3510 4012 ipse
3574 3933 3723 3999 patri

428 4010 540 4081 tam
574 4013 822 4060 amanter
864 4003 1155 4081 adhaerens
1189 4006 1491 4081 secundum
1522 4022 1648 4080 post
1680 4003 1999 4067 tilium-vita
2033 4003 2341 4069 licentioris
2395 4015 2577 4068 locum
2626 4003 2994 4072 obtinuisset:
3033 4007 3285 4081 benignis
3328 4003 3518 4081 Verbis
3560 4012 3718 4081 Ρθῑθιξ

429 4074 707 4156 dolentem
742 4077 974 4156 mutavit
1008 4079 1248 4134 suadens
1302 4079 1434 4148 quia
1483 4074 1726 4151 gaudere
1776 4085 2067 4153 oportebat
2097 4096 2153 4141 et
2176 4086 2352 4141 laetari
2403 4086 2550 4156 quod
2591 4085 2685 4156 qui
2728 4083 2967 4154 perierat
3010 4074 3183 4134 tilius’
3216 4076 3489 4130 inventus
3526 4074 3623 4136 sit,
3663 4079 3719 4127 et

427 4152 683 4201 mortuus
714 4147 995 4203 revixerit.

496 4281 819 4358 Parabolam
854 4293 918 4358 et,
943 4286 1105 4341 istam
1156 4286 1412 4342 Salvator
1464 4287 1519 4341 in
1551 4285 1866 4357 Evangeliis
1908 4286 2065 4351 dicit,
2115 4288 2261 4358 quod
2298 4294 2494 4358 pastor
2530 4285 2757 4355 quidam
2794 4293 3015 4340 centum
3054 4283 3282 4358 habens
3305 4300 3460 4347 oves,
3506 4300 3613 4338 una
3663 4284 3726 4340 in

427 4355 709 4429 montibus
755 4355 1015 4410 derelicta
1040 4369 1094 4413 et
1126 4367 1368 4429 errante,
1406 4355 1937 4426 nonaginta'novezn
1994 4355 2195 4429 linquit
2225 4367 2281 4413 et
2301 4355 2783 4429 Nestigiisipsam
2812 4355 3162 4429 persequitur
3188 4374 3214 4429 ;_
3235 4373 3400 4426 quam
3430 4358 3725 4429 inventam

428 4440 600 4498 super
638 4427 897 4483 humeros
932 4437 1111 4496 portat
1140 4428 1390 4496 gaudens
1433 4439 1488 4482 et
1522 4444 1646 4481 cum
1676 4429 1799 4483 aliis
1836 4427 2168 4485 numeravit.
2199 4429 2413 4483 Gaudio
2457 4428 2684 4497 gaudet,
2726 4427 2927 4498 inquit,
2980 4434 3171 4497 pastor
3202 4427 3383 4482 bonus
3418 4432 3513 4498 qui
3570 4427 3719 4481 inve«

427 4496 506 4550 nit
541 4495 687 4549 illam
711 4511 832 4565 quae
857 4495 1096 4567 perierat
1134 4495 1310 4570 magis
1345 4515 1511 4569 quam
1537 4500 1604 4553 de
1637 4500 1762 4554 aliis
1784 4501 1975 4555 multis
2010 4516 2133 4571 qua:
2162 4515 2274 4569 non
2307 4495 2670 4555 erraverunt.
2805 4495 2822 4498 “
2980 4495 2997 4497 _
3160 4516 3169 4525 ·

496 4630 747 4688 Christus
772 4631 960 4688 decem
990 4632 1223 4703 Ieprosis
1247 4633 1574 4688 munditiam
1600 4632 1848 4700 donavit,
1869 4649 2104 4705 quorum
2138 4652 2281 4692 unus
2300 4636 2684 4691 Samaritanus
2712 4642 2851 4691 erat.

499 4766 794 4841 Discipulis
816 4769 1054 4841 procella
1084 4769 1311 4838 jactatis
1353 4769 1671 4838 supervenit
1704 4768 1868 4825 Jesus
1903 4770 2197 4841 ambulans
2239 4787 2410 4841 super
2459 4771 2722 4827 ﬂuctibus
2767 4778 2823 4826 et
2850 4785 3109 4826 serenum
3161 4771 3369 4825 factum
3401 4778 3528 4835 est;
3575 4768 3719 4824 hanc

427 4836 833 4910 historia'min'
861 4839 1038 4907 primo
1088 4836 1345 4895 sermone
1370 4836 1764 4910 ieiposuitnus.
1801 4841 1991 4910 Itaque
2031 4836 2334 4909 Gregorius
2370 4843 2554 4896 divme
2600 4843 2833 4909 loquens
2872 4842 3177 4897 secundum
3219 4842 3560 4910 analogicum
3596 4855 3715 4893 ser-

426 4924 646 4982 monem
709 4907 778 4964 de
831 4912 1186 4982 convenienti
1249 4907 1621 4982 corifeSSione,
1655 4912 1832 4980 Super
1868 4907 2112 4975 nostros,
2146 4907 2346 4981 inquit,
2393 4913 2627 4982 gradere
2652 4907 2879 4971 (luctus.
2926 4913 2980 4966 id
3007 4920 3113 4977 est,
3151 4907 3526 4967 tutnultu'osas
3553 4912 3714 4979 cupi-

426 4978 647 5045 ditates,
677 4988 733 5035 et
757 4981 982 5052 agitatio
998 4980 1155 5051 (dicit
1198 4981 1409 5050 peccati
1450 4978 1804 5037 tenebrosum
1861 4985 2160 5051 tumorem)
2196 4978 2494 5039 confestim
2526 4984 2900 5040 serenabitnr.

1064 5140 1354 5197 CARMEN
1384 5140 1505 5208 XX,
1543 5140 1686 5209 XXI,
1732 5142 1898 5210 XXII,
1940 5143 2136 5215 XXIII,
2178 5142 2376 5209 XXIV,
2413 5142 2582 5213 XXV,
2623 5140 2819 5207 XXVI,
2857 5138 3073 5194 XXVII.

494 5278 557 5356 In
585 5280 959 5356 aenigm_ate_in
991 5279 1078 5336 his
1107 5277 1661 5356 sermopibusdivus
1690 5282 1992 5354 Gregorius
2032 5285 2102 5341 de
2137 5285 2349 5356 Ad_amo
2376 5285 2628 5356 loquitur
2660 5293 2713 5339 et
2747 5286 2815 5340 de
2861 5282 3292 5356 manducatione
3328 5280 3396 5336 de
3428 5280 3601 5356 ligno,
3651 5281 3719 5356 de

427 5348 718 5423 Sodomis:
755 5349 1118 5423 de_Tartaro,
1181 5351 1249 5423 de
1284 5348 1538 5423 Jeremia:
1577 5348 2070 5411 lamentationibus
2108 5365 2163 5411 et
2201 5348 2514 5411 Jerusalem
2557 5357 2962 5420 destructione,
3016 5355 3084 5409 de
3132 5352 3249 5406 Elia
3305 5348 3594 5423 propheta,
3652 5352 3719 5407 de

428 5421 808 5495 Moyseret'de
834 5421 1123 5495 Pharaone
1145 5421 1239 5490 qui
1278 5421 1454 5495 jussit
1486 5425 2068 5495 morteminfantium,
2121 5427 2189 5481 de
2220 5425 2382 5486 Jona.
2418 5428 2487 5482 de
2509 5426 2733 5491 Daniel;
2770 5428 2968 5480 horum
3028 5426 3277 5479 omnium
3306 5421 3619 5477 ’his'toriam
3660 5423 3717 5476 in

427 5492 863 5565 praecedentibus
893 5492 1252 5565 exposuimus
1284 5492 1646 5549 carminibus.
1680 5493 1948 5551 Memorat
1990 5507 2177 5553 autem
2223 5498 2423 5551 iterum
2455 5499 2524 5552 de
2560 5498 2856 5553 oblivionis
2888 5496 3060 5553 nube.
3106 5510 3213 5565 qua
3244 5495 3447 5548 involvi
3480 5502 3718 5565 mentem

424 5562 667 5639 exoptat,
696 5578 811 5639 non
836 5562 1181 5639 dogmatibus
1214 5562 1529 5639 Graecorum
1570 5566 1670 5639 bac
1700 5569 1975 5639 sententia
2012 5568 2325 5639 indulgens,
2355 5569 2542 5638 potius
2582 5583 2711 5623 vero
2752 5562 3138 5639 calamitatuni
3194 5580 3338 5639 onus
3384 5566 3465 5619 sic
3511 5564 3716 5639 involvi

428 5632 617 5688 dicens
643 5634 751 5710 :_Si
786 5632 949 5710 forte,
983 5634 1185 5703 inquit,
1232 5633 1369 5689 illud
1408 5635 1824 5693 abundantibus
1867 5638 1972 5694 sub
2011 5632 2426 5695 calamitatibus
2467 5652 2695 5710 gravato
2729 5640 2863 5695 mihi
2911 5638 3275 5701 tribueretur,
3322 5637 3527 5690 bonum
3577 5634 3714 5689 mihi

427 5713 574 5761 esset
591 5704 963 5775 etjucundum
990 5710 1162 5763 valde.

496 5885 573 5954 (1)
606 5884 698 5941 Ed.
730 5903 859 5944 nov.
888 5904 940 5959 p.
970 5887 1073 5943 953
1095 5902 1211 5959 seq.
