  <div class='ocr_page' id='page_1' title='image "/cluster/home/n/w/nwhite01/storage/ocr_20150623/38/nnc1.0046978500/247.png"; bbox 0 0 4182 6384; ppageno 0'>
   <div class='ocr_carea' id='block_1_1' title="bbox 522 315 630 372">
    <p class='ocr_par' dir='ltr' id='par_1_1' title="bbox 522 315 630 372">
     <span class='ocr_line' id='line_1_1' title="bbox 522 315 630 372; baseline 0.037 -4"><span class='ocrx_word' id='word_1_1' title='bbox 522 315 630 372; x_wconf 67' lang='lat'>&quot;7</span> 
     </span>
    </p>
   </div>
   <div class='ocr_carea' id='block_1_2' title="bbox 520 429 2105 502">
    <p class='ocr_par' dir='ltr' id='par_1_2' title="bbox 520 429 2105 502">
     <span class='ocr_line' id='line_1_2' title="bbox 520 429 2105 502; baseline -0.004 -15"><span class='ocrx_word' id='word_1_2' title='bbox 520 431 876 502; x_wconf 74' lang='grc' dir='ltr'>πεμπομένου</span> <span class='ocrx_word' id='word_1_3' title='bbox 919 431 1037 486; x_wconf 83' lang='grc' dir='ltr'>υίοῦ</span> <span class='ocrx_word' id='word_1_4' title='bbox 1086 431 1191 484; x_wconf 72' lang='grc' dir='ltr'>ὑπὸ</span> <span class='ocrx_word' id='word_1_5' title='bbox 1239 430 1331 484; x_wconf 92' lang='grc' dir='ltr'>τοῦ</span> <span class='ocrx_word' id='word_1_6' title='bbox 1383 431 1588 502; x_wconf 83' lang='grc' dir='ltr'>πατρὸς</span> <span class='ocrx_word' id='word_1_7' title='bbox 1647 433 1726 494; x_wconf 74' lang='grc' dir='ltr'>τίς</span> <span class='ocrx_word' id='word_1_8' title='bbox 1772 429 2105 501; x_wconf 76' lang='grc' dir='ltr'>ἀμπελῶνα,</span> 
     </span>
    </p>
   </div>
   <div class='ocr_carea' id='block_1_3' title="bbox 517 521 2110 593">
    <p class='ocr_par' dir='ltr' id='par_1_3' title="bbox 517 521 2110 593">
     <span class='ocr_line' id='line_1_3' title="bbox 517 521 2110 593; baseline -0.001 -20"><span class='ocrx_word' id='word_1_9' title='bbox 517 523 630 575; x_wconf 79' lang='grc' dir='ltr'>τῶν</span> <span class='ocrx_word' id='word_1_10' title='bbox 673 524 732 575; x_wconf 67' lang='grc' dir='ltr'>ἂν</span> <span class='ocrx_word' id='word_1_11' title='bbox 767 521 845 592; x_wconf 82' lang='grc' dir='ltr'>τῷ</span> <span class='ocrx_word' id='word_1_12' title='bbox 875 523 1042 593; x_wconf 86' lang='grc' dir='ltr'>γάμῳ</span> <span class='ocrx_word' id='word_1_13' title='bbox 1074 521 1318 592; x_wconf 85' lang='grc' dir='ltr'>σχεδίων,</span> <span class='ocrx_word' id='word_1_14' title='bbox 1353 522 1463 574; x_wconf 89' lang='grc' dir='ltr'>τῶν</span> <span class='ocrx_word' id='word_1_15' title='bbox 1493 522 1626 575; x_wconf 66' lang='grc' dir='ltr'>δέκα</span> <span class='ocrx_word' id='word_1_16' title='bbox 1661 521 1946 593; x_wconf 87' lang='grc' dir='ltr'>παρθένων</span> <span class='ocrx_word' id='word_1_17' title='bbox 1965 563 1981 588; x_wconf 93' lang='grc'>,</span> <span class='ocrx_word' id='word_1_18' title='bbox 2010 521 2110 590; x_wconf 80' lang='grc' dir='ltr'>τῆς</span> 
     </span>
    </p>
   </div>
   <div class='ocr_carea' id='block_1_4' title="bbox 517 611 2110 682">
    <p class='ocr_par' dir='ltr' id='par_1_4' title="bbox 517 611 2110 682">
     <span class='ocr_line' id='line_1_4' title="bbox 517 611 2110 682; baseline 0 -18"><span class='ocrx_word' id='word_1_19' title='bbox 517 612 780 682; x_wconf 73' lang='grc' dir='ltr'>διανομῆς</span> <span class='ocrx_word' id='word_1_20' title='bbox 827 614 937 665; x_wconf 87' lang='grc' dir='ltr'>τῶν</span> <span class='ocrx_word' id='word_1_21' title='bbox 974 612 1286 677; x_wconf 82' lang='grc' dir='ltr'>ταλάντων,</span> <span class='ocrx_word' id='word_1_22' title='bbox 1340 612 1450 666; x_wconf 92' lang='grc' dir='ltr'>τῶν</span> <span class='ocrx_word' id='word_1_23' title='bbox 1503 611 1794 682; x_wconf 80' lang='grc' dir='ltr'>προϐάτων</span> <span class='ocrx_word' id='word_1_24' title='bbox 1853 613 1948 666; x_wconf 78' lang='grc' dir='ltr'>καὶ</span> <span class='ocrx_word' id='word_1_25' title='bbox 2001 611 2110 664; x_wconf 88' lang='grc' dir='ltr'>τῶν</span> 
     </span>
    </p>
   </div>
   <div class='ocr_carea' id='block_1_5' title="bbox 521 704 748 774">
    <p class='ocr_par' dir='ltr' id='par_1_5' title="bbox 521 704 748 774">
     <span class='ocr_line' id='line_1_5' title="bbox 521 704 748 774; baseline 0.009 -19"><span class='ocrx_word' id='word_1_26' title='bbox 521 704 748 774; x_wconf 65' lang='grc' dir='ltr'>ἐρίφων.</span> 
     </span>
    </p>
   </div>
   <div class='ocr_carea' id='block_1_6' title="bbox 1125 795 1505 850">
    <p class='ocr_par' dir='ltr' id='par_1_6' title="bbox 1125 795 1505 850">
     <span class='ocr_line' id='line_1_6' title="bbox 1125 795 1505 850; baseline 0.005 -2"><span class='ocrx_word' id='word_1_27' title='bbox 1125 795 1344 848; x_wconf 82' lang='grc' dir='ltr'><strong>ΛΟΓΟΣ</strong></span> <span class='ocrx_word' id='word_1_28' title='bbox 1383 795 1505 850; x_wconf 89' lang='grc' dir='ltr'>ΛΖ’.</span> 
     </span>
    </p>
   </div>
   <div class='ocr_carea' id='block_1_7' title="bbox 965 880 1684 957">
    <p class='ocr_par' dir='ltr' id='par_1_7' title="bbox 965 880 1684 957">
     <span class='ocr_line' id='line_1_7' title="bbox 965 880 1684 957; baseline 0.006 -21"><span class='ocrx_word' id='word_1_29' title='bbox 965 880 1246 937; x_wconf 85' lang='grc' dir='ltr'>Ἰωάννου</span> <span class='ocrx_word' id='word_1_30' title='bbox 1284 885 1556 954; x_wconf 83' lang='grc' dir='ltr'>θαύματα</span> <span class='ocrx_word' id='word_1_31' title='bbox 1585 885 1684 957; x_wconf 88' lang='lat' dir='ltr'><strong>(I).</strong></span> 
     </span>
    </p>
   </div>
   <div class='ocr_carea' id='block_1_8' title="bbox 608 969 2112 1047">
    <p class='ocr_par' dir='ltr' id='par_1_8' title="bbox 608 969 2112 1047">
     <span class='ocr_line' id='line_1_8' title="bbox 608 969 2112 1047; baseline 0.004 -23"><span class='ocrx_word' id='word_1_32' title='bbox 608 969 862 1042; x_wconf 81' lang='grc' dir='ltr'>Ἰωάννης</span> <span class='ocrx_word' id='word_1_33' title='bbox 899 971 955 1026; x_wconf 86' lang='grc' dir='ltr'>δὲ</span> <span class='ocrx_word' id='word_1_34' title='bbox 993 972 1197 1026; x_wconf 87' lang='grc' dir='ltr'>τούτων</span> <span class='ocrx_word' id='word_1_35' title='bbox 1227 975 1256 1026; x_wconf 91' lang='grc' dir='ltr'>ὁ</span> <span class='ocrx_word' id='word_1_36' title='bbox 1299 975 1562 1045; x_wconf 84' lang='grc' dir='ltr'>Θεολόγος</span> <span class='ocrx_word' id='word_1_37' title='bbox 1595 975 1969 1047; x_wconf 77' lang='grc' dir='ltr'>ἐμνημόνευσε</span> <span class='ocrx_word' id='word_1_38' title='bbox 2002 977 2112 1031; x_wconf 92' lang='grc' dir='ltr'>τῶν</span> 
     </span>
    </p>
   </div>
   <div class='ocr_carea' id='block_1_9' title="bbox 521 1057 2111 1138">
    <p class='ocr_par' dir='ltr' id='par_1_9' title="bbox 521 1057 2111 1138">
     <span class='ocr_line' id='line_1_9' title="bbox 521 1057 2111 1138; baseline 0.004 -24"><span class='ocrx_word' id='word_1_39' title='bbox 521 1057 848 1133; x_wconf 81' lang='grc' dir='ltr'>θαυμάτων·</span> <span class='ocrx_word' id='word_1_40' title='bbox 899 1065 994 1118; x_wconf 89' lang='grc' dir='ltr'>τοῦ</span> <span class='ocrx_word' id='word_1_41' title='bbox 1027 1067 1087 1120; x_wconf 85' lang='grc' dir='ltr'>ὲν</span> <span class='ocrx_word' id='word_1_42' title='bbox 1118 1068 1277 1120; x_wconf 82' lang='grc' dir='ltr'>Κανᾶ</span> <span class='ocrx_word' id='word_1_43' title='bbox 1313 1069 1412 1138; x_wconf 87' lang='grc' dir='ltr'>τῆς</span> <span class='ocrx_word' id='word_1_44' title='bbox 1450 1067 1745 1133; x_wconf 83' lang='grc' dir='ltr'>Γαλιλαίας</span> <span class='ocrx_word' id='word_1_45' title='bbox 1773 1068 1988 1138; x_wconf 86' lang='grc' dir='ltr'>γάμου,</span> <span class='ocrx_word' id='word_1_46' title='bbox 2015 1069 2111 1121; x_wconf 90' lang='grc' dir='ltr'>τοῦ</span> 
     </span>
    </p>
   </div>
   <div class='ocr_carea' id='block_1_10' title="bbox 519 1154 2110 1231">
    <p class='ocr_par' dir='ltr' id='par_1_10' title="bbox 519 1154 2110 1231">
     <span class='ocr_line' id='line_1_10' title="bbox 519 1154 2110 1231; baseline 0.004 -25"><span class='ocrx_word' id='word_1_47' title='bbox 519 1154 644 1207; x_wconf 78' lang='grc' dir='ltr'>υἱοῦ</span> <span class='ocrx_word' id='word_1_48' title='bbox 670 1155 765 1208; x_wconf 90' lang='grc' dir='ltr'>τοῦ</span> <span class='ocrx_word' id='word_1_49' title='bbox 799 1156 1101 1226; x_wconf 82' lang='grc' dir='ltr'>βασιλικοῦ,</span> <span class='ocrx_word' id='word_1_50' title='bbox 1136 1158 1230 1211; x_wconf 87' lang='grc' dir='ltr'>τοῦ</span> <span class='ocrx_word' id='word_1_51' title='bbox 1261 1160 1355 1212; x_wconf 78' lang='grc' dir='ltr'>ἐπὶ</span> <span class='ocrx_word' id='word_1_52' title='bbox 1383 1159 1482 1230; x_wconf 87' lang='grc' dir='ltr'>τῆς</span> <span class='ocrx_word' id='word_1_53' title='bbox 1525 1159 1711 1231; x_wconf 88' lang='grc' dir='ltr'>πηγῆς</span> <span class='ocrx_word' id='word_1_54' title='bbox 1761 1159 2110 1231; x_wconf 88' lang='grc' dir='ltr'>παραλύτου,</span> 
     </span>
    </p>
   </div>
   <div class='ocr_carea' id='block_1_11' title="bbox 520 1245 2114 1324">
    <p class='ocr_par' dir='ltr' id='par_1_11' title="bbox 520 1245 2114 1324">
     <span class='ocr_line' id='line_1_11' title="bbox 520 1245 2114 1324; baseline 0.004 -25"><span class='ocrx_word' id='word_1_55' title='bbox 520 1247 633 1299; x_wconf 83' lang='grc' dir='ltr'>τῶν</span> <span class='ocrx_word' id='word_1_56' title='bbox 656 1245 696 1299; x_wconf 85' lang='grc' dir='ltr'>ε’</span> <span class='ocrx_word' id='word_1_57' title='bbox 742 1247 957 1319; x_wconf 80' lang='grc' dir='ltr'>ἄρτων,</span> <span class='ocrx_word' id='word_1_58' title='bbox 988 1249 1089 1320; x_wconf 88' lang='grc' dir='ltr'>τῆς</span> <span class='ocrx_word' id='word_1_59' title='bbox 1131 1252 1188 1302; x_wconf 83' lang='grc' dir='ltr'>ὲν</span> <span class='ocrx_word' id='word_1_60' title='bbox 1240 1249 1487 1324; x_wconf 80' lang='grc' dir='ltr'>θαλάσσῃ</span> <span class='ocrx_word' id='word_1_61' title='bbox 1519 1252 1852 1322; x_wconf 84' lang='grc' dir='ltr'>πεζοπορίας</span> <span class='ocrx_word' id='word_1_62' title='bbox 1873 1294 1889 1319; x_wconf 90' lang='grc'>,</span> <span class='ocrx_word' id='word_1_63' title='bbox 1922 1251 2016 1305; x_wconf 89' lang='grc' dir='ltr'>τοῦ</span> <span class='ocrx_word' id='word_1_64' title='bbox 2048 1252 2114 1305; x_wconf 83' lang='grc' dir='ltr'>ὲκ</span> 
     </span>
    </p>
   </div>
   <div class='ocr_carea' id='block_1_12' title="bbox 519 1338 2112 1414">
    <p class='ocr_par' dir='ltr' id='par_1_12' title="bbox 519 1338 2112 1414">
     <span class='ocr_line' id='line_1_12' title="bbox 519 1338 2112 1414; baseline 0.006 -26"><span class='ocrx_word' id='word_1_65' title='bbox 519 1339 750 1408; x_wconf 77' lang='grc' dir='ltr'>γενετῆς</span> <span class='ocrx_word' id='word_1_66' title='bbox 775 1338 1002 1408; x_wconf 84' lang='grc' dir='ltr'>τυφλοῦ,</span> <span class='ocrx_word' id='word_1_67' title='bbox 1034 1340 1130 1394; x_wconf 92' lang='grc' dir='ltr'>τοῦ</span> <span class='ocrx_word' id='word_1_68' title='bbox 1163 1343 1539 1414; x_wconf 85' lang='grc' dir='ltr'>τετραημέρου</span> <span class='ocrx_word' id='word_1_69' title='bbox 1575 1341 1850 1414; x_wconf 80' lang='grc' dir='ltr'>Λαζάρου,</span> <span class='ocrx_word' id='word_1_70' title='bbox 1881 1342 1976 1396; x_wconf 89' lang='grc' dir='ltr'>τοῦ</span> <span class='ocrx_word' id='word_1_71' title='bbox 2005 1344 2112 1397; x_wconf 85' lang='grc' dir='ltr'>πά-</span> 
     </span>
    </p>
   </div>
   <div class='ocr_carea' id='block_1_13' title="bbox 514 1423 2114 1505">
    <p class='ocr_par' dir='ltr' id='par_1_13' title="bbox 514 1423 2114 1505">
     <span class='ocr_line' id='line_1_13' title="bbox 514 1423 2114 1505; baseline 0.004 -24"><span class='ocrx_word' id='word_1_72' title='bbox 514 1423 650 1492; x_wconf 74' lang='grc' dir='ltr'>ὒους</span> <span class='ocrx_word' id='word_1_73' title='bbox 669 1467 685 1492; x_wconf 92' lang='grc'>,</span> <span class='ocrx_word' id='word_1_74' title='bbox 731 1433 831 1500; x_wconf 81' lang='grc' dir='ltr'>τῆς</span> <span class='ocrx_word' id='word_1_75' title='bbox 859 1432 1036 1502; x_wconf 87' lang='grc' dir='ltr'>ταφῆς</span> <span class='ocrx_word' id='word_1_76' title='bbox 1055 1473 1070 1497; x_wconf 94' lang='grc'>,</span> <span class='ocrx_word' id='word_1_77' title='bbox 1095 1433 1194 1504; x_wconf 85' lang='grc' dir='ltr'>τῆς</span> <span class='ocrx_word' id='word_1_78' title='bbox 1223 1435 1497 1504; x_wconf 82' lang='grc' dir='ltr'>ὲγὲρσεως</span> <span class='ocrx_word' id='word_1_79' title='bbox 1517 1475 1532 1499; x_wconf 94' lang='grc'>,</span> <span class='ocrx_word' id='word_1_80' title='bbox 1566 1435 1666 1503; x_wconf 84' lang='grc' dir='ltr'>τῆς</span> <span class='ocrx_word' id='word_1_81' title='bbox 1695 1435 1833 1505; x_wconf 85' lang='grc' dir='ltr'>πρὸς</span> <span class='ocrx_word' id='word_1_82' title='bbox 1857 1435 1984 1498; x_wconf 84' lang='grc' dir='ltr'>τοὺς</span> <span class='ocrx_word' id='word_1_83' title='bbox 2021 1435 2114 1502; x_wconf 88' lang='grc' dir='ltr'>φί-</span> 
     </span>
    </p>
   </div>
   <div class='ocr_carea' id='block_1_14' title="bbox 518 1517 2114 1598">
    <p class='ocr_par' dir='ltr' id='par_1_14' title="bbox 518 1517 2114 1598">
     <span class='ocr_line' id='line_1_14' title="bbox 518 1517 2114 1598; baseline 0.005 -26"><span class='ocrx_word' id='word_1_84' title='bbox 518 1517 649 1584; x_wconf 79' lang='grc' dir='ltr'>λους</span> <span class='ocrx_word' id='word_1_85' title='bbox 680 1522 916 1591; x_wconf 79' lang='grc' dir='ltr'>ὁμιλίας,</span> <span class='ocrx_word' id='word_1_86' title='bbox 952 1523 1053 1593; x_wconf 86' lang='grc' dir='ltr'>τῆς</span> <span class='ocrx_word' id='word_1_87' title='bbox 1083 1524 1256 1597; x_wconf 83' lang='grc' dir='ltr'>Θωμᾶ</span> <span class='ocrx_word' id='word_1_88' title='bbox 1288 1525 1679 1597; x_wconf 67' lang='grc' dir='ltr'>ψηλαφήσεως,</span> <span class='ocrx_word' id='word_1_89' title='bbox 1705 1528 1807 1598; x_wconf 85' lang='grc' dir='ltr'>τῆς</span> <span class='ocrx_word' id='word_1_90' title='bbox 1846 1527 1985 1598; x_wconf 88' lang='grc' dir='ltr'>μετά</span> <span class='ocrx_word' id='word_1_91' title='bbox 2013 1526 2114 1598; x_wconf 78' lang='grc' dir='ltr'>τὴν</span> 
     </span>
    </p>
   </div>
   <div class='ocr_carea' id='block_1_15' title="bbox 517 1611 1052 1684">
    <p class='ocr_par' dir='ltr' id='par_1_15' title="bbox 517 1611 1052 1684">
     <span class='ocr_line' id='line_1_15' title="bbox 517 1611 1052 1684; baseline 0.007 -19"><span class='ocrx_word' id='word_1_92' title='bbox 517 1611 745 1683; x_wconf 68' lang='grc' dir='ltr'>ἔγερσιν</span> <span class='ocrx_word' id='word_1_93' title='bbox 776 1613 1052 1684; x_wconf 84' lang='grc' dir='ltr'>βρώσεως.</span> 
     </span>
    </p>
   </div>
   <div class='ocr_carea' id='block_1_16' title="bbox 787 1706 1842 1783">
    <p class='ocr_par' dir='ltr' id='par_1_16' title="bbox 787 1706 1842 1783">
     <span class='ocr_line' id='line_1_16' title="bbox 787 1706 1842 1783; baseline 0.005 -23"><span class='ocrx_word' id='word_1_94' title='bbox 787 1708 1006 1761; x_wconf 88' lang='grc' dir='ltr'>ΛΟΓΟΣ</span> <span class='ocrx_word' id='word_1_95' title='bbox 1043 1706 1173 1762; x_wconf 80' lang='lat' dir='ltr'><strong>AII&#39;.</strong></span> <span class='ocrx_word' id='word_1_96' title='bbox 1216 1707 1419 1763; x_wconf 78' lang='grc' dir='ltr'>Λουκίῖ</span> <span class='ocrx_word' id='word_1_97' title='bbox 1443 1711 1716 1779; x_wconf 84' lang='grc' dir='ltr'>θαύματα</span> <span class='ocrx_word' id='word_1_98' title='bbox 1745 1711 1842 1783; x_wconf 71' lang='grc'>(2).</span> 
     </span>
    </p>
   </div>
   <div class='ocr_carea' id='block_1_17' title="bbox 699 1799 1933 1872">
    <p class='ocr_par' dir='ltr' id='par_1_17' title="bbox 699 1799 1933 1872">
     <span class='ocr_line' id='line_1_17' title="bbox 699 1799 1933 1872; baseline 0.006 -22"><span class='ocrx_word' id='word_1_99' title='bbox 699 1799 917 1852; x_wconf 84' lang='grc' dir='ltr'><strong>ΛΟΓΟΣ</strong></span> <span class='ocrx_word' id='word_1_100' title='bbox 954 1799 1080 1853; x_wconf 83' lang='grc' dir='ltr'><strong>ΛΘ’.</strong></span> <span class='ocrx_word' id='word_1_101' title='bbox 1120 1802 1466 1868; x_wconf 76' lang='grc' dir='ltr'>Παραϐολαὶ</span> <span class='ocrx_word' id='word_1_102' title='bbox 1492 1803 1598 1856; x_wconf 86' lang='grc' dir='ltr'>τοῦ</span> <span class='ocrx_word' id='word_1_103' title='bbox 1620 1805 1806 1857; x_wconf 79' lang='grc' dir='ltr'>αὐτοῦ</span> <span class='ocrx_word' id='word_1_104' title='bbox 1831 1805 1933 1872; x_wconf 71' lang='grc'>(3).</span> 
     </span>
    </p>
   </div>
   <div class='ocr_carea' id='block_1_18' title="bbox 593 1889 2114 1966">
    <p class='ocr_par' dir='ltr' id='par_1_18' title="bbox 593 1889 2114 1966">
     <span class='ocr_line' id='line_1_18' title="bbox 593 1889 2114 1966; baseline 0.005 -24"><span class='ocrx_word' id='word_1_105' title='bbox 593 1889 810 1953; x_wconf 78' lang='grc' dir='ltr'>Λουκᾶς</span> <span class='ocrx_word' id='word_1_106' title='bbox 859 1890 915 1943; x_wconf 85' lang='grc' dir='ltr'>δὲ</span> <span class='ocrx_word' id='word_1_107' title='bbox 963 1891 1229 1945; x_wconf 81' lang='grc' dir='ltr'>τοσούτων</span> <span class='ocrx_word' id='word_1_108' title='bbox 1274 1889 1430 1957; x_wconf 79' lang='grc' dir='ltr'>αὖθις</span> <span class='ocrx_word' id='word_1_109' title='bbox 1471 1895 1846 1964; x_wconf 77' lang='grc' dir='ltr'>ἐμνημόνευσε</span> <span class='ocrx_word' id='word_1_110' title='bbox 1902 1895 2114 1966; x_wconf 88' lang='grc' dir='ltr'>θαυμά-</span> 
     </span>
    </p>
   </div>
   <div class='ocr_carea' id='block_1_19' title="bbox 520 1981 2112 2060">
    <p class='ocr_par' dir='ltr' id='par_1_19' title="bbox 520 1981 2112 2060">
     <span class='ocr_line' id='line_1_19' title="bbox 520 1981 2112 2060; baseline 0.005 -27"><span class='ocrx_word' id='word_1_111' title='bbox 520 1993 660 2034; x_wconf 85' lang='grc' dir='ltr'>των·</span> <span class='ocrx_word' id='word_1_112' title='bbox 695 1981 791 2034; x_wconf 87' lang='grc' dir='ltr'>τοῦ</span> <span class='ocrx_word' id='word_1_113' title='bbox 841 1981 1224 2054; x_wconf 87' lang='grc' dir='ltr'>δαιμονῶντος,</span> <span class='ocrx_word' id='word_1_114' title='bbox 1267 1985 1369 2055; x_wconf 88' lang='grc' dir='ltr'>τῆς</span> <span class='ocrx_word' id='word_1_115' title='bbox 1421 1987 1691 2058; x_wconf 79' lang='grc' dir='ltr'>πενθερᾶς</span> <span class='ocrx_word' id='word_1_116' title='bbox 1743 1989 1988 2060; x_wconf 78' lang='grc' dir='ltr'>Πέτρου,</span> <span class='ocrx_word' id='word_1_117' title='bbox 2017 1988 2112 2042; x_wconf 87' lang='grc' dir='ltr'>τοῦ</span> 
     </span>
    </p>
   </div>
   <div class='ocr_carea' id='block_1_20' title="bbox 521 2071 2112 2152">
    <p class='ocr_par' dir='ltr' id='par_1_20' title="bbox 521 2071 2112 2152">
     <span class='ocr_line' id='line_1_20' title="bbox 521 2071 2112 2152; baseline 0.006 -29"><span class='ocrx_word' id='word_1_118' title='bbox 521 2071 725 2143; x_wconf 80' lang='grc' dir='ltr'>λεπροῦ</span> <span class='ocrx_word' id='word_1_119' title='bbox 745 2113 759 2137; x_wconf 96' lang='grc'>,</span> <span class='ocrx_word' id='word_1_120' title='bbox 795 2073 887 2126; x_wconf 88' lang='grc' dir='ltr'>τοῦ</span> <span class='ocrx_word' id='word_1_121' title='bbox 940 2075 1255 2146; x_wconf 82' lang='grc' dir='ltr'>παραλύτου</span> <span class='ocrx_word' id='word_1_122' title='bbox 1277 2119 1292 2141; x_wconf 93' lang='grc'>,</span> <span class='ocrx_word' id='word_1_123' title='bbox 1326 2076 1420 2130; x_wconf 89' lang='grc' dir='ltr'>τοῦ</span> <span class='ocrx_word' id='word_1_124' title='bbox 1452 2075 1625 2150; x_wconf 75' lang='grc' dir='ltr'>ξηρὰν</span> <span class='ocrx_word' id='word_1_125' title='bbox 1657 2079 1874 2149; x_wconf 72' lang='grc' dir='ltr'>ἔχοντος</span> <span class='ocrx_word' id='word_1_126' title='bbox 1919 2083 2076 2152; x_wconf 85' lang='grc' dir='ltr'>χεῖρα</span> <span class='ocrx_word' id='word_1_127' title='bbox 2095 2120 2112 2146; x_wconf 93' lang='grc'>,</span> 
     </span>
    </p>
   </div>
   <div class='ocr_carea' id='block_1_21' title="bbox 525 2161 2111 2243">
    <p class='ocr_par' dir='ltr' id='par_1_21' title="bbox 525 2161 2111 2243">
     <span class='ocr_line' id='line_1_21' title="bbox 525 2161 2111 2243; baseline 0.008 -29"><span class='ocrx_word' id='word_1_128' title='bbox 525 2161 616 2215; x_wconf 81' lang='grc' dir='ltr'>τοῦ</span> <span class='ocrx_word' id='word_1_129' title='bbox 663 2164 854 2227; x_wconf 75' lang='grc' dir='ltr'>παιδὸς</span> <span class='ocrx_word' id='word_1_130' title='bbox 883 2165 977 2218; x_wconf 90' lang='grc' dir='ltr'>τοῦ</span> <span class='ocrx_word' id='word_1_131' title='bbox 1011 2167 1444 2240; x_wconf 81' lang='grc' dir='ltr'>ἑκατοντάρχου,</span> <span class='ocrx_word' id='word_1_132' title='bbox 1487 2169 1584 2224; x_wconf 91' lang='grc' dir='ltr'>τοῦ</span> <span class='ocrx_word' id='word_1_133' title='bbox 1613 2171 1730 2224; x_wconf 77' lang='grc' dir='ltr'>υἱοῦ</span> <span class='ocrx_word' id='word_1_134' title='bbox 1762 2172 1862 2243; x_wconf 87' lang='grc' dir='ltr'>τῆς</span> <span class='ocrx_word' id='word_1_135' title='bbox 1900 2173 2111 2243; x_wconf 88' lang='grc' dir='ltr'>χήρας,</span> 
     </span>
    </p>
   </div>
   <div class='ocr_carea' id='block_1_22' title="bbox 523 2255 2111 2334">
    <p class='ocr_par' dir='ltr' id='par_1_22' title="bbox 523 2255 2111 2334">
     <span class='ocr_line' id='line_1_22' title="bbox 523 2255 2111 2334; baseline 0.006 -26"><span class='ocrx_word' id='word_1_136' title='bbox 523 2255 623 2325; x_wconf 81' lang='grc' dir='ltr'>τῆς</span> <span class='ocrx_word' id='word_1_137' title='bbox 650 2257 977 2329; x_wconf 82' lang='grc' dir='ltr'>ἁμαρτωλοῦ</span> <span class='ocrx_word' id='word_1_138' title='bbox 1001 2261 1277 2327; x_wconf 88' lang='grc' dir='ltr'>γυναικὸς,</span> <span class='ocrx_word' id='word_1_139' title='bbox 1305 2261 1414 2314; x_wconf 88' lang='grc' dir='ltr'>τῶν</span> <span class='ocrx_word' id='word_1_140' title='bbox 1441 2261 1684 2333; x_wconf 87' lang='grc' dir='ltr'>ἀνέμων,</span> <span class='ocrx_word' id='word_1_141' title='bbox 1707 2263 1802 2317; x_wconf 85' lang='grc' dir='ltr'>τοῦ</span> <span class='ocrx_word' id='word_1_142' title='bbox 1824 2263 2111 2334; x_wconf 89' lang='grc' dir='ltr'>λεγεῶνος,</span> 
     </span>
    </p>
   </div>
   <div class='ocr_carea' id='block_1_23' title="bbox 521 2345 2114 2427">
    <p class='ocr_par' dir='ltr' id='par_1_23' title="bbox 521 2345 2114 2427">
     <span class='ocr_line' id='line_1_23' title="bbox 521 2345 2114 2427; baseline 0.007 -28"><span class='ocrx_word' id='word_1_143' title='bbox 521 2345 626 2417; x_wconf 82' lang='grc' dir='ltr'>τῆς</span> <span class='ocrx_word' id='word_1_144' title='bbox 671 2348 1108 2422; x_wconf 77' lang='grc' dir='ltr'>αἱμορῤοούσης,</span> <span class='ocrx_word' id='word_1_145' title='bbox 1143 2351 1246 2421; x_wconf 85' lang='grc' dir='ltr'>τῆς</span> <span class='ocrx_word' id='word_1_146' title='bbox 1296 2352 1567 2426; x_wconf 82' lang='grc' dir='ltr'>θυγατρὸς</span> <span class='ocrx_word' id='word_1_147' title='bbox 1630 2355 1894 2427; x_wconf 84' lang='grc' dir='ltr'>Ἰαείρου,</span> <span class='ocrx_word' id='word_1_148' title='bbox 1933 2356 2040 2409; x_wconf 87' lang='grc' dir='ltr'>τῶν</span> <span class='ocrx_word' id='word_1_149' title='bbox 2071 2365 2114 2410; x_wconf 88' lang='grc' dir='ltr'>ε’</span> 
     </span>
    </p>
   </div>
   <div class='ocr_carea' id='block_1_24' title="bbox 523 2439 2114 2518">
    <p class='ocr_par' dir='ltr' id='par_1_24' title="bbox 523 2439 2114 2518">
     <span class='ocr_line' id='line_1_24' title="bbox 523 2439 2114 2518; baseline 0.006 -24"><span class='ocrx_word' id='word_1_150' title='bbox 523 2439 737 2511; x_wconf 79' lang='grc' dir='ltr'>ἄρτων,</span> <span class='ocrx_word' id='word_1_151' title='bbox 787 2442 887 2513; x_wconf 85' lang='grc' dir='ltr'>τῆς</span> <span class='ocrx_word' id='word_1_152' title='bbox 931 2443 1447 2515; x_wconf 82' lang='grc' dir='ltr'>μεταμορφώσεως,</span> <span class='ocrx_word' id='word_1_153' title='bbox 1477 2447 1582 2518; x_wconf 91' lang='grc' dir='ltr'>τῆς</span> <span class='ocrx_word' id='word_1_154' title='bbox 1633 2448 1729 2501; x_wconf 87' lang='grc' dir='ltr'>τοῦ</span> <span class='ocrx_word' id='word_1_155' title='bbox 1789 2450 2114 2518; x_wconf 81' lang='grc' dir='ltr'>μονογενοῦς</span> 
     </span>
    </p>
   </div>
   <div class='ocr_carea' id='block_1_25' title="bbox 525 2529 2109 2609">
    <p class='ocr_par' dir='ltr' id='par_1_25' title="bbox 525 2529 2109 2609">
     <span class='ocr_line' id='line_1_25' title="bbox 525 2529 2109 2609; baseline 0.006 -27"><span class='ocrx_word' id='word_1_156' title='bbox 525 2529 744 2594; x_wconf 71' lang='grc' dir='ltr'>ἰάσεως,</span> <span class='ocrx_word' id='word_1_157' title='bbox 779 2531 872 2584; x_wconf 88' lang='grc' dir='ltr'>τοῦ</span> <span class='ocrx_word' id='word_1_158' title='bbox 919 2531 1095 2602; x_wconf 77' lang='grc' dir='ltr'>βωὸοῦ</span> <span class='ocrx_word' id='word_1_159' title='bbox 1116 2575 1132 2601; x_wconf 94' lang='grc'>,</span> <span class='ocrx_word' id='word_1_160' title='bbox 1178 2535 1278 2605; x_wconf 87' lang='grc' dir='ltr'>τῆς</span> <span class='ocrx_word' id='word_1_161' title='bbox 1325 2535 1691 2608; x_wconf 86' lang='grc' dir='ltr'>δεσμηθείσης</span> <span class='ocrx_word' id='word_1_162' title='bbox 1722 2538 1828 2590; x_wconf 81' lang='grc' dir='ltr'>ὑπὸ</span> <span class='ocrx_word' id='word_1_163' title='bbox 1853 2538 2109 2609; x_wconf 84' lang='grc' dir='ltr'>δαίμονος</span> 
     </span>
    </p>
   </div>
   <div class='ocr_carea' id='block_1_26' title="bbox 523 2623 2110 2702">
    <p class='ocr_par' dir='ltr' id='par_1_26' title="bbox 523 2623 2110 2702">
     <span class='ocr_line' id='line_1_26' title="bbox 523 2623 2110 2702; baseline 0.006 -28"><span class='ocrx_word' id='word_1_164' title='bbox 523 2623 804 2691; x_wconf 79' lang='grc' dir='ltr'>γυναικὸς,</span> <span class='ocrx_word' id='word_1_165' title='bbox 833 2625 926 2679; x_wconf 89' lang='grc' dir='ltr'>τοῦ</span> <span class='ocrx_word' id='word_1_166' title='bbox 955 2627 1292 2700; x_wconf 81' lang='grc' dir='ltr'>ύδεριῶντος,</span> <span class='ocrx_word' id='word_1_167' title='bbox 1307 2629 1416 2682; x_wconf 89' lang='grc' dir='ltr'>τῶν</span> <span class='ocrx_word' id='word_1_168' title='bbox 1446 2630 1580 2684; x_wconf 83' lang='grc' dir='ltr'>δέκα</span> <span class='ocrx_word' id='word_1_169' title='bbox 1610 2630 1849 2702; x_wconf 84' lang='grc' dir='ltr'>λεπρῶν,</span> <span class='ocrx_word' id='word_1_170' title='bbox 1880 2631 1974 2684; x_wconf 92' lang='grc' dir='ltr'>τοῦ</span> <span class='ocrx_word' id='word_1_171' title='bbox 2013 2631 2110 2684; x_wconf 84' lang='grc' dir='ltr'>Ἱε-</span> 
     </span>
    </p>
   </div>
   <div class='ocr_carea' id='block_1_27' title="bbox 525 2714 2111 2793">
    <p class='ocr_par' dir='ltr' id='par_1_27' title="bbox 525 2714 2111 2793">
     <span class='ocr_line' id='line_1_27' title="bbox 525 2714 2111 2793; baseline 0.004 -25"><span class='ocrx_word' id='word_1_172' title='bbox 525 2714 802 2786; x_wconf 86' lang='grc' dir='ltr'>ριχοῦντος</span> <span class='ocrx_word' id='word_1_173' title='bbox 845 2718 1045 2787; x_wconf 85' lang='grc' dir='ltr'>τυφλοῦ</span> <span class='ocrx_word' id='word_1_174' title='bbox 1065 2759 1080 2784; x_wconf 93' lang='grc'>,</span> <span class='ocrx_word' id='word_1_175' title='bbox 1113 2719 1222 2774; x_wconf 89' lang='grc' dir='ltr'>τῶν</span> <span class='ocrx_word' id='word_1_176' title='bbox 1249 2721 1306 2773; x_wconf 83' lang='grc' dir='ltr'>ἐν</span> <span class='ocrx_word' id='word_1_177' title='bbox 1333 2720 1413 2792; x_wconf 82' lang='grc' dir='ltr'>τῷ</span> <span class='ocrx_word' id='word_1_178' title='bbox 1454 2721 1676 2793; x_wconf 86' lang='grc' dir='ltr'>σταυρῷ</span> <span class='ocrx_word' id='word_1_179' title='bbox 1713 2723 1980 2793; x_wconf 87' lang='grc' dir='ltr'>σημείων,</span> <span class='ocrx_word' id='word_1_180' title='bbox 2009 2721 2111 2793; x_wconf 87' lang='grc' dir='ltr'>τῆς</span> 
     </span>
    </p>
   </div>
   <div class='ocr_carea' id='block_1_28' title="bbox 520 2808 2108 2886">
    <p class='ocr_par' dir='ltr' id='par_1_28' title="bbox 520 2808 2108 2886">
     <span class='ocr_line' id='line_1_28' title="bbox 520 2808 2108 2886; baseline 0.006 -27"><span class='ocrx_word' id='word_1_181' title='bbox 520 2808 703 2879; x_wconf 82' lang='grc' dir='ltr'>ταφῆς</span> <span class='ocrx_word' id='word_1_182' title='bbox 722 2849 737 2870; x_wconf 86' lang='grc'>,</span> <span class='ocrx_word' id='word_1_183' title='bbox 771 2809 872 2879; x_wconf 88' lang='grc' dir='ltr'>τῆς</span> <span class='ocrx_word' id='word_1_184' title='bbox 902 2810 1173 2881; x_wconf 83' lang='grc' dir='ltr'>ὲγέρσεως</span> <span class='ocrx_word' id='word_1_185' title='bbox 1193 2853 1207 2876; x_wconf 96' lang='grc'>,</span> <span class='ocrx_word' id='word_1_186' title='bbox 1235 2812 1336 2883; x_wconf 88' lang='grc' dir='ltr'>τῆς</span> <span class='ocrx_word' id='word_1_187' title='bbox 1377 2813 1458 2877; x_wconf 77' lang='grc' dir='ltr'>εἰς</span> <span class='ocrx_word' id='word_1_188' title='bbox 1479 2814 1742 2885; x_wconf 78' lang='grc' dir='ltr'>οὐρανοὺς</span> <span class='ocrx_word' id='word_1_189' title='bbox 1764 2815 2108 2886; x_wconf 74' lang='grc' dir='ltr'>ἀναλήψεως.</span> 
     </span>
    </p>
   </div>
   <div class='ocr_carea' id='block_1_29' title="bbox 523 2899 2105 2977">
    <p class='ocr_par' dir='ltr' id='par_1_29' title="bbox 523 2899 2105 2977">
     <span class='ocr_line' id='line_1_29' title="bbox 523 2899 2105 2977; baseline 0.003 -25"><span class='ocrx_word' id='word_1_190' title='bbox 523 2899 858 2970; x_wconf 79' lang='grc' dir='ltr'>Παραϐολῶν</span> <span class='ocrx_word' id='word_1_191' title='bbox 877 2902 933 2955; x_wconf 82' lang='grc' dir='ltr'>δὲ</span> <span class='ocrx_word' id='word_1_192' title='bbox 960 2902 1229 2956; x_wconf 85' lang='grc' dir='ltr'>τοσούτων</span> <span class='ocrx_word' id='word_1_193' title='bbox 1249 2905 1495 2977; x_wconf 82' lang='grc' dir='ltr'>ἐμνήσθη</span> <span class='ocrx_word' id='word_1_194' title='bbox 1512 2923 1524 2936; x_wconf 91' lang='grc'><strong>·</strong></span> <span class='ocrx_word' id='word_1_195' title='bbox 1548 2906 1642 2959; x_wconf 88' lang='grc' dir='ltr'>τοῦ</span> <span class='ocrx_word' id='word_1_196' title='bbox 1671 2906 1858 2970; x_wconf 78' lang='grc' dir='ltr'>θέντος</span> <span class='ocrx_word' id='word_1_197' title='bbox 1888 2906 2105 2977; x_wconf 80' lang='grc' dir='ltr'>ἀσφαλῆ</span> 
     </span>
    </p>
   </div>
   <div class='ocr_carea' id='block_1_30' title="bbox 520 2989 2104 3065">
    <p class='ocr_par' dir='ltr' id='par_1_30' title="bbox 520 2989 2104 3065">
     <span class='ocr_line' id='line_1_30' title="bbox 520 2989 2104 3065; baseline 0.004 -22"><span class='ocrx_word' id='word_1_198' title='bbox 520 2989 623 3062; x_wconf 83' lang='grc' dir='ltr'>τὴν</span> <span class='ocrx_word' id='word_1_199' title='bbox 670 2991 848 3044; x_wconf 78' lang='grc' dir='ltr'>οἰκίαν</span> <span class='ocrx_word' id='word_1_200' title='bbox 906 2993 998 3045; x_wconf 77' lang='grc' dir='ltr'>ἐπὶ</span> <span class='ocrx_word' id='word_1_201' title='bbox 1030 2995 1129 3064; x_wconf 90' lang='grc' dir='ltr'>τῆς</span> <span class='ocrx_word' id='word_1_202' title='bbox 1179 2994 1423 3065; x_wconf 80' lang='grc' dir='ltr'>πέτρας,</span> <span class='ocrx_word' id='word_1_203' title='bbox 1464 2998 1558 3048; x_wconf 77' lang='grc' dir='ltr'>καὶ</span> <span class='ocrx_word' id='word_1_204' title='bbox 1603 2996 1698 3049; x_wconf 85' lang='grc' dir='ltr'>τοῦ</span> <span class='ocrx_word' id='word_1_205' title='bbox 1749 2996 2012 3060; x_wconf 87' lang='grc' dir='ltr'>παθόντος</span> <span class='ocrx_word' id='word_1_206' title='bbox 2046 2992 2104 3050; x_wconf 87' lang='grc' dir='ltr'>εῦ</span> 
     </span>
    </p>
   </div>
   <div class='ocr_carea' id='block_1_31' title="bbox 522 3079 2106 3154">
    <p class='ocr_par' dir='ltr' id='par_1_31' title="bbox 522 3079 2106 3154">
     <span class='ocr_line' id='line_1_31' title="bbox 522 3079 2106 3154; baseline 0.006 -20"><span class='ocrx_word' id='word_1_207' title='bbox 522 3079 686 3135; x_wconf 82' lang='grc' dir='ltr'>πλέον</span> <span class='ocrx_word' id='word_1_208' title='bbox 722 3083 818 3136; x_wconf 78' lang='grc' dir='ltr'>καὶ</span> <span class='ocrx_word' id='word_1_209' title='bbox 845 3082 1008 3138; x_wconf 80' lang='grc' dir='ltr'>πλέον</span> <span class='ocrx_word' id='word_1_210' title='bbox 1048 3085 1404 3154; x_wconf 87' lang='grc' dir='ltr'>ἀγαπῶντος,</span> <span class='ocrx_word' id='word_1_211' title='bbox 1438 3088 1534 3142; x_wconf 90' lang='grc' dir='ltr'>τοῦ</span> <span class='ocrx_word' id='word_1_212' title='bbox 1577 3090 1838 3154; x_wconf 82' lang='grc' dir='ltr'>πεσόντος</span> <span class='ocrx_word' id='word_1_213' title='bbox 1869 3093 1949 3154; x_wconf 90' lang='grc' dir='ltr'>εἰς</span> <span class='ocrx_word' id='word_1_214' title='bbox 1977 3089 2106 3145; x_wconf 86' lang='grc' dir='ltr'>τέσ-</span> 
     </span>
    </p>
   </div>
   <div class='ocr_carea' id='block_1_32' title="bbox 1666 307 2707 370">
    <p class='ocr_par' dir='ltr' id='par_1_32' title="bbox 1666 307 2707 370">
     <span class='ocr_line' id='line_1_32' title="bbox 1666 307 2707 370; baseline -0.006 0"><span class='ocrx_word' id='word_1_215' title='bbox 1666 314 1944 370; x_wconf 80' lang='lat' dir='ltr'>COSMAS</span> <span class='ocrx_word' id='word_1_216' title='bbox 2001 307 2707 368; x_wconf 73' lang='lat' dir='ltr'>IIIEROSOLYMITANUS</span> 
     </span>
    </p>
   </div>
   <div class='ocr_carea' id='block_1_33' title="bbox 3701 302 3804 360">
    <p class='ocr_par' dir='ltr' id='par_1_33' title="bbox 3701 302 3804 360">
     <span class='ocr_line' id='line_1_33' title="bbox 3701 302 3804 360; baseline 0.029 -4"><span class='ocrx_word' id='word_1_217' title='bbox 3701 302 3804 360; x_wconf 66' lang='grc' dir='ltr'>μδ</span> 
     </span>
    </p>
   </div>
   <div class='ocr_carea' id='block_1_34' title="bbox 2215 417 3802 497">
    <p class='ocr_par' dir='ltr' id='par_1_34' title="bbox 2215 417 3802 497">
     <span class='ocr_line' id='line_1_34' title="bbox 2215 417 3802 497; baseline -0.004 -19"><span class='ocrx_word' id='word_1_218' title='bbox 2215 443 2387 497; x_wconf 88' lang='grc' dir='ltr'>σαρας</span> <span class='ocrx_word' id='word_1_219' title='bbox 2411 425 2602 496; x_wconf 84' lang='grc' dir='ltr'>φύσεις</span> <span class='ocrx_word' id='word_1_220' title='bbox 2625 425 2855 496; x_wconf 90' lang='grc' dir='ltr'>σπόρου,</span> <span class='ocrx_word' id='word_1_221' title='bbox 2881 422 2976 477; x_wconf 85' lang='grc' dir='ltr'>τοῦ</span> <span class='ocrx_word' id='word_1_222' title='bbox 3001 424 3114 485; x_wconf 87' lang='grc' dir='ltr'>τοῖς</span> <span class='ocrx_word' id='word_1_223' title='bbox 3132 421 3358 493; x_wconf 75' lang='grc' dir='ltr'>λῃσταῖς</span> <span class='ocrx_word' id='word_1_224' title='bbox 3390 417 3802 492; x_wconf 78' lang='grc' dir='ltr'>περιπεσόντος,</span> 
     </span>
    </p>
   </div>
   <div class='ocr_carea' id='block_1_35' title="bbox 2213 510 3804 588">
    <p class='ocr_par' dir='ltr' id='par_1_35' title="bbox 2213 510 3804 588">
     <span class='ocr_line' id='line_1_35' title="bbox 2213 510 3804 588; baseline -0.005 -17"><span class='ocrx_word' id='word_1_225' title='bbox 2213 517 2306 571; x_wconf 90' lang='grc' dir='ltr'>τοῦ</span> <span class='ocrx_word' id='word_1_226' title='bbox 2345 515 2499 588; x_wconf 84' lang='grc' dir='ltr'>παρὰ</span> <span class='ocrx_word' id='word_1_227' title='bbox 2546 516 2737 588; x_wconf 81' lang='grc' dir='ltr'>καιρὸν</span> <span class='ocrx_word' id='word_1_228' title='bbox 2783 513 3316 587; x_wconf 89' lang='grc' dir='ltr'>θυροκρουστοῦντος</span> <span class='ocrx_word' id='word_1_229' title='bbox 3349 513 3445 566; x_wconf 74' lang='grc' dir='ltr'>καὶ</span> <span class='ocrx_word' id='word_1_230' title='bbox 3471 510 3614 565; x_wconf 83' lang='grc' dir='ltr'>καλὰ</span> <span class='ocrx_word' id='word_1_231' title='bbox 3642 528 3804 582; x_wconf 79' lang='grc' dir='ltr'>κομι-</span> 
     </span>
    </p>
   </div>
   <div class='ocr_carea' id='block_1_36' title="bbox 2213 602 3804 678">
    <p class='ocr_par' dir='ltr' id='par_1_36' title="bbox 2213 602 3804 678">
     <span class='ocr_line' id='line_1_36' title="bbox 2213 602 3804 678; baseline -0.004 -17"><span class='ocrx_word' id='word_1_232' title='bbox 2213 607 2478 678; x_wconf 86' lang='grc' dir='ltr'>ζομένου,</span> <span class='ocrx_word' id='word_1_233' title='bbox 2520 607 2614 660; x_wconf 92' lang='grc' dir='ltr'>τοῦ</span> <span class='ocrx_word' id='word_1_234' title='bbox 2665 605 3086 668; x_wconf 83' lang='grc' dir='ltr'>είσοικισθέντος</span> <span class='ocrx_word' id='word_1_235' title='bbox 3126 603 3440 674; x_wconf 89' lang='grc' dir='ltr'>πνεύματος</span> <span class='ocrx_word' id='word_1_236' title='bbox 3481 604 3580 656; x_wconf 75' lang='grc' dir='ltr'>σὺν</span> <span class='ocrx_word' id='word_1_237' title='bbox 3621 602 3804 668; x_wconf 77' lang='grc' dir='ltr'>ἄλλοις</span> 
     </span>
    </p>
   </div>
   <div class='ocr_carea' id='block_1_37' title="bbox 2212 693 3805 768">
    <p class='ocr_par' dir='ltr' id='par_1_37' title="bbox 2212 693 3805 768">
     <span class='ocr_line' id='line_1_37' title="bbox 2212 693 3805 768; baseline -0.006 -15"><span class='ocrx_word' id='word_1_238' title='bbox 2212 699 2382 764; x_wconf 81' lang='grc' dir='ltr'>ἑπτὰ,</span> <span class='ocrx_word' id='word_1_239' title='bbox 2408 698 2503 752; x_wconf 91' lang='grc' dir='ltr'>τοῦ</span> <span class='ocrx_word' id='word_1_240' title='bbox 2547 697 2898 768; x_wconf 77' lang='grc' dir='ltr'>λογιζομένου</span> <span class='ocrx_word' id='word_1_241' title='bbox 2951 696 3201 750; x_wconf 85' lang='grc' dir='ltr'>καθελεῖν</span> <span class='ocrx_word' id='word_1_242' title='bbox 3256 695 3356 758; x_wconf 84' lang='grc' dir='ltr'>τὰς</span> <span class='ocrx_word' id='word_1_243' title='bbox 3385 693 3672 763; x_wconf 84' lang='grc' dir='ltr'>ἀποθήκας</span> <span class='ocrx_word' id='word_1_244' title='bbox 3709 694 3805 746; x_wconf 71' lang='grc' dir='ltr'>καὶ</span> 
     </span>
    </p>
   </div>
   <div class='ocr_carea' id='block_1_38' title="bbox 2215 785 3806 863">
    <p class='ocr_par' dir='ltr' id='par_1_38' title="bbox 2215 785 3806 863">
     <span class='ocr_line' id='line_1_38' title="bbox 2215 785 3806 863; baseline -0.004 -19"><span class='ocrx_word' id='word_1_245' title='bbox 2215 791 2470 863; x_wconf 83' lang='grc' dir='ltr'>μείζονας</span> <span class='ocrx_word' id='word_1_246' title='bbox 2502 791 2887 861; x_wconf 71' lang='grc' dir='ltr'>οἰκοδομῆσαι,</span> <span class='ocrx_word' id='word_1_247' title='bbox 2920 789 3031 843; x_wconf 89' lang='grc' dir='ltr'>τῶν</span> <span class='ocrx_word' id='word_1_248' title='bbox 3074 789 3360 863; x_wconf 86' lang='grc' dir='ltr'>παρθένων</span> <span class='ocrx_word' id='word_1_249' title='bbox 3407 788 3501 841; x_wconf 82' lang='grc' dir='ltr'>καὶ</span> <span class='ocrx_word' id='word_1_250' title='bbox 3541 785 3634 840; x_wconf 90' lang='grc' dir='ltr'>τοῦ</span> <span class='ocrx_word' id='word_1_251' title='bbox 3671 803 3806 857; x_wconf 84' lang='grc' dir='ltr'>νυμ-</span> 
     </span>
    </p>
   </div>
   <div class='ocr_carea' id='block_1_39' title="bbox 2214 880 3802 954">
    <p class='ocr_par' dir='ltr' id='par_1_39' title="bbox 2214 880 3802 954">
     <span class='ocr_line' id='line_1_39' title="bbox 2214 880 3802 954; baseline -0.003 -16"><span class='ocrx_word' id='word_1_252' title='bbox 2214 883 2412 954; x_wconf 88' lang='grc' dir='ltr'>φῶνος,</span> <span class='ocrx_word' id='word_1_253' title='bbox 2445 882 2539 939; x_wconf 93' lang='grc' dir='ltr'>τοῦ</span> <span class='ocrx_word' id='word_1_254' title='bbox 2571 883 2753 948; x_wconf 90' lang='grc' dir='ltr'>καλῶς</span> <span class='ocrx_word' id='word_1_255' title='bbox 2784 885 2896 947; x_wconf 81' lang='grc' dir='ltr'>τοῖς</span> <span class='ocrx_word' id='word_1_256' title='bbox 2922 881 3235 953; x_wconf 79' lang='grc' dir='ltr'>ὁμοδούλοις</span> <span class='ocrx_word' id='word_1_257' title='bbox 3268 880 3618 954; x_wconf 83' lang='grc' dir='ltr'>χρησαμένου</span> <span class='ocrx_word' id='word_1_258' title='bbox 3640 919 3654 941; x_wconf 88' lang='grc'>,</span> <span class='ocrx_word' id='word_1_259' title='bbox 3701 880 3802 950; x_wconf 89' lang='grc' dir='ltr'>τῆς</span> 
     </span>
    </p>
   </div>
   <div class='ocr_carea' id='block_1_40' title="bbox 2215 972 3804 1048">
    <p class='ocr_par' dir='ltr' id='par_1_40' title="bbox 2215 972 3804 1048">
     <span class='ocr_line' id='line_1_40' title="bbox 2215 972 3804 1048; baseline -0.002 -17"><span class='ocrx_word' id='word_1_260' title='bbox 2215 976 2618 1048; x_wconf 86' lang='grc' dir='ltr'>κοπριζομένης</span> <span class='ocrx_word' id='word_1_261' title='bbox 2661 977 2863 1048; x_wconf 90' lang='grc' dir='ltr'>συκῆς,</span> <span class='ocrx_word' id='word_1_262' title='bbox 2910 976 3005 1030; x_wconf 87' lang='grc' dir='ltr'>τοῦ</span> <span class='ocrx_word' id='word_1_263' title='bbox 3034 977 3270 1041; x_wconf 82' lang='grc' dir='ltr'>νάπυος,</span> <span class='ocrx_word' id='word_1_264' title='bbox 3316 977 3416 1046; x_wconf 82' lang='grc' dir='ltr'>τῆς</span> <span class='ocrx_word' id='word_1_265' title='bbox 3449 973 3662 1046; x_wconf 86' lang='grc' dir='ltr'>ζύμης,</span> <span class='ocrx_word' id='word_1_266' title='bbox 3695 972 3804 1028; x_wconf 88' lang='grc' dir='ltr'>τῶν</span> 
     </span>
    </p>
   </div>
   <div class='ocr_carea' id='block_1_41' title="bbox 2213 1065 3803 1141">
    <p class='ocr_par' dir='ltr' id='par_1_41' title="bbox 2213 1065 3803 1141">
     <span class='ocr_line' id='line_1_41' title="bbox 2213 1065 3803 1141; baseline -0.003 -19"><span class='ocrx_word' id='word_1_267' title='bbox 2213 1070 2273 1123; x_wconf 81' lang='grc' dir='ltr'>ὲν</span> <span class='ocrx_word' id='word_1_268' title='bbox 2305 1069 2470 1140; x_wconf 86' lang='grc' dir='ltr'>γάμῳ</span> <span class='ocrx_word' id='word_1_269' title='bbox 2517 1071 2802 1141; x_wconf 80' lang='grc' dir='ltr'>πενήτων,</span> <span class='ocrx_word' id='word_1_270' title='bbox 2845 1068 2950 1140; x_wconf 86' lang='grc' dir='ltr'>τῆς</span> <span class='ocrx_word' id='word_1_271' title='bbox 2977 1068 3228 1139; x_wconf 86' lang='grc' dir='ltr'>δραχμῆς</span> <span class='ocrx_word' id='word_1_272' title='bbox 3251 1107 3266 1131; x_wconf 94' lang='grc'>,</span> <span class='ocrx_word' id='word_1_273' title='bbox 3307 1065 3402 1120; x_wconf 89' lang='grc' dir='ltr'>τοῦ</span> <span class='ocrx_word' id='word_1_274' title='bbox 3438 1065 3803 1136; x_wconf 67' lang='grc' dir='ltr'>πλανηθέντας</span> 
     </span>
    </p>
   </div>
   <div class='ocr_carea' id='block_1_42' title="bbox 2216 1156 3802 1230">
    <p class='ocr_par' dir='ltr' id='par_1_42' title="bbox 2216 1156 3802 1230">
     <span class='ocr_line' id='line_1_42' title="bbox 2216 1156 3802 1230; baseline -0.003 -18"><span class='ocrx_word' id='word_1_275' title='bbox 2216 1159 2513 1230; x_wconf 73' lang='grc' dir='ltr'>προϐάτου,</span> <span class='ocrx_word' id='word_1_276' title='bbox 2543 1158 2636 1212; x_wconf 91' lang='grc' dir='ltr'>τοῦ</span> <span class='ocrx_word' id='word_1_277' title='bbox 2660 1157 2894 1224; x_wconf 85' lang='grc' dir='ltr'>ἀσώτου,</span> <span class='ocrx_word' id='word_1_278' title='bbox 2925 1156 3018 1211; x_wconf 84' lang='grc' dir='ltr'>τοῦ</span> <span class='ocrx_word' id='word_1_279' title='bbox 3053 1157 3164 1210; x_wconf 89' lang='grc' dir='ltr'>τῶν</span> <span class='ocrx_word' id='word_1_280' title='bbox 3192 1156 3372 1229; x_wconf 89' lang='grc' dir='ltr'>χρεῶν</span> <span class='ocrx_word' id='word_1_281' title='bbox 3407 1157 3802 1226; x_wconf 68' lang='grc' dir='ltr'>περικόψαντος</span> 
     </span>
    </p>
   </div>
   <div class='ocr_carea' id='block_1_43' title="bbox 2213 1247 3802 1320">
    <p class='ocr_par' dir='ltr' id='par_1_43' title="bbox 2213 1247 3802 1320">
     <span class='ocr_line' id='line_1_43' title="bbox 2213 1247 3802 1320; baseline -0.001 -18"><span class='ocrx_word' id='word_1_282' title='bbox 2213 1249 2521 1320; x_wconf 89' lang='grc' dir='ltr'>οίκονόμου,</span> <span class='ocrx_word' id='word_1_283' title='bbox 2561 1249 2814 1320; x_wconf 78' lang='grc' dir='ltr'>Λαζάρου</span> <span class='ocrx_word' id='word_1_284' title='bbox 2843 1248 2938 1302; x_wconf 89' lang='grc' dir='ltr'>τοῦ</span> <span class='ocrx_word' id='word_1_285' title='bbox 2975 1247 3228 1319; x_wconf 86' lang='grc' dir='ltr'>πτωχοῦ,</span> <span class='ocrx_word' id='word_1_286' title='bbox 3261 1249 3360 1319; x_wconf 88' lang='grc' dir='ltr'>τῆς</span> <span class='ocrx_word' id='word_1_287' title='bbox 3389 1247 3620 1312; x_wconf 85' lang='grc' dir='ltr'>εὐτόνως</span> <span class='ocrx_word' id='word_1_288' title='bbox 3653 1247 3802 1301; x_wconf 82' lang='grc' dir='ltr'>λιτα-</span> 
     </span>
    </p>
   </div>
   <div class='ocr_carea' id='block_1_44' title="bbox 2215 1337 3802 1412">
    <p class='ocr_par' dir='ltr' id='par_1_44' title="bbox 2215 1337 3802 1412">
     <span class='ocr_line' id='line_1_44' title="bbox 2215 1337 3802 1412; baseline -0.003 -18"><span class='ocrx_word' id='word_1_289' title='bbox 2215 1339 2451 1411; x_wconf 81' lang='grc' dir='ltr'>ζομένης</span> <span class='ocrx_word' id='word_1_290' title='bbox 2485 1341 2692 1412; x_wconf 89' lang='grc' dir='ltr'>χήρας,</span> <span class='ocrx_word' id='word_1_291' title='bbox 2722 1337 2818 1393; x_wconf 90' lang='grc' dir='ltr'>τοῦ</span> <span class='ocrx_word' id='word_1_292' title='bbox 2845 1337 3081 1393; x_wconf 86' lang='grc' dir='ltr'>τελώνου</span> <span class='ocrx_word' id='word_1_293' title='bbox 3113 1339 3209 1393; x_wconf 81' lang='grc' dir='ltr'>καὶ</span> <span class='ocrx_word' id='word_1_294' title='bbox 3236 1338 3553 1410; x_wconf 82' lang='grc' dir='ltr'>Φαρισαίου,</span> <span class='ocrx_word' id='word_1_295' title='bbox 3585 1337 3678 1390; x_wconf 89' lang='grc' dir='ltr'>τοῦ</span> <span class='ocrx_word' id='word_1_296' title='bbox 3705 1355 3802 1409; x_wconf 81' lang='grc' dir='ltr'>με-</span> 
     </span>
    </p>
   </div>
   <div class='ocr_carea' id='block_1_45' title="bbox 2216 1428 3800 1503">
    <p class='ocr_par' dir='ltr' id='par_1_45' title="bbox 2216 1428 3800 1503">
     <span class='ocr_line' id='line_1_45' title="bbox 2216 1428 3800 1503; baseline -0.001 -21"><span class='ocrx_word' id='word_1_297' title='bbox 2216 1429 2413 1503; x_wconf 89' lang='grc' dir='ltr'>ρισμοῦ</span> <span class='ocrx_word' id='word_1_298' title='bbox 2439 1430 2548 1483; x_wconf 88' lang='grc' dir='ltr'>τῶν</span> <span class='ocrx_word' id='word_1_299' title='bbox 2575 1429 2744 1500; x_wconf 83' lang='grc' dir='ltr'>μνῶν,</span> <span class='ocrx_word' id='word_1_300' title='bbox 2765 1430 2876 1484; x_wconf 92' lang='grc' dir='ltr'>τῶν</span> <span class='ocrx_word' id='word_1_301' title='bbox 2905 1429 3094 1484; x_wconf 89' lang='grc' dir='ltr'>κακῶν</span> <span class='ocrx_word' id='word_1_302' title='bbox 3117 1429 3382 1501; x_wconf 85' lang='grc' dir='ltr'>γεωργῶν</span> <span class='ocrx_word' id='word_1_303' title='bbox 3405 1428 3501 1483; x_wconf 79' lang='grc' dir='ltr'>καὶ</span> <span class='ocrx_word' id='word_1_304' title='bbox 3527 1429 3800 1498; x_wconf 89' lang='grc' dir='ltr'>φονευτῶν</span> 
     </span>
    </p>
   </div>
   <div class='ocr_carea' id='block_1_46' title="bbox 2215 1521 2622 1576">
    <p class='ocr_par' dir='ltr' id='par_1_46' title="bbox 2215 1521 2622 1576">
     <span class='ocr_line' id='line_1_46' title="bbox 2215 1521 2622 1576; baseline -0.005 0"><span class='ocrx_word' id='word_1_305' title='bbox 2215 1521 2622 1576; x_wconf 78' lang='grc' dir='ltr'>τοῦδεσπότου.</span> 
     </span>
    </p>
   </div>
   <div class='ocr_carea' id='block_1_47' title="bbox 2479 1612 3536 1683">
    <p class='ocr_par' dir='ltr' id='par_1_47' title="bbox 2479 1612 3536 1683">
     <span class='ocr_line' id='line_1_47' title="bbox 2479 1612 3536 1683; baseline -0.001 -16"><span class='ocrx_word' id='word_1_306' title='bbox 2479 1614 2697 1668; x_wconf 83' lang='grc' dir='ltr'><strong>ΛΟΓΟΣ</strong></span> <span class='ocrx_word' id='word_1_307' title='bbox 2735 1615 2824 1669; x_wconf 84' lang='grc' dir='ltr'>Μ’.</span> <span class='ocrx_word' id='word_1_308' title='bbox 2859 1613 3106 1682; x_wconf 83' lang='grc' dir='ltr'>Μάρκου</span> <span class='ocrx_word' id='word_1_309' title='bbox 3135 1613 3404 1683; x_wconf 85' lang='grc' dir='ltr'>θαύματα</span> <span class='ocrx_word' id='word_1_310' title='bbox 3435 1612 3536 1683; x_wconf 72' lang='grc'>(4).</span> 
     </span>
    </p>
   </div>
   <div class='ocr_carea' id='block_1_48' title="bbox 2381 1707 3644 1778">
    <p class='ocr_par' dir='ltr' id='par_1_48' title="bbox 2381 1707 3644 1778">
     <span class='ocr_line' id='line_1_48' title="bbox 2381 1707 3644 1778; baseline -0.002 -14"><span class='ocrx_word' id='word_1_311' title='bbox 2381 1710 2599 1764; x_wconf 89' lang='grc' dir='ltr'><strong>ΛΟΓΟΣ</strong></span> <span class='ocrx_word' id='word_1_312' title='bbox 2637 1709 2774 1764; x_wconf 82' lang='lat' dir='ltr'><strong>MA&#39;.</strong></span> <span class='ocrx_word' id='word_1_313' title='bbox 2820 1709 2932 1764; x_wconf 85' lang='grc' dir='ltr'>Τοῦ</span> <span class='ocrx_word' id='word_1_314' title='bbox 2963 1710 3149 1764; x_wconf 78' lang='grc' dir='ltr'>αὐτοῦ</span> <span class='ocrx_word' id='word_1_315' title='bbox 3173 1710 3511 1778; x_wconf 78' lang='grc' dir='ltr'>παραϐολαι</span> <span class='ocrx_word' id='word_1_316' title='bbox 3545 1707 3644 1778; x_wconf 78' lang='grc'>(5).</span> 
     </span>
    </p>
   </div>
   <div class='ocr_carea' id='block_1_49' title="bbox 2287 1797 3797 1872">
    <p class='ocr_par' dir='ltr' id='par_1_49' title="bbox 2287 1797 3797 1872">
     <span class='ocr_line' id='line_1_49' title="bbox 2287 1797 3797 1872; baseline -0.003 -17"><span class='ocrx_word' id='word_1_317' title='bbox 2287 1802 2514 1872; x_wconf 77' lang='grc' dir='ltr'>Μάρκος</span> <span class='ocrx_word' id='word_1_318' title='bbox 2575 1801 2633 1854; x_wconf 78' lang='grc' dir='ltr'>δὲ</span> <span class='ocrx_word' id='word_1_319' title='bbox 2692 1803 2965 1854; x_wconf 89' lang='grc' dir='ltr'>τοσούτων</span> <span class='ocrx_word' id='word_1_320' title='bbox 3022 1800 3265 1871; x_wconf 76' lang='grc' dir='ltr'>ἐμνήσθη</span> <span class='ocrx_word' id='word_1_321' title='bbox 3324 1798 3650 1870; x_wconf 87' lang='grc' dir='ltr'>θαυμάτων·</span> <span class='ocrx_word' id='word_1_322' title='bbox 3705 1797 3797 1851; x_wconf 83' lang='grc' dir='ltr'>τοῦ</span> 
     </span>
    </p>
   </div>
   <div class='ocr_carea' id='block_1_50' title="bbox 2215 1889 3796 1964">
    <p class='ocr_par' dir='ltr' id='par_1_50' title="bbox 2215 1889 3796 1964">
     <span class='ocr_line' id='line_1_50' title="bbox 2215 1889 3796 1964; baseline -0.003 -18"><span class='ocrx_word' id='word_1_323' title='bbox 2215 1893 2616 1964; x_wconf 83' lang='grc' dir='ltr'>δαιμονῶντος,</span> <span class='ocrx_word' id='word_1_324' title='bbox 2667 1892 2766 1962; x_wconf 85' lang='grc' dir='ltr'>τῆς</span> <span class='ocrx_word' id='word_1_325' title='bbox 2815 1891 3084 1962; x_wconf 81' lang='grc' dir='ltr'>πενθερᾶς</span> <span class='ocrx_word' id='word_1_326' title='bbox 3133 1891 3378 1963; x_wconf 83' lang='grc' dir='ltr'>Πέτρου,</span> <span class='ocrx_word' id='word_1_327' title='bbox 3423 1891 3516 1943; x_wconf 89' lang='grc' dir='ltr'>τοῦ</span> <span class='ocrx_word' id='word_1_328' title='bbox 3562 1889 3796 1962; x_wconf 81' lang='grc' dir='ltr'>λεπροῦ,</span> 
     </span>
    </p>
   </div>
   <div class='ocr_carea' id='block_1_51' title="bbox 2214 1981 3795 2054">
    <p class='ocr_par' dir='ltr' id='par_1_51' title="bbox 2214 1981 3795 2054">
     <span class='ocr_line' id='line_1_51' title="bbox 2214 1981 3795 2054; baseline -0.003 -16"><span class='ocrx_word' id='word_1_329' title='bbox 2214 1984 2308 2038; x_wconf 85' lang='grc' dir='ltr'>τοῦ</span> <span class='ocrx_word' id='word_1_330' title='bbox 2345 1983 2658 2054; x_wconf 89' lang='grc' dir='ltr'>παραλύτου</span> <span class='ocrx_word' id='word_1_331' title='bbox 2679 2024 2693 2047; x_wconf 98' lang='grc'>,</span> <span class='ocrx_word' id='word_1_332' title='bbox 2738 1981 2832 2036; x_wconf 88' lang='grc' dir='ltr'>τοῦ</span> <span class='ocrx_word' id='word_1_333' title='bbox 2867 1981 3038 2052; x_wconf 81' lang='grc' dir='ltr'>ξηρὰν</span> <span class='ocrx_word' id='word_1_334' title='bbox 3068 1981 3282 2052; x_wconf 78' lang='grc' dir='ltr'>ἔχοντος</span> <span class='ocrx_word' id='word_1_335' title='bbox 3312 1985 3470 2052; x_wconf 81' lang='grc' dir='ltr'>χεῖρα</span> <span class='ocrx_word' id='word_1_336' title='bbox 3489 2021 3505 2045; x_wconf 94' lang='grc'>,</span> <span class='ocrx_word' id='word_1_337' title='bbox 3535 1981 3643 2034; x_wconf 89' lang='grc' dir='ltr'>τῶν</span> <span class='ocrx_word' id='word_1_338' title='bbox 3679 1982 3795 2034; x_wconf 74' lang='grc' dir='ltr'>ἀνέ-</span> 
     </span>
    </p>
   </div>
   <div class='ocr_carea' id='block_1_52' title="bbox 2219 2073 3794 2149">
    <p class='ocr_par' dir='ltr' id='par_1_52' title="bbox 2219 2073 3794 2149">
     <span class='ocr_line' id='line_1_52' title="bbox 2219 2073 3794 2149; baseline -0.003 -19"><span class='ocrx_word' id='word_1_339' title='bbox 2219 2093 2336 2149; x_wconf 91' lang='grc' dir='ltr'>μων</span> <span class='ocrx_word' id='word_1_340' title='bbox 2369 2077 2464 2130; x_wconf 77' lang='grc' dir='ltr'>καὶ</span> <span class='ocrx_word' id='word_1_341' title='bbox 2511 2077 2610 2146; x_wconf 87' lang='grc' dir='ltr'>τῆς</span> <span class='ocrx_word' id='word_1_342' title='bbox 2657 2074 2934 2146; x_wconf 87' lang='grc' dir='ltr'>θαλάσσης</span> <span class='ocrx_word' id='word_1_343' title='bbox 2956 2115 2970 2136; x_wconf 91' lang='grc'>,</span> <span class='ocrx_word' id='word_1_344' title='bbox 3008 2073 3101 2127; x_wconf 90' lang='grc' dir='ltr'>τοῦ</span> <span class='ocrx_word' id='word_1_345' title='bbox 3148 2073 3445 2142; x_wconf 88' lang='grc' dir='ltr'>λεγεῶνος,</span> <span class='ocrx_word' id='word_1_346' title='bbox 3475 2073 3574 2142; x_wconf 90' lang='grc' dir='ltr'>τῆς</span> <span class='ocrx_word' id='word_1_347' title='bbox 3605 2073 3794 2145; x_wconf 76' lang='grc' dir='ltr'>αἱμορ-</span> 
     </span>
    </p>
   </div>
   <div class='ocr_carea' id='block_1_53' title="bbox 2218 2163 3796 2240">
    <p class='ocr_par' dir='ltr' id='par_1_53' title="bbox 2218 2163 3796 2240">
     <span class='ocr_line' id='line_1_53' title="bbox 2218 2163 3796 2240; baseline -0.004 -17"><span class='ocrx_word' id='word_1_348' title='bbox 2218 2169 2475 2240; x_wconf 80' lang='grc' dir='ltr'>ροούσης,</span> <span class='ocrx_word' id='word_1_349' title='bbox 2515 2168 2613 2239; x_wconf 86' lang='grc' dir='ltr'>τῆς</span> <span class='ocrx_word' id='word_1_350' title='bbox 2644 2166 2911 2238; x_wconf 73' lang='grc' dir='ltr'>θυγατρὸς</span> <span class='ocrx_word' id='word_1_351' title='bbox 2951 2167 3176 2237; x_wconf 84' lang='grc' dir='ltr'>Ἰαείρου</span> <span class='ocrx_word' id='word_1_352' title='bbox 3195 2205 3208 2228; x_wconf 93' lang='grc'>,</span> <span class='ocrx_word' id='word_1_353' title='bbox 3247 2164 3356 2218; x_wconf 90' lang='grc' dir='ltr'>τῶν</span> <span class='ocrx_word' id='word_1_354' title='bbox 3383 2171 3424 2216; x_wconf 85' lang='grc' dir='ltr'>ε’</span> <span class='ocrx_word' id='word_1_355' title='bbox 3453 2164 3631 2237; x_wconf 82' lang='grc' dir='ltr'>ἄρτων</span> <span class='ocrx_word' id='word_1_356' title='bbox 3654 2204 3668 2228; x_wconf 93' lang='grc'>,</span> <span class='ocrx_word' id='word_1_357' title='bbox 3697 2163 3796 2234; x_wconf 86' lang='grc' dir='ltr'>τῆς</span> 
     </span>
    </p>
   </div>
   <div class='ocr_carea' id='block_1_54' title="bbox 2216 2257 3796 2332">
    <p class='ocr_par' dir='ltr' id='par_1_54' title="bbox 2216 2257 3796 2332">
     <span class='ocr_line' id='line_1_54' title="bbox 2216 2257 3796 2332; baseline -0.004 -17"><span class='ocrx_word' id='word_1_358' title='bbox 2216 2263 2274 2315; x_wconf 83' lang='grc' dir='ltr'>ὲν</span> <span class='ocrx_word' id='word_1_359' title='bbox 2319 2259 2565 2332; x_wconf 83' lang='grc' dir='ltr'>θαλάσσῃ</span> <span class='ocrx_word' id='word_1_360' title='bbox 2593 2259 2956 2331; x_wconf 86' lang='grc' dir='ltr'>πεζοπορείας</span> <span class='ocrx_word' id='word_1_361' title='bbox 2974 2297 2988 2321; x_wconf 92' lang='grc'>,</span> <span class='ocrx_word' id='word_1_362' title='bbox 3018 2257 3116 2327; x_wconf 82' lang='grc' dir='ltr'>τῆς</span> <span class='ocrx_word' id='word_1_363' title='bbox 3151 2257 3638 2328; x_wconf 85' lang='grc' dir='ltr'>Συροφοινικίσσης</span> <span class='ocrx_word' id='word_1_364' title='bbox 3663 2298 3676 2322; x_wconf 94' lang='grc'>,</span> <span class='ocrx_word' id='word_1_365' title='bbox 3701 2257 3796 2310; x_wconf 84' lang='grc' dir='ltr'>τοῦ</span> 
     </span>
    </p>
   </div>
   <div class='ocr_carea' id='block_1_55' title="bbox 2215 2348 3796 2422">
    <p class='ocr_par' dir='ltr' id='par_1_55' title="bbox 2215 2348 3796 2422">
     <span class='ocr_line' id='line_1_55' title="bbox 2215 2348 3796 2422; baseline -0.004 -15"><span class='ocrx_word' id='word_1_366' title='bbox 2215 2351 2401 2422; x_wconf 81' lang='grc' dir='ltr'>κωφοῦ</span> <span class='ocrx_word' id='word_1_367' title='bbox 2434 2352 2530 2406; x_wconf 76' lang='grc' dir='ltr'>καὶ</span> <span class='ocrx_word' id='word_1_368' title='bbox 2571 2351 2772 2404; x_wconf 86' lang='grc' dir='ltr'>ἀλάλου</span> <span class='ocrx_word' id='word_1_369' title='bbox 2795 2391 2809 2415; x_wconf 94' lang='grc'>,</span> <span class='ocrx_word' id='word_1_370' title='bbox 2856 2350 2968 2403; x_wconf 88' lang='grc' dir='ltr'>τῶν</span> <span class='ocrx_word' id='word_1_371' title='bbox 3001 2349 3043 2413; x_wconf 82' lang='grc' dir='ltr'>ζ’</span> <span class='ocrx_word' id='word_1_372' title='bbox 3075 2350 3291 2422; x_wconf 73' lang='grc' dir='ltr'>ἄρτωνζ,</span> <span class='ocrx_word' id='word_1_373' title='bbox 3331 2349 3427 2403; x_wconf 90' lang='grc' dir='ltr'>τοῦ</span> <span class='ocrx_word' id='word_1_374' title='bbox 3465 2348 3758 2421; x_wconf 80' lang='grc' dir='ltr'>μογιλάλον</span> <span class='ocrx_word' id='word_1_375' title='bbox 3780 2390 3796 2410; x_wconf 90' lang='grc'>,</span> 
     </span>
    </p>
   </div>
   <div class='ocr_carea' id='block_1_56' title="bbox 2213 2440 3796 2517">
    <p class='ocr_par' dir='ltr' id='par_1_56' title="bbox 2213 2440 3796 2517">
     <span class='ocr_line' id='line_1_56' title="bbox 2213 2440 3796 2517; baseline -0.004 -17"><span class='ocrx_word' id='word_1_376' title='bbox 2213 2446 2308 2500; x_wconf 94' lang='grc' dir='ltr'>τοῦ</span> <span class='ocrx_word' id='word_1_377' title='bbox 2337 2444 2701 2517; x_wconf 86' lang='grc' dir='ltr'>Βαρτιμαίου,</span> <span class='ocrx_word' id='word_1_378' title='bbox 2733 2442 2832 2514; x_wconf 88' lang='grc' dir='ltr'>τῆς</span> <span class='ocrx_word' id='word_1_379' title='bbox 2873 2443 3123 2514; x_wconf 85' lang='grc' dir='ltr'>ἀκάρπου</span> <span class='ocrx_word' id='word_1_380' title='bbox 3157 2441 3347 2514; x_wconf 87' lang='grc' dir='ltr'>συκῆς,</span> <span class='ocrx_word' id='word_1_381' title='bbox 3378 2440 3485 2496; x_wconf 90' lang='grc' dir='ltr'>τῶν</span> <span class='ocrx_word' id='word_1_382' title='bbox 3514 2441 3680 2510; x_wconf 75' lang='grc' dir='ltr'>ἐγγυς</span> <span class='ocrx_word' id='word_1_383' title='bbox 3703 2440 3796 2494; x_wconf 90' lang='grc' dir='ltr'>τοῦ</span> 
     </span>
    </p>
   </div>
   <div class='ocr_carea' id='block_1_57' title="bbox 2214 2533 3795 2605">
    <p class='ocr_par' dir='ltr' id='par_1_57' title="bbox 2214 2533 3795 2605">
     <span class='ocr_line' id='line_1_57' title="bbox 2214 2533 3795 2605; baseline -0.003 -12"><span class='ocrx_word' id='word_1_384' title='bbox 2214 2538 2345 2593; x_wconf 90' lang='grc' dir='ltr'>ναοῦ</span> <span class='ocrx_word' id='word_1_385' title='bbox 2395 2535 2613 2605; x_wconf 79' lang='grc' dir='ltr'>τυφλῶν</span> <span class='ocrx_word' id='word_1_386' title='bbox 2663 2535 2758 2587; x_wconf 73' lang='grc' dir='ltr'>καὶ</span> <span class='ocrx_word' id='word_1_387' title='bbox 2806 2533 2994 2604; x_wconf 89' lang='grc' dir='ltr'>χωλῶν</span> <span class='ocrx_word' id='word_1_388' title='bbox 3042 2533 3316 2587; x_wconf 79' lang='grc' dir='ltr'>ἰαθέντων.</span> <span class='ocrx_word' id='word_1_389' title='bbox 3373 2533 3702 2604; x_wconf 73' lang='grc' dir='ltr'>Παραϐολῶν</span> <span class='ocrx_word' id='word_1_390' title='bbox 3738 2533 3795 2588; x_wconf 75' lang='grc' dir='ltr'>δὲ</span> 
     </span>
    </p>
   </div>
   <div class='ocr_carea' id='block_1_58' title="bbox 2213 2623 3794 2698">
    <p class='ocr_par' dir='ltr' id='par_1_58' title="bbox 2213 2623 3794 2698">
     <span class='ocr_line' id='line_1_58' title="bbox 2213 2623 3794 2698; baseline -0.004 -15"><span class='ocrx_word' id='word_1_391' title='bbox 2213 2629 2482 2683; x_wconf 90' lang='grc' dir='ltr'>τοσούτων</span> <span class='ocrx_word' id='word_1_392' title='bbox 2513 2625 2758 2698; x_wconf 76' lang='grc' dir='ltr'>ἐμνήσθη</span> <span class='ocrx_word' id='word_1_393' title='bbox 2782 2640 2797 2656; x_wconf 87' lang='grc'>⁶</span> <span class='ocrx_word' id='word_1_394' title='bbox 2833 2625 2925 2679; x_wconf 91' lang='grc' dir='ltr'>τοῦ</span> <span class='ocrx_word' id='word_1_395' title='bbox 2957 2627 3214 2689; x_wconf 88' lang='grc' dir='ltr'>πεσόντος</span> <span class='ocrx_word' id='word_1_396' title='bbox 3243 2626 3334 2679; x_wconf 70' lang='grc' dir='ltr'>ἐπὶ</span> <span class='ocrx_word' id='word_1_397' title='bbox 3358 2624 3455 2696; x_wconf 86' lang='grc' dir='ltr'>τὴν</span> <span class='ocrx_word' id='word_1_398' title='bbox 3478 2625 3580 2695; x_wconf 84' lang='grc' dir='ltr'>γῆν</span> <span class='ocrx_word' id='word_1_399' title='bbox 3611 2623 3794 2677; x_wconf 85' lang='grc' dir='ltr'>ἀνίσου</span> 
     </span>
    </p>
   </div>
   <div class='ocr_carea' id='block_1_59' title="bbox 2217 2714 3798 2792">
    <p class='ocr_par' dir='ltr' id='par_1_59' title="bbox 2217 2714 3798 2792">
     <span class='ocr_line' id='line_1_59' title="bbox 2217 2714 3798 2792; baseline -0.003 -20"><span class='ocrx_word' id='word_1_400' title='bbox 2217 2719 2452 2792; x_wconf 88' lang='grc' dir='ltr'>σπόρου,</span> <span class='ocrx_word' id='word_1_401' title='bbox 2498 2717 2608 2769; x_wconf 89' lang='grc' dir='ltr'>τῶν</span> <span class='ocrx_word' id='word_1_402' title='bbox 2652 2715 2938 2780; x_wconf 79' lang='grc' dir='ltr'>ζιζανίων,</span> <span class='ocrx_word' id='word_1_403' title='bbox 2986 2714 3078 2768; x_wconf 88' lang='grc' dir='ltr'>τοῦ</span> <span class='ocrx_word' id='word_1_404' title='bbox 3127 2715 3361 2783; x_wconf 87' lang='grc' dir='ltr'>νάπυος,</span> <span class='ocrx_word' id='word_1_405' title='bbox 3413 2714 3505 2768; x_wconf 91' lang='grc' dir='ltr'>τοῦ</span> <span class='ocrx_word' id='word_1_406' title='bbox 3550 2715 3798 2778; x_wconf 87' lang='grc' dir='ltr'>θανόντος</span> 
     </span>
    </p>
   </div>
   <div class='ocr_carea' id='block_1_60' title="bbox 2214 2808 3022 2883">
    <p class='ocr_par' dir='ltr' id='par_1_60' title="bbox 2214 2808 3022 2883">
     <span class='ocr_line' id='line_1_60' title="bbox 2214 2808 3022 2883; baseline -0.002 -17"><span class='ocrx_word' id='word_1_407' title='bbox 2214 2811 2552 2883; x_wconf 87' lang='grc' dir='ltr'>κληρονόμου</span> <span class='ocrx_word' id='word_1_408' title='bbox 2587 2809 2774 2880; x_wconf 72' lang='grc' dir='ltr'>χερσὶν</span> <span class='ocrx_word' id='word_1_409' title='bbox 2800 2808 3022 2864; x_wconf 84' lang='grc' dir='ltr'>ἀδίκων.</span> 
     </span>
    </p>
   </div>
   <div class='ocr_carea' id='block_1_61' title="bbox 2314 2897 3714 2968">
    <p class='ocr_par' dir='ltr' id='par_1_61' title="bbox 2314 2897 3714 2968">
     <span class='ocr_line' id='line_1_61' title="bbox 2314 2897 3714 2968; baseline -0.002 -12"><span class='ocrx_word' id='word_1_410' title='bbox 2314 2901 2534 2956; x_wconf 90' lang='grc' dir='ltr'><strong>ΛΟΓΟΣ</strong></span> <span class='ocrx_word' id='word_1_411' title='bbox 2573 2901 2707 2954; x_wconf 85' lang='grc' dir='ltr'>ΜΒ’.</span> <span class='ocrx_word' id='word_1_412' title='bbox 2751 2900 3093 2968; x_wconf 76' lang='grc' dir='ltr'>Παραϐολαὶ</span> <span class='ocrx_word' id='word_1_413' title='bbox 3120 2899 3237 2954; x_wconf 82' lang='grc' dir='ltr'>τῶν</span> <span class='ocrx_word' id='word_1_414' title='bbox 3267 2897 3584 2967; x_wconf 82' lang='grc' dir='ltr'>τεσσάρων</span> <span class='ocrx_word' id='word_1_415' title='bbox 3617 2897 3714 2968; x_wconf 87' lang='lat'>(6).</span> 
     </span>
    </p>
   </div>
   <div class='ocr_carea' id='block_1_62' title="bbox 2282 2987 3800 3064">
    <p class='ocr_par' dir='ltr' id='par_1_62' title="bbox 2282 2987 3800 3064">
     <span class='ocr_line' id='line_1_62' title="bbox 2282 2987 3800 3064; baseline -0.004 -16"><span class='ocrx_word' id='word_1_416' title='bbox 2282 2996 2453 3064; x_wconf 83' lang='grc' dir='ltr'>Κοινῇ</span> <span class='ocrx_word' id='word_1_417' title='bbox 2486 2992 2595 3045; x_wconf 90' lang='grc' dir='ltr'>τῶν</span> <span class='ocrx_word' id='word_1_418' title='bbox 2618 2990 2944 3063; x_wconf 76' lang='grc' dir='ltr'>παραϐολῶν</span> <span class='ocrx_word' id='word_1_419' title='bbox 2987 2992 3016 3044; x_wconf 85' lang='grc' dir='ltr'>ὁ</span> <span class='ocrx_word' id='word_1_420' title='bbox 3054 2990 3194 3053; x_wconf 86' lang='grc' dir='ltr'>θεῖος</span> <span class='ocrx_word' id='word_1_421' title='bbox 3240 2990 3566 3060; x_wconf 86' lang='grc' dir='ltr'>μνημονεύει</span> <span class='ocrx_word' id='word_1_422' title='bbox 3594 2987 3800 3060; x_wconf 84' lang='grc' dir='ltr'>Γρηγό-</span> 
     </span>
    </p>
   </div>
   <div class='ocr_carea' id='block_1_63' title="bbox 2217 3081 3796 3160">
    <p class='ocr_par' dir='ltr' id='par_1_63' title="bbox 2217 3081 3796 3160">
     <span class='ocr_line' id='line_1_63' title="bbox 2217 3081 3796 3160; baseline -0.005 -18"><span class='ocrx_word' id='word_1_423' title='bbox 2217 3105 2359 3160; x_wconf 90' lang='grc' dir='ltr'>ριος,</span> <span class='ocrx_word' id='word_1_424' title='bbox 2390 3081 2466 3141; x_wconf 83' lang='grc' dir='ltr'>ὧν</span> <span class='ocrx_word' id='word_1_425' title='bbox 2507 3087 2556 3139; x_wconf 80' lang='grc' dir='ltr'>οἱ</span> <span class='ocrx_word' id='word_1_426' title='bbox 2611 3084 2876 3157; x_wconf 88' lang='grc' dir='ltr'>τέσσαρες</span> <span class='ocrx_word' id='word_1_427' title='bbox 2921 3083 3312 3152; x_wconf 78' lang='grc' dir='ltr'>εὐαγγελισταὶ</span> <span class='ocrx_word' id='word_1_428' title='bbox 3358 3081 3796 3155; x_wconf 80' lang='grc' dir='ltr'>συνεγράψαντοο</span> 
     </span>
    </p>
   </div>
   <div class='ocr_carea' id='block_1_64' title="bbox 523 3253 3796 3333">
    <p class='ocr_par' dir='ltr' id='par_1_64' title="bbox 523 3253 3796 3333">
     <span class='ocr_line' id='line_1_64' title="bbox 523 3253 3796 3333; baseline 0.003 -26"><span class='ocrx_word' id='word_1_429' title='bbox 523 3253 798 3333; x_wconf 63' lang='lat' dir='ltr'><strong>rariorum</strong></span> <span class='ocrx_word' id='word_1_430' title='bbox 825 3259 1203 3333; x_wconf 77' lang='lat' dir='ltr'><strong>mercedisque</strong></span> <span class='ocrx_word' id='word_1_431' title='bbox 1231 3260 1563 3333; x_wconf 73' lang='lat' dir='ltr'><strong>aequalitatis</strong></span> <span class='ocrx_word' id='word_1_432' title='bbox 1587 3262 1906 3320; x_wconf 80' lang='lat' dir='ltr'>novissimis</span> <span class='ocrx_word' id='word_1_433' title='bbox 1928 3269 1982 3318; x_wconf 88' lang='lat' dir='ltr'>et</span> <span class='ocrx_word' id='word_1_434' title='bbox 1998 3262 2215 3333; x_wconf 85' lang='lat' dir='ltr'><strong>primis,</strong></span> <span class='ocrx_word' id='word_1_435' title='bbox 2235 3263 2504 3318; x_wconf 90' lang='lat' dir='ltr'><strong>malorum</strong></span> <span class='ocrx_word' id='word_1_436' title='bbox 2531 3263 2926 3333; x_wconf 82' lang='lat' dir='ltr'>agricolarum,</span> <span class='ocrx_word' id='word_1_437' title='bbox 2955 3261 3048 3315; x_wconf 79' lang='lat' dir='ltr'><strong>filii</strong></span> <span class='ocrx_word' id='word_1_438' title='bbox 3068 3276 3096 3314; x_wconf 90' lang='lat' dir='ltr'>a</span> <span class='ocrx_word' id='word_1_439' title='bbox 3117 3270 3268 3330; x_wconf 88' lang='lat' dir='ltr'><strong>patre</strong></span> <span class='ocrx_word' id='word_1_440' title='bbox 3293 3259 3446 3316; x_wconf 89' lang='lat' dir='ltr'><strong>missi</strong></span> <span class='ocrx_word' id='word_1_441' title='bbox 3481 3266 3535 3316; x_wconf 90' lang='lat' dir='ltr'><strong>in</strong></span> <span class='ocrx_word' id='word_1_442' title='bbox 3560 3261 3796 3326; x_wconf 81' lang='lat' dir='ltr'><strong>vineam.</strong></span> 
     </span>
    </p>
   </div>
   <div class='ocr_carea' id='block_1_65' title="bbox 523 3325 3377 3404">
    <p class='ocr_par' dir='ltr' id='par_1_65' title="bbox 523 3325 3377 3404">
     <span class='ocr_line' id='line_1_65' title="bbox 523 3325 3377 3404; baseline 0.001 -24"><span class='ocrx_word' id='word_1_443' title='bbox 523 3325 831 3382; x_wconf 81' lang='lat' dir='ltr'>libellorum</span> <span class='ocrx_word' id='word_1_444' title='bbox 872 3328 927 3382; x_wconf 90' lang='lat' dir='ltr'>in</span> <span class='ocrx_word' id='word_1_445' title='bbox 967 3325 1339 3395; x_wconf 83' lang='lat' dir='ltr'><strong>matrimonio,</strong></span> <span class='ocrx_word' id='word_1_446' title='bbox 1371 3331 1559 3386; x_wconf 80' lang='lat' dir='ltr'><strong>decem</strong></span> <span class='ocrx_word' id='word_1_447' title='bbox 1592 3334 1886 3403; x_wconf 85' lang='lat' dir='ltr'><strong>virginum,</strong></span> <span class='ocrx_word' id='word_1_448' title='bbox 1937 3325 2252 3404; x_wconf 65' lang='lat' dir='ltr'>partitionis</span> <span class='ocrx_word' id='word_1_449' title='bbox 2287 3325 2642 3398; x_wconf 71' lang='lat' dir='ltr'><strong>talentorum,</strong></span> <span class='ocrx_word' id='word_1_450' title='bbox 2668 3335 2851 3389; x_wconf 77' lang='lat' dir='ltr'><strong>ovium</strong></span> <span class='ocrx_word' id='word_1_451' title='bbox 2876 3341 3040 3403; x_wconf 85' lang='lat' dir='ltr'><strong>atque</strong></span> <span class='ocrx_word' id='word_1_452' title='bbox 3069 3325 3377 3387; x_wconf 66' lang='lat' dir='ltr'><strong>bmdorum.</strong></span> 
     </span>
    </p>
   </div>
   <div class='ocr_carea' id='block_1_66' title="bbox 1545 3449 2771 3508">
    <p class='ocr_par' dir='ltr' id='par_1_66' title="bbox 1545 3449 2771 3508">
     <span class='ocr_line' id='line_1_66' title="bbox 1545 3449 2771 3508; baseline 0.004 -5"><span class='ocrx_word' id='word_1_453' title='bbox 1545 3449 1830 3504; x_wconf 81' lang='lat' dir='ltr'>CARMEN</span> <span class='ocrx_word' id='word_1_454' title='bbox 1883 3450 2152 3506; x_wconf 82' lang='lat' dir='ltr'><strong>XXXVII.</strong></span> <span class='ocrx_word' id='word_1_455' title='bbox 2205 3451 2437 3508; x_wconf 75' lang='lat' dir='ltr'>Joannis</span> <span class='ocrx_word' id='word_1_456' title='bbox 2481 3453 2771 3508; x_wconf 86' lang='lat' dir='ltr'><strong>miracula.</strong></span> 
     </span>
    </p>
   </div>
   <div class='ocr_carea' id='block_1_67' title="bbox 563 3531 3797 3622">
    <p class='ocr_par' dir='ltr' id='par_1_67' title="bbox 563 3531 3797 3622">
     <span class='ocr_line' id='line_1_67' title="bbox 563 3531 3797 3622; baseline 0.002 -33"><span class='ocrx_word' id='word_1_457' title='bbox 563 3531 842 3618; x_wconf 48' lang='lat' dir='ltr'><strong>.Joannes</strong></span> <span class='ocrx_word' id='word_1_458' title='bbox 878 3546 1062 3620; x_wconf 74' lang='lat' dir='ltr'><strong>autem</strong></span> <span class='ocrx_word' id='word_1_459' title='bbox 1092 3539 1408 3612; x_wconf 84' lang='lat' dir='ltr'><strong>Theologtts</strong></span> <span class='ocrx_word' id='word_1_460' title='bbox 1439 3542 1556 3598; x_wconf 82' lang='lat' dir='ltr'><strong>haec</strong></span> <span class='ocrx_word' id='word_1_461' title='bbox 1592 3545 1883 3622; x_wconf 89' lang='lat' dir='ltr'><strong>miracula_</strong></span> <span class='ocrx_word' id='word_1_462' title='bbox 1906 3544 2134 3622; x_wconf 77' lang='lat' dir='ltr'><strong>tradidit</strong></span> <span class='ocrx_word' id='word_1_463' title='bbox 2169 3564 2182 3599; x_wconf 89' lang='lat'><strong>:</strong></span> <span class='ocrx_word' id='word_1_464' title='bbox 2217 3547 2533 3622; x_wconf 80' lang='lat' dir='ltr'><strong>nuptiarum</strong></span> <span class='ocrx_word' id='word_1_465' title='bbox 2579 3545 2635 3622; x_wconf 85' lang='lat' dir='ltr'><strong>in</strong></span> <span class='ocrx_word' id='word_1_466' title='bbox 2664 3546 2832 3622; x_wconf 85' lang='lat' dir='ltr'><strong>_Cana</strong></span> <span class='ocrx_word' id='word_1_467' title='bbox 2864 3541 3122 3622; x_wconf 67' lang='lat' dir='ltr'><strong>_Galilzeae,</strong></span> <span class='ocrx_word' id='word_1_468' title='bbox 3168 3541 3270 3622; x_wconf 80' lang='lat' dir='ltr'><strong>lilii</strong></span> <span class='ocrx_word' id='word_1_469' title='bbox 3295 3540 3492 3622; x_wconf 72' lang='lat' dir='ltr'><strong>reguli,</strong></span> <span class='ocrx_word' id='word_1_470' title='bbox 3517 3540 3797 3622; x_wconf 76' lang='lat' dir='ltr'><strong>paralytici</strong></span> 
     </span>
    </p>
   </div>
   <div class='ocr_carea' id='block_1_68' title="bbox 528 3609 3797 3693">
    <p class='ocr_par' dir='ltr' id='par_1_68' title="bbox 528 3609 3797 3693">
     <span class='ocr_line' id='line_1_68' title="bbox 528 3609 3797 3693; baseline 0.002 -35"><span class='ocrx_word' id='word_1_471' title='bbox 528 3609 772 3693; x_wconf 52' lang='lat' dir='ltr'><strong>piscinae,</strong></span> <span class='ocrx_word' id='word_1_472' title='bbox 815 3609 1059 3679; x_wconf 88' lang='lat' dir='ltr'><strong>quinque</strong></span> <span class='ocrx_word' id='word_1_473' title='bbox 1103 3609 1329 3693; x_wconf 63' lang='lat' dir='ltr'><strong>panum;</strong></span> <span class='ocrx_word' id='word_1_474' title='bbox 1365 3628 1532 3693; x_wconf 76' lang='lat' dir='ltr'><strong>supra</strong></span> <span class='ocrx_word' id='word_1_475' title='bbox 1563 3629 1738 3693; x_wconf 65' lang='lat' dir='ltr'><strong>mare</strong></span> <span class='ocrx_word' id='word_1_476' title='bbox 1777 3616 2193 3693; x_wconf 78' lang='lat' dir='ltr'><strong>ambulationis,</strong></span> <span class='ocrx_word' id='word_1_477' title='bbox 2238 3609 2371 3671; x_wconf 61' lang='lat' dir='ltr'><strong>caici</strong></span> <span class='ocrx_word' id='word_1_478' title='bbox 2405 3633 2470 3671; x_wconf 86' lang='lat' dir='ltr'><strong>ex</strong></span> <span class='ocrx_word' id='word_1_479' title='bbox 2506 3617 2817 3693; x_wconf 56' lang='lat' dir='ltr'><strong>naiirilate,</strong></span> <span class='ocrx_word' id='word_1_480' title='bbox 2863 3615 3057 3669; x_wconf 84' lang='lat' dir='ltr'><strong>Lazari</strong></span> <span class='ocrx_word' id='word_1_481' title='bbox 3091 3609 3463 3693; x_wconf 73' lang='lat' dir='ltr'><strong>quatriduani,</strong></span> <span class='ocrx_word' id='word_1_482' title='bbox 3499 3609 3797 3693; x_wconf 69' lang='lat' dir='ltr'><strong>passionis,</strong></span> 
     </span>
    </p>
   </div>
   <div class='ocr_carea' id='block_1_69' title="bbox 525 3678 3798 3804">
    <p class='ocr_par' dir='ltr' id='par_1_69' title="bbox 525 3678 3798 3804">
     <span class='ocr_line' id='line_1_69' title="bbox 525 3678 3798 3800; baseline 0.002 -71"><span class='ocrx_word' id='word_1_483' title='bbox 525 3678 848 3800; x_wconf 50' lang='lat' dir='ltr'><strong>repulturae,</strong></span> <span class='ocrx_word' id='word_1_484' title='bbox 886 3678 1334 3748; x_wconf 77' lang='lat' dir='ltr'><strong>resurrectionis,</strong></span> <span class='ocrx_word' id='word_1_485' title='bbox 1368 3678 1676 3740; x_wconf 46' lang='lat' dir='ltr'><strong>ad‘amicos</strong></span> <span class='ocrx_word' id='word_1_486' title='bbox 1705 3678 2212 3751; x_wconf 84' lang='lat' dir='ltr'><strong>sermocinatiouis,</strong></span> <span class='ocrx_word' id='word_1_487' title='bbox 2252 3695 2542 3743; x_wconf 88' lang='lat' dir='ltr'><strong>contactus</strong></span> <span class='ocrx_word' id='word_1_488' title='bbox 2583 3678 2830 3752; x_wconf 70' lang='lat' dir='ltr'><strong>Thomas,</strong></span> <span class='ocrx_word' id='word_1_489' title='bbox 2860 3695 2988 3757; x_wconf 90' lang='lat' dir='ltr'><strong>post</strong></span> <span class='ocrx_word' id='word_1_490' title='bbox 3020 3678 3482 3740; x_wconf 78' lang='lat' dir='ltr'><strong>resurrectionem</strong></span> <span class='ocrx_word' id='word_1_491' title='bbox 3502 3678 3798 3740; x_wconf 83' lang='lat' dir='ltr'><strong>manduca-</strong></span> 
     </span>
     <span class='ocr_line' id='line_1_70' title="bbox 553 3762 716 3804; baseline 0.025 -4"><span class='ocrx_word' id='word_1_492' title='bbox 553 3762 716 3804; x_wconf 76' lang='lat' dir='ltr'><strong>iouis.</strong></span> 
     </span>
    </p>
   </div>
   <div class='ocr_carea' id='block_1_70' title="bbox 1580 3843 2735 3904">
    <p class='ocr_par' dir='ltr' id='par_1_70' title="bbox 1580 3843 2735 3904">
     <span class='ocr_line' id='line_1_71' title="bbox 1580 3843 2735 3904; baseline 0.003 -3"><span class='ocrx_word' id='word_1_493' title='bbox 1580 3843 1868 3901; x_wconf 79' lang='lat' dir='ltr'>CABMEN</span> <span class='ocrx_word' id='word_1_494' title='bbox 1903 3846 2199 3904; x_wconf 76' lang='lat' dir='ltr'>XXXVIII.</span> <span class='ocrx_word' id='word_1_495' title='bbox 2249 3847 2408 3904; x_wconf 70' lang='lat' dir='ltr'><strong>Luca:</strong></span> <span class='ocrx_word' id='word_1_496' title='bbox 2449 3851 2735 3904; x_wconf 80' lang='lat' dir='ltr'><strong>miracula.</strong></span> 
     </span>
    </p>
   </div>
   <div class='ocr_carea' id='block_1_71' title="bbox 1553 3960 2741 4033">
    <p class='ocr_par' dir='ltr' id='par_1_71' title="bbox 1553 3960 2741 4033">
     <span class='ocr_line' id='line_1_72' title="bbox 1553 3960 2741 4033; baseline 0.002 -17"><span class='ocrx_word' id='word_1_497' title='bbox 1553 3960 1839 4016; x_wconf 82' lang='lat' dir='ltr'>CARMEN</span> <span class='ocrx_word' id='word_1_498' title='bbox 1879 3961 2124 4017; x_wconf 85' lang='lat' dir='ltr'><strong>XXXIX.</strong></span> <span class='ocrx_word' id='word_1_499' title='bbox 2162 3962 2414 4033; x_wconf 79' lang='lat' dir='ltr'>Ejusdem</span> <span class='ocrx_word' id='word_1_500' title='bbox 2447 3965 2741 4032; x_wconf 80' lang='lat' dir='ltr'><strong>parabolw.</strong></span> 
     </span>
    </p>
   </div>
   <div class='ocr_carea' id='block_1_72' title="bbox 600 4047 3798 4125">
    <p class='ocr_par' dir='ltr' id='par_1_72' title="bbox 600 4047 3798 4125">
     <span class='ocr_line' id='line_1_73' title="bbox 600 4047 3798 4125; baseline 0.002 -22"><span class='ocrx_word' id='word_1_501' title='bbox 600 4047 779 4125; x_wconf 77' lang='lat' dir='ltr'><strong>Lucas</strong></span> <span class='ocrx_word' id='word_1_502' title='bbox 818 4063 949 4125; x_wconf 81' lang='lat' dir='ltr'><strong>vero</strong></span> <span class='ocrx_word' id='word_1_503' title='bbox 983 4049 1098 4104; x_wconf 58' lang='lat' dir='ltr'><strong>haec</strong></span> <span class='ocrx_word' id='word_1_504' title='bbox 1129 4065 1346 4125; x_wconf 84' lang='lat' dir='ltr'><strong>quoque</strong></span> <span class='ocrx_word' id='word_1_505' title='bbox 1379 4052 1602 4125; x_wconf 85' lang='lat' dir='ltr'><strong>tradidit</strong></span> <span class='ocrx_word' id='word_1_506' title='bbox 1638 4056 1901 4110; x_wconf 85' lang='lat' dir='ltr'><strong>miracula</strong></span> <span class='ocrx_word' id='word_1_507' title='bbox 1939 4076 1954 4113; x_wconf 89' lang='lat'><strong>:</strong></span> <span class='ocrx_word' id='word_1_508' title='bbox 1984 4058 2329 4123; x_wconf 69' lang='lat' dir='ltr'><strong>daemoniaci,</strong></span> <span class='ocrx_word' id='word_1_509' title='bbox 2364 4073 2559 4114; x_wconf 90' lang='lat' dir='ltr'><strong>socrus</strong></span> <span class='ocrx_word' id='word_1_510' title='bbox 2590 4057 2756 4119; x_wconf 87' lang='lat' dir='ltr'><strong>Petri,</strong></span> <span class='ocrx_word' id='word_1_511' title='bbox 2792 4055 3026 4125; x_wconf 87' lang='lat' dir='ltr'><strong>leprosi,</strong></span> <span class='ocrx_word' id='word_1_512' title='bbox 3073 4054 3383 4124; x_wconf 84' lang='lat' dir='ltr'><strong>paralytici,</strong></span> <span class='ocrx_word' id='word_1_513' title='bbox 3420 4068 3662 4125; x_wconf 83' lang='lat' dir='ltr'><strong>manum</strong></span> <span class='ocrx_word' id='word_1_514' title='bbox 3686 4055 3798 4109; x_wconf 80' lang='lat' dir='ltr'><strong>ari-</strong></span> 
     </span>
    </p>
   </div>
   <div class='ocr_carea' id='block_1_73' title="bbox 529 4119 3797 4197">
    <p class='ocr_par' dir='ltr' id='par_1_73' title="bbox 529 4119 3797 4197">
     <span class='ocr_line' id='line_1_74' title="bbox 529 4119 3797 4197; baseline 0.002 -26"><span class='ocrx_word' id='word_1_515' title='bbox 529 4119 651 4197; x_wconf 68' lang='lat' dir='ltr'>dam</span> <span class='ocrx_word' id='word_1_516' title='bbox 689 4120 963 4197; x_wconf 69' lang='lat' dir='ltr'><strong>itabentis,</strong></span> <span class='ocrx_word' id='word_1_517' title='bbox 1007 4119 1161 4190; x_wconf 89' lang='lat' dir='ltr'><strong>pueri</strong></span> <span class='ocrx_word' id='word_1_518' title='bbox 1211 4119 1582 4197; x_wconf 68' lang='lat' dir='ltr'><strong>centurionis,</strong></span> <span class='ocrx_word' id='word_1_519' title='bbox 1613 4127 1708 4180; x_wconf 82' lang='lat' dir='ltr'><strong>lilii</strong></span> <span class='ocrx_word' id='word_1_520' title='bbox 1745 4127 1943 4190; x_wconf 64' lang='lat' dir='ltr'><strong>viduae,</strong></span> <span class='ocrx_word' id='word_1_521' title='bbox 1979 4119 2608 4196; x_wconf 44' lang='lat' dir='ltr'><strong>peccatricis&#39;mulieris,</strong></span> <span class='ocrx_word' id='word_1_522' title='bbox 2652 4119 3021 4197; x_wconf 76' lang='lat' dir='ltr'><strong>tempestatis,</strong></span> <span class='ocrx_word' id='word_1_523' title='bbox 3057 4119 3311 4195; x_wconf 75' lang='lat' dir='ltr'>legionis,</span> <span class='ocrx_word' id='word_1_524' title='bbox 3338 4123 3797 4197; x_wconf 70' lang='lat' dir='ltr'><strong>hmmorrlioissae,</strong></span> 
     </span>
    </p>
   </div>
   <div class='ocr_carea' id='block_1_74' title="bbox 530 4188 3787 4264">
    <p class='ocr_par' dir='ltr' id='par_1_74' title="bbox 530 4188 3787 4264">
     <span class='ocr_line' id='line_1_75' title="bbox 530 4188 3787 4264; baseline 0.002 -22"><span class='ocrx_word' id='word_1_525' title='bbox 530 4190 654 4243; x_wconf 68' lang='lat' dir='ltr'><strong>filia:</strong></span> <span class='ocrx_word' id='word_1_526' title='bbox 680 4188 836 4264; x_wconf 81' lang='lat' dir='ltr'><strong>.l_airi,</strong></span> <span class='ocrx_word' id='word_1_527' title='bbox 873 4188 1113 4264; x_wconf 68' lang='lat' dir='ltr'><strong>quinque</strong></span> <span class='ocrx_word' id='word_1_528' title='bbox 1152 4207 1375 4264; x_wconf 81' lang='lat' dir='ltr'><strong>panum.</strong></span> <span class='ocrx_word' id='word_1_529' title='bbox 1398 4188 2034 4264; x_wconf 70' lang='lat' dir='ltr'><strong>transﬁgm&#39;ationis,lilii</strong></span> <span class='ocrx_word' id='word_1_530' title='bbox 2070 4199 2214 4251; x_wconf 87' lang='lat' dir='ltr'><strong>unici</strong></span> <span class='ocrx_word' id='word_1_531' title='bbox 2250 4188 2782 4262; x_wconf 37' lang='lat' dir='ltr'><strong>sanationisfmuti,‘</strong></span> <span class='ocrx_word' id='word_1_532' title='bbox 2810 4188 3054 4251; x_wconf 80' lang='lat' dir='ltr'><strong>mulieris</strong></span> <span class='ocrx_word' id='word_1_533' title='bbox 3089 4188 3365 4251; x_wconf 66' lang='lat' dir='ltr'><strong>inclinatae</strong></span> <span class='ocrx_word' id='word_1_534' title='bbox 3389 4196 3458 4249; x_wconf 83' lang='lat' dir='ltr'>ob</span> <span class='ocrx_word' id='word_1_535' title='bbox 3482 4188 3787 4264; x_wconf 54' lang='lat' dir='ltr'><strong>colligatioé</strong></span> 
     </span>
    </p>
   </div>
   <div class='ocr_carea' id='block_1_75' title="bbox 534 4257 3798 4336">
    <p class='ocr_par' dir='ltr' id='par_1_75' title="bbox 534 4257 3798 4336">
     <span class='ocr_line' id='line_1_76' title="bbox 534 4257 3798 4336; baseline 0.002 -24"><span class='ocrx_word' id='word_1_536' title='bbox 534 4275 663 4336; x_wconf 73' lang='lat' dir='ltr'><strong>neni</strong></span> <span class='ocrx_word' id='word_1_537' title='bbox 695 4257 940 4336; x_wconf 62' lang='lat' dir='ltr'><strong>Satanze;</strong></span> <span class='ocrx_word' id='word_1_538' title='bbox 983 4257 1301 4336; x_wconf 59' lang='lat' dir='ltr'><strong>hydropici,</strong></span> <span class='ocrx_word' id='word_1_539' title='bbox 1324 4261 1525 4336; x_wconf 56' lang='lat' dir='ltr'><strong>decenti</strong></span> <span class='ocrx_word' id='word_1_540' title='bbox 1558 4257 1922 4334; x_wconf 43' lang='lat' dir='ltr'><strong>levprosorum,</strong></span> <span class='ocrx_word' id='word_1_541' title='bbox 1950 4269 2080 4322; x_wconf 66' lang='grc' dir='ltr'>(ξαεοί</span> <span class='ocrx_word' id='word_1_542' title='bbox 2113 4267 2504 4331; x_wconf 85' lang='lat' dir='ltr'><strong>Jerichuntini,</strong></span> <span class='ocrx_word' id='word_1_543' title='bbox 2543 4257 2597 4322; x_wconf 86' lang='lat' dir='ltr'>in</span> <span class='ocrx_word' id='word_1_544' title='bbox 2621 4257 2786 4322; x_wconf 83' lang='lat' dir='ltr'><strong>cruce</strong></span> <span class='ocrx_word' id='word_1_545' title='bbox 2823 4267 3128 4336; x_wconf 90' lang='lat' dir='ltr'><strong>signorum,</strong></span> <span class='ocrx_word' id='word_1_546' title='bbox 3162 4267 3478 4336; x_wconf 74' lang='lat' dir='ltr'><strong>sepulturae.</strong></span> <span class='ocrx_word' id='word_1_547' title='bbox 3515 4257 3798 4320; x_wconf 75' lang='lat' dir='ltr'><strong>resurrec-</strong></span> 
     </span>
    </p>
   </div>
   <div class='ocr_carea' id='block_1_76' title="bbox 530 4329 3798 4407">
    <p class='ocr_par' dir='ltr' id='par_1_76' title="bbox 530 4329 3798 4407">
     <span class='ocr_line' id='line_1_77' title="bbox 530 4329 3798 4407; baseline 0.002 -25"><span class='ocrx_word' id='word_1_548' title='bbox 530 4329 794 4407; x_wconf 79' lang='lat' dir='ltr'><strong>tionis,in</strong></span> <span class='ocrx_word' id='word_1_549' title='bbox 826 4331 997 4385; x_wconf 64' lang='lat' dir='ltr'><strong>caelos</strong></span> <span class='ocrx_word' id='word_1_550' title='bbox 1023 4329 1452 4407; x_wconf 23' lang='lat' dir='ltr'><strong>Vassu’mptionis.</strong></span> <span class='ocrx_word' id='word_1_551' title='bbox 1485 4329 1808 4407; x_wconf 48' lang='lat' dir='ltr'><strong>llas—autem</strong></span> <span class='ocrx_word' id='word_1_552' title='bbox 1850 4329 2142 4407; x_wconf 76' lang='lat' dir='ltr'><strong>parabolas</strong></span> <span class='ocrx_word' id='word_1_553' title='bbox 2176 4338 2404 4392; x_wconf 80' lang='lat' dir='ltr'><strong>tradidit</strong></span> <span class='ocrx_word' id='word_1_554' title='bbox 2439 4357 2453 4391; x_wconf 87' lang='lat'><strong>:</strong></span> <span class='ocrx_word' id='word_1_555' title='bbox 2486 4329 2718 4393; x_wconf 73' lang='lat' dir='ltr'><strong>firmiter</strong></span> <span class='ocrx_word' id='word_1_556' title='bbox 2752 4329 2922 4406; x_wconf 67' lang='grc' dir='ltr'>ευμεν</span> <span class='ocrx_word' id='word_1_557' title='bbox 2957 4346 3164 4407; x_wconf 64' lang='lat' dir='ltr'><strong>petran</strong></span> <span class='ocrx_word' id='word_1_558' title='bbox 3196 4329 3520 4407; x_wconf 65' lang='lat' dir='ltr'><strong>aidilicantis</strong></span> <span class='ocrx_word' id='word_1_559' title='bbox 3555 4337 3798 4398; x_wconf 87' lang='lat' dir='ltr'><strong>domum,</strong></span> 
     </span>
    </p>
   </div>
   <div class='ocr_carea' id='block_1_77' title="bbox 530 4399 3798 4477">
    <p class='ocr_par' dir='ltr' id='par_1_77' title="bbox 530 4399 3798 4477">
     <span class='ocr_line' id='line_1_78' title="bbox 530 4399 3798 4477; baseline 0.001 -24"><span class='ocrx_word' id='word_1_560' title='bbox 530 4412 642 4477; x_wconf 82' lang='lat' dir='ltr'><strong>quo</strong></span> <span class='ocrx_word' id='word_1_561' title='bbox 674 4399 885 4477; x_wconf 80' lang='lat' dir='ltr'><strong>majora</strong></span> <span class='ocrx_word' id='word_1_562' title='bbox 914 4402 1064 4477; x_wconf 84' lang='lat' dir='ltr'><strong>passi</strong></span> <span class='ocrx_word' id='word_1_563' title='bbox 1095 4417 1160 4456; x_wconf 91' lang='lat' dir='ltr'>eo</span> <span class='ocrx_word' id='word_1_564' title='bbox 1197 4399 1318 4477; x_wconf 79' lang='lat' dir='ltr'><strong>pius</strong></span> <span class='ocrx_word' id='word_1_565' title='bbox 1342 4403 1642 4477; x_wconf 78' lang='lat' dir='ltr'><strong>diligentis,</strong></span> <span class='ocrx_word' id='word_1_566' title='bbox 1681 4407 1734 4460; x_wconf 90' lang='lat' dir='ltr'>in</span> <span class='ocrx_word' id='word_1_567' title='bbox 1775 4399 2014 4476; x_wconf 79' lang='lat' dir='ltr'><strong>quatuor</strong></span> <span class='ocrx_word' id='word_1_568' title='bbox 2040 4410 2158 4462; x_wconf 89' lang='lat' dir='ltr'><strong>loca</strong></span> <span class='ocrx_word' id='word_1_569' title='bbox 2199 4408 2430 4464; x_wconf 88' lang='lat' dir='ltr'><strong>seminis</strong></span> <span class='ocrx_word' id='word_1_570' title='bbox 2455 4399 2846 4477; x_wconf 82' lang='lat' dir='ltr'><strong>cadentis,qui</strong></span> <span class='ocrx_word' id='word_1_571' title='bbox 2887 4399 3082 4460; x_wconf 70' lang='lat' dir='ltr'><strong>incidit</strong></span> <span class='ocrx_word' id='word_1_572' title='bbox 3107 4406 3161 4460; x_wconf 90' lang='lat' dir='ltr'>in</span> <span class='ocrx_word' id='word_1_573' title='bbox 3187 4408 3451 4477; x_wconf 79' lang='lat' dir='ltr'><strong>latrones,</strong></span> <span class='ocrx_word' id='word_1_574' title='bbox 3489 4406 3798 4477; x_wconf 80' lang='lat' dir='ltr'><strong>importune</strong></span> 
     </span>
    </p>
   </div>
   <div class='ocr_carea' id='block_1_78' title="bbox 533 4470 3786 4550">
    <p class='ocr_par' dir='ltr' id='par_1_78' title="bbox 533 4470 3786 4550">
     <span class='ocr_line' id='line_1_79' title="bbox 533 4470 3786 4550; baseline 0.002 -27"><span class='ocrx_word' id='word_1_575' title='bbox 533 4470 805 4550; x_wconf 76' lang='lat' dir='ltr'><strong>pulsantis</strong></span> <span class='ocrx_word' id='word_1_576' title='bbox 829 4477 885 4550; x_wconf 82' lang='lat' dir='ltr'><strong>_et</strong></span> <span class='ocrx_word' id='word_1_577' title='bbox 914 4470 1053 4550; x_wconf 73' lang='lat' dir='ltr'><strong>bene</strong></span> <span class='ocrx_word' id='word_1_578' title='bbox 1076 4472 1354 4550; x_wconf 85' lang='lat' dir='ltr'><strong>exauditi,_</strong></span> <span class='ocrx_word' id='word_1_579' title='bbox 1379 4470 1602 4528; x_wconf 73' lang='lat' dir='ltr'><strong>domum</strong></span> <span class='ocrx_word' id='word_1_580' title='bbox 1633 4470 1997 4550; x_wconf 78' lang='lat' dir='ltr'><strong>ingredientis</strong></span> <span class='ocrx_word' id='word_1_581' title='bbox 2029 4478 2258 4549; x_wconf 86' lang='lat' dir='ltr'><strong>spiritus</strong></span> <span class='ocrx_word' id='word_1_582' title='bbox 2293 4493 2419 4532; x_wconf 90' lang='lat' dir='ltr'>cum</span> <span class='ocrx_word' id='word_1_583' title='bbox 2447 4479 2571 4533; x_wconf 89' lang='lat' dir='ltr'><strong>aliis</strong></span> <span class='ocrx_word' id='word_1_584' title='bbox 2596 4470 3067 4550; x_wconf 80' lang='lat' dir='ltr'><strong>septem;_horrea</strong></span> <span class='ocrx_word' id='word_1_585' title='bbox 3102 4490 3200 4550; x_wconf 81' lang='lat' dir='ltr'>sua</span> <span class='ocrx_word' id='word_1_586' title='bbox 3231 4470 3514 4532; x_wconf 81' lang='lat' dir='ltr'><strong>destruere</strong></span> <span class='ocrx_word' id='word_1_587' title='bbox 3555 4470 3786 4550; x_wconf 61' lang='lat' dir='ltr'><strong>cogitan-</strong></span> 
     </span>
    </p>
   </div>
   <div class='ocr_carea' id='block_1_79' title="bbox 530 4539 3797 4619">
    <p class='ocr_par' dir='ltr' id='par_1_79' title="bbox 530 4539 3797 4619">
     <span class='ocr_line' id='line_1_80' title="bbox 530 4539 3797 4619; baseline 0.002 -25"><span class='ocrx_word' id='word_1_588' title='bbox 530 4541 604 4596; x_wconf 90' lang='lat' dir='ltr'>tis</span> <span class='ocrx_word' id='word_1_589' title='bbox 641 4547 696 4594; x_wconf 91' lang='lat' dir='ltr'>et</span> <span class='ocrx_word' id='word_1_590' title='bbox 733 4540 944 4619; x_wconf 81' lang='lat' dir='ltr'><strong>majora</strong></span> <span class='ocrx_word' id='word_1_591' title='bbox 987 4539 1187 4619; x_wconf 62' lang='lat' dir='ltr'><strong>facere,</strong></span> <span class='ocrx_word' id='word_1_592' title='bbox 1218 4543 1494 4619; x_wconf 79' lang='lat' dir='ltr'><strong>virginum</strong></span> <span class='ocrx_word' id='word_1_593' title='bbox 1522 4552 1577 4599; x_wconf 90' lang='lat' dir='ltr'>et</span> <span class='ocrx_word' id='word_1_594' title='bbox 1609 4539 1821 4619; x_wconf 62' lang='lat' dir='ltr'><strong>spo&#39;nsi,</strong></span> <span class='ocrx_word' id='word_1_595' title='bbox 1859 4558 2007 4603; x_wconf 85' lang='lat' dir='ltr'><strong>recte</strong></span> <span class='ocrx_word' id='word_1_596' title='bbox 2036 4539 2250 4619; x_wconf 62' lang='lat' dir='ltr'><strong>a&#39;geutis</strong></span> <span class='ocrx_word' id='word_1_597' title='bbox 2283 4563 2409 4602; x_wconf 89' lang='lat' dir='ltr'>cum</span> <span class='ocrx_word' id='word_1_598' title='bbox 2451 4539 2736 4619; x_wconf 53' lang='lat' dir='ltr'><strong>conserris</strong></span> <span class='ocrx_word' id='word_1_599' title='bbox 2777 4539 2917 4619; x_wconf 83' lang='lat' dir='ltr'><strong>suis.</strong></span> <span class='ocrx_word' id='word_1_600' title='bbox 2953 4549 3088 4619; x_wconf 84' lang='lat' dir='ltr'><strong>licus</strong></span> <span class='ocrx_word' id='word_1_601' title='bbox 3127 4546 3275 4599; x_wconf 89' lang='lat' dir='ltr'><strong>circa</strong></span> <span class='ocrx_word' id='word_1_602' title='bbox 3302 4561 3464 4619; x_wconf 82' lang='lat' dir='ltr'><strong>quam</strong></span> <span class='ocrx_word' id='word_1_603' title='bbox 3505 4539 3797 4619; x_wconf 69' lang='lat' dir='ltr'><strong>mittuntur</strong></span> 
     </span>
    </p>
   </div>
   <div class='ocr_carea' id='block_1_80' title="bbox 529 4610 3797 4686">
    <p class='ocr_par' dir='ltr' id='par_1_80' title="bbox 529 4610 3797 4686">
     <span class='ocr_line' id='line_1_81' title="bbox 529 4610 3797 4686; baseline 0.001 -22"><span class='ocrx_word' id='word_1_604' title='bbox 529 4610 1063 4686; x_wconf 82' lang='lat' dir='ltr'><strong>ste_rco_ra,_sinapis,</strong></span> <span class='ocrx_word' id='word_1_605' title='bbox 1105 4610 1379 4686; x_wconf 52' lang='lat' dir='ltr'><strong>fermen&#39;ti,</strong></span> <span class='ocrx_word' id='word_1_606' title='bbox 1429 4610 1732 4686; x_wconf 79' lang='lat' dir='ltr'><strong>pauperum</strong></span> <span class='ocrx_word' id='word_1_607' title='bbox 1770 4618 1823 4670; x_wconf 94' lang='lat' dir='ltr'>in</span> <span class='ocrx_word' id='word_1_608' title='bbox 1861 4633 2018 4672; x_wconf 77' lang='lat' dir='ltr'><strong>coena</strong></span> <span class='ocrx_word' id='word_1_609' title='bbox 2063 4610 2403 4686; x_wconf 70' lang='lat' dir='ltr'><strong>nuptiarum,</strong></span> <span class='ocrx_word' id='word_1_610' title='bbox 2434 4618 2730 4680; x_wconf 73' lang='lat' dir='ltr'><strong>drachmze,</strong></span> <span class='ocrx_word' id='word_1_611' title='bbox 2767 4618 2888 4671; x_wconf 87' lang='lat' dir='ltr'><strong>ovis</strong></span> <span class='ocrx_word' id='word_1_612' title='bbox 2931 4617 3169 4676; x_wconf 84' lang='lat' dir='ltr'><strong>amissae.</strong></span> <span class='ocrx_word' id='word_1_613' title='bbox 3205 4610 3443 4686; x_wconf 80' lang='lat' dir='ltr'><strong>prodigi,</strong></span> <span class='ocrx_word' id='word_1_614' title='bbox 3477 4615 3647 4668; x_wconf 81' lang='lat' dir='ltr'><strong>villici</strong></span> <span class='ocrx_word' id='word_1_615' title='bbox 3691 4616 3797 4668; x_wconf 88' lang='lat' dir='ltr'><strong>ini-</strong></span> 
     </span>
    </p>
   </div>
   <div class='ocr_carea' id='block_1_81' title="bbox 527 4678 3795 4760">
    <p class='ocr_par' dir='ltr' id='par_1_81' title="bbox 527 4678 3795 4760">
     <span class='ocr_line' id='line_1_82' title="bbox 527 4678 3795 4760; baseline 0.002 -27"><span class='ocrx_word' id='word_1_616' title='bbox 527 4681 776 4760; x_wconf 77' lang='lat' dir='ltr'><strong>quitatis,</strong></span> <span class='ocrx_word' id='word_1_617' title='bbox 797 4678 986 4760; x_wconf 86' lang='lat' dir='ltr'><strong>Lazari</strong></span> <span class='ocrx_word' id='word_1_618' title='bbox 1017 4678 1748 4760; x_wconf 64' lang='lat' dir='ltr'><strong>mendici,_vidua3instanter</strong></span> <span class='ocrx_word' id='word_1_619' title='bbox 1776 4691 2009 4756; x_wconf 87' lang='lat' dir='ltr'><strong>orantis,</strong></span> <span class='ocrx_word' id='word_1_620' title='bbox 2027 4678 2306 4758; x_wconf 83' lang='lat' dir='ltr'><strong>publicani</strong></span> <span class='ocrx_word' id='word_1_621' title='bbox 2329 4678 2688 4760; x_wconf 37' lang='lat' dir='ltr'><strong>et&#39;pharismi,</strong></span> <span class='ocrx_word' id='word_1_622' title='bbox 2707 4678 2958 4742; x_wconf 76' lang='lat' dir='ltr'><strong>ulnarum</strong></span> <span class='ocrx_word' id='word_1_623' title='bbox 2996 4678 3332 4756; x_wconf 78' lang='lat' dir='ltr'><strong>partitionis,</strong></span> <span class='ocrx_word' id='word_1_624' title='bbox 3355 4678 3624 4742; x_wconf 73' lang='lat' dir='ltr'><strong>malorum</strong></span> <span class='ocrx_word' id='word_1_625' title='bbox 3654 4685 3795 4757; x_wconf 81' lang='lat' dir='ltr'><strong>agri-</strong></span> 
     </span>
    </p>
   </div>
   <div class='ocr_carea' id='block_1_82' title="bbox 528 4751 1706 4812">
    <p class='ocr_par' dir='ltr' id='par_1_82' title="bbox 528 4751 1706 4812">
     <span class='ocr_line' id='line_1_83' title="bbox 528 4751 1706 4812; baseline 0.005 -6"><span class='ocrx_word' id='word_1_626' title='bbox 528 4751 774 4806; x_wconf 86' lang='lat' dir='ltr'><strong>colarum</strong></span> <span class='ocrx_word' id='word_1_627' title='bbox 813 4759 868 4806; x_wconf 92' lang='lat' dir='ltr'>et</span> <span class='ocrx_word' id='word_1_628' title='bbox 896 4751 984 4805; x_wconf 89' lang='lat' dir='ltr'>sui</span> <span class='ocrx_word' id='word_1_629' title='bbox 1021 4751 1228 4807; x_wconf 88' lang='lat' dir='ltr'><strong>domini</strong></span> <span class='ocrx_word' id='word_1_630' title='bbox 1268 4754 1706 4812; x_wconf 78' lang='lat' dir='ltr'><strong>interfectorum.</strong></span> 
     </span>
    </p>
   </div>
   <div class='ocr_carea' id='block_1_83' title="bbox 1653 4848 2678 4906">
    <p class='ocr_par' dir='ltr' id='par_1_83' title="bbox 1653 4848 2678 4906">
     <span class='ocr_line' id='line_1_84' title="bbox 1653 4848 2678 4906; baseline 0.004 -4"><span class='ocrx_word' id='word_1_631' title='bbox 1653 4848 1943 4904; x_wconf 79' lang='lat' dir='ltr'>CARMEN</span> <span class='ocrx_word' id='word_1_632' title='bbox 2000 4848 2114 4906; x_wconf 83' lang='lat' dir='ltr'>XL.</span> <span class='ocrx_word' id='word_1_633' title='bbox 2166 4849 2345 4904; x_wconf 79' lang='lat' dir='ltr'><strong>Marci</strong></span> <span class='ocrx_word' id='word_1_634' title='bbox 2392 4850 2678 4906; x_wconf 83' lang='lat' dir='ltr'><strong>miracula.</strong></span> 
     </span>
    </p>
   </div>
   <div class='ocr_carea' id='block_1_84' title="bbox 1620 4935 2703 5008">
    <p class='ocr_par' dir='ltr' id='par_1_84' title="bbox 1620 4935 2703 5008">
     <span class='ocr_line' id='line_1_85' title="bbox 1620 4935 2703 5008; baseline 0.001 -17"><span class='ocrx_word' id='word_1_635' title='bbox 1620 4935 1910 4992; x_wconf 80' lang='lat' dir='ltr'>CARMBN</span> <span class='ocrx_word' id='word_1_636' title='bbox 1943 4937 2080 4992; x_wconf 82' lang='lat' dir='ltr'><strong>XLI.</strong></span> <span class='ocrx_word' id='word_1_637' title='bbox 2120 4937 2377 5008; x_wconf 82' lang='lat' dir='ltr'><strong>Ejusdem</strong></span> <span class='ocrx_word' id='word_1_638' title='bbox 2413 4940 2703 5008; x_wconf 66' lang='lat' dir='ltr'><strong>parabole).</strong></span> 
     </span>
    </p>
   </div>
   <div class='ocr_carea' id='block_1_85' title="bbox 601 5019 3804 5103">
    <p class='ocr_par' dir='ltr' id='par_1_85' title="bbox 601 5019 3804 5103">
     <span class='ocr_line' id='line_1_86' title="bbox 601 5019 3804 5103; baseline 0.004 -29"><span class='ocrx_word' id='word_1_639' title='bbox 601 5019 727 5103; x_wconf 66' lang='lat' dir='ltr'><strong>Haec</strong></span> <span class='ocrx_word' id='word_1_640' title='bbox 753 5037 886 5103; x_wconf 71' lang='grc' dir='ltr'>νει-ο</span> <span class='ocrx_word' id='word_1_641' title='bbox 923 5022 1189 5103; x_wconf 78' lang='lat' dir='ltr'><strong>miracula</strong></span> <span class='ocrx_word' id='word_1_642' title='bbox 1215 5027 1444 5103; x_wconf 80' lang='lat' dir='ltr'><strong>tradidit</strong></span> <span class='ocrx_word' id='word_1_643' title='bbox 1463 5029 1677 5103; x_wconf 74' lang='lat' dir='ltr'><strong>Marcus</strong></span> <span class='ocrx_word' id='word_1_644' title='bbox 1711 5047 1724 5084; x_wconf 89' lang='lat'>:</span> <span class='ocrx_word' id='word_1_645' title='bbox 1767 5031 2114 5096; x_wconf 72' lang='lat' dir='ltr'><strong>daemoniaci.</strong></span> <span class='ocrx_word' id='word_1_646' title='bbox 2159 5033 2568 5103; x_wconf 22' lang='lat' dir='ltr'><strong>socrusAPetri,</strong></span> <span class='ocrx_word' id='word_1_647' title='bbox 2605 5032 2830 5102; x_wconf 88' lang='lat' dir='ltr'><strong>leprosi,</strong></span> <span class='ocrx_word' id='word_1_648' title='bbox 2867 5031 3178 5103; x_wconf 87' lang='lat' dir='ltr'><strong>paralytici.</strong></span> <span class='ocrx_word' id='word_1_649' title='bbox 3219 5046 3445 5086; x_wconf 89' lang='lat' dir='ltr'><strong>manum</strong></span> <span class='ocrx_word' id='word_1_650' title='bbox 3471 5031 3677 5086; x_wconf 86' lang='lat' dir='ltr'><strong>aridam</strong></span> <span class='ocrx_word' id='word_1_651' title='bbox 3711 5031 3804 5086; x_wconf 82' lang='lat' dir='ltr'>ba-</span> 
     </span>
    </p>
   </div>
   <div class='ocr_carea' id='block_1_86' title="bbox 533 5093 3803 5173">
    <p class='ocr_par' dir='ltr' id='par_1_86' title="bbox 533 5093 3803 5173">
     <span class='ocr_line' id='line_1_87' title="bbox 533 5093 3803 5173; baseline 0.002 -26"><span class='ocrx_word' id='word_1_652' title='bbox 533 5093 732 5173; x_wconf 52' lang='lat' dir='ltr'><strong>bentins.</strong></span> <span class='ocrx_word' id='word_1_653' title='bbox 758 5096 1104 5173; x_wconf 64' lang='lat' dir='ltr'><strong>tempestatis</strong></span> <span class='ocrx_word' id='word_1_654' title='bbox 1133 5106 1188 5151; x_wconf 88' lang='lat' dir='ltr'>et</span> <span class='ocrx_word' id='word_1_655' title='bbox 1210 5101 1400 5173; x_wconf 79' lang='lat' dir='ltr'><strong>maris,</strong></span> <span class='ocrx_word' id='word_1_656' title='bbox 1431 5100 1684 5173; x_wconf 84' lang='lat' dir='ltr'><strong>legionis,</strong></span> <span class='ocrx_word' id='word_1_657' title='bbox 1717 5093 2177 5167; x_wconf 34' lang='lat' dir='ltr'><strong>liminorrhoiss&#39;m,</strong></span> <span class='ocrx_word' id='word_1_658' title='bbox 2213 5105 2335 5158; x_wconf 67' lang='lat' dir='ltr'><strong>lilia:</strong></span> <span class='ocrx_word' id='word_1_659' title='bbox 2358 5101 2517 5166; x_wconf 82' lang='lat' dir='ltr'><strong>Jairi,</strong></span> <span class='ocrx_word' id='word_1_660' title='bbox 2549 5093 2793 5173; x_wconf 64' lang='lat' dir='ltr'><strong>ouinque</strong></span> <span class='ocrx_word' id='word_1_661' title='bbox 2820 5093 3056 5170; x_wconf 44' lang='lat' dir='ltr'><strong>panum]</strong></span> <span class='ocrx_word' id='word_1_662' title='bbox 3099 5117 3262 5171; x_wconf 90' lang='lat' dir='ltr'><strong>supra</strong></span> <span class='ocrx_word' id='word_1_663' title='bbox 3298 5117 3450 5156; x_wconf 89' lang='lat' dir='ltr'><strong>mare</strong></span> <span class='ocrx_word' id='word_1_664' title='bbox 3479 5103 3803 5156; x_wconf 84' lang='lat' dir='ltr'><strong>ambulatiu-</strong></span> 
     </span>
    </p>
   </div>
   <div class='ocr_carea' id='block_1_87' title="bbox 529 5161 3797 5242">
    <p class='ocr_par' dir='ltr' id='par_1_87' title="bbox 529 5161 3797 5242">
     <span class='ocr_line' id='line_1_88' title="bbox 529 5161 3797 5242; baseline 0.003 -26"><span class='ocrx_word' id='word_1_665' title='bbox 529 5163 638 5224; x_wconf 85' lang='lat' dir='ltr'><strong>nis.</strong></span> <span class='ocrx_word' id='word_1_666' title='bbox 669 5161 1126 5242; x_wconf 28' lang='lat' dir='ltr'><strong>Syrophlmuissze,</strong></span> <span class='ocrx_word' id='word_1_667' title='bbox 1165 5169 1320 5222; x_wconf 88' lang='lat' dir='ltr'><strong>surdi</strong></span> <span class='ocrx_word' id='word_1_668' title='bbox 1351 5161 1425 5242; x_wconf 52' lang='lat' dir='ltr'><strong>ai;</strong></span> <span class='ocrx_word' id='word_1_669' title='bbox 1451 5161 1606 5234; x_wconf 63' lang='lat' dir='ltr'><strong>niuti,</strong></span> <span class='ocrx_word' id='word_1_670' title='bbox 1639 5161 1848 5242; x_wconf 79' lang='lat' dir='ltr'><strong>septem</strong></span> <span class='ocrx_word' id='word_1_671' title='bbox 1885 5188 2110 5242; x_wconf 83' lang='lat' dir='ltr'><strong>panum,</strong></span> <span class='ocrx_word' id='word_1_672' title='bbox 2141 5161 2308 5239; x_wconf 76' lang='lat' dir='ltr'><strong>balbi,</strong></span> <span class='ocrx_word' id='word_1_673' title='bbox 2333 5161 2634 5235; x_wconf 53' lang='lat' dir='ltr'><strong>Bartinimi,</strong></span> <span class='ocrx_word' id='word_1_674' title='bbox 2679 5161 2884 5228; x_wconf 62' lang='lat' dir='ltr'><strong>s&#39;terilis</strong></span> <span class='ocrx_word' id='word_1_675' title='bbox 2914 5161 3070 5236; x_wconf 80' lang='lat' dir='ltr'><strong>ficus,</strong></span> <span class='ocrx_word' id='word_1_676' title='bbox 3105 5161 3378 5226; x_wconf 63' lang='lat' dir='ltr'><strong>caecorum</strong></span> <span class='ocrx_word' id='word_1_677' title='bbox 3406 5180 3460 5226; x_wconf 92' lang='lat' dir='ltr'>et</span> <span class='ocrx_word' id='word_1_678' title='bbox 3480 5173 3797 5226; x_wconf 87' lang='lat' dir='ltr'><strong>claudorum</strong></span> 
     </span>
    </p>
   </div>
   <div class='ocr_carea' id='block_1_88' title="bbox 529 5236 3795 5316">
    <p class='ocr_par' dir='ltr' id='par_1_88' title="bbox 529 5236 3795 5316">
     <span class='ocr_line' id='line_1_89' title="bbox 529 5236 3795 5316; baseline 0.004 -31"><span class='ocrx_word' id='word_1_679' title='bbox 529 5245 702 5315; x_wconf 76' lang='lat' dir='ltr'><strong>prope</strong></span> <span class='ocrx_word' id='word_1_680' title='bbox 729 5236 990 5316; x_wconf 81' lang='lat' dir='ltr'><strong>templum</strong></span> <span class='ocrx_word' id='word_1_681' title='bbox 1023 5238 1492 5316; x_wconf 59' lang='lat' dir='ltr'><strong>sanatorum:_llas</strong></span> <span class='ocrx_word' id='word_1_682' title='bbox 1515 5236 2272 5316; x_wconf 28' lang='lat' dir='ltr'><strong>au‘tetn&#39;paraliolastradidit</strong></span> <span class='ocrx_word' id='word_1_683' title='bbox 2295 5236 2310 5298; x_wconf 67' lang='grc' dir='ltr'><strong>ὲ</strong></span> <span class='ocrx_word' id='word_1_684' title='bbox 2333 5245 2480 5314; x_wconf 90' lang='lat' dir='ltr'><strong>quod</strong></span> <span class='ocrx_word' id='word_1_685' title='bbox 2506 5243 2782 5298; x_wconf 85' lang='lat' dir='ltr'><strong>ceciderat</strong></span> <span class='ocrx_word' id='word_1_686' title='bbox 2811 5259 2978 5313; x_wconf 86' lang='lat' dir='ltr'><strong>super</strong></span> <span class='ocrx_word' id='word_1_687' title='bbox 3001 5252 3204 5298; x_wconf 87' lang='lat' dir='ltr'><strong>terram</strong></span> <span class='ocrx_word' id='word_1_688' title='bbox 3238 5242 3527 5313; x_wconf 80' lang='lat' dir='ltr'><strong>imequalis</strong></span> <span class='ocrx_word' id='word_1_689' title='bbox 3551 5244 3795 5309; x_wconf 86' lang='lat' dir='ltr'><strong>seminis,</strong></span> 
     </span>
    </p>
   </div>
   <div class='ocr_carea' id='block_1_89' title="bbox 530 5308 2574 5384">
    <p class='ocr_par' dir='ltr' id='par_1_89' title="bbox 530 5308 2574 5384">
     <span class='ocr_line' id='line_1_90' title="bbox 530 5308 2574 5384; baseline 0.004 -28"><span class='ocrx_word' id='word_1_690' title='bbox 530 5308 889 5369; x_wconf 77' lang='lat' dir='ltr'><strong>zizaniorum,</strong></span> <span class='ocrx_word' id='word_1_691' title='bbox 922 5308 1153 5376; x_wconf 88' lang='lat' dir='ltr'><strong>sinapis,</strong></span> <span class='ocrx_word' id='word_1_692' title='bbox 1183 5308 1414 5365; x_wconf 68' lang='lat' dir='ltr'><strong>haeredis</strong></span> <span class='ocrx_word' id='word_1_693' title='bbox 1446 5311 1541 5380; x_wconf 92' lang='lat' dir='ltr'>qui</span> <span class='ocrx_word' id='word_1_694' title='bbox 1576 5308 1945 5366; x_wconf 64' lang='lat' dir='ltr'><strong>inter&#39;mauus</strong></span> <span class='ocrx_word' id='word_1_695' title='bbox 1971 5314 2284 5382; x_wconf 88' lang='lat' dir='ltr'><strong>iniquorum</strong></span> <span class='ocrx_word' id='word_1_696' title='bbox 2316 5308 2574 5384; x_wconf 79' lang='lat' dir='ltr'><strong>perierat.</strong></span> 
     </span>
    </p>
   </div>
   <div class='ocr_carea' id='block_1_90' title="bbox 1376 5401 2958 5476">
    <p class='ocr_par' dir='ltr' id='par_1_90' title="bbox 1376 5401 2958 5476">
     <span class='ocr_line' id='line_1_91' title="bbox 1376 5401 2958 5476; baseline -0.001 -19"><span class='ocrx_word' id='word_1_697' title='bbox 1376 5401 1665 5458; x_wconf 81' lang='lat' dir='ltr'><strong>CARMEN</strong></span> <span class='ocrx_word' id='word_1_698' title='bbox 1704 5402 1863 5457; x_wconf 83' lang='lat' dir='ltr'><strong>XLII.</strong></span> <span class='ocrx_word' id='word_1_699' title='bbox 1909 5402 2196 5459; x_wconf 74' lang='lat' dir='ltr'><strong>Parabolw</strong></span> <span class='ocrx_word' id='word_1_700' title='bbox 2225 5414 2457 5476; x_wconf 80' lang='lat' dir='ltr'><strong>quatuor</strong></span> <span class='ocrx_word' id='word_1_701' title='bbox 2486 5404 2958 5473; x_wconf 75' lang='lat' dir='ltr'><strong>evangelistarum.</strong></span> 
     </span>
    </p>
   </div>
   <div class='ocr_carea' id='block_1_91' title="bbox 602 5483 3799 5569">
    <p class='ocr_par' dir='ltr' id='par_1_91' title="bbox 602 5483 3799 5569">
     <span class='ocr_line' id='line_1_92' title="bbox 602 5483 3799 5569; baseline 0.003 -30"><span class='ocrx_word' id='word_1_702' title='bbox 602 5483 752 5550; x_wconf 84' lang='lat' dir='ltr'><strong>Quas</strong></span> <span class='ocrx_word' id='word_1_703' title='bbox 781 5486 998 5544; x_wconf 85' lang='lat' dir='ltr'><strong>easdem</strong></span> <span class='ocrx_word' id='word_1_704' title='bbox 1029 5491 1320 5559; x_wconf 85' lang='lat' dir='ltr'><strong>parabolas</strong></span> <span class='ocrx_word' id='word_1_705' title='bbox 1353 5494 1660 5552; x_wconf 87' lang='lat' dir='ltr'><strong>retulerunt</strong></span> <span class='ocrx_word' id='word_1_706' title='bbox 1689 5504 1930 5569; x_wconf 87' lang='lat' dir='ltr'><strong>quatuor</strong></span> <span class='ocrx_word' id='word_1_707' title='bbox 1956 5498 2303 5568; x_wconf 69' lang='lat' dir='ltr'><strong>evangelista:</strong></span> <span class='ocrx_word' id='word_1_708' title='bbox 2335 5497 2503 5551; x_wconf 90' lang='lat' dir='ltr'><strong>tradit</strong></span> <span class='ocrx_word' id='word_1_709' title='bbox 2523 5498 2686 5552; x_wconf 82' lang='lat' dir='ltr'><strong>divus</strong></span> <span class='ocrx_word' id='word_1_710' title='bbox 2716 5496 3039 5568; x_wconf 85' lang='lat' dir='ltr'><strong>Gregorius.</strong></span> <span class='ocrx_word' id='word_1_711' title='bbox 3061 5493 3154 5551; x_wconf 71' lang='lat' dir='ltr'><strong>Ilae</strong></span> <span class='ocrx_word' id='word_1_712' title='bbox 3183 5502 3311 5552; x_wconf 82' lang='lat' dir='ltr'><strong>sunt</strong></span> <span class='ocrx_word' id='word_1_713' title='bbox 3336 5503 3519 5551; x_wconf 85' lang='lat' dir='ltr'><strong>autem</strong></span> <span class='ocrx_word' id='word_1_714' title='bbox 3557 5513 3569 5550; x_wconf 89' lang='lat'>:</span> <span class='ocrx_word' id='word_1_715' title='bbox 3606 5494 3799 5550; x_wconf 88' lang='lat' dir='ltr'><strong>domus</strong></span> 
     </span>
    </p>
   </div>
   <div class='ocr_carea' id='block_1_92' title="bbox 608 5661 1219 5738">
    <p class='ocr_par' dir='ltr' id='par_1_92' title="bbox 608 5661 1219 5738">
     <span class='ocr_line' id='line_1_93' title="bbox 608 5661 1219 5738; baseline 0.008 -20"><span class='ocrx_word' id='word_1_716' title='bbox 608 5661 686 5738; x_wconf 57' lang='grc' dir='ltr'>(ί)</span> <span class='ocrx_word' id='word_1_717' title='bbox 720 5665 819 5738; x_wconf 66' lang='lat' dir='ltr'>Ed.</span> <span class='ocrx_word' id='word_1_718' title='bbox 852 5681 977 5720; x_wconf 83' lang='lat' dir='ltr'><strong>nov.</strong></span> <span class='ocrx_word' id='word_1_719' title='bbox 1018 5683 1070 5738; x_wconf 89' lang='lat' dir='ltr'><strong>p.</strong></span> <span class='ocrx_word' id='word_1_720' title='bbox 1093 5668 1219 5724; x_wconf 69' lang='grc' dir='ltr'>ΞΠ.</span> 
     </span>
    </p>
   </div>
   <div class='ocr_carea' id='block_1_93' title="bbox 613 5733 1199 5807">
    <p class='ocr_par' dir='ltr' id='par_1_93' title="bbox 613 5733 1199 5807">
     <span class='ocr_line' id='line_1_94' title="bbox 613 5733 1199 5807; baseline 0.014 -21"><span class='ocrx_word' id='word_1_721' title='bbox 726 5735 955 5807; x_wconf 24' lang='lat' dir='ltr'><strong>[ﬁlatim</strong></span> <span class='ocrx_word' id='word_1_722' title='bbox 975 5773 986 5795; x_wconf 88' lang='lat'>,</span> <span class='ocrx_word' id='word_1_723' title='bbox 1093 5739 1199 5794; x_wconf 71' lang='lat'>275</span> 
     </span>
    </p>
   </div>
   <div class='ocr_carea' id='block_1_94' title="bbox 613 5802 949 5874">
    <p class='ocr_par' dir='ltr' id='par_1_94' title="bbox 613 5802 949 5874">
     <span class='ocr_line' id='line_1_95' title="bbox 613 5802 949 5874; baseline 0 -13"><span class='ocrx_word' id='word_1_724' title='bbox 613 5802 693 5874; x_wconf 76' lang='lat'>(5)</span> <span class='ocrx_word' id='word_1_725' title='bbox 728 5804 787 5859; x_wconf 74' lang='grc' dir='ltr'>ιι.</span> <span class='ocrx_word' id='word_1_726' title='bbox 823 5805 949 5860; x_wconf 75' lang='lat'><strong>279.</strong></span> 
     </span>
    </p>
   </div>
   <div class='ocr_carea' id='block_1_95' title="bbox 2295 5673 2639 5739">
    <p class='ocr_par' dir='ltr' id='par_1_95' title="bbox 2295 5673 2639 5739">
     <span class='ocr_line' id='line_1_96' title="bbox 2295 5673 2639 5739; baseline 0 -12"><span class='ocrx_word' id='word_1_727' title='bbox 2295 5673 2374 5739; x_wconf 70' lang='grc' dir='ltr'>μ)</span> <span class='ocrx_word' id='word_1_728' title='bbox 2410 5673 2471 5728; x_wconf 86' lang='grc' dir='ltr'>Ρ.</span> <span class='ocrx_word' id='word_1_729' title='bbox 2513 5675 2639 5728; x_wconf 73' lang='grc'>275.</span> 
     </span>
    </p>
   </div>
   <div class='ocr_carea' id='block_1_96' title="bbox 2300 5744 2627 5811">
    <p class='ocr_par' dir='ltr' id='par_1_96' title="bbox 2300 5744 2627 5811">
     <span class='ocr_line' id='line_1_97' title="bbox 2300 5744 2627 5811; baseline 0 -13"><span class='ocrx_word' id='word_1_730' title='bbox 2300 5744 2377 5811; x_wconf 75' lang='grc'>(5)</span> <span class='ocrx_word' id='word_1_731' title='bbox 2412 5744 2470 5797; x_wconf 76' lang='grc' dir='ltr'>ι).</span> <span class='ocrx_word' id='word_1_732' title='bbox 2504 5745 2627 5798; x_wconf 70' lang='lat'>279.</span> 
     </span>
    </p>
   </div>
   <div class='ocr_carea' id='block_1_97' title="bbox 2293 5812 2901 5882">
    <p class='ocr_par' dir='ltr' id='par_1_97' title="bbox 2293 5812 2901 5882">
     <span class='ocr_line' id='line_1_98' title="bbox 2293 5812 2901 5882; baseline 0 -14"><span class='ocrx_word' id='word_1_733' title='bbox 2293 5814 2372 5869; x_wconf 61' lang='lat' dir='ltr'><strong>t6l</strong></span> <span class='ocrx_word' id='word_1_734' title='bbox 2417 5815 2513 5869; x_wconf 64' lang='lat' dir='ltr'><strong>lid.</strong></span> <span class='ocrx_word' id='word_1_735' title='bbox 2543 5831 2666 5870; x_wconf 63' lang='grc' dir='ltr'>τιον.</span> <span class='ocrx_word' id='word_1_736' title='bbox 2698 5830 2749 5882; x_wconf 92' lang='lat' dir='ltr'><strong>p.</strong></span> <span class='ocrx_word' id='word_1_737' title='bbox 2777 5812 2901 5868; x_wconf 71' lang='lat' dir='ltr'>28L</span> 
     </span>
    </p>
   </div>
  </div>
