4180 6350
396 466 498 519 449

395 583 500 637 εἰσὶ
523 582 577 634 δὲ
601 574 762 634 αὗται
781 597 794 610 ’
822 574 966 643 οἶκος
994 580 1088 633 ἐπὶ
1121 580 1348 651 ψάμμου
1376 579 1746 649 πηγνύμενος,
1779 579 1980 651 σπόρος

396 674 577 735 ἄνισος
623 670 913 735 ζιζανίων,
962 671 1105 734 σίτος
1159 672 1449 742 συμφυὴς,
1490 671 1839 742 ὲμπυρισμδς
1884 668 1980 721 τοῦ

400 765 495 818 σὺν
530 763 791 827 ζιζανίοις
823 763 1046 833 σπόρου,
1074 763 1281 834 σίνηπι,
1318 763 1687 834 μαργαρίτης,
1711 761 1981 833 θησαυρὸς

396 855 454 906 ὲν
480 852 634 922 άγρῷ
664 853 1046 923 κεκρυμμένος
1066 895 1078 914 ,
1112 853 1323 921 σαγὴνη
1344 891 1359 915 ,
1387 850 1650 921 ἁμπελὼν
1671 892 1683 913 ,
1712 850 1816 903 υἱοὶ
1843 867 1983 919 πεμ-
2024 867 2029 873 ‘

400 946 624 1015 πόμενοι
675 948 825 1015 παρὰ
879 945 1085 1017 πατρὸς
1143 946 1222 1007 εἰς
1274 943 1479 1013 ἀγρὸν,
1513 945 1672 996 κακοὶ
1721 942 1980 1013 γεωργοὶ,

398 1038 575 1105 γάμος
604 1036 755 1088 παιδὶ
788 1037 936 1108 παρὰ
967 1035 1203 1108 πατρὸς,
1239 1035 1417 1105 γάμου
1448 1036 1771 1105 ριπτόμενος
1808 1038 1983 1106 ῥυπα-

405 1130 663 1202 ροχίτων,
691 1128 823 1182 δέκα
856 1128 1115 1200 παρθένοι
1146 1128 1539 1198 γρηγοροῦσαι,
1575 1127 1838 1194 αἰφνίδιος
1864 1129 1985 1180 ἐπι⁶

403 1219 597 1272 στασία
636 1216 927 1282 δεσπότου,
967 1217 1168 1288 ἐρίφων
1226 1217 1493 1286 μερισμὸς
1530 1218 1624 1271 καὶ
1660 1216 1981 1288 προὸάτων,

401 1308 591 1379 λύχνος
631 1307 836 1376 φαίνων
874 1308 966 1359 ἐπὶ
1010 1306 1248 1377 λυχνίας,
1301 1308 1387 1360 ἀεὶ
1434 1306 1863 1377 προσδεχόμενος
1898 1306 1985 1358 θε-

408 1401 599 1471 ράπων
629 1398 721 1475 τὸν
758 1398 1023 1469 δεσπότην
1042 1439 1057 1463 ,
1088 1397 1312 1470 λῃσταῖς
1340 1398 1677 1470 περιπεσὼν,
1718 1398 1859 1451 ἑπτὰ
1889 1400 1985 1451 σὺν

407 1490 587 1552 ἄλλοις
608 1487 1027 1559 είσοικιζόμενον
1047 1489 1284 1559 πνεῦμα,
1307 1490 1443 1559 συκῆ
1460 1490 1727 1560 ἄκαρπος,
1745 1488 1983 1559 δραχμὴ,

406 1581 673 1654 πρόϐατον
692 1621 708 1644 ,
758 1582 869 1643 υίὸς
905 1582 1112 1645 ἄσωτος
1133 1622 1147 1646 ,
1182 1581 1375 1652 πικρὸς
1405 1581 1673 1652 δεσπότης
1703 1581 1987 1652 ἀχαρίστῳ

405 1674 605 1744 δούλῳ,
643 1673 861 1737 συνετὸς
902 1675 1202 1743 οἰκονόμος,
1240 1673 1585 1746 προκιχρῶν,
1616 1672 1865 1744 Λάζαρος
1892 1672 1988 1724 πέ-

404 1784 501 1838 νης
520 1806 535 1831 ,
561 1769 851 1838 Φαρισαῖος
884 1768 976 1818 καὶ
1011 1766 1266 1837 τελώνης,
1301 1769 1475 1838 χήρας
1500 1766 1723 1833 ἀξίωσις
1750 1765 1984 1831 εὔτονος,

405 1858 567 1929 ἄρτος
600 1860 808 1923 τέκνοις
848 1858 1121 1929 διδόμενος
1152 1860 1246 1912 καὶ⁴
1283 1861 1456 1930 ἰχθὺς,
1491 1860 1769 1929 ἀποθῆκαι
1817 1875 1990 1929 σφρα-

405 1950 711 2021 γιςόμεναι,
744 1951 838 2003 καὶ
892 1948 1142 2013 πλούσιος
1187 1950 1414 2002 ἐλπίδων
1461 1949 1985 2021 προαρπαζόμενος,

404 2042 681 2097 ταλάντων
728 2041 987 2112 διανομὴ,
1027 2042 1172 2113 μνῶν
1206 2043 1492 2113 μερισμὸς,
1525 2042 1709 2105 δοῦλος
1742 2040 1990 2094 ἐπαινού-

410 2150 588 2203 μενος,
618 2133 875 2196 ὡσαύτως
910 2133 1066 2195 ἄλλος
1094 2135 1575 2205 κατακρινόμενος.

479 2246 693 2301 ΛΟΓΟΣ
719 2246 851 2300 Ml".
889 2247 991 2312 Είς
1028 2246 1151 2332 τὴν,
1179 2248 1409 2387 bisulci
1446 2247 1757 2317 νηστείαις
1790 2264 1921 2302 σιω-

1072 2333 1197 2384 πην
1323 2359 1336 2371 .

1072 2317 1197 2384 πήν
1239 2321 1336 2388 (1).

410 2430 475 2483 7i
514 2428 733 2484 Μέλπω
746 2430 794 2483 δ’
816 2432 886 2485 οὺ
914 2431 1124 2499 Τροίην
1145 2434 1255 2485 οὐκ
1278 2432 1543 2486 εὔπλοον
1557 2427 1650 2486 οἷά
1670 2450 1759 2498 τις
1787 2429 1988 2502 Ἀργώ.

493 2523 779 2586 Ὀδυσσεὺς
803 2526 832 2576 ὸ
852 2524 1207 2596 Λαερτιάδης,
1230 2525 1368 2595 μετὰ
1388 2524 1449 2578 τὸ
1468 2526 1735 2596 πορθῆσαι
1751 2525 1811 2578 τὸ
1831 2527 1992 2579 Ἴλιον

413 2615 495 2677 εἰς
524 2615 623 2685 τὴν
668 2613 894 2667 Ἐλλάδα
928 2616 1033 2685 γῆν
1062 2617 1437 2687 ὑποστρέφων,
1475 2618 1645 2671 πολλὰ
1677 2616 1990 2688 πλανηθεὶς,

408 2705 642 2775 γυμνὸς,
669 2705 903 2777 ναυηγὸς
929 2708 1009 2771 είς
1030 2707 1271 2771 Φαίακας
1294 2707 1483 2771 ἐλθὼν,
1512 2711 1578 2779 τῇ
1621 2708 1850 2781 θυγατρὶ
1871 2709 1996 2763 θεα-

411 2798 523 2862 θεὶς
538 2797 630 2850 τοῦ
666 2798 935 2852 Ἀλκινόου
956 2799 1208 2871 παρθένῳ
1230 2801 1494 2870 τυγχανού
1504 2818 1590 2873 σῃ,
1608 2802 1700 2855 καὶ
1718 2802 1894 2870 λόγοις
1906 2803 1997 2854 αύ-

405 2890 506 2959 τὴν
525 2892 760 2953 συνετοῖς
778 2889 1125 2953 καταιδέσας,
1149 2891 1424 2961 ὑπἀὐτῆς
1445 2893 1556 2955 τοῖς
1579 2891 1771 2957 Φαίαξι
1788 2891 1997 2947 δείκνυ-

408 2999 499 3035 ται
529 2982 623 3035 καὶ
655 2981 731 3052 τῷ
760 2981 967 3051 βασιλεῖ
998 2984 1285 3055 Ἀλκινόῳ,
1332 2983 1479 3048 ξένος
1508 2983 1606 3055 μὲν
1644 2985 1735 3036 καὶ
1765 2984 1994 3054 γυμνὸς,

407 3072 557 3141 ὅμως
577 3071 851 3142 αίδέσιμος
867 3072 961 3124 καὶ
983 3071 1089 3125 τῶν
1110 3072 1282 3126 ἄλλων
1301 3073 1668 3143 ὲντιμότατος.
1704 3073 1997 3143 Γενόμενος

408 3163 466 3215 δὲ
508 3163 648 3216 κατὰ
676 3163 736 3215 τὸ
764 3163 1087 3233 συμπόσιον,
1126 3165 1328 3235 ἤκουσε
1365 3164 1473 3218 τῶν
1509 3166 1566 3217 ὲν
1600 3165 1771 3236 Τροίῃ
1793 3181 2002 3234 συμφο-

416 3257 524 3324 ρῶν
552 3255 921 3327 λυριζομένων
964 3258 1058 3309 καὶ
1107 3256 1432 3327 ἁριστειῶψ
1476 3256 1781 3326 πυθόμενος
1815 3256 1870 3308 δὲ
1904 3254 1997 3308 τοῦ

413 3346 654 3419 δουρείου
675 3348 835 3419 χάριν
863 3349 1053 3414 ἵππου,
1086 3350 1140 3402 εί
1166 3366 1217 3401 τι
1244 3347 1455 3412 τούτοις
1485 3348 1775 3416 ἔγνωσται,
1812 3346 1999 3418 μαθὼν

415 3437 496 3493 ὅτι
534 3439 641 3503 ναὶ,
678 3439 773 3492 καὶ
820 3439 1087 3507 λεγόντων
1127 3439 1403 3504 ἀκούσας,
1448 3439 1765 3510 δακρυχέων
1815 3438 1998 3491 ἔστενε

414 3529 584 3602 βαρὺ,
640 3534 752 3594 τοῖς
813 3530 1011 3602 ὁρῶσιν
1042 3531 1313 3602 ,ἔκπληξιν
1366 3530 1642 3603 ἐμποιῶν·
1706 3530 1782 3603 μὴ
1835 3529 1993 3584 τοῦτο

1424 460 1511 513 ΑΙ)
1551 457 1857 514 CARMINA
1913 454 1970 510 S.
2021 451 2350 509 GREGORH
2391 448 2637 505 TllEOL.

2082 577 2341 647 πράττειν
2385 574 2442 626 δὲ
2484 572 2618 642 πρὸς
2660 569 2880 623 ἐκείνων
2920 564 3350 638 παραινούμενος
3403 560 3497 632 (ού
3551 562 3661 633 γάρ

2082 666 2313 735 καθήκει
2347 664 2444 735 τὴν
2477 662 2708 733 εὐωχίαν
2737 661 2967 731 δάκρυσι
2993 657 3338 719 πολυστόνοις
3364 654 3664 708 ἀνασκευά-

2084 757 2251 827 ζειν),
2290 757 2444 827 μόλις
2484 754 2665 819 ἐξεῖπε
2706 753 2767 806 τὸ
2814 752 3152 825 ἀπόρρητον,
3191 750 3266 813 ὼς
3307 748 3470 812 αὑτός
3518 749 3666 801 ἐστιν

3556 438 3660 491 ιδο

2097 850 2384 911 Ὀδυσσεὺς
2412 848 2538 919 ἄχρι
2561 846 2719 917 δεῦρο
2747 844 3046 915 φερόμενος
3075 842 3275 913 πλάνῃ.

2084 962 2154 1014 72
2223 961 2377 1015 Οὐδὲ
2430 961 2584 1025 συός
2651 958 2948 1028 κεφαλὴν,
2988 961 3058 1012 οὺ
3092 956 3291 1010 πολὺν
3334 955 3640 1025 Ἡρακλέα.

2154 1078 2433 1148 Κουρῆτες
2466 1076 2558 1129 καὶ
2585 1075 2811 1128 Αἰτωλοὶ
2851 1074 2981 1146 περὶ
3009 1072 3189 1144 χοίρου
3231 1071 3471 1142 κεφαλῆς
3505 1070 3667 1142 ἀλλή-

2086 1170 2211 1233 λους
2261 1170 2617 1223 κατέκοπτον.
2655 1170 2849 1221 Κείται
2878 1169 2933 1219 ὲν
2968 1165 3046 1236 τῷ
3078 1172 3135 1217 ιε’
3183 1164 3325 1234 λόγῳ
3357 1166 3390 1235 ἡ
3434 1163 3663 1234 ἱστορία.

2098 1262 2376 1334 Ἡρακλῆς
2406 1262 2463 1314 δὲ
2501 1262 2626 1324 τοὺς
2656 1260 2863 1313 δώδεκα
2908 1260 3155 1329 διήνυσεν
3201 1256 3413 1319 ἄθλους.
3476 1258 3667 1309 Κεῖται

2088 1354 2144 1405 ὲν
2186 1353 2227 1423 β’
2258 1352 2420 1423 λόγῳ.

2086 1467 2156 1521 99
2221 1466 2329 1520 Καὶ
2361 1465 2482 1533 πῦρ
2524 1463 2726 1528 ξεῖνον
2763 1462 2988 1516 ὄλεσσε
3015 1461 3325 1527 θυηπόλου
3356 1459 3426 1511 ἐν
3456 1456 3670 1525 προτέ-

3420 1545 3603 1618 [ροισι

2089 1623 2192 1678 100
2265 1623 2509 1689 Παῖδας,
2541 1621 2621 1691 μὴ
2652 1621 2921 1691 καθαρῶς
2940 1616 3315 1688 ἁπτομένους
3336 1616 3575 1683 θυσίης.

2159 1743 2351 1794 Κεῖται
2384 1743 2441 1793 ὲν
2478 1738 2556 1809 τῷ
2591 1738 2655 1807 ιβ’
2686 1737 2851 1806 λόγῳ.

2093 1856 2187 1910 101
2235 1856 2355 1923 Τὴν
2376 1856 2426 1908 δ’
2456 1854 2621 1923 ἱεράν
2659 1855 2788 1906 ποτ’
2820 1853 3058 1905 ἄκουσα
3086 1850 3236 1904 Θεοῦ
3266 1848 3566 1991 μεῖἓίῷῖρὲῖ
3589 1865 3675 1902 κι-

2093 2018 2195 2074 102
2271 2018 2365 2082 Ὡς
2398 2017 2495 2070 καὶ
2539 2016 2859 2083 κλινομένη
2890 2012 3086 2067 κτεῖνε
3118 2013 3227 2067 τὸν
3264 2010 3599 2080 ἁψάμενον.

2167 2133 2358 2185 Κεῖται
2388 2130 2444 2182 ὲν
2472 2129 2549 2200 τῷ
2578 2127 2642 2198 ιβ’
2672 2128 2831 2198 λόγῳ.

2407 2265 2626 2320 ΛΟΓΟΣ
2653 2266 2782 2318 MA’.
2825 2265 2929 2329 Εἷς
2964 2261 3078 2330 τὴν
3107 2261 3365 2329 σιωπήν.

2094 2384 2172 2454 (2)
2230 2379 2587 2449 Πυνθάνομ’,
2647 2381 2728 2446 ὡς
2756 2378 2993 2447 Σαμίων
3025 2394 3115 2443 τις
3142 2375 3296 2454 ἅναξ
3326 2376 3551 2454 φθόνον
3596 2372 3677 2440 ὡς

3243 2445 3602 2517 [ἀρκέσοιτο.

2166 2523 2382 2588 Δείσας
2412 2521 2749 2589 εὐδρομίην,
2773 2517 3013 2588 μήσατο
3044 2516 3406 2589 τοῖονίᾶχος.

2191 2585 2432 2660 Πόρκὴν
2462 2585 2533 2644 ὃν
2561 2585 2845 2660 φιλέεσκε
2868 2586 3182 2655 πατρώϊον,
3212 2588 3432 2656 ἔμϐαλε
3454 2585 3673 2649 πόντῳ.

2166 2705 2522 2777 Πολυκράτης
2559 2705 2585 2757 ό
2617 2704 2724 2756 τῶν
2768 2701 2985 2772 Σαμίων
3020 2699 3273 2770 βασιλεὺς
3302 2698 3533 2769 εὐτυχὴς
3578 2698 3676 2760 ὢν,

2094 2799 2192 2854 καὶ
2216 2799 2391 2851 πάντα
2418 2797 2717 2868 εὐδρομῶν,
2754 2794 3012 2864 φοϐηθεὶς
3038 2795 3136 2863 τὴν
3173 2792 3463 2863 εύδρομίαν
3506 2790 3679 2857 (οὐδέ-

2097 2907 2230 2944 ποτε
2270 2888 2381 2960 γὰρ
2419 2886 2707 2957 ἐλυπήθη),
2747 2885 3068 2957 βουλόμενος
3107 2883 3283 2954 ἑαυτῷ
3309 2882 3485 2952 λύπην
3520 2900 3680 2955 περι-

2098 2982 2342 3052 ποιῆσαι,
2374 2981 2464 3033 τὸν
2496 2979 2747 3050 πατρῷον
2768 2977 3051 3031 δακτύλιον
3080 2977 3137 3030 ὃν
3160 2976 3333 3046 ἐφίλει
3367 2976 3564 3039 λαϐὼν,
3600 2978 3681 3039 είς

2100 3075 2375 3128 θάλασσαν
2402 3073 2627 3146 ἔρριψεν
2648 3089 2661 3102 ’
2694 3073 2867 3125 ἐδόκει
2898 3071 2955 3124 δὲ
2988 3069 3274 3123 λυπεῖσθαι
3305 3071 3432 3141 περὶ
3457 3068 3675 3121 τούτου·

2098 3168 2193 3220 καὶ
2221 3167 2329 3236 γὰρ
2354 3162 2422 3237 ἦν
2454 3165 2602 3231 αύτῷ
2632 3164 2927 3236 προσφιλὲς
2948 3164 3008 3217 τὸ
3044 3162 3243 3233 βιϐλίον
3273 3162 3373 3233 [aL
3401 3179 3561 3215 manu
3590 3180 3681 3231 φι-

2098 3259 2291 3331 6λίον].
2336 3260 2510 3330 ’ἰχθὺς
2537 3254 2627 3311 οὖν
2663 3257 2955 3323 ὑπεδέξατο
2999 3256 3087 3309 τὸν
3119 3254 3429 3317 δακτύλιον,
3472 3255 3531 3318 ὃς
3569 3255 3682 3308 εδε-

2097 3351 2282 3422 σμήθη
2309 3350 2456 3420 λίνῳ.
2494 3350 2603 3421 Τὴν
2639 3349 2737 3419 μὲν
2768 3344 2860 3402 οὖν
2885 3348 3060 3419 ἄγραν
3095 3349 3123 3400 ό
3147 3347 3451 3417 ίχθυοϐόλος
3483 3346 3559 3416 τῷ
3583 3345 3683 3417 βα-

2096 3445 2253 3505 σιλεῖ,
2282 3443 2358 3513 τῷ
2383 3442 2675 3513 θεράποντι
2696 3441 2752 3492 δὲ
2778 3440 2868 3492 τὸν
2889 3439 3039 3509 ίχθὺν
3061 3439 3088 3490 ό
3109 3438 3360 3508 βασιλεὺς
3384 3438 3678 3509 παρέσχεν

2097 3533 2383 3605 ἀνατεμὼν
2413 3534 2469 3586 δὲ
2502 3532 2594 3586 καὶ
2626 3530 2909 3584 δακτύλιον
2943 3529 3119 3600 εὑρὼν
3148 3529 3317 3596 ἔνδον,
3359 3529 3450 3581 τὴν
3491 3528 3590 3598 μὲν
3622 3530 3680 3583 ὲν

416 3746 583 3801 super
609 3745 831 3786 arenam
867 3733 1154 3797 aedificata,
1193 3748 1377 3787 semen
1415 3732 1686 3801 inaequale
1719 3730 2083 3793 zizaniorum,
2117 3730 2366 3785 triticum
2408 3730 2782 3801 congenitum,
2821 3730 3101 3801 crematio
3120 3728 3348 3801 seminis
3378 3743 3501 3781 cum
3535 3729 3680 3801 ziza-

417 3798 545 3873 nii's,
574 3803 786 3872 sinope,
820 3806 1137 3873 margarita,
1171 3805 1466 3858 thesaurus
1504 3798 1862 3858 absconditus
1905 3803 1959 3855 in
2010 3817 2164 3871 agro,
2194 3817 2419 3870 sagena,
2451 3802 2604 3862 vitis,
2641 3800 2733 3873 lilii
2779 3815 2806 3852 a
2844 3808 2997 3873 patre
3031 3798 3187 3873 missi
3226 3800 3278 3873 in
3312 3813 3523 3873 agrum,
3553 3799 3681 3853 mali

416 3869 926 3943 agricolafnuptia:
943 3869 1111 3927 iactae
1144 3875 1254 3927 lilio
1286 3889 1385 3927 suo
1412 3890 1440 3926 a
1477 3882 1651 3942 patre,
1687 3889 1796 3926 non
1822 3873 2033 3926 habens
2053 3869 2596 3941 ivesteln'nuptialem
2627 3871 2862 3943 ejectus,
2894 3869 3079 3924 decem
3104 3870 3347 3943 virgines
3368 3869 3680 3935 vigilantes,

415 3938 685 3997 adventus
721 3938 1131 4014 inexspectatus
1177 3944 1410 4009 domini,
1442 3938 1744 4014 haedorum
1772 3952 1826 3995 et
1861 3943 2042 4014 ovium
2076 3938 2627 4014 separatio,’lucerua
2660 3942 2851 4014 lucens
2885 3956 3052 4009 super
3082 3938 3509 4014 _cande_|_abrum,_
3538 3955 3682 4014 sem-

422 4026 518 4080 per
559 4009 899 4081 ex3pectans
937 4013 1217 4068 dominum
1254 4030 1467 4076 servus,
1501 4015 1592 4083 qui
1645 4013 1837 4066 incidit
1874 4013 1929 4065 in
1970 4009 2231 4077 latrones,
2263 4027 2386 4065 cum
2414 4012 2537 4066 aliis
2569 4021 2774 4078 septem
2819 4010 3042 4083 domum
3082 4009 3678 4083 ingred_iens_spiritus,

420 4077 553 4136 iicus
589 4077 813 4147 sterilis,
847 4084 1127 4149 drachma,
1174 4084 1314 4147 ovis,
1350 4084 1494 4139 filius
1520 4077 1821 4153 prodigus,
1860 4083 2256 4137 immisericors
2295 4083 2551 4135 dominus
2576 4077 2720 4153 erga
2765 4095 2981 4133 servum
3013 4077 3683 4153 immisericordem,_pru-

417 4156 555 4223 dens
587 4154 823 4217 villicus,
862 4154 1137 4219 fenerans,
1175 4169 1379 4223 pauper
1407 4150 1671 4218 Lazarus,
1698 4150 2003 4223 pharisaeus
2028 4162 2081 4207 et
2116 4153 2468 4221 publicanus,
2500 4151 2678 4223 viduae
2703 4151 2917 4223 instans
2948 4150 3147 4212 oratio,
3178 4150 3335 4217 panis
3364 4150 3487 4203 filiis
3521 4150 3683 4223 datus

419 4230 473 4275 et
503 4222 690 4290 piscis.
728 4225 971 4278 thesauri
1009 4226 1135 4288 tuti,
1161 4220 1216 4278 et
1248 4220 1400 4278 dives
1448 4240 1666 4278 omnem
1699 4220 1821 4279 'sibi
1859 4239 2012 4291 spem
2057 4220 2353 4293 arripiens,
2391 4222 2709 4279 distributio
2753 4221 3108 4284 talentorum,
3153 4235 3402 4273 [nuarum
3435 4220 3679 4289 partitio,

419 4308 610 4347 servus
636 4295 913 4360 laudatus,
947 4296 1139 4350 eodem
1168 4295 1329 4349 modo
1358 4296 1494 4349 alter
1528 4294 1948 4349 condemnatus.

1475 4482 1759 4551 CARMEN
1797 4480 1982 4537 XLIII.
2016 4482 2083 4537 In
2114 4483 2382 4537 silentium
2407 4482 2624 4552 jejunii.

489 4642 715 4717 Ulysses
754 4645 1029 4712 Laertius,
1063 4651 1246 4704 diruta
1278 4648 1465 4717 Troia,
1499 4648 1554 4702 in
1586 4646 1850 4701 Graeciam
1873 4652 2177 4712 revertens,
2205 4654 2495 4717 postquam
2523 4643 2751 4697 multum
2800 4648 3064 4717 errasset,
3093 4641 3294 4717 nudus,
3330 4658 3374 4717 _e_
3396 4642 3688 4714 naufragio

415 4713 657 4787 ereptus,
696 4718 749 4771 in
803 4717 1049 4774 Pheacos
1084 4721 1321 4774 devenit.
1346 4713 1541 4773 Filiam
1567 4718 1805 4781 Alcinoi,
1832 4732 1956 4786 qua:
1980 4729 2101 4787 erat
2134 4713 2314 4787 virgo,
2347 4713 2485 4787 vidit
2514 4722 2679 4787 atque
2706 4713 3057 4787 sapientibus,
3086 4715 3203 4787 suis
3233 4713 3411 4767 verbis
3440 4713 3685 4787 commo-

416 4783 526 4840 vitf
550 4786 675 4840 Haec
703 4804 834 4857 ergo
868 4805 1014 4851 eum,
1049 4790 1301 4860 quamvis
1340 4790 1701 4858 alienigenam
1737 4797 1790 4842 et
1822 4783 2319 4860 n'udum,_Phca'cis
2352 4786 2571 4855 regique
2602 4783 2831 4838 Alcinoo
2855 4783 3215 4860 nihilonajnus
3263 4784 3685 4860 reverentiadi-

416 4872 582 4926 gnum
614 4851 1125 4927 atque'caeteroru'm
1158 4851 1699 4914 aestimabilisﬁmum
1738 4858 2004 4914 ostendit.
2032 4858 2168 4912 Cum
2210 4858 2391 4911 cibum
2415 4851 2687 4927 sumeret,
2720 4861 2869 4920 gesta
2903 4853 3027 4927 belli
3053 4851 3235 4927 Troia:
3264 4854 3685 4927 celebrataillu-

419 4923 668 4996 striaque
688 4923 922 4983 audivit.
953 4930 1088 4983 Cum
1124 4932 1192 4982 ab
1230 4946 1296 4984 eo
1327 4931 1711 4997 quaesivissent
1738 4931 1803 4983 de
1827 4943 1969 4997 equo
2009 4928 2209 4997 ligneo,
2251 4943 2320 4981 an
2344 4926 2641 4997 quidquam
2672 4938 2862 4997 eorum
2882 4923 3204 4987 audivisset,
3225 4939 3334 4977 non
3367 4925 3604 4997 negavit,
3631 4932 3685 4997 et

417 4991 707 5071 loquentes
728 5000 958 5071 audiens
983 5001 1294 5070 multasque
1326 4991 1567 5071 fundens
1599 4991 1893 5071 lacrymas:
1920 4991 2691 5071 valde,astantes'commovit,
2719 4991 2797 5047 Ne
2831 4993 2906 5071 ita
2940 5001 3125 5071 ageret
3153 5009 3281 5064 erga
3299 5010 3395 5049 eos
3432 4991 3685 5071 admoni—

416 5063 507 5122 tus
534 5067 664 5137 (non
687 5071 834 5141 enim
856 5069 1011 5125 decet
1031 5063 1222 5138 epulas
1249 5070 1437 5125 multis
1463 5063 1732 5141 lacrymis
1748 5070 2127 5137 conturbare),
2155 5069 2245 5121 vix
2272 5074 2545 5124 secretum
2573 5063 2876 5118 declaravit
2901 5084 2913 5118 :
2942 5064 3156 5118 scilicet
3184 5063 3245 5120 se
3279 5079 3404 5119 esse
3432 5065 3686 5134 Ulyssem

419 5154 590 5207 usque
613 5154 679 5194 eo
707 5139 923 5194 fortuna
955 5141 1200 5195 allatum.

1617 5317 1899 5374 CARMEN
1953 5318 2137 5376 XLIV.
2165 5319 2242 5372 De
2274 5319 2503 5374 silentio.

490 5477 821 5549 Polycrates.
850 5477 1157 5532 Samiorum
1195 5493 1309 5541 rex,
1338 5494 1462 5549 cum
1487 5479 1537 5533 ei
1571 5476 1778 5549 faveret
1804 5479 2043 5541 fortuna,
2069 5487 2123 5534 et
2145 5480 2326 5533 omnia
2358 5493 2618 5549 prospere
2649 5487 2853 5549 ageret,
2880 5477 3198 5534 felicitatem
3217 5476 3469 5533 extimuit
3520 5474 3691 5549 (nunc

419 5547 763 5619 qualn'enim
794 5549 1058 5603 maestitia
1080 5548 1260 5602 fuerat
1296 5548 1564 5613 affectus).
1608 5548 1837 5602 Sibimet
1860 5550 2048 5604 volens
2070 5547 2606 5607 moestitianicreare.
2632 5547 2894 5603 annulum
2915 5559 3222 5619 paternum,
3254 5563 3415 5618 quem
3446 5547 3684 5603 amabat.

419 5617 473 5689 in
509 5633 656 5672 mare
679 5617 832 5687 jeeit.
864 5619 940 5673 Ex
978 5620 1082 5673 hoc
1108 5619 1388 5674 tristitiam
1413 5635 1473 5673 se
1496 5634 1619 5673 esse
1659 5629 2051 5689 percepturumr
2077 5621 2390 5684 videbatur;
2427 5636 2552 5673 nam
2586 5619 2750 5672 fibula
2784 5621 2857 5674 illi
2888 5617 3287 5689 pretiosissima
3328 5628 3467 5672 erat.
3495 5619 3686 5671 Annu-

419 5688 529 5741 lqu
582 5696 788 5753 autem,
818 5690 912 5760 qui
963 5691 1121 5746 lineae
1154 5690 1490 5755 adhaerebat,
1521 5690 1735 5744 sorbuit
1776 5689 1968 5758 piscis.
2012 5688 2163 5744 Hanc
2205 5698 2486 5761 capturam
2532 5690 2773 5761 piscator
2810 5688 2944 5763 regi,
2972 5693 3065 5761 qui
3089 5706 3247 5747 servo
3274 5691 3477 5761 piscem
3517 5690 3686 5743 dedit.

491 5882 567 5950 (1)
602 5883 701 5937 Ed.
732 5899 856 5938 nov.
883 5892 933 5954 p.
965 5882 1090 5938 885.

492 5955 570 6023 (2‘;
607 5954 731 6010 Hzec
767 5970 893 6025 pars
938 5963 1064 6011 sunt
1103 5954 1463 6025 praecedentis
1498 5953 1809 6025 Carminis,
1843 5972 1984 6013 vers.

2096 5881 2355 5954 193495,
2392 5891 2445 5939 et
2492 5885 2545 5941 in
2600 5887 2762 5943 editis
2807 5887 2925 5943 sine
2963 5885 3316 5943 distinctione
3360 5887 3688 5951 sequuntur.

2097 5956 2256 6013 Eoi'r.
