4180 6350
408 419 511 474 ειδπ

411 536 546 606 ριῶν
569 538 628 593 ἐν
657 540 768 604 τοῖς
794 541 894 613 ήδη
929 541 1165 613 λεχθεῖσι
1197 543 1582 616 προτέτακται.
1618 545 1786 616 Φησὶν
1825 539 1918 597 σῦν
1957 545 1986 596 ὁ

409 629 548 694 θεῖος
569 630 868 703 Γρηγόριος
900 635 1254 699 ἱκετεντικῶς
1275 650 1289 664 ·
1313 637 1516 708 Χριστὲ
1539 635 1778 707 βασιλεῦ,
1794 635 1984 706 πύρινε

412 721 590 787 στῦλε,
627 724 722 778 τοῦ
761 725 1062 799 Γρηγορίου
1112 731 1176 799 τῇ
1213 729 1542 801 πλανωμένῃ
1579 729 1723 799 ψυχῇ
1762 727 1849 782 διὰ
1885 726 1985 797 τῆς

410 815 615 885 ἐρήμου
647 815 743 869 τοῦ
794 816 910 886 βίου
942 817 1043 888 τῆς
1090 820 1455 889 πικροτάτης,
1493 819 1715 889 ἐπίσχες
1752 818 1846 872 τὸν
1883 819 1989 871 Φα-

413 905 528 978 ραὼ
559 909 653 962 καὶ
690 908 922 975 παῦσον,
965 911 1110 963 τοῦτ’
1152 911 1268 965 ἐστι
1311 911 1401 964 τὸν
1439 911 1683 966 διάϐολον
1721 910 1812 963 τὸν
1843 909 1989 964 κακὰ

411 999 823 1070 βουλευόμενον,
871 1003 967 1054 καὶ⁹
998 1003 1124 1066 τοὺς
1155 1005 1387 1074 πικροὺς
1419 1002 1803 1078 ἐργοδιώκτας,
1844 1001 1986 1056 τοῦτ’

409 1089 526 1141 ἐστι
549 1091 675 1154 τοὺς
700 1089 983 1161 δαίμονας,
1021 1092 1114 1144 καὶ
1155 1091 1250 1144 τοῦ
1282 1091 1453 1161 πηλοῦ
1487 1108 1553 1163 με
1587 1092 1686 1162 τῆς
1712 1090 1985 1162 ἁμαρτίας

411 1178 506 1231 καὶ
536 1179 635 1250 τῆς
670 1180 953 1244 πλινθείας
974 1182 1077 1250 τῆς
1099 1184 1351 1253 ρυπαρᾶς
1374 1182 1634 1253 ἐργασίας
1660 1181 1985 1246 ἀπάλλαξον,

412 1270 650 1341 πληγαῖς
704 1273 978 1343 ἀπρεπέσι
1019 1275 1145 1336 τοὺς
1197 1275 1364 1344 ἐμοὺς
1414 1273 1642 1344 ἐχθροὺς
1693 1273 1986 1338 ὑποτάξας,

410 1362 460 1415 οῖ
497 1363 827 1434 πλήττονται
858 1368 978 1429 ταῖς
1007 1365 1272 1438 καθαραῖς
1307 1367 1400 1419 καὶ
1429 1365 1716 1419 θεοειδέσιν
1737 1365 1987 1429 ἐννοίαις,

412 1453 506 1507 καὶ
540 1456 606 1526 τῇ
637 1454 746 1507 τῶν
776 1455 1008 1508 ἐντολῶν
1035 1456 1269 1526 ἐργασίᾳ
1295 1455 1488 1524 (ταῦτα
1516 1455 1624 1526 γάρ
1644 1457 1753 1518 τοῖς
1773 1455 1989 1525 δαίμοσι

415 1543 676 1613 μάστιγές
733 1537 870 1597 εἰσιν
921 1547 1246 1617 ἀπρεπεῖς)·
1297 1545 1506 1615 ὁμαλὴν
1561 1545 1617 1598 δὲ
1685 1546 1990 1616 παράσχοις

412 1635 527 1688 ὁδὸν
565 1636 664 1707 τὴν
700 1633 979 1705 βιωτικὴν,
1010 1635 1078 1687 δι’
1119 1631 1187 1705 ἧς
1217 1633 1417 1704 βαδίζω
1457 1635 1593 1706 πρὸς
1629 1633 1727 1706 τὴν
1757 1635 1991 1704 πατρίδα

411 1724 511 1794 τὴν
543 1724 692 1778 Θείαν
716 1725 1176 1796 κατεπειγόμενος
1199 1742 1212 1754 ο
1249 1727 1298 1777 εἰ
1325 1725 1380 1777 δέ
1415 1743 1481 1795 με
1516 1725 1794 1796 καταλάϐῃ
1827 1723 1992 1778 σπεύ·

414 1813 516 1868 δων
535 1815 564 1866 ὁ
596 1814 808 1885 ἐχθρὸς,
833 1813 968 1867 ἀλλά
997 1813 1059 1867 σύ
1095 1830 1185 1884 μοι
1213 1817 1307 1866 καὶ
1337 1815 1432 1876 τὴν
1460 1813 1734 1869 Θάλασσαν
1758 1814 1988 1884 διατμή-

417 1905 586 1970 ξειας,
627 1906 777 1974 ἄγων
825 1905 890 1960 δι’
923 1902 990 1978 ἦς
1018 1902 1165 1967 οἶδας
1213 1906 1514 1976 ἀσυνήθους
1568 1907 1662 1960 καὶ
1713 1907 1992 1976 θειοτέρας

415 1999 535 2052 ὁδοῦ
561 2017 574 2030 ·
615 1998 843 2071 ίσχυράν
883 1999 940 2052 δὲ
985 1999 1082 2070 τὴν
1121 1999 1324 2054 ἄϐατον
1359 2000 1749 2071 διαπεράσοιμι
1782 1999 1988 2070 τρίϐον,

419 2090 663 2144 σπεύδων
695 2093 775 2154 είς
807 2091 907 2161 τὴν
953 2091 1374 2162 ἐπηγγελμένην
1406 2093 1527 2161 γῆν,
1566 2091 1710 2144 τοῦτ’
1742 2091 1856 2145 ἔστι
1893 2092 1991 2162 τὴν

418 2181 697 2251 βασιλείαν
728 2181 837 2235 τῶν
868 2182 1134 2254 οὐρανῶν,
1160 2183 1252 2235 τὸν
1275 2183 1404 2253 ἐμὸν
1439 2183 1641 2254 κλῆρον
1669 2183 1727 2236 ὃν
1755 2183 1989 2253 ὑπέσχου

416 2275 511 2328 καὶ
558 2275 928 2338 κατένευσαςο
981 2277 1076 2330 καὶ
1124 2276 1402 2345 ποταμοὺς
1438 2277 1712 2346 στήσειας.
1770 2274 1992 2346 ἐμπαθῆ

419 2368 658 2439 ρεύσεως
697 2369 1126 2440 ἀπογεννήματα
1149 2383 1164 2400 ·
1215 2369 1309 2421 καὶ
1347 2368 1615 2438 πολέμους
1654 2366 1988 2436 ἀλλοφύλων,

418 2462 768 2535 ἐνθυμήσεων
814 2465 1068 2537 πονηρῶν
1096 2465 1177 2528 είς
1212 2465 1389 2542 φυγὴν
1414 2465 1693 2536 τρέψειας,
1726 2464 1786 2518 τὸ
1832 2463 1994 2516 πολυ-

419 2553 710 2609 στένακτον
749 2555 1032 2625 ἀμϐλύνας
1065 2555 1165 2626 τῆς
1202 2556 1475 2626 ἁμαρτίας
1505 2555 1687 2626 βέλος·
1716 2558 1766 2610 εἰ
1803 2556 1860 2610 δὲ
1893 2557 1992 2626 τῆς

417 2644 522 2715 γῆς
549 2644 724 2699 ἑπιδῶ
754 2646 855 2716 τῆς
888 2648 1061 2718 ἱερᾶς,
1101 2647 1197 2700 τοῦ
1245 2647 1497 2718 σώματος
1547 2647 1858 2711 ἀπολυθεὶς,
1899 2649 1994 2700 καὶ

416 2737 486 2788 τά
515 2737 888 2810 προειρημένα
919 2737 1223 2808 παρελθὼν,
1248 2741 1326 2802 είς
1357 2739 1456 2809 τὴν
1475 2739 1583 2791 τῶν
1614 2739 1833 2810 πραέων
1858 2755 1992 2792 κατ-

429 2828 668 2899 αντήσας
692 2828 878 2900 χώραν
909 2830 1004 2884 καὶ
1032 2829 1374 2902 κληρονόμος
1395 2829 1756 2902 ἀναδειχθεὶς,
1790 2831 1994 2902 Χριστέ

423 2917 662 2988 βασιλεῦ,
706 2920 821 2989 φῶς
846 2920 956 2973 τῶν
987 2921 1313 2990 ἀνθρώπων,
1348 2923 1529 2974 ἐκεῖσε
1563 2921 1868 2993 διηνεκέσιν
1892 2921 1996 2993 ὓμ-

419 3029 530 3074 νοις
558 3012 834 3084 ἀσιγήτως
865 3013 1226 3085 δοξολογήσω.

743 3106 961 3162 ΛΟΓυΣ
994 3107 1136 3160 Mﬂ'.
1170 3105 1309 3174 Περὶ
1341 3105 1662 3178 ἀρχῶν

423 3193 483 3247 II
551 3195 648 3261 Ὠς
682 3195 883 3266 θῆρες,
919 3197 1191 3266 Χριστοῖο
1229 3201 1356 3251 κατ’
1399 3201 1608 3266 οὔρεος
1647 3199 1997 3267 ἀκροτόμοιο

423 3284 492 3337 I2
549 3288 965 3356 Λιιμπομένου,
1025 3288 1245 3356 Μωσῆϊ
1303 3292 1492 3358 νόμον
1547 3291 1596 3343 τ’
1653 3291 1745 3343 ἐνὶ
1809 3290 1992 3353 πλαξὶ

1544 3379 1922 3451 [πιοάεεοντοςν

1409 424 1515 478 ‘AD
1554 423 1869 480 CARMIMA
1911 422 1967 478 S.
2021 421 2350 478 GREGORII
2385 420 2632 477 TIIEOL.

3560 418 3625 469 ΛΓ)
3635 423 3661 469 ι

2097 544 2164 596 I3
2203 544 2428 596 Αὐτίκα
2479 537 2949 607 ρηγφίνμένοισιν
2998 535 3116 589 ὑπὸ
3166 533 3520 589 σκοπέλοισι
3565 530 3666 582 i‘a-

3387 623 3592 695 [μεῖεν.

2159 746 2262 799 Τὸν
2290 747 2455 816 νόμον
2477 750 2590 810 τοῖς
2616 747 2752 808 υἱοῖς
2795 743 3012 815 Ἰσραὴλ
3052 742 3225 805 διδοὺς
3250 743 3278 794 ὁ
3304 739 3455 802 Θεὸς.
3489 753 3656 808 προσ.

2088 835 2244 900 έταξε
2279 837 2354 907 τῷ
2374 839 2581 908 Μωῦσῇ
2604 838 2694 890 τὸν
2724 835 2851 888 λαὸν
2880 832 3231 900 καθαγνίσαι,
3266 831 3360 884 καὶ
3384 825 3476 882 τοῦ
3502 827 3660 900 ὅρους

2089 927 2345 979 ὑποκάτω
2381 928 2596 996 στῆσαι,
2635 928 2728 979 καὶ
2754 927 2853 996 τῆς
2873 924 3024 986 θείας
3055 923 3284 976 ἀκοῦσαι
3315 921 3516 990 φωνῆς,
3556 937 3662 990 μη⁴

2089 1018 2146 1071 δὲ
2173 1021 2238 1088 τῇ
2265 1017 2464 1089 νεφέλῃ
2493 1017 2874 1088 προσεγγίσαι,
2898 1015 2930 1086 ἦ
2959 1013 3371 1086 προσαναϐῆναι
3408 1010 3486 1080 τῷ
3514 1011 3628 1080 δρει
3646 1026 3658 1037 ·

2089 1110 2191 1162 κᾶν
2247 1109 2435 1180 θηρίον
2493 1111 2551 1163 δὲ
2598 1109 2754 1179 θίγῃ,
2813 1106 3154 1162 κινδυνεῦσαι
3226 1103 3657 1173 λιθοϐοληθῆναι.

2089 1199 2316 1252 Μωῦσεῖ
2348 1199 2406 1252 δὲ
2459 1198 2792 1272 προσέταξεν
2837 1199 2866 1250 ὁ
2897 1197 3046 1261 Θεὸς,
3106 1196 3236 1249 εῖσω
3267 1195 3513 1265 χωρῆσαι
3562 1193 3660 1262 τῆς

2091 1289 2319 1360 νεφέλης
2352 1290 2444 1343 καὶ
2472 1289 2568 1342 τοῦ
2596 1289 2741 1342 θείου
2769 1287 2970 1357 γνόφου
2992 1303 3005 1316 ·
3036 1286 3096 1338 τὺ
3135 1285 3244 1354 γὰρ
3277 1285 3400 1354 ὅρος
3446 1282 3666 1336 ἐκαίετο

2091 1381 2246 1450 πυρὶ,
2277 1380 2413 1432 διότι
2449 1379 2653 1451 Κύριος
2683 1382 2741 1433 ἐν
2772 1380 2906 1449 πυρὶ
2940 1376 3148 1445 κατέϐη
3178 1376 3273 1430 καὶ
3301 1375 3529 1446 νεφέλῃ·
3570 1373 3666 1427 καὶ

2090 1473 2332 1541 Μωῦσῆς
2359 1472 2510 1536 ἐντὸς
2537 1473 2828 1542 γενόμενος
2857 1469 2948 1522 τοῦ
2989 1469 3193 1537 γνόφου
3240 1467 3335 1521 καὶ
3368 1467 3466 1536 τῆς
3503 1465 3665 1533 νεφέ-

2091 1564 2208 1634 λης,
2239 1563 2341 1626 τὰς
2370 1563 2668 1626 θεοτύπους
2705 1560 2990 1624 ἐπεδέξατο
3015 1560 3250 1622 πλάκας,
3281 1561 3339 1611 ἐν
3370 1553 3458 1621 αἷς
3475 1554 3544 1629 ἦν
3571 1575 3667 1625 γε·

2091 1655 2387 1725 γραμμένα
2416 1655 2484 1708 τὰ
2511 1655 2914 1727 προστάγματα
2940 1653 3033 1706 τοῦ
3065 1652 3200 1705 Θεοῦ
3225 1653 3321 1706 καὶ
3345 1651 3414 1704 τὰ
3441 1649 3660 1704 δικαιώ-

2097 1761 2264 1813 ματα,
2296 1744 2444 1812 λόγοι
2473 1744 2627 1800 δέκα.
2657 1743 2957 1815 Γρηγόριος
2985 1743 3164 1796 τοίνυν
3190 1741 3510 1809 ὁΘεολόγος,
3537 1742 3690 1813 περὶ.

2091 1833 2188 1900 τῆς
2219 1833 2382 1900 ἀγίας
2420 1833 2649 1904 Τριάδος
2681 1834 2856 1886 εἰπεῖν
2888 1831 3230 1903 βουλόμενος,
3263 1833 3436 1900 εἴργει
3463 1832 3560 1902 μὲν
3585 1831 3664 1900 τῷ

2089 1924 2231 1994 λόγῳ
2265 1925 2392 1988 τοὺς
2425 1925 2705 1997 ἀμυήτους
2729 1942 2740 1955 '
2774 1927 2826 1977 εί
2869 1943 2920 1977 τι
2952 1923 3009 1978 δὲ
3035 1923 3297 1995 θηριῶδες
3334 1924 3427 1976 καὶ
3456 1925 3663 1994 ἀνήμε-

2095 2033 2216 2086 ρον,
2257 2015 2572 2080 ἀποδιώκει,
2617 2017 2857 2086 Μωῦσῆν
2893 2016 3227 2086 μιμούμενος
3277 2017 3370 2069 καὶ
3419 2016 3664 2080 Ἡσαΐαν,

2091 2107 2285 2170 οἵτινες
2318 2107 2397 2178 τῷ
2441 2107 2556 2179 λαῷ
2581 2109 3103 2179 διαμαρτυράμενοι,
3148 2111 3440 2179 Πρόσεχε,
3477 2111 3663 2179 φησὶν,

2091 2197 2329 2266 adpare,
2362 2201 2459 2254 καί
2493 2201 2767 2266 λαλήσω,
2805 2204 2903 2256 καὶ
2939 2198 3204 2257 ἀκοιιέτω
3242 2202 3316 2274 γῆ
3336 2203 3573 2272 ῥήματα
3597 2203 3667 2256 ἐκ

2091 2297 2390 2364 στόματός
2413 2314 2532 2364 μου
2551 2313 2564 2326 ·
2595 2297 2624 2349 ὁ
2651 2297 2706 2349 δέ
2737 2337 2752 2360 ,
2788 2299 3026 2362 Ἄκουε,
3062 2298 3299 2365 οὐρανέ,
3340 2298 3438 2350 καὶ
3461 2296 3666 2349 ἐνωτί-

2093 2383 2214 2449 ζου,
2261 2387 2299 2446 νὴ
2341 2385 2439 2456 γῆ,
2492 2387 2580 2440 ὅτι
2625 2386 2844 2454 Κύριος
2875 2389 3161 2454 ἐλάλησε.
3201 2391 3311 2443 Καὶ
3357 2387 3529 2442 ταῦτα
3569 2388 3668 2457 μὲν

2093 2475 2428 2547 Γρηγόριος·
2478 2477 2571 2530 καὶ
2620 2477 2780 2530 πλέον
2824 2477 2886 2530 τὸ
2931 2478 3176 2549 Πνεῦμα,
3221 2479 3375 2548 φησὶ,
3415 2477 3475 2531 τὸ
3515 2477 3667 2545 ἇγιον

2093 2565 2185 2619 τοῦ
2235 2566 2402 2620 Θεοῦ’
2464 2568 2529 2620 σὺ
2581 2567 2637 2620 δέ
2693 2585 2782 2638 μοι
2833 2570 2924 2621 τὸν
2971 2569 3095 2622 νοῦν
3144 2568 3240 2622 καὶ
3274 2567 3372 2638 τὴν
3421 2567 3669 2636 γλῶσσαν

2095 2657 2426 2729 ἀνάστητον,
2467 2659 2564 2730 τὴν
2595 2660 2872 2726 σάλπιγγα
2893 2661 2990 2730 τῆς
3022 2660 3283 2731 ἀληθείας
3311 2659 3410 2729 τὴν
3446 2658 3674 2729 μεγαλό-

2095 2766 2272 2817 φωνον
2291 2767 2305 2779 ο
2340 2749 2416 2812 ὡς
2439 2749 2505 2802 ἂν
2533 2750 2667 2819 ἐμοῦ
2693 2749 3096 2817 θεολογοῦντος,
3139 2751 3447 2821 τέρπωνται
3471 2749 3670 2812 πάντες

2095 2840 2236 2893 κατά
2266 2840 2444 2912 ψυχὴν
2481 2840 2678 2904 ὁλικῶς
2713 2841 2810 2912 ὅλῃ
2848 2845 2913 2912 τῇ
2949 2841 3166 2911 θεότητι
3194 2841 3575 2912 συναφθέντες.

2445 2974 2662 3027 ΛΟΓΟΣ
2691 2977 2824 3028 ΜΘ¹.
2867 2974 3002 3042 Περὶ
3043 2974 3178 3030 Υίοῦ
3213 2974 3317 3044 (‘2).

2049 3065 2056 3075 '
2101 3084 2170 3137 ee
2209 3081 2318 3137 Ἦν
2359 3084 2602 3152 βροτὸς,
2645 3086 2803 3138 ἀνιλά
2845 3087 3006 3151 Θεός.

2169 3200 2489 3270 Ἀνθρωπος
2521 3202 2549 3252 ὁ
2577 3199 2811 3270 Χριστὸς
2844 3200 2940 3252 καὶ
2989 3199 3139 3263 Θεὸς,
3171 3199 3270 3268 τὴν
3302 3197 3401 3268 μὲν
3448 3197 3673 3268 πρώτην

2092 3290 2346 3359 γέννησιν
2385 3293 2450 3343 ἐκ
2486 3291 2700 3362 Πατρὸς
2739 3291 2878 3362 ἔχων
2915 3292 3162 3354 ἀπαθῶς,
3200 3293 3297 3361 τὴν
3329 3290 3587 3360 δευτέραν
3616 3290 3672 3342 δὲ

2094 3381 2155 3446 ἐξ
2204 3382 2394 3452 ἡμῶν
2456 3385 2551 3436 καὶ
2583 3383 2784 3455 ταύτην
2819 3385 2917 3436 οὐκ
2958 3384 3066 3436 ἀπό
3104 3401 3248 3447 τινος
3299 3382 3560 3454 ρεῦσεως,
3609 3383 3674 3434 ἐκ

421 3555 666 3633 Gregorii
696 3559 896 3633 erranti
926 3559 1119 3612 animae
1149 3559 1212 3633 in_
1234 3559 1451 3613 deserto
1479 3561 1601 3616 vitae
1631 3564 1976 3618 amarissimo
2008 3579 2294 3633 compesce
2319 3577 2644 3633 eessareque
2675 3561 2760 3615 Iac
2794 3560 3151 3624 Pharaonem,
3187 3563 3238 3616 id
3268 3571 3353 3618 est
3385 3561 3670 3615 diabolum

424 3629 561 3680 mala
609 3626 949 3702 suadentem,
998 3638 1162 3698 atque
1201 3631 1541 3702 importunos
1577 3635 1950 3701 instigatores,
1981 3634 2031 3685 id
2078 3626 2159 3688 est
2201 3636 2499 3686 daemones.
2541 3626 2578 3683 Ε
2622 3633 2748 3684 limo
2780 3633 2981 3699 peccati
3017 3635 3380 3702 laterariaque
3435 3633 3674 3684 sordidae

423 3699 759 3772 operationis
789 3701 939 3768 eripe
969 3714 1074 3772 me,
1101 3715 1223 3754 cum
1256 3701 1428 3768 plagis
1463 3699 1791 3771 iujucundis
1818 3719 1968 3758 meos
2015 3705 2269 3758 inimicos
2299 3703 2700 3770 subjugaveris,
2733 3704 2822 3770 qui
2851 3705 3000 3770 puris
3028 3717 3080 3756 et
3105 3699 3306 3755 divinis
3332 3703 3677 3772 cogitationi-

425 3767 529 3821 bus
556 3767 911 3836 castigantur,
939 3777 993 3823 et
1022 3767 1403 3824 observatione
1433 3767 1814 3826 mandatorum
1862 3773 1998 3839 (haec
2018 3774 2163 3827 enim
2194 3783 2322 3828 sunt
2349 3767 3104 3840 castigationesdtemonibus
3140 3767 3477 3838 iujucundie)
3515 3789 3526 3822 :
3562 3773 3674 3840 pla-

425 3848 758 3912 namautem
797 3841 976 3907 praebe
1006 3842 1148 3893 viam
1181 3841 1320 3912 hanc
1353 3843 1660 3902 mortalem,
1698 3859 1793 3912 per
1818 3858 1978 3912 quam
2018 3845 2286 3896 ambulem
2312 3843 2375 3893 ad
2406 3841 2633 3912 patriam
2676 3842 2952 3895 cmlestem
2993 3842 3334 3895 festinanter.
3362 3842 3416 3894 Si
3446 3841 3677 3909 vigilans

424 3907 680 3982 inimicus
727 3922 811 3962 me
848 3909 1340 3982 comprelrenderit,
1375 3919 1432 3963 tu
1479 3921 1656 3966 tamen
1687 3907 1907 3982 tequo'ra
1945 3914 2106 3966 etiam
2147 3921 2273 3965 ante
2312 3907 2620 3982 me'divide,
2654 3912 2940 3982 perviam,
2976 3927 3136 3981 quam
3167 3907 3673 3982 noscis,jusdlitam

424 3977 777 4051 tlivinamque
808 3977 1038 4034 ducetis.
1087 3978 1348 4034 Semitam
1390 3983 1655 4051 munitam
1687 3992 1738 4037 et
1755 3977 2102 4037 inaccessam
2149 3984 2399 4051 trajicere
2431 3977 2668 4050 possim;
2695 3981 2759 4033 ad
2793 3977 3006 4034 terram'
3023 3983 3344 4051 promissam
3385 3979 3672 4051 festinans,

426 4046 479 4098 id
507 4056 603 4122 est
623 4063 846 4116 regnum
873 4051 1157 4112 caelorum,
1190 4065 1361 4122 meant
1396 4050 1761 4107 hereditatem
1787 4069 1814 4106 a
1850 4063 1900 4105 te
1931 4046 2265 4122 propositam
2296 4065 2344 4105 et
2382 4046 2758 4122 prmparatam.
2784 4046 3096 4104 lictisistere
3126 4051 3210 4104 fac
3240 4051 3402 4104 etiam
3429 4049 3674 4122 ﬂuruina,

426 4117 700 4192 turbidum
745 4121 1168 4192 setnenLlluxus.
1207 4118 1354 4192 Bella
1395 4129 1727 4192 exteroruin,
1762 4117 2050 4192 pravarum
2099 4117 2508 4189 cogitationum‘
2532 4123 2583 4173 in
2605 4121 2784 4190 fugam
2809 4133 3084 4183 converte,
3119 4123 3226 4175 telo
3268 4121 3677 4175 lttctuosissimo

434 4190 883 4261 peccati‘retuso.
917 4187 1244 4261 Si,corpore
1273 4190 1508 4255 solutus,
1543 4191 1596 4244 in
1625 4187 1823 4246 terra-in
1858 4201 2102 4246 sanctam
2132 4187 2412 4261 ingressus
2437 4191 2612 4252 fuero,
2645 4187 2710 4243 a'd
2744 4192 2997 4259 praedirta
3036 4207 3356 4260 pervenero,
3392 4199 3554 4260 atque
3585 4206 3674 4243 re-

425 4259 601 4380 gpnii‘s
632 4257 944 4382 dglcedinis
981 4260 1154 4315 haeres
1193 4261 1481 4316 institutus
1525 4262 1698 4328 l'uero,
1730 4278 1826 4317 rex
1860 4262 2098 4327 Christe,
2131 4257 2222 4316 lui
2258 4263 2558 4324 hominum,
2595 4262 2669 4314 ibl
2709 4257 2761 4315 te
2795 4257 3144 4330 sempiternis
3179 4261 3395 4332 hymnis
3420 4257 3538 4314 sine
3571 4261 3678 4314 line

425 4344 454 4382 ιι
479 4345 558 4381 οτι
583 4343 664 4382 ica
701 4344 754 4382 ο.
797 4348 817 4380 ι

421 4343 754 4395 glortucano.
797 4348 817 4380 ι

1555 4444 1840 4500 CARMEN
1881 4445 2111 4501 XLVIII.
2148 4445 2225 4500 De
2252 4448 2546 4518 principiis.

497 4561 632 4616 Cum
666 4561 927 4633 Dominus
956 4562 1130 4630 legem
1165 4576 1320 4617 suam
1349 4560 1506 4615 daret
1539 4562 1667 4616 ﬁliis
1695 4561 1883 4626 Israel,
1911 4562 2080 4633 Moysi
2113 4562 2369 4633 pmcepit
2397 4569 2454 4614 ut
2487 4563 2924 4617 sanctificaretur
2957 4560 3214 4633 pepultts,
3244 4567 3412 4616 staret
3431 4559 3497 4613 ad
3532 4561 3680 4614 radi-

425 4649 543 4687 cem
573 4633 798 4693 montis.
836 4632 902 4686 ad
943 4633 1268 4686 audiendam
1309 4648 1496 4686 vocem
1532 4633 1793 4692 divinam,
1826 4649 1894 4688 ne
1913 4632 2266 4702 autetn’nubi
2319 4634 2784 4702 appropinquaret
2825 4640 2919 4684 aut
2954 4632 3281 4702 inmontem
3323 4633 3674 4702 ascenderet;

425 4703 638 4757 etiamsi
681 4703 989 4772 jumenlum
1031 4703 1300 4771 tetigisset
1346 4712 1464 4757 erat
1515 4703 1888 4770 lapidandum.
1931 4701 2194 4772 Prmeepit
2219 4699 2410 4772 autem:
2440 4699 2618 4772 Moysi
2653 4702 2914 4756 Dominus
2941 4701 3079 4772 utin
3117 4701 3327 4772 nubem
3351 4709 3404 4754 et
3437 4699 3676 4772 divinam

428 4769 715 4841 caliginem
753 4769 1161 4842 ingrederetur}
1228 4787 1386 4825 mons
1437 4769 1585 4825 enirn
1646 4773 1845 4826 ardens
1883 4783 2001 4826 erat
2041 4769 2184 4842 igne,
2211 4772 2338 4842 quia
2388 4769 2650 4826 Dominus
2692 4773 2746 4825 in
2791 4773 2912 4841 igne
2943 4780 2995 4825 et
3033 4771 3084 4824 in
3125 4772 3270 4825 nube
3297 4769 3675 4842 descenderat.

429 4839 662 4912 Moyses,
687 4845 739 4896 in
757 4839 1045 4912 caiiginem
1071 4844 1379 4912 nubemque
1404 4842 1703 4910 ingressus,
1727 4857 1763 4912 7a
1793 4844 1899 4896 Deo
1921 4839 2134 4897 tabulas
2165 4839 2373 4910 accepit
2404 4843 2456 4894 in
2483 4844 2682 4909 quibus
2706 4839 2860 4895 erant
2885 4842 3086 4912 scripta
3112 4849 3376 4912 praecepta
3407 4839 3678 4912 justilica-

430 4909 716 4980 tionesque
750 4909 1210 4981 DeifDecalogus.
1236 4909 1534 4980 Gregorius
1564 4928 1691 4980 ergo
1713 4911 2042 4982 Theologus,
2075 4913 2142 4966 de
2182 4909 2370 4967 sancta
2405 4913 2838 4982 'I‘rinitateloqui
2865 4911 3075 4972 volens,
3102 4909 3349 4982 carmine
3368 4924 3468 4963 suo
3505 4909 3680 4982 interg

430 4983 562 5036 dicit
594 4978 701 5036 non
737 4983 986 5045 initiatis,
1023 4978 1184 5051 atque
1204 4978 1571 5050 quodcunque
1613 4978 1843 5036 animale
1867 4978 2262 5036 et'indomitum
2289 4987 2653 5050 persequitur.
2687 4978 2908 5051 Moysen
2951 4988 3004 5033 et
3035 4983 3227 5035 Isaiam
3261 4978 3503 5051 imitans,
3529 4980 3680 5051 omni

427 5055 629 5122 populo
659 5053 1013 5108 teSIiiicautes
1049 5070 1061 5105 :
1097 5049 1306 5110 Audite.
1336 5049 1670 5122 caeli,inquit
1701 5053 1866 5120 prior.
1897 5061 1945 5104 et
1969 5056 2175 5122 loquar,
2201 5049 2846 5122 audiatterrdverbaoris
2866 5053 2964 5103 mei
2989 5052 3040 5112 ‘;
3076 5051 3247 5122 alter“:
3293 5049 3508 5122 findite.
3540 5049 3676 5122 εοείί,

429 5115 475 5175 et
499 5115 714 5176 nuribus
748 5124 968 5190 percipe,
997 5131 1158 5184 terra,
1183 5123 1429 5191 quoniam
1462 5115 1718 5174 Dominus
1744 5124 1949 5174 locutus
1971 5115 2048 5175 est
2070 5117 3201 5191 '.SicqueautemGregoriuszetpmsertim
3217 5115 3679 5191 Spittitu,inqtt_it,

429 5205 616 5247 sancto
649 5188 779 5247 Dei:
810 5203 865 5244 tu
900 5207 1028 5246 vero
1061 5188 1291 5246 mentem
1324 5200 1376 5243 et
1412 5193 1650 5260 linguam
1680 5192 1806 5242 mihi
1846 5193 2074 5250 susvita.
2122 5200 2179 5242 ut
2206 5188 2318 5260 sint
2344 5189 2472 5260 tuba
2501 5191 2743 5260 veritatis
2787 5188 2982 5260 magna
3015 5196 3349 5241 annuntians
3379 5203 3393 5242 :
3425 5203 3549 5242 cum
3573 5188 3678 5242 sim

429 5263 497 5318 de
537 5264 762 5318 numine
802 5264 1108 5326 locuturus,
1140 5279 1330 5317 omnes
1367 5256 1686 5316 tota'anitna
1720 5261 1969 5316 laetentur
1999 5261 2097 5315 toti
2123 5259 2403 5312 Divinitati
2429 5265 2537 5310 tam
2562 5256 2863 5324 conjuncti.
3620 5259 3622 5264 '

1622 5393 1904 5448 CARSIEN
1966 5390 2152 5448 XLIX.
2225 5391 2300 5445 De
2331 5387 2495 5442 Filio.

499 5507 672 5562 IIomo
695 5508 948 5562 Christus
980 5514 1032 5559 et
1056 5503 1199 5560 Deus
1241 5507 1474 5574 priorem
1516 5513 1764 5558 naturam
1794 5522 1855 5559 ex
1890 5504 2049 5559 Patre
2080 5503 2268 5557 habuit
2307 5502 2458 5556 nullo
2499 5499 2660 5553 modo
2690 5498 3027 5569 passibiicm,
3057 5499 3280 5554 alteram
3320 5515 3446 5556 vero
3479 5515 3540 5554 et
3579 5514 3679 5554 no-

574 5714 589 5744 ¹
623 5711 782 5766 Deut.
824 5725 997 5772 nm,
1028 5709 1080 5764 I.
1216 5710 1236 5738 ⁸
1271 5707 1371 5760 lsa.
1418 5722 1457 5769 ι,
1501 5707 1555 5758 2.

507 5892 583 5963 (I)
624 5890 724 5948 Ed.
759 5906 884 5947 nov.
914 5905 968 5961 ρ.
1000 5889 1126 5954 207,
1165 5888 1298 5957 Περὶ
1333 5886 1438 5941 τοῦ
1466 5885 1714 5953 Πατρός.

2171 5883 2250 5954 (2)
2291 5882 2384 5936 I'ld.
2431 5896 2554 5936 nov.
2590 5895 2638 5950 p.
2671 5881 2795 5936 209.
