4182 6384
462 435 574 493 ,ιδδ

455 549 778 620 Πνεύματος
803 547 860 602 δὲ
891 549 1050 616 ἀγίου
1095 547 1190 602 καὶ
1218 544 1440 618 Μαρίας
1472 546 1572 616 τῆς
1606 545 1906 618 Παρθένου.
1955 545 2047 610 Ἐξ

451 641 616 714 ἡμῶν
655 641 713 694 δὲ
757 640 1014 708 λέγεται·
1062 640 1158 693 καὶ
1203 638 1314 710 γὰρ
1347 636 1634 708 ἅνθρωπος
1672 637 1707 707 ἡ
1745 636 2044 708 Παρθένος,

451 734 589 786 θεὸν
619 749 876 804 σεσαρκω
884 731 1046 802 μένον
1060 729 1340 801 ἀμιάντως
1361 725 1618 791 τεκοῦσα,
1647 727 1744 780 καὶ
1761 727 2048 790 συνουσίας

455 825 614 887 ἐκτὸς
649 824 864 894 ἀνδρός.
1586 832 1587 835 ‘

720 914 896 968 Δαϐίδ
923 913 1120 986 γένος,
1146 913 1284 966 ἀλλ’
1337 910 1627 981 ἈδάμοιΟ.

524 1007 617 1079 Τῷ
667 1007 832 1060 Δα6“ιδ
871 1008 898 1059 6
940 1004 1075 1067 Θεὸς
1122 1003 1497 1074 ἐπηγγείλατο
1535 1004 1628 1056 τὸν
1681 1003 1921 1075 Χριστὸν
1979 1004 2049 1056 ὲκ

455 1099 674 1172 καρποῦ
709 1098 812 1168 τῆς
852 1097 1055 1165 ὀσφύος
1084 1095 1252 1149 αὑτοῦ
1292 1096 1628 1167 ἀναστήσειν
1653 1097 1798 1150 κατὰ
1831 1097 2046 1169 σάρκα·

403 1230 406 1234 .
456 1191 622 1246 Aa6‘l6
646 1191 703 1244 δὲ
729 1189 982 1259 βασιλεὺς
1021 1187 1239 1260 Ἰσραὴλ
1267 1188 1384 1250 υίὸς
1423 1188 1644 1252 Ἰεσσαὶ,
1672 1187 2050 1259 Βηθλεεμίτης

456 1283 630 1354 φυλῆς
665 1281 852 1334 Ἰούδα.
881 1280 1106 1350 Πρῶτος
1127 1275 1221 1333 οὖν
1256 1277 1452 1333 Ἰακώὸ
1480 1298 1648 1352 φησιν
1668 1297 1681 1312 ·
1705 1283 1828 1335 Οὐκ
1851 1281 2048 1336 ἐκλεί-

454 1378 558 1444 ψει
602 1375 803 1444 ἄρχων
851 1373 921 1437 ἐξ
966 1372 1176 1432 Ἰούδα,
1228 1371 1371 1426 οὐδὲ
1425 1373 1760 1442 ἡγούμενος
1806 1373 1875 1426 ἐκ
1928 1371 2048 1426 τῶν

455 1465 660 1537 μηρῶν
689 1465 897 1529 αὐτοῦ,
916 1465 1026 1531 ἕως
1048 1464 1126 1519 ἂν
1148 1465 1296 1531 ἔλθῃ
1318 1457 1366 1530 ᾧ
1385 1463 1714 1531 ἀπόκειται,
1741 1465 1839 1518 καὶ
1867 1460 2046 1531 οὗτος

455 1559 795 1628 προσδοκία
819 1557 1034 1612 ἐθνῶν.
1073 1558 1204 1621 Υἱὸς
1238 1555 1332 1612 οὖν
1373 1560 1540 1612 Δαὸῖδ
1571 1561 1598 1612 6
1632 1560 1868 1631 Χριστὸς
1905 1559 2047 1614 κατά

458 1654 660 1725 σάρκα,
703 1655 732 1706 6
762 1653 1007 1722 πλάστης
1045 1651 1238 1724 Ἀδάμ,
1296 1652 1471 1721 Ἀδὰμ
1507 1652 1565 1706 δὲ
1593 1652 1811 1724 πρῶτος
1836 1652 2049 1725 ἄνθρωο

457 1765 560 1811 πος
585 1746 814 1817 ἐκτίσθη
842 1748 963 1800 κατ’
992 1747 1178 1800 εἰκόνα
1209 1745 1344 1800 Θεοῦ
1378 1747 1472 1801 καὶ
1509 1747 1792 1818 ὁμοίωσιν.

457 1839 527 1893 65
564 1839 674 1892 Καὶ
719 1836 916 1906 φάτνῃ
954 1838 1072 1906 μὲν
1100 1837 1334 1893 ἔδεκτο.

525 1930 631 1984 Τοῦ
661 1931 930 2000 δόγματος
961 1931 1092 2001 παρ’
1132 1931 1448 1999 Αὐγούστου
1480 1929 1756 2002 Καίσαρος
1793 1931 2050 2004 ἐξεληλυ-

457 2023 632 2090 θότος,
664 2025 763 2093 τὴν
794 2025 1124 2097 οἰκουμένην
1154 2025 1284 2080 ὅλην
1311 2024 1763 2096 ἀπογράψασθαι,
1797 2027 1891 2080 καὶ
1909 2027 2046 2081 πάν-

453 2134 562 2170 των
601 2119 680 2180 είς
714 2118 814 2188 τὴν
858 2117 995 2170 ἰδίαν
1030 2117 1265 2187 πατρίδα
1299 2119 1798 2190 κατεπειγομένων,
1849 2119 2046 2192 Ἰωσὴφ

455 2210 570 2273 υἱὸς
606 2207 681 2262 ὢν
705 2209 872 2262 Δαδὶδ
899 2209 1008 2263 ἀπὸ
1035 2208 1293 2281 Ναζαρὲθ
1326 2215 1407 2275 είς
1430 2213 1682 2284 Βηθλεὲμ
1711 2213 1945 2285 ἀνῆλθεν
1967 2215 2048 2278 είς

453 2300 610 2352 πόλιν
660 2300 843 2365 Δαδὶδ,
879 2301 1308 2372 ἀπογράψασθαι
1340 2305 1437 2356 σὺν
1469 2305 1706 2376 Μαριὰμ
1732 2308 1797 2376 τῇ
1834 2323 2049 2377 μεμνη-

459 2393 730 2464 στευμένῃ
785 2391 937 2463 αὐτῷ
979 2391 1117 2468 οὔσῃ
1167 2393 1386 2465 ὲγκύῳ·
1441 2397 1536 2449 καὶ
1593 2397 1943 2468 ἐπλήσθησαν
1989 2398 2049 2454 αἱ

454 2484 663 2555 ἡμέραι
700 2483 794 2537 τοῦ
830 2487 1012 2538 τεκεῖν
1053 2485 1246 2557 αὐτὴν,
1277 2488 1373 2540 καὶ
1421 2488 1579 2542 ἔτεκε
1608 2489 1700 2542 τὸν
1731 2490 1846 2544 υίὺν
1876 2491 2050 2563 αὐτῆς

450 2575 544 2628 τὸν
575 2577 943 2647 πρωτότοκον,
974 2577 1068 2630 καὶ
1098 2579 1529 2650 ἐσπαργάνωσεν
1579 2582 1765 2646 αὐτὸν,
1807 2582 1901 2635 καὶ
1954 2583 2050 2636 ἀν-

452 2667 663 2720 έκλινεν
696 2667 860 2720 αὐτὸν
891 2671 947 2720 ὲν
968 2672 1034 2739 τῇ
1060 2669 1256 2743 φάτνῃ,
1283 2670 1415 2724 διότι
1445 2673 1546 2725 οὑκ
1575 2668 1642 2745 ἦν
1671 2673 1856 2738 αὐτοῖς
1880 2674 2048 2739 τόπος

451 2760 511 2812 ὲν
535 2759 611 2830 τῷ
639 2759 1010 2830 καταλύματι.

1228 2853 1454 2923 Μάγοις
1483 2853 1552 2908 δέ
1578 2874 1643 2910 τε
1681 2857 2049 2927 ἡγεμόνευεν

455 2939 528 2996 σε
583 2940 818 3009 Ἀστὴρ,
858 2940 1184 3012 δωροφόροι
1229 2942 1282 2996 δ’
1324 2945 1416 3012 ἄρ’
1447 2944 1616 3011 ἔϐαν,
1667 2947 1766 3000 καὶ
1808 2949 2047 3017 γούνατ’

1623 3037 1954 3109 [ἔκαμψαν.

525 3125 763 3195 Χριστοῦ
793 3117 1169 3197 γεννηθέντος,
1204 3127 1370 3196 μάγοι
1398 3129 1767 3200 παρεγένοντο
1785 3131 1892 3183 ἀπὸ
1919 3131 2052 3186 ἀνα-

451 3221 624 3273 τολῶν
660 3219 764 3272 ὑπὸ
792 3219 1022 3290 ἀστέρος
1051 3221 1436 3290 ὁδηγούμενοι,
1463 3224 1561 3277 καὶ
1601 3223 1840 3295 Χριστὸν
1872 3242 2049 3295 προσ-

452 3313 809 3381 κυνήσαντες,
841 3308 992 3382 δῶρα
1036 3311 1312 3382 παρέσχον
1345 3312 1496 3384 αὐτῷ
1535 3313 1737 3385 χρυσὸν
1771 3315 1866 3367 καὶ
1896 3314 2053 3370 λίϐα-

452 3421 546 3457 νον
572 3404 665 3457 καὶ
693 3401 962 3473 σμύρναν.

452 3493 518 3546 61
573 3493 666 3557 Ὠς
690 3490 915 3559 ,βροτὸς
953 3489 1090 3562 ἦλθ’
1124 3497 1216 3551 ἐπ’
1247 3496 1470 3569 ἀγῶνα,
1504 3497 1844 3567 ὐπέρσχεθε
1878 3496 1931 3550 δ’
1960 3497 2042 3564 ὡς

1583 3588 1956 3662 [ἀδάμαστος

1571 426 1845 484 COSMAS
1880 427 2594 486 HIEROSOLYMITANUS

3641 420 3746 476 456

2159 547 2227 601 68
2267 545 2612 616 Πειραστήν
2641 542 2947 616 τρισσοῒσι
2987 540 3428 610 παλαίσμασιν.

2222 638 2385 710 Τρισὶ
2431 638 2760 710 προσϐολαῖς
2802 639 2830 690 6
2875 635 3126 698 διάϐολος
3170 631 3411 704 Χριστὸν
3459 630 3741 704 πειράζει·

2151 730 2420 784 Πεινῶντι
2451 730 2634 795 λίθους
2665 733 2745 794 είς
2775 732 2939 800 ἄρτον
2989 727 3354 798 προϐάλλεται
3377 743 3391 756 ·
3431 726 3532 790 τάς
3583 726 3742 796 βασι-

2150 821 2303 885 λείας
2331 822 2432 893 τῆς
2467 823 2570 893 γῆς
2603 821 2753 892 αὐτῷ
2778 820 3041 883 δείκνυσι,
3071 817 3245 872 ταῦτα
3274 817 3538 890 παρέξειν
3586 817 3642 869 εῐ
3676 833 3740 886 γε

2154 913 2339 968 πεσὼν
2395 916 2806 987 προσκυνήσοι,
2859 912 3374 982 διαϐεϐαιούμενοςο
3435 912 3518 974 είς
3569 909 3628 964 δὲ
3680 909 3742 963 τὸ

2152 1007 2450 1080 πτερύγιον
2497 1007 2720 1078 ἀγαγὼν
2766 1005 2862 1060 τοῦ
2915 1005 3086 1076 ἱεροῦ,
3133 1004 3318 1075 βαλεῖν
3367 1003 3520 1057 κάτω
3561 1003 3728 1073 φησὶν

2153 1100 2315 1173 εἴπερ
2352 1102 2482 1165 Υἱὸς
2530 1101 2616 1171 εἴη
2650 1100 2746 1154 τοῦ
2803 1098 2976 1152 Θεοῦ⁸
3029 1099 3251 1151 πάντων
3295 1098 3352 1151 δὲ
3403 1094 3739 1166 διαμαρτὼν,

2150 1193 2361 1264 οἴχεται
2395 1192 2874 1264 κατῃσχυμμένος.
2908 1192 3182 1245 Κεῖταιὲν
3204 1189 3284 1243 τῶ
3313 1195 3361 1234 ν’
3391 1188 3534 1259 λόγῳ
3576 1190 3610 1260 ὴ
3653 1187 3742 1252 ἔξ-

2151 1289 2370 1360 ήγησις.

3141 1371 3325 1443 Εϊδαρ
3358 1371 3616 1439 ὑπέστη,

2150 1469 2218 1526 69
2259 1471 2453 1540 Θρέψε
2501 1471 2571 1524 δὲ
2601 1470 2899 1540 χιλιάδας.

2220 1561 2440 1634 Τροφῆς
2469 1562 2567 1631 μὲν
2583 1562 2658 1624 ὡς
2678 1561 2774 1614 ἄνθ
2784 1577 2964 1632 ρωπος
2981 1557 3241 1630 μετέσχεν
3257 1559 3285 1610 ὁ
3301 1555 3514 1626 Σωτὴρ.
3542 1554 3657 1609 ἀλλ’
3679 1553 3741 1619 ἐξ

2149 1651 2334 1726 ἀρτων
2355 1655 2519 1706 πέντε
2550 1652 2796 1725 χιλιάδας
2821 1652 3096 1722 ὲκόρέσεν.
3122 1652 3316 1704 Κεῖται
3334 1651 3392 1702 ὲν
3406 1649 3486 1720 τῷ
3505 1655 3555 1718 γ’
3570 1648 3738 1720 λόγῳ.

2662 1744 2859 1812 ’Ύδωρ
2888 1744 2938 1797 τ’
2984 1745 3072 1809 εἰς
3105 1738 3276 1797 οἶνον
3319 1742 3594 1810 ἄμειψεν.

2219 1837 2459 1909 Χριστὸς
2496 1837 2555 1890 ὲν
2597 1837 2761 1908 Κανᾷ
2801 1835 3092 1908 γενόμενος
3138 1835 3236 1906 τῆς
3285 1834 3598 1901 Γαλιλαίας,
3658 1833 3739 1897 είς

2150 1930 2332 2001 γάμον
2371 1927 2564 1992 ἐλθὼν,
2592 1929 2688 1983 καὶ
2714 1929 3001 2000 λείψαντος
3027 1927 3195 1989 οἴνου,
3218 1925 3380 1980 τοῦτο
3405 1927 3503 1997 τῆς
3529 1924 3739 1996 μητρὸς

2149 2019 2300 2090 αὐτῷ
2352 2018 2805 2088 διασαφησάσης,
2860 2020 2972 2080 τοῖς
3017 2014 3341 2087 παρεστῶσι
3406 2015 3507 2079 τὰς
3551 2015 3740 2086 ὑδρίας

2151 2111 2341 2176 ὓδατος
2369 2110 2659 2183 πληρῶσαι
2693 2111 3026 2183 προστάξας,
3061 2107 3203 2163 οἶνον
3236 2107 3297 2174 ἐξ
3329 2107 3520 2172 ὓδατος
3546 2109 3740 2180 κιρνᾷν

2152 2203 2338 2275 ἱλαρὸν
2371 2206 2485 2267 τοῖς
2515 2203 2804 2274 δαιτυμόσι
2833 2203 2928 2256 καὶ
2969 2203 3114 2274 μάλα
3137 2202 3270 2275 ἡδὺν
3302 2202 3736 2272 παρεσκεύασεν.

2151 2294 2219 2350 70
2257 2295 2572 2358 Λούσατο,
2618 2295 2757 2350 ἀλλ’
2809 2293 3105 2364 ἐκάθηρεν
3157 2292 3526 2364 ἁμαρτάδας,
3600 2294 3739 2349 ἀλλ’

2150 2436 2214 2492 71
2255 2435 2559 2506 Πνεύματι
2593 2435 2926 2504 βρονταίης
2963 2433 3172 2505 φωνῆς
3205 2435 3345 2503 ὕπο,
3382 2364 3742 2577 ἑῗξςῖήὲῃάρο

3534 2523 3666 2576 χου.

3534 2523 3666 2576 χου.

2218 2599 2455 2672 Χριστὸς
2507 2600 2566 2652 ὲν
2622 2599 2865 2671 Ἰορδάνῃ
2918 2597 3240 2669 βαπτισθεὶς
3281 2597 3387 2651 ὑπὸ
3461 2597 3741 2660 Ἰωάννου,

2150 2691 2304 2762 παρά
2331 2690 2432 2761 μὲν
2465 2690 2681 2762 Πατρὸς
2713 2691 2786 2754 ὠ..
2815 2691 2943 2753 Υἱὸς
2973 2689 3260 2761 ἀγαπητὸς
3299 2690 3740 2762 μεμαρτύρηται,

2150 2783 2377 2855 Πνεῦμα
2406 2783 2462 2837 δὲ
2487 2784 2547 2836 τὺ
2578 2784 2846 2854 πανάγιον
2876 2782 3174 2854 σωματικῷ
3203 2783 3331 2837 εἴδει
3362 2781 3630 2856 κατῆλθεν
3654 2782 3742 2837 ἐπ’

2151 2876 2318 2931 αὐτὸν
2345 2876 2478 2930 ὡσεὶ
2510 2877 2831 2948 περιστερά.
2863 2877 3058 2929 Κεῖται
3083 2878 3139 2930 ἐν
3165 2876 3243 2947 τῷ
3274 2875 3318 2947 β’
3343 2876 3506 2946 λόγῳ.

2097 3045 2102 3048 _
2153 2968 2220 3022 72
2263 2969 2360 3035 Ὡς
2379 2969 2604 3037 ,βροτὸς
2632 2969 2830 3022 ὕπνον
2849 2967 3077 3036 ἔδεκτο,
3109 2970 3210 3024 καὶ
3243 2969 3322 3036 ὡς
3350 2969 3499 3048 Θεὸς
3520 2968 3740 3023 εὔνασε

3395 3039 3668 3112 [πόντον.

2215 3130 2452 3202 Χριστὸς
2505 3129 2785 3185 καθεύδων
2821 3131 2879 3184 ὲν
2917 3131 2998 3204 τῷ
3038 3133 3228 3202 πλοίῳ,
3280 3131 3553 3194 κλύδωνος
3611 3131 3740 3194 τοὺς

2151 3221 2401 3296 μαθητὰς
2460 3223 2925 3294 ὲκταράττοντος,
2971 3225 3216 3289 ἀναστάς
3261 3225 3566 3295 ἐπετίμησε
3630 3225 3743 3286 τοῖς

2148 3313 2377 3385 ἀνέμοις
2395 3330 2407 3342 ’
2442 3316 2476 3386 ἠ
2506 3315 2562 3368 δὲ
2589 3315 2834 3370 θάλασσα
2857 3315 3111 3388 γαληνῶς
3146 3317 3444 3390 ύιρήπλωσε
3471 3315 3550 3387 τῷ
3578 3333 3733 3389 προσ-

2147 3406 2397 3479 τάγματι
2427 3408 2498 3462 τὰ
2524 3407 2641 3462 νῦν.

2152 3521 2220 3574 75
2259 3523 2464 3576 Γοῦνα
2519 3522 2730 3592 κάμεν,
2791 3522 3075 3593 παρέτοις
3133 3522 3202 3576 δὲ
3233 3523 3744 3662 ($229331?-

452 3775 563 3836 his,
598 3781 762 3840 atque
786 3774 927 3828 hanc
962 3789 1074 3828 non
1109 3789 1176 3830 ex
1210 3773 1399 3844 aliquo
1428 3773 1660 3837 semine,
1707 3772 1802 3828 sed
1835 3787 1903 3827 ex
1938 3770 2146 3842 Spiritu
2187 3780 2382 3828 sancto
2414 3781 2470 3829 et
2503 3773 2675 3828 Maria
2707 3771 2952 3844 Virgine.
3003 3771 3082 3828 Ex
3121 3773 3284 3829 nobis
3326 3789 3458 3829 vero
3493 3771 3697 3828 dicitur
3729 3794 3742 3829 :

455 3847 622 3899 homo
662 3845 847 3914 Virgo,
870 3845 1036 3898 Deum
1065 3846 1412 3899 incarnatum
1443 3845 1647 3898 munda
1670 3846 1916 3912 pariens,
1945 3844 2229 3913 incognito
2257 3845 2398 3899 viro.

528 3937 693 3992 David
743 3938 886 3994 Deus
927 3941 1179 4009 promisit
1213 3940 1282 3995 de
1321 3939 1506 3994 fructu
1553 3939 1764 3994 ventris
1810 3940 1932 4008 ejus
1959 3955 2019 3995 se
2050 3939 2336 3995 Christum
2368 3940 2671 3994 secundum
2697 3954 2917 3995 carnem
2963 3941 3361 3995 suscitaturum
3386 3956 3538 4006 esse;
3573 3939 3742 3995 David

452 4019 636 4063 autem
661 4018 778 4064 erat
810 4027 899 4064 rex
942 4011 1132 4075 Israel,
1159 4010 1301 4064 [ilius
1335 4009 1512 4070 Jesse,
1556 4027 1623 4064 ex
1659 4010 1970 4072 Bethleem,
1999 4026 2064 4065 ex
2097 4011 2245 4065 tribu
2280 4009 2442 4065 Juda.
2490 4009 2631 4065 Dicit
2669 4021 2850 4065 autem
2879 4012 3092 4081 primus
3125 4011 3294 4066 Jacoh
3327 4031 3340 4064 :
3375 4011 3498 4065 Non
3539 4014 3729 4080 aufere-

453 4089 539 4133 tur
567 4093 830 4151 sceptrum
863 4081 928 4134 de
965 4081 1129 4141 Juda.
1171 4091 1221 4135 et
1250 4081 1362 4136 dua:
1383 4081 1448 4134 de
1471 4081 1670 4149 femore
1715 4081 1854 4149 ejus,
1888 4084 2054 4135 donec
2085 4083 2258 4135 veniat
2305 4083 2397 4151 qui
2426 4081 2714 4135 mittendus
2751 4091 2852 4142 est,
2903 4092 2954 4134 et
2984 4083 3093 4150 ipse
3132 4084 3232 4136 erit
3266 4081 3584 4149 exspectatio
3623 4099 3725 4149 gen-

453 4154 586 4204 tium
611 4151 652 4204 ¹.
680 4150 852 4205 Filius
905 4151 1072 4206 David
1095 4160 1182 4207 est
1209 4167 1340 4222 ergo
1376 4151 1632 4207 Christus
1656 4151 1960 4207 secundum
1995 4167 2245 4217 carnem,
2275 4150 2684 4217 factorAdami,
2721 4152 2966 4208 Adamus
2997 4161 3176 4208 autem
3210 4153 3389 4208 factus
3407 4164 3492 4208 est
3513 4153 3579 4209 ad
3611 4154 3746 4208 ima-

450 4224 632 4292 ginem
671 4231 727 4276 et
765 4223 1183 4277 similitudinem
1209 4222 1327 4277 Dei.

533 4335 552 4369 α
600 4317 742 4371 Exiit
773 4319 1014 4372 edictum
1041 4333 1070 4371 a
1105 4318 1325 4373 Caesare
1353 4317 1621 4388 Augusto,
1650 4327 1712 4372 ut
1736 4317 2150 4388 describeretur
2173 4318 2472 4374 universus
2493 4317 2669 4379 orhis,
2697 4325 2752 4372 et
2776 4317 2932 4388 ibant
2951 4333 3142 4374 omnes
3171 4319 3224 4372 in
3256 4333 3412 4374 suam
3441 4319 3740 4380 civitatem,

449 4386 653 4458 Joseph
694 4395 900 4450 autem,
939 4388 1084 4442 ﬁlius
1116 4388 1308 4453 David,
1345 4386 1595 4443 ascendit
1626 4389 1694 4458 de
1737 4388 2011 4443 Nazareth
2040 4390 2094 4442 in
2124 4387 2442 4444 Bethlehem
2474 4390 2752 4442 civitatem
2786 4387 2976 4450 David,
3014 4400 3071 4442 ut
3093 4389 3440 4458 proliteretur
3469 4406 3593 4444 cum
3630 4388 3743 4443 Ma-

453 4459 533 4511 ria
557 4457 888 4527 desponsata
927 4459 1034 4514 sibi
1086 4475 1260 4512 uxore
1292 4469 1628 4528 praegnante.
1675 4457 1885 4529 lmpleti
1937 4469 2068 4513 sunt
2111 4468 2288 4512 autem
2327 4459 2445 4513 dies
2472 4467 2789 4528 utpareret,
2822 4467 2876 4512 et
2916 4457 3125 4529 peperit
3153 4461 3317 4513 [ilium
3361 4476 3518 4514 suum
3548 4461 3741 4529 primo-

452 4532 718 4597 genitum,
755 4539 810 4583 ct
845 4530 1044 4600 pannis
1076 4544 1200 4584 eum
1239 4530 1470 4584 involvit
1499 4540 1553 4585 et
1584 4531 1870 4584 reclinavit
1901 4545 2026 4584 eum
2066 4531 2119 4582 in
2158 4530 2454 4600 praesepio;
2492 4531 2619 4598 quia
2652 4545 2760 4585 non
2797 4539 2914 4583 erat
2937 4532 3018 4584 eis
3050 4531 3204 4585 locus
3239 4532 3292 4584 in
3327 4529 3629 4585 diversorio
3659 4532 3737 4587 ³.»

523 4624 660 4679 Cum
690 4625 946 4681 Christus
971 4637 1135 4681 natus
1169 4624 1386 4689 fuisset,
1424 4625 1594 4696 magi,
1641 4625 1801 4682 stella
1835 4625 1980 4679 duce
2034 4631 2304 4680 venerunt
2354 4623 2422 4678 ab
2458 4623 2702 4690 Oriente,
2732 4622 3125 4694 Christumque
3178 4625 3470 4679 adorantes
3521 4624 3740 4678 obtule-

453 4704 584 4751 runt
613 4695 663 4751 ei
689 4711 908 4759 aurum,
936 4697 1066 4752 thus
1095 4706 1150 4751 et
1175 4698 1478 4767 myrrham.

525 4787 633 4843 Ter
671 4786 924 4842 diabolus
953 4786 1446 4858 tentatChristum
1488 4802 1504 4844 :
1537 4786 1588 4841 ei
1616 4785 1819 4858 jejuno,
1855 4785 2065 4858 lapides
2127 4789 2183 4843 in
2219 4801 2414 4855 panem
2462 4784 2866 4842 convertendos
2909 4787 3221 4858 pr0ponit;r
3261 4801 3426 4856 regna
3472 4793 3632 4840 terrae
3666 4785 3739 4840 illi

452 4857 815 4930 demonstrat,
851 4875 973 4930 qua!
997 4875 1055 4913 se
1077 4857 1153 4911 illi
1186 4853 1699 4930 esse_daturum,_si
1724 4853 1929 4930 cadens
1961 4853 2306 4930 ‘adoraverit,
2342 4858 2654 4930 promittit;
2682 4853 2935 4930 statuens
2962 4853 3523 4930 autemiillumisuper
3552 4858 3738 4930 pinna-

452 4929 636 5000 culum
668 4925 884 4999 templi,
909 4939 969 4984 ut
999 4930 1180 4982 mittat
1205 4944 1265 4983 se
1294 4927 1552 4983 deorsum
1580 4928 1656 4982 illi
1685 4929 1904 4995 suadet,
1929 4927 1974 4982 si
2005 4929 2178 4985 Filius
2197 4928 2292 4984 Dei
2322 4925 2425 4984 est.
2452 4925 2590 4980 Cum
2620 4928 2755 4982 nihil
2777 4929 3127 4998 profecisset,
3151 4925 3518 5000 ignorninidse
3534 4927 3740 4983 discesv

453 5001 548 5055 sit.
585 4999 642 5054 In
678 5004 841 5055 tertio
867 5001 1114 5054 carmine
1147 5000 1423 5069 expositio
1455 5000 1677 5070 legitur.

521 5096 676 5153 Cibis
698 5103 880 5152 autem
916 5103 978 5149 ut
1010 5095 1177 5149 homo
1209 5094 1472 5160 vescitur,
1506 5094 1602 5149 sed
1623 5109 1688 5148 ex
1717 5092 1956 5164 panibus
1989 5093 2236 5164 quinque
2263 5093 2432 5147 millia
2455 5094 2643 5148 satiat.
2671 5092 2901 5162 Legitur
2932 5092 2988 5146 in
3017 5091 3179 5147 tertio
3200 5093 3344 5147 loco.

522 5214 658 5266 Cum
682 5212 946 5267 Christus
993 5221 1140 5266 esset
1186 5211 1240 5264 in
1283 5211 1432 5264 Cana
1477 5209 1714 5266 Galilaea:
1739 5219 1906 5280 atque
1932 5209 2001 5264 ad
2027 5211 2252 5279 nuptias
2284 5217 2536 5268 vocatus.
2583 5209 2887 5264 deficiente
2917 5209 3078 5275 vino,
3112 5211 3220 5266 hoc
3260 5212 3311 5266 ei
3345 5221 3523 5268 mater
3549 5224 3738 5269 notum

453 5285 599 5339 fecit.
631 5282 787 5337 'lunc
823 5291 1069 5338 astantes
1093 5283 1261 5352 jussit
1285 5281 1512 5352 implere
1536 5283 1761 5352 hydrias
1790 5297 1956 5352 aqua,
1986 5283 2286 5352 vinumque
2304 5297 2372 5336 ex
2403 5284 2543 5351 aqua
2570 5281 2776 5335 factum
2821 5282 3024 5350 apponi
3052 5282 3304 5337 convivis
3330 5300 3656 5354 generosum
3677 5299 3741 5338 ac

452 5357 864 5412 suavissimum.

521 5468 776 5524 Christus
809 5483 837 5522 a
871 5467 1082 5524 Joanne
1112 5469 1167 5522 in
1209 5466 1447 5522 Jordane
1484 5467 1794 5535 baptizatus
1836 5482 1866 5521 a
1893 5467 2053 5521 Patre
2080 5445 2296 5536 accepit
2320 5465 2724 5536 testimonium,
2749 5465 2896 5534 quod
2921 5475 3072 5524 esset
3105 5464 3281 5523 Filius
3319 5467 3441 5536 ejus
3478 5467 3714 5523 dilectus

453 5537 689 5608 Spiritus
723 5556 852 5594 vero
903 5541 1286 5596 sanctissimus
1335 5539 1606 5606 corporali
1663 5539 1847 5608 specie
1884 5538 2030 5594 sicut
2085 5535 2344 5592 columba
2394 5537 2683 5592 descendit
2716 5535 2773 5589 in
2825 5540 3026 5608 ipsum.
3083 5539 3142 5592 In
3192 5535 3441 5594 secundo
3495 5540 3714 5594 carmin-

452 5609 671 5679 legitur.

520 5703 773 5758 Christus
811 5703 865 5758 in
910 5702 1158 5758 navicula
1204 5701 1504 5765 dormiens,
1561 5709 1890 5771 tempestate
1935 5700 2268 5758 tremefactis
2306 5701 2621 5772 dismpulis,
2665 5701 2906 5760 surrexit
2947 5711 3006 5758 et
3050 5702 3339 5773 imperavrt
3378 5702 3578 5767 ventis,
3625 5713 3706 5758 sta

449 5773 658 5844 timque
688 5789 838 5830 mare
868 5773 1130 5830 obediens
1164 5773 1336 5827 iratos
1376 5773 1574 5826 ﬂuctus
1613 5774 1855 5828 sedavit.

521 5957 534 5985 '
581 5955 715 6010 Gen.
749 5969 895 6019 χιιι,
931 5955 1018 6009 10.
1129 5957 1151 5988 ⁸
1176 5953 1304 6009 Luc.
1346 5955 1444 6020 11,7
1467 5967 1585 6025 sqq.
