  <div class='ocr_page' id='page_1' title='image "/cluster/home/n/w/nwhite01/storage/ocr_20150623/38/nnc1.0046978500/252.png"; bbox 0 0 4180 6350; ppageno 0'>
   <div class='ocr_carea' id='block_1_1' title="bbox 352 365 455 425">
    <p class='ocr_par' dir='ltr' id='par_1_1' title="bbox 352 365 455 425">
     <span class='ocr_line' id='line_1_1' title="bbox 352 365 455 425; baseline -0.068 0"><span class='ocrx_word' id='word_1_1' title='bbox 352 365 455 425; x_wconf 64' lang='lat'>£57</span> 
     </span>
    </p>
   </div>
   <div class='ocr_carea' id='block_1_2' title="bbox 427 471 1930 555">
    <p class='ocr_par' dir='ltr' id='par_1_2' title="bbox 427 471 1930 555">
     <span class='ocr_line' id='line_1_2' title="bbox 427 471 1930 555; baseline -0.008 -20"><span class='ocrx_word' id='word_1_2' title='bbox 427 480 665 555; x_wconf 81' lang='grc' dir='ltr'>Χριστὸς</span> <span class='ocrx_word' id='word_1_3' title='bbox 694 476 991 550; x_wconf 80' lang='grc' dir='ltr'>κεκμηκώς</span> <span class='ocrx_word' id='word_1_4' title='bbox 1028 476 1135 531; x_wconf 77' lang='grc' dir='ltr'>ἀπὸ</span> <span class='ocrx_word' id='word_1_5' title='bbox 1160 476 1258 549; x_wconf 84' lang='grc' dir='ltr'>τῆς</span> <span class='ocrx_word' id='word_1_6' title='bbox 1281 476 1609 547; x_wconf 83' lang='grc' dir='ltr'>ὁδοιπορίας,</span> <span class='ocrx_word' id='word_1_7' title='bbox 1645 472 1797 544; x_wconf 87' lang='grc' dir='ltr'>παρά</span> <span class='ocrx_word' id='word_1_8' title='bbox 1828 471 1930 542; x_wconf 84' lang='grc' dir='ltr'>τὴν</span> 
     </span>
    </p>
   </div>
   <div class='ocr_carea' id='block_1_3' title="bbox 359 560 1926 650">
    <p class='ocr_par' dir='ltr' id='par_1_3' title="bbox 359 560 1926 650">
     <span class='ocr_line' id='line_1_3' title="bbox 359 560 1926 650; baseline -0.015 -16"><span class='ocrx_word' id='word_1_9' title='bbox 359 578 543 650; x_wconf 79' lang='grc' dir='ltr'>πηγὴν</span> <span class='ocrx_word' id='word_1_10' title='bbox 577 573 675 645; x_wconf 77' lang='grc' dir='ltr'>τὴν</span> <span class='ocrx_word' id='word_1_11' title='bbox 709 574 767 625; x_wconf 88' lang='grc' dir='ltr'>ὲν</span> <span class='ocrx_word' id='word_1_12' title='bbox 793 571 976 641; x_wconf 81' lang='grc' dir='ltr'>Συχὲμ</span> <span class='ocrx_word' id='word_1_13' title='bbox 999 568 1249 631; x_wconf 78' lang='grc' dir='ltr'>καθίσας,</span> <span class='ocrx_word' id='word_1_14' title='bbox 1276 567 1521 638; x_wconf 74' lang='grc' dir='ltr'>διελέχθη</span> <span class='ocrx_word' id='word_1_15' title='bbox 1546 560 1926 635; x_wconf 85' lang='grc' dir='ltr'>Σαμαρείτιδι·</span> 
     </span>
    </p>
   </div>
   <div class='ocr_carea' id='block_1_4' title="bbox 358 652 1932 739">
    <p class='ocr_par' dir='ltr' id='par_1_4' title="bbox 358 652 1932 739">
     <span class='ocr_line' id='line_1_4' title="bbox 358 652 1932 739; baseline -0.01 -17"><span class='ocrx_word' id='word_1_16' title='bbox 358 668 529 739; x_wconf 81' lang='grc' dir='ltr'>ταύτῃ</span> <span class='ocrx_word' id='word_1_17' title='bbox 574 666 632 719; x_wconf 84' lang='grc' dir='ltr'>δὲ</span> <span class='ocrx_word' id='word_1_18' title='bbox 674 662 953 736; x_wconf 87' lang='grc' dir='ltr'>προειπὼν</span> <span class='ocrx_word' id='word_1_19' title='bbox 989 662 1059 716; x_wconf 82' lang='grc' dir='ltr'>τὰ</span> <span class='ocrx_word' id='word_1_20' title='bbox 1095 659 1480 733; x_wconf 85' lang='grc' dir='ltr'>πεπραγμένα,</span> <span class='ocrx_word' id='word_1_21' title='bbox 1511 657 1607 711; x_wconf 76' lang='grc' dir='ltr'>καὶ</span> <span class='ocrx_word' id='word_1_22' title='bbox 1643 656 1732 708; x_wconf 83' lang='grc' dir='ltr'>ὑπ’</span> <span class='ocrx_word' id='word_1_23' title='bbox 1763 652 1932 723; x_wconf 78' lang='grc' dir='ltr'>αὐτῆς</span> 
     </span>
    </p>
   </div>
   <div class='ocr_carea' id='block_1_5' title="bbox 365 744 1934 835">
    <p class='ocr_par' dir='ltr' id='par_1_5' title="bbox 365 744 1934 835">
     <span class='ocr_line' id='line_1_5' title="bbox 365 744 1934 835; baseline -0.01 -22"><span class='ocrx_word' id='word_1_24' title='bbox 365 762 625 835; x_wconf 72' lang='grc' dir='ltr'>μηνυθεὶς</span> <span class='ocrx_word' id='word_1_25' title='bbox 656 762 770 822; x_wconf 88' lang='grc' dir='ltr'>τοῖς</span> <span class='ocrx_word' id='word_1_26' title='bbox 804 756 1070 820; x_wconf 82' lang='grc' dir='ltr'>πολίταις,</span> <span class='ocrx_word' id='word_1_27' title='bbox 1105 754 1241 825; x_wconf 84' lang='grc' dir='ltr'>πρὸς</span> <span class='ocrx_word' id='word_1_28' title='bbox 1277 751 1439 807; x_wconf 75' lang='grc' dir='ltr'>αὐτὸν</span> <span class='ocrx_word' id='word_1_29' title='bbox 1482 749 1831 819; x_wconf 84' lang='grc' dir='ltr'>ἀφικομένοις</span> <span class='ocrx_word' id='word_1_30' title='bbox 1872 744 1934 798; x_wconf 82' lang='grc' dir='ltr'>τὸ</span> 
     </span>
    </p>
   </div>
   <div class='ocr_carea' id='block_1_6' title="bbox 364 840 1938 922">
    <p class='ocr_par' dir='ltr' id='par_1_6' title="bbox 364 840 1938 922">
     <span class='ocr_line' id='line_1_6' title="bbox 364 840 1938 922; baseline -0.01 -17"><span class='ocrx_word' id='word_1_31' title='bbox 364 854 680 921; x_wconf 84' lang='grc' dir='ltr'>εὐαγγέλιον</span> <span class='ocrx_word' id='word_1_32' title='bbox 710 852 809 922; x_wconf 83' lang='grc' dir='ltr'>τῆς</span> <span class='ocrx_word' id='word_1_33' title='bbox 836 849 1112 920; x_wconf 80' lang='grc' dir='ltr'>βασιλείας</span> <span class='ocrx_word' id='word_1_34' title='bbox 1135 845 1425 917; x_wconf 79' lang='grc' dir='ltr'>ἐκήρυξεν,</span> <span class='ocrx_word' id='word_1_35' title='bbox 1445 843 1607 906; x_wconf 88' lang='grc' dir='ltr'>αὐτός</span> <span class='ocrx_word' id='word_1_36' title='bbox 1636 858 1697 895; x_wconf 90' lang='grc' dir='ltr'>τε</span> <span class='ocrx_word' id='word_1_37' title='bbox 1731 840 1938 907; x_wconf 85' lang='grc' dir='ltr'>γόνατα</span> 
     </span>
    </p>
   </div>
   <div class='ocr_carea' id='block_1_7' title="bbox 366 931 1935 1018">
    <p class='ocr_par' dir='ltr' id='par_1_7' title="bbox 366 931 1935 1018">
     <span class='ocr_line' id='line_1_7' title="bbox 366 931 1935 1018; baseline -0.011 -17"><span class='ocrx_word' id='word_1_38' title='bbox 366 943 784 1018; x_wconf 84' lang='grc' dir='ltr'>παραλελυμένα</span> <span class='ocrx_word' id='word_1_39' title='bbox 844 940 1180 1012; x_wconf 86' lang='grc' dir='ltr'>ἐστερέωσε,</span> <span class='ocrx_word' id='word_1_40' title='bbox 1240 940 1335 992; x_wconf 72' lang='grc' dir='ltr'>καὶ</span> <span class='ocrx_word' id='word_1_41' title='bbox 1389 939 1579 1008; x_wconf 89' lang='grc' dir='ltr'>χεῖρας</span> <span class='ocrx_word' id='word_1_42' title='bbox 1644 931 1935 1002; x_wconf 76' lang='grc' dir='ltr'>ἀνειμένας</span> 
     </span>
    </p>
   </div>
   <div class='ocr_carea' id='block_1_8' title="bbox 365 1024 1936 1107">
    <p class='ocr_par' dir='ltr' id='par_1_8' title="bbox 365 1024 1936 1107">
     <span class='ocr_line' id='line_1_8' title="bbox 365 1024 1936 1107; baseline -0.008 -18"><span class='ocrx_word' id='word_1_43' title='bbox 365 1038 638 1107; x_wconf 77' lang='grc' dir='ltr'>ὲνίσχυσε,</span> <span class='ocrx_word' id='word_1_44' title='bbox 689 1035 784 1088; x_wconf 70' lang='grc' dir='ltr'>καὶ</span> <span class='ocrx_word' id='word_1_45' title='bbox 840 1032 978 1104; x_wconf 88' lang='grc' dir='ltr'>μέλη</span> <span class='ocrx_word' id='word_1_46' title='bbox 1032 1030 1201 1100; x_wconf 75' lang='grc' dir='ltr'>ἔπηξε</span> <span class='ocrx_word' id='word_1_47' title='bbox 1250 1028 1539 1099; x_wconf 81' lang='grc' dir='ltr'>λελυμένα,</span> <span class='ocrx_word' id='word_1_48' title='bbox 1588 1026 1684 1080; x_wconf 64' lang='grc' dir='ltr'>κα)⁸</span> <span class='ocrx_word' id='word_1_49' title='bbox 1731 1024 1936 1096; x_wconf 76' lang='grc' dir='ltr'>χωλοὺς</span> 
     </span>
    </p>
   </div>
   <div class='ocr_carea' id='block_1_9' title="bbox 367 1120 1582 1199">
    <p class='ocr_par' dir='ltr' id='par_1_9' title="bbox 367 1120 1582 1199">
     <span class='ocr_line' id='line_1_9' title="bbox 367 1120 1582 1199; baseline -0.009 -17"><span class='ocrx_word' id='word_1_50' title='bbox 367 1126 681 1199; x_wconf 84' lang='grc' dir='ltr'>ἀνώρθωσε,</span> <span class='ocrx_word' id='word_1_51' title='bbox 707 1124 802 1178; x_wconf 74' lang='grc' dir='ltr'>καὶ</span> <span class='ocrx_word' id='word_1_52' title='bbox 840 1125 1023 1177; x_wconf 80' lang='grc' dir='ltr'>πᾶσαν</span> <span class='ocrx_word' id='word_1_53' title='bbox 1051 1121 1384 1192; x_wconf 77' lang='grc' dir='ltr'>ἐθεράπευσε</span> <span class='ocrx_word' id='word_1_54' title='bbox 1408 1120 1582 1173; x_wconf 89' lang='grc' dir='ltr'>νόσον.</span> 
     </span>
    </p>
   </div>
   <div class='ocr_carea' id='block_1_10' title="bbox 368 1210 1940 1351">
    <p class='ocr_par' dir='ltr' id='par_1_10' title="bbox 368 1210 1940 1351">
     <span class='ocr_line' id='line_1_10' title="bbox 368 1210 1940 1351; baseline -0.009 -77"><span class='ocrx_word' id='word_1_55' title='bbox 368 1220 437 1274; x_wconf 79' lang='grc'>74</span> <span class='ocrx_word' id='word_1_56' title='bbox 474 1218 738 1283; x_wconf 81' lang='grc' dir='ltr'>Εὔξατο·</span> <span class='ocrx_word' id='word_1_57' title='bbox 771 1216 862 1283; x_wconf 83' lang='grc' dir='ltr'>τίς</span> <span class='ocrx_word' id='word_1_58' title='bbox 890 1214 941 1269; x_wconf 82' lang='grc' dir='ltr'>δ’</span> <span class='ocrx_word' id='word_1_59' title='bbox 968 1214 1271 1269; x_wconf 79' lang='grc' dir='ltr'>ἐσάκουσε</span> <span class='ocrx_word' id='word_1_60' title='bbox 1291 1210 1940 1351; x_wconf 48' lang='grc' dir='ltr'>λιταζομένωῧέῦιὶνη-</span> 
     </span>
    </p>
   </div>
   <div class='ocr_carea' id='block_1_11' title="bbox 1723 1297 1865 1333">
    <p class='ocr_par' dir='ltr' id='par_1_11' title="bbox 1723 1297 1865 1333">
     <span class='ocr_line' id='line_1_11' title="bbox 1723 1297 1865 1333; baseline 0.014 -2"><span class='ocrx_word' id='word_1_61' title='bbox 1723 1297 1865 1333; x_wconf 82' lang='grc' dir='ltr'>νων.</span> 
     </span>
    </p>
   </div>
   <div class='ocr_carea' id='block_1_12' title="bbox 438 1371 1938 1454">
    <p class='ocr_par' dir='ltr' id='par_1_12' title="bbox 438 1371 1938 1454">
     <span class='ocr_line' id='line_1_12' title="bbox 438 1371 1938 1454; baseline -0.008 -19"><span class='ocrx_word' id='word_1_62' title='bbox 438 1380 672 1454; x_wconf 83' lang='grc' dir='ltr'>Χριστὸς</span> <span class='ocrx_word' id='word_1_63' title='bbox 695 1376 1058 1449; x_wconf 86' lang='grc' dir='ltr'>σταυροῦσθαι</span> <span class='ocrx_word' id='word_1_64' title='bbox 1089 1375 1295 1447; x_wconf 82' lang='grc' dir='ltr'>μέλλων</span> <span class='ocrx_word' id='word_1_65' title='bbox 1328 1372 1700 1446; x_wconf 76' lang='grc' dir='ltr'>προσηύξατο·</span> <span class='ocrx_word' id='word_1_66' title='bbox 1726 1371 1938 1439; x_wconf 79' lang='grc' dir='ltr'>Πάτερ,</span> 
     </span>
    </p>
   </div>
   <div class='ocr_carea' id='block_1_13' title="bbox 371 1461 1943 1542">
    <p class='ocr_par' dir='ltr' id='par_1_13' title="bbox 371 1461 1943 1542">
     <span class='ocr_line' id='line_1_13' title="bbox 371 1461 1943 1542; baseline -0.007 -16"><span class='ocrx_word' id='word_1_67' title='bbox 371 1471 711 1542; x_wconf 73' lang='grc' dir='ltr'>παρελθέτω</span> <span class='ocrx_word' id='word_1_68' title='bbox 742 1470 812 1524; x_wconf 83' lang='grc' dir='ltr'>τὸ</span> <span class='ocrx_word' id='word_1_69' title='bbox 858 1467 1145 1536; x_wconf 74' lang='grc' dir='ltr'>ποτήριον</span> <span class='ocrx_word' id='word_1_70' title='bbox 1193 1466 1371 1521; x_wconf 89' lang='grc' dir='ltr'>τοῦτο</span> <span class='ocrx_word' id='word_1_71' title='bbox 1420 1465 1520 1520; x_wconf 77' lang='grc' dir='ltr'>ἀπ’</span> <span class='ocrx_word' id='word_1_72' title='bbox 1549 1463 1723 1533; x_wconf 86' lang='grc' dir='ltr'>ἐμοῦ·</span> <span class='ocrx_word' id='word_1_73' title='bbox 1775 1461 1943 1529; x_wconf 76' lang='grc' dir='ltr'>πλὴν</span> 
     </span>
    </p>
   </div>
   <div class='ocr_carea' id='block_1_14' title="bbox 373 1554 1944 1633">
    <p class='ocr_par' dir='ltr' id='par_1_14' title="bbox 373 1554 1944 1633">
     <span class='ocr_line' id='line_1_14' title="bbox 373 1554 1944 1633; baseline -0.009 -14"><span class='ocrx_word' id='word_1_74' title='bbox 373 1568 485 1633; x_wconf 86' lang='grc' dir='ltr'>οὐχ</span> <span class='ocrx_word' id='word_1_75' title='bbox 528 1563 609 1627; x_wconf 86' lang='grc' dir='ltr'>ὡς</span> <span class='ocrx_word' id='word_1_76' title='bbox 660 1561 776 1631; x_wconf 78' lang='grc' dir='ltr'>ἐγὼ</span> <span class='ocrx_word' id='word_1_77' title='bbox 818 1561 991 1624; x_wconf 78' lang='grc' dir='ltr'>θέλω,</span> <span class='ocrx_word' id='word_1_78' title='bbox 1022 1561 1159 1614; x_wconf 76' lang='grc' dir='ltr'>ἀλλ’</span> <span class='ocrx_word' id='word_1_79' title='bbox 1189 1559 1269 1624; x_wconf 89' lang='grc' dir='ltr'>ὡς</span> <span class='ocrx_word' id='word_1_80' title='bbox 1313 1558 1415 1611; x_wconf 88' lang='grc' dir='ltr'>σύ.</span> <span class='ocrx_word' id='word_1_81' title='bbox 1463 1554 1675 1620; x_wconf 78' lang='grc' dir='ltr'>Ηΰξατο</span> <span class='ocrx_word' id='word_1_82' title='bbox 1732 1555 1831 1626; x_wconf 88' lang='grc' dir='ltr'>μὲν</span> <span class='ocrx_word' id='word_1_83' title='bbox 1868 1555 1944 1617; x_wconf 82' lang='grc' dir='ltr'>ὡς</span> 
     </span>
    </p>
   </div>
   <div class='ocr_carea' id='block_1_15' title="bbox 373 1646 1945 1726">
    <p class='ocr_par' dir='ltr' id='par_1_15' title="bbox 373 1646 1945 1726">
     <span class='ocr_line' id='line_1_15' title="bbox 373 1646 1945 1726; baseline -0.008 -17"><span class='ocrx_word' id='word_1_84' title='bbox 373 1656 677 1726; x_wconf 84' lang='grc' dir='ltr'>ἄνθρωπος,</span> <span class='ocrx_word' id='word_1_85' title='bbox 704 1652 812 1706; x_wconf 87' lang='grc' dir='ltr'>τῶν</span> <span class='ocrx_word' id='word_1_86' title='bbox 840 1651 1080 1705; x_wconf 82' lang='grc' dir='ltr'>ἀσθενῶν</span> <span class='ocrx_word' id='word_1_87' title='bbox 1111 1650 1168 1703; x_wconf 82' lang='grc' dir='ltr'>δὲ</span> <span class='ocrx_word' id='word_1_88' title='bbox 1197 1648 1503 1720; x_wconf 78' lang='grc' dir='ltr'>εὐχομένων</span> <span class='ocrx_word' id='word_1_89' title='bbox 1532 1647 1849 1718; x_wconf 84' lang='grc' dir='ltr'>είσήκουσεν</span> <span class='ocrx_word' id='word_1_90' title='bbox 1870 1646 1945 1709; x_wconf 86' lang='grc' dir='ltr'>ὼς</span> 
     </span>
    </p>
   </div>
   <div class='ocr_carea' id='block_1_16' title="bbox 373 1741 1313 1815">
    <p class='ocr_par' dir='ltr' id='par_1_16' title="bbox 373 1741 1313 1815">
     <span class='ocr_line' id='line_1_16' title="bbox 373 1741 1313 1815; baseline -0.005 -17"><span class='ocrx_word' id='word_1_91' title='bbox 373 1745 505 1809; x_wconf 79' lang='grc' dir='ltr'>θεὸς</span> <span class='ocrx_word' id='word_1_92' title='bbox 527 1743 763 1815; x_wconf 84' lang='grc' dir='ltr'>Χριστὸς</span> <span class='ocrx_word' id='word_1_93' title='bbox 791 1743 853 1797; x_wconf 82' lang='grc' dir='ltr'>τὸ</span> <span class='ocrx_word' id='word_1_94' title='bbox 883 1741 1313 1813; x_wconf 84' lang='grc' dir='ltr'>συναμφότερον.</span> 
     </span>
    </p>
   </div>
   <div class='ocr_carea' id='block_1_17' title="bbox 444 1826 1947 1907">
    <p class='ocr_par' dir='ltr' id='par_1_17' title="bbox 444 1826 1947 1907">
     <span class='ocr_line' id='line_1_17' title="bbox 444 1826 1947 1907; baseline -0.006 -17"><span class='ocrx_word' id='word_1_95' title='bbox 444 1838 602 1907; x_wconf 91' lang='grc' dir='ltr'>Θῦμα</span> <span class='ocrx_word' id='word_1_96' title='bbox 626 1835 859 1906; x_wconf 84' lang='grc' dir='ltr'>Χριστὸς</span> <span class='ocrx_word' id='word_1_97' title='bbox 886 1834 981 1887; x_wconf 73' lang='grc' dir='ltr'>καὶ</span> <span class='ocrx_word' id='word_1_98' title='bbox 1032 1832 1317 1905; x_wconf 85' lang='grc' dir='ltr'>ἀρχιερεύς</span> <span class='ocrx_word' id='word_1_99' title='bbox 1339 1847 1354 1862; x_wconf 89' lang='grc'>·</span> <span class='ocrx_word' id='word_1_100' title='bbox 1385 1826 1524 1902; x_wconf 76' lang='grc' dir='ltr'>αἷμα</span> <span class='ocrx_word' id='word_1_101' title='bbox 1548 1829 1668 1901; x_wconf 88' lang='grc' dir='ltr'>Θεῷ</span> <span class='ocrx_word' id='word_1_102' title='bbox 1694 1829 1947 1899; x_wconf 84' lang='grc' dir='ltr'>ἀνέθηκε,</span> 
     </span>
    </p>
   </div>
   <div class='ocr_carea' id='block_1_18' title="bbox 376 1921 1952 2001">
    <p class='ocr_par' dir='ltr' id='par_1_18' title="bbox 376 1921 1952 2001">
     <span class='ocr_line' id='line_1_18' title="bbox 376 1921 1952 2001; baseline -0.006 -18"><span class='ocrx_word' id='word_1_103' title='bbox 376 1930 581 2001; x_wconf 83' lang='grc' dir='ltr'>κόσμον</span> <span class='ocrx_word' id='word_1_104' title='bbox 641 1927 944 1999; x_wconf 83' lang='grc' dir='ltr'>ἐκάθηρεν·</span> <span class='ocrx_word' id='word_1_105' title='bbox 981 1924 1318 1997; x_wconf 77' lang='grc' dir='ltr'>ἐσταυρώθη,</span> <span class='ocrx_word' id='word_1_106' title='bbox 1368 1925 1468 1996; x_wconf 84' lang='grc' dir='ltr'>τὴν</span> <span class='ocrx_word' id='word_1_107' title='bbox 1512 1924 1789 1993; x_wconf 81' lang='grc' dir='ltr'>ἁμαρτίαν</span> <span class='ocrx_word' id='word_1_108' title='bbox 1818 1921 1952 1975; x_wconf 91' lang='grc' dir='ltr'>καθ-</span> 
     </span>
    </p>
   </div>
   <div class='ocr_carea' id='block_1_19' title="bbox 376 2016 1954 2094">
    <p class='ocr_par' dir='ltr' id='par_1_19' title="bbox 376 2016 1954 2094">
     <span class='ocr_line' id='line_1_19' title="bbox 376 2016 1954 2094; baseline -0.004 -20"><span class='ocrx_word' id='word_1_109' title='bbox 376 2023 585 2094; x_wconf 80' lang='grc' dir='ltr'>ήλωσε·</span> <span class='ocrx_word' id='word_1_110' title='bbox 635 2024 849 2092; x_wconf 84' lang='grc' dir='ltr'>νεκροῖς</span> <span class='ocrx_word' id='word_1_111' title='bbox 905 2017 1301 2088; x_wconf 84' lang='grc' dir='ltr'>συνανεμίχθη,</span> <span class='ocrx_word' id='word_1_112' title='bbox 1360 2017 1473 2070; x_wconf 86' lang='grc' dir='ltr'>ἀλλ’</span> <span class='ocrx_word' id='word_1_113' title='bbox 1518 2016 1783 2085; x_wconf 84' lang='grc' dir='ltr'>ἀνέστησε</span> <span class='ocrx_word' id='word_1_114' title='bbox 1828 2017 1954 2079; x_wconf 77' lang='grc' dir='ltr'>τοὺς</span> 
     </span>
    </p>
   </div>
   <div class='ocr_carea' id='block_1_20' title="bbox 377 2106 1949 2186">
    <p class='ocr_par' dir='ltr' id='par_1_20' title="bbox 377 2106 1949 2186">
     <span class='ocr_line' id='line_1_20' title="bbox 377 2106 1949 2186; baseline -0.008 -18"><span class='ocrx_word' id='word_1_115' title='bbox 377 2114 602 2186; x_wconf 87' lang='grc' dir='ltr'>νεκρούς</span> <span class='ocrx_word' id='word_1_116' title='bbox 622 2129 636 2142; x_wconf 89' lang='grc'>·</span> <span class='ocrx_word' id='word_1_117' title='bbox 668 2114 847 2166; x_wconf 88' lang='grc' dir='ltr'>ἐκεῖνα</span> <span class='ocrx_word' id='word_1_118' title='bbox 879 2112 976 2181; x_wconf 83' lang='grc' dir='ltr'>μὲν</span> <span class='ocrx_word' id='word_1_119' title='bbox 998 2110 1097 2180; x_wconf 82' lang='grc' dir='ltr'>τῆς</span> <span class='ocrx_word' id='word_1_120' title='bbox 1125 2110 1346 2180; x_wconf 83' lang='grc' dir='ltr'>σαρκὸς,</span> <span class='ocrx_word' id='word_1_121' title='bbox 1372 2107 1544 2161; x_wconf 88' lang='grc' dir='ltr'>ταῦτα</span> <span class='ocrx_word' id='word_1_122' title='bbox 1563 2106 1658 2175; x_wconf 80' lang='grc' dir='ltr'>τῆς</span> <span class='ocrx_word' id='word_1_123' title='bbox 1681 2106 1949 2174; x_wconf 82' lang='grc' dir='ltr'>θεότητος.</span> 
     </span>
    </p>
   </div>
   <div class='ocr_carea' id='block_1_21' title="bbox 379 2197 1955 2278">
    <p class='ocr_par' dir='ltr' id='par_1_21' title="bbox 379 2197 1955 2278">
     <span class='ocr_line' id='line_1_21' title="bbox 379 2197 1955 2278; baseline -0.007 -18"><span class='ocrx_word' id='word_1_124' title='bbox 379 2206 469 2278; x_wconf 75' lang='grc' dir='ltr'><strong>Μὴ</strong></span> <span class='ocrx_word' id='word_1_125' title='bbox 491 2206 693 2269; x_wconf 79' lang='grc' dir='ltr'>τοίνυν,</span> <span class='ocrx_word' id='word_1_126' title='bbox 726 2204 861 2275; x_wconf 68' lang='grc' dir='ltr'>φησι</span> <span class='ocrx_word' id='word_1_127' title='bbox 886 2203 1187 2274; x_wconf 86' lang='grc' dir='ltr'>Γρηγόριος</span> <span class='ocrx_word' id='word_1_128' title='bbox 1209 2202 1237 2254; x_wconf 98' lang='lat'>6</span> <span class='ocrx_word' id='word_1_129' title='bbox 1264 2200 1567 2263; x_wconf 86' lang='grc' dir='ltr'>θεσπέσιος,</span> <span class='ocrx_word' id='word_1_130' title='bbox 1607 2200 1719 2261; x_wconf 84' lang='grc' dir='ltr'>τοῖς</span> <span class='ocrx_word' id='word_1_131' title='bbox 1745 2197 1955 2266; x_wconf 80' lang='grc' dir='ltr'>ἀνθρω-</span> 
     </span>
    </p>
   </div>
   <div class='ocr_carea' id='block_1_22' title="bbox 380 2290 1815 2366">
    <p class='ocr_par' dir='ltr' id='par_1_22' title="bbox 380 2290 1815 2366">
     <span class='ocr_line' id='line_1_22' title="bbox 380 2290 1815 2366; baseline -0.007 -14"><span class='ocrx_word' id='word_1_132' title='bbox 380 2299 555 2363; x_wconf 83' lang='grc' dir='ltr'>πίνοις</span> <span class='ocrx_word' id='word_1_133' title='bbox 580 2297 780 2351; x_wconf 88' lang='grc' dir='ltr'>πάθεσι</span> <span class='ocrx_word' id='word_1_134' title='bbox 800 2295 898 2366; x_wconf 81' lang='grc' dir='ltr'>τὴν</span> <span class='ocrx_word' id='word_1_135' title='bbox 931 2294 1169 2365; x_wconf 78' lang='grc' dir='ltr'>Χριστοῦ</span> <span class='ocrx_word' id='word_1_136' title='bbox 1201 2291 1536 2364; x_wconf 79' lang='grc' dir='ltr'>καθυϐρίσῃς</span> <span class='ocrx_word' id='word_1_137' title='bbox 1567 2290 1815 2361; x_wconf 90' lang='grc' dir='ltr'>θεότητα.</span> 
     </span>
    </p>
   </div>
   <div class='ocr_carea' id='block_1_23' title="bbox 1000 2404 1330 2459">
    <p class='ocr_par' dir='ltr' id='par_1_23' title="bbox 1000 2404 1330 2459">
     <span class='ocr_line' id='line_1_23' title="bbox 1000 2404 1330 2459; baseline 0 -1"><span class='ocrx_word' id='word_1_138' title='bbox 1000 2404 1219 2459; x_wconf 88' lang='grc' dir='ltr'><strong>ΛΟΓΟΣ</strong></span> <span class='ocrx_word' id='word_1_139' title='bbox 1248 2405 1330 2458; x_wconf 89' lang='lat' dir='ltr'><strong>N&#39;.</strong></span> 
     </span>
    </p>
   </div>
   <div class='ocr_carea' id='block_1_24' title="bbox 732 2497 1571 2569">
    <p class='ocr_par' dir='ltr' id='par_1_24' title="bbox 732 2497 1571 2569">
     <span class='ocr_line' id='line_1_24' title="bbox 732 2497 1571 2569; baseline -0.005 -15"><span class='ocrx_word' id='word_1_140' title='bbox 732 2498 873 2568; x_wconf 76' lang='grc' dir='ltr'>Περὶ</span> <span class='ocrx_word' id='word_1_141' title='bbox 898 2499 1069 2569; x_wconf 71' lang='grc' dir='ltr'>ἁγίου</span> <span class='ocrx_word' id='word_1_142' title='bbox 1094 2499 1441 2568; x_wconf 82' lang='grc' dir='ltr'>Πνεύματος</span> <span class='ocrx_word' id='word_1_143' title='bbox 1473 2497 1571 2569; x_wconf 75' lang='grc'>(1).</span> 
     </span>
    </p>
   </div>
   <div class='ocr_carea' id='block_1_25' title="bbox 454 2590 1960 2665">
    <p class='ocr_par' dir='ltr' id='par_1_25' title="bbox 454 2590 1960 2665">
     <span class='ocr_line' id='line_1_25' title="bbox 454 2590 1960 2665; baseline -0.001 -17"><span class='ocrx_word' id='word_1_144' title='bbox 454 2595 584 2649; x_wconf 82' lang='grc' dir='ltr'>Ὅτε</span> <span class='ocrx_word' id='word_1_145' title='bbox 615 2594 716 2665; x_wconf 82' lang='grc' dir='ltr'>τὴν</span> <span class='ocrx_word' id='word_1_146' title='bbox 741 2594 1008 2663; x_wconf 86' lang='grc' dir='ltr'>σωτήριον</span> <span class='ocrx_word' id='word_1_147' title='bbox 1049 2591 1286 2663; x_wconf 84' lang='grc' dir='ltr'>Χριστὸς</span> <span class='ocrx_word' id='word_1_148' title='bbox 1323 2592 1632 2662; x_wconf 65' lang='grc' dir='ltr'>οἰκονομίαν</span> <span class='ocrx_word' id='word_1_149' title='bbox 1666 2590 1960 2663; x_wconf 84' lang='grc' dir='ltr'>πληρώσας</span> 
     </span>
    </p>
   </div>
   <div class='ocr_carea' id='block_1_26' title="bbox 385 2682 1965 2758">
    <p class='ocr_par' dir='ltr' id='par_1_26' title="bbox 385 2682 1965 2758">
     <span class='ocr_line' id='line_1_26' title="bbox 385 2682 1965 2758; baseline -0.004 -16"><span class='ocrx_word' id='word_1_150' title='bbox 385 2686 683 2758; x_wconf 81' lang='grc' dir='ltr'>ἀνελήφθη,</span> <span class='ocrx_word' id='word_1_151' title='bbox 719 2685 780 2738; x_wconf 82' lang='grc' dir='ltr'>τὸ</span> <span class='ocrx_word' id='word_1_152' title='bbox 816 2683 1080 2747; x_wconf 87' lang='grc' dir='ltr'>πανάγιον</span> <span class='ocrx_word' id='word_1_153' title='bbox 1124 2682 1350 2754; x_wconf 80' lang='grc' dir='ltr'>Πνεῦμα</span> <span class='ocrx_word' id='word_1_154' title='bbox 1392 2685 1505 2747; x_wconf 88' lang='grc' dir='ltr'>τοῖς</span> <span class='ocrx_word' id='word_1_155' title='bbox 1552 2684 1841 2755; x_wconf 84' lang='grc' dir='ltr'>μαθηταῖς,</span> <span class='ocrx_word' id='word_1_156' title='bbox 1888 2684 1965 2748; x_wconf 89' lang='grc' dir='ltr'>ὼς</span> 
     </span>
    </p>
   </div>
   <div class='ocr_carea' id='block_1_27' title="bbox 385 2774 1963 2849">
    <p class='ocr_par' dir='ltr' id='par_1_27' title="bbox 385 2774 1963 2849">
     <span class='ocr_line' id='line_1_27' title="bbox 385 2774 1963 2849; baseline -0.004 -16"><span class='ocrx_word' id='word_1_157' title='bbox 385 2777 773 2849; x_wconf 84' lang='grc' dir='ltr'>ἐπηγγείλατο,</span> <span class='ocrx_word' id='word_1_158' title='bbox 832 2774 985 2845; x_wconf 88' lang='grc' dir='ltr'>παρά</span> <span class='ocrx_word' id='word_1_159' title='bbox 1014 2774 1107 2828; x_wconf 87' lang='grc' dir='ltr'>τοῦ</span> <span class='ocrx_word' id='word_1_160' title='bbox 1143 2774 1355 2845; x_wconf 86' lang='grc' dir='ltr'>Πατρὸς</span> <span class='ocrx_word' id='word_1_161' title='bbox 1386 2776 1444 2828; x_wconf 86' lang='grc' dir='ltr'>ἐν</span> <span class='ocrx_word' id='word_1_162' title='bbox 1479 2776 1665 2845; x_wconf 80' lang='grc' dir='ltr'>ἡμέρᾳ</span> <span class='ocrx_word' id='word_1_163' title='bbox 1693 2776 1963 2844; x_wconf 78' lang='grc' dir='ltr'>[Ιεντηκοο</span> 
     </span>
    </p>
   </div>
   <div class='ocr_carea' id='block_1_28' title="bbox 390 2861 1965 2942">
    <p class='ocr_par' dir='ltr' id='par_1_28' title="bbox 390 2861 1965 2942">
     <span class='ocr_line' id='line_1_28' title="bbox 390 2861 1965 2942; baseline -0.003 -18"><span class='ocrx_word' id='word_1_164' title='bbox 390 2872 521 2942; x_wconf 79' lang='grc' dir='ltr'>στῆς</span> <span class='ocrx_word' id='word_1_165' title='bbox 563 2868 969 2934; x_wconf 85' lang='grc' dir='ltr'>ἐξαπέστειλεν·</span> <span class='ocrx_word' id='word_1_166' title='bbox 1007 2865 1163 2937; x_wconf 77' lang='grc' dir='ltr'>ὤφθη</span> <span class='ocrx_word' id='word_1_167' title='bbox 1215 2865 1271 2918; x_wconf 81' lang='grc' dir='ltr'>δὲ</span> <span class='ocrx_word' id='word_1_168' title='bbox 1317 2866 1391 2929; x_wconf 80' lang='grc' dir='ltr'>ὡς</span> <span class='ocrx_word' id='word_1_169' title='bbox 1414 2861 1547 2937; x_wconf 85' lang='grc' dir='ltr'>ἦχος</span> <span class='ocrx_word' id='word_1_170' title='bbox 1579 2867 1746 2935; x_wconf 79' lang='grc' dir='ltr'>πνοῆς</span> <span class='ocrx_word' id='word_1_171' title='bbox 1790 2866 1965 2935; x_wconf 84' lang='grc' dir='ltr'>βιαίας</span> 
     </span>
    </p>
   </div>
   <div class='ocr_carea' id='block_1_29' title="bbox 390 2949 1967 3032">
    <p class='ocr_par' dir='ltr' id='par_1_29' title="bbox 390 2949 1967 3032">
     <span class='ocr_line' id='line_1_29' title="bbox 390 2949 1967 3032; baseline -0.003 -19"><span class='ocrx_word' id='word_1_172' title='bbox 390 2960 714 3032; x_wconf 80' lang='grc' dir='ltr'>φερομένης,</span> <span class='ocrx_word' id='word_1_173' title='bbox 743 2960 837 3012; x_wconf 61' lang='grc' dir='ltr'>καὶ¹</span> <span class='ocrx_word' id='word_1_174' title='bbox 862 2958 1145 3029; x_wconf 76' lang='grc' dir='ltr'>ἐπλήρωσε</span> <span class='ocrx_word' id='word_1_175' title='bbox 1171 2957 1263 3010; x_wconf 84' lang='grc' dir='ltr'>τὸν</span> <span class='ocrx_word' id='word_1_176' title='bbox 1286 2952 1430 3009; x_wconf 76' lang='grc' dir='ltr'>οἷκον</span> <span class='ocrx_word' id='word_1_177' title='bbox 1460 2949 1522 3009; x_wconf 74' lang='grc' dir='ltr'>οὗ</span> <span class='ocrx_word' id='word_1_178' title='bbox 1560 2952 1700 3027; x_wconf 78' lang='grc' dir='ltr'>ἦσαν</span> <span class='ocrx_word' id='word_1_179' title='bbox 1725 2957 1967 3027; x_wconf 84' lang='grc' dir='ltr'>καθήμε-</span> 
     </span>
    </p>
   </div>
   <div class='ocr_carea' id='block_1_30' title="bbox 390 3048 1971 3121">
    <p class='ocr_par' dir='ltr' id='par_1_30' title="bbox 390 3048 1971 3121">
     <span class='ocr_line' id='line_1_30' title="bbox 390 3048 1971 3121; baseline -0.003 -15"><span class='ocrx_word' id='word_1_180' title='bbox 390 3070 473 3107; x_wconf 86' lang='grc' dir='ltr'>νοι</span> <span class='ocrx_word' id='word_1_181' title='bbox 498 3069 513 3083; x_wconf 88' lang='grc'>·</span> <span class='ocrx_word' id='word_1_182' title='bbox 552 3052 647 3105; x_wconf 75' lang='grc' dir='ltr'>καὶ</span> <span class='ocrx_word' id='word_1_183' title='bbox 690 3050 900 3113; x_wconf 82' lang='grc' dir='ltr'>τούτοις</span> <span class='ocrx_word' id='word_1_184' title='bbox 947 3048 1207 3120; x_wconf 81' lang='grc' dir='ltr'>ὤφθησαν</span> <span class='ocrx_word' id='word_1_185' title='bbox 1251 3050 1697 3121; x_wconf 76' lang='grc' dir='ltr'>διαμεριζόμεναι</span> <span class='ocrx_word' id='word_1_186' title='bbox 1731 3049 1971 3117; x_wconf 83' lang='grc' dir='ltr'>γλῶσσαι</span> 
     </span>
    </p>
   </div>
   <div class='ocr_carea' id='block_1_31' title="bbox 392 3138 1971 3213">
    <p class='ocr_par' dir='ltr' id='par_1_31' title="bbox 392 3138 1971 3213">
     <span class='ocr_line' id='line_1_31' title="bbox 392 3138 1971 3213; baseline -0.003 -16"><span class='ocrx_word' id='word_1_187' title='bbox 392 3143 527 3197; x_wconf 81' lang='grc' dir='ltr'>ὡσεὶ</span> <span class='ocrx_word' id='word_1_188' title='bbox 569 3141 739 3213; x_wconf 72' lang='grc' dir='ltr'>πυρὸς</span> <span class='ocrx_word' id='word_1_189' title='bbox 774 3138 1105 3211; x_wconf 89' lang='grc' dir='ltr'>πληρωθεῖσι</span> <span class='ocrx_word' id='word_1_190' title='bbox 1153 3138 1247 3192; x_wconf 88' lang='grc' dir='ltr'>τοῦ</span> <span class='ocrx_word' id='word_1_191' title='bbox 1278 3139 1593 3208; x_wconf 86' lang='grc' dir='ltr'>Πνεύματος</span> <span class='ocrx_word' id='word_1_192' title='bbox 1644 3140 1738 3194; x_wconf 86' lang='grc' dir='ltr'>τοῦ</span> <span class='ocrx_word' id='word_1_193' title='bbox 1792 3141 1971 3206; x_wconf 86' lang='grc' dir='ltr'>ἀγίου.</span> 
     </span>
    </p>
   </div>
   <div class='ocr_carea' id='block_1_32' title="bbox 407 3230 1975 3305">
    <p class='ocr_par' dir='ltr' id='par_1_32' title="bbox 407 3230 1975 3305">
     <span class='ocr_line' id='line_1_32' title="bbox 407 3230 1975 3305; baseline -0.003 -15"><span class='ocrx_word' id='word_1_194' title='bbox 407 3236 657 3290; x_wconf 82' lang='grc' dir='ltr'>Ἐκάθισε</span> <span class='ocrx_word' id='word_1_195' title='bbox 688 3234 795 3305; x_wconf 82' lang='grc' dir='ltr'>γὰρ</span> <span class='ocrx_word' id='word_1_196' title='bbox 848 3233 933 3301; x_wconf 83' lang='grc' dir='ltr'>ἐφ’</span> <span class='ocrx_word' id='word_1_197' title='bbox 967 3231 1067 3285; x_wconf 74' lang='grc' dir='ltr'>ἕνα</span> <span class='ocrx_word' id='word_1_198' title='bbox 1092 3230 1324 3285; x_wconf 70' lang='grc' dir='ltr'>ἕκαστον</span> <span class='ocrx_word' id='word_1_199' title='bbox 1373 3232 1572 3297; x_wconf 87' lang='grc' dir='ltr'>αὐτῶν,</span> <span class='ocrx_word' id='word_1_200' title='bbox 1618 3233 1713 3285; x_wconf 74' lang='grc' dir='ltr'>καὶ</span> <span class='ocrx_word' id='word_1_201' title='bbox 1754 3232 1975 3286; x_wconf 89' lang='grc' dir='ltr'>ἐλάλουν</span> 
     </span>
    </p>
   </div>
   <div class='ocr_carea' id='block_1_33' title="bbox 395 3322 1977 3401">
    <p class='ocr_par' dir='ltr' id='par_1_33' title="bbox 395 3322 1977 3401">
     <span class='ocr_line' id='line_1_33' title="bbox 395 3322 1977 3401; baseline -0.002 -21"><span class='ocrx_word' id='word_1_202' title='bbox 395 3326 667 3401; x_wconf 83' lang='grc' dir='ltr'>γλώσσαις</span> <span class='ocrx_word' id='word_1_203' title='bbox 703 3324 774 3379; x_wconf 78' lang='grc' dir='ltr'>τὰ</span> <span class='ocrx_word' id='word_1_204' title='bbox 820 3323 1087 3395; x_wconf 87' lang='grc' dir='ltr'>μεγαλεῖα</span> <span class='ocrx_word' id='word_1_205' title='bbox 1133 3322 1227 3375; x_wconf 87' lang='grc' dir='ltr'>τοῦ</span> <span class='ocrx_word' id='word_1_206' title='bbox 1267 3322 1423 3376; x_wconf 82' lang='grc' dir='ltr'>Θεοῦ.</span> <span class='ocrx_word' id='word_1_207' title='bbox 1471 3324 1730 3395; x_wconf 79' lang='grc' dir='ltr'>Παρῆσαν</span> <span class='ocrx_word' id='word_1_208' title='bbox 1766 3323 1823 3377; x_wconf 84' lang='grc' dir='ltr'>δὲ</span> <span class='ocrx_word' id='word_1_209' title='bbox 1869 3324 1977 3377; x_wconf 88' lang='grc' dir='ltr'>τῶν</span> 
     </span>
    </p>
   </div>
   <div class='ocr_carea' id='block_1_34' title="bbox 1373 342 2581 411">
    <p class='ocr_par' dir='ltr' id='par_1_34' title="bbox 1373 342 2581 411">
     <span class='ocr_line' id='line_1_34' title="bbox 1373 342 2581 411; baseline -0.012 0"><span class='ocrx_word' id='word_1_210' title='bbox 1373 356 1464 411; x_wconf 80' lang='grc' dir='ltr'>ΛΟ</span> <span class='ocrx_word' id='word_1_211' title='bbox 1504 352 1817 411; x_wconf 68' lang='grc' dir='ltr'><strong>ΟΛΒΜΙΝΛ</strong></span> <span class='ocrx_word' id='word_1_212' title='bbox 1871 349 1930 405; x_wconf 89' lang='lat' dir='ltr'><strong>S.</strong></span> <span class='ocrx_word' id='word_1_213' title='bbox 1971 342 2297 402; x_wconf 76' lang='lat' dir='ltr'>GREGOBII</span> <span class='ocrx_word' id='word_1_214' title='bbox 2336 342 2581 398; x_wconf 82' lang='lat' dir='ltr'>THEOL.</span> 
     </span>
    </p>
   </div>
   <div class='ocr_carea' id='block_1_35' title="bbox 3494 338 3602 396">
    <p class='ocr_par' dir='ltr' id='par_1_35' title="bbox 3494 338 3602 396">
     <span class='ocr_line' id='line_1_35' title="bbox 3494 338 3602 396; baseline 0 -3"><span class='ocrx_word' id='word_1_215' title='bbox 3494 338 3602 396; x_wconf 74' lang='grc'>458</span> 
     </span>
    </p>
   </div>
   <div class='ocr_carea' id='block_1_36' title="bbox 2030 454 3603 527">
    <p class='ocr_par' dir='ltr' id='par_1_36' title="bbox 2030 454 3603 527">
     <span class='ocr_line' id='line_1_36' title="bbox 2030 454 3603 527; baseline -0.006 -9"><span class='ocrx_word' id='word_1_216' title='bbox 2030 462 2138 518; x_wconf 81' lang='grc' dir='ltr'>ἀπὸ</span> <span class='ocrx_word' id='word_1_217' title='bbox 2170 461 2369 524; x_wconf 85' lang='grc' dir='ltr'>παντὸς</span> <span class='ocrx_word' id='word_1_218' title='bbox 2398 460 2582 523; x_wconf 75' lang='grc' dir='ltr'>ἔθνους</span> <span class='ocrx_word' id='word_1_219' title='bbox 2609 457 2855 521; x_wconf 79' lang='grc' dir='ltr'>εὐλαϐεῖς</span> <span class='ocrx_word' id='word_1_220' title='bbox 2888 458 2945 510; x_wconf 87' lang='grc' dir='ltr'>ἐν</span> <span class='ocrx_word' id='word_1_221' title='bbox 2986 454 3359 527; x_wconf 83' lang='grc' dir='ltr'>Ἰερουσαλὴμ,</span> <span class='ocrx_word' id='word_1_222' title='bbox 3405 454 3603 519; x_wconf 80' lang='grc' dir='ltr'>οἵτινες</span> 
     </span>
    </p>
   </div>
   <div class='ocr_carea' id='block_1_37' title="bbox 2030 545 3606 616">
    <p class='ocr_par' dir='ltr' id='par_1_37' title="bbox 2030 545 3606 616">
     <span class='ocr_line' id='line_1_37' title="bbox 2030 545 3606 616; baseline -0.003 -11"><span class='ocrx_word' id='word_1_223' title='bbox 2030 552 2319 613; x_wconf 88' lang='grc' dir='ltr'>ἀκούοντες</span> <span class='ocrx_word' id='word_1_224' title='bbox 2345 550 2590 616; x_wconf 79' lang='grc' dir='ltr'>ἐδόξαζον</span> <span class='ocrx_word' id='word_1_225' title='bbox 2623 548 2717 601; x_wconf 84' lang='grc' dir='ltr'>τὸν</span> <span class='ocrx_word' id='word_1_226' title='bbox 2751 548 2904 610; x_wconf 86' lang='grc' dir='ltr'>Θεὸν,</span> <span class='ocrx_word' id='word_1_227' title='bbox 2938 547 3032 601; x_wconf 74' lang='grc' dir='ltr'>καὶ</span> <span class='ocrx_word' id='word_1_228' title='bbox 3063 545 3387 601; x_wconf 86' lang='grc' dir='ltr'>ἐπίστευσαν</span> <span class='ocrx_word' id='word_1_229' title='bbox 3413 548 3494 608; x_wconf 81' lang='grc' dir='ltr'>είς</span> <span class='ocrx_word' id='word_1_230' title='bbox 3515 546 3606 600; x_wconf 74' lang='grc' dir='ltr'>τὸν</span> 
     </span>
    </p>
   </div>
   <div class='ocr_carea' id='block_1_38' title="bbox 2032 640 2940 714">
    <p class='ocr_par' dir='ltr' id='par_1_38' title="bbox 2032 640 2940 714">
     <span class='ocr_line' id='line_1_38' title="bbox 2032 640 2940 714; baseline -0.007 -18"><span class='ocrx_word' id='word_1_231' title='bbox 2032 644 2235 714; x_wconf 83' lang='grc' dir='ltr'>Κύριον</span> <span class='ocrx_word' id='word_1_232' title='bbox 2260 643 2417 713; x_wconf 83' lang='grc' dir='ltr'>ἡμῶν</span> <span class='ocrx_word' id='word_1_233' title='bbox 2456 640 2665 710; x_wconf 80' lang='grc' dir='ltr'>Ἰησοῦν</span> <span class='ocrx_word' id='word_1_234' title='bbox 2688 640 2940 710; x_wconf 85' lang='grc' dir='ltr'>Χριστόν.</span> 
     </span>
    </p>
   </div>
   <div class='ocr_carea' id='block_1_39' title="bbox 2033 727 3667 802">
    <p class='ocr_par' dir='ltr' id='par_1_39' title="bbox 2033 727 3667 802">
     <span class='ocr_line' id='line_1_39' title="bbox 2033 727 3667 802; baseline -0.004 -12"><span class='ocrx_word' id='word_1_235' title='bbox 2033 737 2103 790; x_wconf 79' lang='lat'>&#39;58</span> <span class='ocrx_word' id='word_1_236' title='bbox 2138 736 2231 799; x_wconf 81' lang='grc' dir='ltr'>Ἐξ</span> <span class='ocrx_word' id='word_1_237' title='bbox 2255 734 2393 799; x_wconf 73' lang='grc' dir='ltr'>ἐνὸς</span> <span class='ocrx_word' id='word_1_238' title='bbox 2418 733 2763 802; x_wconf 69' lang='grc' dir='ltr'>ἀρχεγύνοιο</span> <span class='ocrx_word' id='word_1_239' title='bbox 2797 728 2988 799; x_wconf 80' lang='grc' dir='ltr'>δάμαρ</span> <span class='ocrx_word' id='word_1_240' title='bbox 3028 731 3127 784; x_wconf 76' lang='grc' dir='ltr'>καί</span> <span class='ocrx_word' id='word_1_241' title='bbox 3159 727 3284 796; x_wconf 83' lang='grc' dir='ltr'>Σὴθ</span> <span class='ocrx_word' id='word_1_242' title='bbox 3310 728 3609 802; x_wconf 57' lang='grc' dir='ltr'>ἐγένοντο,</span> <span class='ocrx_word' id='word_1_243' title='bbox 3664 784 3667 785; x_wconf 64' lang='lat'>,</span> 
     </span>
    </p>
   </div>
   <div class='ocr_carea' id='block_1_40' title="bbox 1994 798 3606 871">
    <p class='ocr_par' dir='ltr' id='par_1_40' title="bbox 1994 798 3606 871">
     <span class='ocr_line' id='line_1_40' title="bbox 1994 798 3606 871; baseline -0.006 -12"><span class='ocrx_word' id='word_1_244' title='bbox 1994 854 1997 859; x_wconf 91' lang='lat'>.</span> <span class='ocrx_word' id='word_1_245' title='bbox 2033 805 2103 860; x_wconf 76' lang='grc'>40</span> <span class='ocrx_word' id='word_1_246' title='bbox 2128 798 2408 871; x_wconf 21' lang='grc' dir='ltr'>Οὐίτεκτὴ</span> <span class='ocrx_word' id='word_1_247' title='bbox 2434 798 2638 868; x_wconf 49' lang='lat' dir='ltr'><strong>nam</strong></span> <span class='ocrx_word' id='word_1_248' title='bbox 2656 798 2954 869; x_wconf 74' lang='grc' dir='ltr'>τε,βροτοί</span> <span class='ocrx_word' id='word_1_249' title='bbox 2965 817 3029 870; x_wconf 76' lang='grc' dir='ltr'>γε</span> <span class='ocrx_word' id='word_1_250' title='bbox 3037 803 3153 869; x_wconf 80' lang='grc' dir='ltr'>μὲν</span> <span class='ocrx_word' id='word_1_251' title='bbox 3172 801 3358 853; x_wconf 75' lang='grc' dir='ltr'>ἔσκον</span> <span class='ocrx_word' id='word_1_252' title='bbox 3374 798 3579 868; x_wconf 78' lang='grc' dir='ltr'>ὁμοίως</span> <span class='ocrx_word' id='word_1_253' title='bbox 3592 837 3606 850; x_wconf 92' lang='grc'><strong>.</strong></span> 
     </span>
    </p>
   </div>
   <div class='ocr_carea' id='block_1_41' title="bbox 2105 891 3613 964">
    <p class='ocr_par' dir='ltr' id='par_1_41' title="bbox 2105 891 3613 964">
     <span class='ocr_line' id='line_1_41' title="bbox 2105 891 3613 964; baseline -0.005 -16"><span class='ocrx_word' id='word_1_254' title='bbox 2105 896 2208 949; x_wconf 76' lang='grc' dir='ltr'>Τὸν</span> <span class='ocrx_word' id='word_1_255' title='bbox 2248 894 2418 964; x_wconf 78' lang='grc' dir='ltr'>’Λδάμ</span> <span class='ocrx_word' id='word_1_256' title='bbox 2449 895 2477 947; x_wconf 91' lang='lat'>6</span> <span class='ocrx_word' id='word_1_257' title='bbox 2502 894 2633 956; x_wconf 81' lang='grc' dir='ltr'>Θεὸς</span> <span class='ocrx_word' id='word_1_258' title='bbox 2675 893 2883 955; x_wconf 83' lang='grc' dir='ltr'>πλάσας</span> <span class='ocrx_word' id='word_1_259' title='bbox 2920 892 3027 945; x_wconf 72' lang='grc' dir='ltr'>ἀπὸ</span> <span class='ocrx_word' id='word_1_260' title='bbox 3050 892 3146 962; x_wconf 84' lang='grc' dir='ltr'>τῆς</span> <span class='ocrx_word' id='word_1_261' title='bbox 3167 892 3288 962; x_wconf 79' lang='grc' dir='ltr'>γῆς,</span> <span class='ocrx_word' id='word_1_262' title='bbox 3320 892 3413 943; x_wconf 77' lang='grc' dir='ltr'>καὶ</span> <span class='ocrx_word' id='word_1_263' title='bbox 3438 891 3613 959; x_wconf 80' lang='grc' dir='ltr'>ἐμφυ-</span> 
     </span>
    </p>
   </div>
   <div class='ocr_carea' id='block_1_42' title="bbox 2039 982 3614 1058">
    <p class='ocr_par' dir='ltr' id='par_1_42' title="bbox 2039 982 3614 1058">
     <span class='ocr_line' id='line_1_42' title="bbox 2039 982 3614 1058; baseline -0.003 -18"><span class='ocrx_word' id='word_1_264' title='bbox 2039 990 2211 1058; x_wconf 84' lang='grc' dir='ltr'>σήσας</span> <span class='ocrx_word' id='word_1_265' title='bbox 2261 986 2408 1057; x_wconf 84' lang='grc' dir='ltr'>αὐτῷ</span> <span class='ocrx_word' id='word_1_266' title='bbox 2443 984 2657 1055; x_wconf 88' lang='grc' dir='ltr'>πνεῦμα</span> <span class='ocrx_word' id='word_1_267' title='bbox 2683 985 2846 1054; x_wconf 79' lang='grc' dir='ltr'>ζωῆς,</span> <span class='ocrx_word' id='word_1_268' title='bbox 2898 986 2977 1046; x_wconf 88' lang='grc' dir='ltr'>είς</span> <span class='ocrx_word' id='word_1_269' title='bbox 3006 983 3256 1037; x_wconf 76' lang='grc' dir='ltr'>ἔκστασιν</span> <span class='ocrx_word' id='word_1_270' title='bbox 3278 983 3439 1036; x_wconf 85' lang='grc' dir='ltr'>αὐτὸν</span> <span class='ocrx_word' id='word_1_271' title='bbox 3479 982 3614 1050; x_wconf 89' lang='grc' dir='ltr'>ἀγα-</span> 
     </span>
    </p>
   </div>
   <div class='ocr_carea' id='block_1_43' title="bbox 2038 1074 3611 1149">
    <p class='ocr_par' dir='ltr' id='par_1_43' title="bbox 2038 1074 3611 1149">
     <span class='ocr_line' id='line_1_43' title="bbox 2038 1074 3611 1149; baseline -0.004 -15"><span class='ocrx_word' id='word_1_272' title='bbox 2038 1079 2151 1149; x_wconf 87' lang='grc' dir='ltr'>γὼν</span> <span class='ocrx_word' id='word_1_273' title='bbox 2178 1080 2273 1133; x_wconf 71' lang='grc' dir='ltr'>καὶ</span> <span class='ocrx_word' id='word_1_274' title='bbox 2306 1078 2495 1142; x_wconf 81' lang='grc' dir='ltr'>ῦπνον,</span> <span class='ocrx_word' id='word_1_275' title='bbox 2522 1078 2630 1130; x_wconf 89' lang='grc' dir='ltr'>τῶν</span> <span class='ocrx_word' id='word_1_276' title='bbox 2661 1076 2909 1148; x_wconf 83' lang='grc' dir='ltr'>πλευρῶν</span> <span class='ocrx_word' id='word_1_277' title='bbox 2925 1076 3253 1145; x_wconf 87' lang='grc' dir='ltr'>ἀφελόμενος</span> <span class='ocrx_word' id='word_1_278' title='bbox 3276 1074 3439 1128; x_wconf 86' lang='grc' dir='ltr'>αὐτοῦ</span> <span class='ocrx_word' id='word_1_279' title='bbox 3464 1075 3611 1145; x_wconf 87' lang='grc' dir='ltr'>μίαν,</span> 
     </span>
    </p>
   </div>
   <div class='ocr_carea' id='block_1_44' title="bbox 2038 1163 3617 1236">
    <p class='ocr_par' dir='ltr' id='par_1_44' title="bbox 2038 1163 3617 1236">
     <span class='ocr_line' id='line_1_44' title="bbox 2038 1163 3617 1236; baseline 0.001 -18"><span class='ocrx_word' id='word_1_280' title='bbox 2038 1168 2137 1236; x_wconf 81' lang='grc' dir='ltr'>τὴν</span> <span class='ocrx_word' id='word_1_281' title='bbox 2163 1164 2306 1218; x_wconf 72' lang='grc' dir='ltr'>Εὕαν</span> <span class='ocrx_word' id='word_1_282' title='bbox 2327 1164 2757 1235; x_wconf 82' lang='grc' dir='ltr'>ἐδημιούργησεν</span> <span class='ocrx_word' id='word_1_283' title='bbox 2776 1182 2789 1195; x_wconf 87' lang='grc'>·</span> <span class='ocrx_word' id='word_1_284' title='bbox 2819 1164 2879 1228; x_wconf 86' lang='grc' dir='ltr'>ἐξ</span> <span class='ocrx_word' id='word_1_285' title='bbox 2904 1163 3067 1216; x_wconf 89' lang='grc' dir='ltr'>αὐτοῦ</span> <span class='ocrx_word' id='word_1_286' title='bbox 3089 1165 3144 1217; x_wconf 85' lang='grc' dir='ltr'>δὲ</span> <span class='ocrx_word' id='word_1_287' title='bbox 3162 1164 3255 1217; x_wconf 90' lang='grc' dir='ltr'>τοῦ</span> <span class='ocrx_word' id='word_1_288' title='bbox 3285 1165 3454 1235; x_wconf 81' lang='grc' dir='ltr'>’Λδάμ</span> <span class='ocrx_word' id='word_1_289' title='bbox 3476 1165 3617 1220; x_wconf 85' lang='grc' dir='ltr'>κατὰ</span> 
     </span>
    </p>
   </div>
   <div class='ocr_carea' id='block_1_45' title="bbox 2042 1254 3616 1327">
    <p class='ocr_par' dir='ltr' id='par_1_45' title="bbox 2042 1254 3616 1327">
     <span class='ocr_line' id='line_1_45' title="bbox 2042 1254 3616 1327; baseline -0.001 -17"><span class='ocrx_word' id='word_1_290' title='bbox 2042 1258 2335 1326; x_wconf 85' lang='grc' dir='ltr'>συνάφειαν</span> <span class='ocrx_word' id='word_1_291' title='bbox 2366 1258 2466 1326; x_wconf 77' lang='grc' dir='ltr'>τῆς</span> <span class='ocrx_word' id='word_1_292' title='bbox 2486 1254 2649 1321; x_wconf 80' lang='grc' dir='ltr'>Εὐας,</span> <span class='ocrx_word' id='word_1_293' title='bbox 2708 1256 2799 1309; x_wconf 74' lang='grc' dir='ltr'>καὶ</span> <span class='ocrx_word' id='word_1_294' title='bbox 2827 1255 2854 1306; x_wconf 89' lang='lat'>6</span> <span class='ocrx_word' id='word_1_295' title='bbox 2888 1254 2992 1325; x_wconf 84' lang='grc' dir='ltr'>Σὴθ</span> <span class='ocrx_word' id='word_1_296' title='bbox 3037 1255 3244 1324; x_wconf 81' lang='grc' dir='ltr'>ὑπέστη</span> <span class='ocrx_word' id='word_1_297' title='bbox 3265 1272 3278 1286; x_wconf 95' lang='grc'>·</span> <span class='ocrx_word' id='word_1_298' title='bbox 3310 1255 3406 1308; x_wconf 74' lang='grc' dir='ltr'>καὶ</span> <span class='ocrx_word' id='word_1_299' title='bbox 3437 1257 3472 1327; x_wconf 78' lang='grc' dir='ltr'><strong>ἡ</strong></span> <span class='ocrx_word' id='word_1_300' title='bbox 3517 1255 3616 1327; x_wconf 87' lang='grc' dir='ltr'>μὲν</span> 
     </span>
    </p>
   </div>
   <div class='ocr_carea' id='block_1_46' title="bbox 2042 1342 3618 1415">
    <p class='ocr_par' dir='ltr' id='par_1_46' title="bbox 2042 1342 3618 1415">
     <span class='ocr_line' id='line_1_46' title="bbox 2042 1342 3618 1415; baseline -0.002 -17"><span class='ocrx_word' id='word_1_301' title='bbox 2042 1345 2155 1399; x_wconf 83' lang='grc' dir='ltr'>Εῦα</span> <span class='ocrx_word' id='word_1_302' title='bbox 2188 1344 2310 1398; x_wconf 78' lang='grc' dir='ltr'>οὐτε</span> <span class='ocrx_word' id='word_1_303' title='bbox 2334 1345 2564 1415; x_wconf 82' lang='grc' dir='ltr'>γεννητὴ</span> <span class='ocrx_word' id='word_1_304' title='bbox 2622 1344 2713 1396; x_wconf 72' lang='grc' dir='ltr'>καὶ</span> <span class='ocrx_word' id='word_1_305' title='bbox 2756 1343 2814 1409; x_wconf 83' lang='grc' dir='ltr'>ἐξ</span> <span class='ocrx_word' id='word_1_306' title='bbox 2854 1342 3043 1413; x_wconf 79' lang='grc' dir='ltr'>Ἀδὰμ,</span> <span class='ocrx_word' id='word_1_307' title='bbox 3083 1345 3111 1396; x_wconf 91' lang='lat'>6</span> <span class='ocrx_word' id='word_1_308' title='bbox 3146 1342 3201 1395; x_wconf 86' lang='grc' dir='ltr'>δὲ</span> <span class='ocrx_word' id='word_1_309' title='bbox 3228 1342 3333 1415; x_wconf 81' lang='grc' dir='ltr'>Σὴθ</span> <span class='ocrx_word' id='word_1_310' title='bbox 3363 1343 3618 1414; x_wconf 76' lang='grc' dir='ltr'>γεννητὸς</span> 
     </span>
    </p>
   </div>
   <div class='ocr_carea' id='block_1_47' title="bbox 2042 1434 3619 1507">
    <p class='ocr_par' dir='ltr' id='par_1_47' title="bbox 2042 1434 3619 1507">
     <span class='ocr_line' id='line_1_47' title="bbox 2042 1434 3619 1507; baseline -0.001 -17"><span class='ocrx_word' id='word_1_311' title='bbox 2042 1439 2137 1491; x_wconf 81' lang='grc' dir='ltr'>καὶ</span> <span class='ocrx_word' id='word_1_312' title='bbox 2160 1436 2321 1498; x_wconf 83' lang='grc' dir='ltr'>αὐτὸς</span> <span class='ocrx_word' id='word_1_313' title='bbox 2336 1436 2396 1500; x_wconf 89' lang='grc' dir='ltr'>ἐξ</span> <span class='ocrx_word' id='word_1_314' title='bbox 2425 1435 2615 1505; x_wconf 69' lang='grc' dir='ltr'>Ἀδάμ.</span> <span class='ocrx_word' id='word_1_315' title='bbox 2643 1434 2764 1487; x_wconf 91' lang='grc' dir='ltr'>Τῶν</span> <span class='ocrx_word' id='word_1_316' title='bbox 2794 1435 2851 1488; x_wconf 81' lang='grc' dir='ltr'>δὲ</span> <span class='ocrx_word' id='word_1_317' title='bbox 2870 1434 2962 1487; x_wconf 87' lang='grc' dir='ltr'>δύο</span> <span class='ocrx_word' id='word_1_318' title='bbox 2994 1437 3091 1506; x_wconf 84' lang='grc' dir='ltr'>τὴν</span> <span class='ocrx_word' id='word_1_319' title='bbox 3126 1435 3355 1506; x_wconf 79' lang='grc' dir='ltr'>ὕπαρξιν</span> <span class='ocrx_word' id='word_1_320' title='bbox 3377 1436 3434 1503; x_wconf 88' lang='grc' dir='ltr'>ἐξ</span> <span class='ocrx_word' id='word_1_321' title='bbox 3451 1435 3619 1507; x_wconf 81' lang='grc' dir='ltr'>Ἀδὰμ</span> 
     </span>
    </p>
   </div>
   <div class='ocr_carea' id='block_1_48' title="bbox 2043 1524 3622 1599">
    <p class='ocr_par' dir='ltr' id='par_1_48' title="bbox 2043 1524 3622 1599">
     <span class='ocr_line' id='line_1_48' title="bbox 2043 1524 3622 1599; baseline 0 -20"><span class='ocrx_word' id='word_1_322' title='bbox 2043 1527 2375 1597; x_wconf 86' lang='grc' dir='ltr'>ἐσχηκότων,</span> <span class='ocrx_word' id='word_1_323' title='bbox 2414 1525 2513 1579; x_wconf 89' lang='grc' dir='ltr'>οὐκ</span> <span class='ocrx_word' id='word_1_324' title='bbox 2548 1524 2676 1588; x_wconf 76' lang='grc' dir='ltr'>ἴσως</span> <span class='ocrx_word' id='word_1_325' title='bbox 2726 1525 2928 1595; x_wconf 88' lang='grc' dir='ltr'>μέντοι,</span> <span class='ocrx_word' id='word_1_326' title='bbox 2971 1525 3185 1596; x_wconf 86' lang='grc' dir='ltr'>λέγεται</span> <span class='ocrx_word' id='word_1_327' title='bbox 3218 1526 3315 1597; x_wconf 83' lang='grc' dir='ltr'>μὲν</span> <span class='ocrx_word' id='word_1_328' title='bbox 3356 1527 3417 1579; x_wconf 82' lang='grc' dir='ltr'>οὐ</span> <span class='ocrx_word' id='word_1_329' title='bbox 3454 1526 3622 1599; x_wconf 83' lang='grc' dir='ltr'>τεκτὴ</span> 
     </span>
    </p>
   </div>
   <div class='ocr_carea' id='block_1_49' title="bbox 2046 1616 3625 1691">
    <p class='ocr_par' dir='ltr' id='par_1_49' title="bbox 2046 1616 3625 1691">
     <span class='ocr_line' id='line_1_49' title="bbox 2046 1616 3625 1691; baseline -0.001 -21"><span class='ocrx_word' id='word_1_330' title='bbox 2046 1619 2080 1689; x_wconf 80' lang='grc' dir='ltr'><strong>ἡ</strong></span> <span class='ocrx_word' id='word_1_331' title='bbox 2113 1618 2272 1687; x_wconf 81' lang='grc' dir='ltr'>γυνὴ,</span> <span class='ocrx_word' id='word_1_332' title='bbox 2305 1616 2400 1670; x_wconf 73' lang='grc' dir='ltr'>καὶ</span> <span class='ocrx_word' id='word_1_333' title='bbox 2430 1618 2620 1680; x_wconf 82' lang='grc' dir='ltr'>τεκτὸς</span> <span class='ocrx_word' id='word_1_334' title='bbox 2660 1618 2689 1670; x_wconf 81' lang='grc' dir='ltr'>ό</span> <span class='ocrx_word' id='word_1_335' title='bbox 2735 1616 2864 1689; x_wconf 78' lang='grc' dir='ltr'>Σὴθ,</span> <span class='ocrx_word' id='word_1_336' title='bbox 2898 1616 3065 1689; x_wconf 79' lang='grc' dir='ltr'>ἄμφω</span> <span class='ocrx_word' id='word_1_337' title='bbox 3097 1618 3299 1691; x_wconf 78' lang='grc' dir='ltr'>πατρὸς</span> <span class='ocrx_word' id='word_1_338' title='bbox 3330 1619 3446 1683; x_wconf 84' lang='grc' dir='ltr'>ἐνὸς</span> <span class='ocrx_word' id='word_1_339' title='bbox 3466 1635 3625 1689; x_wconf 83' lang='grc' dir='ltr'>γεγο-</span> 
     </span>
    </p>
   </div>
   <div class='ocr_carea' id='block_1_50' title="bbox 2048 1709 2219 1771">
    <p class='ocr_par' dir='ltr' id='par_1_50' title="bbox 2048 1709 2219 1771">
     <span class='ocr_line' id='line_1_50' title="bbox 2048 1709 2219 1771; baseline -0.012 -10"><span class='ocrx_word' id='word_1_340' title='bbox 2048 1709 2219 1771; x_wconf 85' lang='grc' dir='ltr'>νότες.</span> 
     </span>
    </p>
   </div>
   <div class='ocr_carea' id='block_1_51' title="bbox 2642 1796 3029 1855">
    <p class='ocr_par' dir='ltr' id='par_1_51' title="bbox 2642 1796 3029 1855">
     <span class='ocr_line' id='line_1_51' title="bbox 2642 1796 3029 1855; baseline 0.01 -4"><span class='ocrx_word' id='word_1_341' title='bbox 2642 1797 2862 1851; x_wconf 88' lang='grc' dir='ltr'><strong>ΛΟΓΟΣ</strong></span> <span class='ocrx_word' id='word_1_342' title='bbox 2902 1796 3029 1855; x_wconf 85' lang='grc' dir='ltr'>ΝΑ’.</span> 
     </span>
    </p>
   </div>
   <div class='ocr_carea' id='block_1_52' title="bbox 2049 1888 3626 1966">
    <p class='ocr_par' dir='ltr' id='par_1_52' title="bbox 2049 1888 3626 1966">
     <span class='ocr_line' id='line_1_52' title="bbox 2049 1888 3626 1966; baseline 0.003 -21"><span class='ocrx_word' id='word_1_343' title='bbox 2049 1890 2190 1959; x_wconf 77' lang='grc' dir='ltr'>Περὶ</span> <span class='ocrx_word' id='word_1_344' title='bbox 2239 1888 2677 1957; x_wconf 82' lang='grc' dir='ltr'>κόσμου.Ἕστι</span> <span class='ocrx_word' id='word_1_345' title='bbox 2710 1890 2779 1942; x_wconf 81' lang='grc' dir='ltr'>δὲ</span> <span class='ocrx_word' id='word_1_346' title='bbox 2801 1894 2833 1944; x_wconf 87' lang='grc' dir='ltr'>ό</span> <span class='ocrx_word' id='word_1_347' title='bbox 2864 1892 3048 1961; x_wconf 76' lang='grc' dir='ltr'>λόγος</span> <span class='ocrx_word' id='word_1_348' title='bbox 3062 1892 3496 1963; x_wconf 79' lang='grc' dir='ltr'>ἐξηγηματικός</span> <span class='ocrx_word' id='word_1_349' title='bbox 3522 1894 3626 1966; x_wconf 75' lang='lat'>(2).</span> 
     </span>
    </p>
   </div>
   <div class='ocr_carea' id='block_1_53' title="bbox 2651 2005 3012 2061">
    <p class='ocr_par' dir='ltr' id='par_1_53' title="bbox 2651 2005 3012 2061">
     <span class='ocr_line' id='line_1_53' title="bbox 2651 2005 3012 2061; baseline 0.008 -4"><span class='ocrx_word' id='word_1_350' title='bbox 2651 2005 2871 2058; x_wconf 88' lang='grc' dir='ltr'><strong>ΛΟΓΟΣ</strong></span> <span class='ocrx_word' id='word_1_351' title='bbox 2900 2006 3012 2061; x_wconf 90' lang='grc' dir='ltr'>ΝΒ.</span> 
     </span>
    </p>
   </div>
   <div class='ocr_carea' id='block_1_54' title="bbox 2547 2097 3125 2169">
    <p class='ocr_par' dir='ltr' id='par_1_54' title="bbox 2547 2097 3125 2169">
     <span class='ocr_line' id='line_1_54' title="bbox 2547 2097 3125 2169; baseline 0.003 -19"><span class='ocrx_word' id='word_1_352' title='bbox 2547 2097 2687 2164; x_wconf 76' lang='grc' dir='ltr'>Περὶ</span> <span class='ocrx_word' id='word_1_353' title='bbox 2712 2098 2995 2165; x_wconf 74' lang='grc' dir='ltr'>προνοίας</span> <span class='ocrx_word' id='word_1_354' title='bbox 3026 2099 3125 2169; x_wconf 77' lang='lat'>(5).</span> 
     </span>
    </p>
   </div>
   <div class='ocr_carea' id='block_1_55' title="bbox 2125 2183 3632 2263">
    <p class='ocr_par' dir='ltr' id='par_1_55' title="bbox 2125 2183 3632 2263">
     <span class='ocr_line' id='line_1_55' title="bbox 2125 2183 3632 2263; baseline 0.006 -27"><span class='ocrx_word' id='word_1_355' title='bbox 2125 2183 2235 2247; x_wconf 83' lang='grc' dir='ltr'>Τάς</span> <span class='ocrx_word' id='word_1_356' title='bbox 2266 2184 2533 2257; x_wconf 85' lang='grc' dir='ltr'>Ἑλλήνων</span> <span class='ocrx_word' id='word_1_357' title='bbox 2562 2188 2720 2253; x_wconf 82' lang='grc' dir='ltr'>δόξας</span> <span class='ocrx_word' id='word_1_358' title='bbox 2743 2190 2771 2239; x_wconf 90' lang='lat'>6</span> <span class='ocrx_word' id='word_1_359' title='bbox 2791 2187 3045 2256; x_wconf 88' lang='grc' dir='ltr'>Θεολόγος</span> <span class='ocrx_word' id='word_1_360' title='bbox 3074 2189 3393 2259; x_wconf 81' lang='grc' dir='ltr'>ἀνατρέπων</span> <span class='ocrx_word' id='word_1_361' title='bbox 3424 2191 3632 2263; x_wconf 87' lang='grc' dir='ltr'>Γρηγό-</span> 
     </span>
    </p>
   </div>
   <div class='ocr_carea' id='block_1_56' title="bbox 2059 2277 3629 2350">
    <p class='ocr_par' dir='ltr' id='par_1_56' title="bbox 2059 2277 3629 2350">
     <span class='ocr_line' id='line_1_56' title="bbox 2059 2277 3629 2350; baseline 0.005 -22"><span class='ocrx_word' id='word_1_362' title='bbox 2059 2293 2194 2347; x_wconf 88' lang='grc' dir='ltr'>ριος,</span> <span class='ocrx_word' id='word_1_363' title='bbox 2251 2277 2377 2347; x_wconf 60' lang='grc' dir='ltr'>περὶ¹</span> <span class='ocrx_word' id='word_1_364' title='bbox 2421 2277 2521 2346; x_wconf 81' lang='grc' dir='ltr'>τῆς</span> <span class='ocrx_word' id='word_1_365' title='bbox 2555 2278 2812 2349; x_wconf 87' lang='grc' dir='ltr'>προνοίας</span> <span class='ocrx_word' id='word_1_366' title='bbox 2851 2277 3164 2350; x_wconf 89' lang='grc' dir='ltr'>βουλόμενος</span> <span class='ocrx_word' id='word_1_367' title='bbox 3191 2280 3486 2349; x_wconf 84' lang='grc' dir='ltr'>ἀποδεῖξαι,</span> <span class='ocrx_word' id='word_1_368' title='bbox 3512 2283 3629 2336; x_wconf 83' lang='grc' dir='ltr'>τόδε</span> 
     </span>
    </p>
   </div>
   <div class='ocr_carea' id='block_1_57' title="bbox 2057 2369 3635 2445">
    <p class='ocr_par' dir='ltr' id='par_1_57' title="bbox 2057 2369 3635 2445">
     <span class='ocr_line' id='line_1_57' title="bbox 2057 2369 3635 2445; baseline 0.004 -24"><span class='ocrx_word' id='word_1_369' title='bbox 2057 2371 2165 2422; x_wconf 83' lang='grc' dir='ltr'>πᾶν</span> <span class='ocrx_word' id='word_1_370' title='bbox 2198 2372 2310 2433; x_wconf 90' lang='grc' dir='ltr'>τοῖς</span> <span class='ocrx_word' id='word_1_371' title='bbox 2361 2371 2618 2441; x_wconf 88' lang='grc' dir='ltr'>μεγάλοις</span> <span class='ocrx_word' id='word_1_372' title='bbox 2671 2369 2986 2441; x_wconf 88' lang='grc' dir='ltr'>κινούμενον</span> <span class='ocrx_word' id='word_1_373' title='bbox 3020 2371 3159 2436; x_wconf 77' lang='grc' dir='ltr'>οταξι</span> <span class='ocrx_word' id='word_1_374' title='bbox 3194 2372 3291 2426; x_wconf 90' lang='grc' dir='ltr'>τοῦ</span> <span class='ocrx_word' id='word_1_375' title='bbox 3318 2372 3474 2439; x_wconf 88' lang='grc' dir='ltr'>Θεοῦ,</span> <span class='ocrx_word' id='word_1_376' title='bbox 3534 2374 3635 2445; x_wconf 82' lang='grc' dir='ltr'>τῆς</span> 
     </span>
    </p>
   </div>
   <div class='ocr_carea' id='block_1_58' title="bbox 2058 2460 3638 2537">
    <p class='ocr_par' dir='ltr' id='par_1_58' title="bbox 2058 2460 3638 2537">
     <span class='ocr_line' id='line_1_58' title="bbox 2058 2460 3638 2537; baseline 0.004 -23"><span class='ocrx_word' id='word_1_377' title='bbox 2058 2460 2262 2514; x_wconf 89' lang='grc' dir='ltr'>τούτων</span> <span class='ocrx_word' id='word_1_378' title='bbox 2299 2461 2583 2533; x_wconf 86' lang='grc' dir='ltr'>τερθρείας</span> <span class='ocrx_word' id='word_1_379' title='bbox 2614 2461 2683 2516; x_wconf 86' lang='grc' dir='ltr'>τά</span> <span class='ocrx_word' id='word_1_380' title='bbox 2735 2463 3070 2535; x_wconf 80' lang='grc' dir='ltr'>ἀπηχήματα</span> <span class='ocrx_word' id='word_1_381' title='bbox 3122 2466 3418 2537; x_wconf 85' lang='grc' dir='ltr'>προσφέρει</span> <span class='ocrx_word' id='word_1_382' title='bbox 3451 2468 3638 2521; x_wconf 79' lang='grc' dir='ltr'>συντό-</span> 
     </span>
    </p>
   </div>
   <div class='ocr_carea' id='block_1_59' title="bbox 2064 2549 3637 2630">
    <p class='ocr_par' dir='ltr' id='par_1_59' title="bbox 2064 2549 3637 2630">
     <span class='ocr_line' id='line_1_59' title="bbox 2064 2549 3637 2630; baseline 0.004 -25"><span class='ocrx_word' id='word_1_383' title='bbox 2064 2570 2177 2623; x_wconf 87' lang='grc' dir='ltr'>μως</span> <span class='ocrx_word' id='word_1_384' title='bbox 2203 2552 2296 2606; x_wconf 77' lang='grc' dir='ltr'>καὶ</span> <span class='ocrx_word' id='word_1_385' title='bbox 2323 2553 2390 2606; x_wconf 87' lang='grc' dir='ltr'>δι’</span> <span class='ocrx_word' id='word_1_386' title='bbox 2429 2554 2787 2625; x_wconf 87' lang='grc' dir='ltr'>αἰνιγμάτων.</span> <span class='ocrx_word' id='word_1_387' title='bbox 2823 2549 2983 2608; x_wconf 79' lang='grc' dir='ltr'>Οὗτοι</span> <span class='ocrx_word' id='word_1_388' title='bbox 3006 2556 3115 2627; x_wconf 85' lang='grc' dir='ltr'>γὰρ</span> <span class='ocrx_word' id='word_1_389' title='bbox 3143 2559 3254 2620; x_wconf 89' lang='grc' dir='ltr'>τοῖς</span> <span class='ocrx_word' id='word_1_390' title='bbox 3277 2557 3507 2629; x_wconf 83' lang='grc' dir='ltr'>ἀστρασι</span> <span class='ocrx_word' id='word_1_391' title='bbox 3538 2557 3637 2630; x_wconf 81' lang='grc' dir='ltr'>τὴν</span> 
     </span>
    </p>
   </div>
   <div class='ocr_carea' id='block_1_60' title="bbox 2061 2643 3637 2720">
    <p class='ocr_par' dir='ltr' id='par_1_60' title="bbox 2061 2643 3637 2720">
     <span class='ocr_line' id='line_1_60' title="bbox 2061 2643 3637 2720; baseline 0.006 -25"><span class='ocrx_word' id='word_1_392' title='bbox 2061 2643 2315 2712; x_wconf 86' lang='grc' dir='ltr'>πρόνοιαν</span> <span class='ocrx_word' id='word_1_393' title='bbox 2367 2645 2758 2715; x_wconf 84' lang='grc' dir='ltr'>ἀπονέμουσιν·</span> <span class='ocrx_word' id='word_1_394' title='bbox 2808 2645 2929 2699; x_wconf 84' lang='grc' dir='ltr'>ὅθεν</span> <span class='ocrx_word' id='word_1_395' title='bbox 2965 2646 3134 2716; x_wconf 87' lang='grc' dir='ltr'>τύχας</span> <span class='ocrx_word' id='word_1_396' title='bbox 3172 2648 3267 2701; x_wconf 79' lang='grc' dir='ltr'>καὶ</span> <span class='ocrx_word' id='word_1_397' title='bbox 3302 2648 3637 2720; x_wconf 83' lang='grc' dir='ltr'>είμαρμένας</span> 
     </span>
    </p>
   </div>
   <div class='ocr_carea' id='block_1_61' title="bbox 2063 2733 3638 2808">
    <p class='ocr_par' dir='ltr' id='par_1_61' title="bbox 2063 2733 3638 2808">
     <span class='ocr_line' id='line_1_61' title="bbox 2063 2733 3638 2808; baseline 0.005 -24"><span class='ocrx_word' id='word_1_398' title='bbox 2063 2733 2154 2784; x_wconf 73' lang='grc' dir='ltr'>καὶ</span> <span class='ocrx_word' id='word_1_399' title='bbox 2178 2734 2542 2804; x_wconf 88' lang='grc' dir='ltr'>πεπρωμένας</span> <span class='ocrx_word' id='word_1_400' title='bbox 2574 2734 2767 2804; x_wconf 86' lang='grc' dir='ltr'>μοίρας</span> <span class='ocrx_word' id='word_1_401' title='bbox 2800 2736 2893 2788; x_wconf 75' lang='grc' dir='ltr'>καὶ</span> <span class='ocrx_word' id='word_1_402' title='bbox 2915 2737 3192 2806; x_wconf 84' lang='grc' dir='ltr'>γεννήσεις</span> <span class='ocrx_word' id='word_1_403' title='bbox 3224 2738 3638 2808; x_wconf 86' lang='grc' dir='ltr'>παρεισάγουσι.</span> 
     </span>
    </p>
   </div>
   <div class='ocr_carea' id='block_1_62' title="bbox 2064 2818 3644 2901">
    <p class='ocr_par' dir='ltr' id='par_1_62' title="bbox 2064 2818 3644 2901">
     <span class='ocr_line' id='line_1_62' title="bbox 2064 2818 3644 2901; baseline 0.001 -23"><span class='ocrx_word' id='word_1_404' title='bbox 2064 2821 2361 2895; x_wconf 87' lang='grc' dir='ltr'>Γρηγόριος</span> <span class='ocrx_word' id='word_1_405' title='bbox 2392 2818 2484 2876; x_wconf 82' lang='grc' dir='ltr'>οὖν</span> <span class='ocrx_word' id='word_1_406' title='bbox 2508 2825 2537 2876; x_wconf 93' lang='lat'>6</span> <span class='ocrx_word' id='word_1_407' title='bbox 2569 2824 2868 2894; x_wconf 89' lang='grc' dir='ltr'>θαυμάσιος</span> <span class='ocrx_word' id='word_1_408' title='bbox 2896 2826 3175 2890; x_wconf 77' lang='grc' dir='ltr'>εὐσκόπους</span> <span class='ocrx_word' id='word_1_409' title='bbox 3197 2828 3400 2882; x_wconf 82' lang='grc' dir='ltr'>τούτων</span> <span class='ocrx_word' id='word_1_410' title='bbox 3436 2828 3497 2881; x_wconf 88' lang='grc' dir='ltr'>τὺ</span> <span class='ocrx_word' id='word_1_411' title='bbox 3512 2829 3644 2901; x_wconf 85' lang='grc' dir='ltr'>φρό-</span> 
     </span>
    </p>
   </div>
   <div class='ocr_carea' id='block_1_63' title="bbox 2066 2912 3643 2992">
    <p class='ocr_par' dir='ltr' id='par_1_63' title="bbox 2066 2912 3643 2992">
     <span class='ocr_line' id='line_1_63' title="bbox 2066 2912 3643 2992; baseline 0.007 -29"><span class='ocrx_word' id='word_1_412' title='bbox 2066 2928 2214 2981; x_wconf 89' lang='grc' dir='ltr'>νημα</span> <span class='ocrx_word' id='word_1_413' title='bbox 2254 2912 2454 2981; x_wconf 88' lang='grc' dir='ltr'>βάλλει.</span> <span class='ocrx_word' id='word_1_414' title='bbox 2507 2914 2686 2967; x_wconf 82' lang='grc' dir='ltr'>Καλὸν</span> <span class='ocrx_word' id='word_1_415' title='bbox 2718 2915 2775 2968; x_wconf 87' lang='grc' dir='ltr'>δέ</span> <span class='ocrx_word' id='word_1_416' title='bbox 2814 2917 2908 2969; x_wconf 74' lang='grc' dir='ltr'>καὶ</span> <span class='ocrx_word' id='word_1_417' title='bbox 2928 2917 2989 2969; x_wconf 83' lang='grc' dir='ltr'>τὸ</span> <span class='ocrx_word' id='word_1_418' title='bbox 3019 2917 3225 2989; x_wconf 86' lang='grc' dir='ltr'>βραχέα</span> <span class='ocrx_word' id='word_1_419' title='bbox 3262 2919 3390 2990; x_wconf 79' lang='grc' dir='ltr'>περὶ</span> <span class='ocrx_word' id='word_1_420' title='bbox 3429 2920 3643 2992; x_wconf 79' lang='grc' dir='ltr'>ἄστρων</span> 
     </span>
    </p>
   </div>
   <div class='ocr_carea' id='block_1_64' title="bbox 2066 3004 3645 3080">
    <p class='ocr_par' dir='ltr' id='par_1_64' title="bbox 2066 3004 3645 3080">
     <span class='ocr_line' id='line_1_64' title="bbox 2066 3004 3645 3080; baseline 0.007 -24"><span class='ocrx_word' id='word_1_421' title='bbox 2066 3004 2431 3076; x_wconf 81' lang='grc' dir='ltr'>διαλεχθῆναι,</span> <span class='ocrx_word' id='word_1_422' title='bbox 2489 3006 2611 3060; x_wconf 82' lang='grc' dir='ltr'>ὅθεν</span> <span class='ocrx_word' id='word_1_423' title='bbox 2669 3009 2866 3061; x_wconf 86' lang='grc' dir='ltr'>ἐκεῖνοι</span> <span class='ocrx_word' id='word_1_424' title='bbox 2912 3009 3048 3079; x_wconf 86' lang='grc' dir='ltr'>πρὸς</span> <span class='ocrx_word' id='word_1_425' title='bbox 3075 3010 3173 3074; x_wconf 87' lang='grc' dir='ltr'>τάς</span> <span class='ocrx_word' id='word_1_426' title='bbox 3207 3010 3460 3076; x_wconf 86' lang='grc' dir='ltr'>τοιαύτας</span> <span class='ocrx_word' id='word_1_427' title='bbox 3488 3012 3645 3080; x_wconf 81' lang='grc' dir='ltr'>δόξας</span> 
     </span>
    </p>
   </div>
   <div class='ocr_carea' id='block_1_65' title="bbox 2068 3095 3222 3174">
    <p class='ocr_par' dir='ltr' id='par_1_65' title="bbox 2068 3095 3222 3174">
     <span class='ocr_line' id='line_1_65' title="bbox 2068 3095 3222 3174; baseline 0.005 -25"><span class='ocrx_word' id='word_1_428' title='bbox 2068 3096 2479 3167; x_wconf 88' lang='grc' dir='ltr'>άπεσφάλησαν.</span> <span class='ocrx_word' id='word_1_429' title='bbox 2505 3099 2674 3169; x_wconf 68' lang='grc' dir='ltr'>Φησὶν</span> <span class='ocrx_word' id='word_1_430' title='bbox 2711 3095 2804 3153; x_wconf 83' lang='grc' dir='ltr'>οὖν</span> <span class='ocrx_word' id='word_1_431' title='bbox 2834 3102 2863 3153; x_wconf 90' lang='lat'>6</span> <span class='ocrx_word' id='word_1_432' title='bbox 2886 3100 3027 3165; x_wconf 90' lang='grc' dir='ltr'>θεῖος</span> <span class='ocrx_word' id='word_1_433' title='bbox 3049 3103 3188 3174; x_wconf 84' lang='grc' dir='ltr'>ἀνήρ</span> <span class='ocrx_word' id='word_1_434' title='bbox 3210 3120 3222 3133; x_wconf 93' lang='grc'>·</span> 
     </span>
    </p>
   </div>
   <div class='ocr_carea' id='block_1_66' title="bbox 2069 3186 3644 3262">
    <p class='ocr_par' dir='ltr' id='par_1_66' title="bbox 2069 3186 3644 3262">
     <span class='ocr_line' id='line_1_66' title="bbox 2069 3186 3644 3262; baseline 0.008 -28"><span class='ocrx_word' id='word_1_435' title='bbox 2069 3186 2140 3262; x_wconf 52' lang='grc' dir='ltr'>ἓξ</span> <span class='ocrx_word' id='word_1_436' title='bbox 2169 3188 2361 3262; x_wconf 66' lang='grc' dir='ltr'>Τείρεᾳ</span> <span class='ocrx_word' id='word_1_437' title='bbox 2377 3190 2817 3262; x_wconf 53' lang='grc' dir='ltr'>τείρεσίτχέᾳτιν</span> <span class='ocrx_word' id='word_1_438' title='bbox 2829 3190 3092 3262; x_wconf 61' lang='grc' dir='ltr'>ἐναντία,</span> <span class='ocrx_word' id='word_1_439' title='bbox 3106 3193 3201 3262; x_wconf 61' lang='grc' dir='ltr'>τίς</span> <span class='ocrx_word' id='word_1_440' title='bbox 3221 3191 3275 3245; x_wconf 74' lang='grc' dir='ltr'>δ’</span> <span class='ocrx_word' id='word_1_441' title='bbox 3288 3191 3379 3261; x_wconf 69' lang='grc' dir='ltr'>ἄρ’</span> <span class='ocrx_word' id='word_1_442' title='bbox 3396 3197 3430 3247; x_wconf 78' lang='grc' dir='ltr'>δ</span> <span class='ocrx_word' id='word_1_443' title='bbox 3440 3193 3644 3262; x_wconf 82' lang='grc' dir='ltr'>μίξας;</span> 
     </span>
    </p>
   </div>
   <div class='ocr_carea' id='block_1_67' title="bbox 2070 3253 3641 3329">
    <p class='ocr_par' dir='ltr' id='par_1_67' title="bbox 2070 3253 3641 3329">
     <span class='ocr_line' id='line_1_67' title="bbox 2070 3253 3641 3329; baseline 0.007 -22"><span class='ocrx_word' id='word_1_444' title='bbox 2070 3256 2141 3329; x_wconf 58' lang='lat'>28</span> <span class='ocrx_word' id='word_1_445' title='bbox 2175 3253 2398 3329; x_wconf 52' lang='lat' dir='ltr'>‘0¢_7}dp</span> <span class='ocrx_word' id='word_1_446' title='bbox 2425 3253 2500 3327; x_wconf 67' lang='grc' dir='ltr'>δὴ</span> <span class='ocrx_word' id='word_1_447' title='bbox 2524 3253 2847 3329; x_wconf 52' lang='lat' dir='ltr'>aur-£67108,</span> <span class='ocrx_word' id='word_1_448' title='bbox 2872 3260 2969 3313; x_wconf 76' lang='grc' dir='ltr'>καὶ</span> <span class='ocrx_word' id='word_1_449' title='bbox 3000 3262 3079 3327; x_wconf 80' lang='grc' dir='ltr'>ἢν</span> <span class='ocrx_word' id='word_1_450' title='bbox 3095 3253 3381 3329; x_wconf 66' lang='grc' dir='ltr'>ἐθέλῃσιν</span> <span class='ocrx_word' id='word_1_451' title='bbox 3398 3253 3641 3317; x_wconf 41' lang='lat' dir='ltr'><strong>eludes-‘2</strong></span> 
     </span>
    </p>
   </div>
   <div class='ocr_carea' id='block_1_68' title="bbox 2070 3326 3646 3401">
    <p class='ocr_par' dir='ltr' id='par_1_68' title="bbox 2070 3326 3646 3401">
     <span class='ocr_line' id='line_1_68' title="bbox 2070 3326 3646 3401; baseline 0.006 -22"><span class='ocrx_word' id='word_1_452' title='bbox 2070 3326 2141 3382; x_wconf 74' lang='lat'>29</span> <span class='ocrx_word' id='word_1_453' title='bbox 2162 3330 2232 3380; x_wconf 78' lang='lat' dir='ltr'>El</span> <span class='ocrx_word' id='word_1_454' title='bbox 2253 3327 2322 3380; x_wconf 80' lang='grc' dir='ltr'>δὲ</span> <span class='ocrx_word' id='word_1_455' title='bbox 2345 3326 2508 3397; x_wconf 80' lang='grc' dir='ltr'>Θεὸς,</span> <span class='ocrx_word' id='word_1_456' title='bbox 2528 3328 2653 3395; x_wconf 83' lang='grc' dir='ltr'>πῶς</span> <span class='ocrx_word' id='word_1_457' title='bbox 2680 3328 2915 3398; x_wconf 80' lang='grc' dir='ltr'>πρῶτον</span> <span class='ocrx_word' id='word_1_458' title='bbox 2940 3330 2975 3383; x_wconf 85' lang='grc' dir='ltr'><em>ὅ</em></span> <span class='ocrx_word' id='word_1_459' title='bbox 2987 3326 3089 3401; x_wconf 72' lang='grc' dir='ltr'>μοι</span> <span class='ocrx_word' id='word_1_460' title='bbox 3109 3326 3646 3399; x_wconf 57' lang='grc' dir='ltr'>Θεὸτῖέξετίναξεη</span> 
     </span>
    </p>
   </div>
   <div class='ocr_carea' id='block_1_69' title="bbox 461 3476 3653 3537">
    <p class='ocr_par' dir='ltr' id='par_1_69' title="bbox 461 3476 3653 3537">
     <span class='ocr_line' id='line_1_69' title="bbox 461 3476 3653 3537; baseline -0.001 -4"><span class='ocrx_word' id='word_1_461' title='bbox 461 3476 712 3537; x_wconf 81' lang='lat' dir='ltr'><strong>Christus</strong></span> <span class='ocrx_word' id='word_1_462' title='bbox 743 3482 919 3537; x_wconf 81' lang='lat' dir='ltr'><strong>fessus</strong></span> <span class='ocrx_word' id='word_1_463' title='bbox 957 3481 1147 3536; x_wconf 88' lang='lat' dir='ltr'><strong>itinere</strong></span> <span class='ocrx_word' id='word_1_464' title='bbox 1178 3481 1243 3535; x_wconf 85' lang='lat' dir='ltr'>ad</span> <span class='ocrx_word' id='word_1_465' title='bbox 1288 3479 1487 3535; x_wconf 80' lang='lat' dir='ltr'><strong>fontem</strong></span> <span class='ocrx_word' id='word_1_466' title='bbox 1523 3480 1577 3533; x_wconf 92' lang='lat' dir='ltr'>in</span> <span class='ocrx_word' id='word_1_467' title='bbox 1605 3478 1822 3535; x_wconf 88' lang='lat' dir='ltr'><strong>Sichem</strong></span> <span class='ocrx_word' id='word_1_468' title='bbox 1859 3478 2110 3533; x_wconf 90' lang='lat' dir='ltr'><strong>consedit</strong></span> <span class='ocrx_word' id='word_1_469' title='bbox 2141 3488 2195 3531; x_wconf 92' lang='lat' dir='ltr'>et</span> <span class='ocrx_word' id='word_1_470' title='bbox 2234 3494 2360 3531; x_wconf 89' lang='lat' dir='ltr'>cum</span> <span class='ocrx_word' id='word_1_471' title='bbox 2389 3478 2617 3531; x_wconf 85' lang='lat' dir='ltr'>muliere</span> <span class='ocrx_word' id='word_1_472' title='bbox 2653 3478 3000 3533; x_wconf 81' lang='lat' dir='ltr'><strong>Samaritana</strong></span> <span class='ocrx_word' id='word_1_473' title='bbox 3040 3478 3257 3533; x_wconf 86' lang='lat' dir='ltr'><strong>locutus</strong></span> <span class='ocrx_word' id='word_1_474' title='bbox 3301 3488 3406 3534; x_wconf 90' lang='lat' dir='ltr'><strong>est.</strong></span> <span class='ocrx_word' id='word_1_475' title='bbox 3437 3478 3574 3534; x_wconf 86' lang='lat' dir='ltr'>Cum</span> <span class='ocrx_word' id='word_1_476' title='bbox 3604 3480 3653 3533; x_wconf 87' lang='lat' dir='ltr'>ei</span> 
     </span>
    </p>
   </div>
   <div class='ocr_carea' id='block_1_70' title="bbox 389 3547 3656 3622">
    <p class='ocr_par' dir='ltr' id='par_1_70' title="bbox 389 3547 3656 3622">
     <span class='ocr_line' id='line_1_70' title="bbox 389 3547 3656 3622; baseline -0 -21"><span class='ocrx_word' id='word_1_477' title='bbox 389 3552 574 3604; x_wconf 83' lang='lat' dir='ltr'><strong>omnia</strong></span> <span class='ocrx_word' id='word_1_478' title='bbox 605 3568 726 3622; x_wconf 72' lang='lat' dir='ltr'><strong>quae</strong></span> <span class='ocrx_word' id='word_1_479' title='bbox 757 3553 873 3620; x_wconf 90' lang='lat' dir='ltr'><strong>ipsa</strong></span> <span class='ocrx_word' id='word_1_480' title='bbox 908 3552 1109 3606; x_wconf 83' lang='lat' dir='ltr'><strong>fecerat</strong></span> <span class='ocrx_word' id='word_1_481' title='bbox 1128 3551 1466 3622; x_wconf 62' lang='lat' dir='ltr'><strong>revelasset,</strong></span> <span class='ocrx_word' id='word_1_482' title='bbox 1499 3552 1692 3622; x_wconf 67' lang='lat' dir='ltr'><strong>mulier</strong></span> <span class='ocrx_word' id='word_1_483' title='bbox 1730 3551 1942 3622; x_wconf 77' lang='lat' dir='ltr'><strong>civilius</strong></span> <span class='ocrx_word' id='word_1_484' title='bbox 1969 3551 2084 3622; x_wconf 86' lang='lat' dir='ltr'><strong>suis</strong></span> <span class='ocrx_word' id='word_1_485' title='bbox 2110 3547 2389 3622; x_wconf 80' lang='lat' dir='ltr'><strong>Christum</strong></span> <span class='ocrx_word' id='word_1_486' title='bbox 2430 3563 2599 3622; x_wconf 81' lang='lat' dir='ltr'><strong>prope</strong></span> <span class='ocrx_word' id='word_1_487' title='bbox 2627 3564 2749 3603; x_wconf 89' lang='lat' dir='ltr'><strong>esse</strong></span> <span class='ocrx_word' id='word_1_488' title='bbox 2790 3551 3041 3622; x_wconf 85' lang='lat' dir='ltr'><strong>nuntium</strong></span> <span class='ocrx_word' id='word_1_489' title='bbox 3071 3550 3271 3603; x_wconf 85' lang='lat' dir='ltr'><strong>attulit.</strong></span> <span class='ocrx_word' id='word_1_490' title='bbox 3303 3549 3422 3615; x_wconf 89' lang='lat' dir='ltr'><strong>Quo</strong></span> <span class='ocrx_word' id='word_1_491' title='bbox 3466 3550 3656 3622; x_wconf 84' lang='lat' dir='ltr'><strong>audito</strong></span> 
     </span>
    </p>
   </div>
   <div class='ocr_carea' id='block_1_71' title="bbox 389 3619 3657 3691">
    <p class='ocr_par' dir='ltr' id='par_1_71' title="bbox 389 3619 3657 3691">
     <span class='ocr_line' id='line_1_71' title="bbox 389 3619 3657 3691; baseline 0 -19"><span class='ocrx_word' id='word_1_492' title='bbox 389 3636 515 3691; x_wconf 85' lang='lat' dir='ltr'>cum</span> <span class='ocrx_word' id='word_1_493' title='bbox 549 3619 790 3677; x_wconf 28' lang='lat' dir='ltr'><strong>ad&#39;eum’</strong></span> <span class='ocrx_word' id='word_1_494' title='bbox 814 3622 1093 3675; x_wconf 82' lang='lat' dir='ltr'><strong>venissent</strong></span> <span class='ocrx_word' id='word_1_495' title='bbox 1127 3620 1475 3690; x_wconf 78' lang='lat' dir='ltr'><strong>Evangelium</strong></span> <span class='ocrx_word' id='word_1_496' title='bbox 1502 3620 1569 3674; x_wconf 93' lang='lat' dir='ltr'>iis</span> <span class='ocrx_word' id='word_1_497' title='bbox 1608 3619 1797 3691; x_wconf 80' lang='lat' dir='ltr'><strong>Regni</strong></span> <span class='ocrx_word' id='word_1_498' title='bbox 1823 3619 2188 3691; x_wconf 85' lang='lat' dir='ltr'><strong>annuntiavit,</strong></span> <span class='ocrx_word' id='word_1_499' title='bbox 2233 3620 2399 3691; x_wconf 74' lang='lat' dir='ltr'><strong>pedes</strong></span> <span class='ocrx_word' id='word_1_500' title='bbox 2429 3620 2758 3691; x_wconf 78' lang='lat' dir='ltr'><strong>debilitatos</strong></span> <span class='ocrx_word' id='word_1_501' title='bbox 2792 3620 3046 3684; x_wconf 84' lang='lat' dir='ltr'><strong>lirmavit,</strong></span> <span class='ocrx_word' id='word_1_502' title='bbox 3077 3634 3286 3691; x_wconf 81' lang='lat' dir='ltr'><strong>manus</strong></span> <span class='ocrx_word' id='word_1_503' title='bbox 3327 3620 3657 3691; x_wconf 77' lang='lat' dir='ltr'><strong>paralyticas</strong></span> 
     </span>
    </p>
   </div>
   <div class='ocr_carea' id='block_1_72' title="bbox 388 3689 3133 3759">
    <p class='ocr_par' dir='ltr' id='par_1_72' title="bbox 388 3689 3133 3759">
     <span class='ocr_line' id='line_1_72' title="bbox 388 3689 3133 3759; baseline -0.001 -16"><span class='ocrx_word' id='word_1_504' title='bbox 388 3690 646 3755; x_wconf 84' lang='lat' dir='ltr'><strong>restituit,</strong></span> <span class='ocrx_word' id='word_1_505' title='bbox 688 3693 1057 3746; x_wconf 86' lang='lat' dir='ltr'><strong>membrorum</strong></span> <span class='ocrx_word' id='word_1_506' title='bbox 1088 3689 1357 3759; x_wconf 86' lang='lat' dir='ltr'><strong>torporem</strong></span> <span class='ocrx_word' id='word_1_507' title='bbox 1383 3692 1609 3754; x_wconf 85' lang='lat' dir='ltr'><strong>amovit,</strong></span> <span class='ocrx_word' id='word_1_508' title='bbox 1645 3690 1869 3745; x_wconf 87' lang='lat' dir='ltr'><strong>claudos</strong></span> <span class='ocrx_word' id='word_1_509' title='bbox 1906 3690 2101 3751; x_wconf 75' lang='lat' dir='ltr'><strong>erexit,</strong></span> <span class='ocrx_word' id='word_1_510' title='bbox 2129 3704 2345 3743; x_wconf 89' lang='lat' dir='ltr'><strong>omnem</strong></span> <span class='ocrx_word' id='word_1_511' title='bbox 2369 3689 2603 3757; x_wconf 90' lang='lat' dir='ltr'><strong>denique</strong></span> <span class='ocrx_word' id='word_1_512' title='bbox 2626 3689 2875 3742; x_wconf 89' lang='lat' dir='ltr'><strong>morbum</strong></span> <span class='ocrx_word' id='word_1_513' title='bbox 2902 3689 3133 3743; x_wconf 83' lang='lat' dir='ltr'><strong>sanavit.</strong></span> 
     </span>
    </p>
   </div>
   <div class='ocr_carea' id='block_1_73' title="bbox 460 3778 3654 3851">
    <p class='ocr_par' dir='ltr' id='par_1_73' title="bbox 460 3778 3654 3851">
     <span class='ocr_line' id='line_1_73' title="bbox 460 3778 3654 3851; baseline 0.001 -18"><span class='ocrx_word' id='word_1_514' title='bbox 460 3780 710 3836; x_wconf 85' lang='lat' dir='ltr'><strong>Christus</strong></span> <span class='ocrx_word' id='word_1_515' title='bbox 732 3798 854 3836; x_wconf 87' lang='lat' dir='ltr'>cum</span> <span class='ocrx_word' id='word_1_516' title='bbox 882 3782 934 3835; x_wconf 92' lang='lat' dir='ltr'>in</span> <span class='ocrx_word' id='word_1_517' title='bbox 954 3796 1020 3835; x_wconf 94' lang='lat' dir='ltr'>eo</span> <span class='ocrx_word' id='word_1_518' title='bbox 1040 3791 1186 3837; x_wconf 87' lang='lat' dir='ltr'><strong>esset</strong></span> <span class='ocrx_word' id='word_1_519' title='bbox 1212 3790 1269 3835; x_wconf 93' lang='lat' dir='ltr'>ut</span> <span class='ocrx_word' id='word_1_520' title='bbox 1286 3782 1432 3851; x_wconf 83' lang='lat' dir='ltr'><strong>cruci</strong></span> <span class='ocrx_word' id='word_1_521' title='bbox 1449 3780 1774 3851; x_wconf 73' lang='lat' dir='ltr'><strong>aiiigeretur,</strong></span> <span class='ocrx_word' id='word_1_522' title='bbox 1808 3781 1911 3835; x_wconf 91' lang='lat' dir='ltr'>hoc</span> <span class='ocrx_word' id='word_1_523' title='bbox 1940 3779 2103 3851; x_wconf 87' lang='lat' dir='ltr'><strong>modo</strong></span> <span class='ocrx_word' id='word_1_524' title='bbox 2122 3790 2375 3851; x_wconf 88' lang='lat' dir='ltr'><strong>precatus</strong></span> <span class='ocrx_word' id='word_1_525' title='bbox 2407 3790 2490 3834; x_wconf 90' lang='lat' dir='ltr'>cst</span> <span class='ocrx_word' id='word_1_526' title='bbox 2526 3797 2541 3833; x_wconf 86' lang='lat'><strong>:</strong></span> <span class='ocrx_word' id='word_1_527' title='bbox 2575 3778 2753 3847; x_wconf 84' lang='lat' dir='ltr'><strong>Pater,</strong></span> <span class='ocrx_word' id='word_1_528' title='bbox 2773 3791 3004 3851; x_wconf 69' lang='lat' dir='ltr'><strong>transeat</strong></span> <span class='ocrx_word' id='word_1_529' title='bbox 3028 3798 3060 3834; x_wconf 93' lang='lat' dir='ltr'>a</span> <span class='ocrx_word' id='word_1_530' title='bbox 3078 3798 3157 3836; x_wconf 80' lang='lat' dir='ltr'>me</span> <span class='ocrx_word' id='word_1_531' title='bbox 3173 3782 3447 3838; x_wconf 69' lang='lat' dir='ltr'><strong>calixiste.</strong></span> <span class='ocrx_word' id='word_1_532' title='bbox 3467 3782 3654 3837; x_wconf 83' lang='lat' dir='ltr'><strong>Verum</strong></span> 
     </span>
    </p>
   </div>
   <div class='ocr_carea' id='block_1_74' title="bbox 387 3850 3681 3923">
    <p class='ocr_par' dir='ltr' id='par_1_74' title="bbox 387 3850 3681 3923">
     <span class='ocr_line' id='line_1_74' title="bbox 387 3850 3681 3923; baseline 0 -20"><span class='ocrx_word' id='word_1_533' title='bbox 387 3865 493 3903; x_wconf 84' lang='lat' dir='ltr'>non</span> <span class='ocrx_word' id='word_1_534' title='bbox 526 3861 583 3904; x_wconf 83' lang='lat' dir='ltr'>ut</span> <span class='ocrx_word' id='word_1_535' title='bbox 616 3868 708 3921; x_wconf 81' lang='lat' dir='ltr'><strong>ego</strong></span> <span class='ocrx_word' id='word_1_536' title='bbox 734 3851 998 3908; x_wconf 51' lang='lat' dir='ltr'><strong>octonm!</strong></span> <span class='ocrx_word' id='word_1_537' title='bbox 1029 3853 1165 3905; x_wconf 79' lang='lat' dir='ltr'><strong>sicut</strong></span> <span class='ocrx_word' id='word_1_538' title='bbox 1193 3860 1269 3904; x_wconf 77' lang='lat' dir='ltr'>tu.</span> <span class='ocrx_word' id='word_1_539' title='bbox 1300 3850 1490 3906; x_wconf 88' lang='lat' dir='ltr'><strong>Oravit</strong></span> <span class='ocrx_word' id='word_1_540' title='bbox 1514 3850 1573 3904; x_wconf 88' lang='lat' dir='ltr'>ut</span> <span class='ocrx_word' id='word_1_541' title='bbox 1600 3852 1787 3915; x_wconf 88' lang='lat' dir='ltr'><strong>homo,</strong></span> <span class='ocrx_word' id='word_1_542' title='bbox 1830 3860 1889 3904; x_wconf 92' lang='lat' dir='ltr'>ut</span> <span class='ocrx_word' id='word_1_543' title='bbox 1933 3850 2183 3905; x_wconf 82' lang='lat' dir='ltr'><strong>Christus</strong></span> <span class='ocrx_word' id='word_1_544' title='bbox 2227 3858 2280 3903; x_wconf 92' lang='lat' dir='ltr'>et</span> <span class='ocrx_word' id='word_1_545' title='bbox 2315 3850 2457 3905; x_wconf 83' lang='lat' dir='ltr'><strong>Deus</strong></span> <span class='ocrx_word' id='word_1_546' title='bbox 2515 3858 2697 3905; x_wconf 90' lang='lat' dir='ltr'><strong>autem</strong></span> <span class='ocrx_word' id='word_1_547' title='bbox 2746 3850 3089 3905; x_wconf 77' lang='lat' dir='ltr'><strong>inﬁrmorum</strong></span> <span class='ocrx_word' id='word_1_548' title='bbox 3129 3868 3318 3923; x_wconf 87' lang='lat' dir='ltr'><strong>preces</strong></span> <span class='ocrx_word' id='word_1_549' title='bbox 3351 3855 3681 3910; x_wconf 79' lang='lat' dir='ltr'><strong>exaudivit..</strong></span> 
     </span>
    </p>
   </div>
   <div class='ocr_carea' id='block_1_75' title="bbox 454 3942 3656 4017">
    <p class='ocr_par' dir='ltr' id='par_1_75' title="bbox 454 3942 3656 4017">
     <span class='ocr_line' id='line_1_75' title="bbox 454 3942 3656 4017; baseline 0.002 -21"><span class='ocrx_word' id='word_1_550' title='bbox 454 3942 706 4000; x_wconf 82' lang='lat' dir='ltr'><strong>Christus</strong></span> <span class='ocrx_word' id='word_1_551' title='bbox 747 3946 965 4017; x_wconf 80' lang='lat' dir='ltr'><strong>victima</strong></span> <span class='ocrx_word' id='word_1_552' title='bbox 998 3954 1051 4000; x_wconf 91' lang='lat' dir='ltr'>et</span> <span class='ocrx_word' id='word_1_553' title='bbox 1082 3962 1331 4001; x_wconf 88' lang='lat' dir='ltr'><strong>summus</strong></span> <span class='ocrx_word' id='word_1_554' title='bbox 1363 3946 1619 4001; x_wconf 82' lang='lat' dir='ltr'><strong>sacerdos</strong></span> <span class='ocrx_word' id='word_1_555' title='bbox 1655 3946 1975 4017; x_wconf 79' lang='lat' dir='ltr'><strong>sanguinem</strong></span> <span class='ocrx_word' id='word_1_556' title='bbox 2009 3960 2170 3999; x_wconf 91' lang='lat' dir='ltr'><strong>suum</strong></span> <span class='ocrx_word' id='word_1_557' title='bbox 2211 3945 2329 4017; x_wconf 86' lang='lat' dir='ltr'>Deo</span> <span class='ocrx_word' id='word_1_558' title='bbox 2355 3946 2573 4008; x_wconf 88' lang='lat' dir='ltr'><strong>obtulit,</strong></span> <span class='ocrx_word' id='word_1_559' title='bbox 2619 3947 2883 4001; x_wconf 90' lang='lat' dir='ltr'><strong>mundum</strong></span> <span class='ocrx_word' id='word_1_560' title='bbox 2928 3948 3219 4017; x_wconf 77' lang='lat' dir='ltr'><strong>purgavit;</strong></span> <span class='ocrx_word' id='word_1_561' title='bbox 3262 3948 3415 4002; x_wconf 89' lang='lat' dir='ltr'><strong>cruci</strong></span> <span class='ocrx_word' id='word_1_562' title='bbox 3464 3948 3656 4003; x_wconf 80' lang='lat' dir='ltr'><strong>aﬂixus</strong></span> 
     </span>
    </p>
   </div>
   <div class='ocr_carea' id='block_1_76' title="bbox 390 4016 3653 4085">
    <p class='ocr_par' dir='ltr' id='par_1_76' title="bbox 390 4016 3653 4085">
     <span class='ocr_line' id='line_1_76' title="bbox 390 4016 3653 4085; baseline 0.002 -19"><span class='ocrx_word' id='word_1_563' title='bbox 390 4024 671 4084; x_wconf 87' lang='lat' dir='ltr'><strong>peccatum</strong></span> <span class='ocrx_word' id='word_1_564' title='bbox 710 4031 815 4085; x_wconf 89' lang='lat' dir='ltr'>una</span> <span class='ocrx_word' id='word_1_565' title='bbox 849 4016 1053 4081; x_wconf 83' lang='lat' dir='ltr'><strong>aﬂixit;</strong></span> <span class='ocrx_word' id='word_1_566' title='bbox 1091 4032 1214 4070; x_wconf 91' lang='lat' dir='ltr'>cum</span> <span class='ocrx_word' id='word_1_567' title='bbox 1244 4018 1476 4071; x_wconf 89' lang='lat' dir='ltr'><strong>mortuis</strong></span> <span class='ocrx_word' id='word_1_568' title='bbox 1524 4016 1793 4085; x_wconf 85' lang='lat' dir='ltr'><strong>sepultus,</strong></span> <span class='ocrx_word' id='word_1_569' title='bbox 1835 4026 2080 4075; x_wconf 85' lang='lat' dir='ltr'><strong>mortuos</strong></span> <span class='ocrx_word' id='word_1_570' title='bbox 2125 4016 2519 4072; x_wconf 88' lang='lat' dir='ltr'><strong>resuscitavit:</strong></span> <span class='ocrx_word' id='word_1_571' title='bbox 2565 4016 2701 4072; x_wconf 89' lang='lat' dir='ltr'><strong>illud</strong></span> <span class='ocrx_word' id='word_1_572' title='bbox 2741 4017 2947 4083; x_wconf 82' lang='lat' dir='ltr'><strong>carnis,</strong></span> <span class='ocrx_word' id='word_1_573' title='bbox 2986 4016 3090 4073; x_wconf 82' lang='lat' dir='ltr'>hoc</span> <span class='ocrx_word' id='word_1_574' title='bbox 3135 4018 3353 4074; x_wconf 84' lang='lat' dir='ltr'><strong>deitatis</strong></span> <span class='ocrx_word' id='word_1_575' title='bbox 3382 4028 3485 4075; x_wconf 85' lang='lat' dir='ltr'><strong>est.</strong></span> <span class='ocrx_word' id='word_1_576' title='bbox 3529 4019 3653 4074; x_wconf 87' lang='lat' dir='ltr'><strong>Noli</strong></span> 
     </span>
    </p>
   </div>
   <div class='ocr_carea' id='block_1_77' title="bbox 389 4084 2469 4158">
    <p class='ocr_par' dir='ltr' id='par_1_77' title="bbox 389 4084 2469 4158">
     <span class='ocr_line' id='line_1_77' title="bbox 389 4084 2469 4158; baseline 0.001 -21"><span class='ocrx_word' id='word_1_577' title='bbox 389 4099 541 4152; x_wconf 70' lang='lat' dir='ltr'><strong>ergo,</strong></span> <span class='ocrx_word' id='word_1_578' title='bbox 569 4086 698 4139; x_wconf 87' lang='lat' dir='ltr'><strong>dicit</strong></span> <span class='ocrx_word' id='word_1_579' title='bbox 727 4084 1043 4158; x_wconf 79' lang='lat' dir='ltr'><strong>Gregorius,</strong></span> <span class='ocrx_word' id='word_1_580' title='bbox 1072 4086 1422 4157; x_wconf 88' lang='lat' dir='ltr'><strong>passiouibus</strong></span> <span class='ocrx_word' id='word_1_581' title='bbox 1447 4086 1704 4141; x_wconf 88' lang='lat' dir='ltr'><strong>humanis</strong></span> <span class='ocrx_word' id='word_1_582' title='bbox 1729 4084 1935 4141; x_wconf 87' lang='lat' dir='ltr'><strong>Christi</strong></span> <span class='ocrx_word' id='word_1_583' title='bbox 1961 4085 2149 4140; x_wconf 87' lang='lat' dir='ltr'><strong>deitati</strong></span> <span class='ocrx_word' id='word_1_584' title='bbox 2185 4086 2469 4140; x_wconf 87' lang='lat' dir='ltr'><strong>insultare.</strong></span> 
     </span>
    </p>
   </div>
   <div class='ocr_carea' id='block_1_78' title="bbox 1560 4221 2469 4293">
    <p class='ocr_par' dir='ltr' id='par_1_78' title="bbox 1560 4221 2469 4293">
     <span class='ocr_line' id='line_1_78' title="bbox 1560 4221 2469 4293; baseline 0 -16"><span class='ocrx_word' id='word_1_585' title='bbox 1560 4221 1785 4277; x_wconf 84' lang='lat' dir='ltr'><strong>Carmen</strong></span> <span class='ocrx_word' id='word_1_586' title='bbox 1815 4221 1881 4275; x_wconf 89' lang='lat' dir='ltr'><strong>L.</strong></span> <span class='ocrx_word' id='word_1_587' title='bbox 1913 4221 1990 4276; x_wconf 86' lang='lat' dir='ltr'>De</span> <span class='ocrx_word' id='word_1_588' title='bbox 2027 4221 2234 4293; x_wconf 77' lang='lat' dir='ltr'><strong>Spiritu</strong></span> <span class='ocrx_word' id='word_1_589' title='bbox 2262 4232 2469 4277; x_wconf 79' lang='lat' dir='ltr'><strong>sancto.</strong></span> 
     </span>
    </p>
   </div>
   <div class='ocr_carea' id='block_1_79' title="bbox 467 4311 3657 4386">
    <p class='ocr_par' dir='ltr' id='par_1_79' title="bbox 467 4311 3657 4386">
     <span class='ocr_line' id='line_1_79' title="bbox 467 4311 3657 4386; baseline 0.001 -20"><span class='ocrx_word' id='word_1_590' title='bbox 467 4311 864 4386; x_wconf 78' lang='lat' dir='ltr'><strong>Consummato</strong></span> <span class='ocrx_word' id='word_1_591' title='bbox 890 4314 1277 4386; x_wconf 71' lang='lat' dir='ltr'><strong>redemptionis</strong></span> <span class='ocrx_word' id='word_1_592' title='bbox 1308 4323 1509 4371; x_wconf 75' lang='lat' dir='ltr'><strong>nostrae</strong></span> <span class='ocrx_word' id='word_1_593' title='bbox 1545 4330 1708 4386; x_wconf 83' lang='lat' dir='ltr'><strong>opere</strong></span> <span class='ocrx_word' id='word_1_594' title='bbox 1736 4330 1860 4369; x_wconf 91' lang='lat' dir='ltr'>cum</span> <span class='ocrx_word' id='word_1_595' title='bbox 1888 4314 2142 4386; x_wconf 88' lang='lat' dir='ltr'><strong>Christus</strong></span> <span class='ocrx_word' id='word_1_596' title='bbox 2170 4317 2226 4371; x_wconf 92' lang='lat' dir='ltr'>in</span> <span class='ocrx_word' id='word_1_597' title='bbox 2250 4315 2447 4370; x_wconf 86' lang='lat' dir='ltr'><strong>coelum</strong></span> <span class='ocrx_word' id='word_1_598' title='bbox 2482 4312 2839 4386; x_wconf 84' lang='lat' dir='ltr'><strong>ascendisset,</strong></span> <span class='ocrx_word' id='word_1_599' title='bbox 2882 4311 3147 4383; x_wconf 88' lang='lat' dir='ltr'><strong>Spiritum</strong></span> <span class='ocrx_word' id='word_1_600' title='bbox 3195 4322 3471 4375; x_wconf 87' lang='lat' dir='ltr'><strong>sanctum,</strong></span> <span class='ocrx_word' id='word_1_601' title='bbox 3498 4312 3657 4386; x_wconf 83' lang='lat' dir='ltr'><strong>sicut</strong></span> 
     </span>
    </p>
   </div>
   <div class='ocr_carea' id='block_1_80' title="bbox 393 4383 3657 4455">
    <p class='ocr_par' dir='ltr' id='par_1_80' title="bbox 393 4383 3657 4455">
     <span class='ocr_line' id='line_1_80' title="bbox 393 4383 3657 4455; baseline 0.001 -20"><span class='ocrx_word' id='word_1_602' title='bbox 393 4383 743 4455; x_wconf 84' lang='lat' dir='ltr'><strong>promiserat,</strong></span> <span class='ocrx_word' id='word_1_603' title='bbox 791 4386 879 4438; x_wconf 90' lang='lat' dir='ltr'>die</span> <span class='ocrx_word' id='word_1_604' title='bbox 911 4383 1262 4440; x_wconf 84' lang='lat' dir='ltr'><strong>Pentecostes</strong></span> <span class='ocrx_word' id='word_1_605' title='bbox 1310 4402 1337 4439; x_wconf 90' lang='lat' dir='ltr'>a</span> <span class='ocrx_word' id='word_1_606' title='bbox 1385 4387 1543 4440; x_wconf 84' lang='lat' dir='ltr'><strong>Patre</strong></span> <span class='ocrx_word' id='word_1_607' title='bbox 1583 4383 1754 4439; x_wconf 76' lang='lat' dir='ltr'><strong>inisit.</strong></span> <span class='ocrx_word' id='word_1_608' title='bbox 1804 4386 1869 4439; x_wconf 81' lang='lat' dir='ltr'><strong>Et</strong></span> <span class='ocrx_word' id='word_1_609' title='bbox 1911 4385 2089 4441; x_wconf 78' lang='lat' dir='ltr'><strong>factos</strong></span> <span class='ocrx_word' id='word_1_610' title='bbox 2133 4396 2219 4442; x_wconf 89' lang='lat' dir='ltr'>est</span> <span class='ocrx_word' id='word_1_611' title='bbox 2264 4394 2485 4455; x_wconf 89' lang='lat' dir='ltr'><strong>repente</strong></span> <span class='ocrx_word' id='word_1_612' title='bbox 2513 4385 2580 4439; x_wconf 89' lang='lat' dir='ltr'>de</span> <span class='ocrx_word' id='word_1_613' title='bbox 2608 4385 2749 4439; x_wconf 76' lang='lat' dir='ltr'><strong>ctelo</strong></span> <span class='ocrx_word' id='word_1_614' title='bbox 2806 4399 2976 4455; x_wconf 88' lang='lat' dir='ltr'><strong>sonus</strong></span> <span class='ocrx_word' id='word_1_615' title='bbox 3015 4394 3272 4455; x_wconf 90' lang='lat' dir='ltr'><strong>tanquam</strong></span> <span class='ocrx_word' id='word_1_616' title='bbox 3317 4384 3657 4439; x_wconf 82' lang='lat' dir='ltr'><strong>advenientis</strong></span> 
     </span>
    </p>
   </div>
   <div class='ocr_carea' id='block_1_81' title="bbox 396 4454 3693 4525">
    <p class='ocr_par' dir='ltr' id='par_1_81' title="bbox 396 4454 3693 4525">
     <span class='ocr_line' id='line_1_81' title="bbox 396 4454 3693 4525; baseline 0.001 -20"><span class='ocrx_word' id='word_1_617' title='bbox 396 4454 623 4525; x_wconf 74' lang='lat' dir='ltr'><strong>spiritus</strong></span> <span class='ocrx_word' id='word_1_618' title='bbox 658 4455 1013 4525; x_wconf 82' lang='lat' dir='ltr'><strong>vehementis,</strong></span> <span class='ocrx_word' id='word_1_619' title='bbox 1048 4466 1100 4509; x_wconf 91' lang='lat' dir='ltr'>et</span> <span class='ocrx_word' id='word_1_620' title='bbox 1128 4456 1353 4524; x_wconf 88' lang='lat' dir='ltr'><strong>replevit</strong></span> <span class='ocrx_word' id='word_1_621' title='bbox 1370 4457 1593 4511; x_wconf 89' lang='lat' dir='ltr'><strong>domum</strong></span> <span class='ocrx_word' id='word_1_622' title='bbox 1623 4459 1713 4510; x_wconf 87' lang='lat' dir='ltr'>ubi</span> <span class='ocrx_word' id='word_1_623' title='bbox 1749 4465 1905 4509; x_wconf 89' lang='lat' dir='ltr'><strong>erant</strong></span> <span class='ocrx_word' id='word_1_624' title='bbox 1938 4456 2215 4512; x_wconf 89' lang='lat' dir='ltr'><strong>sedentes.</strong></span> <span class='ocrx_word' id='word_1_625' title='bbox 2250 4458 2315 4510; x_wconf 81' lang='lat' dir='ltr'><strong>Et</strong></span> <span class='ocrx_word' id='word_1_626' title='bbox 2330 4454 2712 4525; x_wconf 73' lang='lat' dir='ltr'><strong>apparuerunt</strong></span> <span class='ocrx_word' id='word_1_627' title='bbox 2736 4455 2804 4509; x_wconf 87' lang='lat' dir='ltr'>iis</span> <span class='ocrx_word' id='word_1_628' title='bbox 2839 4454 3137 4523; x_wconf 75' lang='lat' dir='ltr'><strong>dispertita:</strong></span> <span class='ocrx_word' id='word_1_629' title='bbox 3165 4454 3363 4525; x_wconf 67' lang='lat' dir='ltr'><strong>lingua:</strong></span> <span class='ocrx_word' id='word_1_630' title='bbox 3394 4466 3655 4523; x_wconf 88' lang='lat' dir='ltr'><strong>tanquam</strong></span> <span class='ocrx_word' id='word_1_631' title='bbox 3692 4456 3693 4459; x_wconf 65' lang='grc'><em>“</em></span> 
     </span>
    </p>
   </div>
   <div class='ocr_carea' id='block_1_82' title="bbox 398 4523 3697 4596">
    <p class='ocr_par' dir='ltr' id='par_1_82' title="bbox 398 4523 3697 4596">
     <span class='ocr_line' id='line_1_82' title="bbox 398 4523 3697 4596; baseline 0.001 -23"><span class='ocrx_word' id='word_1_632' title='bbox 398 4523 563 4596; x_wconf 77' lang='lat' dir='ltr'><strong>ignis,</strong></span> <span class='ocrx_word' id='word_1_633' title='bbox 596 4524 843 4596; x_wconf 61' lang='lat' dir='ltr'><strong>seditague</strong></span> <span class='ocrx_word' id='word_1_634' title='bbox 875 4540 1037 4595; x_wconf 89' lang='lat' dir='ltr'><strong>supra</strong></span> <span class='ocrx_word' id='word_1_635' title='bbox 1076 4523 1322 4595; x_wconf 78' lang='lat' dir='ltr'><strong>singulos</strong></span> <span class='ocrx_word' id='word_1_636' title='bbox 1351 4542 1564 4590; x_wconf 90' lang='lat' dir='ltr'><strong>eorum,</strong></span> <span class='ocrx_word' id='word_1_637' title='bbox 1596 4536 1650 4579; x_wconf 89' lang='lat' dir='ltr'>et</span> <span class='ocrx_word' id='word_1_638' title='bbox 1690 4526 2055 4594; x_wconf 85' lang='lat' dir='ltr'><strong>loquebantur</strong></span> <span class='ocrx_word' id='word_1_639' title='bbox 2101 4527 2300 4596; x_wconf 77' lang='lat' dir='ltr'><strong>linguis</strong></span> <span class='ocrx_word' id='word_1_640' title='bbox 2341 4523 2612 4595; x_wconf 76' lang='lat' dir='ltr'><strong>magnalia</strong></span> <span class='ocrx_word' id='word_1_641' title='bbox 2656 4524 2782 4596; x_wconf 81' lang='lat' dir='ltr'><strong>Dei.</strong></span> <span class='ocrx_word' id='word_1_642' title='bbox 2817 4526 3212 4596; x_wconf 69' lang='lat' dir='ltr'><strong>Erantautem</strong></span> <span class='ocrx_word' id='word_1_643' title='bbox 3261 4523 3657 4596; x_wconf 81' lang='lat' dir='ltr'><strong>Hierosolymis</strong></span> <span class='ocrx_word' id='word_1_644' title='bbox 3690 4536 3697 4545; x_wconf 88' lang='lat'><strong>&#39;</strong></span> 
     </span>
    </p>
   </div>
   <div class='ocr_carea' id='block_1_83' title="bbox 400 4592 3699 4669">
    <p class='ocr_par' dir='ltr' id='par_1_83' title="bbox 400 4592 3699 4669">
     <span class='ocr_line' id='line_1_83' title="bbox 400 4592 3699 4669; baseline 0.002 -27"><span class='ocrx_word' id='word_1_645' title='bbox 400 4594 857 4669; x_wconf 33' lang='lat' dir='ltr'><strong>v_i.ri_religiosiex</strong></span> <span class='ocrx_word' id='word_1_646' title='bbox 889 4592 1038 4649; x_wconf 86' lang='lat' dir='ltr'><strong>omni</strong></span> <span class='ocrx_word' id='word_1_647' title='bbox 1066 4592 1224 4666; x_wconf 73' lang='lat' dir='ltr'><strong>genie</strong></span> <span class='ocrx_word' id='word_1_648' title='bbox 1261 4597 1355 4666; x_wconf 90' lang='lat' dir='ltr'>qui</span> <span class='ocrx_word' id='word_1_649' title='bbox 1386 4597 1669 4651; x_wconf 82' lang='lat' dir='ltr'><strong>audientes</strong></span> <span class='ocrx_word' id='word_1_650' title='bbox 1702 4592 2075 4666; x_wconf 76' lang='lat' dir='ltr'><strong>glerilicabant</strong></span> <span class='ocrx_word' id='word_1_651' title='bbox 2106 4592 2278 4651; x_wconf 74' lang='lat' dir='ltr'><strong>Deum</strong></span> <span class='ocrx_word' id='word_1_652' title='bbox 2310 4607 2364 4651; x_wconf 90' lang='lat' dir='ltr'>et</span> <span class='ocrx_word' id='word_1_653' title='bbox 2397 4592 2749 4651; x_wconf 73' lang='lat' dir='ltr'><strong>crediderunt</strong></span> <span class='ocrx_word' id='word_1_654' title='bbox 2772 4595 2828 4649; x_wconf 93' lang='lat' dir='ltr'>in</span> <span class='ocrx_word' id='word_1_655' title='bbox 2861 4593 3151 4649; x_wconf 88' lang='lat' dir='ltr'><strong>Dominum</strong></span> <span class='ocrx_word' id='word_1_656' title='bbox 3194 4605 3442 4650; x_wconf 90' lang='lat' dir='ltr'><strong>nostrum</strong></span> <span class='ocrx_word' id='word_1_657' title='bbox 3467 4592 3653 4648; x_wconf 80' lang='lat' dir='ltr'><strong>Jesum</strong></span> <span class='ocrx_word' id='word_1_658' title='bbox 3696 4664 3699 4669; x_wconf 28' lang='grc' dir='ltr'>ι</span> 
     </span>
    </p>
   </div>
   <div class='ocr_carea' id='block_1_84' title="bbox 398 4662 699 4716">
    <p class='ocr_par' dir='ltr' id='par_1_84' title="bbox 398 4662 699 4716">
     <span class='ocr_line' id='line_1_84' title="bbox 398 4662 699 4716; baseline 0.01 -3"><span class='ocrx_word' id='word_1_659' title='bbox 398 4662 699 4716; x_wconf 82' lang='lat' dir='ltr'><strong>Christum.</strong></span> 
     </span>
    </p>
   </div>
   <div class='ocr_carea' id='block_1_85' title="bbox 465 4752 3651 4829">
    <p class='ocr_par' dir='ltr' id='par_1_85' title="bbox 465 4752 3651 4829">
     <span class='ocr_line' id='line_1_85' title="bbox 465 4752 3651 4829; baseline 0 -23"><span class='ocrx_word' id='word_1_660' title='bbox 465 4752 778 4829; x_wconf 76' lang='lat' dir='ltr'><strong>Postquam</strong></span> <span class='ocrx_word' id='word_1_661' title='bbox 808 4754 952 4829; x_wconf 84' lang='lat' dir='ltr'><strong>Deus</strong></span> <span class='ocrx_word' id='word_1_662' title='bbox 1000 4755 1266 4811; x_wconf 85' lang='lat' dir='ltr'><strong>Adamum</strong></span> <span class='ocrx_word' id='word_1_663' title='bbox 1302 4773 1333 4811; x_wconf 95' lang='lat' dir='ltr'>e</span> <span class='ocrx_word' id='word_1_664' title='bbox 1385 4757 1517 4811; x_wconf 91' lang='lat' dir='ltr'><strong>limo</strong></span> <span class='ocrx_word' id='word_1_665' title='bbox 1566 4766 1807 4812; x_wconf 85' lang='lat' dir='ltr'><strong>creasset</strong></span> <span class='ocrx_word' id='word_1_666' title='bbox 1853 4757 2013 4826; x_wconf 87' lang='lat' dir='ltr'><strong>eique</strong></span> <span class='ocrx_word' id='word_1_667' title='bbox 2040 4758 2395 4829; x_wconf 15' lang='lat' dir='ltr'><strong>iinspirasset</strong></span> <span class='ocrx_word' id='word_1_668' title='bbox 2443 4756 2777 4829; x_wconf 56' lang='lat' dir='ltr'><strong>spiraculum</strong></span> <span class='ocrx_word' id='word_1_669' title='bbox 2810 4756 3077 4829; x_wconf 45' lang='lat' dir='ltr'><strong>vitain</strong></span> <span class='ocrx_word' id='word_1_670' title='bbox 3128 4757 3387 4813; x_wconf 85' lang='lat' dir='ltr'><strong>exstasim</strong></span> <span class='ocrx_word' id='word_1_671' title='bbox 3422 4770 3555 4829; x_wconf 74' lang='lat' dir='ltr'>eum</span> <span class='ocrx_word' id='word_1_672' title='bbox 3598 4761 3651 4810; x_wconf 87' lang='lat' dir='ltr'>et</span> 
     </span>
    </p>
   </div>
   <div class='ocr_carea' id='block_1_86' title="bbox 324 4824 3701 4897">
    <p class='ocr_par' dir='ltr' id='par_1_86' title="bbox 324 4824 3701 4897">
     <span class='ocr_line' id='line_1_86' title="bbox 324 4824 3701 4897; baseline 0 -19"><span class='ocrx_word' id='word_1_673' title='bbox 324 4838 333 4847; x_wconf 87' lang='lat'>&#39;</span> <span class='ocrx_word' id='word_1_674' title='bbox 399 4838 655 4897; x_wconf 81' lang='lat' dir='ltr'><strong>somnum</strong></span> <span class='ocrx_word' id='word_1_675' title='bbox 691 4824 903 4897; x_wconf 67' lang='lat' dir='ltr'><strong>induxit</strong></span> <span class='ocrx_word' id='word_1_676' title='bbox 935 4837 989 4881; x_wconf 85' lang='lat' dir='ltr'>et</span> <span class='ocrx_word' id='word_1_677' title='bbox 1015 4842 1077 4880; x_wconf 82' lang='lat' dir='ltr'><strong>ex</strong></span> <span class='ocrx_word' id='word_1_678' title='bbox 1110 4838 1260 4881; x_wconf 82' lang='lat' dir='ltr'><strong>costa</strong></span> <span class='ocrx_word' id='word_1_679' title='bbox 1290 4844 1353 4881; x_wconf 80' lang='lat' dir='ltr'><strong>ex</strong></span> <span class='ocrx_word' id='word_1_680' title='bbox 1383 4843 1608 4897; x_wconf 90' lang='lat' dir='ltr'><strong>corpore</strong></span> <span class='ocrx_word' id='word_1_681' title='bbox 1628 4829 1746 4896; x_wconf 85' lang='lat' dir='ltr'><strong>ejus</strong></span> <span class='ocrx_word' id='word_1_682' title='bbox 1783 4824 1996 4897; x_wconf 85' lang='lat' dir='ltr'><strong>sumpta</strong></span> <span class='ocrx_word' id='word_1_683' title='bbox 2029 4824 2287 4883; x_wconf 72' lang='lat' dir='ltr'><strong>formavit</strong></span> <span class='ocrx_word' id='word_1_684' title='bbox 2314 4824 2500 4880; x_wconf 34' lang='lat' dir='ltr'><strong>Evam’.</strong></span> <span class='ocrx_word' id='word_1_685' title='bbox 2534 4827 2611 4881; x_wconf 69' lang='lat' dir='ltr'>Ex</span> <span class='ocrx_word' id='word_1_686' title='bbox 2631 4827 2824 4881; x_wconf 82' lang='lat' dir='ltr'><strong>Adami</strong></span> <span class='ocrx_word' id='word_1_687' title='bbox 2856 4840 2981 4897; x_wconf 85' lang='lat' dir='ltr'>eum</span> <span class='ocrx_word' id='word_1_688' title='bbox 3012 4826 3121 4880; x_wconf 86' lang='lat' dir='ltr'><strong>Eva</strong></span> <span class='ocrx_word' id='word_1_689' title='bbox 3144 4826 3473 4881; x_wconf 87' lang='lat' dir='ltr'><strong>commercio</strong></span> <span class='ocrx_word' id='word_1_690' title='bbox 3493 4835 3655 4897; x_wconf 87' lang='lat' dir='ltr'><strong>natus</strong></span> <span class='ocrx_word' id='word_1_691' title='bbox 3694 4870 3701 4887; x_wconf 51' lang='grc' dir='ltr'><strong>ι</strong></span> 
     </span>
    </p>
   </div>
   <div class='ocr_carea' id='block_1_87' title="bbox 398 4894 3653 4967">
    <p class='ocr_par' dir='ltr' id='par_1_87' title="bbox 398 4894 3653 4967">
     <span class='ocr_line' id='line_1_87' title="bbox 398 4894 3653 4967; baseline 0 -20"><span class='ocrx_word' id='word_1_692' title='bbox 398 4904 481 4967; x_wconf 81' lang='lat' dir='ltr'>est</span> <span class='ocrx_word' id='word_1_693' title='bbox 514 4894 666 4949; x_wconf 85' lang='lat' dir='ltr'><strong>Seth.</strong></span> <span class='ocrx_word' id='word_1_694' title='bbox 693 4894 800 4949; x_wconf 83' lang='lat' dir='ltr'>Eva</span> <span class='ocrx_word' id='word_1_695' title='bbox 829 4907 1157 4967; x_wconf 86' lang='lat' dir='ltr'><strong>autemnon</strong></span> <span class='ocrx_word' id='word_1_696' title='bbox 1192 4894 1541 4965; x_wconf 76' lang='lat' dir='ltr'><strong>processitex</strong></span> <span class='ocrx_word' id='word_1_697' title='bbox 1578 4894 1775 4964; x_wconf 83' lang='lat' dir='ltr'><strong>Adam,</strong></span> <span class='ocrx_word' id='word_1_698' title='bbox 1806 4894 1945 4952; x_wconf 80' lang='lat' dir='ltr'><strong>sicut</strong></span> <span class='ocrx_word' id='word_1_699' title='bbox 1972 4898 2126 4953; x_wconf 88' lang='lat' dir='ltr'><strong>Seth.</strong></span> <span class='ocrx_word' id='word_1_700' title='bbox 2162 4898 2338 4953; x_wconf 83' lang='lat' dir='ltr'><strong>Ambo</strong></span> <span class='ocrx_word' id='word_1_701' title='bbox 2365 4898 2534 4966; x_wconf 76' lang='lat' dir='ltr'><strong>igitur</strong></span> <span class='ocrx_word' id='word_1_702' title='bbox 2564 4897 2817 4967; x_wconf 88' lang='lat' dir='ltr'><strong>quamvis</strong></span> <span class='ocrx_word' id='word_1_703' title='bbox 2849 4895 3113 4963; x_wconf 78' lang='lat' dir='ltr'><strong>originem</strong></span> <span class='ocrx_word' id='word_1_704' title='bbox 3147 4913 3209 4951; x_wconf 77' lang='lat' dir='ltr'><strong>ex</strong></span> <span class='ocrx_word' id='word_1_705' title='bbox 3240 4900 3454 4952; x_wconf 85' lang='lat' dir='ltr'><strong>Adamo</strong></span> <span class='ocrx_word' id='word_1_706' title='bbox 3480 4896 3653 4949; x_wconf 73' lang='lat' dir='ltr'><strong>duxe-</strong></span> 
     </span>
    </p>
   </div>
   <div class='ocr_carea' id='block_1_88' title="bbox 399 4966 3188 5039">
    <p class='ocr_par' dir='ltr' id='par_1_88' title="bbox 399 4966 3188 5039">
     <span class='ocr_line' id='line_1_88' title="bbox 399 4966 3188 5039; baseline -0 -19"><span class='ocrx_word' id='word_1_707' title='bbox 399 4966 528 5031; x_wconf 80' lang='lat' dir='ltr'><strong>rint,</strong></span> <span class='ocrx_word' id='word_1_708' title='bbox 560 4978 668 5018; x_wconf 89' lang='lat' dir='ltr'>non</span> <span class='ocrx_word' id='word_1_709' title='bbox 697 4974 880 5019; x_wconf 88' lang='lat' dir='ltr'><strong>tamen</strong></span> <span class='ocrx_word' id='word_1_710' title='bbox 923 4966 1119 5021; x_wconf 88' lang='lat' dir='ltr'><strong>mulier</strong></span> <span class='ocrx_word' id='word_1_711' title='bbox 1146 4970 1309 5039; x_wconf 81' lang='grc' dir='ltr'>τεκτή</span> <span class='ocrx_word' id='word_1_712' title='bbox 1340 4976 1395 5022; x_wconf 90' lang='lat' dir='ltr'>et</span> <span class='ocrx_word' id='word_1_713' title='bbox 1425 4969 1615 5031; x_wconf 77' lang='grc' dir='ltr'>τεκτὸς</span> <span class='ocrx_word' id='word_1_714' title='bbox 1637 4967 1766 5022; x_wconf 91' lang='lat' dir='ltr'><strong>Seth</strong></span> <span class='ocrx_word' id='word_1_715' title='bbox 1807 4984 1875 5022; x_wconf 76' lang='lat' dir='ltr'><strong>ex</strong></span> <span class='ocrx_word' id='word_1_716' title='bbox 1911 4983 2016 5023; x_wconf 91' lang='lat' dir='ltr'>uno</span> <span class='ocrx_word' id='word_1_717' title='bbox 2053 4977 2219 5039; x_wconf 60' lang='lat' dir='ltr'><strong>patre,</strong></span> <span class='ocrx_word' id='word_1_718' title='bbox 2253 4968 2367 5023; x_wconf 87' lang='lat' dir='ltr'><strong>nati</strong></span> <span class='ocrx_word' id='word_1_719' title='bbox 2391 4967 2873 5022; x_wconf 89' lang='lat' dir='ltr'><strong>indiscriminatim</strong></span> <span class='ocrx_word' id='word_1_720' title='bbox 2907 4967 3188 5020; x_wconf 89' lang='lat' dir='ltr'><strong>dicuntur.</strong></span> 
     </span>
    </p>
   </div>
   <div class='ocr_carea' id='block_1_89' title="bbox 1680 5107 2378 5164">
    <p class='ocr_par' dir='ltr' id='par_1_89' title="bbox 1680 5107 2378 5164">
     <span class='ocr_line' id='line_1_89' title="bbox 1680 5107 2378 5164; baseline -0.001 -1"><span class='ocrx_word' id='word_1_721' title='bbox 1680 5108 1904 5163; x_wconf 85' lang='lat' dir='ltr'><strong>Carmen</strong></span> <span class='ocrx_word' id='word_1_722' title='bbox 1930 5107 2026 5163; x_wconf 90' lang='lat' dir='ltr'>LI.</span> <span class='ocrx_word' id='word_1_723' title='bbox 2060 5108 2137 5164; x_wconf 88' lang='lat' dir='ltr'>De</span> <span class='ocrx_word' id='word_1_724' title='bbox 2163 5109 2378 5162; x_wconf 78' lang='lat' dir='ltr'><strong>mundo.</strong></span> 
     </span>
    </p>
   </div>
   <div class='ocr_carea' id='block_1_90' title="bbox 474 5190 3651 5274">
    <p class='ocr_par' dir='ltr' id='par_1_90' title="bbox 474 5190 3651 5274">
     <span class='ocr_line' id='line_1_90' title="bbox 474 5190 3651 5274; baseline 0.002 -30"><span class='ocrx_word' id='word_1_725' title='bbox 474 5190 809 5274; x_wconf 49' lang='lat' dir='ltr'><strong>Canem-nul</strong></span> <span class='ocrx_word' id='word_1_726' title='bbox 818 5193 1105 5274; x_wconf 80' lang='lat' dir='ltr'><strong>opiniones</strong></span> <span class='ocrx_word' id='word_1_727' title='bbox 1130 5193 1707 5274; x_wconf 76' lang='lat' dir='ltr'><strong>refellensTheolugns</strong></span> <span class='ocrx_word' id='word_1_728' title='bbox 1734 5209 1786 5253; x_wconf 86' lang='lat' dir='ltr'>et</span> <span class='ocrx_word' id='word_1_729' title='bbox 1805 5200 1870 5254; x_wconf 91' lang='lat' dir='ltr'>de</span> <span class='ocrx_word' id='word_1_730' title='bbox 1902 5199 2245 5274; x_wconf 72' lang='lat' dir='ltr'><strong>Providentia</strong></span> <span class='ocrx_word' id='word_1_731' title='bbox 2282 5199 2444 5274; x_wconf 76' lang='lat' dir='ltr'><strong>verba</strong></span> <span class='ocrx_word' id='word_1_732' title='bbox 2473 5196 2652 5253; x_wconf 85' lang='lat' dir='ltr'><strong>facere</strong></span> <span class='ocrx_word' id='word_1_733' title='bbox 2675 5198 2863 5252; x_wconf 83' lang='lat' dir='ltr'><strong>volens</strong></span> <span class='ocrx_word' id='word_1_734' title='bbox 2883 5198 3367 5274; x_wconf 83' lang='lat' dir='ltr'><strong>demonstrareque</strong></span> <span class='ocrx_word' id='word_1_735' title='bbox 3390 5196 3651 5274; x_wconf 81' lang='lat' dir='ltr'><strong>mundum</strong></span> 
     </span>
    </p>
   </div>
   <div class='ocr_carea' id='block_1_91' title="bbox 403 5261 3652 5337">
    <p class='ocr_par' dir='ltr' id='par_1_91' title="bbox 403 5261 3652 5337">
     <span class='ocr_line' id='line_1_91' title="bbox 403 5261 3652 5337; baseline 0.001 -22"><span class='ocrx_word' id='word_1_736' title='bbox 403 5266 723 5337; x_wconf 67' lang='lat' dir='ltr'><strong>universum</strong></span> <span class='ocrx_word' id='word_1_737' title='bbox 771 5261 867 5337; x_wconf 77' lang='lat' dir='ltr'>Dei</span> <span class='ocrx_word' id='word_1_738' title='bbox 912 5265 1143 5337; x_wconf 83' lang='lat' dir='ltr'><strong>imperio</strong></span> <span class='ocrx_word' id='word_1_739' title='bbox 1192 5261 1855 5334; x_wconf 37' lang='lat' dir='ltr'><strong>administrarifillorum</strong></span> <span class='ocrx_word' id='word_1_740' title='bbox 1908 5271 2239 5325; x_wconf 88' lang='lat' dir='ltr'><strong>dementiam</strong></span> <span class='ocrx_word' id='word_1_741' title='bbox 2289 5270 2440 5324; x_wconf 85' lang='lat' dir='ltr'><strong>brevi</strong></span> <span class='ocrx_word' id='word_1_742' title='bbox 2495 5284 2748 5323; x_wconf 85' lang='lat' dir='ltr'><strong>sermone</strong></span> <span class='ocrx_word' id='word_1_743' title='bbox 2805 5278 2857 5321; x_wconf 88' lang='lat' dir='ltr'>et</span> <span class='ocrx_word' id='word_1_744' title='bbox 2903 5261 3405 5337; x_wconf 82' lang='lat' dir='ltr'><strong>comparationibus</strong></span> <span class='ocrx_word' id='word_1_745' title='bbox 3453 5268 3652 5321; x_wconf 87' lang='lat' dir='ltr'><strong>utendo</strong></span> 
     </span>
    </p>
   </div>
   <div class='ocr_carea' id='block_1_92' title="bbox 401 5332 3650 5407">
    <p class='ocr_par' dir='ltr' id='par_1_92' title="bbox 401 5332 3650 5407">
     <span class='ocr_line' id='line_1_92' title="bbox 401 5332 3650 5407; baseline 0.002 -23"><span class='ocrx_word' id='word_1_746' title='bbox 401 5332 649 5407; x_wconf 62' lang='lat' dir='ltr'><strong>exponit.</strong></span> <span class='ocrx_word' id='word_1_747' title='bbox 684 5332 859 5387; x_wconf 70' lang='lat' dir='ltr'><strong>Graeci</strong></span> <span class='ocrx_word' id='word_1_748' title='bbox 911 5335 1183 5389; x_wconf 85' lang='lat' dir='ltr'><strong>sideribus</strong></span> <span class='ocrx_word' id='word_1_749' title='bbox 1232 5332 1629 5404; x_wconf 81' lang='lat' dir='ltr'><strong>providentiam</strong></span> <span class='ocrx_word' id='word_1_750' title='bbox 1691 5341 2018 5405; x_wconf 88' lang='lat' dir='ltr'><strong>attribuunt,</strong></span> <span class='ocrx_word' id='word_1_751' title='bbox 2074 5340 2348 5396; x_wconf 81' lang='lat' dir='ltr'><strong>fortunam</strong></span> <span class='ocrx_word' id='word_1_752' title='bbox 2400 5341 2561 5399; x_wconf 85' lang='lat' dir='ltr'><strong>inde.</strong></span> <span class='ocrx_word' id='word_1_753' title='bbox 2605 5350 2831 5402; x_wconf 87' lang='lat' dir='ltr'><strong>sortem,</strong></span> <span class='ocrx_word' id='word_1_754' title='bbox 2872 5332 3252 5407; x_wconf 71' lang='lat' dir='ltr'><strong>generationes</strong></span> <span class='ocrx_word' id='word_1_755' title='bbox 3300 5338 3650 5394; x_wconf 82' lang='lat' dir='ltr'><strong>deducentes.</strong></span> 
     </span>
    </p>
   </div>
   <div class='ocr_carea' id='block_1_93' title="bbox 403 5401 3653 5481">
    <p class='ocr_par' dir='ltr' id='par_1_93' title="bbox 403 5401 3653 5481">
     <span class='ocr_line' id='line_1_93' title="bbox 403 5401 3653 5481; baseline 0.002 -28"><span class='ocrx_word' id='word_1_756' title='bbox 403 5401 701 5481; x_wconf 72' lang='lat' dir='ltr'><strong>Cregorius</strong></span> <span class='ocrx_word' id='word_1_757' title='bbox 746 5411 970 5481; x_wconf 75' lang='lat' dir='ltr'><strong>econtra</strong></span> <span class='ocrx_word' id='word_1_758' title='bbox 1014 5420 1205 5481; x_wconf 81' lang='lat' dir='ltr'><strong>eorum</strong></span> <span class='ocrx_word' id='word_1_759' title='bbox 1232 5401 1469 5481; x_wconf 11' lang='lat' dir='ltr'><strong>errores,</strong></span> <span class='ocrx_word' id='word_1_760' title='bbox 1498 5409 1722 5479; x_wconf 69' lang='lat' dir='ltr'><strong>detegit.</strong></span> <span class='ocrx_word' id='word_1_761' title='bbox 1768 5409 1921 5465; x_wconf 84' lang='lat' dir='ltr'><strong>Haud</strong></span> <span class='ocrx_word' id='word_1_762' title='bbox 1954 5401 2253 5466; x_wconf 89' lang='lat' dir='ltr'><strong>absurdum</strong></span> <span class='ocrx_word' id='word_1_763' title='bbox 2293 5421 2377 5467; x_wconf 89' lang='lat' dir='ltr'>est</span> <span class='ocrx_word' id='word_1_764' title='bbox 2413 5410 2480 5465; x_wconf 91' lang='lat' dir='ltr'>de</span> <span class='ocrx_word' id='word_1_765' title='bbox 2513 5410 2678 5465; x_wconf 88' lang='lat' dir='ltr'><strong>astris</strong></span> <span class='ocrx_word' id='word_1_766' title='bbox 2724 5401 3209 5474; x_wconf 55' lang='lat' dir='ltr'><strong>bene&#39;disserere;</strong></span> <span class='ocrx_word' id='word_1_767' title='bbox 3245 5408 3322 5462; x_wconf 91' lang='lat' dir='ltr'><strong>illi</strong></span> <span class='ocrx_word' id='word_1_768' title='bbox 3376 5417 3556 5462; x_wconf 87' lang='lat' dir='ltr'><strong>autem</strong></span> <span class='ocrx_word' id='word_1_769' title='bbox 3592 5422 3653 5462; x_wconf 81' lang='lat' dir='ltr'>re</span> 
     </span>
    </p>
   </div>
   <div class='ocr_carea' id='block_1_94' title="bbox 406 5473 2149 5554">
    <p class='ocr_par' dir='ltr' id='par_1_94' title="bbox 406 5473 2149 5554">
     <span class='ocr_line' id='line_1_94' title="bbox 406 5473 2149 5554; baseline 0.006 -29"><span class='ocrx_word' id='word_1_770' title='bbox 406 5473 778 5540; x_wconf 86' lang='lat' dir='ltr'><strong>imprudenter</strong></span> <span class='ocrx_word' id='word_1_771' title='bbox 799 5474 1048 5528; x_wconf 85' lang='lat' dir='ltr'><strong>instituta</strong></span> <span class='ocrx_word' id='word_1_772' title='bbox 1074 5476 1129 5529; x_wconf 89' lang='lat' dir='ltr'>in</span> <span class='ocrx_word' id='word_1_773' title='bbox 1160 5476 1474 5545; x_wconf 88' lang='lat' dir='ltr'><strong>hujusmodi</strong></span> <span class='ocrx_word' id='word_1_774' title='bbox 1503 5473 1719 5538; x_wconf 61' lang='lat' dir='ltr'><strong>errores</strong></span> <span class='ocrx_word' id='word_1_775' title='bbox 1754 5482 1965 5554; x_wconf 87' lang='lat' dir='ltr'><strong>delapsi</strong></span> <span class='ocrx_word' id='word_1_776' title='bbox 2000 5491 2149 5537; x_wconf 85' lang='lat' dir='ltr'><strong>sunt.</strong></span> 
     </span>
    </p>
   </div>
   <div class='ocr_carea' id='block_1_95' title="bbox 509 5616 1055 5685">
    <p class='ocr_par' dir='ltr' id='par_1_95' title="bbox 509 5616 1055 5685">
     <span class='ocr_line' id='line_1_95' title="bbox 509 5616 1055 5685; baseline -0.002 -14"><span class='ocrx_word' id='word_1_777' title='bbox 509 5618 522 5646; x_wconf 89' lang='lat'><strong>’</strong></span> <span class='ocrx_word' id='word_1_778' title='bbox 556 5616 748 5671; x_wconf 73' lang='lat' dir='ltr'><strong>Matth.</strong></span> <span class='ocrx_word' id='word_1_779' title='bbox 784 5632 937 5685; x_wconf 74' lang='lat' dir='ltr'><strong>xxvu,</strong></span> <span class='ocrx_word' id='word_1_780' title='bbox 970 5618 1055 5672; x_wconf 78' lang='lat'>39.</span> 
     </span>
    </p>
   </div>
   <div class='ocr_carea' id='block_1_96' title="bbox 472 5729 1093 5802">
    <p class='ocr_par' dir='ltr' id='par_1_96' title="bbox 472 5729 1093 5802">
     <span class='ocr_line' id='line_1_96' title="bbox 472 5729 1093 5802; baseline 0.008 -19"><span class='ocrx_word' id='word_1_781' title='bbox 472 5729 670 5802; x_wconf 61' lang='lat' dir='ltr'><strong>(HEd.</strong></span> <span class='ocrx_word' id='word_1_782' title='bbox 712 5746 839 5786; x_wconf 70' lang='lat' dir='ltr'><strong>nov.</strong></span> <span class='ocrx_word' id='word_1_783' title='bbox 877 5749 930 5802; x_wconf 92' lang='lat' dir='ltr'>p.</span> <span class='ocrx_word' id='word_1_784' title='bbox 968 5733 1093 5788; x_wconf 76' lang='lat' dir='ltr'><strong>‘2l5.</strong></span> 
     </span>
    </p>
   </div>
   <div class='ocr_carea' id='block_1_97' title="bbox 470 5801 1069 5871">
    <p class='ocr_par' dir='ltr' id='par_1_97' title="bbox 470 5801 1069 5871">
     <span class='ocr_line' id='line_1_97' title="bbox 470 5801 1069 5871; baseline 0.003 -15"><span class='ocrx_word' id='word_1_785' title='bbox 470 5802 549 5871; x_wconf 74' lang='grc'>(2)</span> <span class='ocrx_word' id='word_1_786' title='bbox 577 5801 678 5857; x_wconf 83' lang='lat' dir='ltr'><strong>Ed.</strong></span> <span class='ocrx_word' id='word_1_787' title='bbox 698 5818 825 5856; x_wconf 89' lang='lat' dir='ltr'><strong>nov.</strong></span> <span class='ocrx_word' id='word_1_788' title='bbox 866 5801 919 5871; x_wconf 91' lang='lat' dir='ltr'>p.</span> <span class='ocrx_word' id='word_1_789' title='bbox 943 5803 1069 5858; x_wconf 66' lang='lat'>219.</span> 
     </span>
    </p>
   </div>
   <div class='ocr_carea' id='block_1_98' title="bbox 682 5897 1511 5961">
    <p class='ocr_par' dir='ltr' id='par_1_98' title="bbox 682 5897 1511 5961">
     <span class='ocr_line' id='line_1_98' title="bbox 682 5897 1511 5961; baseline 0 -5"><span class='ocrx_word' id='word_1_790' title='bbox 682 5897 953 5958; x_wconf 68' lang='grc' dir='ltr'>Ριτιοι.</span> <span class='ocrx_word' id='word_1_791' title='bbox 989 5900 1104 5959; x_wconf 77' lang='lat' dir='ltr'><strong>(in.</strong></span> <span class='ocrx_word' id='word_1_792' title='bbox 1155 5900 1511 5961; x_wconf 74' lang='lat' dir='ltr'><strong>XXXVIII.</strong></span> 
     </span>
    </p>
   </div>
   <div class='ocr_carea' id='block_1_99' title="bbox 2146 5752 2738 5829">
    <p class='ocr_par' dir='ltr' id='par_1_99' title="bbox 2146 5752 2738 5829">
     <span class='ocr_line' id='line_1_99' title="bbox 2146 5752 2738 5829; baseline 0.017 -23"><span class='ocrx_word' id='word_1_793' title='bbox 2146 5752 2359 5822; x_wconf 75' lang='grc' dir='ltr'>(5)·Ει1.</span> <span class='ocrx_word' id='word_1_794' title='bbox 2387 5772 2508 5810; x_wconf 79' lang='lat' dir='ltr'><strong>nov.</strong></span> <span class='ocrx_word' id='word_1_795' title='bbox 2537 5775 2590 5829; x_wconf 86' lang='lat' dir='ltr'>p.</span> <span class='ocrx_word' id='word_1_796' title='bbox 2615 5761 2738 5816; x_wconf 68' lang='lat'><strong>225.</strong></span> 
     </span>
    </p>
   </div>
   <div class='ocr_carea' id='block_1_100' title="bbox 3250 5936 3323 5993">
    <p class='ocr_par' dir='ltr' id='par_1_100' title="bbox 3250 5936 3323 5993">
     <span class='ocr_line' id='line_1_100' title="bbox 3250 5936 3323 5993; baseline 0 0"><span class='ocrx_word' id='word_1_797' title='bbox 3250 5936 3323 5993; x_wconf 82' lang='grc'><strong>15</strong></span> 
     </span>
    </p>
   </div>
  </div>
