4182 6384
499 405 605 460 475

1123 531 1341 586 ΛΟΓΟΣ
1377 533 1448 593 Ξ’.

747 618 852 687 Eli;
895 622 1220 677 Ἰουλιανόν
1249 625 1356 680 τὸν
1382 628 1678 696 ἐξισωτήν

501 710 528 766 1
559 713 782 780 Ὄμϐρῳ
804 713 1027 782 διψάδα
1049 716 1224 785 γαῖαν
1241 717 1614 786 ἀπέκλυσεν,
1633 721 1700 787 ὅς
1709 741 1816 792 μιν
1835 723 2075 792 ἔδησεν.

582 805 768 858 Ἠλίαν
809 805 900 859 τὸν
935 806 1223 880 Θεσὸίτην.
1257 804 1422 876 Οὗτος
1464 811 1574 882 γὰρ
1617 813 2074 886 προσευξάμενος,

498 899 591 952 τὸν
629 900 855 970 οὐρανὸν
881 901 1170 954 ἀπέκλεισε
1220 903 1444 973 χρόνους
1472 909 1620 977 τρεῖς
1660 909 1752 959 καὶ
1785 909 1956 979 μῆνας
1995 909 2076 974 ἒξ,

501 991 596 1044 καὶ
624 991 714 1045 τὸν
752 992 956 1063 ὄμϐρον
987 993 1053 1046 δι’
1083 993 1247 1066 εὐχῆς
1276 995 1448 1066 ἧγαγε
1489 997 1628 1066 μετὰ
1656 997 1718 1050 τὺ
1747 998 2078 1069 καθιερῶσαι

498 1084 598 1156 τὴν
625 1083 838 1147 θυσίαν,
867 1087 1106 1151 καὶτοὺς
1140 1089 1424 1158 προφήτας
1455 1089 1952 1160 παραδειγματίσαι
1980 1094 2080 1163 τῆς

499 1176 785 1247 αἰσχύνης,
815 1177 876 1231 τὺ
899 1173 1016 1232 ἴσον
1046 1180 1108 1232 οὐ
1137 1179 1459 1251 δυνηθέντας
1489 1182 1553 1233 ἐκ
1580 1181 1679 1252 τῆς
1701 1182 2076 1253 προκλήσεως.

499 1269 688 1324 Κεῖται
715 1273 773 1324 ἐν
801 1270 879 1338 τῷ
906 1270 950 1340 β’
979 1270 1140 1340 λόγῳ.

498 1362 536 1414 2
629 1363 844 1428 Ἄλλος
871 1366 920 1416 τ’
947 1362 1016 1428 ἐξ
1038 1363 1274 1418 ὑδάτων
1312 1362 1548 1431 ἥρπασε
1577 1347 1810 1432 κόσμοί·
1837 1363 2005 1418 ὅλον.

568 1454 672 1507 Τὸν
704 1454 829 1507 Νῶέ
857 1473 1039 1525 φησιν.
1073 1448 1241 1519 Οὗτος
1265 1455 1373 1527 γὰρ
1403 1456 1468 1508 ὲκ
1496 1455 1712 1509 πάντων
1738 1456 1845 1508 τῶν
1877 1455 2080 1526 Θηρίων

497 1544 591 1597 καὶ
622 1543 833 1614 κτηνῶν
867 1545 962 1598 καὶ
988 1545 1233 1616 ἑρπετῶν
1285 1545 1714 1610 συναποκλείσας
1745 1547 1826 1610 είς
1872 1547 1970 1618 τὴν
1993 1565 2080 1600 κι-

499 1635 668 1689 ϐωτὸν
703 1635 911 1708 ἑαυτῷ,
945 1636 1036 1690 τοῦ
1069 1636 1451 1707 κατακλυσμοῦ
1483 1637 1761 1691 διέσωσεν.
1795 1639 1987 1692 Κεῖται
2019 1641 2078 1692 ὲν

496 1728 576 1799 τῷ
608 1727 651 1798 β’
678 1729 843 1798 λόγῳ.

497 1820 533 1875 5
560 1821 665 1875 Καὶ
687 1819 919 1875 νοῦσόν
933 1837 1024 1886 τις
1053 1818 1296 1888 ἄρηξεν.

581 1911 880 1966 Ἐλισσαῖόν
926 1928 1060 1982 φησι
1094 1911 1187 1964 τὸν
1225 1911 1535 1983 προφήτην.
1570 1911 1714 1984 Πρὸς
1761 1910 1925 1966 αὐτὸν
1967 1909 2078 1984 γὰρ

495 2003 758 2075 Νεεμμὰν
809 2005 838 2057 ὁ
875 2002 1044 2075 Σύρος
1075 2003 1274 2074 λεπρὸς
1323 2002 1398 2056 ὢν
1433 2002 1797 2074 παρεγένετο,
1849 2003 1942 2056 καὶ
1991 2003 2080 2056 διὰ

495 2095 916 2165 προστάγματος
947 2093 1040 2147 τοῦ
1070 2095 1351 2166 προφήτου
1378 2093 1709 2164 λουσάμενος
1741 2096 1797 2148 ὲν
1831 2095 1910 2165 τῷ
1947 2096 2081 2166 Ἰορ-

493 2186 625 2259 eam
653 2185 882 2258 ποταμῷ
917 2187 1096 2258 ἀφῆκε
1125 2187 1225 2258 τὴν
1249 2185 1458 2258 λέπραν
1478 2184 1643 2239 αὑτοῦ
1668 2186 2040 2256 καθαρισθείς.

1099 2281 1202 2344 Ὃς
1229 2276 1281 2330 δ’
1311 2278 1380 2330 ἐκ
1410 2276 1689 2347 πολέμων
1708 2275 2002 2333 ἐσάωσεν.

562 2369 835 2440 Λέγειτδν
858 2369 953 2424 τοῦ
980 2369 1138 2440 Ναυῆ
1188 2368 1414 2439 Ἰησοῦν.
1456 2359 1626 2431 Οὗτος
1663 2368 1772 2439 γὰρ
1805 2368 1895 2421 τὸν
1928 2367 2078 2439 ἥλιον

495 2464 699 2534 στήσας
747 2463 842 2514 καὶ
885 2461 985 2532 τὴν
1018 2460 1247 2532 σελήνην
1268 2500 1283 2525 ,
1313 2460 1439 2522 τοὺς
1488 2458 1779 2530 πολεμίους
1811 2458 2029 2512 διώλεσε
2056 2472 2073 2488 ·

494 2554 589 2608 καὶ
613 2552 819 2622 Μωσῆς
856 2555 912 2606 ὲν
961 2551 1040 2622 τῷ
1074 2550 1190 2622 δρει
1226 2550 1585 2622 σταυροειδῶς
1621 2549 1720 2614 τὰς
1752 2553 1940 2622 χεῖρας
1985 2566 2076 2602 τε-

492 2659 634 2698 τυπυ
653 2643 810 2714 μένος
837 2681 852 2706 ,
881 2641 974 2694 τὺν
1006 2641 1254 2712 ’Δμαλὴκ
1279 2640 1524 2714 ἔτρεψεν.

563 2731 731 2786 Πάλιν
762 2731 851 2784 τὸν
882 2730 1086 2783 Γεδεὼν
1125 2731 1439 2786 αἰνίττεται.
1470 2724 1642 2795 Οὗτος
1674 2730 1785 2803 γὰρ
1826 2731 1918 2786 τὸν
1955 2732 2079 2785 Μα-

492 2816 626 2887 διάμ
668 2817 801 2870 ὡσεὶ
850 2817 1045 2870 ἑκατὸν
1083 2817 1288 2888 χιλιάσι
1334 2818 1506 2871 είκοσι
1533 2859 1547 2884 ,
1582 2818 1700 2890 ἅμα
1744 2820 2078 2890 τριακοσίοις

494 2910 749 2976 ἐπάταξε.
781 2911 885 2963 Σὺν
909 2909 1058 2982 αὐτῷ
1095 2911 1205 2982 γὰρ
1231 2911 1609 2983 ἀθροισθέντος
1641 2910 1768 2964 λαοῦ
1805 2911 1940 2983 πρὸς
1969 2928 2076 2964 πα-

495 3001 720 3074 ράταξιν
744 3001 1002 3073 Μαδιάμ,
1037 3002 1370 3074 προσέταξεν
1401 3001 1549 3074 αὐτῷ
1577 3003 1605 3054 ὁ
1639 3001 1769 3066 Θεὸς
1805 3001 1900 3055 τὺν
1950 3001 2076 3055 λαὸν

493 3095 823 3162 καταγαγεῖν
849 3093 929 3156 εἰς
950 3093 1011 3146 τὸ
1038 3092 1180 3165 ὕδωρ
1202 3132 1217 3157 ,
1245 3094 1340 3147 καὶ
1369 3093 1477 3147 τῶν
1499 3093 1812 3147 λαπτόντων
1835 3096 1902 3165 τῇ
1934 3093 2076 3165 χειρῖ¹

494 3185 652 3248 κυνὸς
677 3183 864 3256 τρόπῳ
893 3185 1170 3254 ἐπισχεῖν·
1201 3185 1293 3238 τὸν
1324 3185 1382 3239 δὲ
1409 3186 1593 3241 λοιπὸν
1641 3185 1769 3240 λαὸν
1810 3184 2077 3256 ἀποστρέ-

491 3276 613 3346 ψαι.
648 3274 852 3328 Τούτου
882 3275 938 3328 δὲ
973 3275 1302 3345 γενομένου,
1352 3277 1679 3348 τριακοσίων
1735 3275 1910 3346 μόνων
1965 3274 2076 3329 τῶν

493 3366 778 3436 λαψὰντων
805 3365 1156 3436 ὑπαρχόντων
1177 3409 1191 3433 ,
1225 3365 1494 3435 κατῆλθεν
1535 3366 1628 3419 ἐπὶ
1663 3364 1762 3436 τὴν
1792 3363 2077 3436 παρεμσοο

493 3460 592 3534 λὴν
620 3460 811 3524 νυκτὸς
835 3460 893 3513 ὲν
919 3459 1169 3529 λαμπάσι
1197 3459 1290 3514 καὶ
1313 3458 1628 3530 κερατίναις
1645 3473 1662 3489 ·
1689 3457 1784 3512 καὶ
1829 3459 1946 3520 ταῖς
1973 3455 2071 3527 μὲν

494 3552 807 3624 κερατίναις
834 3549 1134 3604 ἐσάλπισαν
1161 3550 1220 3602 αἱ
1245 3551 1394 3623 τρεῖς
1417 3549 1502 3604 ἀν’
1533 3547 1729 3602 ἑκατὸν
1757 3548 1944 3619 ἀρχαὶ,
1976 3546 2073 3600 καὶ

1546 418 1637 473 ΑΙ)
1667 420 1972 475 CARMINA
2017 424 2074 476 S.
2119 423 2448 481 GREGORII
2491 425 2744 482 THEOL.

3659 428 3766 483 478

2179 543 2278 607 τὰς
2317 545 2503 615 ὑδρίας
2550 547 2608 598 ἐν
2656 540 2744 609 αἷς
2800 544 3044 616 ὑπῆρχον
3089 543 3148 598 αἱ
3199 544 3480 615 λαμπάδες
3507 583 3523 610 ,
3562 544 3767 607 ταύτας

2181 637 2510 702 ὲξετίναξαν,
2537 638 2633 691 καὶ⁵
2663 637 2760 709 τὴν
2788 637 3141 708 παρεμϐολὴν
3173 635 3394 707 Μαδιάμ
3427 637 3765 706 μετέστησαν

2180 731 2578 800 ὲκταράξαντες
2602 747 2614 762 ’
2645 731 2738 783 καὶ
2769 731 3044 800 μάχαιραν
3078 729 3269 798 ἀνδρὸς
3296 729 3388 782 ἐπὶ
3416 728 3507 782 τὸν
3536 727 3766 798 πλησίον

2179 822 2344 876 αὐτοῦ
2369 821 2568 893 Κύριος
2589 821 2776 885 ἔδωκε,
2801 822 2895 874 καὶ
2925 819 3170 872 ἀπώλετο
3191 823 3340 874 πᾶσα
3356 823 3390 891 ή
3416 819 3760 892 παρεμϐολή·

2180 915 2275 966 καὶ
2302 914 2426 976 τοὺς
2457 911 2694 982 βασιλεῖς
2722 910 2900 963 αὐτῶν
2928 910 3018 964 τὸν
3046 911 3205 963 Ζεϐεὲ
3227 911 3317 962 καὶ
3358 909 3636 980 Σαλμανᾶ,
3665 911 3761 962 καὶ

2179 1004 2305 1067 τοὺς
2337 1003 2600 1075 ἄρχοντας
2641 1001 2820 1056 αὐτῶν
2857 1002 2948 1055 τὸν
2991 1001 3153 1072 Ὠρὴὸ
3192 1001 3400 1055 καὶτὸν
3426 1000 3535 1072 Ζὴϐ
3567 1000 3763 1056 συλλα-

2181 1095 2406 1164 δόμενος
2429 1136 2442 1159 ,
2483 1095 2539 1146 ἐν
2570 1081 2795 1163 στόματι
2828 1092 3014 1161 ξίφους
3040 1093 3271 1146 ἀνεῖλεν.

2250 1187 2359 1238 Καὶ
2385 1181 2575 1256 Βαρὰκ
2607 1185 2700 1236 καὶ
2738 1183 3000 1256 Δεὸώῤῥα
3040 1182 3177 1255 γυνὴ
3207 1184 3296 1237 τὸν
3323 1181 3451 1236 λαὸν
3482 1181 3758 1253 κακούμε-

2180 1290 2268 1327 νον
2300 1274 2403 1327 ὑπὸ
2425 1272 2646 1344 Μαδιάμ
2677 1273 2957 1336 ἐξείλοντο,
2987 1273 3080 1325 καὶ
3119 1272 3327 1342 Σισάρα
3360 1272 3594 1342 πόλεμον
3632 1288 3760 1323 συν-

2179 1366 2413 1436 ἅψαντες
2436 1406 2451 1431 ,
2501 1367 2596 1420 καὶ
2633 1365 2821 1418 τοῦτον
2856 1363 3292 1434 τροπωσάμενοι.
3324 1364 3428 1417 Τὸν
3467 1364 3525 1417 δὲ
3553 1362 3759 1434 Σισάρα

2178 1459 2396 1527 γυναικὶ
2430 1457 2841 1528 προσφυγόντα.
2883 1456 2979 1508 καὶ
3026 1455 3151 1526 δίψῃ
3203 1454 3754 1526 φλεγόμενον,’1α6ὴλ

2177 1550 2235 1604 δὲ
2263 1550 2431 1621 ὄνομα
2454 1551 2521 1620 τῇ
2550 1549 2788 1618 γυναικὶ,
2815 1547 2919 1601 ὑπὸ
2942 1545 3042 1618 τὴν
3075 1547 3279 1618 σκηνὴν
3298 1545 3586 1616 δεξαμένη,
3616 1544 3758 1613 γάλα

2178 1641 2447 1696 ποτίσασα
2474 1681 2488 1705 ,
2540 1640 2873 1710 καθευδῆσαι
2908 1637 3098 1692 τοῦτον
3144 1637 3239 1691 καὶ
3288 1635 3759 1690 διαναπαύσασθαι

2179 1733 2392 1788 πείθει·
2433 1734 2652 1803 καὶτῆς
2688 1734 2751 1785 ὲκ
2778 1730 2872 1783 τοῦ
2933 1728 3102 1782 ὑπνου
3129 1727 3404 1799 λαϐομένη
3456 1726 3757 1799 εὐκαιρίας,

2184 1823 2417 1895 ίσχυρῶς
2465 1821 2854 1874 ἐπισκελίσασα
2879 1858 2894 1883 ,
2941 1819 3034 1872 τὸν
3082 1817 3359 1872 πάσσαλον
3405 1819 3506 1889 τῆς
3557 1817 3761 1887 σκηνῆς

2177 1911 2354 1981 ἤγαγε
2384 1910 2525 1964 κατὰ
2549 1908 2644 1962 τοῦ
2673 1909 2874 1978 γνάθου
2901 1909 3108 1980 Σισάρα
3128 1947 3142 1969 ,
3190 1909 3285 1960 καὶ
3324 1907 3644 1980 προσήλωσε
3689 1907 3758 1978 τῇ

2178 2005 2248 2073 γῇ
2276 2002 2506 2073 οίκτρῶς
2530 1999 2903 2072 ὑποτρύξοντα
2927 1999 3022 2052 καὶ
3043 2000 3155 2061 τοῖς
3183 1997 3386 2070 ταύτης
3417 2000 3610 2070 μηροῖς
3634 1998 3762 2051 ὑπο-

2179 2093 2524 2165 σκαρίζοντα.

2243 2186 2353 2240 Καὶ
2383 2183 2618 2255 Σαμψὼν
2655 2181 2976 2253 Ναζωραῖος
3023 2180 3157 2234 Θεοῦ
3179 2220 3192 2244 ,
3231 2181 3420 2234 λέοντα
3470 2175 3759 2233 διέσπασεν

2176 2274 2307 2328 ὡσεὶ
2332 2275 2539 2347 ἔριφον,
2562 2275 2654 2328 καὶ
2679 2273 2883 2344 χιλίους
2913 2273 3120 2326 ἀνεῖλεν
3150 2271 3348 2343 ἄνδρας
3370 2269 3492 2322 δνου
3523 2268 3754 2337 σιαγόνι,

2177 2366 2306 2438 παρ’
2350 2362 2418 2438 ἦς
2452 2367 2545 2420 καὶ
2603 2365 2824 2435 διψῶντι
2867 2363 3076 2435 ψυχρὸν
3105 2362 3249 2436 ὕδωρ
3297 2361 3444 2431 αὐτῷ
3477 2361 3573 2413 καὶ
3614 2360 3759 2430 μάλα

2175 2459 2344 2526 γλυκὺ
2394 2457 2649 2529 ἀνεδόθη·
2686 2457 2781 2510 καὶ
2811 2455 2986 2518 πύλας
3017 2454 3222 2516 πόλεως
3257 2453 3400 2524 ίσχύῖ
3425 2453 3622 2523 χειρῶν
3651 2453 3755 2505 άπ-

2175 2549 2411 2614 έσπασε,
2437 2548 2532 2601 καὶ
2567 2547 2747 2617 φέρων
2773 2549 2851 2610 είς
2881 2545 3006 2617 ὅρος
3045 2546 3332 2614 ἀνέτρεχεν
3363 2541 3562 2614 ὑψηλὸν
3594 2558 3760 2594 νωτο-

2174 2639 2336 2708 φόρος
2355 2654 2368 2670 ο
2400 2637 2494 2690 καλ⁸
2515 2637 2692 2708 χιλίας
2721 2638 2838 2699 ταῖς
2870 2636 3090 2706 κέρκοις
3111 2633 3399 2696 ἀλώπεκας
3424 2633 3756 2704 προσδήσας,

2174 2727 2463 2798 λαμπάδας
2497 2727 2640 2798 ἀμφὶ
2674 2727 2774 2790 τὰς
2819 2726 3051 2798 κέρκους
3092 2726 3340 2812 ὑφάφας,
3394 2725 3502 2777 τῶν
3532 2725 3760 2794 ἀλλοφύ-

2173 2819 2280 2873 λων
2308 2819 2608 2891 ἐνέπρησεν
2643 2817 2886 2889 ἀμητούς
2913 2834 2926 2848 ⁸
2957 2818 3052 2871 καὶ
3091 2817 3388 2880 πασσάλοις
3441 2816 3580 2869 ἑπτὰ
3631 2818 3759 2882 τοὺς

2177 2911 2504 2984 βοστρύχους
2537 2914 2743 2974 καινοῖς
2790 2910 2995 2964 κάλωσι
3032 2909 3514 2980 συνυφασμένους,
3550 2907 3626 2971 ὡς
3664 2908 3758 2961 οὐ·

2173 3004 2320 3067 δενὸς
2353 3003 2505 3064 ὄντος
2537 3001 2788 3068 ἐξείλετο,
2827 3003 2920 3054 καὶ
2958 3001 3189 3071 δεσμοὺς
3222 2999 3419 3073 χειρῶν
3453 2999 3548 3052 κα)⁸
3585 2996 3760 3051 ποδῶν

2169 3093 2422 3167 διέρρηξε
2475 3093 2784 3166 κραταιῶς,
2815 3093 2981 3162 εὐχῆς
3018 3093 3178 3164 χάριν
3208 3092 3610 3166 ἀκερσεκόμης.
3648 3090 3762 3144 Να-

2172 3183 2401 3254 ζωραῖος
2427 3183 2537 3255 γὰρ
2566 3179 2655 3255 ἦν.
2701 3183 2839 3236 Ἀλλ’
2875 3183 2963 3236 ὅτε
3000 3183 3257 3252 γυναικὸς
3285 3181 3538 3253 ἡττηθεὶς
3562 3181 3760 3254 ἐξεφή-

2171 3293 2300 3330 νατο
2338 3277 2682 3349 ἀπόρρητον,
2726 3274 2930 3337 άλωτδς
2957 3270 3047 3346 ἦν,
3077 3275 3176 3346 τῆς
3205 3275 3383 3344 κόμης
3435 3272 3762 3345 ἀποκαρθεί-

2174 3383 2273 3436 σης
2307 3365 2457 3436 αὑτῷ
2475 3383 2488 3394 ·
2513 3366 2607 3418 καί
2632 3381 2696 3433 γε
2729 3363 2838 3416 τῶν
2865 3362 3139 3432 πολεμίων
3166 3362 3493 3435 ὑπορυχθεὶς
3513 3363 3757 3433 ὄμματα,

2173 3456 2393 3528 δέσμιος
2433 3457 2491 3510 ὲν
2530 3457 2664 3527 οἴκῳ
2701 3454 3012 3525 καθήμενος
3041 3454 3288 3525 φυλακῆς
3313 3493 3327 3518 ,
3359 3457 3550 3526 πυροῖς
3585 3453 3763 3526 ροιζη·

2174 3547 2264 3601 δὸν
2295 3545 2632 3618 ταχυδρὸμον
2681 3545 2851 3614 μῦλον
2901 3544 3150 3615 ἐφείλκεν
3199 3546 3518 3617 ἁείστροφον
3541 3561 3554 3574 ·
3588 3541 3761 3614 μικρὰ

1518 3767 1744 3824 Carmen
1777 3769 1899 3824 LX.
1936 3769 2004 3825 In
2030 3769 2309 3824 lulianum
2344 3783 2754 3842 equuatorem.

574 3857 706 3932 Eliae
746 3859 1022 3917 Thesbilae
1055 3860 1268 3932 mentio
1294 3859 1372 3932 ﬁt.
1412 3859 1512 3915 llic
1546 3871 1845 3932 postquam
1879 3861 2047 3916 Deum
2089 3862 2394 3926 adorasset,
2432 3865 2631 3918 coelum
2662 3879 2757 3932 per
2788 3873 2898 3920 tres
2939 3882 3136 3930 annos,
3170 3881 3386 3920 menses
3417 3882 3508 3920 sex
3546 3867 3762 3930 clausit.

507 3937 670 3998 atque
695 3930 892 3984 iterum
941 3931 1230 4007 precando.
1259 3930 1489 4007 imbrem
1523 3930 1907 4007 dedux‘irpost
1945 3933 2182 3988 hostiam
2226 3933 2564 3988 immolatam
2610 3930 2675 3989 eti
2703 3936 3016 3994 sacerdotes
3062 3939 3129 3992 ad
3168 3937 3430 4007 pudorem
3474 3938 3765 4007 adductos,

503 4015 740 4069 quorum
770 4015 960 4070 preces
991 4001 1129 4054 nihil
1158 4000 1265 4054 tale
1295 4001 1600 4068 producere
1635 4000 1905 4057 valebant.

569 4091 782 4170 Del‘ioe
816 4111 995 4150 sermo
1017 4104 1118 4149 est.
1149 4093 1248 4149 Hic
1277 4110 1403 4170 cum
1433 4110 1504 4170 ετ
1525 4096 1783 4170 omnibus
1812 4094 2021 4162 bestiis,
2042 4094 2308 4167 jumentis
2334 4102 2390 4151 et
2423 4096 2708 4167 reptilibus
2742 4098 2896 4170 paria
2931 4098 3145 4170 singula
3173 4100 3226 4155 in
3271 4115 3399 4154 area
3427 4098 3760 4166 inclusisset,

501 4162 690 4219 diluvii
731 4175 970 4234 tempore
999 4181 1062 4220 ea
1092 4166 1330 4220 servavit
1363 4166 1677 4220 incolumia.

571 4256 801 4332 Elisaeus
840 4259 1130 4332 propheta.
1184 4258 1265 4332 Ad
1301 4273 1434 4332 eum_
1460 4255 1703 4312 Naaman
1755 4256 1925 4329 Syrus
1966 4257 2117 4330 lepra
2157 4266 2432 4330 aegrotans
2473 4260 2655 4328 venit,
2697 4260 2924 4332 ejusque
2955 4262 3116 4332 jusso
3152 4261 3431 4326 obediens,
3468 4270 3760 4332 postquam

504 4342 706 4397 corpus
741 4329 796 4382 in
831 4322 1069 4383 Iordane
1099 4329 1338 4392 lavisset,
1362 4344 1391 4382 a
1424 4329 1571 4398 lepra
1605 4322 1868 4399 purgatus
1895 4322 2030 4383 estC

572 4423 762 4493 Josue,
795 4425 940 4480 ﬁlius
980 4423 1148 4489 Nave,
1188 4424 1304 4495 sole
1344 4434 1397 4478 et
1427 4424 1554 4479 luna
1581 4434 1725 4480 stare
1751 4424 1942 4495 jussis,
1972 4424 2160 4480 hostes
2185 4426 2404 4491 cecidit,
2436 4426 2579 4482 sicut
2617 4436 2671 4482 et
2714 4425 2912 4493 Moses,
2958 4427 3215 4484 manibus
3255 4425 3434 4482 crucis
3475 4425 3545 4481 ad
3587 4426 3763 4486 instar

499 4497 767 4561 extensis,
805 4511 985 4566 regem
1018 4495 1240 4549 Amalec
1270 4493 1498 4564 fugavit.

573 4585 846 4642 Gedeonis
876 4587 1205 4659 mentionem
1238 4584 1495 4659 facitgqui
1531 4601 1656 4640 cum
1691 4587 1949 4659 trecentis
1981 4586 2116 4659 viris
2145 4587 2488 4650 Madianitas,
2518 4595 2737 4643 centum
2769 4588 2960 4658 viginti
3004 4588 3170 4644 millia
3204 4604 3456 4659 numero,
3490 4590 3756 4659 pervicit;

499 4671 733 4727 cumque
763 4673 982 4711 omnem
1020 4657 1277 4727 populum
1313 4656 1434 4710 belli
1469 4671 1632 4709 causa
1677 4667 1865 4711 contra
1895 4657 2112 4712 Madian

2167 4659 2386 4730 gerendi
2416 4660 2578 4730 adise
2619 4668 2996 4724 convocasset,
3027 4661 3284 4730 przccepit
3315 4660 3365 4713 ei
3401 4658 3670 4714 Dominus
3698 4670 3759 4715 ut

499 4741 692 4798 omnes
720 4728 786 4781 ad
813 4729 1014 4781 ﬂumen
1045 4729 1287 4798 duceret,
1319 4736 1374 4780 et
1406 4741 1500 4780 eos
1538 4741 1785 4798 seorsum
1819 4737 2098 4797 separaret
2125 4730 2216 4798 qui
2246 4728 2577 4783 lambnerint
2603 4744 2776 4798 aquas
2803 4731 2944 4783 sicut
2965 4728 3146 4784 solent
3172 4728 3337 4784 cautes
3365 4729 3622 4792 lambere,
3649 4747 3756 4784 ca:-

480 4796 667 4850 -te'ratn
709 4808 890 4850 autem
922 4797 1322 4868 multitudinem
1355 4797 1784 4868 retromitteret.
1812 4796 1946 4850 Cum
1982 4796 2239 4853 trecentis
2270 4799 2453 4868 igitur,
2487 4796 2740 4868 totienim
2775 4800 3117 4854 lambuerant
3150 4815 3369 4867 aquam,
3401 4815 3462 4853 ea
3500 4811 3661 4854 nocte
3683 4802 3751 4855 ad

494 4876 678 4934 castra
704 4867 1009 4933 descendit,
1037 4877 1092 4921 et
1118 4867 1268 4921 dedit
1304 4865 1581 4934 lampades
1613 4867 1666 4919 in
1700 4868 1952 4922 manibus
1979 4883 2169 4923 eorum
2198 4877 2251 4922 et
2292 4865 2536 4933 lagenas.
2568 4867 2635 4920 Et
2668 4884 2789 4922 cum
2826 4871 3073 4924 buccinis
3107 4865 3439 4922 clanxissent
3468 4879 3580 4924 tres
3620 4884 3753 4924 cen-

500 4933 746 4991 turiones
774 4938 1252 5009 bydriasque_cum
1284 4933 1627 5004 lampadibus
1671 4937 1988 5006 agitassent,
2019 4947 2197 4992 castra
2224 4937 2442 5009 Madian
2471 4938 2700 4992 confusa
2732 4949 2861 4992 sunt
2887 4956 2997 5009 pra:
3029 4941 3226 4993 timore
3251 4956 3282 5009 ξ
3317 4938 3482 4993 unius
3521 4939 3574 4992 in
3614 4940 3754 4994 alte-

498 5023 620 5060 rum
649 5006 884 5080 gladium
915 5009 1074 5062 vertit
1105 5006 1386 5080 Dominus,
1418 5013 1641 5080 totaque
1670 5017 1851 5080 castra
1882 5007 2423 5080 perieruntaGedeon
2456 5019 2636 5080 autem
2673 5024 2798 5063 cum
2829 5006 2982 5080 reges
3013 5024 3203 5064 eorum
3248 5007 3422 5064 Zebee
3447 5016 3503 5063 et
3538 5009 3754 5064 Salma-

497 5093 567 5130 na
591 5073 823 5147 cepisset
855 5094 960 5130 una
997 5094 1120 5139 cum
1149 5076 1380 5132 ducibus
1410 5073 1641 5131 Orebet
1669 5075 1800 5144 Zcb,
1833 5073 1899 5132 in'
1919 5094 2013 5133 ore
2043 5078 2204 5148 gladii
2244 5078 2535 5134 interfecit.

570 5167 743 5222 Barac
769 5178 820 5222 et
855 5167 1070 5241 Debora
1108 5170 1302 5241 mulier
1324 5177 1873 5241 populum_vcxatum
1919 5187 1948 5225 ε
1989 5171 2242 5224 manibus
2272 5169 2486 5225 Madian
2519 5170 2856 5241 eripuerunt,
2885 5179 3173 5240 postquam
3201 5171 3353 5225 illato
3379 5169 3579 5227 Sisaraa
3607 5174 3751 5229 bello

497 5238 646 5292 hunc
675 5253 854 5307 regem
897 5238 1197 5312 fugassent.
1226 5238 1360 5294 Cum
1393 5238 1558 5312 igitur
1590 5239 1772 5296 Sisara
1813 5241 1881 5296 ad
1910 5241 2194 5296 mulierem
2236 5238 2838 5310 c0ttfugissel,,'sitique
2884 5238 3176 5306 laboraret,
3209 5243 3420 5312 mulier,
3468 5243 3555 5297 cui
3596 5242 3751 5300 Jabel

497 5324 720 5372 nomen,
749 5325 875 5362 eum
905 5309 1224 5369 introduxit.
1254 5320 1308 5364 et
1337 5309 1458 5364 cum
1493 5313 1576 5366 Iac
1608 5312 1904 5379 potandum
1938 5312 2179 5365 dedisset
2222 5312 2289 5364 ad
2321 5309 2573 5366 somnum
2605 5309 2928 5378 capiendum
2956 5312 3175 5366 hortata
3199 5320 3299 5367 est.
3333 5311 3472 5367 Tum
3504 5329 3754 5370 momen-

497 5387 553 5431 to
611 5380 876 5453 temporis
923 5389 1234 5449 Opportuno
1276 5381 1433 5436 clavo
1479 5383 1698 5438 tentorii
1747 5381 2069 5438 dormientis
2109 5389 2324 5450 tempus
2366 5381 2517 5435 humi
2565 5382 2936 5453 transadegit,
2982 5382 3179 5437 misere
3219 5383 3484 5452 gementis
3525 5394 3582 5440 et
3625 5386 3754 5442 sui»

495 5451 771 5504 sultantis.

571 5543 813 5620 Samson
835 5542 1126 5620 lﬁazaraeus
1147 5544 1278 5620 Rei,
1309 5547 1520 5620 leonem
1550 5548 1694 5620 sicut
1730 5547 2278 5620 litedum__di_laniavit,
2309 5555 2636 5620 sumptaque
2663 5545 2805 5620 asini
2835 5546 3055 5620 maxilla
3077 5547 3237 5620 mille
3267 5546 3416 5602 viros
3455 5545 3750 5620 interfecit,

491 5629 560 5688 ex
591 5629 696 5682 qua
729 5615 927 5688 deliine
957 5616 1160 5670 sitienti
1182 5615 1322 5685 aqua
1363 5617 1683 5688 dulcissima
1709 5619 1907 5688 erupit.
1936 5615 2100 5672 Urbis
2126 5632 2345 5688 quoque
2373 5625 2559 5688 portas
2582 5617 2820 5688 brachiis
2847 5618 3050 5673 avulsit
3069 5619 3431 5688 humerisque
3459 5617 3752 5687 impositas
3817 5683 3821 5687 _

495 5683 550 5740 in
588 5686 788 5740 montis
819 5700 1082 5740 cacumen
1109 5683 1364 5757 portavit.
1413 5687 1555 5746 Mille
1597 5689 1739 5744 idem
1769 5683 1958 5758 vulpes
1991 5683 2182 5745 caudis
2227 5683 2477 5757 alligatas
2511 5687 2856 5774 lampadibus
2888 5703 3095 5746 messes
3145 5683 3576 5760 alienigenarum
3623 5703 3752 5746 ευθ-

567 5865 649 5938 (l)
677 5865 774 5921 Ed.
805 5883 933 5924 nov.
969 5884 1023 5941 p.
1062 5868 1214 5926 1017.
