4180 6350
434 406 540 466 487

514 508 814 584 ’ἰθύφαλλοί
855 509 990 562 εἰσιν
1022 507 1070 559 οἱ
1113 504 1242 577 περὶ
1287 503 1538 558 Διόνυσον
1566 501 1872 573 γενόμενοι.
1921 499 2011 551 Ἐν

435 607 544 679 γὰρ
580 608 648 676 τῇ
686 599 939 657 Διονύσου
994 599 1179 669 ἑορτῇ,
1211 597 1446 664 φαλλοὺς
1487 595 1843 667 δερματίνους
1881 607 2014 662 σχη-

439 695 833 773 ματιζομένους
874 693 954 754 εἰς
982 690 1155 744 αίδοῖα
1185 687 1378 758 ἀνδρὸς
1421 686 1796 758 περιετίθεσαν
1827 684 2018 754 Ἐλλη-

435 809 526 856 νες
559 789 769 849 ἐαυτοῖς
797 785 878 847 εἱς
902 781 1067 853 τιμὴν
1104 780 1199 835 τοῦ
1234 780 1357 834 θεοῦ
1381 797 1397 813 ο
1428 779 1522 833 καί
1557 795 1710 842 τινας
1743 777 1852 830 τῶν
1889 775 2017 844 φαλ-

436 879 546 934 λῶν
574 879 836 946 άπήρτων
869 872 976 926 ἀπὸ
1018 869 1112 924 τοῦ
1155 870 1427 942 τραχήλου
1469 867 1700 929 ἑαυτῶν,
1738 866 1927 928 ἄλλους
1960 864 2016 916 δὲ

439 972 568 1042 περὶ
593 969 692 1038 τὴν
723 967 894 1034 ὀσφὺν
926 964 1024 1034 τὴν
1063 961 1270 1017 ἑαυτῶν
1308 960 1560 1022 ίθυτενῶς
1604 958 2016 1030 περιεδέσμουν,

445 1059 813 1132 μιμουμένους
841 1055 1042 1110 αἰδοῖον
1069 1054 1272 1124 ὄρθιον,
1301 1052 1394 1118 οὓς
1426 1055 1518 1106 καὶ
1548 1052 1870 1120 ἰθυφάλλους
1898 1050 2020 1104 ἐκά-

437 1156 595 1206 λουν·
629 1151 704 1213 ib;
746 1145 885 1202 εἶναι
926 1147 1034 1200 τῶν
1084 1145 1304 1215 φαλλῶν
1357 1146 1482 1208 τοὺς
1530 1144 1627 1214 μὲν
1677 1142 2018 1213 ἰθυφάλλους,

439 1245 566 1309 τοὺς
595 1242 652 1296 δὲ
685 1238 1117 1310 πλαγιοφάλλους
1138 1253 1154 1268 θ
1187 1235 1345 1290 τοῦτο
1388 1235 1446 1288 δέ
1495 1235 1711 1288 ἐποίουν
1751 1233 2020 1304 τιμῶντες

440 1337 533 1391 τὸν
559 1334 793 1406 ἐραστὴν
819 1331 914 1386 τοῦ
947 1330 1219 1384 Διονύσου.
1253 1329 1484 1396 Λέγεται
1524 1327 1655 1398 γὰρ,
1697 1327 1779 1380 ὅτι
1805 1324 2021 1397 ἠράσθη

447 1430 732 1500 μειράκιον
776 1424 872 1480 τοῦ
913 1423 1204 1478 Διονύσουο
1252 1417 1368 1474 εἶτα
1411 1419 1571 1473 τοῦτο
1611 1420 1741 1490 πρὶν
1791 1417 2023 1490 ἐπιτύχῃ

442 1523 543 1592 τῆς
574 1518 856 1587 ἀσελγείας
884 1515 1168 1571 ποντισθέν
1198 1513 1326 1585 περὶ
1363 1512 1462 1584 τὴν
1499 1512 1707 1583 Λέρνην
1733 1510 2018 1564 ἀπέθανεν.

455 1614 516 1667 '0
549 1609 641 1666 οὖν
667 1611 919 1672 Διόνυσος
948 1605 1356 1676 ἀφοσιώσασθαι
1387 1604 1710 1676 βουλόμενος
1731 1603 1819 1656 τὸν
1845 1602 2024 1673 ἔρωτα

444 1704 541 1759 τοῦ
567 1702 928 1764 ἀποθανόντος
977 1696 1286 1770 μειρακίου,
1321 1695 1540 1749 σύκινον
1577 1695 1774 1748 αἰδοῖον
1805 1693 2023 1746 πελεκί-

449 1813 571 1860 σας,
614 1793 882 1866 περιῆψεν
927 1792 1007 1852 είς
1041 1789 1134 1842 τὸν
1169 1787 1364 1842 ἐαυτοῦ
1393 1786 1688 1858 τράχηλον,
1730 1785 1824 1838 καὶ
1853 1783 2025 1848 οὕτως

449 1889 702 1962 περιῄειο
728 1888 822 1939 κα)⁸
871 1886 934 1937 ἐκ
975 1881 1164 1936 τούτου
1193 1881 1459 1950 τιμῶντες
1498 1881 1590 1933 τὸν
1619 1879 1868 1932 Διόνυσον
1907 1877 2029 1930 Ἐλ-

447 1979 624 2051 ληνες,
652 1977 777 2039 τοὺς
807 1973 1040 2044 φαλλοὺς
1066 1972 1445 2044 περιετίθεσαν
1475 1973 1708 2034 ἑαυτοῖς.

534 2085 844 2160 Ἀναύχενοι
876 2089 938 2142 δέ
970 2089 1108 2141 είσιν
1150 2081 1295 2141 οὗτοι
1319 2103 1332 2116 ·
1375 2085 1486 2154 Τὴν
1521 2082 1756 2154 Ἑκάτην
1800 2083 1920 2136 θεὸν
1943 2099 2030 2136 νο-

454 2183 702 2252 μίζουσιν
731 2179 1010 2250 Ἕλληνες,
1055 2178 1151 2231 καὶ
1196 2177 1246 2229 οἱ
1281 2175 1380 2246 μὲν
1423 2175 1590 2244 αὐτὴν
1623 2171 1761 2228 εἶναι
1809 2174 2030 2242 λέγουσι

449 2278 554 2344 τήν
578 2273 866 2344 ⁸Ἄρτεμιν,
897 2271 946 2324 οἱ
974 2269 1033 2322 δέ
1065 2269 1165 2340 τὴν
1202 2268 1454 2338 σελήνην,
1493 2266 1644 2320 ἄλλοι
1687 2267 1900 2336 Ὠδικήν
1931 2267 2029 2331 (ita

452 2363 601 2425 cod.)
639 2378 761 2415 τινα
807 2360 926 2413 θεὸν
978 2361 1036 2413 ἐν
1077 2360 1358 2428 φάσμασιν
1407 2356 1661 2419 ἐκτόποις
1699 2357 2031 2428 φαινομένην

451 2457 565 2518 τοῖς
595 2450 1043 2522 ἐπικαλουμένοις
1063 2450 1230 2519 αὑτήν
1251 2466 1263 2478 ·
1298 2447 1530 2517 μάλιστα
1559 2447 1616 2499 δὲ
1646 2447 1891 2516 φαίνεται
1920 2449 2032 2510 τοῖς

453 2543 904 2614 καταρωμένοις·
945 2539 1015 2594 τὰ
1053 2539 1110 2592 δέ
1155 2538 1413 2608 φάσματα
1461 2537 1630 2603 αὐτῆς
1679 2537 2033 2608 δρακοντοκέ-

456 2633 614 2704 φαλοι
673 2631 954 2702 φαίνονται
1023 2626 1336 2696 ἄνθρωποι,
1392 2624 1486 2677 καὶ
1551 2624 1889 2695 ὑπερμήκεις
1941 2624 2034 2676 καὶ

459 2719 879 2794 ὑπερμεγέθεις,
909 2717 1049 2772 ὥστε
1092 2715 1156 2767 ἐκ
1188 2714 1354 2783 μόνης
1396 2712 1494 2780 τῆς
1523 2711 1648 2773 θέας
1690 2710 2035 2779 καταπλῆξαι

459 2812 557 2866 καὶ
586 2808 923 2880 δειματῶσαι
959 2805 1085 2866 τοὺς
1112 2802 1374 2873 ὁρῶντας.
1421 2800 1849 2871 Ἠμιδράκοντες
1873 2799 1930 2852 δέ
1959 2801 2037 2850 εἰε-

464 2920 548 2955 σιν
584 2895 755 2954 οὗτοι·
795 2897 1030 2965 Λέγουσι
1053 2895 1151 2965 τὴν
1192 2893 1424 2964 Ἀθηνᾶν
1467 2891 1728 2962 ’Έλληνες
1771 2891 2037 2961 παρθένον

460 2990 648 3056 οὖσαν,
695 2992 876 3044 τεκεῖν
918 2986 1394 3059 δρακοντόμορφον
1446 2983 1729 3054 ἄνθρωπον
1779 2982 2036 3036 τοιῶσδεο

473 3083 534 3134 ’0
566 3081 721 3143 Ζεὺς,
754 3077 906 3148 φησὶ,
959 3075 1282 3146 βουλόμενος
1321 3073 1630 3143 ἀποκυῆσαι
1674 3073 1771 3143 τὴν
1814 3071 2044 3143 Ἀθηνᾶν

464 3174 528 3226 ἐκ
574 3171 668 3224 τοῦ
715 3167 1020 3238 ἐγκεφάλου
1051 3165 1238 3227 αὑτοῦ,
1289 3165 1461 3218 ἐδεῖτο
1506 3163 1770 3235 συνεργοῦ
1816 3163 1910 3217 τοῦ
1955 3163 2048 3216 λα-

466 3266 650 3328 ϐόντος
690 3262 786 3316 καὶ
837 3259 1132 3332 πλήξοντος
1179 3258 1276 3328 τὴν
1308 3255 1546 3327 κεφαλήν
1593 3257 1680 3308 ἵνα
1728 3255 2045 3327 ἀποκυηθῇ·

467 3357 559 3411 καί
581 3355 771 3424 λόγους
810 3351 1110 3423 προσφέρει
1143 3349 1222 3420 τῷ
1277 3348 1556 3416 Ἡφαίστῳ
1587 3345 1716 3416 περὶ
1754 3345 1944 3400 τούτου
1971 3363 1987 3379 ο
2021 3348 2050 3400 6

466 3451 524 3501 σε
549 3448 851 3515 Ἥφαιστος
895 3445 994 3498 οὐκ
1036 3443 1210 3505 ἄλλως
1240 3441 1412 3493 εἵλετο
1452 3439 1632 3510 σχίσαι
1661 3439 1757 3509 τὴν
1801 3439 2044 3509 κεφαλὴν

466 3537 562 3592 τοῦ
590 3538 729 3602 Διὸς,
761 3538 808 3589 εἱ
844 3536 918 3607 μὴ
947 3534 1046 3606 τὴν
1066 3531 1410 3602 γεννωμένην
1438 3529 1885 3600 διαπαρθενεύσει
1905 3548 1918 3562 ο
1951 3532 2045 3585 κοιλ⁵

471 3629 730 3701 ἠνέσχετο
772 3629 802 3681 6
842 3625 1014 3691 Ζεύς’
1059 3623 1236 3678 λαϐὼν
1277 3622 1333 3676 δὲ
1378 3623 1407 3676 6
1453 3623 1751 3690 Ἥφαιστος
1779 3622 1870 3676 τὸν
1912 3621 2037 3692 βου-

1540 389 1814 448 COSMAS
1854 381 2568 443 HIEROSOLYMITANUS

3582 372 3687 428 $88

2115 497 2321 566 πλῆγα,
2350 496 2540 566 τέμνει
2571 494 2669 566 τήν
2702 490 2946 564 κεφαλὴν
2973 487 3069 545 τοῦ
3097 489 3240 554 Διὸς,
3269 489 3363 542 καὶ
3397 486 3622 558 ἐξῆλθεν
3659 489 3694 557 ἡ

2128 584 2348 656 Ἀθηνᾶ,
2393 586 2484 638 καὶ
2515 584 2811 638 ἐπεδίωκεν
2843 581 3012 654 αὐτὴν
3038 582 3066 634 6
3096 582 3400 650 ’Ἥφαιστος
3435 580 3522 633 ἶνα
3554 579 3690 648 αὐτῇ
3725 595 3730 598 ·

2117 677 2460 745 συγγένηται,
2510 678 2604 730 καὶ
2649 674 2952 730 ἐπιδιώκων
2990 674 3428 744 ἐπεσπέρμαινεν
3479 673 3572 725 ἐπὶ
3599 673 3692 726 τὸν

2120 769 2293 838 μηρὸν
2333 768 2434 838 τῆς
2491 767 2758 839 Ἀθηνᾶςο
2807 769 2840 836 ή
2889 767 2945 820 δέ
3001 766 3200 836 Ἀθηνᾶ
3245 763 3484 817 λαϐοῦσα
3524 763 3690 835 ἔριον,

2117 856 2373 928 ἐξαίμαξε
2407 859 2467 910 τὸ
2505 858 2725 930 σπέρμα
2765 858 2859 910 καὶ
2888 855 3110 927 ἔρριψεν
3137 859 3195 910 ἐν
3223 859 3287 926 τῇ
3320 858 3411 926 γῇ,
3443 855 3536 908 καὶ
3576 854 3694 922 ἐγέ-

2117 967 2238 1002 νετο
2265 953 2330 1003 ἐκ
2349 951 2448 1020 τῆς
2467 951 2570 1020 γῆς
2591 950 2684 1003 καὶ
2706 950 2800 1001 τοῦ
2825 947 2968 1018 ἐρίου
2991 948 3084 1002 άνθ
3095 964 3272 1018 ρωπος
3297 945 3694 1017 δρακοντόπους

2116 1041 2175 1104 ὃς
2201 1041 2447 1094 ἐκαλεῖτο
2485 1040 2848 1110 Ἐριχθόνιος,
2884 1039 2992 1092 ἀπὸ
3025 1041 3118 1092 τοῦ
3155 1039 3300 1111 ἐρίου
3336 1037 3556 1107 καὶτῆς
3581 1035 3700 1107 χθο-

2119 1133 2207 1198 νὸς
2235 1133 2414 1186 λαϐὼν
2442 1132 2502 1186 τὸ
2538 1132 2730 1203 ὄνομα.

2191 1225 2367 1298 Θῆρές
2410 1228 2515 1278 εἱσι
2557 1226 2651 1278 καὶ
2694 1223 3014 1295 θηρομιγεῖς
3041 1222 3176 1276 οἵδε·
3205 1221 3372 1274 Φασὶν
3415 1219 3694 1290 Ἕλληνες,

2121 1319 2202 1372 ὃτι
2237 1318 2558 1389 ἐσπάρησαν
2591 1317 2685 1369 καὶ
2726 1313 3035 1384 ἀνεφύησαν
3072 1312 3381 1384 αὐθημερὸν
3410 1312 3695 1381 γίγαντεςο

2123 1409 2316 1464 ἔστιδὲ
2342 1411 2376 1479 ἡ
2408 1408 2616 1479 ἱστορία
2640 1405 2780 1478 αὕτη
2804 1423 2817 1436 ο
2852 1408 2909 1459 ἐν
2946 1405 3152 1477 Θήϐαις
3181 1405 3280 1475 τῆς
3321 1404 3582 1466 Βοιωτίας
3610 1403 3698 1456 λέ-

2124 1519 2278 1571 γεται
2311 1502 2340 1553 6
2380 1500 2598 1571 Κάδμος
2622 1500 2654 1570 ἢ
2679 1499 2838 1562 ἄλλος
2875 1515 2980 1560 τις,
3011 1498 3069 1561 ὃς
3104 1495 3284 1550 λαϐὼν
3305 1496 3430 1558 τοὺς
3457 1494 3551 1548 τοῦ
3578 1492 3698 1548 δελ-

2125 1595 2281 1664 φίνου
2312 1594 2606 1664 δράκοντος
2647 1592 2886 1655 ὀδόντας,
2930 1590 3180 1659 ἔσπειρεν
3209 1590 3287 1651 είς
3315 1587 3412 1659 τὴν
3440 1587 3564 1658 γῆν.
3604 1585 3700 1640 καὶ

2125 1685 2454 1756 ἀνεδόθησαν
2485 1683 2697 1737 ἔνοπλοι
2726 1683 2916 1752 ἄνδρες
2933 1697 2946 1711 ·
2967 1679 3293 1750 ἀνεδόθησαν
3316 1679 3373 1732 δέ
3391 1677 3499 1731 ἀπὸ
3523 1676 3699 1750 μηροῦ

2126 1779 2231 1842 ’ἐως
2263 1778 2396 1840 ἄνω,
2441 1776 2536 1830 καὶ
2576 1775 2748 1838 οὕτως
2798 1774 3074 1844 ἱστάμενοι
3121 1771 3419 1841 ἐπολέμουν
3475 1769 3702 1832 ἐαυτοὺς

2128 1867 2222 1920 καὶ
2267 1868 2392 1928 τοὺς
2445 1865 2661 1928 ἄλλους.
2705 1861 2917 1916 ιἐλοῖον
2973 1862 3030 1916 δὲ
3077 1861 3224 1929 λέγει
3280 1855 3418 1922 εἶδος
3475 1859 3702 1922 τούτους

2128 1955 2370 2027 ἔχοντας,
2408 1954 2634 2026 ἐπείπερ
2655 1953 3022 2006 συντέθεινται
3051 1949 3413 2022 πολυμόρφως
3438 1951 3502 2002 ἐκ
3524 1948 3704 2017 διαφό-

2132 2067 2242 2120 ρων
2272 2047 2426 2111 ζώων
2464 2063 2523 2100 τε
2558 2047 2653 2099 καὶ
2692 2045 2905 2116 κτηνῶν
2944 2044 3039 2098 καὶ
3081 2043 3305 2114 θηρίων.
3337 2043 3450 2095 Καὶ
3475 2041 3580 2112 γὰρ
3607 2040 3704 2093 καὶ

2130 2139 2503 2211 Τριπτόλεμος
2538 2135 2846 2207 δρακόντων
2887 2134 3281 2204 ἐπτερωμένων
3321 2131 3536 2196 ἐπιϐὰς,
3564 2147 3704 2201 συμ-

2130 2228 2464 2302 παραλαϐὼν
2505 2227 2600 2282 καὶ
2640 2226 2732 2279 τὸν
2771 2224 2990 2290 Κελεὸν,
3019 2225 3386 2295 ἐφιλοτιμεῖτο
3428 2227 3496 2278 τὰ
3540 2222 3708 2292 σπέρ-
3745 2227 3752 2230 ’

2135 2340 2299 2394 ματα.
2356 2322 2418 2374 Ἦ
2447 2321 2555 2389 γὰρ
2576 2319 2841 2390 Δημήτηρ
2869 2317 3196 2387 πλανωμένη
3233 2315 3362 2386 περὶ
3400 2315 3501 2386 τῆς
3540 2314 3708 2382 θυγαο

2130 2413 2258 2486 τρδς
2309 2411 2679 2484 Περσεφόνης,
2721 2406 2886 2480 ἦλθεν
2931 2412 2988 2462 ἐν
3029 2407 3192 2482 κώμῃ
3263 2406 3574 2478 Ἐλευσίνῃ,
3613 2403 3711 2459 καὶ

2134 2501 2286 2572 παρὰ
2320 2500 2414 2554 τοῦ
2442 2499 2815 2572 Τριπτολέμου
2841 2497 3108 2569 μαθοῦσα,
3134 2498 3209 2560 ώς
3249 2498 3518 2560 Πλουτεῦς
3539 2497 3709 2566 αὐτὴν

2133 2596 2402 2666 ήρπασεν,
2435 2592 2562 2663 ἔστη
2589 2591 2688 2662 τῆς
2718 2590 2923 2662 πλάνης
2942 2607 2955 2620 ⁸
2983 2590 3106 2644 ὅθεν
3146 2591 3238 2644 καὶ
3273 2590 3434 2662 χάριν
3461 2591 3583 2643 ἀντὶ
3611 2589 3713 2660 χάο

2138 2703 2315 2759 ριτος,
2353 2685 2424 2738 τὰ.
2467 2684 2758 2755 σπέρματα
2809 2683 2887 2754 τῷ
2944 2683 3300 2754 Τριπτολέμῳ
3354 2682 3574 2744 δέδωκε,
3620 2683 3714 2736 xui.

2135 2781 2264 2842 τοὺς
2315 2777 2636 2848 ἀνθρώπους
2684 2776 3006 2846 σπείροντας
3051 2775 3122 2828 τὰ
3169 2775 3276 2828 ἀπὸ
3319 2775 3424 2844 γῆς
3475 2774 3714 2841 ἐδίδαξεν

2137 2869 2372 2922 ἐσθίειν·
2431 2867 2694 2938 βαλάνους
2739 2866 2848 2937 γὰρ
2889 2865 2996 2937 πρὸ
3027 2865 3218 2918 τούτου
3258 2865 3445 2936 ἤσθιον
3491 2865 3715 2936 σπέρμα

2149 2960 2348 3032 φηγοῦ,
2373 2960 2498 3013 ὅθεν
2531 2959 2624 3011 καὶ
2648 2957 2708 3012 τὸ
2732 2960 2925 3028 φαγεῖν
2949 2957 3176 3029 ἐκλήθη.
3214 2959 3334 3011 Εἱσὶ
3357 2957 3414 3010 δὲ
3453 2958 3546 3012 καὶ
3582 2959 3716 3012 ἄλλα

2140 3053 2264 3107 τινὰ
2303 3053 2431 3124 παρ’
2461 3052 2714 3123 Ἕλλησιν
2743 3051 3054 3122 ἀγαλμάτια
3088 3051 3262 3123 μικρά
3281 3082 3307 3116 ,-
3329 3053 3387 3105 ἐν
3416 3045 3497 3115 οἷς
3528 3047 3596 3122 ἦν
3633 3069 3719 3104 κε-

2143 3144 2283 3215 φαλὴ
2306 3144 2485 3208 κυνὸς.
2504 3144 2599 3197 καὶ
2622 3144 3017 3214 παραφυομένη
3040 3143 3172 3213 ἄλλη
3199 3143 3409 3215 κεφαλὴ
3439 3143 3589 3198 αἱλού
3599 3161 3716 3215 ρου,

2143 3237 2238 3290 καὶ
2278 3237 2439 3308 ἐτέρα
2462 3239 2700 3308 ἱέρακος,
2744 3237 2839 3288 καὶ
2878 3235 3064 3288 ἔσεϐον
3089 3235 3348 3306 ’Έλληνες
3386 3236 3580 3300 ταῦτα,
3624 3238 3722 3290 καὶ

2145 3331 2204 3383 ἐν
2242 3329 2409 3393 οἴκοις
2434 3329 2671 3400 ἔγραφον
2690 3345 2704 3358 ’
2733 3329 2792 3381 ού
2824 3329 2985 3399 μόνον
3004 3328 3060 3382 δὲ
3091 3328 3346 3399 τοιαύτην
3372 3329 3530 3397 φύσιν
3557 3328 3724 3400 ἔγρα-

2148 3439 2268 3492 φον,
2295 3422 2431 3475 ἀλλὰ
2463 3421 2558 3476 καὶ
2586 3422 2719 3476 ἄλλα
2753 3421 3094 3494 θηριόμορφά
3133 3439 3272 3485 τινα,
3319 3421 3354 3474 ἃ
3391 3422 3641 3476 ἐσέϐοντο
3672 3423 3723 3477 οἱ

2149 3515 2462 3582 Αἰγύπτιοι.

2148 3629 2250 3684 154
2278 3628 2489 3696 Λὺτοῖς
2505 3629 2556 3683 δ’
2574 3623 2650 3684 αὖ
2668 3629 2807 3694 νόος
2821 3626 2991 3681 ἐστὶν
3005 3626 3318 3697 ὑφειμένως
3331 3626 3724 3698 ειὸετινιάχλφ,

543 4001 828 4075 lthyphalli
859 4002 913 4056 in
945 4001 1285 4075 Dionysiae-is
1311 4002 1597 4075 habentur.
1633 4003 1746 4075 lloc
1775 4004 1918 4056 enim
1945 4003 2084 4057 festo
2117 4005 2288 4062 Graeci
2321 4005 2513 4075 pnallis
2575 4005 2816 4074 pellireis
2859 4005 2927 4060 ad
2979 4004 3151 4075 instar
3199 4002 3429 4058 membri
3461 4003 3634 4058 virilis
3661 4003 3742 4058 fa-

471 4073 574 4128 ctis
598 4072 659 4145 in
679 4073 774 4145 dei
798 4074 1057 4145 honorem
1091 4072 1480 4145 accinguntur.
1495 4072 1599 4145 Alii
1626 4074 1838 4144 phallos
1871 4090 1902 4127 e
1933 4075 2074 4128 collo
2096 4072 2524 4145 suspendebant,
2559 4072 2647 4129 alii
2715 4075 3076 4145 ithyphallum
3111 4074 3148 4128 i.
3175 4088 3226 4128 e.
3271 4075 3577 4145 membrum
3624 4090 3743 4128 ere‘

472 4153 620 4226 ctum
648 4143 848 4226 lumbis
879 4143 1194 4226 alligabant.
1220 4141 1506 4226 lthyphalli
1539 4141 1704 4226 igitur
1727 4152 1781 4226 ct
1807 4141 2602 4226 plagiophallidistinguuntur,
2624 4153 2680 4199 et
2719 4146 2771 4200 in
2797 4141 3067 4226 honorem
3103 4144 3300 4226 amasii
3328 4143 3552 4226 Dio‘nysi
3586 4144 3746 4226 adhi-

474 4213 1031 4268 bentur.Adolescens
1055 4215 1257 4266 etenim

1353 4221 1582 4267 archum
1611 4215 1857 4274 ardebat.
1887 4225 1940 4269 et
1970 4213 2288 4284 priusquam
2322 4213 2432 4271 v'oti
2469 4218 2693 4284 compos
2707 4226 2850 4271 esset
2884 4214 3078 4279 factus,
3113 4215 3166 4269 in
3198 4214 3385 4269 Lerna:
3413 4213 3632 4270 ﬂuentis
3663 4216 3751 4268 in.

472 4285 640 4356 teriit.
676 4282 925 4356 ngcchus
966 4284 1030 4356 in
1049 4283 1366 4356 memoriam
1405 4284 1569 4352 hujus
1592 4285 1950 4356 adolescentis
1971 4282 2303 4354 praemature
2364 4287 2556 4354 erepti,
2587 4282 2828 4356 phallum
2861 4285 3149 4342 ﬁculueum
3188 4286 3329 4340 collo
3361 4287 3662 4355 adaptavit,
3695 4295 3750 4338 et

473 4355 557 4410 sic
574 4353 848 4424 prodibat.
883 4351 999 4406 Tali
1021 4353 1185 4423 igitur
1222 4351 1545 4408 ornamento
1575 4356 1630 4408 in
1662 4354 1884 4427 Dionysi
1922 4351 2184 4410 honorem
2215 4356 2387 4412 Graeci
2422 4351 2732 4412 utebaiitur.

544 4491 865 4546 Anaucbeni
903 4490 1068 4561 (collo

1137 4491 1344 4561 rivati).
1376 4490 1616 4547 Hecaten
1673 4492 1848 4548 Graeci
1905 4491 2064 4550 deam
2121 4507 2244 4548 esse
2275 4491 2526 4556 credunt,
2550 4493 2642 4546 alii
2692 4491 2796 4547 sub
2822 4490 3119 4546 Artemidis
3159 4495 3400 4553 nomine,
3433 4489 3522 4544 alii
3555 4488 3746 4546 Luna.

544 4507 865 4546 Atiaucnem
903 4507 1068 4561 (cono
1086 4507 1344 4613 cprivati).
1377 4507 1616 4547 necaten
1673 4507 1848 4548 umet
1905 4507 2064 4550 deam
2121 4507 2244 4548 esse
2275 4507 2526 4556 credunt,
2550 4507 2642 4546 ani
2692 4507 2796 4547 sub
2822 4507 3119 4546 Attemims
3159 4507 3400 4553 nomine,
3433 4507 3522 4544 am
3555 4507 3746 4546 Lunae.

473 4565 564 4619 alii
605 4562 804 4625 0dicze,
833 4577 955 4630 quae
988 4562 1080 4630 qui
1123 4578 1208 4615 em
1242 4563 1345 4617 sub
1393 4562 1582 4616 formis
1632 4563 1869 4618 insolitis
1905 4579 1962 4617 se
1995 4564 2374 4618 invocantibus
2401 4571 2646 4632 apparet,
2689 4561 2958 4632 imprimis
2993 4561 3422 4632 exsecrantibus.
3454 4561 3656 4632 saepius
3691 4573 3750 4615 ut

476 4633 700 4696 femina,
731 4648 856 4688 cum
883 4633 1059 4701 capite
1075 4633 1349 4694 draconis.
1381 4633 1702 4702 longissima
1728 4641 1784 4687 et
1809 4633 2042 4687 maxima
2075 4644 2307 4692 statura.
2342 4634 2416 4686 ita
2442 4631 2503 4686 ut
2540 4634 2657 4688 solo
2692 4631 2890 4686 intuitu
2920 4640 3213 4702 stupescas
3245 4631 3438 4702 horum
3476 4631 3747 4684 semidra-

473 4719 701 4760 conum.
740 4703 915 4772 Graeci
965 4702 1285 4772 Minervam,
1322 4704 1451 4757 dum
1478 4701 1622 4757 esset
1663 4703 1836 4772 virgo.
1895 4704 2166 4757 hominem
2203 4719 2328 4757 cum
2359 4705 2535 4770 capite
2565 4703 2821 4757 draconis
2863 4703 3137 4770 peperisse
3167 4701 3353 4753 dicunt
3400 4701 3503 4754 hoc
3523 4702 3742 4769 quidem

473 4775 640 4829 modo
689 4792 704 4827 :
737 4771 950 4842 Jupiter
1006 4771 1303 4826 Minervam
1333 4788 1364 4828 e
1391 4773 1567 4840 capite
1607 4774 1659 4826 in
1686 4771 1861 4826 lucem
1883 4774 2132 4828 editurus
2163 4775 2466 4842 adjutorem
2500 4775 2706 4842 rogavit
2736 4782 2795 4826 ut
2819 4782 2983 4842 caput
3021 4772 3123 4825 sibi
3144 4780 3450 4839 percuteret
3482 4773 3746 4842 paritura;

475 4846 591 4899 adit
626 4840 968 4908 Vulcanium;
1006 4842 1100 4912 qui
1135 4857 1524 4912 percussurum
1568 4858 1626 4912 se
1656 4844 1924 4912 promittit
1961 4861 2023 4898 ea
2054 4845 2188 4912 lege,
2218 4840 2274 4898 ut
2315 4859 2506 4898 recens
2535 4840 2659 4896 nata
2692 4843 2794 4896 sibi
2831 4841 3141 4896 defloranda
3168 4844 3583 4895 concederetur.
3613 4840 3749 4895 Jove

475 4924 773 4979 annuente,
810 4911 1084 4984 Vulcanus
1138 4911 1358 4984 ’spiculo
1376 4923 1543 4984 caput
1569 4911 1721 4984 Joyis
1772 4915 2004 4983 aperuit,
2038 4911 2280 4984 exiitquc
2335 4913 2595 4968 Minerva.
2619 4913 2828 4984 Accidit
2859 4921 2939 4976 ut,
2979 4927 3310 4984 persequens
3331 4928 3524 4984 recens
3565 4923 3748 4965 natam

475 4986 543 5039 ad
609 4986 888 5039 libidinem
942 4981 1595 5054 explendam,iMiu’ervm
1631 4981 2042 5037 femufsemine
2089 4981 2207 5037 suo'
2241 4984 2519 5054 pollueret.
2557 4986 2659 5036 Dea
2681 4983 2802 5036 lana
2827 4997 3012 5054 semen
3041 4982 3306 5054 expunxit
3330 4981 3594 5050 humique
3618 4997 3750 5052 pro-

469 5055 627 5126 jecit.
652 5054 695 5108 Ε
719 5066 859 5110 terra
888 5051 1054 5125 igitur
1084 5063 1138 5108 et
1161 5054 1283 5107 lana
1314 5053 1476 5107 homo
1507 5054 1705 5122 prodiit
1736 5054 2020 5124 anguipes,
2050 5051 2270 5109 nomine
2309 5053 2696 5108 Erichthonius
2746 5054 2813 5106 ab
2836 5052 2978 5122 ἔριον
3007 5060 3061 5106 et
3091 5051 3254 5122 χθών.

546 5187 622 5240 De
650 5186 860 5257 bestiis,
885 5185 1069 5257 θῆρες,
1097 5193 1152 5257 et
1169 5183 1236 5239 de
1264 5183 1447 5257 mixtis
1468 5198 1590 5257 cum
1613 5183 1828 5257 bestiis,
1843 5184 2197 5257 θηρομιγεῖς,
2221 5184 2334 5238 haec
2367 5183 2593 5257 dicenda
2616 5201 2634 5257 _:
2655 5183 2827 5257 Graeci
2853 5195 3072 5257 narrant
3098 5185 3394 5257 seminatos
3424 5185 3750 5256 productos—

473 5273 581 5330 que
607 5273 729 5310 esse
759 5247 1343 5330 eadein"diegigantes.
1367 5252 1579 5330 Etenim
1611 5253 1812 5330 Thebis
1843 5247 2345 5330 Bdiot'iae‘Cadmus.
2376 5264 2468 5308 aut
2499 5255 2719 5330 quidam
2748 5255 2887 5309 alius
2912 5255 3406 5330 draconis-alentes
3426 5247 3748 5330 seminavit,

477 5320 710 5396 indeque
735 5330 850 5379 nati
900 5325 1001 5378 viri
1030 5320 1303 5388 in‘a'rmis,
1322 5320 1416 5396 qui
1445 5341 1474 5378 a
1521 5324 1776 5396 cruribus
1806 5325 2071 5396 ttsqugad
2097 5325 2348 5396 verticem
2372 5339 2403 5396 _e
2426 5320 2564 5376 terra
2584 5325 2889 5396 eminentes
2911 5325 3049 5378 inter
3076 5340 3133 5378 se
3153 5325 3508 5396 dimicabant.
3537 5320 3749 5382 Forma}

479 5399 550 5452 i-s
582 5392 970 5465 diversissimae
1013 5410 1078 5448 ex
1110 5396 1276 5448 variis
1332 5392 1662 5448 animalibus
1697 5392 1926 5465 collatae.
1963 5392 2329 5465 Triptolemus
2352 5394 2684 5448 draconibus
2735 5395 2892 5448 alatis
2927 5404 3136 5456 vectus,
3160 5395 3323 5448 Celeo
3353 5395 3748 5465 sibi'adjuncto

476 5466 748 5520 seminare
801 5463 986 5534 fruges
1030 5465 1279 5519 homines
1318 5466 1528 5534 docuit.
1583 5493 1653 5504 —-
1683 5464 1846 5518 Ceres
1877 5465 2043 5518 tiliam
2073 5463 2454 5533 Proserpinam
2483 5475 2694 5533 raptam
2747 5481 2997 5533 quaerens
3031 5467 3082 5518 in
3152 5480 3348 5534 pagum
3428 5463 3743 5523 Eleusinem

480 5535 814 5615 adventavit,
853 5533 1145 5615 etccognito
1170 5551 1291 5615 per_
1315 5533 1734 5615 Triptolemum,
1771 5537 1914 5615 quod
1944 5535 2100 5615 l’luto
2129 5549 2247 5615 cam
2287 5535 2576 5615 rapuisset,
2632 5535 2700 5615 ah
2734 5535 2924 5615 itinere
2950 5533 3380 5615 destitit._l}eres
3412 5534 3749 5615 Triptolemo

480 5606 688 5679 semina
720 5607 864 5679 dono
893 5604 1061 5679 dedit,
1097 5604 1466 5679 mortalesquc
1496 5607 1704 5679 fruetus
1730 5620 1759 5658 c
1806 5614 1950 5658 terra
1972 5607 2266 5679 produ_ct_os
2302 5606 2470 5679 edere
2508 5605 2711 5679 docuit.
2746 5605 2922 5679 Antea
2963 5605 3112 5679 enim
3152 5606 3396 5679 glandes,
3418 5604 3604 5679 ξειὺειι
3633 5609 3746 5679 fagi

483 5674 910 5744 manducabant,
947 5678 1090 5727 unde
1119 5690 1219 5727 vox
1256 5677 1470 5742 φαγεῖν.
1502 5705 1570 5716 --
1597 5675 1716 5727 Alia
1749 5689 1966 5742 quoque
2007 5676 2147 5743 apud
2184 5674 2402 5728 GI'EBCOS
2428 5675 2721 5729 simulacra
2752 5676 3180 5744 reperiebantur,
3215 5676 3392 5742 canis,
3425 5674 3566 5741 felis,
3599 5674 3748 5734 acci-

482 5743 638 5820 pitris
669 5753 831 5808 caput
865 5760 975 5814 pra:
1008 5761 1067 5800 sc
1101 5744 1349 5810 ferentia,
1394 5747 1445 5798 in
1479 5745 1736 5800 domibus
1765 5747 1999 5814 depicta.
2029 5745 2133 5800 Sed
2161 5761 2266 5800 non
2299 5747 2413 5800 hac
2436 5753 2647 5798 tantum
2681 5743 3238 5816 fingebant'Egyptii,
3275 5745 3372 5800 sed
3396 5746 3503 5801 alia
3525 5764 3747 5820 quoque

479 5809 838 5879 θηρῴμορφαο
