4182 6384
418 331 524 387 497

417 451 524 513 νῶς
553 449 683 521 περὶ
718 449 814 503 τοῦ
866 449 1104 522 σταυροῦ
1151 445 1550 518 προηγόρευσε,
1606 445 1700 496 καὶ
1735 442 1863 514 περὶ
1907 439 2000 494 τοῦ

416 542 678 613 Χριστοῦ,
712 543 806 595 καὶ
839 543 940 610 τῆς
968 542 1182 594 πάντων
1225 539 1332 592 τῶν
1363 537 1533 590 ἐθνῶν
1565 535 1794 605 ὕστερον
1829 551 2005 603 σωτη-

422 633 544 706 ρίας
571 650 583 663 ·
614 634 836 696 τούτους
857 633 913 685 δὲ
948 635 1038 686 καὶ
1071 630 1284 685 ἐνταῦθ’
1316 628 1489 692 οὓτως
1518 629 1824 698 εἰρήκασιν.

497 723 684 794 Ὅμως
726 727 754 776 ὁ
804 724 946 786 θεῖος
972 725 1010 775 Γ
1015 724 1268 794 ρηγόριος
1297 720 1709 790 ἀποτρέπεται·
1775 718 1836 770 οὐ
1898 716 2005 786 γὰρ

414 814 607 878 ,ἀξίους
644 816 818 882 κρίνει
849 816 1148 883 θεολογίας,
1195 814 1309 868 ἀλλ’
1343 813 1419 877 ὡς
1446 813 1684 876 κλέπτας
1716 811 2003 882 διελέγχει.

425 905 534 957 Καὶ
564 905 671 972 γάρ
707 905 971 974 Ἑλλήνων
998 907 1047 958 οἱ
1072 905 1225 973 σοφοὶ
1255 904 1364 957 τῶν
1403 905 1564 975 ἱερῶν
1599 903 1797 974 βίϐλων
1836 919 2008 974 παρα-

426 991 739 1061 κλέψαντες,
772 997 880 1056 τοῖς
913 993 1122 1046 ἑαυτῶν
1163 993 1354 1064 μύθοις
1397 993 1885 1064 προστεθείκασιν,
1932 992 2008 1055 ὡς

427 1083 692 1152 Ὄμηρος.
733 1083 920 1135 Πᾶσαν
948 1082 1056 1154 γὰρ
1083 1085 1184 1153 τὴν
1224 1083 1367 1137 κατά
1395 1085 1487 1137 τὸν
1519 1084 1692 1137 Σαοὺλ
1723 1085 1818 1137 καὶ
1844 1083 2009 1136 Δαὸὶδ

425 1154 768 1242 συγγραφὴν,
810 1176 921 1237 τοῖς
950 1172 1144 1227 ἑαυτοῦ
1177 1173 1455 1246 ληρήμασι
1498 1174 1846 1246 μετεποίησε.
1899 1175 2010 1228 Καὶ

425 1263 532 1334 γὰρ
561 1262 654 1315 τοῦ
686 1263 851 1316 Δαείδ
883 1266 1020 1318 εἰσιν
1045 1265 1102 1318 αἱ
1135 1267 1306 1319 πᾶσαι
1335 1268 1628 1335 ἀριστείαι,
1659 1263 1745 1331 αἷς
1764 1269 2011 1338 ’Όμηρος

428 1353 553 1415 τοὺς
606 1353 840 1417 οἰκείους
909 1353 1274 1426 ἀνθρωπίζειν
1343 1357 1640 1426 ἁμιλλᾶται
1706 1356 2005 1420 κώνωπας-

427 1443 522 1494 ita).
545 1442 654 1513 μὴν
683 1444 779 1496 καὶ
807 1442 916 1496 τῶν
945 1445 1186 1498 δυνατῶν
1213 1445 1418 1498 παίδων
1449 1447 1636 1508 Δαϐὶδ,
1667 1447 1864 1510 οἵτινες
1896 1446 2013 1500 θεό-

427 1531 520 1585 θεν
572 1534 1029 1605 κραταιούμενοι,
1088 1536 1198 1588 τῶν
1250 1538 1546 1609 ὑπερφυῶν
1604 1537 1996 1609 ἀνεδείχθησαν

428 1621 712 1676 ἐνδείκται.
760 1625 870 1678 Καὶ
898 1624 1008 1696 γὰρ
1037 1626 1198 1690 αὐτὸς
1226 1629 1255 1680 ὀ
1277 1627 1416 1690 θεῖος
1452 1628 1776 1692 Ἀπόστολος
1808 1645 2016 1697 μαρτυι

425 1715 515 1782 psi
549 1716 830 1785 μονονουχὶ
874 1715 1082 1785 λέγων’
1134 1716 1468 1787 Ἐπιλείψει
1499 1737 1576 1788 με
1613 1720 2013 1788 διηγούμενον

431 1807 464 1855 o'
487 1803 709 1872 χρόνος
741 1806 876 1875 περὶ
907 1807 1164 1873 Γεδεὼν,
1193 1809 1415 1878 Βαράκ,
1443 1811 1728 1880 Σαμψὼν,
1763 1809 2011 1878 Ἰεφθάε,

433 1894 611 1948 Δαὸίδ
639 1913 703 1949 τε
745 1898 842 1950 καὶ
869 1900 1152 1967 Σαμουὴλ
1190 1901 1287 1953 καί
1318 1900 1436 1954 τῶν
1461 1902 1804 1970 προφητῶν,
1833 1902 1890 1954 οἳ
1917 1901 2016 1955 διὰ

425 1986 693 2052 πίστεως
730 1991 1218 2057 κατηγωνίσαντο
1240 1993 1597 2058 βασιλείας,
1653 1992 2014 2062 εἰργάσαντο

422 2075 827 2145 δικαιοσύνην
849 2118 865 2139 ,
932 2079 1230 2150 ἐπέτυχον
1279 2083 1650 2153 ἐπαγγελιῶν
1672 2126 1687 2150 ,
1743 2085 2015 2153 ἔφραξαν

423 2167 699 2236 στόματα
723 2172 1006 2233 λεόντων,
1031 2171 1298 2228 ἔσϐεσαν
1325 2175 1584 2244 δύναμιν
1629 2178 1841 2243 πυρὸς,
1870 2177 2015 2244 ἔφυ-

431 2273 541 2323 γον
568 2259 839 2323 στόματα
890 2261 1223 2328 μαχαίρας,
1283 2263 1824 2332 ἐνεδυναμώθησαν
1895 2264 2016 2318 ἀπὸ

430 2350 766 2416 ἀσθενείας,
789 2351 1168 2421 ἐγενήθησαν
1201 2356 1437 2422 ἰσχυροὶ
1463 2356 1533 2409 ἐν
1564 2358 1826 2436 πολέμῳ,
1868 2374 2016 2425 παρ-

425 2442 689 2509 εμϐολὰς
717 2443 972 2498 ἔκλιναν
999 2446 1358 2514 ἀλλοτρίων,
1385 2448 1606 2502 ἔλαϐον
1633 2450 1913 2518 γυναῖκες
1945 2450 2014 2512 ἐξ

425 2534 824 2602 ἀναστάσεως
857 2536 998 2604 τοὺς
1034 2539 1287 2606 νεκροὺς
1317 2540 1534 2594 αὐτῶν.
1563 2541 1749 2595 Ταῦτα
1774 2543 1877 2614 γάρ
1915 2543 2016 2612 ’1η-

435 2627 560 2690 σοῦς
589 2629 618 2679 6
641 2626 734 2679 τοῦ
769 2630 947 2700 Ναυῆ,
969 2633 1064 2683 καὶ
1094 2631 1294 2695 Χαλὲϐ,
1334 2632 1541 2700 Ἰεφθάε
1570 2651 1628 2687 τε
1660 2637 1754 2688 καὶ
1786 2635 2013 2700 Γεδεὼν,

434 2715 622 2786 Βαράκ
668 2719 758 2771 καὶ
809 2718 1068 2789 Σαμψὼν,
1121 2721 1215 2774 καὶ
1247 2721 1430 2788 Δαὸὶδ,
1467 2725 1563 2778 καὶ
1607 2724 1885 2789 Ἰωνάθαν,
1921 2725 2017 2778 καὶ

431 2808 483 2859 οἱ
512 2811 892 2880 κραταιότατοι
924 2812 1111 2875 παῖδες
1130 2811 1325 2866 Δαϐίδ’
1371 2815 1398 2866 ὁ
1432 2815 1529 2884 μὲν
1562 2817 1643 2878 είς
1696 2817 1861 2888 μέρος
1907 2818 2016 2870 ἀπ-

428 2900 637 2969 είργων
658 2902 755 2971 τὴν
781 2902 1009 2973 δύναμιν
1037 2907 1217 2959 πᾶσαν
1252 2906 1361 2958 τῶν
1388 2909 1682 2979 πολεμίων,
1727 2909 1820 2962 καὶ
1855 2910 2017 2980 μόνος

433 2990 514 3052 εἰς
557 2991 824 3060 μυριάδας
853 2991 1263 3062 ἀνθιστάμενος,
1315 2996 1410 3048 καὶ
1453 2995 1662 3058 τούτοις
1698 2998 1897 3051 ἄϐατον
1937 3000 2018 3059 εἰς

431 3080 496 3131 τὸ
523 3079 709 3147 πρόσω
733 3082 832 3151 τὴν
851 3081 1027 3152 ὁρμὴν
1049 3083 1292 3153 ἐπισχών
1312 3099 1325 3114 ·
1353 3088 1381 3138 ό
1401 3085 1456 3138 δὲ
1487 3088 1583 3157 μιᾷ
1608 3088 1748 3157 φορᾷ
1772 3089 1867 3140 καὶ
1888 3105 2021 3159 προ-

432 3171 637 3241 θυμίας
667 3171 869 3240 ἆλματι
895 3173 1250 3239 ὀκτακοσίους
1283 3177 1508 3239 ἀνελὼν,
1541 3179 1638 3232 καὶ
1675 3180 1772 3248 τὴν
1805 3180 2020 3251 σπάθην

437 3261 590 3323 ἄλλος
614 3260 718 3312 τῶν
741 3261 1012 3331 πολεμίων
1041 3264 1294 3317 τοσοῦτον
1329 3266 1588 3336 φορύξας,
1613 3267 1689 3331 ὡς
1719 3269 1864 3338 ἔχειν
1893 3271 2021 3323 δυσ-

439 3353 788 3405 απόσπαστον
834 3355 932 3424 τῆς
960 3356 1254 3426 παλάμηςο
1308 3360 1360 3410 οἵ
1402 3377 1461 3411 τε
1504 3361 1829 3430 κομίσαντες
1875 3363 2021 3435 ὕδωρ

440 3445 504 3496 ἐκ
555 3444 645 3496 τοῦ
694 3444 897 3496 λάκκου
941 3445 1190 3514 Βηθλεὲμ
1244 3449 1338 3501 καὶ
1391 3453 1570 3502 πᾶσαν
1621 3453 2023 3524 ἀναρρήξαντες

1448 325 1539 380 AD
1578 320 1891 379 CARMINA
1932 320 1989 375 S.
2033 316 2366 372 GREGORII
2403 315 2654 373 THEOL.

2103 434 2208 504 τὴν
2263 439 2370 492 τῶν
2419 437 2675 492 ἐναντίων
2723 433 3102 506 παρεμϐολὴν,
3153 431 3206 483 οἵ
3249 444 3307 482 τε
3355 426 3691 486 διασπῶντες

3579 307 3689 364 ,198

2105 537 2323 595 λέοντας
2350 531 2482 583 ὡσεὶ
2508 529 2692 599 ἔριφον
2711 567 2726 590 ,
2757 527 2810 580 οῖ
2835 543 2893 578 τε
2923 528 3036 588 τοῖς
3068 524 3256 592 γίγασι
3286 521 3484 589 γυμνοὶ
3519 534 3689 586 προσ-

2108 631 2276 692 ιόντες
2325 625 2420 678 καὶ⁵
2476 621 2808 692 δαμάζοντες
2853 617 3115 680 τούτους,
3169 614 3223 667 οἵ
3269 629 3329 666 τε
3363 610 3544 684 ῥάϐδῳ
3595 607 3691 662 καὶ

2105 723 2273 784 λίθοις
2319 714 2663 785 καθύπερθεν
2721 711 2819 780 τὴν
2871 705 3174 779 παράταξιν
3229 703 3693 775 μεταστήσαντες,

2107 817 2208 868 ὃσα
2233 829 2292 866 τε
2333 810 2470 866 ἄλλα
2493 810 2592 862 σὺν
2625 804 2852 876 ἀληθείᾳ
2903 805 3015 864 τοῖς
3048 798 3328 870 θεοφόροις
3354 795 3691 868 ὴρίστευται.

2109 905 2292 959 Ταῦτα
2317 903 2425 972 γὰρ
2451 901 2699 970 Ὅμηρος
2716 893 3052 966 τονθορύζων
3085 891 3180 944 καὶ
3208 885 3556 959 βληχώμενος
3582 883 3696 944 τοῖς

2114 998 2262 1060 ἰδίοις
2288 991 2728 1066 μεταπλάττεται
2764 986 2953 1058 μύθοις
2973 1001 2986 1014 °
3019 983 3316 1053 τεκμήριον
3349 979 3408 1032 δὲ
3451 975 3545 1030 τοῦ
3565 974 3696 1043 ψεύ-

2109 1089 2252 1151 δους,
2287 1085 2381 1138 καὶ
2410 1083 2519 1135 τῶν
2551 1079 2830 1150 ὀνομάτων
2856 1079 2890 1147 ὴ
2926 1075 3193 1136 σύνθεσις.
3246 1073 3358 1124 Καὶ
3404 1069 3512 1138 γάρ
3554 1067 3695 1120 αὐτὰ

2112 1179 2233 1233 καθ’
2261 1175 2431 1230 έαυτά
2452 1173 2548 1227 καὶ
2573 1171 2641 1224 τά
2662 1165 3064 1240 πατρωνυμικά
3093 1162 3453 1231 συντιθέμενα
3483 1155 3696 1225 εὐφυῶς

2115 1273 2211 1325 ἴδοι
2241 1286 2325 1332 τις
2350 1269 2434 1322 ἄν.
2487 1267 2562 1319 Οὐ
2610 1264 2717 1333 γὰρ
2767 1264 2825 1314 ὲν
2852 1260 2985 1311 πᾶσι
3010 1259 3120 1318 τοῖς
3154 1251 3427 1313 τοσούτοις
3470 1248 3695 1317 ὀνόμασι

2113 1364 2286 1418 κῶλον
2313 1361 2464 1432 εὖροι
2496 1375 2601 1422 τις,
2635 1355 2770 1408 ἀλλὰ
2803 1352 2896 1406 καὶ
2923 1349 3020 1412 τὰς
3053 1345 3313 1418 βραχείας
3336 1343 3431 1396 καὶ
3464 1340 3561 1402 τὰς
3591 1355 3697 1432 μαῖ

2115 1456 2274 1528 κ’ράς,
2293 1426 2500 1517 ῶςψὰπδ
2531 1447 2833 1508 συνθέσεως
2867 1441 3152 1528 κειμένας·
3191 1439 3329 1528 ὅπερ
3353 1426 3697 1528 sociasti-53

2116 1519 2403 1616 φρονοῦσιν
2427 1539 2704 1612 ἀρίδηλον,
2740 1536 2822 1588 ὅτι
2855 1527 3184 1605 μεταγαγὼν
3217 1527 3314 1598 τὴν
3342 1523 3515 1616 ἀληθῆ
3545 1519 3701 1616 δόξαν

2117 1613 2196 1700 εἰς
2225 1635 2519 1705 πλάσματα
2545 1672 2561 1695 ,
2622 1630 2749 1692 τοὺς
2810 1626 3034 1697 μηδέπω
3090 1618 3380 1690 γεγονότας
3426 1613 3704 1705 ὡςόντας

2121 1704 2386 1799 μυκᾶται,
2416 1722 2644 1778 κολοιῶν
2668 1718 3040 1791 ἀμφιθέμενος
3071 1712 3294 1784 τρόπον,
3318 1704 3616 1776 ἀλλοτρίοις
3645 1719 3702 1753 τε

2116 1816 2587 1888 καλλωπιζόμενος
2625 1813 2832 1866 ἄνθεσι.
2907 1807 3001 1878 Μὴ
3050 1804 3231 1857 τοίνυν
3275 1799 3588 1888 ἀντωπήσῃ-
3625 1811 3705 1855 τις

2115 1884 2378 1970 τοιούτοις
2429 1884 2670 1976 ῥήμασιν
2719 1903 2808 1970 (οὺ
2840 1899 2949 1969 γὰρ
2988 1894 3208 1967 θέμις),
3251 1892 3348 1960 τῆς
3397 1884 3707 1959 βροντῶσης

2125 1999 2311 2070 φωνῆς
2339 1998 2408 2052 τὰ
2430 1991 2554 2050 ’θεῖα
2575 1993 2790 2048 ἀκούων
2806 1987 3105 2062 Γρηγορίου
3131 1985 3380 2053 λέγοντος
3409 1993 3422 2007 ·

2119 2108 2228 2164 248
2288 2105 2482 2161 Οὐδὲν
2524 2101 2956 2170 ἐπιστρέφομαι
2981 2139 2997 2164 ,
3056 2094 3156 2151 καὶ
3205 2093 3262 2147 ετ
3305 2079 3708 2229 τινίῗὲοέρέον

2119 2247 2228 2302 εις)
2267 2249 2349 2301 Οὐ
2379 2245 2610 2307 θεόθεν,
2637 2243 2874 2307 ,ϐίϐλων
2897 2237 2968 2292 δὲ
2989 2223 3494 2304 παρακλέψιιιῖτες
3525 2223 3705 2294 ἐμεῖο.

2118 2362 2224 2416 255
2254 2359 2462 2424 Φοῖϐος
2486 2356 2841 2427 μαντεύοιτο
2863 2350 3015 2406 θεῶν
3029 2349 3221 2417 μόρον
3240 2339 3434 2396 οὐκέτ’
3458 2339 3704 2392 ἐόντων.

2193 2454 2334 2522 Ἤδη
2371 2452 2468 2522 μὲν
2498 2451 2712 2520 εἴρηται
2743 2445 2872 2516 περὶ
2903 2442 2996 2496 τοῦ
3031 2437 3222 2505 Λοξίου
3267 2434 3388 2487 θεοῦ
3431 2428 3703 2522 ’Λπόλλω-

2120 2559 2232 2609 νος,
2265 2518 2348 2594 ὅτι
2372 2518 2516 2602 -τοὺς
2553 2518 2846 2608 -χρησμοὺς
2887 2528 3116 2597 ἀσαφῶς
3154 2527 3434 2596 παρεῖχεν,
3473 2519 3595 2609 ὅθεν
3625 2518 3705 2609 εἰς

2121 2633 2426 2689 τούναντίον
2473 2633 2582 2691 τοῖς
2619 2621 3132 2698 χρησμῳδουμένοις
3181 2614 3468 2673 ἀπέϐαινε,
3503 2607 3583 2660 διὸ
3612 2607 3706 2698 και

2121 2722 2317 2787 Λοξίας
2343 2719 2564 2791 ἐκλήθη.
2622 2696 2782 2769 -Ἔστι
2819 2715 2915 2784 μὲν
2974 2707 3066 2764 οὖν
3093 2707 3270 2768 Φωκὶς
3316 2702 3470 2773 χώρα
3528 2700 3586 2791 ἐν
3637 2696 3706 2791 τῇ

2131 2813 2346 2867 Ἐλλάδι
2371 2828 2385 2843 °
2423 2789 2479 2863 ἐν
2504 2807 2678 2881 ταύτῃ
2705 2805 2858 2868 πόλις
2891 2801 3010 2855 ἐστὶ
3038 2795 3345 2867 καλουμένη
3372 2789 3564 2857 Δελφοί
3585 2803 3608 2881 ’λ
3651 2789 3710 2839 ὲν

2123 2907 2297 2976 ταύτῃ
2330 2906 2395 2974 τῇ
2426 2901 2580 2954 πόλει
2618 2879 2764 2952 ἐστὶν
2806 2895 2952 2967 ἱερὸν
2977 2891 3072 2946 τοῦ
3117 2887 3450 2947 ’Λπόλλωνος
3470 2882 3499 2934 ὃ
3528 2879 3714 2976 καλεῖ-Ζ

2122 2969 2433 3054 ται
2494 2991 2744 3059 ἐντούτῳ
2769 2987 2846 3058 τῷ
2899 2983 3029 3054 ἱερῷ
3054 2979 3121 3053 ἦν
3159 2981 3188 3034 6
3234 2978 3486 3049 τρίπους,
3541 2969 3715 3025 καὶαι

2132 3091 2403 3159 μαντεῖαι,
2427 3086 2522 3139 καὶ
2543 3083 2712 3154 ψῆφοι
2731 3076 2872 3151 ἦσαν
2905 3077 2963 3128 ὲν
2984 3076 3052 3145 τῇ
3084 3071 3294 3141 κεφαλῇ
3318 3066 3414 3121 τοῦ
3439 3061 3713 3159 τρίποδος.

2139 3153 2334 3236 Ἦνίκα
2351 3173 2444 3231 οῦν
2461 3178 2489 3228 ὁ
2509 3153 2907 3245 μαντευόμενος
2936 3165 3126 3237 ἠρώτα
3151 3163 3282 3232 περὶ
3307 3161 3407 3228 τῆς
3434 3153 3714 3245 μαντεία-ς,

2129 3276 2186 3329 αἱ
2214 3258 2386 3343 ψῆφοι
2419 3269 2640 3340 ἥλλοντο
2666 3265 2759 3319 καὶ
2786 3261 3061 3316 ἐκινοῦντο
3091 3261 3148 3312 ὲν
3177 3256 3388 3315 αὑταῖς.
3451 3251 3585 3302 Τότε
3621 3243 3715 3299 οῦν

2131 3371 2164 3439 ἡ
2191 3339 2381 3438 μάντις
2414 3339 2724 3430 ἐνεφορεῖτο
2745 3358 2838 3410 καὶ
2868 3354 3052 3423 ἔλεγεν
3083 3353 3225 3420 άπερ
3259 3345 3501 3441 ῆθελενό
3516 3339 3714 3441 ρλἱπόλῐ

2304 3454 2578 3508 Ἐκαλεῖτο
2615 3451 2671 3504 δὲ
2719 3452 2752 3520 ἡ
2803 3447 3076 3520 προφῆτις
3115 3441 3312 3502 Πυθία,
3369 3437 3436 3506 ἣν
3480 3434 3713 3500 ἀλλαχοῦ

439 3663 646 3730 regina,
676 3662 810 3716 artis
833 3662 1072 3716 metricae
1098 3661 1450 3731 peritissime,
1471 3669 1532 3714 ut
1561 3660 1857 3714 multarum
1893 3661 2095 3714 artium
2133 3663 2514 3714 humanarum.
2541 3657 2612 3713 De
2635 3674 2797 3714 cruce
2827 3657 3047 3729 quidem
3081 3659 3370 3715 manifeste
3397 3661 3690 3730 propheta-

439 3737 533 3792 ιιι,
560 3734 627 3784 de
663 3733 882 3786 Christo
923 3742 978 3787 et
1007 3733 1075 3786 de
1105 3734 1282 3786 salute
1302 3733 1546 3785 omnium
1581 3731 1925 3799 popnlm'nm.
2011 3775 2014 3778 .

508 3801 804 3872 Gregorius
829 3816 925 3856 eos
963 3801 1327 3870 derelinquit;
1359 3816 1465 3872 non
1493 3801 1638 3872 enim
1679 3799 1908 3872 collegio
1941 3799 2246 3872 theologico
2264 3813 2359 3872 eos
2375 3799 2569 3872 dignos
2597 3808 2803 3861 censet,
2835 3799 2927 3872 sed
2958 3799 3273 3872 ntlatronqs
3308 3801 3686 3868 reprehendit;

430 3867 682 3940 Gregorii
711 3872 858 3926 enim
895 3872 1065 3925 libros
1129 3867 1316 3926 sacros
1355 3870 1630 3930 sull‘nrati,
1665 3867 1929 3937 profanos
1962 3885 2094 3922 suos
2141 3870 2264 3922 inde
2295 3869 2714 3940 locuplgarunt,
2763 3878 2823 3922 ut
2875 3867 3166 3922 Homerus.
3213 3867 3419 3940 ania
3469 3888 3591 3940 quae
3622 3874 3690 3925 de

440 3937 602 3995 Sanle
627 3951 681 3995 et
713 3941 912 3995 Davide
937 3942 1134 4010 scripta
1161 3950 1309 4002 sunt,
1333 3942 1399 3994 de
1419 3956 1541 4001 suo,
1579 3943 1740 4006 inque
1761 3955 1934 4010 suum
1965 3954 2122 3991 usum
2149 3941 2465 4010 convertit._
2486 3937 2722 3992 Fortiter
2757 3941 2921 4010 laeta
2943 3948 3095 3991 certo
3158 3939 3223 3990 ad
3252 3937 3506 4010 Davide
3566 3957 3689 4010 spe-

431 4020 606 4073 ctant,
629 4021 685 4066 et
724 4012 807 4066 his
842 4010 1000 4065 factis
1030 4008 1300 4065 Homerus
1341 4011 1543 4063 culices
1595 4026 1727 4062 suos
1759 4009 1809 4060 in
1862 4011 2111 4063 homines
2139 4009 2258 4062 vult
2287 4008 2713 4073 transformare;
2749 4025 2805 4063 re
2838 4008 2980 4061 cnim
3011 4024 3135 4061 vera
3162 4010 3255 4062 lilii
3299 4008 3462 4064 David
3497 4008 3686 4076 fortes,

437 4082 627 4134 divino
666 4081 872 4134 auxilio
913 4080 1106 4149 adjuti,
1160 4081 1417 4134 virtutem
1497 4079 2493 4149 super-naturalem_demonstrarnnt.
2555 4077 2784 4149 Divinos
2831 4078 2975 4149 enim
3041 4079 3335 4145 Apostolus
3376 4082 3454 4134 sic
3509 4081 3684 4135 dicit:

445 4151 656 4218 Deﬁciet
686 4167 764 4202 me
795 4146 999 4218 tempus
1023 4161 1359 4204 enarrantem
1388 4149 1452 4201 de
1485 4148 1711 4210 Gedeon,
1749 4148 1945 4207 Barac,
1983 4146 2233 4212 Samson,
2271 4147 2514 4216 Jephthe,
2591 4148 2784 4212 David,
2821 4146 3038 4201 Samuel
3067 4156 3117 4199 et
3147 4150 3442 4217 prophetis,
3477 4152 3567 4219 qui
3593 4166 3687 4217 per

437 4222 596 4287 [idem
618 4223 847 4273 vicerunt
881 4237 1059 4288 regna,
1087 4221 1288 4287 operati
1317 4227 1437 4272 sunt
1455 4219 1744 4287 justitiam,
1788 4219 1966 4285 adepti
1993 4229 2114 4270 sunt
2148 4219 2594 4285 repromissiones,
2626 4219 2997 4271 obtnraverunt
3025 4233 3121 4269 ora
3151 4221 3381 4282 leonum,
3413 4222 3683 4274 exstinxe-

441 4302 559 4342 nmt
617 4291 864 4356 impetum
901 4291 1059 4357 ignis,
1088 4291 1382 4358 e/fugertmt
1439 4289 1602 4340 aciem
1652 4289 1841 4356 gladii,
1873 4289 2251 4340 convaluerunt
2282 4290 2344 4340 de
2369 4290 2700 4356 inﬁrmitate,
2728 4288 2890 4358 fortes
2926 4288 3058 4358 facti
3088 4298 3210 4340 sunt
3239 4289 3469 4358 inbelle,
3505 4302 3684 4344 castra

434 4369 696 4412 rerterunt
721 4370 1040 4422 exterarum,
1081 4357 1389 4426 acceperunt
1431 4358 1674 4411 mulieres
1714 4361 1776 4411 de
1820 4359 2196 4412 resurrectione
2228 4369 2461 4410 mortuos
2495 4376 2614 4411 suos
2642 4359 2679 4412 ί.
2712 4357 2958 4426 Namque
2981 4357 3061 4411 sic
3097 4367 3325 4425 egerunt
3351 4357 3512 4415 Jesus
3539 4362 3683 4416 lilius

439 4429 606 4493 Nave,
642 4429 1146 4498 Glialeb,Jeplitlie,
1179 4430 1422 4491 Gedeon,
1463 4427 1655 4498 Barac,
1695 4429 1953 4490 Samson,
2014 4428 2201 4489 David,
2233 4426 2500 4482 Jonatltas
2554 4443 2859 4496 omnesque
2917 4427 3010 4498 filii
3041 4426 3210 4481 fortes
3268 4427 3460 4483 David.
3529 4428 3684 4485 Unus

437 4501 583 4552 enim
609 4515 827 4552 omnem
861 4508 1179 4567 potestatem
1204 4499 1442 4554 hostium
1477 4497 1544 4550 ad
1575 4499 1896 4565 parvitatem
1931 4498 2154 4566 redegit.
2181 4513 2242 4550 se
2267 4513 2433 4550 unum
2468 4511 2657 4553 contra
2680 4500 2865 4552 decem
2895 4506 2949 4550 et
2978 4497 3165 4550 decem
3200 4498 3370 4551 millia
3403 4503 3681 4568 opposuit,

441 4571 772 4636 illornmqne
805 4569 1064 4636 impetum
1089 4585 1156 4622 ex
1191 4572 1420 4622 adverso
1437 4570 1802 4635 compescuit.
1839 4569 1987 4620 Alter
2041 4584 2149 4619 uno
2173 4569 2372 4634 impetu
2398 4581 2450 4621 et
2479 4583 2735 4636 aggressu
2781 4568 3121 4634 octingentos
3173 4568 3391 4633 delevit,
3441 4570 3684 4624 lanceam

439 4641 510 4692 ita
544 4641 596 4692 in
624 4639 858 4692 hostium
893 4639 1060 4693 latere
1085 4640 1274 4708 ligens,
1311 4648 1365 4691 ut
1429 4639 1640 4692 extrahi
1675 4639 1944 4707 nequiret.
1997 4637 2101 4689 Alii
2125 4654 2321 4704 aquam
2351 4654 2414 4692 ex
2450 4639 2567 4691 lacu
2617 4638 3061 4690 Bethlehcmitico
3095 4646 3335 4705 portant,
3367 4649 3420 4692 et
3449 4649 3557 4693 tota
3588 4656 3686 4693 ex-

434 4719 677 4763 tet-orum
708 4718 886 4762 castra
907 4707 1192 4773 evertunt;
1224 4708 1315 4762 alii
1349 4709 1533 4761 leones
1554 4708 1822 4762 dilaniant
1844 4717 1905 4761 ut
1940 4709 2156 4770 Inedos;
2186 4708 2274 4760 alii
2295 4707 2421 4761 nudi
2457 4709 2715 4761 immania
2743 4709 3020 4775 gigantum
3042 4721 3270 4775 corpora
3291 4709 3557 4775 vincunt;
3592 4712 3683 4763 alii

437 4780 585 4848 virga
614 4789 667 4832 et
699 4778 972 4846 lapidibus
1005 4781 1200 4832 armati
1231 4780 1464 4833 hostium
1493 4777 1984 4848 aciemdissipant,
2007 4787 2061 4830 et
2093 4793 2214 4845 qua:
2245 4778 2347 4830 alia
2379 4779 2446 4830 ab
2471 4779 2784 4848 hominibus
2818 4777 3018 4848 divinis
3053 4776 3359 4848 secundum
3396 4780 3680 4834 veritatem

436 4846 793 4916 peraguntur.
848 4849 974 4903 lltec
1010 4850 1193 4902 omnia
1221 4850 1486 4902 Homerus
1519 4847 1861 4900 mussitando
1892 4866 1954 4900 ac
1997 4847 2225 4900 halantlo
2247 4865 2369 4899 eum
2402 4851 2517 4901 suis
2550 4847 2748 4902 fabulis
2789 4847 2992 4900 miscet.
3047 4846 3272 4915 Signum
3304 4864 3436 4902 sane
3473 4850 3682 4905 fraudis

435 4919 681 4986 ipsorum
712 4919 996 4972 nominum
1031 4919 1358 4987 compositio
1387 4927 1504 4983 est;
1538 4917 1694 4970 facile
1725 4919 1868 4970 enim
1902 4919 2119 4981 videtis,
2155 4918 2477 4985 appellativa
2513 4933 2636 4970 eum
2665 4925 2719 4970 et
2745 4917 3116 4987 patronymica
3149 4923 3385 4971 scienter
3410 4919 3640 4974 miscere
3667 4940 3678 4971 :

436 5005 544 5040 non
587 4989 731 5041 enim
768 4988 818 5040 in
848 4999 927 5042 tot
956 4986 1269 5043 nominibus
1326 5004 1462 5053 apex
1493 4996 1576 5042 est
1605 4987 1855 5046 visibilis.
1893 4987 1986 5040 sed
2021 5003 2120 5040 nec
2175 4989 2364 5040 breves
2393 4988 2593 5042 videris
2616 5003 2741 5040 cum
2784 4988 2997 5054 longis;
3028 4986 3130 5039 viri
3161 4998 3339 5041 autem
3362 4989 3506 5043 docti
3534 4991 3681 5043 clare

434 5060 617 5112 vident
648 5059 791 5126 quod
814 5074 994 5112 veram
1031 5059 1259 5126 gloriam
1291 5059 1342 5111 in
1377 5057 1624 5110 fictiones
1654 5057 2030 5128 transformat,
2054 5057 2203 5110 nullo
2222 5057 2543 5110 discrimine
2574 5057 2758 5109 habito
2792 5057 2936 5128 inter
2969 5057 3302 5124 praeteritum
3331 5067 3385 5113 et
3417 5074 3679 5128 praesens.

434 5129 640 5196 gracnli
675 5143 828 5183 more
856 5129 1087 5184 aliorum
1119 5130 1310 5198 pennis
1330 5143 1451 5182 sese
1481 5143 1706 5181 ornans.
1744 5127 1840 5182 llis
1881 5128 2060 5182 verbis
2096 5130 2337 5180 animum
2369 5143 2436 5181 ne
2470 5128 2740 5191 attendas,
2777 5126 3071 5196 Gregorius
3095 5141 3224 5182 voce
3251 5126 3471 5182 tonante
3499 5131 3680 5184 tlivina

449 5200 704 5252 iroltibet.

449 5215 586 5250 )I'OIII
632 5215 704 5250 υι.

433 5215 448 5266 ι
498 5215 628 5320 latin)
649 5283 811 5337 supra
845 5269 1182 5338 dictumiest,
1221 5267 1524 5337 Apollinem
1576 5265 1799 5338 Loxiam
1823 5268 2042 5338 oracula
2071 5282 2168 5322 sna
2201 5265 2458 5334 ambigue
2501 5267 2909 5338 pronuntiasse,
2927 5281 3160 5338 eamque
3183 5267 3593 5338 ambiguitatem
3626 5271 3679 5324 in

431 5353 516 5389 res
545 5338 692 5406 ipsas
720 5336 1016 5394 derivasse.
1053 5337 1251 5409 Lgxias
1275 5336 1405 5409 hinc
1432 5353 1648 5409 nomen.
1685 5336 1856 5407 Regio
1890 5340 1944 5390 in
1971 5337 2178 5392 Graecia
2207 5339 2454 5406 quredam
2504 5336 2702 5409 Phocis
2732 5339 3034 5409 appellatur
3060 5336 3172 5393 {ibi
3201 5336 3389 5409 Delphi
3419 5341 3678 5407 oppidum

428 5423 554 5478 cum
586 5409 787 5476 templo
809 5409 1074 5476 Apollinis
1094 5407 1291 5478 Pythii;
1325 5408 1380 5461 in
1409 5422 1484 5478 eo
1505 5408 1700 5475 tripus,
1736 5424 1902 5476 super
1933 5423 2043 5477 quo
2072 5409 2295 5462 oracula
2338 5416 2394 5461 et
2424 5408 2726 5478 sententiae.
2765 5407 2991 5473 Quoties
3017 5409 3180 5478 igitur
3213 5409 3280 5464 de
3303 5407 3545 5464 oraculis
3577 5411 3679 5463 ali-

425 5477 550 5548 quis
579 5479 902 5533 consulebat
944 5477 1162 5548 deum;
1197 5477 1490 5531 latrunculi
1521 5479 1660 5532 saltu
1711 5481 2090 5533 mtwehantnr.
2128 5481 2268 5532 'l‘um
2327 5485 2478 5532 vates
2518 5477 2854 5532 voluntatem
2912 5477 3181 5548 Apollinis
3234 5481 3562 5548 proferebat.
3613 5513 3684 5523 —-

421 5544 779 5616 l’rophetissa
815 5551 1114 5604 vocabatur
1141 5547 1354 5620 Pythia,
1384 5564 1548 5617 quam
1599 5548 1893 5621 Gregorius
1925 5549 2052 5605 alibi
2081 5549 2402 5619 inspiratam
2428 5555 2481 5602 et
2503 5548 2705 5604 exstasi
2729 5544 3010 5620 abreptam
3038 5544 3260 5617 indicat,
3291 5551 3366 5604 ita
3408 5559 3467 5604 ut
3496 5552 3678 5606 omnis

500 5724 512 5755 '
549 5723 712 5781 licbr.
752 5743 828 5792 xl,
868 5728 934 5782 3:2
976 5746 1093 5798 sqq.
