4182 6384
462 388 565 443 51⁷⁷

463 507 698 561 19.90in
717 505 865 571 ἀΐεις
887 504 984 559 καὶ
1008 505 1237 573 πρόσθε
1253 503 1389 557 τεὸν
1411 504 1613 574 πατέρ’
1636 506 1715 571 ὡς
1739 505 2053 575 ἀπάτησεν

463 578 566 631 150
666 576 1073 644 Ἀνδροφόνοιο
1095 575 1287 643 φυτοῦ
1313 576 1565 644 εὔχροος
1587 578 1831 645 ἀγλαΐη.

534 668 818 739 Μέμνηται
850 670 951 738 τῆς
984 666 1125 720 κατὰ
1153 666 1244 719 τὸν
1289 666 1460 737 Ἀδάμ
1500 668 1895 739 παραϐάσεως·
1934 669 2049 722 ἐστι

459 762 516 816 δέ
543 764 577 832 ἠ
608 763 819 833 ἱστορία
848 763 907 813 ἐν
935 760 1014 830 τῷ
1044 761 1090 831 β’
1121 760 1288 829 λόγῳ.

463 853 567 910 159
618 853 798 907 Τοῦτο
853 852 923 906 δὲ
973 852 1071 905 καὶ
1122 850 1317 905 πλέον
1358 851 1491 905 ἐστὶ
1536 853 1828 922 γελοίϊον,
1887 848 2050 906 οἶδεν

1598 921 1615 994 [
1631 922 1909 994 ἄκοσμον

461 992 566 1048 MO
686 988 863 1059 Εἶδος
891 993 1122 1063 ἔχουσα
1141 992 1319 1061 γυνὴ,
1355 991 1456 1046 καὶ
1488 988 1693 1047 παὶἐει
1713 988 1974 1061 Δανάην.

529 1086 711 1156 Δανάη
750 1087 888 1157 γυνή
924 1087 1072 1138 ἐστιν
1106 1085 1361 1156 ἐρωμένη
1407 1085 1563 1148 Διὸς,
1618 1085 1898 1156 Ἀκρισίου
1949 1085 2048 1156 μὲν

458 1175 726 1247 Θυγάτηρ,
762 1176 1017 1247 Περσέως
1046 1176 1103 1230 δὲ
1135 1178 1348 1247 μήτηρ·
1380 1175 1521 1247 αὕτη
1552 1177 1609 1230 δὲ
1649 1177 1872 1247 τρόποις
1906 1178 2047 1247 ἐμη-

459 1269 662 1337 χανᾶτο
708 1268 1107 1341 στιόαζομένη,
1160 1270 1413 1339 αἰσχροῖς
1453 1268 1511 1321 δὲ
1545 1272 1788 1341 σχήμασι
1832 1268 2045 1334 κλειζο-

460 1359 626 1431 μένη·
657 1360 739 1413 διὸ
782 1360 811 1411 6
850 1362 984 1425 Ζεὺς
1010 1361 1086 1424 ὡς
1142 1360 1343 1431 χρυσὸς
1375 1360 1513 1432 αὐτῇ
1562 1361 1886 1431 φαινόμενος
1924 1378 2047 1416 συν-

457 1453 745 1507 εκάθευδεν
769 1453 927 1525 αὐτῇ.
967 1452 1362 1525 Περιτιθεμένη
1393 1451 1503 1524 γὰρ
1532 1453 1699 1524 ἐαυτῇ
1732 1453 1793 1506 τὸ
1821 1454 2044 1526 χρυσίον

457 1549 492 1619 ὴ
526 1546 739 1616 Δανάη,
771 1541 909 1608 εἶδός
937 1545 1085 1598 ἐστιν
1118 1546 1178 1598 ἐν
1206 1539 1251 1614 ᾧ
1281 1543 1694 1616 μετεμορφοῦτο
1723 1547 1752 1599 6
1780 1547 1915 1610 Ζεὺς
1947 1546 2041 1599 οὕ·-

456 1656 565 1701 τως
593 1638 908 1707 εὐσχήμονι,
940 1636 1161 1709 καὶγὰρ
1185 1636 1413 1707 διερρύη
1441 1636 1502 1690 τὸ
1530 1636 1775 1706 χρυσίον,
1800 1638 1894 1689 καὶ¹
1914 1655 2041 1691 συν-

457 1729 672 1798 εγένετο
714 1729 873 1799 αὐτῇ.
916 1729 1181 1798 Μιμεῖται
1222 1729 1403 1781 τοίνυν
1448 1727 1544 1798 τὴν
1598 1727 1833 1798 Δανάην,
1876 1729 2042 1799 φησὶν

455 1824 485 1874 6
511 1823 653 1884 θεῖος
679 1820 1004 1892 Γρηγόριος,
1037 1820 1175 1891 γυνὴ
1208 1819 1683 1891 καλλωπιζομένη,
1716 1821 1819 1873 κᾶν
1846 1821 2043 1891 εὔσχη-

458 1931 559 1984 μον
588 1909 727 1976 εἶδος
757 1912 856 1986 ἔχῃ
876 1954 892 1977 ,
925 1912 1365 1984 προσεπινοοῦσα
1402 1914 1692 1984 χρωμάτιά
1721 1931 1841 1968 τινα
1870 1914 1938 1968 δι’
1965 1908 2041 1967 ὧν

454 2011 581 2071 τοὺς
612 2005 934 2077 ἀνθρώπους
965 2006 1273 2074 ἐφέλκεται,
1310 2005 1385 2068 ὼς
1416 2007 1449 2075 ή
1476 2006 1677 2075 Δανάη.

457 2098 562 2153 155
603 2097 961 2169 Πυνθὰνομ’,
989 2099 1071 2165 ὠς
1102 2098 1324 2160 κενεὴν
1355 2098 1453 2151 καὶ
1483 2098 1760 2169 ἀνείδεον
1788 2101 2039 2168 ὑστερό-

455 2240 560 2296 154
674 2239 818 2309 Ἠχὼ
845 2257 935 2305 τις
967 2238 1217 2303 ποθέων,
1252 2237 1487 2298 π.1άζ“εθ’
1519 2167 1988 2307 eaeifaaangr.

530 2333 668 2404 Ἤδη
701 2334 800 2403 μὲν
830 2332 959 2403 περὶ¹
991 2332 1168 2395 Πανὸς
1194 2332 1435 2402 εἴρηται,
1460 2332 1537 2394 ὡς
1564 2332 1805 2402 αὑλητὴς
1827 2332 1902 2384 ὢν
1927 2330 2037 2383 τῶν

450 2424 625 2493 ὀρέων
652 2426 765 2485 τοῖς
791 2423 998 2492 άντηχὴ
1009 2440 1172 2493 μασιν
1200 2423 1461 2493 ἐτέρπετο
1482 2422 1581 2493 τῆς
1610 2420 1803 2474 ἐαυτοῦ
1830 2422 2035 2491 φωνῆς.

457 2516 561 2569 155
592 2516 702 2569 Καὶ
728 2514 968 2585 μορφῆς
996 2517 1128 2569 ποθ’
1158 2514 1266 2584 ἑῆς
1300 2532 1389 2581 τις
1414 2515 1737 2593 ἐράσσατο,
1758 2514 1855 2593 καλ
1888 2515 2038 2568 κατὰ

1696 2601 1840 2637 πίονι

456 2657 560 2712 156
670 2657 880 2713 ’Ἡλατ’
908 2656 1001 2709 ἐπ’
1028 2655 1255 2721 εἰδώλῳ
1282 2654 1541 2721 κάλλεος

526 2771 720 2823 Κεῖται
756 2770 856 2839 μὲν
890 2771 949 2822 ἐν
978 2768 1055 2840 τῷ
1087 2766 1164 2836 ξγ¹
1196 2767 1359 2838 λόγῳ.
1392 2767 1705 2838 Νάρκισσος
1734 2761 1885 2830 οὕτος
1909 2763 1978 2837 ἦν
2009 2768 2038 2819 6

456 2863 782 2934 κυνηγέτης,
808 2863 867 2925 ὂς
896 2862 973 2914 ὣν
1006 2860 1217 2932 χαρίεις
1246 2860 1343 2931 τὴν
1369 2860 1490 2929 ὄψιν
1524 2860 1827 2930 ὑπεράγαν,
1859 2859 2037 2930 ὀργών

454 2972 513 3008 τε
547 2958 612 3025 τῇ
653 2954 977 3026 Ἀφροδίτῃ,
1004 2955 1099 3006 καὶ
1143 2952 1399 3022 πιόμενος
1441 2953 1534 3004 ἐπὶ
1564 2953 1748 3023 πηγὴν
1780 2952 2032 3023 ἔρχεται·

452 3048 553 3117 τῆς
572 3046 781 3110 οἰκείας
807 3046 865 3099 δὲ
898 3045 1112 3117 μορφῆς
1146 3044 1399 3115 ἐρασθεὶς
1434 3042 1536 3113 τῆς
1576 3044 1758 3114 πηγῆς
1788 3044 2034 3115 κατεπή-

451 3138 635 3209 δησεν,
669 3138 806 3209 ὁμοῦ
836 3137 925 3191 τοῦ
958 3138 1186 3199 κάλλους
1213 3135 1307 3190 τοῦ
1338 3135 1583 3207 ὀλεθρίου
1614 3134 1689 3207 τῷ
1716 3135 1917 3206 είδὼλῳ
1945 3136 2035 3189 τὸν

453 3227 684 3281 θάνατον
710 3226 1171 3297 ἐπισπασάμενος.

454 3319 557 3375 157
588 3320 773 3387 Ἄλλη
806 3318 859 3371 δ’
902 3318 979 3372 ἂν
1007 3317 1279 3387 ποταμοῦ
1304 3317 1514 3382 καλοῖς
1544 3316 1883 3393 ἐπεμήνατο
1912 3319 2035 3387 ῥεί-

452 3459 557 3515 158
687 3460 965 3523 Μαίνετο,
989 3459 1116 3513 οὐδ’
1152 3460 1338 3528 ὄχθας
1368 3458 1463 3529 ἥγ’
1494 3390 2033 3527 ἀπέλὲιᾌοξίλαςο

454 3531 559 3584 159
592 3532 831 3585 Λὰπτεν
864 3530 1022 3597 ὕδωρ
1045 3570 1063 3596 ,
1097 3531 1411 3599 χείρεσσιν
1460 3528 1773 3616 deﬂuam-tto
1793 3570 1808 3593 ,
1843 3531 2039 3598 ἀφρὸν

1100 3598 1103 3599 ⁷
1529 3598 1895 3669 [ἔμαρπτενσ

454 3671 560 3724 166
674 3673 827 3727 Ἀλλ’
855 3672 982 3727 οὐδ’
1013 3672 1094 3737 ὣς
1120 3671 1365 3738 πυρόεις
1396 3670 1577 3723 ὕδασι
1601 3669 1749 3738 λῆγε
1776 3670 1980 3736 πόθος.

454 3742 551 3795 161
591 3743 754 3795 οὕτω
784 3743 1018 3812 τυφλὸν
1038 3743 1185 3811 ἔρως
1220 3742 1316 3793 καὶ
1348 3740 1667 3808 ἀνάρσιον.

526 3855 674 3928 Ἥρα
707 3855 837 3909 ποτὲ
864 3857 976 3918 τοῖς
999 3856 1187 3908 ὕδασιν
1212 3855 1483 3925 ἐπεμάνη·
1504 3853 1652 3908 ἄλλοι
1678 3853 1734 3906 δέ
1755 3854 1853 3925 τὴν
1874 3855 2035 3925 Τυρὼ

453 3965 586 4019 φασι
621 3949 712 4003 τὸν
741 3948 1009 4019 ἐγχώριον
1048 3946 1295 4018 ποταμὸν
1326 3948 1458 4018 ἐρᾷν
1490 3947 1583 4000 τὸν
1628 3947 1871 4014 Ἐνιπέα,
1902 3948 2030 4002 ἔνθα

538 4206 733 4263 Adami
764 4208 1267 4279 prmvaricationem
1290 4205 1457 4261 refert
1485 4206 1539 4260 in
1571 4205 1814 4259 carmine
1841 4203 1905 4258 ll.

1497 386 1589 441 AD
1625 381 1933 443 CARMINA
1964 387 2021 443 S.
2069 384 2399 446 GREGORII
2426 386 2677 448 THEOL.

3636 398 3741 458 518

2157 510 2454 580 γενομένη,
2496 514 2615 573 ταῖς
2652 510 2840 581 δχθαις
2870 512 2965 566 τοῦ
3007 514 3253 587 ποταμοῦ
3300 517 3737 589 παρεκαθέζετο*

2155 598 2462 671 φλεγομένη
2508 601 2565 653 δέ
2612 602 2718 654 ὑπὸ
2749 601 2845 654 τοῦ
2879 603 3070 670 πόθου,
3103 605 3171 658 τά
3200 607 3439 676 γέλωτος
3469 608 3740 680 ἔπραττεν

2152 690 2311 761 ἔργα,
2337 690 2521 744 ἔπινεν
2546 690 2711 763 ὕδωρ,
2733 693 2914 762 ἤντλει
2930 699 3051 760 ταῖς
3072 700 3281 770 χερσὶν,
3310 701 3532 772 ἐκράτει
3564 718 3738 773 προσ·

2151 783 2477 850 εγγίζουσα,
2502 784 2595 837 τὸν
2620 786 2796 857 ἀφρὸν
2837 788 3051 842 ἐλούετο
3068 831 3082 855 ,
3107 791 3402 862 διηντλεῖτο
3426 796 3522 847 καὶ
3551 797 3739 866 τυχεῖν

2150 872 2250 926 οὐκ
2280 872 2507 942 ἠδύνατο
2543 875 2640 929 τοῦ
2670 875 3033 949 ποθουμένου·
3078 882 3138 934 οὐ
3168 883 3279 954 γὰρ
3305 879 3416 937 οἷόν
3448 903 3507 938 τε
3540 903 3738 955 συγγε-

2150 962 2338 1017 νέσθαι
2382 964 2520 1036 αὐτῇ
2552 965 2615 1018 τὸ
2665 964 2830 1037 ὕδωρ.
2884 969 2972 1031 Ὠς
3008 969 3065 1021 δὲ
3108 970 3281 1024 ταῦτα
3331 973 3528 1036 ἐποίει,
3571 974 3738 1027 πλέον

2149 1054 2449 1125 ἐξήπτετο,
2493 1056 2588 1109 καὶ
2625 1058 2655 1109 6
2692 1058 2969 1129 πυρωθεὶς
3001 1060 3143 1132 ἔρως
3172 1066 3232 1117 ἐν
3264 1066 3377 1129 τοῖς
3412 1064 3601 1118 ὕδασιν
3633 1067 3736 1119 οὐκ

2147 1146 2307 1217 ἧθελε
2345 1148 2683 1203 παύσασθαι.
2718 1150 2906 1217 Οὕτω,
2943 1155 3107 1225 φησὶν
3152 1155 3182 1206 6
3220 1155 3363 1219 θεῖος
3409 1157 3450 1209 Γ
3454 1157 3732 1228 ρηγόριος,

2146 1238 2347 1307 τυφλόν
2380 1256 2434 1292 τι
2470 1242 2566 1294 καὶ
2610 1240 2795 1296 ἄδικον
2840 1242 2981 1315 ἔρως
3024 1245 3164 1312 λίαν,
3214 1249 3311 1301 καὶ
3346 1248 3439 1303 τὸν
3481 1249 3734 1321 ἔμφρονα

2146 1332 2410 1396 πολλάκις
2446 1333 2553 1400 ἔξω
2582 1333 2678 1387 τοῦ
2714 1335 2807 1390 νοῦ
2858 1336 3098 1406 βάλλωνο
3128 1338 3287 1393 τοῦτο
3321 1341 3378 1394 δέ
3417 1358 3551 1412 φησι
3588 1343 3735 1395 κατὰ

2146 1424 2426 1491 γυναικῶν
2458 1424 2953 1498 καλλωπιζομένων
2973 1470 2987 1493 ,
3022 1431 3106 1483 ὅτι
3136 1431 3227 1484 διὰ
3258 1432 3472 1486 πολλῶν
3510 1434 3733 1505 τρόπων
3765 1433 3771 1439 ⁷

2144 1517 2659 1587 οίστρηλατοῦνται,
2727 1520 3149 1592 στιϐαξόμεναι,
3216 1524 3728 1595 χρωματιζόμεναι,

2145 1608 2535 1678 κοσμούμεναι,
2576 1610 2671 1665 καὶ
2705 1614 3064 1684 σωφροσύνην
3103 1615 3572 1687 σχηματιζόμεναι
3595 1661 3610 1681 ,
3657 1618 3729 1671 δι’

2144 1700 2325 1754 αὐτῶν
2350 1700 2458 1754 τῶν
2486 1702 2935 1774 ἐπιτηδευμάτων
2968 1706 3059 1759 τὸν
3089 1707 3377 1779 ἐγκάρδιον
3403 1710 3732 1780 ὑποφαίνου-

2146 1810 2231 1846 σιν
2263 1792 2467 1865 ἔρωτα.
2497 1795 2692 1847 Κετται
2724 1796 2783 1849 ἐν
2808 1796 2885 1866 τῷ
2919 1796 3045 1867 ρμβ¹
3075 1798 3235 1868 λόγῳ.

2144 1898 2248 1954 165
2273 1900 2552 1969 Πείθομαι
2576 1898 2658 1966 ὥς
2686 1915 2831 1955 ποτε
2865 1902 3084 1972 ταῦρον
3109 1903 3266 1974 ἀνὴρ
3299 1908 3492 1976 σοφὸς
3526 1906 3731 1976 ἤπαφε

2143 2039 2247 2094 166
2389 2038 2666 2110 Χρώμασι
2689 2041 3017 2112 μορφώσας
3067 1975 3726 2116 δουρατόηξρτὲἒῗιλλιν·

2140 2134 2241 2189 167
2274 2131 2482 2200 Ξεῖνος
2515 2135 2685 2203 ἐρως,
2722 2135 3045 2191 ἁπνόοισιν
3074 2139 3167 2191 ἐπ’
3195 2139 3426 2211 εἴδεσιν
3445 2182 3462 2206 ,
3491 2142 3731 2211 ἔμπνοα

2146 2273 2244 2327 168
2357 2274 2613 2330 Ὀππότε
2642 2277 2739 2331 καὶ
2768 2276 2849 2330 σὺ
2879 2276 3040 2344 νέοις
3060 2278 3290 2349 μήσαιο
3315 2209 3668 2352 τάὲῗὲῗος.

2210 2363 2382 2432 Λόγος
2412 2366 2577 2432 ἐστὶν,
2603 2368 2684 2420 ὅτι
2710 2366 2819 2419 τῶν
2851 2368 3097 2438 ἀρχαίων
3122 2387 3209 2433 τις
3238 2373 3400 2440 σοφὸς
3434 2371 3726 2444 ζωγράφος

2137 2455 2369 2523 δάμαλιν
2396 2456 2612 2528 ξυλίνην
2643 2459 2847 2528 στήσας
2877 2457 3292 2531 ἐξωγράφησεν,
3323 2458 3399 2524 ὡς
3429 2460 3528 2531 μέν
3557 2480 3720 2526 τινες,

2138 2546 2221 2599 ὅτι
2260 2547 2469 2600 ὑδάτων
2509 2547 2795 2617 δαμάλεως
2831 2549 2945 2611 τοῖς
2993 2548 3281 2620 χρώμασιν
3325 2550 3584 2618 ἐπιμίξας
3631 2552 3725 2606 και

2138 2636 2310 2701 οὕτως
2342 2640 2614 2702 σκευάσας
2654 2639 2884 2710 ἔστησεν
2913 2639 3065 2711 ὅμως
3102 2641 3200 2713 τὴν
3231 2642 3467 2713 δάμαλιν
3499 2644 3598 2714 τὴν
3627 2646 3723 2711 Eu.

2138 2727 2320 2799 λίνηνο
2349 2729 2549 2800 ταῦρος
2582 2730 2638 2782 δὲ
2673 2730 2914 2802 ἐνεχθεὶς
2946 2732 3041 2784 καὶ
3080 2734 3365 2805 παραστὰς
3395 2735 3728 2805 ἐπεμαίνετο

2138 2824 2205 2892 τῇ
2239 2821 2470 2893 δαμάλει
2512 2824 2577 2893 τῇ
2613 2820 2799 2893 ξυλίνῃ
2839 2823 2989 2890 ξένον
3031 2824 3208 2895 ἔρωτα
3257 2826 3720 2898 ἐπιδεικνύμενος.

2138 2914 2308 2985 Φησὶν
2335 2915 2364 2967 6
2396 2914 2539 2977 θεῖος
2574 2914 2895 2987 Γρηγόριος,
2939 2917 3021 2969 ὅτι
3053 2918 3110 2970 αἱ
3142 2916 3598 2990 ζωγραφούμεναι
3626 2936 3725 2988 γυο

2140 3010 2325 3070 ναῖκες
2348 3005 2630 3077 ψιμυθίοις
2660 3009 2755 3061 καὶ
2781 3009 3088 3079 φοικαρίοις
3112 3011 3208 3063 καὶ
3231 3010 3518 3082 χρώμασιν
3542 3012 3725 3076 ἄλλοις

2140 3099 2268 3161 τοὺς
2312 3096 2509 3168 ἄνδρας
2552 3095 2893 3151 ἐπισπῶνται
2936 3099 3075 3170 πρὸς
3122 3100 3320 3171 ἔρωτα.
3369 3103 3431 3156 Ei
3481 3104 3591 3176 γάρ
3635 3103 3732 3159 ἐπ’

2141 3191 2323 3261 ἄψυχα
2348 3188 2545 3261 μανίαν
2566 3190 2644 3261 τῷ
2668 3190 2854 3262 ταύρῳ
2877 3190 2946 3245 τὰ
2972 3191 3196 3246 τοιαῦτα
3223 3196 3542 3265 πεποίηκεν,
3572 3197 3725 3268 πόσῳ

2146 3280 2346 3352 μᾶλλον
2380 3280 2467 3333 ἐπ’
2504 3281 2766 3350 ἀνδράσιν
2791 3284 2857 3353 τῇ
2888 3283 3051 3354 ὁμοίᾳ
3083 3286 3497 3356 περιεχομένοις
3527 3288 3721 3363 σαρκί;

2144 3372 2247 3427 169
2286 3372 2529 3442 Ὀρφεὺς
2567 3370 2751 3439 θῆρας
2790 3373 3023 3437 ἔπειθε,
3065 3375 3147 3428 σὺ
3180 3376 3232 3428 δ’
3263 3376 3516 3444 ἀνέρας,
3562 3374 3730 3432 οἶσιν

2137 3512 2240 3567 170
2331 3512 2590 3581 Θήρεσίν
2615 3513 2747 3567 ἐστι
2773 3514 2934 3579 νόος,
2973 3515 3329 3584 θηλυμανής
3345 3444 3614 3582 [efﬂigi

2208 3606 2401 3657 Κείται
2441 3606 2473 3676 ἡ
2527 3605 2670 3658 κατὰ
2713 3604 2805 3657 τὸν
2863 3604 3069 3675 Ὀρφέα
3120 3606 3378 3678 διήγησις
3419 3610 3478 3661 ὲν
3525 3608 3604 3680 τῷ
3645 3609 3724 3681 ξβο

2139 3695 2303 3766 λόγῳ.

2143 3807 2249 3862 185
2295 3804 2428 3871 Πῶς
2462 3803 2530 3857 δὲ
2562 3803 2646 3859 σὺ
2686 3804 2919 3858 τόσσον
2948 3806 3164 3877 ἔρωτος
3197 3807 3291 3877 ἐπ’
3334 3807 3589 3877 ἀνδράσι
3623 3826 3722 3864 κε-

3125 3875 3302 3947 [στὸν
3333 3875 3567 3945 ᾶγοὺσα

2139 3946 2242 4001 186
2346 3943 2711 4015 Λυσιγάμοιο
2738 3944 2913 4015 γύναι
2941 3942 3088 4013 τῆλε
3110 3942 3315 4014 [ιένεις
3348 3942 3604 4015 κάκίηςς

456 4388 611 4467 {ovis
635 4396 739 4449 sub
770 4398 1151 4467 pluviaanrea
1174 4395 1518 4467 complexum
1553 4394 1669 4446 laete
1696 4407 1858 4467 passa
1875 4388 2256 4467 estZAdmisso
2280 4405 2516 4467 namque
2538 4405 2697 4467 auro,
2738 4390 2789 4443 id
2820 4400 2903 4444 est
2925 4388 3080 4453 Jove,
3112 4408 3236 4467 cum
3266 4388 3732 4467 ips'o_c_oncnhuit.

461 4464 704 4522 Danaen.
737 4460 796 4521 ut
824 4467 900 4520 ait
927 4463 1247 4535 Gregorius,
1284 4460 1567 4519 imitantur
1596 4463 1856 4517 mulieres
1885 4461 2191 4515 ambitiosa:
2221 4476 2363 4531 quae,
2393 4460 2521 4515 licet
2552 4461 2742 4515 formze
2766 4476 2874 4514 non
2907 4463 3247 4531 spernendaz,
3279 4460 3501 4532 perfidis
3525 4464 3741 4518 artibus

459 4535 607 4589 viros
635 4537 897 4591 alliciunt.

534 4324 716 4380 Danae
748 4326 941 4379 mulier
974 4340 1002 4378 a
1031 4322 1164 4377 Jove
1194 4332 1397 4386 amata,
1428 4322 1624 4377 Acrisii
1666 4322 1775 4375 lilia
1812 4320 2105 4441 Perseigue
2136 4328 2333 4380 mater,
2365 4319 2613 4374 moribus
2659 4320 2803 4374 haud
2845 4319 3074 4386 integris
3110 4320 3429 4391 artibusque
3460 4322 3588 4376 mali
3608 4319 3738 4386 lmis,

534 4396 611 4445 vis
635 4396 739 4445 sub
770 4398 948 4445 nlnvia
977 4412 1139 4445 aurea
1174 4395 1518 4445 comulexum
1553 4394 1669 4445 laete
1702 4407 1858 4445 nassa
1875 4400 1976 4445 est.
2049 4390 2256 4443 dmisso
2280 4405 2516 4445 namque
2538 4405 2697 4445 auro.
2738 4390 2789 4443 id
2820 4400 2903 4444 est
2925 4388 3080 4445 Jove.
3112 4408 3236 4445 cum
3266 4392 3385 4445 ioso
3414 4340 3732 4445 concubuit.

3614 4410 3627 4445 1

531 4652 667 4717 Pan,
702 4662 761 4707 ιιι
777 4652 891 4722 jam
923 4652 1185 4718 diximus,
1220 4649 1447 4717 tibicen,
1488 4650 1745 4705 tibiarum
1774 4664 1913 4705 sono
1937 4663 1968 4703 e
1999 4650 2275 4703 montibus
2302 4664 2627 4720 repercusso
2655 4650 3055 4707 delectabatur.

528 4765 819 4823 Narcissus
846 4778 1069 4823 venator
1099 4766 1273 4823 forma
1308 4768 1525 4838 egregia
1553 4768 1835 4837 praeditus,
1874 4767 2101 4821 Veneris
2123 4782 2311 4821 amore
2332 4766 2627 4838 captusad
2669 4764 2874 4838 fontem
2903 4766 3052 4821 venit
3080 4776 3140 4821 ut
3179 4768 3325 4823 sitim
3356 4768 3619 4838 expleret.
3663 4769 3737 4824 lhi

455 4854 579 4891 cum
611 4838 803 4893 faciem
833 4854 989 4893 suam
1021 4839 1249 4894 vidisset
1281 4836 1361 4893 εἰ
1383 4836 2033 4909 ειιίυὶείτεεριεηιιειιιειῐι,
2078 4839 2133 4893 in
2179 4838 2381 4891 fontem
2428 4836 2675 4900 insiluit,
2714 4836 2900 4906 ibique
2936 4838 3361 4908 pulchritudinis
3394 4836 3509 4894 sua:
3548 4840 3741 4893 fatuus

452 4909 757 4964 admirator
789 4920 1020 4963 mortem
1054 4909 1302 4980 oppetiit.

514 5028 656 5082 Juno
696 5027 991 5097 aliquando
1024 5042 1294 5096 aquarum
1332 5027 1527 5082 insano
1560 5042 1746 5081 amore
1781 5036 1939 5095 capta
1980 5036 2101 5091 est;
2149 5024 2255 5097 alii
2278 5039 2407 5097 vero
2436 5022 2595 5097 Tyro
2641 5022 2905 5097 Enipeum
2948 5025 3175 5079 ﬂuvium
3206 5035 3495 5081 adamasse
3518 5025 3737 5089 dicunt.

448 5101 609 5165 cujus
634 5096 800 5167 ripsis
832 5098 1129 5162 assidebat,
1166 5099 1394 5153 ridicula
1433 5113 1660 5168 prorsus
1702 5098 1909 5152 faciens
1941 5114 2051 5166 prae
2084 5096 2295 5168 insania
2325 5114 2345 5168 _:
2394 5096 2633 5159 bibebat,
2677 5096 2929 5168 manibus
2963 5096 3269 5168 hauriebat.
3305 5099 3464 5167 quasi
3495 5098 3737 5166 comple-

448 5166 728 5247 metiatur,
749 5184 950 5247 corpus
976 5168 1214 5247 laxabat,
1245 5166 1692 5247 otnnia‘denique
1728 5170 1781 5222 in
1810 5168 2075 5222 auxilium
2114 5166 2386 5247 adhibuit,
2417 5181 2517 5247 nec
2561 5166 2901 5247 aqua_potiri
2939 5181 3003 5220 ac
3045 5166 3115 5247 ad
3148 5166 3426 5247 libidinem
3458 5170 3735 5247 exsat_ia_n-
3795 5202 3812 5247 ι

448 5239 574 5293 dam
624 5238 730 5292 frui
765 5236 1149 5308 licebat,ch
1187 5238 1428 5308 taliaque
1461 5236 1667 5293 faciens
1706 5254 1947 5293 amorem
1987 5253 2097 5292 non
2132 5237 2395 5308 exstinxit
2420 5236 2966 5308 ignesqueiinternos
2991 5237 3150 5306 aquis
3187 5237 3367 5308 delere
3398 5254 3506 5292 non
3540 5240 3733 5292 valuit.

449 5310 540 5363 Sic
562 5351 576 5372 ,
605 5309 825 5363 divinus
869 5310 947 5363 ait
981 5307 1299 5379 Gregorius,
1333 5306 1487 5379 arnor
1518 5310 1721 5363 nimius
1747 5324 1834 5364 res
1874 5321 1959 5364 est
1991 5317 2227 5379 caecaet
2259 5307 2445 5379 iniqua
2482 5316 2538 5360 et
2566 5306 2847 5361 hominem
2883 5308 3180 5361 dementat.
3228 5306 3368 5361 Dicit
3395 5319 3577 5362 autem
3620 5310 3736 5363 haec

450 5389 638 5433 θυμω-ε
671 5381 927 5449 nndicres
959 5396 1081 5449 quae
1104 5378 1448 5433 ornamentis
1489 5396 1547 5433 se
1574 5380 1942 5443 circumdant,
1974 5388 2029 5433 et
2056 5378 2204 5449 mille
2227 5378 2407 5449 modis
2434 5386 2770 5449 apparantur
2794 5415 2809 5439 ,
2843 5387 3168 5449 icomuntur,
3204 5379 3456 5433 virtutem
3491 5387 3546 5434 et
3571 5379 3728 5435 casti-

450 5459 613 5503 iatem
639 5447 923 5514 sinmlant,
954 5447 1234 5505 libidinem
1264 5465 1371 5519 qua
1412 5451 1624 5516 ardent,
1671 5450 2024 5504 manifestant
2058 5448 2267 5502 artibus
2314 5448 2446 5518 ipsis
2477 5448 2677 5518 quibus
2705 5448 2920 5502 irretire
2963 5448 3111 5503 viros
3150 5449 3412 5519 gestiunt.

518 5560 685 5616 Fama
715 5571 800 5615 est
838 5570 1078 5617 veterem
1124 5562 1361 5633 aliquem
1394 5563 1658 5633 pictorem
1704 5578 1926 5618 vaccam
1957 5562 2192 5633 ligneam
2230 5561 2442 5633 alfabre
2475 5561 2673 5617 factam
2717 5561 3057 5627 exhibuisse,
3100 5562 3347 5618 adhibita
3401 5563 3470 5618 ad
3518 5564 3733 5621 colores

453 5632 759 5686 miscendos
789 5648 949 5702 aqua,
979 5649 1084 5701 qua
1122 5649 1181 5687 re
1208 5631 1656 5688 vaccae‘colorein
1704 5634 1923 5689 mentiri
1961 5631 2194 5688 velebat.
2228 5631 2389 5688 Forte
2421 5644 2610 5688 taurus
2656 5633 3008 5689 intromissus
3053 5648 3275 5689 vaccam
3314 5636 3543 5699 ardere,
3580 5650 3734 5689 amo-

455 5718 676 5776 remque
723 5714 1095 5757 nmnstrosum
1141 5715 1449 5759 monstrare
1484 5705 1688 5776 icmpit:
1739 5704 1906 5759 Docet
1962 5702 2262 5775 Gregorius
2306 5704 2561 5776 tnulieles
2604 5703 2849 5772 depictas
2896 5718 3159 5776 cerussa,
3211 5720 3456 5776 purpura
3502 5706 3732 5775 aliisque

455 5774 1004 5847 coloribus‘virorum
1031 5788 1275 5829 amorem
1313 5772 1613 5847 stimulare.
1647 5772 1781 5847 Nam
1813 5776 1857 5830 si
1890 5772 2167 5829 tattrusin
2200 5775 2562 5829 inaniinatum
2600 5776 2731 5845 quid
2778 5775 3022 5832 insanire
3058 5772 3271 5845 potuit,
3297 5772 3507 5847 quanto
3556 5772 3731 5847 magis

456 5844 711 5900 mulieres
741 5843 794 5899 in
823 5844 970 5899 viros
999 5848 1187 5900 eadem
1224 5860 1390 5900 carne
1424 5845 1679 5913 praeditos
1710 5845 1985 5901 ferentur!
