4180 6350
517 453 625 516 555

1102 531 1320 587 ΛΟΓΟΣ
1347 529 1490 585 ΡΙΘ¹.

1035 643 1178 714 περι
1228 642 1447 714 ἀρετῆς
1475 644 1521 713 (l
1537 644 1576 716 ).

503 779 612 840 206
733 780 832 846 Ἐξ
855 773 944 834 ὧν
974 777 1151 832 στοαί
1191 792 1258 829 τε
1296 773 1631 846 προσώπων
1674 771 1912 846 ὀφρύες,

503 856 609 909 207
736 843 1034 919 Ἄκαδμίαι
1075 864 1169 919 τεΔ
1183 846 1284 899 καί
1323 845 1544 919 πλονῳί
1589 843 1966 919 ῌυῤῥωγίων,

503 925 610 982 208
717 912 943 990 Σκέψιὶ·
983 915 1209 988 ἐφεξῆς
1251 912 1540 986 τεχνιτῶν
1585 913 1921 981 λτιρήματα.

575 1056 917 1127 Ξενοκράτης
970 1053 1068 1108 καὶ
1109 1048 1490 1124 Ἀριστοτέλης
1516 1047 1802 1111 Πλάτωνος
1834 1045 2092 1116 γεγόνασι

511 1149 771 1221 μαθηταὶ,
801 1147 1001 1209 οἵτινες
1028 1141 1195 1198 αὑτοῦ
1221 1142 1316 1196 καὶ
1338 1139 1439 1212 τὴν
1467 1138 1751 1212 διατριϐὴν
1773 1135 2090 1201 διεδέξαντο·

507 1243 602 1295 καί
633 1240 663 1294 6
703 1239 801 1312 μὲν
826 1235 1170 1308 Ξενοκράτης
1199 1234 1424 1304 εποίησε
1469 1231 1572 1304 τὴν
1603 1228 1831 1300 Στοῖκὴν
1856 1225 2091 1299 αἰρεσιν,

520 1327 905 1406 Ἀριστοτέλης
948 1328 1006 1382 δὲ
1036 1328 1137 1399 τὴν
1196 1323 1640 1396 περιπατητικήν
1693 1322 1926 1393 αἵρεσιν.
1972 1318 2092 1373 Είσὶ

509 1423 567 1480 δέ
602 1426 701 1496 τῆς
743 1421 1062 1494 φιλοσοφίας
1094 1419 1145 1473 οί
1178 1418 1420 1493 ὁρισμοὶ,
1451 1411 1588 1482 οἷον,
1619 1413 1680 1478 ἐξ
1711 1411 2090 1482 ὑποκειμένου,

511 1519 577 1572 ἐκ
595 1515 802 1578 τέλους,
834 1512 896 1577 ἐξ
925 1509 1225 1583 ὑπεροχῆς,
1256 1507 1316 1573 ἐξ
1334 1505 1711 1578 ἐτυμολογίας,
1731 1505 1824 1558 καὶ
1845 1503 1915 1557 τὰ
1945 1501 2090 1573 ἑξῆς

511 1605 668 1672 αὖθίς
695 1623 755 1660 τε
794 1607 842 1660 οί
866 1605 1156 1678 φερόμενοι
1181 1602 1404 1674 εὑρέται
1418 1600 1527 1654 τῶν
1547 1597 1791 1672 ὁρισμῶν
1809 1598 1910 1669 τῆς
1948 1596 2097 1667 φιλο-

514 1700 726 1771 σοφίας,
757 1697 853 1752 καὶ
898 1696 976 1761 ὡς
1005 1696 1086 1759 είς
1123 1691 1458 1765 θεωρητικὸν
1500 1691 1597 1745 καὶ
1626 1689 1931 1762 πρακτικὸν
1959 1688 2096 1743 διαι-

517 1795 714 1864 ρεῖται,
749 1790 844 1844 καὶ⁵
875 1788 936 1842 τδ
981 1788 1080 1859 μὲν
1126 1784 1204 1849 ὡς
1235 1785 1314 1847 είς
1360 1781 1740 1852 φυσιολογικὸν
1786 1780 1880 1834 καὶ
1914 1779 2092 1852 μαθη-

518 1881 747 1954 ματικὸν
771 1881 866 1934 καὶ
885 1876 1216 1950 θεωρητικόν
1235 1893 1254 1910 ο
1281 1874 1342 1928 τὸ
1361 1874 1420 1928 δὲ
1443 1874 1523 1938 είς
1554 1871 1752 1944 ἠθικὸν
1768 1872 1862 1928 καὶ
1889 1871 2095 1927 πολιτι-

515 1973 613 2028 κὸν
641 1973 734 2028 καὶ
763 1968 1103 2041 οἰκονομικόν
1123 1983 1136 1998 ’
1169 1967 1264 2021 καὶ
1296 1967 1360 2019 τὸ
1386 1965 1486 2037 μὲν
1514 1965 1719 2020 τούτων
1753 1967 1835 2029 είς
1865 1963 2098 2036 ἀριθμη-

513 2065 675 2138 τικὴν
701 2064 795 2119 καὶ
840 2061 1106 2134 μουσικήν
1136 2060 1234 2114 καὶ
1277 2057 1664 2130 γεωμετρικὴν
1701 2058 1795 2112 καὶ
1837 2056 2096 2129 ἀστρονο-

520 2161 670 2232 μίαν,
714 2151 826 2212 οἷον
872 2155 934 2210 τὸ
966 2153 1351 2227 μαθηματικόν
1376 2170 1390 2184 ·
1420 2152 1483 2206 τὸ
1530 2151 1588 2206 δὲ
1624 2153 1705 2216 είς
1749 2151 2098 2223 νομοθετικδν

516 2253 612 2306 καὶ
636 2247 969 2313 δικαστικὸν,
991 2241 1104 2300 οἷον
1139 2245 1201 2300 τὸ
1239 2245 1538 2310 πολιτικὸν,
1575 2243 1672 2298 καὶ⁵
1717 2244 1817 2297 ὅσα
1862 2243 2099 2314 καθεξῆς

517 2345 746 2408 ἑαυτοὺς
779 2339 1137 2403 συνιστῶντες
1175 2339 1564 2410 ἐπεισήγαγον.
1589 2339 1654 2392 Al
1704 2337 1763 2391 δὲ
1794 2337 2100 2408 ἀκαδημίαι

518 2437 615 2491 καὶ
655 2431 960 2505 Πυρρώνιοι
990 2430 1220 2496 πλοκαὶ,
1255 2431 1394 2484 είσίν
1428 2424 1588 2483 αὗται
1609 2445 1623 2459 ο
1649 2427 1913 2497 Δέγονταί
1955 2445 2101 2492 τινες

519 2525 826 2600 Πυρρὠιω
883 2520 1263 2586 ὑποτυπώσεις
1314 2522 1446 2589 περὶ
1496 2521 1599 2591 τῆς
1654 2519 1936 2590 σκέψεως,
1989 2515 2102 2575 οἷον

521 2618 652 2691 περὶ
695 2616 806 2671 τῶν
834 2614 1009 2684 λόγων
1047 2613 1148 2684 τῆς
1183 2611 1426 2682 σκέψεως
1457 2611 1766 2683 ὀνομασιῶν
1803 2613 1977 2684 αὐτῆς
2008 2614 2104 2666 καὶ

522 2709 742 2767 ἐννοιῶν
770 2710 865 2763 καὶ
885 2706 1070 2780 ἀρχῶν
1096 2705 1291 2775 αὐτῆς,
1317 2707 1366 2758 εί
1385 2703 1700 2776 δογματίζει
1722 2706 1751 2758 6
1782 2705 2100 2772 ἐπίσκοπος,

525 2806 576 2858 ει
629 2803 844 2874 αἵρεσιν
887 2799 1020 2870 εχει,
1047 2801 1095 2852 εί
1117 2797 1452 2868 φυσιολογεῖ,
1485 2797 1534 2851 εί
1559 2799 1776 2870 ἀναιρεῖ
1804 2797 1876 2852 τὰ
1914 2799 2104 2869 φαινό-

531 2913 688 2968 μενα,
709 2893 764 2948 τί
794 2893 856 2946 τδ
883 2893 1164 2964 κριτήριον
1187 2891 1286 2961 τῆς
1317 2888 1581 2958 σκέψεως,
1607 2890 1660 2943 τί
1682 2890 1743 2944 τὸ
1771 2889 2105 2956 τέλος,τίνες

527 2987 578 3040 οί
611 2984 919 3054 ὁλοσχερεῖς
954 2979 1146 3051 τρόποι
1173 2978 1276 3049 τῆς
1313 2978 1538 3050 ἐποχῆς,
1560 2976 1703 3044 τίνες
1736 2979 1786 3033 οἱ
1812 2979 1946 3034 δέκα
1980 2980 2105 3052 τρό-

529 3093 622 3130 ποι
653 3074 746 3128 καὶ
787 3073 931 3136 τίνες
961 3071 1010 3125 οἱ
1066 3069 1226 3124 πέντε
1249 3108 1265 3134 ,
1298 3069 1444 3133 τίνες
1481 3071 1539 3123 αἱ
1573 3071 1864 3125 σκεπτικαὶ
1907 3073 2104 3141 φωναὶ,

531 3167 618 3232 τίς
646 3168 680 3238 ἡ
723 3165 897 3228 οὐδὲν,
925 3163 1009 3226 τίς
1035 3163 1070 3235 ή
1103 3160 1325 3234 μᾶλλον,
1355 3161 1440 3224 τίς
1464 3162 1498 3232 ή
1532 3160 1792 3232 ἀσάφεια,
1822 3162 1876 3216 τί
1913 3163 1975 3216 τὸ
2023 3163 2111 3229 εξ-

531 3271 700 3318 εστιν.
730 3254 826 3308 καὶ
850 3253 910 3307 τὸ
940 3251 1112 3322 τάχα,
1147 3251 1243 3305 καὶ
1285 3249 1349 3304 τὺ
1375 3249 1587 3320 ἐπέχω,
1617 3253 1712 3305 καὶ
1742 3252 1894 3306 οὐδὲν
1921 3252 2107 3324 ὁρίζω,

529 3347 584 3402 τί
602 3347 663 3402 τὸ
689 3347 868 3402 πάντα
898 3342 1310 3414 ἀκαταλήπτως,
1341 3342 1424 3396 ὅτι
1455 3342 1619 3395 παντὶ
1639 3341 1782 3413 λόγῳ
1810 3343 1968 3413 λόγος
1997 3342 2111 3407 [σος

531 3430 955 3503 ἀντίκειται,’τίς
983 3437 1018 3508 ἡ
1049 3433 1414 3506 ἐπισκεπτικη
1455 3429 1576 3494 ὁδὸς
1630 3429 1724 3483 ἐπὶ
1777 3429 1876 3502 τήν
1936 3434 2108 3505 Ἦρα-

533 3535 744 3589 κλείτου
776 3530 1110 3608 φιλοσοφίαν,
1141 3529 1191 3583 εί
1216 3525 1462 3596 διαφέρει
1491 3537 1545 3574 τι
1575 3520 1608 3592 ή
1639 3520 1978 3594 Δημοκρίτου
2006 3525 2106 3595 τῆς

1613 417 1885 476 COSMAS
1931 406 2642 470 HIEROSOLYMITANUS

3671 398 3777 454 556

2195 519 2463 590 σκέψεως,
2494 521 2543 572 εί
2588 518 2836 588 διαφέρει
2871 533 2925 570 τι
2975 518 3084 570 τῶν
3131 513 3458 588 ἀκαδημιῶν
3498 513 3532 586 ἡ
3564 514 3776 586 σκέψις,

2193 614 2244 666 εί
2272 613 2306 684 ή
2337 610 2482 664 κατά
2516 607 2767 680 ίατρικὴν
2795 609 3079 679 ἐμπειρία,
3125 608 3159 678 ή
3189 606 3326 675 αὐτή
3372 608 3518 658 ἐστιν
3545 608 3611 677 τῇ
3654 607 3750 660 σκέ

2191 704 2305 776 ψει,
2339 703 2502 758 πόθεν
2533 703 2770 774 ἀρκτέον
2800 702 2903 771 τῆς
2946 701 3082 772 πρὸς
3114 700 3243 762 τοὺς
3277 699 3642 770 δογματικοὺς
3683 699 3781 765 ζη-

2194 797 2428 868 τήσεως,
2452 794 2506 847 τί
2533 795 2594 847 τὸ
2629 792 2916 866 κριτήριον
2935 833 2950 854 ,
2980 793 3028 844 εί
3055 791 3171 844 ἐστι
3190 787 3473 859 κριτήριον
3492 786 3772 857 ἀληθείας,

2196 885 2249 939 τί
2270 885 2332 937 τὸ
2360 885 2452 954 ὑφ’
2473 877 2556 950 οὗ,
2583 883 2639 936 τί
2667 883 2730 937 τὸ
2777 883 2845 936 δι’
2886 876 2967 944 οὗ,
2995 881 3049 934 τί
3081 881 3142 934 τὸ
3175 878 3310 933 καθὸ
3331 917 3347 942 ,
3383 877 3514 948 περὶ
3545 871 3779 944 ἀληθοῦς

2194 977 2291 1032 καὶ
2340 976 2620 1048 ἀληθείας,
2661 977 2715 1029 ετ
2753 993 2806 1028 τι
2855 973 3054 1044 ἀληθὲς
3077 972 3170 1037 ,τί
3208 969 3271 1022 τὸ
3301 971 3549 1038 σημεῖον,
3581 967 3616 1038 ἢ
3650 966 3703 1019 εῐ
3726 981 3782 1018 τι

2196 1073 2426 1141 σημεῖον
2481 1069 2832 1135 ἐνδεικτικὸν,
2864 1067 2948 1131 τίς
2971 1069 3005 1138 ή
3049 1061 3321 1129 ἀπόδειξις
3340 1104 3355 1126 ,
3386 1064 3532 1126 τίνες
3563 1063 3620 1115 at
3649 1060 3782 1132 δρα-

2195 1161 2380 1215 στικαὶ
2423 1161 2612 1233 ἀρχαὶ,
2639 1161 2693 1214 τί
2718 1159 2871 1223 Θεὸς,
2913 1158 2968 1212 τί
3007 1157 3068 1211 τὸ
3094 1157 3298 1221 αῐτιον,
3326 1155 3422 1208 καὶ
3459 1156 3494 1226 ή
3536 1154 3667 1226 περὶ
3689 1152 3784 1208 τὸν

2196 1248 2312 1320 βίον
2337 1251 2522 1320 τέχνη,
2554 1250 2702 1314 τίνες
2730 1250 2786 1304 αί
2833 1247 3018 1302 ὑλικαὶ
3055 1247 3240 1319 ἀρχαὶ,
3272 1247 3322 1299 εἰ
3355 1245 3684 1318 καταληπτά
3712 1245 3782 1298 τά

2195 1340 2548 1413 σώματα,τίς
2579 1345 2615 1414 ή
2647 1343 2864 1412 κράσις,
2891 1341 3032 1412 τίςή
3063 1339 3297 1410 κίνησις,
3331 1337 3464 1410 περὶ
3489 1337 3587 1408 τῆς
3614 1354 3780 1407 μετα-

2200 1434 2466 1506 ϐλητικῆς
2505 1435 2805 1505 κινήσεως,
2837 1433 2967 1505 περὶ
3018 1431 3299 1502 αὐξήσεως
3344 1429 3438 1484 καὶ
3476 1427 3778 1500 μειώσεως,

2194 1527 2324 1598 περὶ
2349 1526 2695 1597 ἀφαιρέσεως
2734 1525 2830 1579 καὶ
2874 1522 3210 1596 προθέσεως,
3238 1521 3369 1592 περὶ
3413 1519 3780 1592 μεταθέσεως,

2194 1616 2325 1688 περὶ
2345 1616 2469 1668 ὅλου
2505 1615 2603 1670 καὶ¹
2628 1613 2852 1686 μέρους,
2883 1611 3013 1684 περὶ
3038 1612 3274 1682 φυσικῆς
3295 1609 3624 1682 μεταδολῆς,
3652 1609 3783 1681 περὶ

2195 1707 2466 1777 γενέσεως
2496 1706 2592 1760 καὶ
2623 1705 2853 1778 φθορᾶς,
2893 1704 3023 1776 7:891
3073 1703 3242 1756 τόπου
3265 1740 3281 1768 ,
3308 1702 3438 1773 περὶ
3481 1701 3698 1772 χρόνου,
3728 1699 3784 1754 τί

2197 1800 2260 1854 τὸ
2286 1799 2478 1870 ήθικὸν
2524 1799 2722 1870 μέρος,
2759 1799 2808 1851 εί
2841 1797 2988 1851 ἔστιν
3017 1813 3071 1850 τι
3119 1795 3277 1850 τοῦτο
3315 1794 3512 1866 φύσει,
3543 1796 3592 1848 εί
3633 1795 3784 1848 ἔστιν

2192 1910 2277 1957 τις
2302 1891 2430 1964 περὶ
2453 1891 2546 1945 τὸν
2575 1891 2690 1962 βίον
2719 1891 2906 1961 τέχνη,
2937 1891 2984 1942 εἰ
3016 1888 3220 1959 ὠφελεῖ
3239 1887 3332 1941 τὸν
3369 1886 3560 1958 ἔχοντα
3587 1887 3778 1958 αὐτὴν,

2196 1980 2658 2052 περὶάριθμοῦ,τί
2673 1977 2959 2049 ἐστιφύσει
2983 1977 3186 2048 ἀγαθὸν
3209 1978 3302 2032 καὶ
3319 1978 3487 2032 κακὸν
3508 1977 3782 2048 διάφορον.

2194 2063 2362 2124 Αὗται
2392 2071 2488 2141 μὲν
2517 2070 2573 2122 αἱ
2595 2071 2706 2123 τῶν
2757 2067 3094 2140 Πυρρωνίων
3138 2066 3538 2121 ὑποτυπώσεων
3566 2067 3783 2122 πλοκαί·

2196 2162 2364 2234 λῆρον
2403 2161 2460 2215 δὲ
2491 2158 2695 2225 ταύτας
2724 2160 2888 2232 φησὶν
2923 2162 2952 2214 6
2977 2159 3120 2224 θεῖος
3159 2159 3479 2231 Γρηγόριος.
3554 2160 3786 2230 Παρεισ-

2199 2255 2392 2324 ἀγουσι
2423 2252 2534 2324 γάρ
2572 2251 2951 2323 Ἀριστοτέλην
2979 2251 3074 2305 καὶ
3128 2251 3448 2322 Ἐπίκουρον
3477 2251 3568 2304 καὶ
3595 2250 3788 2315 ἀλλους

2199 2346 2310 2399 τῶν
2349 2344 2607 2408 Στοϊκῶν,
2656 2343 2733 2406 ὠς
2781 2344 3127 2414 ἀπεφήναντο
3170 2343 3300 2413 περὶ
3349 2343 3747 2414 ἀκαταλήπτων
3772 2359 3784 2370 ·

2203 2433 2360 2501 αὖθις
2407 2435 2781 2506 Κλειτόμαχον
2830 2435 2925 2488 καὶ
2980 2433 3300 2506 Καρνεάδην
3357 2435 3452 2487 καὶ
3484 2433 3687 2487 λοιπῶν
3732 2434 3788 2487 αί

2209 2528 2467 2598 ζητήσεις
2494 2525 2602 2578 τῶν
2627 2523 3022 2594 ἀκαδημιακῶν
3054 2541 3069 2555 ·
3101 2524 3158 2577 αἱ
3195 2523 3304 2578 τῶν
3321 2525 3628 2578 σκεπτικῶν
3688 2526 3788 2594 ἐφ-

2203 2618 2354 2688 εξῆς,
2369 2615 2616 2687 περὶτῶν
2632 2614 2893 2669 ἀνωτάτω
2911 2613 3078 2686 τριῶν
3106 2615 3451 2684 φιλοσοφιῶν,
3468 2615 3568 2686 τῆς
3584 2616 3788 2687 δογμα-

2201 2711 2380 2782 τικῆς,
2411 2711 2512 2780 τῆς
2535 2707 2940 2780 ἀκαδημιακῆς,
2980 2708 3194 2780 καὶτῆς
3223 2709 3543 2780 σκεπτικῆς,
3570 2705 3662 2764 καῖ
3679 2711 3792 2765 ἀπὸ

2201 2802 2296 2857 τοῦ
2324 2801 2610 2872 φαίνεσθαι
2638 2789 2730 2854 τὸν
2766 2799 3036 2872 Πύρρωνα
3063 2803 3192 2872 περὶ
3211 2801 3309 2874 τὴν
3340 2804 3640 2876 σκεπτικὴν
3671 2805 3784 2858 τῶν

2207 2895 2316 2968 πρὸ
2345 2892 2510 2948 αὐτοῦ
2546 2891 3000 2964 σωματικώτερον
3035 2895 3126 2947 καὶ
3153 2895 3584 2969 ἐπιφανέστερον
3616 2913 3785 2969 προσ-

2209 2985 2524 3056 εληλυθέναι
2553 2987 2618 3056 τῇ
2649 2984 2861 3054 σκέψει,
2889 2985 3079 3056 ἥντινα
3119 2986 3214 3039 καὶ
3251 2985 3477 3058 δύναμιν
3516 2989 3791 3060 ὁρίζονται

2202 3077 2299 3132 καὶ
2325 3075 2519 3142 πάθος,
2554 3077 2682 3146 περὶ
2711 3076 2820 3130 τῶν
2851 3076 3257 3148 σκεπτομένων.
3280 3078 3392 3132 Καὶ
3413 3079 3579 3144 πολὺς
3601 3079 3667 3134 ἂν
3697 3082 3785 3154 εἴη

2201 3169 2357 3239 λόγος
2381 3169 2450 3224 τά
2492 3168 2689 3240 ἐφεξῆς
2737 3171 2796 3223 ἐν
2828 3169 3020 3225 πλάτει
3056 3170 3346 3244 ληρήματα
3379 3171 3654 3240 διεξιέναι,
3685 3175 3788 3230 ὅσα

2201 3277 2260 3313 τε
2285 3260 2509 3331 ἀπορεῖν
2538 3255 2647 3312 οἷόν
2679 3276 2740 3313 τε
2784 3261 2879 3314 καὶ
2913 3262 3212 3334 ἀμηχανεῖν
3245 3264 3340 3318 καὶ
3377 3265 3659 3338 ἐνθουσιᾷν
3688 3269 3786 3323 καὶ

2205 3352 2592 3418 ἐξεστακέναι·
2612 3354 2771 3409 ἅτινα
2804 3357 2983 3411 πάντα
3007 3357 3263 3430 τεχνιτῶν
3285 3361 3313 3412 6
3335 3357 3476 3423 θεῖος
3495 3359 3790 3434 Γρηγόριος

2207 3444 2347 3516 ληρή
2357 3462 2500 3516 ματα
2523 3447 2851 3518 ἐπεφήνατο.

2279 3535 2385 3590 218
2428 3536 2522 3593 Τί(-
2551 3538 2663 3592 οὐκ
2683 3537 2889 3595 ἀκούει
2921 3538 3031 3593 τὸν
3057 3539 3324 3594 Σινωπέα
3347 3541 3454 3596 τὸν
3480 3538 3635 3598 κῦνα
3662 3561 3683 3609 ;

1782 3793 2063 3851 CARMEN
2093 3795 2360 3852 CXIX.De
2381 3797 2589 3851 virtute.

616 3899 943 3960 Xenocrates
966 3914 1130 3976 atque
1153 3905 1472 3962 Aristoteles
1497 3906 1740 3961 Platonis
1763 3907 2013 3976 discipuli
2046 3909 2362 3976 magistrum
2396 3909 2449 3962 in
2479 3908 2682 3964 scholis
2726 3906 3021 3962 condendis
3051 3905 3243 3961 imitati
3267 3913 3426 3972 sunt;
3447 3903 3780 3961 Xenocrates

543 3977 687 4032 enim
721 3976 978 4041 Stoicam,
1002 3975 1411 4047 Peripateticam
1457 3977 1772 4033 Aristoteles
1808 3988 2006 4031 sectam
2026 3975 2401 4033 fundaverunt.
2437 3977 2676 4032 Termini
2705 3977 3058 4047 philosophici
3085 3995 3098 4030 :
3121 3976 3421 4046 otjectum,
3454 3977 3616 4047 ﬁnis,
3643 3976 3783 4047 emi-

545 4048 748 4112 nentia,
773 4045 1251 4118 «etymologia,’etc.
1287 4045 1350 4100 Hi
1379 4048 1543 4116 igitur
1577 4047 1933 4118 terminorum
1961 4048 2156 4117 philos.
2179 4049 2486 4102 inventores
2509 4045 2767 4118 ipsamgin
2789 4045 3138 4118 theoretiram
3171 4045 3225 4102 et
3249 4047 3544 4118 practicam
3570 4046 3778 4118 divise.

544 4128 701 4183 runt;
730 4115 891 4186 atque
915 4115 1106 4188 rursus
1136 4117 1303 4188 illam,
1346 4115 1855 4188 in’physiologicam
1891 4131 1944 4171 et
1964 4115 2414 4188 mathematicam
2442 4127 2495 4171 et
2514 4115 3093 4186 speculativam;hanc
3129 4117 3180 4170 in
3215 4115 3565 4188 moralem.ct
3598 4115 3782 4188 politi-

543 4202 686 4249 cam.
703 4198 758 4242 et
781 4185 1192 4249 mronomicam,
1213 4187 1287 4240 ita
1313 4185 1920 4242 rursits'distributentes
1944 4205 1957 4242 :
1992 4187 2415 4249 arithmeticam,
2433 4185 2718 4252 musicam,
2744 4187 3116 4256 geometriam,
3141 4187 3556 4245 astronomiam,
3575 4185 3786 4240 mathe-

546 4258 796 4312 maticam
817 4273 836 4325 ;
860 4256 1236 4325 legislativam,
1252 4256 1908 4325 judicialem.politicam,
1933 4265 1987 4310 et
2001 4272 2123 4326 quae
2146 4258 2248 4310 alia
2273 4258 2326 4310 in
2359 4257 2595 4310 medium
2615 4254 2974 4325 protulerunt.
3013 4254 3316 4326 Systemata
3357 4256 3763 4326 academiarum

545 4324 1025 4397 ctrPyrrhoni’smi
1059 4324 1274 4380 haece-ei:
1301 4327 1711 4397 Propositioncs
1739 4327 1983 4394 quaedam
2018 4324 2458 4396 'Pyrrhoniornm
2507 4324 2650 4381 circa
2697 4327 2922 4380 dubium
2973 4324 3284 4397 versantur,
3308 4327 3473 4397 circa
3515 4324 3780 4397 formulas

544 4395 781 4476 dubium
815 4397 1203 4476 exprimentes,
1240 4398 1386 4450 ideas
1418 4395 1475 4450 et
1495 4395 1844 4476 fundamenta
1881 4397 2036 4476 illius
2069 4395 2089 4450 ἑ
2117 4397 2171 4450 in
2215 4412 2325 4476 quo
2365 4397 2480 4476 haec
2534 4397 2885 4476 inquiruntur
2915 4413 2928 4448 :
2965 4411 3094 4448 num
3118 4395 3185 4476 is
3223 4396 3317 4476 qui
3365 4395 3784 4476 philosophatur

543 4468 850 4536 dogmaticc
888 4466 1172 4534 procedat;
1211 4482 1338 4520 num
1370 4477 1571 4536 sectam
1607 4467 1996 4534 amplectatur;
2030 4481 2161 4519 num
2215 4465 2268 4519 in
2302 4467 2466 4520 rebus
2501 4465 2841 4536 naturalibus
2884 4465 3292 4536 perscrutandis
3334 4475 3617 4536 versetur;
3653 4477 3781 4536 num

543 4553 606 4590 ea
626 4533 758 4604 qua:
785 4536 836 4588 in
864 4533 1055 4590 sensus
1085 4535 1305 4590 cadunt.
1333 4536 1504 4590 tollat.
1531 4533 1671 4601 Quid
1704 4533 1880 4603 porro
1914 4536 2064 4590 dubii
2103 4535 2322 4605 (philos.
2360 4537 2493 4604 qu.)
2530 4535 2850 4591 criterium?
2870 4535 3002 4604 quid
3043 4534 3358 4603 objectum?
3384 4535 3606 4605 quinam
3636 4533 3782 4605 modi

549 4607 739 4675 integri
799 4605 1187 4676 dubitationis?
1218 4605 1539 4676 quideccm
1577 4605 1761 4659 modi?
1787 4605 1881 4674 qui
1907 4603 2180 4676 quinque?
2215 4607 2307 4674 qui
2346 4603 2561 4676 termini
2604 4606 2829 4660 dubium
2856 4603 3215 4676 renuntiantes?
3261 4603 3415 4676 circa
3438 4604 3593 4676 nihil,
3634 4603 3780 4676 plus,

544 4672 840 4731 obscurum
869 4715 884 4736 ,
948 4675 1201 4745 licitum?
1237 4672 1376 4745 quid
1428 4672 1834 4744 intelligendum
1893 4672 1989 4744 per
2015 4672 2207 4729 ':'lieri
2234 4672 2485 4744 potest;
2519 4675 2757 4745 haesito;
2815 4675 2948 4728 nihil
2997 4674 3342 4745 determine?
3386 4675 3516 4745 quid
3555 4693 3569 4728 :
3603 4672 3783 4745 omnia

545 4691 840 4731 opscurum
869 4715 884 4736 ,
950 4691 1201 4728 nutum!
1247 4691 1376 4745 quin
1428 4691 1834 4744 intelligendum
1893 4691 2050 4744 per':
2093 4691 2207 4729 ueri
2264 4691 2485 4744 patest;
2534 4691 2757 4738 mssito;
2815 4691 2948 4728 mnu
2997 4691 3341 4728 aetermtno!
3425 4691 3516 4729 mu
3555 4693 3569 4728 :
3603 4691 3782 4725 omnia

545 4744 1148 4814 incomprehensibilia?
1182 4745 1548 4814 (ratiocinium
1595 4746 2106 4800 enimaratiocinio
2154 4746 2438 4814 vincitur).
2502 4743 2620 4811 Qua
2667 4747 2753 4798 via
2817 4745 3064 4799 rationali
3116 4745 3181 4798 ad
3237 4691 3491 4798 Ποτίδδὶιὶ
3540 4742 3782 4814 philoso-

544 4811 745 4886 phiam'
775 4815 1123 4886 pervenitur?
1167 4811 1226 4869 In
1275 4830 1384 4886 quo
1433 4831 1460 4868 a
1519 4815 1808 4871 Democriti
1850 4815 2067 4871 diﬂ‘ert?
2119 4813 2258 4870 Num
2315 4816 2382 4870 ab
2400 4811 2711 4870 Academiis
2731 4815 2910 4870 diﬂ'ert
2949 4815 3377 4886 scepticismusl
3406 4815 3563 4868 Anne
3610 4811 3784 4886 medi-

546 4881 733 4942 corum
777 4881 1688 4956 experientiagcum'scepticorum
1739 4887 2072 4954 experientia
2110 4886 2415 4956 congruit?
2456 4886 2586 4956 quid
2632 4895 2714 4940 est
2765 4881 3079 4941 criterium’?
3142 4885 3271 4956 quid
3304 4885 3607 4956 criiterium
3635 4881 3782 4935 veri-

547 4957 708 5026 tatis?
736 4953 867 5025 quid
890 4970 915 5026 γε
945 4970 975 5008 a
1011 4955 1156 5026 quo?
1193 4971 1288 5025 per
1325 4953 1506 5024 quod?
1526 4953 1826 5026 secundum
1858 4956 1991 5011 ens?
2027 4955 2156 5025 quid
2203 4953 2426 5011 verum?
2465 4953 2592 5026 quid
2620 4956 2853 5010 veritas?
2879 4956 3009 5026 quid
3039 4954 3535 5026 estsignumiquid
3564 4953 3782 5026 signum

545 5023 1077 5080 demonstrativum?
1125 5023 1518 5081 demonstratio
1552 5025 1719 5096 quid?
1751 5041 2002 5096 quaenam
2042 5023 2172 5080 Sunt
2196 5026 2460 5096 principia
2484 5023 2693 5081 activa?
2723 5028 2853 5096 quid
2884 5023 3065 5082 Deus?
3088 5023 3220 5095 quid
3270 5023 3436 5096 causa
3449 5026 3489 5096 ?_
3516 5023 3644 5096 quid
3692 5037 3784 5096 ars

544 5097 756 5166 vivendi
777 5096 803 5149 ‘.'
840 5111 962 5164 quae
1003 5096 1270 5166 principia
1304 5092 1645 5151 materialia?
1673 5092 1803 5150 num
1834 5110 2067 5166 corpora
2097 5092 2646 5164 comprehétisibilia?
2671 5092 2802 5166 quid
2836 5092 3362 5166 temperamentum?
3398 5092 3545 5165 quid
3565 5092 3786 5166 motus?

545 5165 668 5221 dein
697 5167 928 5235 quaestio
953 5164 1157 5220 moveri
1186 5164 1372 5236 potest
1399 5167 1467 5221 de
1492 5175 1641 5221 motu
1674 5167 1904 5230 alterno,
1932 5164 1999 5222 de
2022 5167 2382 5228 incremento,
2416 5167 2484 5220 de
2509 5164 2917 5228 imminutione,
2940 5164 3006 5221 de
3031 5166 3388 5227 detractione.
3412 5164 3479 5219 de
3506 5164 3786 5236 additi‘one

545 5238 611 5289 de
639 5233 1084 5303 tra‘nspositionc.
1124 5233 1209 5291 de'
1225 5244 1340 5290 toto
1390 5247 1446 5291 et
1482 5247 1655 5306 parte,
1693 5237 1761 5290 dc
1791 5236 2093 5306 mutatione
2139 5237 2406 5300 naturali;
2441 5238 2510 5292 de
2552 5247 2676 5292 ortu
2714 5249 2768 5293 et
2811 5238 2985 5299 obitu,
3009 5237 3074 5291 de
3104 5237 3248 5298 loco,
3275 5236 3342 5290 de
3371 5245 3633 5303 tempore.
3669 5233 3786 5285 Huc

544 5305 683 5378 adde
712 5325 725 5360 :
749 5306 879 5378 quid
909 5315 994 5360 est
1015 5321 1143 5375 pars
1169 5306 1435 5361 moralis?
1463 5305 1770 5378 naturalis?
1796 5305 1960 5378 Estne
1984 5321 2074 5362 ars
2101 5306 2349 5378 vivendi?
2367 5306 2508 5362 Num
2531 5309 2601 5368 ei.
2622 5309 2714 5378 qui
2741 5323 2802 5363 ea
2826 5307 3046 5378 gaudet,
3077 5306 3341 5378 prodest?
3364 5305 3494 5378 quid
3519 5317 3785 5358 numerus

546 5377 601 5448 in
631 5375 974 5448 quoibonum
1000 5386 1054 5430 et
1081 5379 1308 5436 malum.
1339 5377 1520 5448 quoad
1550 5386 1837 5448 naturam,
1855 5376 2146 5448 diﬂ'erunt?
2171 5375 2262 5431 Hae
2283 5389 2412 5448 sunt
2440 5375 2847 5448 propositiones
2866 5376 3610 5448 Pyrrhonisrdiscipulorum,
3641 5385 3785 5448 quas

544 5443 838 5517 Gregorius
871 5461 968 5515 pro
1007 5447 1164 5516 nugis
1202 5443 1381 5501 habet:
1412 5445 1545 5500 Nam
1588 5447 1931 5517 Aristotelem
1964 5447 2229 5502 inducunt.
2270 5456 2325 5502 et
2358 5443 2651 5517 Epicurum
2677 5459 2732 5503 et
2757 5449 2894 5504 alios
2913 5443 3129 5502 Stoicos
3160 5447 3228 5500 de
3255 5443 3784 5517 incomprehensibi-

546 5515 691 5569 libus
708 5515 1222 5586 disputantesAdde
1243 5517 1664 5578 Clitomachum,
1679 5516 2046 5582 Carneadem;
2074 5518 2209 5572 adde
2229 5515 2546 5574 czeterorum
2568 5517 3360 5586 academicorummuastiones,
3375 5516 3501 5570 item
3521 5515 3788 5586 sceptico-

547 5597 669 5659 rum
695 5602 710 5649 ;
735 5585 896 5638 trium
920 5602 1083 5655 porro
1113 5587 1580 5659 philosophiarum
1605 5601 1742 5659 quas
1763 5601 1925 5656 supra
1941 5589 2344 5659 nominavimus
2369 5589 2754 5654 recordamini,
2782 5584 3118 5659 dogmaticae,
3146 5586 3488 5659 academica,
3513 5584 3781 5659 scepticae.

545 5650 606 5707 in
639 5664 873 5709 mentem
899 5650 1063 5726 porro
1098 5650 1277 5715 v'eniat
1307 5650 1607 5730 Pyrrhonis
1623 5650 1726 5729 'qui
1758 5650 2199 5716 antecessoribus
2235 5658 2350 5716 suis
2375 5659 2614 5730 planius,
2642 5650 3154 5717 clarius‘dubitavit:
3186 5657 3406 5714 Scimus
3438 5650 3661 5728 quidem
3687 5666 3785 5708 eos

620 5864 698 5938 (1)
735 5869 793 5926 Ρ.
817 5871 922 5927 H5

2914 5927 2948 5946 θ
