4182 6362
433 339 536 394 573

434 465 583 536 δυμα
613 460 777 515 αὑτοῦ
804 461 989 534 τρίχες
1031 463 1298 533 καμήλων
1319 502 1332 522 ,
1371 462 1462 514 καλ⁴
1490 461 1668 533 ζώνην
1692 459 2021 532 δερματίνην

435 555 577 629 εἶχεν
621 556 750 628 περὶ
794 555 894 626 τὴν
929 557 1101 624 ὀσφῦν
1135 555 1324 609 αὑτοῦ.
1375 554 1563 626 Τούτῳ
1595 553 1903 626 προσῆλθον
1935 569 2024 604 τε-

434 652 604 706 λῶναι
634 646 730 704 κάὶ
759 648 1214 720 στρατευόμενοι,
1246 647 1315 700 τά
1363 647 1500 718 πρὸς
1531 644 1808 717 σωτηρίαν
1839 645 2023 706 αὐτοῖς

435 743 687 795 ἐπειπεῖν
719 738 814 794 καὶ
844 736 1145 792 ὑποθέσθαι
1175 733 1583 798 ἀντιϐολοῦντες
1605 752 1617 766 ·
1646 735 1674 786 ό
1696 733 1753 786 δὲ
1779 734 1894 796 τοῖς
1925 729 2023 799 μὲν

434 834 698 896 τελώναις
731 831 898 902 μηδὲν
929 833 1104 883 ποιεῖν
1133 827 1284 900 παρὰ
1304 827 1365 880 τὺ
1390 824 1812 896 διατεταγμένον
1841 823 2024 884 αὑτοῖς

435 921 736 988 διετάξατο.
764 923 877 984 τοῖς
905 921 962 974 δὲ
992 918 1445 992 στρατευομένοις
1470 917 1675 987 μηδένα
1701 915 1906 969 ἀδικεῖν
1931 915 2026 967 καὶ

438 1016 552 1077 τοῖς
589 1012 846 1082 ὀψωνίοις
883 1011 1193 1082 ἀρκεῖσθαι.
1238 1008 1651 1079 Προσελθόντων
1681 1007 1738 1061 δὲ
1771 1006 1864 1061 καὶ
1904 1005 2024 1059 ἐτέ-

440 1122 570 1178 ρων,
605 1104 882 1167 κάκείνοις
905 1103 1068 1172 φησίν
1089 1119 1104 1132 '
1150 1101 1212 1155 Ὀ
1242 1101 1400 1171 ἔχων
1423 1101 1532 1155 δύο
1563 1099 1818 1170 χιτῶνας
1843 1116 2024 1168 μετα-

439 1194 590 1249 δότω
633 1192 713 1260 τῷ
738 1192 826 1262 μὴ
871 1193 1103 1260 ἔχοντι,
1158 1191 1257 1244 καὶ
1302 1193 1334 1244 ό
1369 1191 1527 1260 ἔχων
1570 1189 1787 1258 ἄρτους
1838 1189 2026 1256 οὕτως

439 1287 674 1340 ποιείτω
697 1301 712 1316 ·
741 1284 838 1338 καὶ
874 1283 1100 1355 χρυσίου
1140 1283 1407 1352 ἀκτησίαν
1441 1281 1583 1353 λόγῳ
1617 1281 1903 1354 κηρύττων
1931 1283 2028 1336 καὶ

438 1378 585 1451 ἔργῳ
615 1376 880 1448 βεϐαιῶν,
906 1376 1000 1430 καὶ
1041 1374 1154 1446 βίον
1188 1374 1495 1446 νομοθετῶν
1544 1374 1638 1429 τὸν
1685 1375 2022 1428 κοινωνικόν.

439 1515 545 1570 548
576 1514 637 1568 Τί
664 1512 716 1566 δ’
747 1512 824 1566 ἂν
841 1529 931 1577 τις
957 1512 1115 1565 εἴποι
1145 1511 1296 1580 πρὸς
1321 1510 1430 1564 τὸν
1454 1510 1523 1564 ἐκ
1548 1511 1768 1579 τέχνης
1791 1510 2027 1579 τροφὴν

441 1583 546 1639 549
576 1584 820 1637 Παῦλον
847 1583 1160 1649 πορίζοντ’,
1197 1581 1235 1647 ἢ
1263 1581 1373 1634 τὸν
1404 1580 1472 1650 ἐκ
1508 1581 1737 1650 θέρμων
1759 1583 1958 1647 μόνων

440 1655 544 1710 550
575 1651 891 1723 Τρυφῶντα
907 1652 1299 1721 Πέτρον,τοὺς
1315 1649 1622 1721 μεγάλους
1640 1651 2025 1717 ἀποστόλων;

509 1765 722 1829 Παῦλος
756 1765 856 1836 μὲν
885 1767 914 1820 ὁ
959 1764 1104 1828 θεῖος
1133 1765 1434 1829 ἀπόστολος
1469 1765 1795 1834 σκηνοποιὸς
1825 1761 1896 1836 ἦν
1929 1766 2025 1836 τὴν

435 1859 646 1929 τέχνην.
683 1858 824 1926 Φησὶ
859 1856 1002 1928 γάρ,
1035 1856 1116 1908 ὅτι
1152 1855 1306 1925 παρά
1335 1854 1412 1926 τῷ
1457 1852 1660 1927 Ἀκύλᾳ
1681 1856 2023 1926 κατέμεινεν,

437 1951 534 2004 καὶ
573 1948 892 2020 εἰργάζοντο
944 1947 1268 2018 ἀμφότεροι.
1317 1943 1501 2001 Ἦσαν
1553 1948 1662 2019 γάρ
1713 1948 2028 2018 σκηνοποιοὶ

434 2038 536 2108 τὴν
593 2037 812 2108 τέχνην.
866 2030 1036 2100 Οὗτος
1093 2036 1150 2089 δὲ
1209 2036 1693 2107 εὐαγγελιζόμενος
1755 2036 2028 2090 ἀδάπανον

438 2129 592 2199 ἐτίθη
628 2129 689 2182 τὸ
717 2128 1070 2197 Εὑαγγέλιον,
1111 2127 1296 2192 καθώς
1348 2128 1450 2182 πού
1491 2146 1660 2198 φησιν
1693 2128 1881 2191 αὑτόςο
1932 2128 2030 2192 Τίς

437 2213 554 2273 οὖν
605 2219 726 2288 μού
769 2219 944 2272 ἐστιν
996 2222 1031 2274 ὁ
1080 2219 1300 2289 μισθὸς
1321 2259 1338 2283 ,
1373 2220 1474 2272 ἵνα
1506 2217 2029 2289 εὐαγγελιζόμενος

436 2308 754 2364 ἀδάπανον
795 2308 962 2376 θήσω
989 2310 1056 2363 τὸ
1093 2309 1480 2380 Εὐαγγέλιον,
1515 2312 1603 2375 είς
1644 2311 1709 2364 τὸ
1736 2310 1824 2379 μὴ
1854 2327 2030 2364 κατα-

439 2400 785 2470 χρήσασθαι
841 2399 918 2470 τῇ
969 2401 1223 2468 ἐξουσίᾳ
1255 2420 1376 2470 μου
1421 2401 1490 2454 ἐν
1531 2400 1613 2466 τῷ
1648 2403 2029 2472 Εὑαγγελίςοη

439 2493 535 2548 καὶ
566 2493 726 2547 πάλιν
746 2509 759 2522 ·
791 2492 975 2547 Αὐτοὶ
1002 2495 1113 2563 γὰρ
1142 2493 1361 2555 οἴδατε,
1398 2493 1487 2547 ὅτι
1516 2493 1645 2557 ταῖς
1668 2493 1894 2562 χρείαις
1909 2512 2030 2563 μου

440 2581 540 2635 καὶ
581 2582 705 2649 τοῖς
747 2578 889 2638 οὖσι
934 2583 1060 2653 μετ’
1091 2583 1236 2652 ἐμοῦ
1287 2587 1346 2637 αἱ
1384 2584 1577 2653 χεῖρες
1608 2580 1784 2639 αὗται
1809 2584 2034 2653 ὑπηρέ-

440 2687 641 2742 τησαν
665 2689 679 2703 ⁸
731 2675 827 2727 καὶ
860 2669 1016 2736 αὖθις
1036 2689 1051 2704 ο
1088 2674 1322 2737 Νυκτὸς
1347 2673 1447 2726 καὶ
1473 2674 1698 2742 ’ἡμέρας
1733 2673 2034 2742 ἐργαζόμε-

439 2781 535 2819 νοι
581 2764 732 2833 πρὸς
769 2765 834 2819 τὸ
859 2764 947 2835 μὴ
973 2763 1333 2832 ἐπιϐαρῆσαί
1365 2782 1516 2828 τινα,
1545 2765 1914 2836 εὐδοκοῦμεν
1933 2783 2033 2835 με·

442 2853 728 2910 τιιδοῦναι
764 2856 946 2926 ὑμῖν,
988 2859 1062 2912 οὐ
1093 2859 1283 2927 μόνον
1342 2857 1408 2910 τὸ
1433 2856 1822 2926 Εὐαγγὲλιον,
1871 2856 2030 2911 ἀλλὰ

443 2947 540 2999 καὶ
572 2946 678 3014 τὰς
707 2947 939 3001 ἑαυτῶν
962 2949 1164 3018 ψυχὰς
1187 2990 1201 3012 ,
1233 2947 1382 3001 διότι
1413 2948 1706 3016 ἀγαπητοὶ
1734 2946 1878 3016 ἡμῖν
1903 2947 2031 3015 ἐγε-

442 3036 685 3106 νήθητε.
719 3039 922 3110 Πέτρος
969 3039 1024 3092 δὲ
1064 3039 1172 3092 τῶν
1221 3039 1535 3093 ἀποστόλων
1589 3041 1621 3110 ή
1655 3039 1925 3111 ἀκρότης,
1964 3041 2031 3093 ὲκ

444 3130 664 3202 θέρμων
689 3132 972 3202 ἐτρέφετο.
1006 3133 1118 3185 Καὶ
1171 3133 1278 3203 γὰρ
1312 3133 1780 3203 προσενεχθέντων
1817 3174 1829 3186 .
1857 3162 1869 3186 -.
1899 3150 2032 3204 χρυ-

447 3223 562 3276 σίου
603 3223 754 3295 παρά
775 3223 877 3294 τῆς
909 3263 926 3280 .
953 3264 969 3278 .
1006 3224 1222 3278 ἅπαντα
1253 3225 1465 3287 διαδοὺς
1490 3264 1504 3288 ,
1539 3225 1690 3278 οὐδὲν
1716 3224 2026 3277 ὑπελίπετο.

446 3313 557 3368 Καὶ
602 3314 668 3386 δὴ
702 3315 1120 3387 καταλαϐούσης
1152 3318 1425 3387 ἑσπέρας,
1599 3317 1830 3388 ἐχόντων
1854 3314 2031 3370 αὑτῶν

444 3405 568 3459 ὅθεν
615 3406 716 3470 τὰς
756 3408 1076 3478 σωματικὰς
1117 3409 1450 3480 πορίσωνται
1499 3410 1717 3480 χρείας,
1763 3410 2031 3480 ἀσσαρίου

447 3497 700 3568 κειμένου
733 3498 970 3570 θέρμους
991 3499 1359 3572 ὠνησάμενοι,
1392 3500 1491 3572 τὴν
1514 3501 1750 3572 φυσικὴν
1784 3501 2027 3572 ἀνάγκην

447 3606 524 3640 πα
531 3589 738 3662 ρηγορή
746 3606 926 3644 σαντο.

588 3704 788 3757 Ἄλλοι
815 3703 1097 3772 παρῆκαν
1121 3703 1528 3775 συγγενεῦσιν
1552 3700 1807 3775 ἁλιάδας

445 3771 552 3827 555
582 3771 1106 3844 Καλούμενοιθεῷ
1138 3771 1291 3844 πρὸς
1319 3773 1500 3829 ἁλίαν
1526 3774 1854 3842 κρείττονα.

1464 344 1559 398 AD
1599 342 1909 400 CABMINA
1947 340 2007 394 S.
2043 339 2378 399 GREGORII
2406 340 2659 399 THEOL.

3613 336 3716 392 57-1

2207 459 2460 523 Ἰάκωϐος
2481 454 2549 528 ἦν
2578 458 2675 512 καῖ⁹
2711 455 2965 526 Ἰωάννης
2995 455 3045 510 οἱ
3073 454 3176 526 τῆς
3200 453 3449 527 βροντῆς.
3492 452 3716 510 Τούτους

2123 555 2232 622 γάρ
2278 549 2452 622 εὑρὼν
2503 549 2710 620 Ἰησοῦς
2755 549 2946 603 δίκτυα
2980 549 3443 618 καταρτίζοντας,
3480 545 3583 616 ἤδη
3613 544 3718 597 ῐΙέο

2123 661 2249 714 τρον
2287 643 2382 696 καὶ
2445 642 2700 714 Ἀνδρέαν
2755 641 3095 711 σαγηνεύσας
3139 641 3313 712 (φησὶ
3357 638 3500 710 γάρ·
3538 639 3718 691 Δεῦτε

2125 737 2318 789 ὀπίσω
2340 753 2460 804 μου
2484 777 2499 797 ,
2536 734 2635 788 καὶ
2662 732 2897 799 ποιήσω
2931 733 3090 800 ὑμᾶς
3127 732 3318 798 ἁλιεῖς
3345 729 3713 800 ἀνθρώπων),

2123 827 2233 880 τῶν
2258 828 2315 880 δὲ
2337 825 2703 889 ἀπελθόντων,
2743 821 2899 888 αὖθις
2921 825 3014 878 τὸν
3051 826 3305 894 Ἰωάννην
3326 825 3422 877 καὶ⁵
3461 823 3716 877 Ἰάκωϐον

2125 922 2300 994 εὑρὼν
2339 923 2433 977 καὶ
2485 922 2888 994 προσφωνήσας
2918 923 3103 984 αὑτοῖς
3131 921 3466 985 ἀκολουθεῖν,
3514 921 3716 984 αὐτοὺς

2129 1013 2226 1084 μὲν
2261 1011 2484 1081 λέγεται
2529 1011 2592 1065 τὸ
2640 1011 2823 1064 πλοῖον
2854 1011 3092 1080 ἀφέντας
3129 1013 3225 1065 καὶ
3255 1011 3345 1064 τὸν
3372 1010 3588 1081 πατέρα
3619 1012 3716 1064 Ζε-

2126 1105 2337 1158 ϐεδαῖον
2359 1147 2372 1168 ,
2403 1103 2766 1173 ἀκολουθῆσαι
2814 1103 3068 1158 καλοῦντι
3107 1103 3356 1174 Χριστῷ,
3413 1104 3624 1166 πάντας
3654 1118 3716 1154 τε

2127 1197 2268 1251 κατὰ
2293 1197 2386 1251 τὸν
2418 1196 2591 1268 Ἰησοῦ
2629 1196 2788 1266 λόγον
2850 1195 3165 1276 ἀνθρώπων⁵
3187 1195 3398 1280 -γάλιεῖς
3439 1193 3716 1267 χρηματί-

2129 1303 2242 1341 σαι.

2266 1401 2503 1482 ζῼραητὸ
2533 1400 2765 1482 μεῖζονο
2789 1400 2940 1482 ρύδὲ
2958 1399 3049 1482 Et?)
3080 1403 3194 1482 νέω
3216 1401 3429 1470 μαθεῖν

2116 1471 2231 1524 ’567
2271 1471 2550 1540 Χρῄζοντι
2571 1511 2585 1534 ,
2625 1471 2748 1538 πῶς
2781 1471 2858 1525 ἂν
2882 1471 2988 1525 τοῦ
3019 1473 3254 1525 τελείου
3283 1471 3603 1541 κατατύχοι
3625 1485 3641 1501 ·

2129 1541 2234 1596 568
2267 1544 2460 1608 Ἄλλῳ
2483 1542 2551 1596 τὸ
2588 1542 2776 1610 ἄκρον
2810 1541 2850 1609 ἢ
2877 1543 3044 1610 μόνῳ
3071 1541 3418 1610 περιγράφει

2129 1612 2232 1667 569
2267 1613 2334 1666 Τὸ
2361 1611 2489 1665 δεῖν
2515 1611 2751 1667 ἅπαντα
2783 1612 2907 1678 τοῖς
2933 1611 3156 1678 πένησι
3185 1611 3535 1681 σκορπίσαι.

2199 1725 2508 1798 Προσῆλθέν
2541 1743 2627 1788 τις
2672 1725 2956 1789 νεανίσκος
2987 1724 3064 1796 τῷ
3125 1724 3299 1794 Ἰησοῦ
3325 1767 3340 1790 ,
3397 1725 3491 1779 καί
3541 1741 3713 1795 φησιο

2126 1817 2463 1872 Διδάσκαλε
2499 1819 2705 1888 ἀγαθὲ,
2739 1819 2797 1871 τί
2827 1818 3095 1886 ποιήσας
3124 1816 3277 1882 ζωὴν
3297 1816 3540 1872 αἰώνιον
3571 1820 3719 1883 κλη-

2089 1985 2091 1987 ι
2119 1910 2479 1981 ρονομήσω;
2521 1910 2878 1978 Ἀποκριθεὶς
2899 1909 2968 1963 δὲ
3000 1913 3033 1964 ό
3074 1908 3305 1977 Ἰησοῦς
3344 1909 3513 1962 εἷπεν
3533 1908 3713 1974 αὐτῷ·

2133 2003 2244 2069 Τὰς
2275 2002 2529 2069 ἐντολὰς
2557 1998 2726 2068 οἶδας
2745 2017 2760 2032 ⁸
2807 2001 2902 2055 καὶ
2937 2001 3126 2064 ἁπλῶς
3155 2000 3494 2072 διασαφήσας
3521 2002 3648 2064 τοὺς
3683 2007 3717 2054 t'

2127 2094 2316 2164 λόγους
2344 2093 2440 2148 τοῦ
2488 2095 2688 2164 νόμου,
2720 2095 2816 2147 καὶ
2856 2093 2951 2148 τοῦ
2999 2093 3284 2146 νεανίσκου
3321 2092 3494 2146 ταῦτα
3540 2092 3718 2146 πάντα

2128 2186 2362 2257 φυλάξαι
2395 2185 2899 2257 μεγαλαυχοῦντος,
2948 2185 3114 2256 φησὶν
3163 2187 3191 2239 ὁ
3216 2185 3485 2256 Χριστός’
3520 2185 3592 2237 Ei
3623 2183 3718 2237 θέ-

2126 2281 2256 2342 λεις
2286 2277 2515 2342 τέλειος
2545 2273 2700 2330 εἷναι
2717 2317 2732 2336 .
2759 2273 3055 2343 πώλησόν
3079 2291 3196 2328 σου
3234 2278 3310 2328 τὰ
3337 2273 3715 2343 ὑπάρχοντα,

2129 2370 2227 2424 καί
2255 2369 2362 2434 δὸς
2387 2369 2678 2438 πτωχοῖς,
2707 2367 2804 2422 καί
2830 2367 2986 2434 ἔξεις
3017 2367 3326 2435 θησαυρὸν
3355 2366 3424 2419 ἐν
3461 2362 3719 2433 οὐρανῷ,

2129 2459 2229 2513 καὶ
2259 2457 2437 2526 δεῦρο
2463 2458 2785 2512 ἀκολούθει
2811 2475 2914 2526 μοι
2945 2473 2958 2487 ο
2991 2455 3088 2509 τοῦ
3121 2456 3179 2510 δὲ
3222 2455 3509 2509 νεανίσκου
3543 2452 3719 2522 λυπη-

2129 2550 2312 2612 θέντος
2343 2549 2361 2620 (
2384 2550 2514 2618 περὶ
2543 2549 2839 2619 κτημάτων
2872 2549 2983 2620 γὰρ
3029 2549 3268 2620 μάλιστα
3298 2543 3397 2618 ἦν)
3423 2589 3438 2610 ,
3485 2541 3716 2616 Ἰησοῦς,

2129 2643 2205 2707 ὡς
2229 2642 2503 2706 δυσκόλως
2535 2641 2790 2706 πλούσιος
2819 2642 3189 2696 εἰσελεύσεται
3211 2642 3290 2704 εἰς
3313 2641 3414 2710 τὴν
3439 2638 3719 2708 βασιλείαν

2130 2735 2236 2787 τῶν
2269 2733 2513 2805 οὑρανῶν
2539 2732 2878 2800 διαπρυσίως
2907 2734 3257 2801 ἀπεφήνατο,
3293 2731 3500 2800 μᾶλλον
3531 2729 3588 2782 δὲ
3622 2729 3719 2782 καὶ⁵

2128 2824 2206 2896 τῷ
2238 2825 2337 2895 τῆς
2363 2826 2670 2896 τρυμαλιᾶς
2702 2824 2940 2894 βελιτινης
2975 2824 3334 2892 ὑποδείγματι
3361 2862 3376 2885 ,
3423 2823 3497 2884 ὡς
3523 2822 3720 2874 θᾶττον

2130 2917 2338 2987 ταύτης
2385 2918 2719 2972 διελεύσεται
2749 2917 2996 2987 κάμηλος
3018 2957 3033 2978 ,
3075 2916 3106 2986 ἦ
3140 2915 3391 2978 πλούσιος
3436 2914 3534 2985 τὴν
3563 2913 3719 2983 βασι·

2133 3010 2286 3064 λείαν
2312 3011 2573 3082 κτήσεται
2603 3010 2696 3063 τοῦ
2722 3009 2860 3063 Θεοῦ
2887 3049 2903 3073 ,
2937 3007 3299 3079 βεϐαιὼτερον
3332 3006 3680 3077 διεσάφησεν.

2133 3128 2239 3180 575
2265 3126 2429 3179 Οὕτω
2460 3127 2686 3180 τελειοῖ
2706 3126 2804 3180 καὶ
2837 3125 3100 3190 τελώνας
3127 3124 3344 3190 εἰσόδῳ

2131 3198 2236 3251 574
2275 3196 2480 3251 Πάντα
2507 3197 2822 3265 προθύμως
2849 3195 2928 3261 τῷ
2952 3194 3074 3260 Θεῷ
3095 3191 3512 3265 δωρουμένους
3535 3211 3547 3222 ·

2131 3267 2236 3320 575
2264 3267 2374 3320 Καὶ
2401 3266 2646 3323 πειθέτω
2675 3261 2749 3320 σε
2771 3266 3068 3332 Ζακχαῖος
3088 3306 3101 3329 ,
3133 3261 3200 3330 ὃς
3220 3263 3503 3318 πλουτῶν
3525 3261 3724 3328 κακῶς

2133 3339 2236 3392 576
2261 3338 2451 3402 Οἴκτφ
2484 3337 2761 3401 πενήτων
2790 3336 2934 3404 τῇδε
2954 3335 3334 3403 ἠδικημένων

2134 3409 2235 3462 577
2270 3408 2533 3462 Πλουτεῑ
2556 3407 2625 3460 τὸ
2652 3403 2942 3460 πένεσθαι
2973 3405 3070 3458 καὶ
3101 3406 3305 3472 ῥύπου
3330 3403 3687 3470 καθαίρεται.

2209 3499 2269 3553 '0
2304 3500 2402 3570 μὲν
2440 3499 2722 3574 Ματθαῖος
2751 3497 2990 3568 τελώνης
3020 3496 3282 3568 ὑπάρχων
3307 3537 3322 3562 ,
3373 3495 3724 3565 φωνήσαντος

2136 3591 2284 3662 αὑτῷ
2311 3589 2407 3644 τοῦ
2439 3591 2725 3662 Σωτῆρος,
2765 3590 3108 3644 Ἀκολούθει
3139 3605 3243 3657 μοι
3264 3627 3279 3651 ,
3314 3585 3627 3641 καταλιπὼν
3664 3585 3727 3638 τὺ

2135 3682 2419 3736 τελωνεῖον
2459 3682 2829 3752 ἠκολούθησεν
2858 3679 3028 3750 αὑτῷ.
3067 3682 3334 3751 Ζακχαῖος
3360 3678 3416 3732 δὲ
3435 3719 3452 3745 ,
3485 3676 3724 3746 τελώνης

2137 3774 2232 3828 καὶ
2263 3773 2425 3837 αὐτὸς
2449 3773 2734 3846 ὑπάρχων,
2765 3773 2861 3826 καὶ
2890 3773 3195 3844 παράγοντι
3224 3770 3448 3843 Χριστῷ
3466 3811 3481 3836 ,
3512 3769 3602 3823 διὰ
3633 3769 3727 3822 τὸν

534 3920 792 3986 Joannes,
823 3921 1027 3978 Christi
1078 3937 1382 3991 praecursor
1434 3924 1487 3977 in
1532 3923 1750 3978 deserto
1780 3923 2082 3988 habitabat,
2108 3922 2337 3977 locustis
2365 3929 2418 3976 et
2450 3920 2608 3975 melle
2654 3921 2888 3976 silvestri
2921 3935 3172 3985 vescens,
3207 3921 3330 3990 pilis
3381 3923 3715 3979 camelorum

467 3994 716 4063 vestitus,
745 4008 936 4047 zonam
961 4008 1152 4063 gerens
1178 3993 1458 4061 pelliceam
1490 3995 1634 4063 circa
1663 3993 1900 4050 lumbos.
1920 3993 2198 4049 Venerunt
2217 3993 2287 4046 ad
2318 4008 2445 4047 eum
2479 3991 2749 4063 pii-lilicani
2779 4002 2834 4046 et
2864 3992 3067 4063 milites
3098 4001 3400 4061 qurerentcs
3426 3995 3554 4063 quid
3584 3996 3718 4063 ipsis

469 4061 776 4134 faciendum
813 4063 877 4134 ad
901 4061 1134 4134 salutem?
1159 4063 1568 4134 acquirendam.
1593 4061 1659 4134 Et
1679 4064 1930 4132 praecepit
1958 4064 2285 4134 publicanis,
2317 4078 2385 4117 ne
2410 4061 2639 4134 vectigal
2658 4061 3016 4134 justomajus
3036 4063 3412 4134 perciperent;
3445 4061 3725 4119 militibus

468 4148 538 4187 ne
578 4133 813 4203 cuipiam
839 4132 1092 4203 iniuriam
1125 4133 1408 4195 inferrent,
1435 4133 1716 4203 stipendiis
1746 4134 1862 4188 suis
1899 4132 2157 4188 contenti.
2193 4132 2330 4188 Cum
2363 4147 2492 4203 vero
2535 4132 2627 4203 alii
2665 4132 3004 4203 accederent,
3041 4133 3218 4188 dixit:
3249 4133 3353 4198 Qui
3400 4135 3553 4188 habet
3585 4136 3722 4188 duas

470 4201 685 4258 tunicas
707 4201 791 4255 det
819 4219 918 4274 non
950 4202 1180 4274 habenti,
1210 4212 1259 4257 et
1311 4205 1402 4273 qui
1444 4201 1594 4257 habet
1635 4220 1780 4258 escas
1812 4204 2059 4258 similiter
2092 4204 2256 4274 faciat
2284 4203 2321 4256 ¹.
2365 4201 2457 4257 Sic
2490 4202 2609 4256 auri
2655 4201 3025 4272 contemptum
3056 4205 3238 4259 verbis
3272 4205 3600 4274 praedicavit,
3644 4221 3723 4268 re,

470 4283 653 4345 autem
683 4273 951 4345 exercuit.
989 4273 1152 4326 vitam
1185 4283 1532 4345 communem
1576 4276 1997 4345 commendavit.

542 4342 740 4397 Beatus
780 4341 982 4396 Paulus
1027 4343 1479 4398 scenofactoriam
1517 4356 1686 4398 artem
1725 4340 2043 4408 exercebat;
2085 4343 2216 4398 dicit
2242 4343 2388 4398 enim
2413 4357 2474 4398 se
2505 4343 2559 4396 in
2598 4340 2808 4410 Aquilae
2848 4343 3012 4398 domo
3040 4352 3466 4398 commorantetn
3499 4360 3620 4398 cum
3657 4361 3725 4400 eo

470 4413 772 4486 laborasse.
791 4412 995 4486 Cratis
1026 4412 1378 4486 Evangelium
1413 4430 1538 4469 eum
1566 4415 1893 4486 prgdicasse
1924 4431 1990 4470 ex
2021 4414 2142 4483 ejus
2181 4413 2360 4486 verbis
2381 4414 2533 4467 vides
2563 4430 2578 4466 :
2606 4410 2738 4475 Qua:
2767 4420 2843 4466 est
2867 4430 3219 4486 ergoumerces
3249 4425 3464 4486 meaLut
3489 4414 3727 4486 Evange-

470 4485 602 4554 liam
655 4484 975 4551 praedicans,
1011 4483 1123 4537 sine
1149 4493 1363 4553 sumptu
1398 4495 1588 4554 ponam
1622 4483 1986 4554 Evangelium,
2021 4495 2076 4537 ut
2102 4500 2203 4536 non
2228 4483 2421 4537 abutar
2446 4490 2706 4554 potestate
2725 4498 2854 4554 _mea
2883 4483 2939 4537 in
2974 4483 3259 4554 Evangelia
3284 4486 3342 4538 '1’
3370 4483 3433 4537 Et
3458 4483 3675 4540 rursum
3708 4503 3722 4538 :

485 4552 583 4624 Vos
615 4563 792 4607 autem
820 4553 966 4606 scitis
987 4562 1242 4620 quantum
1264 4552 1405 4608 me
1428 4555 1621 4622 inapiw
1648 4565 1697 4608 et
1730 4552 1966 4608 meorum
2001 4557 2262 4608 sociarant
2285 4554 2372 4606 'Iue
2393 4552 2938 4624 manus_suf/i_ciant'.
2983 4553 3048 4608 Et
3080 4552 3304 4624 insuper
3333 4573 3346 4608 :
3383 4554 3552 4608 Nocte
3570 4566 3618 4609 et
3642 4555 3728 4608 die

472 4623 772 4678 laborantes
800 4639 863 4676 ne
889 4639 1201 4694 quamquam
1228 4620 1590 4694 gravaremus,
1625 4624 1766 4679 vobis
1790 4624 2154 4678 desideramus
2177 4624 2366 4692 oﬂ'erre
2387 4640 2492 4676 non
2516 4622 2690 4694 solum
2718 4620 3085 4694 Evaﬁngelium,
3113 4620 3292 4678 verum
3321 4626 3476 4678 etiam
3517 4628 3728 4679 animas

476 4702 706 4764 nostras,
737 4695 864 4762 quia
891 4693 1068 4746 dilecti
1100 4697 1210 4764 me_i_
1234 4693 1364 4748 estis
1393 4695 1435 4746 δ.
1467 4695 1680 4758 Petrus,
1715 4696 1968 4764 princeps
2006 4696 2400 4764 apostolorum,
2424 4693 2625 4760 lttpinis
2661 4693 3004 4764 vescebatur,
3040 4705 3093 4748 et
3125 4710 3249 4750 cum
3291 4697 3443 4750 daret
3475 4697 3737 4752 omnia",

473 4763 612 4818 nihil
674 4761 942 4833 reliquum
995 4771 1134 4818 erat.
1169 4761 1405 4835 Vespere
1433 4781 1558 4820 cum
1594 4761 1732 4820 nihil
1784 4761 2058 4820 haberent
2100 4765 2167 4819 ad
2221 4779 2424 4834 corpus
2469 4761 2794 4828 curandum,
2835 4764 3036 4834 lupinis
3084 4780 3208 4821 asse
3234 4766 3435 4834 emptis
3481 4774 3728 4820 ventrem

477 4835 774 4901 replerunt.

545 4903 784 4959 Jacobus
805 4913 859 4958 et
881 4902 1121 4958 Joannes
1151 4903 1246 4957 lilii
1268 4904 1493 4970 tonitru,
1517 4903 1644 4960 Jesu
1675 4905 1822 4960 obvii
1855 4904 2007 4960 fuere
2036 4921 2160 4961 cum
2189 4905 2322 4959 retia
2347 4904 2649 4961 reﬁcerent.
2685 4907 2804 4963 Jam
2839 4922 2970 4962 vero
3000 4905 3220 4963 Petrum
3245 4916 3299 4962 et
3321 4905 3594 4960 Andream
3623 4907 3729 4961 sibi

476 4975 831 5044 adiunxerat,
865 4976 1052 5055 dicens
1077 4991 1091 5027 :
1117 4973 1438 5055 Sequimini,
1467 4987 1521 5030 et
1563 4974 1758 5030 faciam
1791 4991 1896 5055 vos
1941 4977 2264 5055 piscatores
2290 4975 2595 5055 hominum.
2634 4977 2829 5055 Postea
2874 4977 3137 5055 J_oannen_t
3171 4987 3226 5031 et
3253 4975 3538 5055 _Jaeohum_
3573 4985 3635 5055 ut
3671 4992 3732 5032 se

477 5055 833 5117 sequerentur
852 5045 1056 5113 rogavit
1077 5060 1092 5108 ;
1113 5044 1214 5117 _qui
1236 5045 1441 5111 statim,
1465 5061 1601 5100 nave
1629 5055 1684 5101 et
1711 5054 1866 5115 patre
1888 5045 2115 5111 relictis,
2137 5045 2358 5101 Christo
2377 5044 2745 5115 adhaeserunt,
2768 5049 3048 5105 hominum
3077 5047 3384 5117 piscationi,
3405 5056 3464 5101 ut
3481 5046 3734 5103 Christus

479 5115 825 5186 praeceperat,
844 5129 1062 5186 Operam
1094 5115 1304 5169 dantes.

549 5182 972 5258 Adulescensad
989 5182 1175 5258 Iesum
1210 5184 1676 5258 accessitetidixit
1696 5187 1717 5218 ⁵
1752 5204 1766 5241 ι
1795 5185 2061 5258 Magister
2083 5186 2233 5258 bene,
2257 5183 2615 5258 quidfaciant
2640 5195 2694 5258 ut
2726 5187 2945 5241 habeam
2975 5188 3136 5240 vitam
3165 5188 3459 5258 (etet-nam?
3499 5187 3737 5255 Respon-

477 5256 604 5309 dens
629 5254 785 5309 Jesus
814 5256 954 5308 dixit
986 5255 1078 5309 ei:
1101 5252 1364 5308 Mandata
1394 5257 1569 5319 nosti;
1604 5256 1730 5310 dein
1773 5252 1961 5312 decem
1997 5252 2278 5310 mandata'
2300 5255 2508 5308 recitat.
2541 5255 2906 5316 Adolescenti.
2948 5272 3006 5311 se
3037 5258 3149 5310 haec
3189 5257 3368 5309 omnia
3412 5252 3737 5312 observasse

479 5325 797 5390 al'lirmanti,
825 5324 985 5380 Jesus
1015 5325 1187 5378 dixit:
1213 5325 1274 5380 Si
1298 5326 1375 5396 eis
1405 5326 1666 5396 perfectus
1706 5344 1836 5392 esse,
1880 5330 2038 5381 vende
2071 5341 2188 5395 qua:
2220 5325 2400 5387 habes,
2430 5335 2478 5376 et
2517 5325 2587 5378 da
2621 5327 2958 5394 pauperibus,
2999 5337 3047 5380 et
3090 5326 3302 5396 habebis
3343 5328 3644 5380 thesaurum
3682 5329 3737 5379 in

479 5396 629 5460 cazla,
659 5405 709 5450 et
740 5397 876 5458 veni,
908 5411 1117 5462 sequere
1151 5411 1251 5448 me.
1283 5395 1412 5462 Quo
1440 5395 1624 5449 audito
1649 5398 2008 5452 contristatus
2048 5405 2134 5451 est
2177 5396 2516 5456 adolescens,
2548 5396 2676 5464 quia
2717 5397 2956 5464 locuples
2997 5408 3132 5450 erat.
3167 5395 3318 5461 and
3359 5399 3549 5451 videns
3573 5396 3737 5451 Jesus

480 5467 617 5521 dixit
640 5465 860 5520 difﬁcile
894 5481 1015 5520 esse
1035 5473 1093 5536 ut
1124 5465 1275 5519 dives
1305 5467 1360 5519 in
1385 5480 1612 5536 regnum
1643 5467 1824 5521 veniat
1858 5468 2143 5531 caelorum,
2172 5465 2401 5531 addens,
2434 5464 2650 5519 facilius
2681 5482 2804 5522 esse
2841 5478 2899 5519 ut
2932 5469 3174 5521 rantelus
3211 5483 3302 5534 per
3333 5466 3576 5521 foramen
3605 5483 3739 5521 acus

483 5546 744 5606 transeat,
768 5552 930 5605 quam
954 5549 1016 5590 ut
1036 5534 1187 5606 dives
1213 5534 1466 5589 obtineat
1496 5548 1720 5606 regnum
1761 5538 2046 5592 caelorum.

552 5603 834 5661 Matthaeus
857 5607 910 5660 in
941 5605 1143 5661 telonio
1176 5606 1397 5661 sedebat
1427 5603 1609 5661 cutn'a
1631 5606 1850 5661 Christo
1892 5619 2176 5662 vocaretur
2196 5605 2406 5660 dicente
2433 5605 2454 5635 ε
2487 5623 2500 5658 :
2529 5603 2752 5674 Sequere
2779 5622 2890 5668 me;
2913 5607 3020 5672 ille,
3052 5608 3241 5662 relicto
3269 5607 3487 5672 telonin,
3521 5614 3738 5661 secutus

559 5724 576 5755 ¹
604 5725 736 5778 an.
766 5741 844 5785 ιιι.
869 5725 948 5779 Η.
1027 5726 1047 5757 ¹
1079 5722 1099 5777 l
1129 5724 1255 5794 Cor.
1292 5740 1368 5793 Ix,
1407 5724 1493 5781 18.

483 5810 567 5867 ιι,
605 5798 634 5848 υ
676 5811 793 5868 ειμι.
1538 5824 1542 5827 -

1591 5725 1755 5784 ’Act.
1785 5728 1990 5794 Μέλλει
2064 5727 2094 5798 ,⁵
2140 5728 2157 5781 l
2199 5726 2390 5784 Thess.
2436 5741 2498 5793 ιι,
2538 5725 2684 5817 8,9.
2764 5728 2782 5757 '
2820 5725 2951 5782 Luc.
2997 5744 3154 5794 xvm,
3200 5729 3266 5783 18
3305 5744 3424 5810 sqq.
3511 5725 3744 5796 'Mattb‘
