4182 6362
424 342 530 398 579

420 463 760 533 ἐπιδεικτιᾷν
803 461 948 516 ἐστιν
985 461 1112 525 τοὺς
1148 463 1424 535 ἐντρεχεῖς
1459 461 1527 514 τὰ
1566 458 1808 513 τοιαῦτα.
1856 458 2016 512 Κατὰ

422 557 550 618 τοὺς
594 555 918 625 εἰρημένους
956 553 1011 606 δὲ
1054 554 1254 618 τόπους
1299 555 1366 608 τὰ
1405 553 1634 606 τοιαῦτα
1666 551 2010 606 ἀπετελεῖτο-

423 649 505 701 διδ
535 647 875 718 πανταχόθεν
914 647 1175 716 ἐφοίτων,
1203 649 1253 702 οἱ
1291 649 1388 719 μὲν
1417 648 1846 717 ἀγωνισόμενοι,
1880 646 1928 698 ol
1959 643 2014 697 δὲ

427 737 776 809 θεασόμενοι.
1055 737 1062 746 ’

428 849 532 902 777
569 849 947 918 Ξενοκράτην
969 849 1258 918 λέγουσιν
1277 890 1292 913 ,
1322 851 1403 915 ὡς
1430 853 1659 918 πόρνης
1684 848 1848 914 τινὸς

425 919 532 972 778
565 915 641 971 Οἵ
665 915 1103 988 προσριφείσής
1135 921 1204 974 ἐκ
1227 937 1406 974 τινων
1424 915 1802 989 πεὶρωμένων

423 990 530 1044 779
570 991 708 1058 (Kal.
736 991 845 1058 γὰρ
872 991 1180 1045 καθεύδων
1210 991 1435 1057 νυκτὸς
1465 991 1625 1057 ἡνίκ’
1657 989 1946 1059 ᾔσθετο),

424 1059 532 1146 780
565 1060 699 1146 θῆτ’
730 1059 992 1183 datm?"
1029 1059 1108 1126 τῷ
1142 1061 1296 1126 ξένῳ
1321 1059 1430 1141 τῇς
1450 1061 1705 1148 ύϐρεως,

432 1129 524 1183 ι81
572 1131 705 1183 Ουτ’
737 1130 886 1183 ἐξαν
919 1146 1036 1183 am
1064 1132 1164 1183 καὶ
1202 1148 1415 1183 ωυνειν
1441 1131 1703 1183 ιηνέσγετ

424 1129 524 1184 781
572 1131 705 1183 Οῦτ’
737 1129 1036 1198 ἐξανέστη
1064 1132 1164 1184 καὶ
1199 1131 1415 1200 φυγεῖν
1441 1131 1761 1201 ἠνέσχετο.

509 1241 574 1294 Ἥ
605 1242 857 1313 παροῦσα
892 1244 1100 1314 ἱστορία
1135 1244 1236 1314 τὴν
1275 1244 1410 1298 ίδίαν
1438 1243 1699 1316 ἐξήγησιν
1728 1243 1842 1314 ἔχει
1883 1244 2014 1314 περὶ

424 1330 796 1404 Ξενοκράτους
849 1335 946 1387 καὶ
987 1335 1086 1402 τῆς
1131 1334 1280 1405 αὐτῷ
1337 1335 1736 1408 προσριφείσης
1785 1334 2008 1406 πόρνης.

429 1422 619 1494 Τούτῳ
673 1425 782 1494 γάρ
837 1441 984 1489 τινες
1029 1425 1187 1498 ὕϐριν
1246 1425 1560 1498 βουλόμενοι
1615 1425 2010 1500 προσπορίσαι,

426 1515 634 1587 ταύτην
663 1515 814 1587 αύτῷ
838 1518 1212 1591 προσέρριψαν
1233 1537 1244 1548 ·
1273 1520 1434 1583 αὐτὸς
1459 1520 1514 1572 δὲ
1539 1520 1860 1590 αἰσθόμενος
1887 1517 2012 1570 οὔτε

429 1606 659 1678 ἀνέστη,
691 1605 813 1659 οὔτε
847 1608 1051 1679 ταύτην
1094 1609 1392 1676 ἁπεδίωξεν
1412 1652 1426 1675 ,
1457 1613 1571 1665 ἀλλ’
1611 1613 1868 1683 ἀκίνητος
1896 1610 2014 1680 μεί-

430 1718 550 1764 νας,
587 1700 732 1772 ἔργῳ
765 1703 863 1771 τὴν
888 1703 1155 1756 ἀπάθειαν
1185 1705 1480 1769 ὑπέδειξεν,
1505 1705 1645 1758 ὥστε
1675 1706 1774 1776 τὴν
1807 1703 2012 1774 πόρνην

431 1793 606 1845 εἰπεῖν
625 1834 641 1858 ,
674 1793 755 1845 ὅτι
797 1812 815 1844 ί
851 1793 915 1845 Τί
949 1812 1038 1865 μοι
1063 1798 1400 1867 πεποιήκατε
1425 1836 1441 1858 ,
1467 1795 1646 1868 νεκρῷ
1673 1794 2014 1868 προσρίψαν-

431 1898 523 1945 τες
560 1881 739 1952 ἀνδρί;
769 1902 786 1932 1
824 1883 1015 1952 Ὅμως
1046 1884 1104 1936 δὲ
1134 1883 1436 1957 λαίμαργος
1467 1882 1536 1957 ἦν
1558 1905 1571 1917 ·
1607 1887 1700 1939 καὶ
1718 1885 1826 1957 γὰρ
1853 1885 2014 1939 ἄλλα·

432 1974 529 2046 χοῦ
551 1975 626 2039 ὡς
655 1975 959 2046 λαιμάργου
989 1975 1326 2030 καθάπτεται
1352 1979 1380 2030 ό
1408 1978 1546 2043 θεῖος
1577 1979 1894 2050 Γρηγόριος.

435 2089 538 2144 786
589 2089 941 2159 Ἐπίκουρος
970 2089 1207 2159 ἡδονὴν
1229 2091 1345 2159 μὲν
1362 2091 1675 2159 ἠγωνίζετο

432 2159 534 2214 787
572 2155 738 2212 Εἶναι
767 2153 1050 2214 τὸἇῦλον
1079 2153 1197 2212 τῶν
1228 2153 1360 2228 ἐμοὶ
1386 2153 1798 2230 πονουμένων.

514 2273 834 2342 Ἐπίκουρος
876 2272 1164 2342 φιλόσοφος
1225 2274 1481 2342 γέγονεν’
1543 2275 1690 2338 ὅστις
1751 2276 1825 2346 μή
1880 2294 2015 2346 προ-

429 2363 669 2416 νοεῖσθαι
713 2362 804 2414 τὸν
851 2362 972 2415 θεὸν
1011 2364 1120 2416 τῶν
1165 2363 1291 2434 τῇδε
1342 2366 1686 2436 πραγμάτων
1727 2364 2010 2429 ἐδόξαζεν·

428 2449 585 2517 οὗτος
621 2455 676 2507 δὲ
707 2454 863 2517 τέλος
909 2454 1113 2518 παντὸς
1163 2455 1369 2524 ἀγαθοῦ
1410 2456 1510 2528 τὴν
1549 2456 1742 2526 ἡδονὴν
1771 2457 2009 2510 ἐτίθετοο

430 2549 526 2600 καὶ
549 2548 598 2600 οἱ
641 2547 738 2617 μὲν
778 2549 889 2600 νέοι
934 2547 1198 2618 ἐξηγηταί
1239 2565 1434 2616 φασιν,
1462 2549 1522 2601 ού
1570 2550 1670 2619 τὴν
1704 2549 2014 2620 ἀκάθαρτον

429 2638 656 2709 ἡδονήν,
711 2638 846 2691 ἀλλὰ
906 2639 1003 2709 τὴν
1065 2640 1452 2710 φυσικωτάτην
1499 2640 1866 2693 κατάστασιν·
1919 2642 2014 2695 καὶ

428 2730 621 2783 τοῦτον
665 2731 722 2783 δὲ
761 2732 808 2782 oi
853 2731 1134 2800 φιλόσοφοι
1173 2732 1741 2802 ἀποσκορακίζουσιν,
1795 2732 1890 2786 καὶ
1938 2733 2014 2797 ὡς

433 2822 512 2892 μὴ
541 2821 766 2890 λέγοντα
803 2822 1059 2892 πρόνοιαν
1079 2861 1094 2885 ,
1129 2823 1224 2877 καὶ
1255 2823 1332 2876 ὅτι
1381 2823 1482 2895 τὴν
1510 2823 1703 2895 ἡδονὴν
1752 2824 1907 2888 τέλος
1931 2826 2014 2878 τί-

432 2912 608 2976 θεται,
645 2913 740 2965 καὶ
773 2913 834 2964 οὐ
857 2912 919 2964 τὸ
951 2913 1255 2983 πρώτιστον
1288 2915 1382 2968 καὶ
1428 2915 1586 2984 μόνον
1611 2915 1842 2984 ἀγαθὸν,
1876 2917 2014 2988 ὅπερ

429 3005 579 3058 ἐστὶν
599 3005 628 3058 ό
657 3004 806 3068 Θεός.

433 3120 538 3175 792
581 3117 720 3189 Οὐδ’
743 3120 776 3172 ό
806 3117 1094 3189 Πολέμων
1121 3117 1321 3189 ἔμοιγε
1353 3119 1749 3189 σιγηθήσεται
1769 3138 1784 3152 ’

436 3189 540 3244 705
575 3188 822 3260 Καὶιγὰρ
846 3188 914 3242 τὸ
941 3189 1140 3258 θαῦμα
1166 3188 1285 3242 τῶν
1316 3190 1471 3260 ἄγαν
1489 3188 1907 3262 λαλουμένων.

505 3299 670 3367 Οὗτος
710 3302 740 3354 ὁ
773 3301 1032 3373 Πολέμων
1083 3303 1151 3356 τὰ
1184 3303 1281 3373 μὲν
1327 3302 1522 3374 πρῶτα
1565 3303 1764 3374 λάγνος
1793 3307 2018 3376 γέγονεν

434 3397 531 3450 καὶ
580 3395 884 3466 φιλήδονος·
938 3395 1000 3447 ού
1049 3393 1160 3465 γὰρ
1201 3395 1260 3447 ὲν
1309 3395 1619 3466 ἀνθρώποις
1667 3399 2015 3471 αἰσχρότερον

431 3484 546 3540 οἷόν
585 3503 645 3539 τε
673 3482 742 3557 ἦν
784 3486 819 3558 ἢ
849 3486 1172 3557 λαγνότερον
1201 3485 1383 3556 εὑρεῖν
1402 3499 1418 3513 ·
1450 3487 1704 3542 τοσοῦτον
1733 3489 1790 3542 δὲ
1819 3491 2020 3559 ήλασεν

437 3579 816 3651 σωφροσύνης,
851 3578 995 3632 ὥστε
1017 3577 1162 3641 τινὸς
1186 3577 1600 3651 ἑταιριζομένης
1625 3581 1893 3652 νεανίσκῳ
1924 3600 2022 3636 πα-

435 3671 752 3741 ρεπομένης
781 3670 924 3724 κατά
944 3686 1066 3724 τινα
1095 3667 1348 3722 πυλεῶνα
1379 3671 1466 3738 ἐφ’
1495 3669 1555 3724 δν
1587 3669 1751 3725 είκὼν
1774 3673 2021 3728 ἀνέκειτο

433 3763 530 3817 τοῦ
562 3762 888 3834 Πολέμωνος
907 3802 924 3828 ,
975 3761 1279 3835 μελλούσης
1303 3763 1529 3816 είσίεναι
1547 3801 1564 3829 ,
1591 3763 1684 3817 τὸν
1721 3765 2021 3837 Πολέμωνα

1536 341 1812 400 COSMAS
1851 340 2558 399 HIEROSOLYMITANUS

3595 339 3698 396 590

2117 460 2501 531 γεγραμμένον
2534 457 2898 530 θεασαμένην,
2926 457 3110 530 δρόμῳ
3138 459 3328 527 φυγεῖν
3358 456 3573 525 λέγεται
3599 470 3700 511 τῆν

2117 553 2369 624 ἑταίραν,
2423 554 2738 625 πτοήσασαν
2785 551 2878 604 τοῦ
2933 551 3253 621 Πολέμωνος
3308 551 3406 621 τὴν
3467 550 3698 620 θεωρίαν

2118 646 2183 697 ὲκ
2237 645 2405 715 μόνης
2450 645 2552 708 τῆς
2596 643 2895 715 γραφίδοςο
2949 643 3207 714 Πολέμων
3258 642 3315 694 δὲ
3373 644 3572 713 ἱστορεῖ
3627 644 3699 697 τὰ

2115 736 2240 789 καθ’
2291 736 2594 808 Ἕλληνας,
2643 736 2720 800 ὡς
2780 735 3084 807 Ἰώσηππος
3134 736 3228 789 καὶ
3257 735 3429 790 Φίλων
3460 735 3527 789 τὰ
3573 735 3698 790 καθ’

2126 827 2434 898 Ἐϐραίους.

2115 944 2220 999 808
2253 946 2332 998 Δι’
2364 939 2453 998 ὧν
2481 945 2729 999 ἀνέπνει
2757 945 2947 1013 φασιν
2967 946 3037 1013 οὐ
3063 943 3208 1013 μάλ’
3241 943 3358 1011 ἡδύ
3390 960 3445 996 τι

2115 1015 2220 1070 809
2265 1015 2485 1069 Τοῦτον
2515 1015 2671 1084 λέγω
2699 1011 2905 1081 Δίωνα,
2935 1011 3006 1070 οὗ
3037 1011 3231 1080 πολὺς
3260 1014 3463 1083 λόγος.

2187 1127 2298 1180 Καὶ
2327 1121 2481 1191 οὗτος
2512 1127 2649 1181 Δίων
2681 1126 3035 1198 σωφροσύνην
3063 1128 3311 1197 ἀσκήσας
3330 1167 3346 1189 ,
3381 1128 3460 1188 είς
3487 1125 3698 1196 γάμους

2113 1219 2287 1272 ἐλθὼν
2327 1221 2422 1273 καὶ
2468 1219 2704 1289 λέκτρα,
2750 1219 3079 1290 ἀφροδισίων
3117 1220 3343 1289 ἄπειρος
3380 1217 3476 1280 ὢν,
3526 1234 3698 1287 μετα·

2117 1309 2369 1382 μεληθεὶς
2394 1313 2460 1381 τῇ
2481 1309 2700 1376 γυναικί
2734 1327 2897 1381 φησιν
2921 1327 2934 1339 ·
2969 1327 2989 1360 ι
3026 1303 3097 1360 ’Ὦ
3138 1309 3330 1378 γύναι,
3372 1309 3432 1362 οὐ
3467 1309 3576 1380 γάρ
3607 1325 3699 1379 μοι

2112 1405 2212 1474 τὴν
2272 1404 2427 1456 νόσον
2476 1404 2754 1474 ἔφρασας’
2810 1423 2827 1455 1
2870 1405 2902 1474 ἡ
2956 1403 3014 1456 δὲ
3059 1403 3426 1456 διεϐεϐαιοῦτο
3477 1402 3697 1456 πάντων

2113 1492 2422 1562 λογίζεσθαι
2467 1494 2576 1546 τῶν
2612 1493 2858 1565 ἀρρένων
2891 1492 2954 1546 τὸ
2994 1492 3307 1564 σύμπτωμα
3340 1491 3532 1558 τοῦτο,
3558 1493 3698 1565 ὅπερ

2110 1581 2180 1656 ἦν
2207 1584 2301 1638 τοῦ
2333 1585 2532 1655 σεμνοῦ
2562 1585 2790 1657 δήλωμα
2810 1585 3034 1658 τρόπου.

2115 1698 2218 1752 816
2258 1698 2356 1764 Τίς
2379 1700 2490 1752 οὐκ
2519 1697 2757 1754 ἐπαινεῖ
2775 1696 2884 1750 τὸν
2921 1696 3304 1764 Ἀλέξανδρον
3333 1698 3499 1760 τότε,

2114 1769 2214 1823 817
2262 1771 2367 1833 Ὃς
2397 1770 2504 1834 τὰς
2529 1770 2772 1837 Δαρείου
2805 1767 3014 1833 παῖδας
3054 1769 3136 1832 ὡς
3167 1767 3505 1837 ἡττημένου

2115 1839 2219 1892 818
2261 1842 2360 1904 Εἰς
2385 1833 2585 1907 χεῖρας
2605 1833 2779 1891 ἐἶλεν
2797 1880 2810 1900 ,
2845 1837 3162 1907 εὐπρεπεῖς
3186 1833 3339 1890 εἶναὶ
3355 1838 3583 1906 μαθὼν,

2115 1909 2222 1962 819
2257 1903 2360 1974 εις
2385 1903 2533 1977 όψὶν
2560 1903 2670 1962 οὐκ
2690 1907 2919 1972 ἐδέξατ’
2939 1903 3136 1961 ἐἶναι
3162 1908 3270 1977 τᾲρ
3297 1903 3506 1970 καλὸν,

2114 1979 2220 2034 820
2269 1974 2517 2048 Ἀνδρῶν
2544 1977 2929 2047 κρατήσανθ’,
2945 1974 3325 2046 ἧσσονέῐναι
3353 1978 3698 2046 παρθένωνῖ

2198 2090 2547 2162 Ἀλέξανδρος
2589 2092 2618 2144 ὁ
2654 2089 2920 2144 Μακεδὼν
2971 2089 3069 2152 τὰς
3109 2089 3338 2162 Δαρείου
3393 2089 3698 2160 θυγατέρας

2115 2181 2514 2253 αἰχμαλωτίδας
2538 2180 2743 2247 λαϐὼν,
2777 2180 2964 2253 μαθὼν
3004 2181 3176 2244 αὐτὰς
3199 2182 3496 2252 εὐπρεπεῖς
3518 2181 3697 2252 ῦπαρ⁴

2115 2290 2266 2344 χειν,
2321 2273 2443 2326 οὐδὲ
2498 2273 2795 2327 θεάσασθαι
2843 2272 3218 2344 κατηξίωσεν,
3270 2271 3547 2326 ἐπειπών·
3599 2274 3699 2328 Αι-

2115 2364 2312 2432 σχρὸν
2332 2363 2473 2430 τοὺς
2501 2362 2726 2433 ἄνδρας
2748 2365 3024 2432 ἑλόντας,
3048 2363 3168 2419 ὑπὸ
3197 2363 3497 2434 γυναικῶν
3524 2365 3698 2435 ἡττη-

2116 2456 2314 2525 θῆναμ

2115 2548 2210 2603 851
2261 2548 2451 2602 Τίνων
2487 2549 2728 2617 ἔρωτες,
2749 2549 2881 2602 εἰπέ
2904 2567 3028 2618 μοι,
3057 2549 3156 2602 καὶ
3185 2548 3486 2617 ᾁρῤἐνων;

2115 2618 2220 2673 852
2259 2619 2359 2671 Δεῖ
2381 2619 2490 2689 γὰρ
2513 2620 2704 2674 πλέον
2727 2637 2780 2673 τι
2806 2622 2948 2685 τοὺς
2977 2619 3151 2686 θεοὺς
3181 2619 3349 2688 ὑμῶν
3379 2619 3546 2688 ἔχειν
3565 2635 3578 2649 ·

2119 2690 2224 2743 855
2264 2692 2448 2742 Τίνων
2476 2691 2803 2760 Φρυνίσκοι
2823 2692 3105 2760 μείρακες
3134 2691 3233 2743 καὶ
3269 2693 3572 2758 συμπόται

2115 2761 2220 2815 854
2258 2759 2538 2816 Ἤδιστον
2569 2759 2786 2829 νέκταρ
2817 2759 3236 2828 οἰνοχοοῦντες
3265 2761 3556 2824 είσλύτως
3575 2760 3670 2827 (1).

2184 2852 2361 2922 Ὅπερ
2402 2851 2552 2921 λέγει
2585 2851 2825 2906 τοιοῦτόν
2851 2855 3018 2916 ἐστιν,
3051 2854 3135 2907 ὅτι
3164 2853 3261 2916 Τίς
3295 2853 3556 2922 οἰνοχοεῖν
3581 2851 3692 2922 βούα

2118 2943 2269 2998 λεται
2307 2946 2398 2999 τὸν
2439 2945 2794 3017 Γανυμήδηνς
2825 2947 3130 3016 Φρυγίσκος
3151 2945 3208 2999 δὲ
3241 2945 3458 3009 νεανίας
3483 2946 3512 2998 ό
3531 2945 3695 3000 Γανυο

2125 3036 2316 3108 μήδης,
2357 3036 2417 3090 ὃν
2459 3039 2708 3110 ἥρπασεν
2740 3041 2768 3089 ὁ
2810 3040 2944 3102 Ζεὺς
2979 3040 3058 3102 είς
3099 3038 3257 3091 ἀετὸν
3312 3037 3694 3109 μεταϐληθείς.

2123 3129 2315 3182 Κεῖται
2341 3129 2397 3183 δὲ
2419 3133 2451 3200 ή
2482 3130 2736 3202 παροῦσα
2755 3131 3015 3203 ἐξήγησις
3039 3132 3097 3184 ὲν
3124 3130 3202 3201 τῷ
3223 3136 3271 3199 γ’
3293 3131 3456 3200 λόγῳ.
3481 3130 3696 3201 Νέκταρ

2121 3219 2179 3272 δὲ
2206 3220 2358 3289 πόμα
2402 3221 2511 3273 τῶν
2558 3225 2681 3276 κατ’
2721 3223 2999 3292 Ὄλυμπον
3027 3221 3270 3294 ’ὑπάρχει
3307 3221 3482 3291 θεῶν,
3516 3222 3612 3294 ἡδύ
3644 3241 3698 3278 τι

2123 3311 2220 3363 καὶ
2244 3310 2536 3386 ἐξαίρετον,
2576 3314 2652 3376 ὡς
2680 3313 2927 3385 Ὅμηρός
2954 3332 3138 3384 φησιν.

2269 3424 2460 3477 Τίνων
2490 3427 2688 3494 γάμων
2719 3427 2942 3481 κλοπαί
2971 3445 3034 3481 τε
3061 3427 3158 3481 καὶ
3183 3427 3424 3496 δεσμῶν
3449 3427 3647 3494 ὕϐρεις

2265 3495 2523 3569 «θέατρον
2550 3495 2934 3569 αἱσγρότίκαὶ
2960 3498 3150 3565 γέλως
3177 3494 3546 3566 κεκλημένος
3573 3498 3679 3569 (2):

2122 3564 2227 3635 8ᾇὸ
2269 3564 2400 3635 Πῶς
2439 3565 2637 3619 πάντα
2659 3564 2900 3620 ποιοῦσ⁹
2931 3564 2989 3621 al
3017 3569 3296 3635 γυναῖκες
3325 3564 3433 3621 τὸν
3457 3564 3589 3631 Δία,

2121 3633 2227 3706 8ᾇο
2272 3634 2514 3706 Ταῦρον,
2548 3637 2862 3706 κεραυνὸν,
2889 3633 3134 3706 κύκνον.
3161 3637 3369 3706 ἄνδρα,
3402 3640 3636 3704 θηρίον,

2263 3703 2524 3776 Χρυσὸν,
2555 3703 2883 3776 δράκοντα,
2909 3705 3015 3776 τὰς
3043 3705 3256 3774 ἔρωτος
3271 3703 3548 3771 ἐκτάσεις
3575 3709 3650 3776 (5)

2098 3772 2222 3826 841
2267 3773 2378 3827 Τὸν
2402 3773 2635 3828 ὕπατόν
2665 3790 2730 3827 τε
2759 3775 2858 3828 καὶ
2893 3772 3185 3830 κάκιστον
3200 3778 3542 3846 μνήστορα;

453 3929 603 3985 bant.
627 3930 771 4008 Arcu
794 3943 973 4008 autem
1007 3950 1115 3990 non
1144 3935 1328 4008 minus
1354 3935 1680 4008 utebantur;
1706 3933 2156 4008 naumachiarum
2180 3948 2400 4008 quoque
2424 3944 2479 3992 et
2505 3939 2685 3994 omnis
2709 3937 2924 4008 generis
2949 3937 3305 4008 certaminum
3332 3935 3674 3998 bellicorum,

450 4003 760 4068 spectacula
788 4003 1106 4059 edebantur.
1133 4005 1274 4071 Quid
1300 4007 1501 4060 mirum
1539 4002 1584 4058 si
1620 4001 1880 4069 undique,
1899 4011 1960 4057 ut
1987 4001 2420 4070 certatoiesfsic
2451 4001 2784 4075 spectatofes
2814 4006 3142 4062 allluebant?

525 4089 886 4170 Xenocratem
909 4111 936 4149 a
956 4099 1239 4170 meretrice
1260 4096 1551 4170 aliquando
1573 4109 1630 4148 re
1666 4093 1862 4150 infecta
1889 4095 2213 4170 discessisse
2234 4097 2306 4151 ita
2332 4109 2556 4170 narrant
2584 4119 2597 4153 :
2626 4115 2748 4155 cum
2772 4101 2939 4170 aliqui
2970 4100 3070 4170 ipsi
3103 4098 3454 4170 opprobrium
3484 4098 3684 4170 impin‘i

452 4174 579 4228 gere
607 4163 829 4237 vellent,
857 4168 1191 4237 meretricem
1218 4169 1282 4221 ad
1305 4163 1429 4237 eum
1462 4167 1756 4228 miserunt;
1790 4179 1913 4228 cum
1944 4176 2124 4237 autem
2151 4167 2217 4220 ad
2249 4168 2494 4222 mulieris
2526 4169 2802 4224 libidinem
2837 4163 3076 4237 frigeret,
3105 4163 3194 4223 illa
3229 4184 3242 4219 :
3274 4168 3354 4221 Ad
3405 4163 3681 4222 hominem

452 4237 748 4310 mortuum,
781 4235 936 4310 dixit.
970 4250 1056 4290 me
1096 4237 1349 4310 misistis!
1392 4235 1654 4290 Eumdem
1695 4242 1877 4289 tamen
1913 4235 2164 4304 gulosum
2199 4237 2367 4291 fuisse
2408 4239 2662 4301 tradunt,
2695 4249 2754 4292 ut
2797 4235 3094 4310 Gregorius
3121 4239 3308 4309 aliquo
3337 4239 3390 4292 in
3419 4237 3540 4293 loco
3564 4239 3682 4308 ejus

451 4300 780 4355 mentionem
812 4303 1016 4358 faciens
1047 4308 1316 4374 exposuit.

521 4389 787 4465 Epicurus
811 4395 1164 4465 philosophus
1185 4396 1351 4450 Deum
1377 4395 1580 4450 nullam
1620 4411 1802 4450 rerum
1833 4404 1887 4450 et
1929 4396 2211 4451 hominum
2247 4412 2435 4454 curam
2474 4400 2672 4456 habere
2711 4401 2866 4456 dixit.
2903 4401 3048 4456 Idem
3087 4416 3360 4456 summum
3398 4400 3600 4454 bonum
3624 4400 3678 4452 in

451 4463 725 4536 voluptate
759 4466 968 4536 posuit;
998 4463 1103 4518 non
1135 4466 1329 4520 lasciva
1357 4467 1595 4536 quidem,
1629 4467 1720 4519 sed
1743 4479 1801 4520 ut
1829 4481 1858 4518 a
1882 4475 2076 4520 natura
2105 4469 2496 4536 przescribitur,
2528 4471 2826 4526 secundum
2863 4471 3159 4525 recentium
3188 4478 3678 4526 commentatorum

449 4532 777 4611 opinionem.
817 4533 1267 4611 Philosophorum
1304 4532 1470 4604 aliqui
1500 4535 1798 4611 Epicurtlm
1831 4532 2226 4611 carpuntquod
2251 4532 2648 4593 Providentiam
2699 4555 2807 4611 non
2842 4540 3173 4603 admitteret,
3212 4539 3357 4611 quod
3403 4554 3676 4594 summum

449 4601 651 4654 bonum
687 4602 740 4655 in
766 4601 1049 4673 voluptate
1067 4614 1308 4673 poneret,
1343 4601 1442 4660 nec
1467 4601 1594 4658 vero
1627 4605 1680 4658 in

1711 4604 1840 4668 Deo,
1872 4606 1966 4674 qui
1990 4616 2076 4660 est
2102 4604 2340 4675 primum
2368 4616 2423 4663 et
2451 4624 2766 4678 supremum
2796 4609 3023 4663 bonum.

519 4692 773 4750 Polemon
825 4697 988 4752 homo
1015 4698 1236 4772 ineunte
1277 4706 1440 4772 aetate
1469 4698 1793 4772 libidinosus
1832 4712 1897 4751 ac
1936 4699 2554 4772 voluptatibusjdeditus
2588 4709 2726 4766 erat,
2771 4717 2880 4772 quo
2909 4701 3043 4755 Vitio
3077 4701 3289 4772 nullum
3320 4708 3406 4754 est
3437 4696 3675 4772 turpius.

449 4763 642 4840 Postea
675 4777 854 4820 autem
893 4769 1236 4840 continentia:
1256 4770 1468 4840 l‘amam
1499 4768 1836 4840 adeptusest
1866 4763 2099 4840 tantam,
2133 4779 2192 4822 ut
2222 4770 2418 4840 mulier
2444 4771 2620 4840 stupri
2671 4763 3068 4826 consuetudine
3101 4786 3226 4824 cum
3273 4770 3472 4840 juvene
3493 4763 3680 4840 aliquo

443 4835 959 4911 juncta._postquam
994 4837 1302 4911 Polemonis
1325 4838 1550 4911 eﬂigiem
1582 4835 1632 4890 in
1650 4838 1844 4911 aedium
1867 4838 2138 4911 _ves_tjbulo
2155 4839 2397 4911 vidisset,
2419 4835 2584 4894 citato
2605 4841 2780 4911 gradq
2796 4840 3100 4911 aufugerit;
3134 4835 3339 4911 tantum
3360 4839 3472 4911 sola
3501 4835 3681 4911 imago

451 4905 597 4981 illius
622 4906 922 4981 philosophi
948 4909 1260 4981 terrorisin
1298 4905 1690 4981 ejusvanimum
1722 4906 1926 4981 injecit.
1961 4907 2160 4981 Rerum
2201 4908 2513 4965 Graecarum
2548 4905 2714 4981 po'rro
2755 4905 3016 4965 Polem'on
3047 4910 3302 4979 scriptor,
3348 4907 3492 4962 sicut
3522 4905 3682 4961 close-

448 4975 589 5046 phus
620 4986 675 5029 et
705 4975 858 5031 Philo
888 4994 975 5033 res
1007 4979 1075 5032 ab
1105 4975 1343 5034 Hebraeis
1375 4989 1556 5048 gestas
1591 4977 1867 5031 memoria:
1896 4978 2273 5046 prodiderunt.

519 5065 653 5120 Dion
682 5069 1027 5142 continentia;
1053 5079 1306 5140 spectatae
1336 5071 1500 5142 homo
1527 5084 1752 5142 uxorem
1784 5069 2375 5142 ducens_cum,irerum
2404 5083 2757 5127 venerearum
2783 5071 3027 5142 ignarus,
3052 5071 3106 5142 in
3139 5069 3338 5142 lectum
3380 5065 3679 5142 nuptialem

448 5137 724 5203 intrasset,
751 5141 1060 5207 pmmtentia
1084 5137 1264 5194 inotus
1285 5140 1351 5194 ad
1380 5155 1604 5194 uxorem
1639 5154 1651 5190 :
1684 5140 1944 5203 Curnam,
1973 5139 2129 5202 dixit,
2157 5141 2288 5194 illud
2312 5143 2486 5196 morbi
2514 5157 2620 5195 non
2654 5151 2779 5196 ante
2806 5137 3188 5196 declaravisti?
3216 5139 3347 5205 Qua:
3375 5137 3680 5206 respondit,

447 5207 593 5260 istud
628 5210 879 5263 omnibus
911 5211 1041 5264 viris
1064 5225 1166 5264 usu
1197 5211 1448 5275 evenire;
1473 5209 1617 5279 quod
1645 5210 1872 5264 dicendo
1901 5210 2230 5264 sinceritatis
2268 5212 2457 5266 saltem
2503 5211 2778 5282 specimen
2807 5211 3075 5266 exhibuit.

519 5298 817 5372 Alexander
839 5299 1058 5355 Macedo
1087 5311 1371 5372 postquam
1405 5301 1550 5355 Darii
1586 5301 1723 5372 ﬁlias
1756 5303 1987 5369 cepisset
2011 5316 2213 5370 easque
2253 5315 2506 5358 venustas
2535 5319 2657 5360 esse
2695 5304 2980 5372 audiisset,
3017 5318 3086 5360 ne
3107 5301 3288 5358 videre
3323 5299 3545 5371 quidem
3581 5306 3677 5356 eas

447 5368 640 5431 voluit,
659 5369 866 5433 dicens,
899 5380 1053 5441 turpe
1079 5368 1495 5441 csse-[superari
1539 5387 1566 5425 a
1604 5371 1797 5441 puellis
1823 5368 1927 5441 qui
1955 5380 2036 5424 tot
2058 5368 2206 5426 viros
2231 5375 2522 5441 superarit.

519 5459 876 5540 Ganymedes,
915 5463 1392 5540 Jovis_pocillalor,
1432 5465 1632 5538 Phryx,
1653 5480 1687 5521 a
1718 5464 1849 5522 Jove
1883 5465 1937 5520 in
1973 5465 2210 5538 aquilam
2243 5476 2451 5523 mutato
2489 5478 2679 5540 raptus
2712 5477 2815 5528 est.
2845 5468 3041 5527 Nectar
3081 5476 3164 5526 est
3195 5477 3354 5539 potus
3403 5464 3580 5522 dulcis
3610 5463 3679 5519 ad

451 5543 613 5585 usum
644 5533 894 5602 deorum,
917 5543 1054 5592 teste
1076 5535 1336 5603 Homero,

513 5717 594 5854 ρ)
634 5718 710 5771 Ita
745 5719 866 5775 cod.

540 5787 596 5854 2)
629 5788 706 5840 lla
732 5795 854 5844 cod.

540 5787 596 5855 2)
629 5788 706 5840 lla
732 5795 854 5844 cod.

2177 5741 2254 5812 (5)
2287 5741 2363 5797 Ita
2393 5743 2517 5800 cod.
