4182 6362
8 1550 65 1587 ω

491 390 591 446 58]
1504 386 1596 441 AD
1631 387 1939 443 CARMINA
1974 390 2031 446 S.
2074 389 2396 446 GREUORII
2433 390 2678 448 TllEOL.
3632 400 3737 455 582

555 502 766 573 Ταῦρος
798 500 826 553 6
854 500 985 563 Ζεὺς
1005 498 1094 551 διὰ
1116 499 1214 570 τὴν
1241 498 1511 570 Εὐρώπην
1526 540 1540 563 ,
1565 502 1827 572 κεραυνὸς
1849 503 1936 556 διὰ
1957 504 2054 575 τὴν

478 595 696 664 Ἷιραν,
743 593 939 654 κύκνος
973 591 1060 643 διὰ
1099 592 1198 661 τὴν
1224 592 1436 662 Λήδαν,
1461 593 1600 663 ἀνὴρ
1638 593 1725 645 διὰ
1758 594 1856 663 τὴν
1886 594 2056 663 Σεμέ-

476 686 605 756 λην,
640 686 827 756 θηρίον
853 684 945 736 καὶ
967 683 1184 754 δράκων
1204 683 1290 736 διὰ
1322 682 1420 754 τὴν
1469 684 1832 754 Ὀλυμπιάδα,
1857 687 2054 757 χρυσὸς

475 777 563 831 διὰ
600 776 698 847 τὴν
742 776 974 845 Δανάην.
1028 775 1252 827 Κείνται
1297 774 1353 826 δὲ
1396 777 1568 829 πᾶσαι
1615 778 1673 829 αἰ
1729 777 1956 848 ἱστορίαι
1996 778 2054 831 ὲν

476 868 555 939 τῷ
575 875 624 937 γ’
659 868 822 941 λόγῳο

478 979 583 1033 842
624 981 720 1045 Τίς
751 977 987 1047 ἡδονῶν
1007 977 1338 1032 δέσποιναν
1370 979 1595 1046 ἡγεῖται
1624 980 1797 1046 θεόν;

476 1050 582 1105 845
612 1051 858 1119 Βωμούς
886 1050 935 1101 τ’
960 1049 1171 1117 ἐγείρει
1196 1049 1295 1102 καὶ
1321 1049 1506 1114 ναοὺς
1533 1051 1915 1119 παθήμασιν-ς

546 1158 658 1227 Τὴν
693 1156 1010 1230 Ἀφροδίτην
1033 1158 1165 1226 φασὶ
1188 1157 1295 1210 τῶν
1322 1158 1525 1229 ἡδονῶν
1549 1158 1743 1232 ἔφορον
1764 1201 1779 1226 ,
1806 1162 1901 1215 καὶ
1931 1162 2050 1216 θεὸν

473 1249 642 1320 αὐτὴν
668 1249 1169 1320 προσαγορεύουσιν
1198 1247 1485 1320 Ἕλληνες,
1510 1252 1603 1304 καὶ
1657 1253 2050 1322 προσκυνοῦσιν

472 1343 548 1406 ὡς
576 1343 772 1413 ἡδονῆς
794 1342 1102 1406 δέσποιναν,
1136 1341 1333 1395 κεστὸν
1357 1342 1493 1413 αὐτῇ
1520 1360 1639 1396 τινα
1666 1345 1764 1414 τῆς
1795 1346 2048 1417 τοιαύτης

472 1432 755 1503 ἐνεργείας
795 1432 1165 1504 χαριζόμενοι,
1193 1436 1250 1487 ὲν
1275 1427 1319 1503 ᾧ
1346 1433 1414 1487 τὰ
1448 1434 1557 1487 τῶν
1578 1436 1797 1506 ἐρώτων
1823 1439 2046 1492 ἀποκεῖ-

476 1520 597 1575 σθαι
628 1521 1000 1593 σεμνύνονται.
1027 1523 1118 1575 Διὸ
1151 1523 1245 1576 καὶ
1274 1523 1547 1588 παντοίοις
1577 1526 1744 1598 αὐτὴν
1784 1528 2046 1598 ὀνόμασιν

472 1610 704 1680 τιμῶσιν
741 1612 968 1683 ἡδονῆς,
999 1610 1110 1666 οἷον
1152 1613 1440 1685 ἀφροδίσια
1468 1614 1692 1668 καλοῦσι
1730 1616 1826 1688 τὴν
1862 1636 2047 1672 συνου-

475 1702 615 1765 σίαν,
649 1702 724 1766 ὡς
747 1705 812 1755 ἐκ
835 1704 934 1774 τῆς
983 1705 1300 1776 Ἀφροδίτης
1322 1723 1336 1738 ·
1375 1705 1583 1778 κύπρες
1613 1708 1828 1777 λέγουσι
1858 1710 2041 1776 πάλιν,

473 1792 549 1853 ὡς
573 1793 639 1845 ἐκ
673 1793 768 1847 τοῦ
798 1795 1048 1865 Κύπρις·
1079 1796 1175 1849 καὶ
1198 1795 1309 1866 γὰρ
1328 1796 1544 1868 Κύπρις
1574 1798 1789 1867 λέγεται
1816 1802 1909 1857 καὶ
1937 1804 2048 1857 Πα-

473 1883 629 1952 φεία,
653 1883 729 1948 ὡς
758 1885 887 1956 περὶ
915 1886 1120 1941 τούτων
1147 1886 1247 1959 ἤδη
1276 1887 1543 1959 πολλαχοῦ
1564 1890 1832 1947 λέλεκται.

620 1997 812 2070 Τίνων
828 1997 905 2070 δὲ,
921 2001 1139 2066 νύκτες
1165 2002 1387 2069 νυκτὸς
1407 2003 1593 2070 ὄντως
1629 2004 1790 2069 ἄξιαι

470 2067 577 2120 845
616 2066 854 2137 Σεμνῶς
877 2069 1100 2139 ἀτίμων
1125 2066 1456 2141 συμϐόλοις
1481 2066 1834 2144 τιμώμεναις

541 2194 646 2246 Τὸν
675 2193 875 2249 Κελεόν
920 2214 1083 2265 φασιν
1115 2201 1209 2253 καὶ
1249 2200 1342 2254 τὸν
1375 2201 1746 2276 Τριπτόλεμον
1771 2206 1924 2278 παρὰ
1946 2208 2045 2279 τῆς

469 2286 762 2356 Δήμητρος
793 2287 988 2351 νυκτός
1023 2306 1177 2353 τινας
1214 2290 1407 2361 μαθεῖν
1433 2292 1657 2358 τελετὰς
1684 2297 1919 2368 αἰσχρὰς
1951 2299 2046 2353 καὶ

469 2377 740 2447 ἀσελγεῖς.
762 2379 953 2433 Κεῖται
977 2383 1011 2451 ἡ
1044 2382 1252 2454 ἱστορία
1273 2384 1331 2436 ἐν
1350 2383 1429 2455 τῷ
1463 2382 1535 2449 ξδ’
1564 2385 1728 2457 λόγῳ.

635 2494 943 2568 Ἰθύφαᾷοί
965 2511 1030 2549 τε
1053 2496 1153 2550 καὶ
1178 2496 1371 2565 φάλος
1391 2498 1581 2567 γέλως
1605 2499 1797 2568 μέσος
1815 2540 1830 2564 ,

615 2564 763 2639 ᾅεόν
785 2566 929 2639 νέον
948 2564 1271 2639 μιγνύντες
1297 2564 1516 2639 ἐντοῖς
1544 2564 1904 2639 πλάσμασιν
1920 2614 1937 2639 ,

470 2634 576 2688 848
619 2636 677 2687 "A
703 2636 802 2689 καὶ
836 2634 1136 2707 λεγόντων
1153 2637 1631 2706 ὲτκαλύπτεσθαι
1655 2634 1901 2707 πρέπον.

541 2747 632 2819 Τῷ
670 2750 911 2822 Διονύσῳ
956 2750 1147 2822 ἑορτὴν
1179 2750 1406 2820 ἄγοντες
1460 2753 1510 2805 οί
1538 2751 2045 2824 Ἕλληνες,φαλλοῖς

471 2840 673 2910 ἐτίμων
694 2842 854 2895 αὐτόν
872 2857 888 2873 ·
918 2842 1119 2911 φαλλὸς
1147 2843 1204 2896 δὲ
1230 2844 1295 2896 ὲκ
1318 2842 1586 2916 δέρματος
1617 2845 1831 2916 ρουσίου
1862 2846 2047 2917 σχῆμα

471 2929 672 2983 αἰδοίου
705 2930 917 3001 ἀνδρός.
943 2932 1112 2985 Τοῦτο
1142 2933 1478 3004 περιετίθουν
1506 2937 1563 2988 ἐν
1590 2940 1704 3000 τοῖς
1754 2936 2046 3007 τραχήλοις

470 3019 566 3072 καὶ
585 3021 644 3073 ἐν
665 3024 778 3085 τοῖς
802 3020 988 3092 μέσοις
1012 3024 1230 3093 μηροῖς,
1260 3026 1353 3077 καὶ
1376 3025 1712 3098 ἐξωρχοῦντο
1730 3066 1747 3092 ,
1773 3027 2042 3097 τιμῶντες

469 3110 535 3163 ὲκ
563 3110 753 3164 τούτου
790 3112 882 3165 τὸν
928 3113 1179 3166 Διόνυσον
1200 3130 1213 3144 ·
1242 3113 1340 3185 τὴν
1375 3116 1433 3169 δὲ
1476 3116 1641 3188 τιμὴν
1668 3116 1870 3189 ταύτην
1907 3112 2043 3188 ἦγον

470 3201 548 3272 τῷ
578 3202 815 3275 Διονύσῳ
847 3203 936 3258 διὰ
966 3204 1223 3277 τοιαύτην
1260 3205 1475 3261 αἰτίαν·
1527 3209 1622 3262 Ἐκ
1659 3208 1899 3280 Σεμέλης
1942 3210 2045 3281 τῆς

471 3292 693 3364 Κάδμου
723 3293 989 3366 θυγατρὸς
1016 3296 1269 3363 γεννᾶται
1301 3298 1330 3349 ό
1362 3295 1633 3361 Διόνυσος.
1667 3297 1816 3371 Αὕτη
1848 3317 2045 3370 κεραυ-

470 3385 699 3438 νωθεῖσα
743 3385 987 3457 ἐζητεῖτο
1016 3386 1118 3439 ὑπὸ
1161 3387 1418 3442 Διονύσου
1443 3404 1458 3419 ·
1498 3387 1965 3461 περιπλανωμένῳ
1988 3390 2045 3443 δὲ

471 3477 562 3529 καὶ
604 3476 881 3548 ζητοῦντι,
922 3477 1233 3549 Πολύυμνος
1278 3480 1408 3541 παῖς
1438 3477 1582 3532 οὕτω
1624 3479 1911 3551 λεγόμενος
1946 3497 2044 3533 πε-

471 3566 714 3636 ριέτυχεν
763 3566 842 3638 τῷ
892 3567 1162 3638 Διονύσῳ,
1204 3568 1300 3621 καὶ
1350 3568 1617 3639 ὑπέσχετο
1662 3569 1856 3635 δείξειν
1900 3568 2048 3641 αὐτῷ

470 3656 565 3727 τὴν
600 3658 838 3730 μητέρα,
870 3660 919 3711 εἰ
951 3659 1378 3731 παιδεραστὴσει
1412 3659 1605 3713 αὐτόν’
1646 3661 1676 3713 6
1707 3660 1765 3713 δὲ
1793 3660 2048 3726 Διόνυσος

470 3747 734 3817 ὑπέσχετο
781 3747 957 3801 τοῦτο.
1009 3749 1169 3819 Λέγει
1204 3749 1352 3821 αύτῷ
1393 3752 1422 3804 6
1468 3749 1812 3822 Πολύυμνος,
1860 3752 1942 3805 ὅτι
1987 3755 2045 3807 ὲν

467 3838 647 3909 Λέρνῃ
698 3838 843 3893 ἐστὶν
897 3842 931 3909 ἡ
972 3840 1213 3913 Σεμέλη’
1266 3838 1387 3896 εἶτα
1421 3842 1676 3897 εἰσελθὼν
1712 3846 1740 3896 ὁ
1792 3844 2045 3909 Διόνυσος

2161 506 2218 558 ἐν
2242 509 2306 576 τῇ
2338 506 2576 578 Θαλάσσῃ
2611 509 2696 561 ἵνα
2727 509 2952 580 περάσει
2981 512 3039 565 ὲν
3064 514 3132 583 τῇ
3162 512 3339 585 Λέρνῃ
3362 552 3376 576 ,
3409 516 3735 581 συνηκολου-

2161 594 2326 666 θησεν
2354 598 2503 669 αὐτῷ
2534 601 2627 651 καί
2649 601 2677 651 6
2700 600 3038 671 Πολύυμνος·
3068 604 3160 655 καὶ
3190 606 3219 656 6
3241 605 3338 674 μὲν
3359 644 3374 667 ,
3422 605 3616 673 φασὶν,
3658 608 3733 661 ὡς

2160 687 2280 752 θεὸς
2309 688 2486 760 ἐσώθη
2507 728 2522 753 ,
2556 692 2585 742 6
2621 691 2677 743 δὲ
2709 692 3019 763 Πολύυμνος
3060 694 3347 767 τέθνηκεν’
3393 696 3652 766 λυπηθεὶς
3675 698 3733 752 δὲ

2157 780 2186 832 ὁ
2238 781 2518 848 Διόνυσος,
2566 784 2648 836 ὄτι
2690 784 2948 855 τέθνηκεν
2993 789 3022 839 ό
3064 788 3299 859 ἐραστὴς
3341 790 3540 855 αὐτοῦ,
3595 794 3731 863 πρὸς

2156 871 2321 942 τιμὴν
2357 872 2519 925 αὑτοῦ
2542 874 2739 928 αἰδοῖον
2770 875 2976 940 ξύλινον
3006 878 3221 933 συκίνου
3255 880 3411 947 ξύλου
3439 883 3732 948 πελεκίσας

2155 964 2406 1032 κατεῖχεν
2438 964 2525 1016 ἀεὶ
2544 966 2622 1028 εἰς
2656 967 2905 1037 μνήμην,
2932 967 3007 1030 ὼς
3048 964 3230 1033 εἷπον,
3257 970 3351 1023 τοῦ
3388 972 3725 1043 Πολυύμνου.

2154 1052 2232 1105 Δι’
2259 1052 2438 1107 αἰτίαν
2469 1050 2563 1108 οῦν
2586 1055 2843 1127 τοιαύτην
2881 1060 2992 1122 τοῖς
3028 1060 3249 1128 φαλλοῖς
3270 1062 3469 1131 τιμῶσι
3494 1063 3583 1115 τὸν
3612 1063 3732 1117 Διός

2153 1161 2332 1200 νυσον.
2372 1147 2566 1199 Φαλλοὶ
2598 1145 2691 1202 οὖν
2735 1151 2842 1203 εἰσι
2874 1151 3108 1214 πάντες·
3143 1152 3419 1223 ἰθύφαλλοι
3452 1155 3509 1208 δὲ
3547 1156 3598 1209 οἰ
3637 1158 3731 1211 επὶ

2152 1234 2261 1289 τῶν
2290 1235 2478 1307 μηρῶν
2503 1237 2590 1290 ἐπ’
2616 1238 2830 1303 εὐθείας
2856 1240 3228 1312 δεσμούμενοι.

2153 1346 2257 1403 849
2309 1348 2755 1419 Ἐρμαφρόδιτοι
2783 1351 2979 1417 Πᾶνες
2999 1352 3280 1424 ἄσχημον
3310 1355 3502 1425 γένος.

2223 1453 2384 1516 Οὗτοι
2408 1462 2612 1532 διφυεῖς
2632 1463 2896 1533 ἐλέγοντο,
2918 1466 3125 1537 ἀνδρῶν
3150 1468 3245 1521 καὶ
3270 1470 3541 1537 γυναικῶν
3564 1471 3727 1541 φύσιν

2152 1548 2382 1621 ἔχοντες·
2432 1552 2745 1622 μυθίςονται
2787 1552 2844 1607 δὲ
2883 1552 2960 1618 ὠς
3014 1555 3122 1609 ἀπὸ
3157 1555 3361 1628 Ἑρμοῦ
3390 1559 3485 1613 καὶ
3534 1560 3727 1633 Ἀφρο-

2150 1643 2301 1713 δίτης
2328 1641 2426 1714 τὴν
2452 1644 2627 1714 ἀρχὴν
2651 1644 2965 1716 ἐσχηκότες.

2297 1754 2450 1833 ςεῖοι
2474 1757 2899 1833 τραγοσκελεῖς
2923 1776 2989 1833 τε
3022 1759 3120 1814 καὶ
3145 1761 3347 1832 τράγοι
3368 1764 3620 1833 τρόπον,

2295 1828 2438 1902 gap”
2469 1826 2790 1902 οἶς-γάμων
2813 1831 3146 1902 χορεύτριαι
3173 1825 3276 1884 καὶ
3302 1825 3586 1902 παρθένοι

2147 1896 2252 1951 852
2290 1896 3041 1967 Συνεισφέρουσαιξτροῐκα
3066 1903 3348 1969 πορνείας
3372 1896 3581 1972 ἇτόρον.

2216 2007 2320 2060 Τὸν
2360 2009 2513 2062 Πᾶνα
2555 2009 2805 2080 Μωδῆτα
2832 2009 3103 2065 καλοῦσιν
3139 2013 3465 2082 Αἰγύπτιοι·
3520 2016 3635 2071 ἔστι
3665 2018 3722 2073 δὲ

2143 2099 2479 2169 τραγόπους,
2510 2099 2545 2170 ἢ
2569 2099 3049 2169 τραγοπρόσωπος.
3082 2103 3335 2159 Σέόονται
3360 2105 3420 2159 δὲ
3448 2107 3550 2163 ,τὸν
3574 2110 3719 2163 Μεν-

2145 2192 2311 2264 δῆτα,
2344 2194 2510 2264 ἤγουν
2537 2193 2627 2245 τὸν
2649 2193 2822 2257 Πᾶνα,
2849 2193 2990 2248 ὥστε
3020 2197 3095 2268 μὴ
3120 2196 3377 2266 γεύεσθαι
3409 2200 3602 2269 αἰγῶν,
3633 2202 3722 2257 διὰ

2143 2282 2207 2337 τὸ
2253 2280 2392 2347 εἶδος
2437 2284 2581 2354 ἔχειν
2621 2286 2793 2354 αἰγῶν
2825 2287 2916 2340 τὸν
2948 2286 3089 2343 θεόν.
3126 2289 3342 2343 Ποιοῦσι
3378 2291 3435 2343 δέ
3463 2310 3613 2357 τινας
3636 2310 3725 2347 τεο

2145 2374 2306 2439 λετὰς
2331 2375 2579 2446 αἰσχρὰς,
2606 2378 2665 2429 ὲν
2688 2373 2776 2441 αἷς
2797 2379 2887 2431 τὸν
2912 2381 3066 2433 Πᾶνα
3102 2381 3401 2452 ἱστοροῦσιν
3427 2384 3718 2454 αὐλοῦντα,

2145 2466 2241 2521 καὶ
2274 2467 2573 2538 παρθένους
2616 2468 2775 2540 δῆθεν
2821 2471 3061 2541 αἰσχρῶς
3101 2475 3480 2545 γυμνουμένας
3512 2477 3605 2529 καὶ
3632 2495 3723 2549 χο-

2150 2558 2436 2630 ρευούσας,
2476 2557 2571 2613 καί
2613 2578 2736 2615 τινα
2781 2563 2979 2633 αἰσχρὰ
3025 2563 3198 2618 ταῦτα
3251 2567 3593 2637 παρέπεταιο
3641 2570 3725 2623 διό

2146 2668 2299 2721 φησι·
2325 2652 2582 2722 Συνεισφέ
2593 2670 2778 2723 ρουσαι
2805 2658 3006 2726 προῖκα
3035 2658 3292 2728 πορνείας
3314 2660 3502 2730 πόρον.

2292 2763 2425 2842 ταῖς
2456 2764 2630 2842 σφῶν
2652 2765 2992 2842 δ”-ἑταίραις
3021 2768 3138 2842 τὴν
3172 2770 3516 2839 Ἀφροδίτην
3541 2772 3723 2842 σοφοί

2290 2835 2664 2910 Μορφοῦσιν,
2690 2837 2770 2910 ᾡς
2792 2833 3024 2910 θεοῖντο
3040 2833 3134 2910 τῷ
3160 2833 3493 2910 σοφίσματι
3510 2859 3525 2874 ·

2287 2905 2399 2977 Ιξαί
2423 2905 2624 2977 Φειδίᾳ
2658 2907 2728 2959 τὰ
2759 2908 3007 2962 παιδικὰ
3025 2909 3095 2961 ἐν
3117 2908 3198 2974 τῷ
3224 2904 3504 2977 δακτύλῳ

2146 2972 2250 3029 862
2294 2973 2413 3044 Τῆς
2432 2975 2733 3044 παρθένου
2764 2977 3064 3047 γραφέντα
3094 2972 3271 3033 πάντ’
3299 2972 3688 3049 ἁριιεῗκαλῷ.

2213 3087 2425 3152 Φειδίας
2452 3088 2515 3140 τὸ
2562 3088 2663 3159 μὲν
2711 3090 2867 3158 γένος
2912 3090 3129 3160 λέγεται
3163 3093 3558 3165 Συρακούσιος,
3603 3096 3724 3166 ἄρι-

2146 3193 2270 3241 στος
2315 3178 2641 3250 ἀστρολόγος
2684 3180 2782 3251 τὴν
2830 3180 3053 3253 τέχνην,
3119 3183 3478 3255 Ἀρχιμήδους
3514 3188 3718 3257 πατήρ.

2146 3262 2314 3333 Οὗτος
2363 3268 2799 3341 ἀγαλματοποιὸς
2839 3271 2916 3324 ὢν
2945 3314 2960 3339 ,
3004 3273 3099 3326 καὶ
3131 3274 3254 3340 Διὸς
3310 3276 3496 3342 ξόανον
3552 3296 3722 3333 κατα-

2146 3361 2418 3425 σκευάσας
2445 3362 2538 3415 ὲπὶ
2564 3362 2753 3433 θρόνου
2786 3364 3111 3436 καθήμενον,
3134 3367 3273 3440 ὅπερ
3314 3367 3563 3439 λέγουσιν
3600 3370 3723 3435 Διὸς

2144 3452 2445 3507 Φειδιακοῦ.

2300 3565 2534 3649 ρόρνας
2562 3566 2730 3649 ναοῖς
2751 3568 2941 3649 τεᾳκαί
2967 3571 3123 3649 θεοῖς
3143 3571 3510 3649 τιμῳμένας,

2294 3636 2720 3712 Εὐφροσύνην.
2727 3639 3025 3712 μέλαιναν
3045 3633 3117 3693 ἐν
3144 3633 3224 3706 τῷ
3247 3633 3432 3709 θὴρίῳ
3449 3633 3555 3712 Π).

2290 3705 2663 3781 ἒεμνρνγὰρ
2682 3704 2761 3777 ἦν
2776 3709 2880 3781 οιαὶ
2904 3710 3042 3762 τοῦν
3052 3714 3143 3779 σμ’
3157 3704 3246 3781 ’ἐν
3265 3704 3435 3778 νᾶοῐς
3451 3704 3669 3781 μέσοις

2765 3773 3118 3851 δέσποιναν,
3148 3776 3229 3849 ἧς,
3246 3773 3429 3851 λόγος
3451 3773 3682 3849 Ῐπολὺςῖ,

2144 3845 2249 3899 870
2297 3844 2393 3910 Ἐξ
2430 3846 2722 3915 Ὑκκάρων
2742 3847 3076 3917 φθαρεῖσαν
3100 3844 3363 3920 αἰσχρὰν
3382 3844 3589 3908 Λαΐδα.

550 4045 712 4117 '[auri
742 4044 1177 4117 formaminduit
1202 4045 1411 4117 Jupiter
1438 4056 1657 4117 propter
1678 4047 2006 4116 iEuropam;
2037 4043 2244 4101 fulmen
2269 4043 2372 4101 fuit
2397 4044 2651 4113 Junonis,
2682 4059 2886 4116 cycnus
2912 4043 3088 4110 Ledae,
3113 4044 3196 4099 vir
3226 4042 3468 4101 Semeles
3490 4045 3704 4117 gratia;

475 4117 547 4173 ob
567 4114 935 4186 Olympiadem
962 4115 1148 4181 draco,
1179 4116 1249 4171 ob
1275 4114 1492 4171 Danaen
1528 4114 1721 4171 aurum
1750 4114 1873 4171 fuit.

548 4208 876 4288 Aphroditen
905 4207 1241 4277 voluptatum
1269 4208 1783 4288 d.icun_t_patron‘am
1811 4207 1985 4288 Graeci
2020 4208 2303 4288 ipsamque
2335 4208 2585 4288 adorant,
2627 4205 2902 4288 cingulum
2930 4206 3438 4288 eicircumdantes,
3471 4204 3706 4288 qnodea

476 4294 597 4346 quae
624 4280 688 4330 ad
719 4292 956 4357 amorem
981 4286 1257 4357 _spectant,
1298 4279 1621 4357 inhabitant.
1662 4279 1826 4332 Plura
1862 4281 1911 4332 ei
1958 4277 2555 4357 at_tril)_uu_Iit_nornina,
2597 4277 2741 4357 sicut
2779 4277 3219 4345 aphrodisiorum
3264 4277 3487 4331 nomine
3529 4277 3708 4330 coitus

480 4348 808 4400 noniinatur.
834 4347 1026 4417 Cypris
1048 4363 1211 4417 porro
1248 4356 1301 4403 et
1327 4347 1532 4418 Paphia
1560 4358 1805 4413 vocatur,
1831 4357 1890 4403 ut
1911 4350 2078 4405 variis
2112 4350 2168 4403 in
2197 4349 2333 4404 locis
2358 4347 2804 4402 memoravimus.

545 4438 762 4514 Qelenm
801 4441 990 4495 dicunt
1028 4447 1082 4495 et
1128 4438 1520 4511 Triptolemum
1563 4456 1595 4494 a
1648 4439 1846 4497 Cerere
1901 4456 1992 4497 res
2060 4442 2413 4514 mysteriosas
2465 4455 2667 4511 easque
2724 4440 3066 4510 turpissimas
3133 4449 3404 4495 nocturno
3461 4448 3709 4507 tempore

474 4509 748 4563 didicisse.

546 4601 601 4653 In
624 4600 1059 4672 bacchanalibus
1094 4600 1265 4656 Graeci
1298 4602 1495 4671 phallis
1530 4602 1847 4672 Dionysium
1876 4602 2240 4658 honorabant.
2282 4600 2377 4656 Est
2408 4612 2587 4656 autem
2618 4601 2831 4671 phallus
2865 4616 2896 4655 e
2928 4601 3049 4655 rufa
3093 4600 3230 4670 pelle
3264 4600 3491 4672 membri
3528 4599 3710 4672 virilis

475 4669 848 4749 simulacrum,
890 4674 1033 4749 quod
1066 4673 1225 4737 collo,
1269 4669 1411 4727 cruri
1466 4669 1745 4749 alliganies
1778 4676 1937 4728 deum
1981 4673 2228 4749 saltando
2272 4674 2538 4749 colebant,
2586 4669 2745 4740 idque
2775 4672 2845 4725 ob
2896 4671 3035 4726 hanc
3072 4669 3301 4749 causam
3332 4689 3347 4749 _:
3387 4670 3637 4749 Bacchus
3666 4684 3700 4749 ρ

477 4738 704 4821 §«1_nele,
735 4738 922 4794 Cadmi
946 4742 1054 4821 [ilia
1083 4752 1261 4821 natus,
1296 4752 1522 4796 matrem
1561 4738 1787 4797 fulmine
1814 4752 2011 4821 tactam
2060 4742 2581 4821 requirebat,_eiqne
2618 4738 2714 4821 per
2742 4750 2915 4821 terras
2945 4740 3253 4821 errabundp
3292 4741 3531 4821 obvia-mi
3558 4739 3707 4791 venit

473 4807 791 4879 Polymnus,
809 4821 861 4863 et
881 4812 1129 4890 promisit
1157 4822 1383 4866 matrem
1403 4830 1470 4890 se
1493 4814 1999 4890 monstraturum,si
2023 4828 2081 4867 se
2100 4806 2306 4890 amasio
2336 4812 2412 4865 uti
2446 4806 2897 4890 vélletIBacchns
2920 4826 3044 4865 cum
3072 4810 3489 4890 annuissetmi‘lle
3512 4806 3702 4887 Lernae

471 4878 592 4954 esse
616 4880 1049 4954 Semclendixit.
1083 4882 1326 4947 Bacchus
1364 4883 1454 4936 ubi
1481 4884 1930 4954 mareingressus
1958 4891 2104 4937 esset
2139 4891 2201 4935 ut
2229 4881 2767 4954 Lernampergeret,
2809 4881 3103 4954 Polymnus
3134 4878 3693 4954 se_addidltsocium;

473 4946 718 5005 Bacchus
748 4951 1035 5005 incolumis
1063 4946 1263 5023 evasit;
1298 4956 1481 5006 socius
1513 4946 1764 5023 moritu:r_.
1788 4952 2081 5023 Dionysius
2110 4952 2415 5023 membrum
2436 4946 2639 5005 virile'e
2663 4952 2808 5020 ligno
2833 4946 3072 5023 ﬁculneo
3085 4947 3391 5023 confectum
3421 4962 3515 5016 per
3534 4960 3697 4999 omne

473 5028 684 5089 tempus
712 5023 777 5075 ad
812 5021 957 5075 illius
985 5022 1301 5074 memoriam
1343 5023 1672 5075 asservabat.
1710 5020 1834 5076 Haec
1862 5018 2166 5091 plfallorum
2214 5022 2394 5074 cultus
2425 5031 2506 5091 est
2545 5018 2785 5089 origo'et
2816 5036 3001 5074 causa.
3041 5018 3283 5081 Phallns,
3311 5031 3510 5071 nomen
3539 5029 3695 5071 com-

470 5103 665 5153 mune;
698 5092 1032 5162 ithyphallus
1063 5092 1365 5145 membrum
1401 5092 1667 5162 signiﬁcat
1708 5090 1884 5146 medio
1910 5092 2057 5146 cruri
2092 5107 2216 5146 cum
2246 5090 2479 5161 prostasi
2517 5091 2812 5159 alligatum.

541 5178 978 5251 Hermaphroditi
1008 5184 1235 5237 duarum
1266 5190 1755 5248 suntnaturarum,
1788 5192 1940 5250 patre
1972 5182 2264 5245 Mercurio,
2302 5191 2473 5235 matre
2500 5179 2708 5235 Venere
2744 5179 3012 5250 prognati.

544 5272 805 5327 Mendetis
830 5275 1047 5328 nomine
1080 5273 1190 5326 Pan
1224 5273 1364 5339 apud
1401 5271 1685 5349 IEgyptios
1706 5274 1925 5349 colitur,
1963 5274 2097 5327 deus
2132 5273 2399 5349 capripes,
2420 5273 2555 5349 hirci
2593 5271 2784 5349 faciem
2809 5287 2919 5339 pta:
2950 5286 3009 5325 se
3037 5268 3489 5349 ferens..Colitur
3515 5277 3698 5325 autem

469 5360 532 5399 ea
560 5345 693 5411 lege,
727 5353 783 5396 ut
822 5337 1345 5421 caprinanrcarncm
1367 5337 1698 5421 non'cdant,
1722 5337 2012 5421 guodnéns
2044 5337 2366 5421 caputgerit
2396 5344 2698 5421 caprinum.
2732 5337 2888 5395 FeSta
2925 5349 3093 5421 agunt
3114 5337 3449 5421 turpitudine
3480 5354 3588 5421 non
3620 5355 3709 5421 ca-

472 5408 1049 5482 rentia,qu?bus'Pana
1081 5414 1227 5468 tibiis
1258 5421 1565 5478 canentem,
1600 5408 1945 5484 virginesque
1974 5408 2174 5482 corpus
2190 5408 2395 5467 nudum
2424 5408 2652 5483 turpiter
2684 5408 2999 5467 exercentes
3031 5420 3083 5464 et
3114 5409 3397 5473 saltantes,
3426 5408 3591 5466 rebus
3618 5410 3708 5463 in-

469 5485 681 5539 decoris
718 5499 938 5552 operam
963 5484 1174 5549 dantes,
1204 5486 1575 5537 introducunt.

540 5578 762 5634 Phidias
792 5578 1075 5650 Syracusis
1102 5590 1283 5644 natus,
1307 5579 1703 5650 astrologorum
1723 5579 1999 5648 princeps,
2024 5576 2370 5634 Archimedis
2389 5585 2564 5647 pater,
2591 5576 2889 5632 statuarius
2916 5574 3039 5642 fuit,
3061 5574 3155 5645 qui
3177 5572 3368 5630 Jovem
3390 5573 3703 5646 Olympium

470 5650 525 5703 in
547 5651 742 5705 throno
780 5652 1055 5706 sedentem
1081 5653 1327 5720 sculpsit.

532 5774 617 5880 il)
646 5808 724 5863 lta
754 5823 812 5865 se
849 5808 1010 5864 habet
1039 5774 1341 5865 versiculus
1387 5809 1439 5864 in
1475 5807 1698 5875 codice;
1733 5813 1788 5863 at
1816 5807 1870 5862 in
1909 5806 2034 5863 cdd.

2150 5784 2286 5877 ᾦρὼ,
2328 5807 2565 5878 Φρύνην,
2593 5804 2813 5860 λέαιναν
2845 5802 2997 5873 αἰγὸς
3036 5800 3251 5874 θηρίαν.
