4182 6362
375 320 473 374 (ἴοι

372 436 493 490 λίαν
514 455 526 467 ·
550 437 696 507 λέγει
729 440 784 493 δὲ
812 441 894 494 ὅτι
947 442 1041 494 καὶ
1068 441 1294 496 Πλάτων
1321 443 1588 516 κέχρηταί
1609 463 1752 498 τισιν
1781 447 1982 517 ὀνόμα-

376 546 482 594 σιν,
516 532 600 598 ἐφ’
635 525 716 594 οἷς
744 532 965 602 ὀμνύειν
987 533 1182 596 ἐδόκει,
1209 536 1302 588 καὶ
1335 537 1569 607 μάλιστα
1592 543 1658 610 τῇ
1679 541 1938 614 πλατάνῳ
1962 552 1979 566 '

374 621 502 686 τοὺς
531 622 586 675 δέ
615 623 810 688 ἄλλους
861 627 1078 695 σοφοὺς,
1111 628 1208 681 Μὰ
1255 628 1324 680 τὸ
1371 628 1704 698 δαιμόνιον,
1753 633 1979 702 ὀμνύειν

380 715 599 769 ἔφησεν.

388 733 403 767 ε
488 733 599 769 σεν.

388 732 599 860 ΛφὸὶΓΟΣ
625 808 918 875 ΡΜΕ’.Εὶς
933 809 1198 878 ἐμαυτὸν
1219 812 1318 865 καὶ
1339 813 1470 884 περὶ
1488 814 1944 886 ἐπισκόπωνῌ).

513 897 738 976 μοι
777 900 848 954 τὰ
879 900 1170 976 {exarat},
1214 905 1372 976 μηδὲ
1411 907 1730 974 ΙΙύρῤωνος
1765 910 1976 976 πλέκε,

379 968 484 1046 ἓρῖε
514 970 866 1046 Χρήσιξεξρς
897 972 1072 1040 ἔρρει.
1091 968 1331 1046 μακρὰν
1360 979 1396 1046 ό
1425 968 1835 1046 Στὶὶγειρίὶης,

379 1037 484 1092 505
512 1039 679 1106 Μηδέ
705 1037 1027 1108 Πλάτωκος
1055 1037 1268 1113 στέργε
1311 1045 1426 1113 τὴν
1452 1037 1844 1116 seqare-nidi".

450 1130 571 1183 Τῶν
623 1132 964 1186 ἀπαιδεύτων
1004 1137 1032 1188 ὁ
1070 1136 1334 1206 Θεολόγος
1378 1138 1811 1210 καθαπτόμενος,
1857 1139 1980 1195 κατ’

381 1225 702 1296 ἀντίφρασιν
721 1226 896 1280 ταῦτά
924 1245 1108 1299 φησιν.
1143 1229 1362 1303 Ἐπειδὴ
1392 1233 1500 1304 γὰρ
1529 1233 1623 1285 τοῦ
1661 1233 1758 1304 μὲν
1790 1234 1979 1305 ἄρχειν

380 1319 475 1371 καὶ
541 1317 898 1389 καθηγεῖσθαι
947 1319 1077 1376 λαοῦ
1140 1324 1268 1394 τπρὶ
1319 1323 1514 1378 πολλοῦ
1553 1325 1855 1390 ποιοῦνται,
1888 1328 1982 1380 καὶ

377 1411 477 1478 τῆς
509 1408 832 1462 ἀπαιδεύτου
864 1411 956 1464 καὶ
986 1409 1238 1482 γλώσσης
1269 1412 1365 1466 καὶ
1390 1414 1616 1487 γνώμης
1640 1417 1982 1488 ὑπεραπολο-

377 1498 654 1570 γούμενοι,
687 1501 814 1565 τοὺς
844 1504 1145 1575 μακαρίους
1171 1507 1522 1574 ἀποστόλους,
1549 1508 1625 1572 ὠς
1651 1509 1828 1572 ἁλιεῖς
1845 1508 1976 1576 εἶεν,

379 1591 458 1652 εἰς
490 1589 655 1659 μέσον
689 1591 1076 1663 προφέρουσιν,
1106 1595 1307 1660 ἱκανῶς
1339 1596 1629 1664 ἀποδείξας
1660 1599 1689 1650 ὁ
1718 1597 1980 1666 θεολόγος

378 1682 683 1754 Γρηγόριος
746 1685 878 1738 αὐτὸ
936 1685 1094 1739 τοῦτο
1117 1689 1217 1759 τὴν
1257 1690 1415 1760 χάριν
1442 1689 1535 1743 τοῦ
1553 1689 1868 1758 Πνεύματος
1905 1689 1979 1760 μὴ

378 1772 557 1837 ἄλλως
583 1775 631 1826 εἰ
665 1774 739 1846 μὴ
768 1775 846 1846 τῷ
874 1776 964 1830 διὰ
985 1777 1238 1850 γλώσσης
1271 1782 1386 1842 τοῖς
1413 1779 1732 1844 ἀποστόλοις
1761 1781 1819 1834 ἐν
1848 1781 1980 1834 εῖδει

380 1865 554 1935 πυρὸς
581 1866 932 1936 ἐπιφοιτῆσαι
960 1868 1248 1939 δεδεῖχθαι,
1278 1870 1586 1924 τελευταῖον
1611 1870 1789 1924 αὐτῶν
1819 1887 1983 1924 καταο

384 1957 738 2028 μωκώμενος,
775 1960 868 2032 Μὴ
907 1959 976 2014 τὰ
1024 1959 1282 2023 Σέκστου,
1320 1963 1474 2033 φησὶ,
1519 1963 1708 2026 πλέκε,
1745 1962 1878 2034 μηδὲ
1911 1962 1981 2015 τὰ

381 2050 694 2122 Πύρρωνος,
751 2052 1059 2123 φθειρέσθω
1110 2053 1168 2106 δὲ
1218 2053 1566 2124 Χρύσιππος,
1609 2053 1895 2117 Πλάτωνος
1924 2055 1981 2108 δὲ

385 2143 552 2212 μηδὲν
587 2146 620 2214 ἡ
642 2145 942 2215 στωμυλία,
975 2147 1040 2198 σὺ
1061 2146 1119 2198 δέ
1157 2165 1268 2217 μοι,
1304 2150 1490 2218 φησὶν,
1531 2145 1612 2209 οἷς
1638 2148 1814 2212 δοκεῖς
1843 2165 1980 2220 προο

382 2233 710 2296 καθέζεσθαι
746 2235 1045 2304 φιλοσόφει,
1077 2237 1170 2290 καὶ
1208 2237 1308 2307 τὴν
1342 2237 1486 2302 λέξιν
1517 2237 1762 2302 πεζεύων
1793 2239 1981 2311 ἀγροι-

383 2327 642 2398 κοστόμει
665 2345 677 2358 ·
710 2327 870 2397 μόνον
917 2328 974 2381 δέ
1023 2328 1240 2382 δίδασκε
1287 2330 1414 2401 περὶ
1441 2331 1542 2401 τῆς
1573 2331 1802 2401 Τριάδος
1835 2332 1982 2395 ὅπως

385 2417 670 2488 ἐνιζόμενη
699 2419 977 2489 τέμνεται,
1013 2421 1107 2473 καὶ
1154 2421 1462 2492 τεμνομένη
1498 2423 1847 2487 συνάπτεται,
1889 2424 1985 2476 καὶ

385 2511 515 2580 ἑξῆς
565 2513 694 2582 περὶ
733 2512 973 2581 Χριστοῦ
1027 2511 1389 2583 παθημάτων,
1424 2514 1516 2566 καλ⁵
1558 2513 1764 2584 κόσμου
1801 2513 1894 2566 τοῦ
1924 2531 1983 2566 τε

390 2603 665 2673 μένοντος,
700 2603 796 2657 τοῦ
835 2621 894 2657 τε
922 2604 1360 2677 παριπταμένου,
1386 2607 1482 2659 καὶ
1501 2601 1584 2669 οἷς
1610 2606 1700 2659 τὸν
1721 2606 1985 2678 πρόεδρον

389 2696 695 2764 φιλοσοφεῖν
723 2697 849 2760 ἔδει,
874 2699 940 2751 δι’
963 2691 1039 2751 ὧν
1067 2715 1125 2750 τε
1161 2698 1524 2769 γνωρίζεσθαι
1549 2699 1802 2769 μάλιστα.

387 2789 494 2840 450
521 2789 718 2856 Σίμων
749 2787 952 2857 Μάγος
999 2788 1161 2857 χθὲς,
1202 2789 1472 2857 σήμερον
1497 2789 1721 2859 Πέτρος
1766 2790 1983 2859 Σίμων.

460 2876 642 2945 Σίμων
698 2877 726 2928 ὁ
781 2877 972 2945 Μάγος
999 2879 1108 2931 ἀπὸ
1149 2877 1339 2949 Γητθῶ
1372 2880 1469 2948 τῆς
1493 2880 1685 2949 κώμης
1718 2881 1982 2950 ὑπῆρχεν.

391 2962 558 3031 Οὗτος
584 2968 640 3021 δὲ
671 2970 728 3022 ἐν
783 2970 924 3041 ἀρχῇ
977 2970 1071 3023 τοῦ
1105 2971 1460 3043 κηρύγματος
1491 2972 1581 3025 τὸν
1611 2971 1768 3041 λόγον
1798 2974 1854 3025 ἐν
1889 2974 1986 3025 Σα-

395 3059 595 3130 μαρείᾳ
654 3061 1155 3133 καταγγελλόμενον
1187 3063 1426 3127 ἀκούσας
1466 3064 1571 3118 ὑπὸ
1597 3065 1862 3119 Φιλίππου
1887 3064 1982 3118 τοῦ

391 3151 690 3204 ἀποστόλου
742 3153 838 3204 καὶ
867 3153 1160 3217 πιστεύσας
1198 3154 1530 3226 ἐϐαπτίσθηο
1572 3155 1764 3227 Πέτρῳ
1787 3155 1843 3208 δὲ
1872 3159 1984 3220 τοῖς

392 3247 604 3308 πιστοῖς
634 3243 970 3298 ἐπιτιθοῦντι
1013 3246 1113 3308 τὰς
1146 3251 1336 3320 χεῖρας
1361 3249 1454 3302 καὶ
1475 3247 1552 3320 τῷ
1583 3248 1863 3320 Πνεύματί⁸
1892 3266 1983 3302 τε⁴

1417 324 1510 378 AD
1547 324 1860 381 CARMINA
1897 328 1955 384 S.
1999 328 2335 388 GREGORII
2377 334 2630 390 THEOL.

3563 333 3669 388 (30°!

2085 450 2338 519 λειοῦντι,
2366 455 2678 527 προσελθὼν
2709 457 2736 508 ό
2769 456 2950 526 Σίμων
2983 456 3097 526 μετ’
3125 452 3420 513 ἐπιδόσεως
3448 451 3642 520 χρῆμά

2082 561 2190 598 των
2225 546 2344 617 ᾔτει
2364 547 2464 618 τὴν
2494 548 2654 619 χάριν
2688 547 2890 611 λαϐεῖν,
2913 548 2986 610 ὡς
3005 547 3070 600 ἂν
3091 541 3136 614 ᾧ
3159 544 3320 615 ἐπιθῇ
3349 543 3448 606 τὰς
3482 543 3673 612 χεῖρας

2082 637 2297 692 ἐπέλθοι
2324 639 2385 692 τὸ
2409 640 2634 712 Πνεῦμα
2661 641 2722 694 τὸ
2748 642 2922 710 ἅγιον.
2971 639 3177 709 Πέτρος
3202 638 3258 690 δὲ
3297 633 3674 705 προσαπεκρί-

2090 753 2246 792 νατο·
2277 733 2348 789 Τὸ
2381 731 2666 802 ἀργύριόν
2695 745 2810 784 σου
2831 729 2959 783 σὺν
2985 728 3086 781 σοῖ
3104 730 3191 793 εἰς
3209 728 3532 787 ἀπώλειαν.
3577 725 3668 780 ὅτι

2089 829 2206 896 τὴν
2235 825 2412 896 χάριν
2437 823 2541 876 τοῦ
2569 821 2718 877 Θεοῦ
2754 820 2851 874 διὰ
2871 819 3188 890 χρημάτων
3217 820 3503 888 ἐνόμισας
3529 817 3670 883 κτή-

2091 923 2317 974 σασθαι
2339 935 2354 949 ο
2385 919 2494 970 οὐκ
2517 917 2691 969 ἔστιν
2710 911 2825 968 οὖν
2847 930 2944 967 σοι
2963 911 3133 982 μερὶς
3165 910 3308 965 οὐδὲ
3345 910 3570 979 κλῆρος
3597 911 3669 963 ἐν

2089 1008 2172 1075 ’τῷ
2204 1012 2363 1079 λόγῳ
2385 1008 2592 1073 τούτῳ.
2628 1004 2850 1066 Πολλοῖς
2883 1001 2940 1054 δέ
2964 1005 3076 1065 τοῖς
3107 1001 3242 1072 πρὸς
3268 1000 3429 1054 αὐτὸν
3459 999 3669 1068 ἀγῶσιν

2091 1102 2389 1172 ἐναθλήσας
2415 1103 2443 1153 ὁ
2469 1099 2609 1159 θεῖος
2653 1095 2988 1157 Ἀπόστολος,
3024 1093 3174 1156 τέλος
3207 1094 3264 1144 ἐν
3297 1090 3483 1163 Ῥώμῃ
3506 1091 3667 1161 τέχνη

2096 1197 2303 1268 μαγικῇ
2324 1189 2664 1264 μεγαλαυχού
2674 1205 2831 1258 μενον
2857 1187 2946 1239 τὸν
2965 1186 3183 1256 Σίμωνα
3214 1184 3662 1254 μετεωρίζεσθαι,

2091 1288 2157 1341 δι’
2205 1285 2496 1351 ἐντεύξεως
2533 1282 2715 1350 κοινῆς
2760 1278 2964 1350 Πέτρος
2999 1279 3097 1347 ,καὶ
3130 1276 3362 1340 Παῦλος,
3402 1275 3668 1344 παρόντος

2091 1382 2342 1452 Νέρωνος
2371 1377 2465 1431 τοῦ
2493 1373 2780 1446 βασιλέως,
2808 1371 2868 1435 ἐξ
2886 1369 3054 1438 ὕψους
3089 1369 3445 1440 κατέρριψαν,
3485 1367 3669 1422 ἄθλιον

2090 1472 2466 1538 ἀποδείξαντες
2495 1470 2666 1539 μάγον
2687 1467 2776 1519 τὸν
2799 1466 2872 1530 ὡς
2893 1464 3244 1535 Παράκλητον
3261 1461 3449 1515 ἑαυτὸν
3468 1459 3672 1531 μεγαλ-

2093 1567 2380 1638 αυχοῦντα.
2411 1563 2613 1616 Τούτου
2647 1577 2792 1628 παρο
2800 1559 2983 1628 μοὶους
2998 1558 3122 1618 τοὺς
3139 1555 3226 1608 διὰ
3243 1572 3347 1625 χρη
3358 1554 3540 1623 μάτων
3553 1555 3673 1605 ἐπι-

2084 1653 2295 1724 σκοπῆς
2327 1653 2360 1723 ἦ
2389 1669 2536 1715 τινος
2561 1647 2898 1724 προστασίας
2928 1646 3267 1719 κρατοῦντας
3305 1645 3334 1696 ὁ
3372 1642 3678 1713 θαυμάσιος

2081 1748 2272 1820 κρίνας
2322 1747 2602 1815 Θεολόγος,
2662 1745 2846 1814 φησὶν,
2893 1743 2977 1796 ὅτι
3033 1740 3159 1811 χθὲς
3201 1738 3464 1807 ὑπάρχων
3494 1734 3686 1804 Σίμων

2081 1842 2292 1909 Μάγος,
2347 1841 2586 1910 σήμερον
2614 1837 2689 1899 ὥς
2720 1852 2804 1898 τις
2831 1835 3014 1904 Σίμων
3046 1831 3252 1902 Πέτρος
3282 1827 3377 1882 τοῦ
3409 1827 3680 1897 δόγματος

2081 1933 2230 1985 δοκεῖ
2260 1926 2718 2001 προκαθέζεσθαι.

2081 2024 2188 2078 454
2213 2024 2404 2077 Πόθεν
2419 2020 2612 2086 πένης
2635 2018 2739 2080 ὢν,
2767 2014 2872 2072 εἷθ’
2899 2008 3525 2086 ὑπερϐάῷλιωτ-Κῦρον

2083 2077 2190 2148 455
2234 2094 2344 2147 Τὸν
2373 2077 2603 2158 Μῆδοῆ
2626 2090 2663 2156 ἢ
2712 2077 3118 2161 τὸνλΚροῐᾰον,
3149 2084 3186 2150 ἣ
3217 2077 3683 2161 Μίδανηπόροις

2083 2166 2187 2219 456
2224 2151 2532 2230 Μετῆλύες
2552 2151 2740 2226 εἰς’τὸ
2763 2151 2936 2226 ,βῆμα
2968 2155 3067 2208 καὶ
3099 2151 3334 2221 κρατεῖς
3349 2151 3597 2219 θρόνου;

2153 2261 2335 2331 Κῦρος
2359 2258 2559 2329 Μήδων
2598 2255 2848 2325 βασιλεὺς
2872 2255 3116 2324 ὑπῆρχεν
3142 2249 3394 2311 πλούσιος
3435 2245 3639 2314 σφόδρα
3661 2259 3674 2272 ·

2083 2353 2317 2425 Κροῖσος
2372 2351 2430 2403 δὲ
2469 2348 2658 2410 Λύδιος
2690 2343 2757 2419 ῆν
2787 2345 3126 2416 πολύχρυσος
3150 2340 3313 2410 ἄγαν.
3344 2340 3401 2391 Ὀ
3425 2338 3480 2390 δέ
3505 2335 3681 2425 bima;

2083 2422 2254 2514 Φρύξ·
2292 2441 2407 2494 ἀλλ’
2433 2439 2583 2509 ὅμως
2630 2435 2780 2507 αὐτῷ
2826 2435 3006 2488 πάντα
3041 2429 3240 2502 χρυσὸς
3269 2427 3459 2495 γέγονε
3500 2423 3566 2476 δι’
3590 2422 3684 2473 εύ-

2084 2540 2210 2612 χῆςν
2238 2537 2393 2604 δίκην
2427 2531 2578 2598 αὐτῷ
2617 2530 2714 2600 τῆς
2755 2526 3025 2599 ἀμετρίας
3070 2521 3344 2592 παρέχων.
3373 2517 3595 2570 Κεῖνται
3623 2512 3681 2564 δὲ

2085 2635 2142 2688 αἱ
2167 2631 2286 2685 κατ’
2307 2627 2472 2681 αὑτοῦ
2515 2624 2801 2693 ἐξηγήσεις
2829 2623 2886 2673 ἐν
2916 2621 3028 2680 τοῖς
3056 2617 3156 2687 ἤδη
3185 2612 3473 2683 λεχθεῖσιν.
3509 2604 3682 2675 Φησὶν

2085 2723 2178 2780 οὖν
2206 2726 2234 2777 ὁ
2269 2722 2411 2784 θεῖος
2437 2717 2733 2788 Γρηγόριος
2765 2730 2776 2742 ·
2819 2711 3006 2775 Πόθεν,
3031 2704 3076 2760 ὦ
3102 2703 3274 2768 οὗτος,
3305 2702 3472 2770 πένης
3504 2697 3682 2788 ὑπάρ-

2088 2829 2198 2883 χων
2225 2809 2352 2870 τοὺς
2376 2786 2651 2865 τοιούτους
2675 2799 3030 2872 ὑπερϐάλλων
3054 2795 3132 2866 τῷ
3165 2793 3380 2861 πλούτῳ
3417 2786 3683 2860 μετῆλθες

2089 2881 2170 2967 εἰς
2198 2902 2258 2956 τὸ
2289 2900 2436 2970 βῆμα
2467 2896 2561 2951 καὶ
2599 2896 2818 2967 κρατεῖς
2843 2892 3055 2963 θρόνου,
3086 2889 3176 2960 βίᾳ
3205 2887 3265 2940 τὸ
3288 2881 3541 2956 περισσὸν
3572 2895 3684 2950 χει-

2093 2994 2427 3066 ρωσάμενος,
2454 2989 2540 3042 ἵνα
2576 2987 2649 3058 μὴ
2679 2985 2824 3054 λέγω
2845 2984 2906 3037 τὸ
2938 2985 3075 3046 xiv;

2090 3107 2193 3160 457
2229 3101 2422 3158 Γενοῦ
2451 3099 2769 3170 Ζακχαῖος,
2802 3096 2928 3162 τοῖς
2941 3096 3059 3170 per
3084 3089 3500 3170 ἠδικημέῖοις”

2089 3177 2194 3230 458
2225 3176 2319 3242 Μὴ
2349 3161 2744 3243 πλεῖονίξιύτὸ
2770 3170 2837 3243 τύ
2859 3161 3211 3243 κὲξὶάλᾳιον,
3245 3166 3302 3243 εὶ.
3328 3161 3500 3239 δοκεῖ
3533 3227 3544 3243 '

2090 3248 2193 3304 459
2223 3233 2426 3301 Μόνον
2455 3241 2707 3306 κατάθες
2734 3256 2746 3268 ·
2777 3241 2850 3292 οὺ
2881 3233 2991 3307 γὰρ
3019 3235 3217 3305 φέρεις
3245 3233 3309 3285 τὸ
3332 3233 3439 3283 τοῦ
3471 3233 3686 3295 νόμου.

411 3566 1066 3641 μνιίιιε-ῐοιθῐηυιοιῐιᾼιιιιο
1099 3566 1482 3638 promissionis
1511 3579 1607 3626 aut
1645 3569 1822 3625 nuntii
1856 3569 2090 3638 alicujus
2121 3571 2252 3625 ﬁdes
2292 3571 2700 3627 corroboratur.
2730 3574 2910 3637 Addit,
2948 3573 3228 3626 Platonem
3263 3585 3480 3641 quoque
3507 3571 3673 3629 certis

410 3639 722 3698 hominibus
757 3639 970 3695 iurandi
994 3641 1166 3711 gratia
1188 3642 1290 3706 uti,
1329 3651 1386 3696 ut
1407 3644 1657 3712 platano;
1693 3642 1830 3696 alios
1870 3650 2053 3694 autem
2089 3641 2444 3711 philosophos
2470 3659 2562 3711 per
2591 3647 2797 3714 genium
2827 3645 3035 3714 jurare.

1376 3803 1663 3861 CARMEN
1689 3803 1896 3860 CXLV.
1922 3803 2002 3860 De
2025 3805 2214 3873 seipso,
2241 3814 2291 3858 et
2332 3805 2397 3858 de
2429 3806 2702 3876 episcopis.

481 3943 794 4013 Theologus
825 3943 880 3997 in
914 3944 1164 4015 homines
1191 3943 1493 4014 disciplinae
1522 3954 1771 4014 expertes
1802 3944 2066 3998 invehens
2093 3959 2188 4012 per
2221 3943 2580 4015 antiphrasim
2605 3945 2864 4014 loquitur.
2901 3943 2996 3999 His
3026 3943 3362 3999 multitudini
3403 3945 3680 4015 imperare

409 4030 606 4086 magna
626 4023 846 4086 iestgres
881 4029 1002 4082 qua:
1024 4014 1141 4069 sine
1170 4015 1503 4086 eloquentia,
1535 4017 1651 4069 sine
1682 4016 1849 4068 animi
1880 4015 2256 4086 magnitudine
2283 4014 2477 4086 perlici,
2496 4030 2658 4083 posse
2691 4015 2771 4086 iis
2796 4015 3042 4080 videtur;
3074 4031 3245 4086 quare
3270 4017 3432 4069 etiam
3458 4014 3680 4086 aposto-

409 4087 493 4141 los
509 4083 676 4156 'titulo
699 4084 1032 4156 piscatorum
1063 4083 1368 4156 nominant.
1408 4085 1704 4153 Gregorius
1742 4086 1796 4138 in
1838 4086 1944 4138 hoc
1974 4083 2308 4156 singularem
2341 4083 2575 4156 Spiritus
2601 4085 2787 4156 sancti
2811 4088 3039 4156 gratiam
3064 4085 3210 4138 videt
3241 4086 3334 4154 qui
3360 4086 3463 4139 sub
3493 4083 3674 4156 specie

406 4157 608 4223 linguae
643 4155 828 4227 igne:_e_
853 4155 907 4208 in
948 4155 1224 4227 apostolos
1241 4154 1568 4227 descendit;
1605 4157 1728 4227 dein
1765 4171 1857 4227 per
1889 4155 2220 4227 irrisioneni
2238 4170 2335 4209 eos
2364 4154 2709 4227 alloquitur;
2745 4154 2935 4227 Valeat
2968 4154 3197 4221 Sextus;
3229 4155 3403 4210 valeat
3437 4154 3669 4227 Pyrrho,

409 4242 534 4282 cum
564 4239 739 4292 eoque
773 4223 928 4279 Plato
953 4225 1208 4279 disertus.
1240 4223 1319 4277 Tu
1351 4234 1530 4279 autem
1559 4226 1612 4278 in
1651 4226 1737 4287 iis,
1769 4225 1822 4278 in
1852 4225 2054 4294 quibus
2089 4225 2353 4292 prolicere
2385 4223 2589 4294 aliquid
2623 4225 2848 4290 videris,
2890 4241 3132 4288 versare,
3158 4236 3211 4280 et
3241 4223 3499 4281 sermone
3517 4223 3679 4284 utere

410 4312 441 4349 a
477 4304 669 4362 natura
708 4295 803 4347 tibi
827 4309 1120 4360 cuncesso;
1153 4311 1362 4364 expone
1399 4296 1531 4348 mibi
1589 4294 1936 4365 Trinitatem.
1970 4295 2260 4348 dividendo
2301 4310 2420 4348 eam
2465 4307 2519 4350 et
2563 4296 2968 4365 componendo.
3002 4295 3205 4350 Christi
3237 4298 3548 4364 passionem
3583 4316 3671 4353 re-

409 4375 590 4426 canta.
620 4365 883 4437 mundum
909 4376 962 4418 et
985 4366 1232 4437 stabilem
1263 4375 1316 4437 et
1339 4366 1486 4420 vices
1509 4366 1834 4420 subeuntem
1863 4364 1996 4419 mihi
2023 4365 2262 4419 dilucida
2291 4381 2302 4416 :
2341 4367 2396 4418 in
2417 4366 2500 4420 bis
2525 4364 2910 4437 pliilOSOplium
2944 4364 3317 4422 Christianum
3346 4370 3551 4423 versari
3576 4370 3674 4426 de-

409 4445 515 4503 cet,
537 4452 634 4506 per
657 4435 772 4489 haec
798 4434 999 4489 famam
1028 4436 1132 4490 sibi
1160 4435 1444 4505 acquirere
1476 4437 1688 4505 poterit.

483 4571 674 4627 Simon
695 4572 902 4641 Illagus,
933 4573 986 4625 in
1014 4572 1214 4627 Gettho
1236 4572 1358 4627 vico
1393 4574 1446 4626 in
1475 4575 1651 4627 lucem
1677 4573 1877 4633 editus,
1913 4571 2290 4641 Evangelium,
2328 4586 2356 4625 a
2383 4572 2671 4641 principio,
2720 4572 2774 4625 in
2812 4571 3062 4626 Samaria
3090 4586 3120 4625 a
3148 4569 3400 4639 Philippo
3428 4570 3675 4640 apostolo

410 4643 636 4704 audivit,
664 4644 933 4711 iidemque
966 4645 1248 4712 amplexus
1278 4645 1586 4712 baptizatus
1615 4653 1716 4697 est.
1752 4643 1832 4696 Ad
1857 4641 2077 4696 Petrum
2106 4643 2290 4710 igitur,
2322 4645 2412 4710 qui
2451 4658 2710 4696 manuum
2740 4642 3091 4711 impositione
3127 4642 3390 4709 Spiritum
3425 4651 3673 4712 sanctum

408 4709 883 4778 communicabat,
916 4709 1147 4784 accessit
1174 4723 1248 4777 et,
1277 4709 1504 4784 pecunia
1534 4715 1834 4784 promissa:
1867 4712 2012 4765 idem
2045 4709 2232 4782 gratia:
2265 4709 2468 4784 donum
2497 4709 2922 4784 postulavit.‘.§_d
2960 4728 3122 4781 quem
3154 4712 3395 4784 Petrus:
3437 4709 3678 4764 Pecunia

411 4795 502 4837 tua
534 4792 699 4837 tecum
726 4785 794 4836 sit
823 4784 878 4835 in
901 4780 1552 4848 perditionem—quoniam—
1583 4784 1781 4837 donum
1805 4782 1899 4836 Dei
1927 4780 2246 4836 existimasti
2275 4783 2495 4847 pecunia
2522 4783 2801 4850 possideri.
2840 4780 3071 4835 Non’est
3101 4782 3196 4834 tibi
3221 4799 3334 4835 sors
3359 4783 3415 4834 in
3441 4797 3682 4833 sermone

408 4855 511 4908 isto
539 4853 579 4908 ί.
612 4852 689 4906 lta
718 4869 859 4921 saepe
883 4854 1019 4908 alias
1043 4863 1235 4907 contra
1267 4855 1412 4909 hunc
1443 4855 1704 4909 miserum
1737 4854 1916 4907 verbis
1942 4854 2223 4908 dimicavit
2249 4851 2480 4913 Petrus;
2514 4853 2644 4912 imo.
2678 4851 2864 4905 Romae
2895 4853 2984 4906 ubi
3012 4868 3106 4920 per
3138 4853 3370 4920 magiam
3406 4851 3459 4904 in
3492 4866 3676 4921 aerem

409 4939 471 4978 se
503 4920 835 4987 sustulisset,
862 4923 1056 4978 Petrus
1086 4933 1142 4978 et
1169 4923 1369 4978 Paulus
1394 4924 1522 4992 (sub
1551 4923 1764 4979 Nerone
1794 4923 2146 4992 imperatore)
2176 4923 2483 4992 conjunctis
2517 4922 2770 4990 precibus
2802 4921 3049 4976 fecerunt
3082 4933 3138 4975 ut
3177 4937 3253 4992 ex,
3289 4923 3398 4975 alto
3429 4920 3680 4992 praecipif

410 5004 642 5057 taretur,
674 4994 820 5062 quod
847 4994 1054 5048 indicio
1081 4993 1202 5057 fuit,
1229 4994 1380 5047 illum
1403 4989 1617 5049 temere
1644 5004 1699 5049 et
1729 4989 2048 5058 arroganter
2083 4989 2203 5048 sese
2240 4989 2580 5046 Paraclelu’m
2617 4992 2874 5063 iactasse.
2917 4991 3053 5046 Cum
3100 4993 3204 5046 hoc
3231 4991 3408 5063 igitur
3431 5006 3552 5063 eos,
3581 4989 3679 5063 qui

409 5064 554 5120 datis
585 5060 834 5134 pecuniis
867 5065 1184 5133 epiScopatu
1212 5066 1296 5119 vel
1314 5066 1431 5134 alia
1467 5065 1628 5118 simili
1662 5064 1924 5133 dignitate
1955 5064 2113 5134 potiti
2150 5073 2328 5127 erant,
2366 5060 2758 5133 comparando,
2807 5061 3106 5132 Gregorius
3139 5060 3324 5117 dicit:
3371 5081 3390 5114 ι
3430 5060 3558 5116 Heri
3590 5061 3677 5114 Si~

409 5151 541 5190 mon
594 5133 807 5204 Magus,
841 5135 1003 5189 hodie
1037 5143 1096 5188 ut
1126 5135 1264 5188 alter
1305 5133 1494 5189 Simon
1523 5136 1716 5190 Petrus
1737 5138 1936 5204 dogma
1958 5133 2257 5205 proﬁteris.
2294 5157 2314 5186 ι

439 5277 444 5280 ’
479 5272 676 5343 Cynus,
703 5273 989 5327 Medorum
1021 5287 1135 5335 rex,
1179 5272 1383 5328 divitiis
1411 5273 1743 5343 conspicuus
1769 5273 1906 5339 fuit;
1937 5271 2162 5329 Croesus
2200 5281 2380 5326 autem
2408 5280 2461 5326 et
2498 5272 2614 5341 ipse
2647 5287 2783 5328 auro
2813 5271 3050 5343 maxime
3075 5269 3415 5343 abundabat.
3442 5270 3582 5336 Quid
3613 5271 3684 5325 de

409 5341 550 5397 Mida
577 5341 789 5413 Phryge
821 5343 1040 5399 dicam?
1064 5344 1202 5398 Huic
1229 5345 1413 5398 omnia
1446 5346 1498 5398 in
1525 5341 1745 5410 aurum,
1775 5347 1917 5400 sicut
1948 5343 2267 5413 expetierat,
2294 5359 2473 5407 versa,
2499 5343 2744 5397 avaritia:
2771 5358 2988 5411 pinnam
3008 5341 3357 5413 inﬂixerunt;
3384 5351 3474 5395 seu
3499 5343 3562 5395 de
3593 5343 3680 5398 bis

410 5411 720 5486 iamsupra
751 5414 957 5468 dictum
980 5425 1084 5470 est.
1121 5414 1371 5486 Gregorii
1394 5415 1776 5486 sententiaest
1818 5435 1831 5470 :
1866 5411 2164 5486 Unde'tibi,
2199 5415 2293 5484 qui
2323 5430 2529 5485 pauper
2551 5429 2695 5475 cras,
2723 5414 2890 5486 venit,
2917 5424 2977 5467 ut
2995 5411 3242 5486 omnium
3272 5411 3492 5468 divitias
3514 5427 3677 5484 supeo

412 5481 585 5537 rando
617 5481 764 5537 nunc
793 5486 993 5540 solium
1021 5481 1521 5558 regium'occupes,
1544 5495 1599 5542 et
1629 5485 1681 5542 vi
1707 5487 1830 5557 plus
1857 5501 2024 5555 quam
2051 5481 2270 5553 sullici't,
2302 5481 2370 5542 tie
2401 5481 2604 5550 dicam,
2631 5484 2838 5552 omnia,
2868 5481 3190 5555 possideas?

471 5641 494 5675 ⁸
519 5644 639 5701 Aet.
670 5661 787 5712 xix,
815 5644 887 5699 20
912 5661 1032 5716 sqq.‘

472 5737 550 5808 (l)
581 5737 679 5795 Ed.
713 5759 839 5798 nov.
863 5759 914 5814 p.
946 5743 1065 5799 779.
