4186 6372
470 360 578 413 6.ὶὸ

526 468 664 535 Φησὶ
696 469 989 538 Ζακχαῖος
1035 468 1145 522 Kal
1170 470 1228 523 ετ
1260 470 1421 534 τινός
1462 487 1516 523 τι
1556 471 1800 539 εἳληφα,
1823 471 1862 539 ἢ
1891 469 2036 524 ἀπε-

457 562 749 629 στέρησα,
771 560 1065 639 ἀποδώσω
1102 563 1563 631 τετραπλάσιον.
1600 564 1673 616 Σὺ
1708 564 1784 629 δὲ,
1813 564 1980 632 φησὶν
2010 561 2041 615 ὁ

461 664 741 733 Θεολόγος,
771 664 876 717 κᾶν
908 664 971 717 τὺ
1000 663 1293 733 κεφάλαιον
1321 664 1540 731 ἀπόδος,
1570 660 1615 719 ὦ
1644 665 1961 722 πλεονέκτα.

464 756 570 811 653
608 754 819 825 Ὲφούδ
844 772 910 809 τε
939 753 1170 824 σεμνὸν
1204 756 1244 824 η
1268 755 1556 825 Σαμουὴλ
1577 755 1838 824 διπλοῖς.

532 868 871 939 Γέγραπται,
901 867 984 919 ὅτι
1019 865 1097 936 τῷ
1126 865 1380 937 Σαμουὴλ
1413 868 1448 936 ἡ
1481 868 1664 939 μήτηρ
1692 868 1956 942 ἀνέφερεν
1975 869 2056 924 δι-

464 961 655 1015 πλοῖδα
685 959 887 1033 μικρὰν
909 963 968 1014 ὲν
994 959 1216 1030 Σιλωὰμ
1246 958 1375 1011 ἔνθα
1401 955 1469 1030 ἦν
1494 958 1822 1029 λειτουργῶν
1843 960 1922 1032 τῷ
1951 964 2057 1016 Κυ-

466 1055 586 1127 ρίῳ,
618 1056 809 1109 καὶὸτι
833 1054 997 1124 ὲφοὺδ
1029 1052 1418 1124 περιεϐέϐλητο
1439 1073 1450 1084 ·
1480 1053 1644 1123 ὲφοὺδ
1662 1054 1718 1107 δέ
1745 1056 1894 1109 ἐστιν
1937 1055 2059 1126 ἐφι-

466 1149 638 1219 στρὶς,
656 1147 997 1213 ὡς’Δκύλας·
1016 1147 1094 1210 ῶς
1111 1145 1168 1199 δὲ
1197 1145 1509 1211 Θεοδοτίων,
1533 1148 1748 1219 ὲπωμὶς
1773 1148 1806 1221 ἢ
1833 1148 2055 1221 ὲξωμίς.

464 1241 572 1297 662
600 1240 789 1310 Χωρίς
810 1241 887 1294 τὰ
907 1237 1136 1296 Μυσῶν
1159 1238 1261 1293 καὶ
1292 1237 1543 1309 Φρυγῶν
1560 1240 1875 1310 ὁρίσματα.

1600 354 1880 413 COSMAS
1920 352 2630 417 HIEROSOLYMITANUS

3629 355 3738 413 (⁵οι

2165 471 2387 539 ταύτης
2407 472 2487 540 τῷ
2514 474 2624 545 τῆς
2652 474 2807 543 ιδίας
2831 475 3211 545 γλυκύτητος
3231 471 3438 543 καρπῷ
3456 469 3570 542 τὴν
3588 471 3749 526 ἐκεί-

2160 581 2283 619 νων
2298 567 3132 636 ἀντιμετρούσηςβασιλείαν,
3152 565 3229 635 τῇ
3254 565 3463 635 ῥάμνῳ
3481 564 3744 630 προεξελ-

2161 657 2345 712 θόντα
2361 658 2722 722 βασιλεύειν
2740 656 2944 713 αὐτῶν
2975 646 3371 726 ἐξῃτήσαντο.
3395 654 3627 725 Ῥἀμνος
3647 647 3742 705 οὖν

2158 748 2310 802 ἐστιν
2339 749 2650 814 ἀκανθῶδες
2666 750 2832 818 φυτὸν
2854 750 2950 804 καὶ
2970 750 3240 819 ἄκαρπον,
3261 741 3305 816 ᾧ
3327 748 3426 819 τὴν
3453 747 3588 800 ίδίαν
3614 745 3743 799 ἐπέ-

2158 858 2360 911 τρεπον
2390 843 2565 913 ἀρχὴν
2584 845 2654 897 τὰ
2674 842 2770 897 τοῦ
2800 842 3007 915 δρυμοῦ
3037 841 3169 907 ξύλα
3188 858 3205 874 ο
3236 838 3563 912 παρεικάζει
3588 837 3644 891 δὲ
3671 840 3738 908 τῇ

2160 933 2352 1005 ῥάμνῳ
2365 935 2458 989 τὸν
2492 934 2778 1006 Ἀϐιμέλεχ
2798 974 2813 998 ,
2837 937 2965 998 τοὺς
2992 934 3047 987 δὲ
3066 933 3353 1004 Σικιμίτας
3379 934 3492 995 τοῖς
3509 929 3601 983 τοῦ
3622 929 3744 1000 δρυο

2161 1024 2265 1096 μοῦ
2296 1026 2489 1095 ξύλοις.
2522 1027 2633 1081 Kal
2660 1029 2714 1082 εὶ
2742 1028 2853 1098 μὴ,
2887 1027 3109 1097 φησὶνή
3156 1023 3463 1095 παραϐολὴ,
3502 1022 3741 1085 ἐξέλθοι

2157 1118 2279 1186 πῦρ
2294 1118 2362 1173 ἐκ
2397 1118 2506 1188 τῆς
2525 1117 2763 1188 ρἁνου
2792 1118 2894 1173 καὶ
2921 1116 3321 1187 καταφάγεται
3343 1115 3417 1169 τὰ
3442 1114 3601 1179 ξύλα
3628 1110 3738 1166 τοῦ

2160 1220 2389 1291 δρυμοῦ
2409 1238 2424 1252 ο
2478 1219 2518 1289 ἢ
2558 1220 2629 1274 ἐκ
2687 1220 2809 1275 τῶν
2859 1222 3085 1288 ξύλων,
3143 1221 3244 1276 καὶ
3287 1221 3595 1277 κατέδεται
3635 1220 3754 1289 τὴν

469 1373 485 1388 ,
565 1370 581 1386 .
659 1372 673 1386 ,
753 1373 768 1387 ,
846 1369 863 1387 ,
941 1369 957 1385 ,
1036 1373 1052 1385 ,
1129 1370 1144 1384 ,
1225 1370 1240 1385 ,
1317 1369 1333 1385 ,
1412 1367 1429 1383 ,
1509 1368 1525 1386 ,
1607 1331 1691 1403 (ί)
1747 1332 1903 1404 μνίου
1964 1330 2063 1386 καὶ
2152 1314 2420 1383 ῥάμνον·
2453 1312 2599 1367 ὂκαὶ
2634 1313 2878 1382 γέγονεν.
2909 1313 3032 1366 Τῶν
3073 1313 3184 1402 γαρ
3216 1312 3511 1384 Σικιμιτῶν
3557 1329 3753 1367 νεωτε-

465 1442 538 1478 κα
546 1424 823 1495 ρτερικαῖς
851 1422 1140 1491 φυλακαῖς.
1452 1470 1459 1479 ,

466 1514 565 1568 701
593 1511 809 1581 Γαλῆν
822 1511 1038 1572 καθίζει
1051 1511 1256 1581 μῦθος
1278 1511 1424 1566 εἵσω
1455 1513 1768 1581 παστάδος
1795 1530 1809 1544 ·

469 1583 574 1664 2ρὲ
595 1579 852 1664 Νέμειον
877 1584 984 1664 γὰρ
1014 1579 1194 1664 εἶχεν..
1209 1581 1518 1664 νυμφισέῶς
1533 1579 1951 1664 ἐσταλμένην

470 1653 573 1708 706
622 1648 1347 1723 Ἐπξδριιμοῦσαδεῐπνον
1371 1648 1545 1723 εἶχεν
1567 1656 1639 1708 οὐ
1668 1648 1879 1723 γάμον-ζ

469 1724 573 1780 ’707
602 1721 875 1788 Τοιοῦτός
901 1723 1032 1776 ἐστι
1060 1721 1181 1786 πᾶς
1206 1723 1387 1784 νόθος
1415 1721 1806 1789 διδάσκαλος.

467 1794 566 1847 721
595 1794 666 1846 El
702 1790 963 1862 δὀύτως
981 1793 1127 1861 ἡμῖν
1155 1792 1252 1862 καί
1278 1792 1566 1861 πρόεδρος
1582 1792 1669 1847 ὢν
1691 1795 1917 1862 τύχοις,

472 1863 577 1917 722
606 1865 676 1916 El
699 1861 818 1930 μὲν
839 1861 1124 1928 κάκιστος
1149 1861 1249 1915 καὶ
1272 1864 1568 1931 πονηρίας
1599 1861 1818 1929 πλέως,

468 1932 575 1988 725
601 1931 763 1986 Τοῦτ’
790 1931 924 1987 ἔστι
960 1932 1058 1986 καὶ
1080 1931 1200 1985 νῦν
1211 1931 1448 2001 ῥάμνον
1470 1930 1682 2003 ἄρχειν
1701 1932 1820 1988 τῶν
1834 1936 2060 1999 ξύλων.

535 2049 774 2105 Γεδαιὼν
806 2051 836 2103 ὁ
865 2047 1059 2122 κριτὴς
1116 2047 1487 2120 ἑϐδομήκοντα
1541 2048 1716 2102 τίκτει
1753 2049 1971 2114 παῖδας,
2004 2049 2063 2117 ὲξ

465 2134 544 2199 ὧν
588 2143 876 2216 ’Λσιμέλεχ
921 2138 990 2214 ἦν
1038 2141 1154 2206 υίὸς
1179 2140 1464 2213 παλλακῆς
1508 2142 1858 2213 Σικιμίτιδος.
1896 2137 2067 2208 Οὗτος

467 2234 663 2300 πείσας
693 2236 821 2299 τοὺς
851 2232 1138 2303 Σικιμίτας
1171 2232 1322 2303 αὐτῷ
1358 2234 1740 2304 συμμαχῆσαι,
1762 2235 1888 2298 τοὺς
1914 2234 2067 2288 ἀδελ-

467 2328 604 2399 φοὺς
658 2326 909 2388 ἅπαντας
946 2324 1041 2376 ἐπὶ
1088 2322 1235 2377 λίθον
1279 2322 1600 2377 ἀπέκτεινεν
1631 2323 1760 2379 ἕνα·
1814 2324 2066 2380 ἰωνάθαν

467 2418 528 2473 δὲ
564 2418 673 2474 τῶν
702 2417 908 2471 παίδων
928 2413 1164 2469 Γεδαιὼν
1196 2417 1239 2485 ὁ¹
1288 2413 1551 2487 νεώτερος
1576 2416 1668 2469 ἐπὶ
1693 2416 1754 2469 τὸ
1783 2416 1909 2489 ὅρος
1931 2418 2066 2471 ἁνα-

467 2507 696 2580 δραμὼν
727 2505 957 2576 διεσώθη
982 2521 998 2535 ο
1023 2503 1155 2576 ἔστη
1178 2504 1256 2570 δὲ,
1279 2504 1374 2558 καὶ
1402 2504 1607 2574 ταύτην
1626 2508 1739 2569 τοῖς
1759 2498 2068 2576 Σικιμίταις

468 2600 570 2672 τὴν
599 2597 911 2669 παραδολὴν
926 2590 1107 2649 εἶπεν
1144 2597 1544 2665 Πορευόμενα,
1563 2596 1746 2666 φησὶν,
1772 2596 2065 2666 ἐπορεύθη

469 2689 546 2744 τὰ
582 2689 742 2755 ξύλα
772 2688 877 2743 τοῦ
909 2686 1139 2757 δρυμοῦ
1167 2687 1373 2755 χρίσαι
1414 2686 1683 2751 βασιλέα
1725 2688 1819 2756 ἐφ’
1858 2688 2063 2742 ἑαυτά·

472 2781 571 2836 καὶ
600 2777 775 2835 εἷπον
809 2777 886 2849 τῇ
948 2780 1154 2849 ἐλαίᾳ·
1182 2778 1366 2847 Δεῦρο
1395 2780 1696 2844 βασίλευε
1733 2780 1826 2849 ἐφ’
1856 2780 2029 2850 ἡμῶν
2048 2796 2063 2811 ·

472 2871 584 2940 τῆς
611 2871 681 2925 δὲ
706 2872 783 2941 τῇ
834 2873 1103 2940 ποιότητι
1154 2870 1262 2925 τοῦ
1285 2871 1440 2925 ίδίου
1477 2872 1707 2941 καρποῦ
1733 2872 1851 2939 τὴν
1886 2873 2068 2936 βασι-

473 2965 650 3019 λείαν
709 2966 822 3019 οὐκ
872 2963 1346 3033 ἀντεξαγούσης,
1398 2963 1499 3016 καὶ
1525 2963 1623 3017 διὰ
1667 2965 1843 3018 τοῦτο
1880 2965 2064 3029 βασι-

474 3055 680 3110 λεύειν
700 3053 1253 3124 παραιτησαμένης,
1282 3051 1459 3108 εἷπον
1486 3054 1561 3123 τῇ
1587 3055 1834 3124 ἀμπέλῳ
1851 3075 1863 3086 ·
1888 3057 2069 3124 Δεῦρο

471 3148 775 3213 βασίλευε
797 3148 888 3217 ἐφ’
914 3148 1086 3218 ’ἡμῶν
1108 3164 1126 3183 ο
1142 3148 1304 3215 ὡςδὲ
1330 3147 1430 3200 καί
1468 3149 1687 3214 ταύτης
1723 3147 2071 3217 παρωσαμέ-

477 3258 592 3308 νης
621 3242 732 3294 οὐκ
748 3240 931 3305 ἀξίαν
957 3241 1252 3311 κρινάσης
1288 3239 1402 3308 τῆς
1437 3242 1659 3306 οἰκείας
1687 3242 2070 3309 εὐφροσύνης

2164 1406 2433 1476 ρισάντων
2465 1404 2609 1459 κατὰ
2654 1404 2748 1458 τοῦ
2794 1404 3115 1476 Ἀϐιμέλεχ,
3167 1407 3254 1460 ἐπ’
3296 1405 3496 1468 αὐτοὺς
3533 1422 3756 1478 στρατο-

2161 1496 2450 1559 πεδεύσας,
2505 1496 2703 1568 φορτία
2739 1495 2911 1560 ξύλων
2938 1496 3175 1568 ἄρασθαι
3207 1497 3440 1551 ἕκαστον
3468 1498 3763 1568 προστάσ-’

2165 1605 2247 1641 σει
2272 1587 2348 1652 ὡς
2371 1587 2436 1640 ἂν
2486 1588 2762 1659 ἐμπρήσει
2787 1586 2858 1640 τὰ
2884 1587 3088 1659 Σίκιμα
3114 1604 3130 1619 ’
3163 1590 3211 1640 οἱ
3247 1588 3304 1642 δὲ
3344 1589 3621 1658 Σικιμῖται
3648 1588 3754 1643 ὑπὸ

2163 1682 2254 1735 τὸν
2283 1682 2340 1734 ὲν
2357 1679 2606 1752 Σικίμοις
2629 1680 2830 1749 ἔφυγον
2852 1679 3080 1752 πύργον,
3113 1680 3200 1750 ὑφ’
3222 1680 3281 1733 ὃν
3307 1678 3548 1749 γεγονὼς
3569 1681 3598 1733 ὁ
3615 1680 3755 1734 Ἀϐι-

2168 1772 2353 1845 μέλεχ,
2412 1772 2576 1837 αὐτὸς
2623 1773 2721 1843 μὲν
2773 1771 2985 1842 ὑφῆψεν
3004 1771 3067 1825 τὸ
3094 1771 3227 1843 πῦρ,
3260 1773 3444 1826 πᾶσαν
3466 1771 3566 1843 τὴν
3599 1771 3752 1825 πόλιν

2163 1866 2549 1936 κατεδαφίσας,
2590 1867 2657 1920 ὲκ
2683 1864 2740 1919 δὲ
2764 1864 2859 1919 τοῦ
2884 1865 3096 1935 τείχους
3141 1864 3365 1936 πλάσμα
3418 1863 3586 1935 μύλου
3615 1862 3755 1936 γυνὴ

2166 1957 2391 2030 ῥίψασα,
2449 1956 2594 2011 κατὰ
2625 1957 2723 2027 τῆς
2763 1956 3008 2027 κεφαλῆς
3059 1956 3344 2027 Ἀΰιμέλεχ
3375 1957 3626 2027 ἦνεγκεν,
3656 1955 3753 2008 καὶ

2163 2048 2366 2119 ταύτην
2392 2046 2745 2111 διαθλάσασα,
2780 2046 2978 2110 ἀθλίως
3002 2046 3165 2100 αὐτὸν
3185 2045 3280 2099 τοῦ
3304 2046 3402 2117 ζῇν
3421 2046 3755 2117 ἀπήλλαξεν,

2164 2140 2306 2194 κατὰ
2332 2139 2431 2211 τὴν
2468 2138 2720 2192 Ἰωνάθαν
2778 2137 3129 2209 παραϐολήν
3165 2139 3260 2191 καὶ
3304 2139 3412 2208 γάρ
3459 2155 3645 2208 φησιν,
3681 2136 3758 2202 ὡς

2175 2232 2241 2286 '0
2271 2232 2467 2300 πατὴρ
2485 2230 2672 2286 αὑτοῦ
2703 2229 2970 2285 Γεδαιὼν
2987 2229 3103 2298 τὴν
3128 2229 3343 2298 ψυχὴν
3358 2229 3577 2297 ἔθηκεν
3602 2230 3758 2298 ὑπὲρ

2177 2323 2425 2393 Ἰσραὴλ
2467 2324 2536 2377 ἐν
2571 2322 2721 2392 χειρὶ
2769 2321 2977 2389 αὐτοῦ,
3011 2322 3153 2388 τοὺς
3184 2321 3254 2374 δὲ
3295 2321 3466 2388 υἱοὺς
3486 2320 3759 2375 Γεδαιὼν

2165 2415 2521 2471 ἀπέκτειναν
2550 2413 2963 2483 ἐϐδομήκοντα
2989 2413 3082 2482 ἐφ’
3101 2412 3210 2466 ἕνα
3229 2413 3404 2468 λίθον
3423 2428 3437 2442 ·
3474 2412 3554 2465 διό
3587 2427 3756 2482 φησιν

2165 2507 2347 2564 αὐτῶν
2394 2505 2826 2575 κατευχόμενος·
2873 2502 3032 2558 Ὠσεὶ
3067 2504 3472 2570 πεποίηκασιν
3504 2502 3576 2556 ἐν
3607 2503 3758 2566 ἀλη-

2165 2601 2296 2667 θείᾳ
2332 2599 2430 2652 καὶ
2459 2596 2838 2665 δικαιοσύνῃ,
2877 2596 3097 2665 Κύριος
3135 2595 3501 2664 ὀσφρανθείη
3536 2594 3762 2661 ταύτην

2166 2689 2366 2747 αὐτῶν
2402 2689 2517 2758 τὴν
2544 2689 2784 2753 θυσίαν,
2817 2688 2916 2741 καὶ
2932 2688 3272 2756 χαρίεσσαν
3297 2686 3396 2739 ἐπὶ
3424 2684 3503 2750 τῷ
3548 2683 3761 2753 Ἀϐιμέ.

2168 2788 2299 2854 λεχ,
2320 2781 2598 2847 κάκεῖνος
2643 2782 2734 2835 ἐπ’
2781 2779 2986 2846 αὐτοῖς
3010 2796 3023 2810 ο
3059 2782 3114 2833 εί
3138 2778 3207 2831 δὲ
3235 2777 3345 2848 μὴ,
3368 2776 3602 2842 ἐξέλθοι
3640 2777 3763 2845 πῦρ

2163 2877 2235 2942 ἐξ
2277 2873 2599 2943 Ἀϐιμέλεχ,
2644 2871 2746 2926 καὶ
2799 2869 3201 2941 καταφάγεται
3245 2871 3459 2939 Σίκιμα
3484 2885 3497 2899 ·
3551 2867 3649 2922 καὶ
3693 2868 3763 2921 ἐκ

2173 2969 2454 3037 Σικίμων,
2478 2965 2577 3019 καί
2644 2963 3048 3033 καταφαίνεται
3074 2961 3185 3016 τὸν
3231 2961 3550 3030 Ἅϐιμέλεχ.
3576 2958 3763 3014 Ταῦτα

2177 3060 2276 3131 μὲν
2303 3061 2338 3128 ἡ
2360 3057 2455 3112 τοῦ
2496 3055 2752 3110 Ἰωνᾶθαν
2810 3053 3096 3126 παραϐολή
3116 3069 3129 3083 ’
3158 3052 3458 3125 Γρηγόριος
3483 3051 3540 3104 δὲ
3574 3052 3603 3105 ὁ
3638 3050 3765 3103 Θαυ-

2176 3152 2372 3222 μάσιος
2414 3148 2476 3202 τὸ
2528 3147 2736 3218 μηδένα
2779 3145 2994 3219 καρπὸν
3045 3146 3247 3217 ἀρετῆς
3281 3144 3579 3213 κεκτῆσθαι
3639 3145 3764 3206 τοὺς

2172 3240 2472 3312 τηνικαῦτα
2524 3238 2634 3291 τῶν
2670 3235 3010 3307 Ἐκκλησιῶν
3050 3236 3400 3306 προεδρεύειν
3453 3233 3765 3304 ἁμιλλωμέ-

477 3330 594 3398 τὴν
637 3327 756 3383 τῶν
800 3329 1087 3400 ἀκάρπων
1142 3332 1345 3396 ξύλων
1369 3330 1715 3396 βασιλείαν,
1785 3327 1958 3384 εἷπον
1992 3331 2066 3400 τῇ
2172 3349 2317 3395 νους,
2342 3332 2545 3403 ῥάμνον
2593 3327 2989 3399 προσαγορεύει
3013 3345 3026 3357 ·
3066 3327 3128 3380 τὸ
3160 3326 3218 3380 δὲ
3251 3323 3650 3397 χαλεπώτερον,
3684 3324 3766 3377 ὅτι

479 3417 646 3489 συκῇ
668 3420 903 3490 οτΔεῦρο
947 3422 1334 3487 βασίλευσον
1362 3422 1455 3491 ἐφ’
1492 3420 1671 3491 ἡμᾶς.
1736 3417 1898 3476 Ἀλλ’
1925 3415 2069 3472 οὐδὲ
2178 3420 2424 3483 καὶτοὺς
2479 3416 2910 3489 εὐθηνουμένους
2946 3416 3025 3488 τῷ
3056 3418 3156 3488 τῆς
3193 3414 3537 3478 διδασκαλίας
3566 3412 3764 3487 καρπῷ

557 3749 702 3807 Dicit
730 3751 993 3807 Zachams
1023 3768 1039 3807 :
1067 3750 1135 3806 Et
1162 3752 1209 3805 si
1237 3751 1365 3823 quid
1394 3752 1625 3823 aliquem
1644 3751 1982 3823 defraudavi,
2008 3768 2063 3807 re

485 3822 685 3878 saltem
726 3823 961 3878 reddito.
1006 3824 1199 3878 avare!

2165 3752 2548 3825 iquadruplum
2575 3756 2616 3809 ⁸.
2647 3751 2719 3811 At
2748 3763 2829 3821 tu,
2853 3755 2933 3812 ait
2958 3754 3291 3829 Theologus,
3322 3769 3488 3830 caput
3525 3772 3756 3815 summa

946 3864 961 3891 ,
1006 3864 1199 3878 ...ιηω

556 3993 833 4065 Scriptum
859 3994 1058 4063 legitur
1091 4002 1319 4066 matrem
1351 3992 1421 4066 ad
1445 3993 1754 4066 Samuelem
1782 3992 2017 4066 Domino
2048 3994 2452 4066 ministrantem
2482 3996 2535 4049 in
2561 3995 2679 4051 Silo
2722 3995 3019 4066 diploidem
3076 4011 3201 4051 cum
3259 3996 3436 4066 ephod
3478 3997 3753 4055 attulisse.

484 4062 585 4123 Est
622 4062 805 4120 autem
841 4062 1041 4134 ephod,
1068 4064 1369 4121 secundum
1396 4064 1672 4135 Aquilam,
1704 4064 1998 4134 epbistris;
2030 4070 2334 4121 secundum
2368 4062 2799 4123 Theodotioneni
2829 4067 3113 4122 humerale
3151 4067 3234 4122 vel
3267 4062 3499 4123 e'xomis.

556 4228 775 4285 Gedeon
793 4228 959 4299 judex
988 4228 1329 4300 septuaginta
1352 4228 1542 4283 habuit
1565 4228 1727 4292 ﬁlios,
1773 4229 1914 4284 inter
1939 4245 2080 4299 quos
2107 4230 2420 4286 Ahimelech
2459 4230 2688 4285 nothum
2717 4245 2748 4284 e
2778 4230 3007 4285 muliere
3034 4228 3404 4284 Sichemitica.
3439 4230 3538 4285 llic
3562 4231 3755 4287 Siche-

483 4300 651 4355 mitas
680 4309 738 4353 ut
761 4315 947 4354 secum
980 4303 1295 4369 societatem
1329 4300 1552 4365 inirent,
1585 4300 1813 4353 adduxit
1847 4314 1901 4353 et
1929 4300 2127 4356 fratres
2157 4316 2350 4356 omnes
2377 4316 2543 4369 super
2572 4316 2682 4355 uno
2716 4300 2893 4368 lapide
2934 4302 3282 4369 obtruncavit
3306 4319 3320 4367 ;
3343 4301 3615 4355 Jonathan
3649 4319 3753 4356 an-

485 4382 621 4442 tem,
647 4370 968 4442 minimuse
998 4368 1270 4442 Gedeonis
1297 4369 1423 4424 ﬁliis
1454 4369 1507 4422 in
1541 4380 1856 4423 montanam
1890 4371 2106 4440 aufugit
2149 4371 2426 4442 regionem
2448 4368 2619 4424 salvo
2653 4385 2904 4442 Corpore,
2938 4368 3253 4442 Sichemitis
3290 4372 3493 4426 hancce
3522 4375 3756 4441 parabo-

483 4441 595 4496 lant
645 4439 784 4512 dixit
828 4457 841 4492 :
891 4438 1077 4493 lerunt
1126 4440 1273 4512 ligna
1322 4449 1379 4493 ut
1428 4449 1680 4512 ungerent
1731 4456 1889 4512 super
1933 4457 1988 4495 se
2031 4438 2238 4511 regem,
2289 4440 2847 4512 dixeruntquerolime
2893 4457 2912 4494 :
2962 4438 3413 4512 Imperarnobis;
3462 4438 3581 4512 qua:
3634 4460 3753 4497 cum

483 4510 854 4581 pinguedinem
906 4526 1058 4563 suam
1104 4520 1152 4564 et
1203 4511 1435 4581 fructum
1468 4510 1742 4581 proprium
1777 4510 1939 4564 nollet
1975 4509 2233 4575 deserere,
2281 4509 2562 4565 recusavit;
2602 4509 2867 4564 Dixerunt
2916 4512 3081 4580 igitur
3127 4511 3196 4563 ad
3240 4513 3398 4565 uitem
3442 4509 3483 4566 ε’
3510 4512 3668 4578 Veni,
3703 4524 3753 4567 et

483 4578 688 4651 impera
747 4579 933 4646 nobis;
983 4596 1100 4651 qua:
1148 4580 1417 4651 respondit
1465 4594 1483 4631 :
1539 4578 1686 4632 Num
1730 4596 1945 4648 possunt
1987 4581 2225 4636 deserere
2272 4583 2489 4642 vinum,
2545 4589 2603 4633 ut
2649 4582 2785 4634 inter
2832 4578 2973 4651 ligna
3022 4582 3354 4649 infructuosa
3406 4587 3756 4651 promovear?

484 4650 752 4722 Dixerunt
782 4651 945 4722 igitur
993 4649 1062 4703 ad
1111 4651 1265 4719 ﬁcum
1293 4666 1337 4722 _:7
1362 4649 1491 4703 Veni
1521 4660 1570 4703 et
1603 4666 1763 4720 regna
1796 4668 1955 4722 super
1995 4666 2127 4717 nos;
2170 4669 2288 4721 qua:
2333 4652 2604 4722 respondit
2649 4667 2703 4722 se
2746 4649 3075 4705 dulcedinem
3129 4654 3370 4706 innatam
3408 4649 3623 4721 fructus
3670 4654 3756 4708 sui

450 4721 741 4793 .regnaindi
778 4721 990 4793 libidini
1022 4738 1123 4775 non
1164 4720 1593 4793 sacriﬁcaturum
1633 4736 1763 4793 esse.
1806 4721 2066 4793 Adierunt
2109 4720 2275 4793 igitur
2316 4720 2618 4777 rhainuum.
2654 4720 2826 4775 Porro
2872 4724 3168 4786 rhamnus,
3219 4724 3308 4777 cui
3343 4720 3567 4777 arbores
3607 4725 3756 4779 silva:

486 4807 547 4846 se
577 4791 806 4846 subdere
834 4791 1106 4854 volebant,
1136 4792 1426 4845 arbuscula
1455 4800 1539 4845 est
1569 4792 1794 4859 spinosa
1840 4805 1894 4845 et
1941 4791 2165 4847 sterilis.
2199 4792 2451 4847 Rhamno
2473 4800 2755 4859 comparat
2775 4793 3109 4854 Ahimelech,
3138 4801 3190 4845 et
3217 4793 3378 4860 lignis
3409 4794 3752 4849 silvestribus

483 4861 631 4935 viros
672 4861 911 4935 Sicbem.
942 4861 1038 4915 Sin
1082 4863 1275 4935 minus,
1308 4862 1384 4935 ait
1418 4860 1696 4935 parabole,
1732 4863 2038 4935 egrediatur
2067 4864 2204 4935 ignis
2244 4864 2547 4935 eff/iamne,
2574 4869 2622 4915 et
2671 4865 2944 4915 consumat
2993 4862 3147 4935 ιὶςιητιΔ
3175 4864 3350 4926 silum;
3381 4873 3473 4916 aut
3515 4880 3543 4916 e
3572 4865 3754 4935 lignis,

484 4941 535 4987 et
568 4932 777 4986 devoret
823 4933 1106 4985 rhamnum
1137 4934 1178 4983 ².
1215 4930 1372 4997 Quod
1413 4941 1468 4985 et
1502 4929 1704 4985 factum
1753 4929 1854 4986 est.
1902 4932 2039 4986 Cum
2087 4929 2233 4986 enim
2275 4933 2587 4987 Sichemita:
2629 4945 2817 4987 contra
2852 4929 3170 4987 Abimelech
3205 4934 3524 4988 seditionem
3564 4929 3755 4990 move-

484 5011 631 5066 rent,
665 5003 757 5058 hic
792 5004 1091 5057 exercitum
1112 5012 1312 5072 contra
1354 5016 1451 5056 eos
1477 5002 1653 5072 duint,
1695 5010 1748 5055 et
1781 5003 1925 5072 ligna
1955 5003 2163 5057 caedere
2196 5004 2454 5058 omnibus
2492 5003 2802 5070 imperavit,
2854 5013 2914 5057 ut
2952 5002 3170 5057 Sichcm
3220 5009 3631 5058 combusturus.
3675 5005 3754 5059 llli

483 5073 617 5128 νει-ὀ
646 5074 715 5128 ad
751 5074 946 5127 turrim
992 5071 1393 5141 confugerunt;
1432 5071 1505 5125 ibi
1540 5070 1854 5126 Abimelech
1891 5074 2014 5142 igne
2050 5074 2299 5128 immisso
2333 5085 2499 5127 lotam
2551 5074 2742 5127 urbem
2782 5075 3005 5129 delevit.
3039 5072 3266 5127 Femina
3298 5083 3479 5128 autem
3528 5090 3663 5129 saxo
3699 5076 3753 5128 in

484 5152 649 5212 caput
688 5145 829 5214 regis
855 5145 1044 5210 misso,
1076 5143 1198 5196 vita:
1228 5143 1348 5211 ejus
1377 5144 1533 5214 linem
1575 5144 1853 5214 imposuit,
1889 5144 2192 5197 secundum
2221 5142 2470 5199 Jonatbae
2516 5143 2723 5198 dictum
2758 5158 2771 5195 :
2820 5143 2980 5198 Pater
3008 5158 3166 5198 meus
3195 5144 3414 5199 Gedeon
3457 5160 3557 5214 pro
3590 5145 3756 5200 Israel

483 5215 537 5268 in
572 5215 825 5268 manibus
865 5215 1000 5268 meis
1047 5224 1297 5268 mortuus
1325 5221 1446 5283 est;
1491 5213 1839 5267 interfecislis
1875 5222 2055 5267 autem
2101 5216 2243 5267 ﬁlios
2276 5214 2395 5283 ejus
2436 5214 2779 5283 septuaginta
2809 5230 2975 5283 super
3010 5230 3177 5268 unum
3212 5215 3466 5283 lapidem.
3505 5213 3756 5283 Quapro-

485 5294 604 5354 pter
627 5285 703 5338 ait
739 5284 844 5337 illis
871 5283 1248 5338 maledicendo
1287 5300 1299 5336 :
1337 5282 1394 5336 Si
1430 5291 1587 5354 recte
1607 5292 1661 5337 et
1692 5284 1899 5352 absque
1940 5285 2071 5338 vitio
2127 5282 2358 5353 egistis,
2391 5282 2601 5354 gratam
2636 5284 2832 5339 habeat
2867 5282 3127 5339 Dominus
3155 5282 3433 5339 victimam
3472 5282 3753 5354 vestram;

485 5353 567 5409 Sin
592 5354 800 5417 minus,
845 5355 985 5423 ignis
1014 5362 1172 5408 exeat
1197 5370 1264 5409 ex
1294 5353 1634 5418 Abimelech,
1670 5365 1724 5408 et
1744 5354 1969 5409 devoret
2005 5355 2226 5409 Sichem
2255 5372 2269 5415 ;
2300 5364 2354 5408 ct
2382 5353 2448 5408 ex
2477 5354 2718 5419 Sichem,
2761 5364 2815 5408 et
2841 5356 3067 5409 devoret
3098 5355 3433 5409 Abimclech.
3469 5353 3597 5409 Haec
3630 5358 3753 5422 qui-

486 5425 604 5478 dem
637 5424 800 5478 verba
833 5423 1123 5495 Jonalhan:
1159 5424 1455 5494 Gregorius
1494 5424 1842 5495 venerandus
1887 5427 2119 5495 rbainno
2167 5435 2453 5494 comparat
2493 5441 2588 5480 eos
2621 5427 2716 5493 qui
2752 5426 2961 5479 nullum
3010 5425 3228 5479 virtutis
3271 5425 3512 5480 fructum
3561 5426 3755 5495 produ-

488 5505 690 5557 centes,
725 5509 969 5549 summas
1000 5496 1053 5548 in
1088 5493 1331 5549 Ecclesia
1366 5495 1662 5564 dignitates
1696 5494 1971 5548 all'ectant.
2009 5493 2411 5550 Gravissimum
2450 5505 2634 5549 autem
2662 5505 2747 5549 est
2777 5496 2924 5564 quod
2968 5496 3197 5551 scientia
3225 5496 3463 5550 imbutos
3495 5506 3549 5549 et
3564 5493 3753 5565 'gratia

450 5565 823 5679 fibundantes
847 5566 1173 5620 adoriuntur
1203 5566 1456 5621 homines
1488 5565 1701 5630 inculti,
1742 5580 1810 5621 ex
1835 5565 2057 5621 illorum
2088 5566 2355 5623 modestia
2378 5566 2613 5637 propriae
2634 5566 2962 5637 arrogantia:
2995 5567 3283 5623 materiam
3312 5566 3752 5637 suppeditantes.

561 5693 587 5727 ί
623 5692 760 5751 Luc.
788 5712 906 5763 nx,
937 5698 994 5755 8.
1074 5701 1095 5730 ²
1124 5698 1303 5756 Judic.
1335 5717 1411 5767 ιιι,
1445 5701 1478 5755 8
1510 5718 1636 5772 sqq.

580 5806 663 5877 (1)
694 5807 900 5867 Desunt
934 5814 986 5868 in
1020 5816 1207 5873 codice
1236 5815 1445 5887 paginae
1467 5827 1720 5888 quatuor.
