4182 6362
391 391 498 448 ωδ

389 516 484 570 καὶ
541 512 908 577 πλουτοῦντας
952 512 1030 584 τῷ
1058 511 1202 584 λόγῳ
1224 511 1325 582 τῆς
1349 513 1570 584 χάριτος
1597 513 1973 583 ἀπωθούμενοι

389 604 747 676 πολυτρόπως
769 604 1013 668 κακίζειν
1041 604 1418 672 ἀγωνίζονται,
1437 605 1535 674 τὴν
1561 605 1784 657 ἐκείνων
1821 605 1976 656 εὐλά-

389 698 542 751 ϐειαν
596 699 695 768 τῆς
758 697 966 760 οἰκείας
1025 696 1339 760 ἀλαζονείας
1399 697 1789 768 περισσοτέραν
1845 696 1976 766 ὓλην

389 790 888 853 κατασκευάζοντες
916 792 963 842 οἱ
985 790 1316 843 ἀπαίδευτοι.
1352 789 1472 842 Τῶν
1499 789 1606 862 γάρ
1634 791 1801 855 ὅντως
1816 791 1977 844 ὁσίων

391 881 647 951 εὐλαϐείᾳ
679 881 846 952 συζῇν
894 881 1360 952 προαιρουμένων,
1397 883 1490 935 καί
1523 883 1614 935 τοῦ
1648 883 1844 952 μᾶλλον
1881 883 1979 954 ἄρ-

395 974 582 1045 χεσθαι
606 977 1017 1045 προτιμώντων,
1040 976 1135 1026 καὶ
1150 975 1226 1046 τῷ
1243 977 1340 1042 τῆς
1371 975 1505 1039 ἰδίας
1532 977 1731 1046 ἀρετῆς
1748 977 1976 1046 εὐφραι-

395 1067 634 1135 νομένων
657 1065 870 1136 καρπῷ,
897 1067 1244 1136 προπηδῶσιν
1274 1068 1324 1118 oi
1368 1066 1618 1136 ἀμαθεῖς,
1647 1063 1735 1120 οἷα
1770 1068 1866 1136 μὲν
1893 1066 1980 1119 λέ-

393 1172 603 1226 γοντες,
641 1151 728 1210 οἷα
754 1157 812 1210 δὲ
838 1158 1186 1227 πράττοντες,
1227 1159 1273 1210 οἱ
1300 1157 1409 1210 τῶν
1443 1158 1700 1222 ἐπιδόξων
1729 1157 1978 1222 κόλακες,

394 1245 535 1300 ὥστε
562 1247 718 1319 δόξης
741 1249 1042 1319 ἀντιτυχεῖν
1064 1243 1131 1320 ἦς
1157 1249 1363 1313 ἀνάξιοι
1388 1248 1806 1318 καθεστήκασιν.

394 1400 502 1454 724
538 1403 607 1454 El
627 1400 696 1453 δὲ
721 1400 1057 1470 κράτιστος.
1087 1398 1260 1468 αὖθις
1286 1403 1356 1456 ἐν
1376 1403 1583 1466 στύλῳ
1615 1402 1811 1470 πυρὸς

398 1470 502 1524 725
548 1472 876 1542 Ἠγουμένῳ
899 1474 1164 1541 πορεύετ’
1203 1472 1453 1541 Ἰσραὴλ
1475 1475 1684 1542 μέγας.

468 1625 654 1697 Στύλῳ
685 1627 821 1698 πρὸς
840 1627 930 1680 τὸν
977 1627 1193 1699 Ἰσραὴλ
1220 1627 1533 1698 καθωδήγει
1563 1625 1981 1697 προπορευόμε-

397 1732 488 1778 νος
537 1716 734 1768 αὑτοῦ·
777 1715 978 1778 Στύλος
1008 1716 1064 1768 δέ
1094 1717 1267 1786 πυρός
1297 1719 1463 1783 ἐστιν,
1511 1717 1665 1787 φησι,
1706 1720 1818 1778 τοῖς
1857 1717 1981 1786 ὁδη-

398 1807 683 1877 γουμένοις
715 1808 978 1879 πρόεδρος
1023 1808 1282 1878 εὐσεϐὴς,
1335 1807 1508 1871 θείαις
1562 1809 1788 1880 ἀρεταῖς
1841 1808 1984 1877 λόγῳ

399 1901 495 1954 καὶ
526 1899 688 1971 σοφίᾳ
716 1901 1148 1972 κεκοσμημένος.

533 2051 809 2123 Πρωτεὺς
837 2052 1139 2123 σοφιστὴς
1163 2055 1251 2118 εὶς
1277 2053 1513 2118 κλοπὰς
1543 2055 1978 2123 μορφωμάτων,

401 2120 505 2191 Z29
546 2123 616 2191 Ἡ
646 2121 744 2174 καὶ
769 2121 1160 2189 Μελάμπους,
1188 2123 1226 2191 ἢ
1260 2140 1349 2189 τις
1380 2120 1562 2189 ἄλλος
1593 2120 1876 2191 ἆοίτατος,

398 2188 502 2245 750
535 2189 732 2244 Πᾶσιν
764 2194 836 2244 τὰ
861 2188 1058 2244 πάντα
1075 2188 1300 2260 ῥᾳδίως
1327 2188 1733 2264 τυποιῗνμενος.

468 2344 659 2396 Κεῖται
687 2346 720 2414 ἡ
743 2343 884 2397 κατά
914 2345 1004 2398 τὸν
1029 2346 1258 2415 Πρωτέα
1278 2347 1373 2400 καὶ
1398 2347 1742 2417 Μελάμποδα
1772 2348 1985 2419 ἱστορία

402 2433 463 2487 ἐν
500 2433 579 2504 τῷ
614 2442 708 2505 μς¹
739 2435 913 2505 λόγῳ’
962 2429 1110 2488 οῦτοι
1155 2437 1211 2488 δέ
1255 2439 1477 2508 μάντεις
1524 2439 1770 2509 ὑπῆρχον
1817 2456 1986 2508 μετα-

401 2525 769 2596 μορφούμενοι
799 2528 937 2598 πρὸς
959 2529 1087 2590 τοὺς
1116 2531 1655 2600 παρατυγχάνοντας.
1695 2531 1864 2600 Φησὶν
1892 2527 1986 2583 οὖν

397 2619 427 2670 ὁ
454 2619 594 2682 θεῖος
629 2619 949 2690 Γρηγόριος,
987 2621 1062 2682 ὡς
1101 2623 1148 2673 εἰ
1181 2623 1254 2692 μή
1295 2639 1378 2685 τις
1412 2621 1642 2693 εὐσεϐὴς
1681 2624 1789 2674 τῶν
1825 2639 1986 2694 προε-

401 2711 621 2765 στώτων
659 2713 767 2782 εἴη,
811 2713 1017 2777 τούτοις
1067 2714 1211 2766 ἔοικε
1261 2718 1373 2778 τοῖς
1422 2715 1598 2778 ἄλλως
1629 2715 1817 2770 άλλοτε
1848 2716 1986 2786 πρὸς

398 2802 490 2855 τὸν
524 2805 1013 2875 παρατυγχάνοντα
1043 2805 1459 2876 πλαττομένοις.

540 2958 960 3032 Ζεῦξίςᾼτιςηῆ
989 2961 1400 3032 Πολύκλητος,
1438 2961 1478 3029 ἤ
1505 2980 1595 3028 τις
1628 2962 1981 3032 Εὐφράνωρ,

552 3028 822 3100 Ἀλλ’-,ὂς
840 3029 955 3100 μὲν
986 3026 1273 3098 ἀνθηραῖς
1297 3049 1360 3084 τε
1394 3026 1488 3085 καί
1512 3026 1902 3099 πανταὶτὲιίοις

541 3098 771 3169 βαφαῖς
803 3095 1040 3169 ᾶξιιορφα
1065 3095 1285 3168 σώματ’
1319 3100 1687 3168 ἐξεργάζεται
1711 3119 1722 3130 ·

540 3165 652 3241 Ὧν
666 3165 1076 3241 Καλλίμαχος,
1106 3165 1335 3237 Κάλαΐς
1371 3165 1430 3224 τί
1446 3165 1668 3241 ἤστην,
1695 3175 1772 3238 ὡς
1803 3173 1983 3241 δοκῶ,

543 3240 728 3309 Μόγις
758 3238 1088 3310 γράφοντες
1115 3244 1354 3307 εἰκόνας
1386 3238 1505 3295 τῶν
1534 3238 1784 3296 εἰκόνων
1806 3261 1819 3274 ο

403 3305 507 3361 746
541 3305 816 3377 Τοιοῦτός
847 3305 980 3364 ἐστι
1013 3305 1134 3377 πᾶς
1158 3311 1314 3380 ἀνὴρ
1331 3305 1752 3382 πολύτροπος.

476 3443 553 3516 (1)
593 3444 780 3509 Ζεῦξις
805 3447 1009 3509 ἐκεῖνος
1036 3447 1256 3516 ἄριστος
1284 3446 1541 3517 γραφέων
1574 3448 1890 3517 γενόμενος,
1919 3449 1986 3502 τά

407 3537 506 3608 μὲν
539 3537 760 3609 δημώδη
809 3541 902 3592 καὶ
949 3538 1106 3591 κοινά
1149 3540 1248 3591 οὐκ
1299 3538 1562 3610 ἔγραφεν,
1605 3541 1637 3610 ἢ
1692 3541 1791 3593 ὅσα
1843 3542 1984 3594 πάνυ

403 3628 581 3696 ὀλίγα,
625 3630 898 3701 ἣρωας,ῆ
937 3631 1113 3694 θεοὺς,
1147 3631 1180 3701 ἢ
1219 3630 1509 3701 πολέμους,
1567 3633 1651 3686 ἀεὶ
1699 3632 1754 3684 δὲ
1804 3649 1988 3686 καινο-

406 3723 580 3773 ποιεῖν
617 3723 896 3793 ἐπειρᾶτο,
950 3723 1042 3776 καί
1085 3741 1141 3775 τι
1184 3723 1476 3777 ἀλλόκοτον
1532 3725 1846 3796 ἐπινοήσας,
1896 3726 1985 3777 ἐπ’

1413 391 1504 445 AD
1540 390 1850 447 CARMINA
1892 391 1950 446 S.
2007 388 2335 444 GREGORII
2371 386 2624 443 THEOL.

3549 381 3658 438 606

2085 513 2279 581 ἐκείνῳ
2309 510 2408 580 τὴν
2435 513 2533 580 τῆς
2564 509 2759 578 τέχνης
2789 507 3074 578 ἀκρίϐειαν
3104 506 3480 560 ἐπεδείκνυτο·
3523 508 3578 558 ἐν
3601 509 3658 560 δι

2080 601 2190 660 τοῖς
2223 597 2402 660 ἄλλοις
2432 597 2797 668 τολμήμασιν,
2842 597 2936 650 καὶ
2966 596 3185 667 θήλειαν
3221 596 3660 666 ἱπποκένταυρον

2078 692 2106 741 ό
2165 689 2353 753 Ζεῦξις
2408 684 2562 752 οὗτος
2613 687 2905 756 ἐποίησεν,
2962 687 3370 758 ἀνατρέφουσάν
3433 685 3661 758 προσέτι

2083 779 2282 832 παιδίω
2325 777 2744 848 ἱπποκενταύρω
2788 777 2993 848 διδύμω
3040 778 3236 848 κομιδῆ
3288 777 3489 848 νηπίω.
3546 775 3661 844 Τῆς

2080 872 2290 934 εἰκόνος
2318 872 2526 943 ταύτης
2557 873 2893 941 ἀντίγραφος
2929 869 3024 923 νῦν
3051 873 3166 923 ἐστι
3211 869 3487 941 Ἀθήνησι,
3523 867 3661 937 πρὸς

2081 963 2250 1034 αὐτὴν
2278 964 2493 1034 ἐκείνην
2515 963 2734 1033 ἀκριϐεῖ
2759 967 2824 1034 τῇ
2858 963 3074 1036 στάθμῃ
3106 961 3542 1033 μετενηνεγμένη
3561 977 3572 988 ·
3600 959 3662 1012 τὸ

2081 1057 2389 1127 ἀρχέτυπον
2421 1057 2478 1108 δὲ
2526 1057 2658 1109 αὐτὸ
2705 1055 2910 1119 Σύλλας
2953 1059 2980 1109 ὁ
3021 1056 3304 1126 Ῥωμαίων
3357 1053 3661 1126 στρατηγὸς

2081 1150 2302 1218 ἐλέγετο
2340 1150 2479 1220 μετά
2523 1149 2630 1202 τῶν
2675 1149 2849 1203 ἄλλων
2896 1151 2953 1211 ἐς
3013 1148 3245 1202 Ἰταλίαν
3278 1145 3658 1216 πεπομφέναι’

2083 1237 2202 1294 εἶτα
2246 1241 2375 1312 περὶ
2422 1239 2666 1304 Μαλέαν,
2718 1236 2894 1310 οἶμαι,
2947 1238 3256 1308 καταδύσης
3302 1237 3400 1308 τῆς
3439 1235 3664 1298 ὁλκάδος

2082 1330 2382 1384 ἀπολέσθαι
2417 1331 2652 1393 ἅπαντα,
2683 1329 2779 1384 καὶ
2810 1331 2911 1401 τὴν
2936 1331 3182 1400 γραφήνο
3220 1327 3358 1398 πλὴν
3397 1327 3535 1380 ἀλλὰ
3569 1325 3666 1379 καὶ

2080 1424 2180 1494 τήν
2229 1439 2292 1491 γε
2341 1423 2526 1476 εἰκόνα
2566 1423 2666 1494 τῆς
2710 1421 2938 1485 είκόνος,
2987 1422 3062 1485 ὡς
3111 1416 3224 1474 οἷόν
3255 1437 3334 1484 τε,
3377 1419 3537 1484 δείξω
3587 1419 3666 1488 τῷ

2080 1513 2254 1584 λόγῳο
2308 1514 2432 1566 Ἐπὶ
2476 1513 2638 1585 χλόης
2685 1512 2945 1576 εὐθαλοῦς
2976 1515 3009 1583 ἡ
3057 1513 3354 1582 κένταυρος
3388 1509 3529 1579 αῦτη
3571 1525 3668 1562 πε-

2081 1607 2328 1678 ποίηται,
2355 1607 2450 1678 ὅλῃ
2486 1608 2582 1677 μὲν
2605 1609 2671 1678 τῇ
2707 1607 2860 1676 ἵππῳ
2890 1605 3063 1676 χαμαὶ
3101 1604 3352 1675 κειμένη,
3395 1603 3490 1655 καῖ
3527 1601 3665 1654 ἀπο-

2081 1698 2332 1751 τέτανται
2353 1701 2432 1762 είς
2456 1699 2699 1751 τούπίσω
2717 1698 2766 1750 οἰ
2796 1698 2955 1766 πόδες
2976 1715 2987 1726 ·
3024 1696 3084 1749 τὸ
3109 1696 3165 1748 δὲ
3194 1697 3506 1763 γυναικεῖον
3543 1693 3668 1746 ὅσον

2085 1788 2275 1858 αὐτῆς,
2308 1788 2493 1858 ἡρέμα
2532 1789 2834 1860 ἐπήγερται
2869 1789 2965 1840 καὶ
2997 1786 3086 1839 ἐπ’
3117 1785 3366 1854 ἀγκῶνός
3398 1767 3547 1837 ἐστιν
3567 1801 3580 1814 ·
3617 1783 3668 1837 οἰ

2084 1879 2140 1932 δὲ
2178 1880 2336 1943 πόδες
2365 1881 2414 1932 οξ
2450 1879 2758 1951 ἔμπροσθεν
2783 1881 2884 1932 οὐκ
2927 1880 3006 1932 ἔτι
3059 1879 3154 1930 καὶ
3186 1877 3340 1930 αὐτοὶ
3387 1876 3669 1945 ἀποτάδην

2084 1963 2196 2021 οἷον
2242 1968 2338 2021 ἐπὶ
2381 1969 2624 2039 πλευράν
2673 1969 2964 2038 κειμένης·
3007 1966 3126 2019 ἀλλ’
3170 1967 3198 2018 ὁ
3251 1965 3348 2036 μὲν
3382 1961 3668 2026 ὀκλάζοντι

2085 2061 2230 2112 ἐοικε
2254 2059 2541 2130 καμπύλος
2579 2058 2964 2129 ὑπεσταλμένῃ
2987 2060 3052 2130 τῇ
3099 2057 3261 2126 ὁπλῇ,
3290 2058 3317 2108 ὁ
3343 2056 3389 2108 δ’
3429 2054 3668 2125 ἔμπαλιν

2086 2150 2441 2203 ἐπανίσταται
2491 2151 2585 2203 καὶ
2627 2149 2721 2202 τοῦ
2769 2149 3000 2216 ἐδάφους
3051 2144 3511 2216 ἀντιλαμϐάνεται
3556 2141 3670 2196 οἷόν

2086 2248 2226 2299 είσιν
2259 2244 2417 2296 ἵπποι
2456 2240 2792 2313 πειρώμενοι
2828 2239 3110 2309 ἀναπηδᾷν
3131 2257 3144 2270 ο
3183 2241 3296 2291 τοῖν
3321 2239 3561 2306 νεογνοῖν
3591 2237 3669 2300 δὲ,

2085 2336 2147 2390 τὸ
2178 2336 2275 2405 μὲν
2309 2334 2421 2388 ἀνω
2448 2333 2563 2403 ἔχει
2597 2331 2736 2402 αὑτὴ
2765 2333 2823 2384 ἐν
2864 2333 2985 2395 ταῖς
3017 2330 3289 2398 ἀγκάλαις
3318 2330 3413 2382 καὶ
3445 2327 3670 2398 στρέφει

2086 2425 2454 2497 ἀνθρωπικῶς
2492 2426 2765 2497 ἐπέχουσα
2794 2425 2885 2476 τὸν
2915 2424 3226 2490 γυναικεῖον
3254 2421 3479 2491 μαστὸν,
3513 2419 3575 2471 τὸ
3613 2420 3670 2472 δὲ

2085 2516 2270 2587 ἕτερον
2287 2519 2351 2569 ἐκ
2374 2515 2476 2586 τῆς
2497 2517 2666 2568 ἵππου
2717 2513 2961 2586 θηλάζει,
2980 2515 3060 2574 εἰς
3075 2513 3168 2565 τὸν
3191 2510 3669 2580 πωλικὺντρόπον·

2085 2608 2198 2662 ἄνω
2225 2607 2282 2659 δὲ
2319 2608 2418 2676 τῆς
2460 2607 2669 2669 εἰκόνος
2690 2601 2802 2658 οἷον
2827 2604 2936 2658 ἀπό
2985 2620 3131 2666 τινος
3162 2603 3372 2671 σκοπῆς
3412 2601 3674 2654 ἱπποκέν-

2085 2699 2283 2769 ταυρός
2302 2715 2388 2761 τις
2411 2699 2551 2768 ἀνὴρ
2581 2698 2796 2767 ἐκείνης
2823 2695 3024 2767 δηλαδὴ
3049 2695 3150 2764 τῆς
3175 2693 3243 2746 τὰ
3273 2693 3446 2764 βρέφη
3487 2693 3673 2762 άμφου

2085 2787 2322 2858 τέρωθεν
2354 2787 2770 2858 τιθηνουμένης,
2823 2787 3116 2839 ἐπικύπτει
3163 2784 3360 2854 γελῶν,
3391 2783 3490 2853 οὐχ
3535 2781 3676 2844 ὅλως

2087 2877 2432 2947 φαινόμενος,
2465 2877 2577 2929 ἀλλ’
2603 2879 2684 2939 εἰς
2716 2875 2902 2946 μέσον,
2932 2875 3025 2928 τὸν
3059 2874 3410 2936 ἱππολέοντος
3434 2871 3676 2941 σκύμνον

2087 2968 2227 3038 ἔχων
2265 2972 2333 3040 τῇ
2380 2969 2550 3039 δεξιᾷ,
2590 2969 2683 3021 καὶ
2718 2969 2856 3040 ὑπὲρ
2899 2967 3062 3020 αὑτὸν
3109 2965 3330 3037 αἰωρῶν
3380 2965 3457 3028 ὡς
3505 2963 3674 3018 δεδεί·

2091 3058 2243 3123 ξαιτο
2282 3058 2354 3112 τὰ
2387 3058 2564 3131 βρέφη
2584 3077 2598 3090 ο
2637 3058 2700 3111 τὸ
2727 3059 2784 3112 δὲ
2823 3058 3138 3129 θαυμαστὸν
3165 3057 3260 3110 τοῦ
3295 3055 3566 3120 Ζεύξιδος,
3589 3055 3675 3109 ὅτι

2087 3151 2147 3202 ἐν
2185 3151 2285 3221 μιᾷ
2316 3150 2570 3203 ὑποθέσει
2597 3151 2658 3202 τὸ
2699 3149 2944 3202 ποικίλον
2981 3148 3083 3216 τῆς
3113 3148 3308 3219 τέχνης
3334 3146 3674 3210 ὑπεδείξατο,

2087 3243 2180 3294 τὸν
2215 3243 2314 3312 μὲν
2355 3243 2520 3296 ἵππον
2549 3244 2739 3313 ἄγριον
2759 3241 2916 3312 ὄμμα
2942 3240 3208 3312 θηριῶδες
3228 3259 3242 3271 ο
3275 3239 3374 3310 τὴν
3404 3239 3462 3292 δὲ
3496 3237 3664 3293 ἵππον

2091 3334 2362 3405 ἡμίτομον
2393 3333 2629 3404 ὕπερθεν
2665 3333 2924 3402 γυναικός
2945 3350 2957 3362 ·
2990 3333 3090 3385 ὅσα
3111 3331 3168 3384 δὲ
3207 3330 3314 3383 τῶν
3339 3329 3524 3383 νώτων
3547 3327 3673 3391 ἔξω,

2095 3426 2412 3498 σατυρώδη’
2456 3424 2704 3489 Ζεύξιδος
2737 3424 2796 3477 δὲ
2837 3425 3006 3478 εἰκόνι
3050 3421 3340 3486 ἀπεικάζει
3379 3419 3673 3491 Γρηγόριος

2092 3519 2200 3572 τῶν
2238 3517 2550 3571 ἐπισκόπων
2579 3517 2708 3588 περὶ
2730 3517 2831 3588 τὴν
2871 3515 3098 3586 γνώμην
3129 3515 3192 3567 τὸ
3219 3512 3555 3584 πολύτροπον
3581 3511 3672 3564 καὶ

2093 3610 2408 3665 ἀσύνθετον.

411 4008 551 4064 Dum
585 4014 728 4066 enim
763 4028 890 4066 vere
917 4013 1155 4083 iengiosi
1183 4015 1365 4082 pietati
1403 4007 1500 4067 soli
1535 4009 1776 4072 student.
1807 4023 1860 4067 et
1894 4013 2160 4066 fructibus
2200 4023 2459 4068 virtutum
2494 4027 2716 4083 suarum
2750 4008 3009 4083 gaudent,
3049 4008 3300 4083 homines
3325 4006 3487 4059 rudes
3521 4019 3580 4059 se
3606 4004 3659 4057 in

415 4085 787 4148 spectaculum
821 4085 972 4146 dant,
1011 4080 1114 4136 alia
1167 4080 1471 4148 loquentes,
1515 4087 1615 4136 alia
1660 4085 1949 4145 facientes;
1981 4098 2268 4152 procerum
2320 4093 2499 4138 autent
2550 4081 2778 4150 gratiam
2830 4080 3158 4134 blandiendo
3205 4085 3545 4145 aucupantur
3601 4086 3662 4129 ut

410 4152 516 4221 ipsi
547 4154 613 4206 ad
642 4155 984 4223 dignitatem,
1014 4170 1119 4222 qua
1157 4155 1360 4224 indigni
1383 4164 1530 4216 sunt,
1563 4156 1880 4207 ascendant.

483 4288 666 4345 lsraeli
690 4293 942 4348 columna
967 4297 1107 4349 viam
1132 4295 1605 4362 prsemonstrabat.
1649 4293 1915 4349 Columna
1957 4294 2112 4365 ignea
2157 4296 2258 4350 iter
2284 4292 2612 4348 facientibus
2647 4301 2730 4346 est
2770 4290 3000 4346 antistes
3043 4289 3187 4358 pius,
3223 4283 3423 4340 divinis
3447 4280 3666 4337 virtuti-

411 4357 535 4424 bus,
561 4371 742 4417 mente
770 4372 826 4418 et
862 4357 1474 4434 sapientia-exornatus.

481 4501 722 4575 Historia
746 4503 812 4575 de
840 4503 1174 4571 Melampode
1215 4515 1267 4558 et
1293 4504 1488 4558 Proteo
1529 4506 1580 4558 in
1612 4507 1854 4560 carmine
1882 4506 2046 4560 XLVI
2087 4508 2303 4575 legitur.
2336 4504 2500 4560 Vates
2540 4520 2682 4558 unus
2709 4512 2763 4557 et
2792 4503 2950 4568 alter,
2982 4503 3048 4575 iis
3090 4515 3230 4575 quos
3249 4498 3454 4575 obvios
3475 4495 3667 4575 iube-

411 4569 564 4646 bant,
598 4574 764 4646 variis
793 4574 968 4646 induti
998 4568 1199 4646 formis
1214 4575 1574 4646 apparebant.
1611 4575 1908 4643 Gregorius
1938 4580 2052 4631 [NEC
2085 4595 2098 4631 :
2135 4568 2193 4632 Si
2225 4578 2350 4646 quis
2377 4576 2688 4630 antistitum
2716 4590 2824 4628 non
2853 4584 2938 4628 est
2965 4568 3118 4642 pius,
3137 4571 3336 4626 similis
3360 4578 3444 4623 est
3473 4568 3540 4620 iis
3568 4569 3668 4635 qui

410 4643 590 4696 obviis
620 4644 780 4696 modo
821 4645 968 4697 hunc
1000 4643 1164 4696 modo
1191 4645 1341 4697 illum
1374 4645 1579 4698 vultum
1610 4657 1936 4700 monstrant.

481 4784 702 4858 zenxis,
735 4785 908 4858 pictor
949 4786 1364 4858 celeberrimus,
1403 4804 1511 4841 non
1558 4788 1875 4856 quotidiana
1909 4798 1964 4842 et
1994 4789 2124 4844 vilia
2162 4789 2355 4858 pinxit,
2389 4797 2483 4842 aut
2511 4802 2673 4856 supra
2713 4786 2934 4858 modum
2980 4785 3126 4846 trita,
3153 4793 3230 4858 _nt
3264 4784 3477 4858 lter-nes,
3511 4783 3663 4848 deos,

409 4856 626 4927 prwlia,
663 4856 757 4927 sed
793 4871 926 4927 nova
958 4857 1229 4924 quaesivit,
1263 4867 1316 4911 et
1345 4853 1666 4927 singularia,
1690 4861 1892 4926 quibus
1927 4861 2060 4913 solis
2096 4853 2371 4913 solertiam
2412 4853 2722 4921 impendere
2757 4856 3104 4922 dignabatur.
3148 4853 3239 4927 _Sic
3273 4854 3666 4927 hippocentau—

411 4924 530 4979 i'um
564 4925 837 4979 l'emellam
872 4926 1066 4993 pinxit,
1105 4928 1280 4993 pullos
1310 4924 1457 4982 duos
1486 4924 1814 4981 nutrienieni
1861 4929 2152 4982 admodum
2186 4929 2430 4983 tenellos.
2464 4927 2639 4993 llujus
2681 4927 2908 4994 pictura:
2949 4925 3228 4994 exemplar
3260 4938 3406 4976 nunc
3434 4924 3664 4994 Athenis

407 5004 494 5068 est
521 4996 856 5068 illamquam
888 4994 1086 5050 Zeuxis
1111 4995 1334 5068 fecerat,
1365 5007 1551 5051 exacte
1587 4999 1919 5068 exprimens.
1949 4997 2098 5052 lianc
2124 4999 2267 5052 enim
2308 4998 2474 5068 Sylla,
2514 5001 2882 5068 Romanorum
2914 4994 3046 5068 dux,
3068 4994 3120 5068 in
3153 4993 3359 5068 Italiam
3389 5009 3510 5044 cum
3545 4993 3670 5048 aliis

411 5066 630 5120 misisse
662 5064 969 5131 ferebatur;
1000 5067 1154 5120 navis
1188 5077 1369 5120 autem
1401 5068 1546 5120 circa
1583 5063 1806 5120 Maleam
1870 5068 2040 5122 fracta
2089 5079 2195 5132 est,
2223 5078 2278 5121 et
2327 5063 2533 5128 omnia,
2561 5082 2684 5119 eum
2723 5065 2902 5118 tabula
2940 5067 3052 5127 ipsa
3097 5063 3451 5127 interierunt;
3501 5078 3665 5129 quam

413 5145 593 5206 tamen
622 5146 682 5188 ut
713 5143 769 5188 ut
798 5146 1008 5206 potero,
1049 5137 1376 5190 describam.
1407 5136 1712 5190 Centaurus
1746 5137 1946 5190 femina
1990 5139 2139 5191 humi
2188 5139 2334 5206 jacet
2381 5153 2544 5206 super
2587 5137 2842 5206 gramine
2867 5134 3066 5206 spisso,
3103 5133 3330 5206 pedibus
3367 5141 3666 5185 retrorsum

414 5205 616 5276 versis:
646 5205 931 5276 muliebria
960 5223 989 5258 e
1024 5206 1145 5258 loco
1185 5207 1370 5260 nativo
1402 5217 1684 5274 promota:
1721 5209 1884 5276 pedes
1914 5202 2218 5262 anteriores
2247 5208 2326 5262 sic
2353 5219 2412 5261 ut
2434 5202 2686 5276 convenit
2713 5205 2896 5276 bestia:
2917 5204 3192 5276 inclinata;
3223 5203 3276 5276 in
3307 5202 3487 5276 latus;
3521 5217 3666 5276 unus

411 5274 833 5347 quidein,_calce
867 5284 1012 5328 retro
1037 5291 1190 5329 versa
1228 5271 1536 5329 subsultare
1564 5271 1796 5341 videtur,
1823 5279 1958 5331 alter
1986 5279 2243 5347 gradivus
2275 5288 2334 5332 ut
2363 5278 2487 5347 equi
2521 5275 2718 5330 saltum
2739 5273 2949 5347 daturi.
2980 5272 3018 5324 E
3050 5272 3280 5340 geminis
3307 5271 3469 5347 pullis
3499 5273 3664 5347 alium

412 5339 712 5416 submissis
741 5361 893 5398 more
932 5349 1172 5398 humano
1206 5347 1460 5400 mammis
1499 5349 1690 5411 nutrit,
1733 5339 1962 5400 alterum
1987 5339 2154 5402 vmore
2182 5339 2428 5416 equinof
2465 5347 2695 5400 Sursum
2739 5339 3201 5416 liippocenta’nrus
3243 5356 3361 5394 mas
3392 5339 3664 5416 [einellaui

414 5415 663 5487 geminos
701 5415 1146 5487 lactantem‘cum
1183 5416 1298 5487 risu
1346 5417 1602 5487 respicit;
1635 5410 1700 5470 ad
1743 5418 1980 5470 medium
2024 5433 2200 5487 usque
2226 5410 2428 5485 corpus
2461 5417 2715 5487 visibilis,
2752 5410 3003 5467 a’dextra
3048 5413 3254 5487 leonem
3285 5410 3526 5487 catulum
3563 5410 3662 5462 lia--

415 5479 570 5538 Dens.
601 5481 658 5557 In
685 5485 811 5557 _hac
842 5483 1100 5538 Zeuxidis
1127 5485 1308 5538 tabula
1348 5485 1400 5537 id
1430 5479 1773 5557 potissimum
1805 5479 2283 5557 mirandum-quod
2307 5479 2443 5542 artis
2469 5484 2652 5539 omnia
2685 5499 2882 5553 genera
2915 5499 3024 5536 uno
3053 5482 3243 5557 obtutu
3275 5479 3510 5557 discerni
3543 5495 3666 5557 βεδε-ι

414 5563 544 5627 sunt
585 5571 598 5607 :
640 5553 772 5627 liinc
809 5570 983 5627 equus
1013 5564 1164 5607 torva
1194 5564 1377 5627 tuens,
1410 5548 1560 5610 iilinc
1589 5573 1727 5624 equa
1759 5557 2084 5626 semisecta;
2122 5548 2266 5627 quod
2307 5558 2444 5610 citra
2475 5548 2710 5612 dorsum'
2742 5563 2846 5621 est,
2875 5563 3117 5623 satyrum
3150 5548 3334 5606 refert.
3373 5548 3667 5620 Gregorius

414 5621 545 5678 huic
581 5624 779 5678 tabula:
807 5621 1082 5693 ingenium
1121 5625 1500 5694 episcoporum
1535 5621 1785 5684 versatile
1817 5635 1870 5682 et
1899 5621 2154 5685 instabile
2179 5638 2479 5699 comparat.

487 5835 562 5910 (Ι)
597 5834 672 5889 lix
703 5833 945 5894 aniano
976 5837 1029 5892 in
1055 5838 1306 5893 Zeuxim.
