4182 6362
396 361 505 414 609

396 472 604 544 θερίας,
636 473 697 525 ού
734 472 873 529 κατὰ
914 473 1003 526 τὸν
1045 472 1227 527 Χαλέϐ
1254 475 1347 527 καὶ
1384 476 1592 545 Ἰησοῦν
1625 477 1724 548 τὴν
1754 480 1975 550 ἀρετὴν,

396 564 536 618 ἀλλὰ
575 565 715 619 κατά
759 567 886 627 τοὺς
937 567 1263 637 εἰρημένους
1292 568 1622 636 Αἰγυπτίους
1654 570 1861 639 μάγους
1885 572 1978 624 καὶ

297 667 306 674 “
395 659 716 728 τυράννους,
738 658 884 711 τοῦτ’
912 657 1060 711 ἐστιν
1094 660 1368 729 ’Ἄμμωνα
1394 659 1488 712 καὶ
1521 659 1864 731 Ἀπάμμωνα
1886 662 1979 715 καὶ

400 748 718 818 Ἀρποκραν
772 747 865 800 καὶ
905 747 1155 799 Στίππαν
1202 749 1297 801 καὶ
1340 747 1597 813 Ῥόδωνα,
1642 748 1887 803 Ἀνούειν
1917 768 1977 804 τε

396 842 491 892 καὶ
554 838 920 910 Ἐρμανούόιν
952 840 1079 901 τοὺς
1113 838 1565 910 πιθηκομόρφους
1601 843 1695 895 καὶ
1720 842 1978 907 κυνώδεις

397 929 554 993 θεοὺς
577 930 683 982 τῶν
707 929 1041 997 Αἰγυπτίων.
1075 930 1320 983 ’Λνούϐιν
1354 931 1452 1002 μὲν
1473 929 1566 986 οὖν
1590 935 1682 987 τὸν
1706 935 1979 1005 Ἡρακλέα

398 1022 654 1076 καλοῦσιν
683 1022 991 1089 Αἰγύπτιοι,
1023 1021 1304 1092 ἀθλήσεως
1332 1024 1425 1077 καὶ
1456 1026 1734 1093 στεφάνων
1764 1027 1975 1097 καὶτῆς

398 1114 530 1183 περὶ
561 1114 629 1166 τὰ
664 1113 889 1166 τοιαῦτα
922 1114 1209 1184 ἀσκήσεως
1241 1115 1438 1187 ἔφορον
1477 1118 1607 1171 ὄντα
1635 1117 1901 1186 λέγοντες.

394 1228 504 1282 865
546 1228 677 1281 Νῦν
703 1226 757 1279 δ’
792 1223 942 1296 ἧκεν
971 1226 1118 1295 ἡμῖν
1148 1228 1378 1297 ἔλαφος
1409 1229 1543 1283 ἀντὶ
1571 1231 1891 1298 παρθένου.

471 1341 600 1394 Ὅτε
634 1338 741 1392 ἀπὸ
788 1340 883 1409 τῆς
927 1340 1174 1405 Ἑλλάδος
1232 1342 1510 1407 ἀπόπλους
1557 1343 1667 1395 τῶν
1709 1344 1977 1417 Ἐλλήνων

399 1433 493 1487 ἐπὶ
523 1433 722 1503 Τροίαν
748 1431 976 1498 ἐγίνετο,
1007 1433 1064 1485 ἐν
1089 1436 1156 1502 τῇ
1185 1434 1369 1487 Αύλίδι
1401 1438 1500 1505 τῆς
1524 1435 1787 1500 Βοιωτίας
1830 1455 1978 1506 γινο-

404 1527 569 1595 μένης
607 1525 701 1577 καὶ
734 1526 832 1595 τῆς
866 1525 1133 1595 θυγατρὸς
1177 1526 1583 1596 Ἀγαμέμνονος
1622 1527 1722 1598 τῆς
1782 1529 1980 1597 Ἰφιγε-

399 1618 547 1680 νείας
570 1618 636 1686 τῇ
679 1617 956 1686 Ἀρτέμιδι
985 1616 1325 1685 ἐπιδοθείσης
1364 1617 1605 1689 τυθῆναι,
1637 1619 1671 1689 ή
1714 1620 1979 1691 ’Ἄρτεμις

397 1708 672 1776 ἐλεήσασα
718 1708 818 1779 τὴν
865 1707 1156 1779 παρθένον,
1211 1710 1449 1781 ἁρπάζει
1500 1712 1601 1781 μὲν
1648 1714 1852 1783 ταύτην
1880 1713 1976 1767 καὶ

399 1799 667 1870 ἀποφέρει
701 1800 852 1870 παρὰ
886 1801 1120 1870 Ταύροις
1152 1804 1209 1855 ἐν
1243 1802 1469 1874 Σκυθίᾳ,
1518 1803 1716 1874 ἔλαφον
1751 1804 1808 1858 δὲ
1857 1806 1978 1860 ἀντὶ

398 1893 499 1961 τῆς
548 1891 821 1961 παρθένου
862 1894 1097 1962 φανῆναι
1157 1894 1437 1965 ἐποίησεν,
1484 1895 1674 1964 ἥντινα
1725 1894 1979 1961 λαὸόντες

400 1980 562 2042 εὐθὺς
592 1980 936 2051 οίίἚλληνες
970 1981 1168 2035 ἔθυσαν
1193 2000 1205 2012 ·
1233 1983 1343 2054 ήδὲ
1378 1983 1665 2053 Ἰφιγένεια
1685 1986 1742 2038 ὲν
1776 1984 1980 2056 Σκυθίᾳ

398 2072 569 2143 ίέρεια
604 2070 671 2142 ἦν
709 2074 809 2143 τῆς
854 2074 1189 2145 Ἀρτέμιδος.
1217 2076 1408 2130 Κεῖται
1452 2076 1509 2131 δὲ
1538 2078 1597 2130 ὲν
1622 2075 1701 2148 τῷ
1731 2076 1801 2141 ξδ’
1837 2076 1980 2150 λόγῳ

400 2165 432 2232 ἡ
466 2163 693 2230 ἱστορία.

401 2254 506 2307 868
536 2251 715 2308 Οἷνόν
735 2272 827 2320 τις
863 2251 995 2308 εἷπε
1025 2257 1346 2326 συμπότης
1375 2258 1616 2313 πάντων
1646 2260 1906 2329 κρατεῖν,

398 2343 506 2397 869
562 2346 786 2409 Ἄλλος
818 2343 1097 2413 γυναῖκα,
1124 2344 1241 2413 τὴν
1270 2347 1322 2399 δ’
1352 2347 1639 2415 ἀλήθειαν
1662 2351 1857 2419 σοφός
1879 2365 1894 2381 ⁸

402 2435 510 2488 870
572 2434 713 2502 Ἐγὼ
750 2435 801 2487 δ’
827 2435 906 2488 ἂν
932 2432 1106 2490 εἷπον
1134 2437 1379 2505 χρυσὸν
1406 2440 1489 2506 ὡς
1518 2442 1642 2509 ἔχει
1682 2439 1916 2508 κράτος.

477 2545 713 2613 Ἔσδρας
750 2547 778 2597 6
815 2545 1167 2615 συγγραφεύς
1200 2564 1387 2618 φησιν,
1416 2549 1498 2602 ὅτι
1521 2552 1673 2620 τρεῖς
1710 2549 1979 2603 νεανίσκοι

399 2634 501 2703 τῆς
521 2636 639 2687 τῶν
657 2636 791 2688 υἱῶν
824 2636 1041 2707 Ἰσραὴλ
1072 2639 1449 2708 αἰχμαλωσίας
1479 2640 1555 2710 τῷ
1583 2640 1789 2711 βασιλεῖ
1813 2642 1980 2710 Κύρῳ

405 2727 695 2789 σπάδοντες
728 2729 863 2797 πρὸς
898 2727 1163 2798 ἀλλήλους
1192 2731 1585 2802 διαλεγόμενοι,
1629 2733 1777 2803 ῥῆμα
1819 2728 1978 2801 σοφὸν

403 2817 803 2889 προϐάλλεσθαι
858 2820 1121 2874 τυποῦσιν
1169 2822 1399 2877 ἕκαστον
1454 2823 1522 2876 δι’
1551 2818 1612 2878 οὗ
1665 2824 1868 2878 δύναιτ’
1913 2824 1979 2877 ἂν

404 2911 877 2980 ἐπαινεθήσεσθαι.
914 2914 972 2969 '0
990 2914 1085 2986 μὲν
1098 2911 1193 2971 οὖν
1209 2909 1837 2986 πρῶτος“Ὑπερισχύει,
1872 2933 1979 2986 φη-

404 3004 510 3066 σὶν,
546 3005 573 3056 6
598 2998 761 3067 οἶτος,
799 3004 893 3056 καὶ
933 3004 1118 3057 τοῦτον
1152 3005 1353 3067 ἱκανῶς
1382 3006 1670 3070 ἀποδείξας
1705 3009 1980 3078 ἰσχυρότε-

405 3112 496 3163 ρον
528 3094 803 3163 ἀπάντων,
845 3098 1101 3167 ἐσίγησεν
1125 3115 1140 3130 ·
1176 3099 1205 3151 6
1238 3098 1293 3151 δὲ
1320 3097 1573 3168 δεύτερος
1615 3097 1752 3167 ἔφη·
1782 3099 1978 3170 Ὑπερ.

406 3185 581 3254 ισχύει
613 3188 747 3256 γυνή
768 3203 779 3215 ’
810 3188 905 3239 καὶ
945 3187 1009 3257 δὴ
1035 3186 1204 3240 πολλὰ
1232 3188 1362 3258 περὶ
1395 3186 1488 3240 τοῦ
1523 3187 1691 3257 μηδὲν
1727 3189 1983 3255 γυναικὸς

404 3276 755 3347 ἰσχυρότερον
781 3272 920 3351 εἶναι
958 3277 1422 3349 προϐαλλόμενος.
1460 3277 1617 3348 ἔληξε
1661 3276 1758 3329 τοῦ
1803 3277 1982 3348 δημη-

1423 361 1515 416 AD
1548 361 1864 419 CARMINA
1897 366 1955 421 S.
1993 364 2326 422 GREGORII
2375 362 2628 419 THEOL.

3550 362 3658 418 Glo

2078 479 2173 532 τοῦ
2212 479 2435 549 αἰτηθὲν
2467 479 2612 550 ἔργῳ
2639 477 2931 548 πληρώσας
2950 495 2963 509 ·
2996 479 3057 533 τὸ
3096 478 3153 533 δὲ
3182 473 3249 549 ἦν
3278 476 3365 531 τὸν
3398 476 3526 531 λαὸν
3552 479 3657 546 τῆς

2078 572 2454 642 αἰχμαλωσίας
2481 572 2705 640 ἀφῆναι,
2737 572 2830 623 καὶ
2863 570 2954 624 τὸν
2982 573 3040 623 ὲν
3095 569 3486 642 Ἱεροσολύμοις
3527 570 3657 625 ναὸν

2080 664 2176 716 σὺν
2205 664 2270 733 τῇ
2305 661 2457 715 πόλει
2485 662 2920 732 ἀνοικοδομῆσαι.
2950 662 3119 732 Φησὶν
3150 658 3243 715 οὖν
3275 663 3303 715 ό
3350 660 3494 725 θεῖος
3521 658 3661 732 Γρη-

2077 754 2283 825 γόριος,
2323 754 2406 807 ὅτι
2437 754 2536 824 τὴν
2568 753 2825 825 ἀλήθειαν
2859 755 3209 824 ὑπερισχύειν
3236 756 3265 807 6
3295 752 3486 817 εἰπὼν,
3534 771 3659 807 πει·

2081 846 2243 909 θανδς
2267 846 2642 900 ἀποδέδεικται
2672 847 2767 900 καὶ
2802 847 2964 915 σοφός
2986 864 3001 879 ο
3036 844 3147 914 ἐγὼ
3172 846 3215 898 δ’
3253 845 3318 898 ἂν
3344 847 3433 898 τὸν
3457 845 3658 916 χρυσὸν

2078 939 2291 1006 εἴποιμι
2340 937 2558 990 πάντων
2604 938 2975 1008 ὑπερισχύειν.
3020 937 3077 1000 ὃς
3123 937 3218 989 καὶ
3255 936 3358 1006 τῆς
3400 936 3656 1007 ἀληθείας

2079 1029 2497 1100 προτιμώμενος
2522 1030 2583 1082 τὸ
2615 1032 2813 1100 κράτος
2836 1029 2979 1100 ἔχειν
3008 1031 3284 1100 πειρᾶται.

2077 1140 2181 1194 919
2219 1144 2309 1204 Τρι
2319 1138 2440 1207 χῶν
2471 1142 2539 1193 ἐν
2566 1137 2662 1206 αἷς
2688 1141 2877 1195 ἔκειτο
2905 1141 2969 1194 τὸ
2994 1143 3233 1195 σθένειν
3263 1142 3446 1208 ἅπαν,

2077 1211 2183 1264 9‘20
2212 1211 2435 1275 Ὥσπερ
2472 1211 2742 1278 λέγουσι,
2772 1210 2852 1275 τῷ
2880 1211 3053 1278 κριτῇ
3080 1211 3341 1280 Σαμψών
3362 1227 3528 1276 ποτε,

2077 1280 2174 1334 921
2240 1283 2349 1332 Ὃν
2377 1282 2414 1348 ἡ
2440 1282 2595 1349 κόμη
2625 1280 2974 1348 προῦδωκεν
3002 1281 3363 1351 ἐξυρημένῃ.

2150 1390 2578 1461 Καθαπτόμενος
2608 1393 2636 1445 6
2669 1391 2811 1456 θεῖος
2843 1392 3142 1463 Γρηγόριος
3171 1392 3264 1444 τοῦ
3288 1392 3511 1446 κυνικοῦ
3540 1394 3661 1447 Μα-

2079 1482 2259 1553 ξίμου,
2292 1484 2348 1537 ἐν
2382 1483 2611 1554 οἰκίσκῳ
2654 1485 2798 1547 τινὸς
2834 1484 3104 1555 χοραύλου
3150 1484 3518 1555 ἀποκαρέντος
3555 1487 3659 1549 (εἰς

2077 1575 2187 1644 γὰρ
2217 1574 2559 1645 πατριάρχας
2594 1574 2788 1627 ἑαυτὸν
2818 1575 3197 1645 ψηφισάμενος
3242 1575 3656 1649 προεϐάλλετο),

2080 1667 2266 1736 φησὶν,
2298 1666 2379 1719 ὅτι
2413 1667 2540 1728 τοὺς
2560 1667 2857 1737 εὐπρεπεῖς
2887 1666 3220 1738 βοστρύχους
3246 1667 3564 1739 ἀπέκειρεν,
3599 1669 3659 1723 ἐν

2077 1755 2162 1822 οἷς
2214 1753 2361 1828 εἶχεν
2404 1758 2465 1811 τὸ
2494 1758 2793 1827 τυφοῦσθαι
2819 1776 2831 1789 ο
2883 1753 2959 1811 ὧν
2988 1759 3333 1812 ἐκκοπέντων
3381 1758 3504 1812 οὔτε
3551 1775 3659 1813 πα-

2078 1850 2344 1921 τριάρχης
2387 1843 2477 1920 ἦν,
2540 1849 2634 1902 καὶ
2668 1850 2765 1920 τῆς
2812 1850 2990 1922 κόμης
3022 1850 3303 1921 ἐστέρητο,
3332 1850 3401 1905 δι’
3425 1846 3492 1923 ἦς
3515 1849 3662 1923 εἶχεν

2077 1940 2143 1994 τὸ
2188 1940 2447 1993 δύνασθαι
2496 1940 2635 2011 πρὸς
2678 1942 2908 2012 αἰσχρὰς
2959 1941 3264 2005 ὑποθέσεις,
3315 1942 3659 2015 χορευτρίαις

2081 2030 2490 2100 συγγινόμενος,
2547 2030 2642 2083 καὶ
2680 2030 2875 2100 γάμων
2923 2030 3121 2100 κόρδαξ
3174 2030 3548 2102 χρηματίζων.
3585 2034 3660 2086 Τὸ

2078 2121 2134 2175 δὲ
2158 2121 2357 2190 λέγειν,
2383 2121 2459 2184 ὡς
2491 2121 2581 2174 τὸν
2609 2121 2849 2192 Σαμψὼν
2878 2122 3034 2191 λόγος
3061 2122 3194 2193 ἔχει,
3237 2123 3358 2177 κατ’
3393 2123 3660 2197 ἀντίφραο

2081 2231 2165 2266 σιν
2191 2216 2386 2266 κεῖται.
2425 2214 2498 2265 Οὐ
2532 2212 2640 2282 γὰρ
2661 2213 2735 2277 ὡς
2761 2213 2855 2266 τοῦ
2893 2213 3036 2266 θείου
3074 2214 3484 2285 καθαπτόμενος
3511 2216 3658 2285 Σαμ-

2078 2304 2216 2375 ψὼν,
2252 2305 2445 2376 ἐκείνῳ
2478 2304 2803 2375 παρεικάζει
2829 2304 2919 2358 τὸν
2967 2303 3239 2377 Μάξιμον,
3288 2305 3403 2359 ἀλλ’
3440 2306 3523 2359 ὅτι
3560 2307 3661 2370 τὰς

2050 2385 2061 2392 ’
2078 2397 2270 2467 τρίχας
2309 2396 2446 2466 πρὸς
2467 2396 2605 2466 ὅπερ
2635 2396 2843 2466 ἔφαμεν
2868 2396 3028 2466 ἔχων,
3051 2398 3404 2468 ἀπεστερεῖτο
3428 2396 3655 2462 τούτων,

2080 2490 2180 2543 καὶ
2202 2488 2311 2541 τῶν
2344 2487 2704 2542 ἐλπισθέντων
2734 2488 3065 2559 διήμαρτενσ
3090 2490 3124 2559 ή
3150 2489 3205 2542 δὲ
3229 2489 3370 2543 κατά
3397 2488 3489 2543 τὸν
3514 2489 3659 2561 ἱερὸν

2081 2579 2322 2651 Σαμψὼν
2366 2579 2576 2651 ἱστορία
2604 2582 2779 2633 κεῖται
2806 2581 2864 2632 ὲν
2893 2578 2972 2651 τῷ
3007 2579 3050 2646 ξ’
3088 2581 3183 2634 καὶ
3213 2587 3283 2634 σε’
3316 2580 3477 2651 λόγῳ.

2080 2695 2219 2747 105%
2261 2694 2323 2747 Τί
2355 2694 2636 2762 Διογένης
2657 2693 2953 2758 τοιοῦτον,
2984 2693 3023 2762 ἢ
3079 2694 3497 2762 Ἀντισθένης;

2081 2765 2220 2851 ἓξὲξ
2252 2764 2406 2851 {fit
2433 2764 2583 2851 “eis
2610 2763 2763 2851 ἡμᾶς
2789 2764 3125 2851 δέίρςίτηςί
3152 2764 3402 2851 διάφερε

2082 2836 2221 2888 1054
2266 2835 2414 2897 Τοὺς
2442 2832 2804 2899 περιπάτους
2827 2832 3144 2898 Πλάτωνος
3160 2848 3173 2861 ·
3199 2833 3381 2887 οὐδὲν
3403 2835 3442 2900 ἡ
3468 2832 3622 2889 στοά
3637 2848 3656 2869 ι

2088 2906 2223 2957 1053
2252 2900 2326 2956 Ὦ
2352 2904 2677 2970 Σώκρατες,
2705 2905 2779 2957 τὰ
2805 2903 3007 2971 πρῶτα
3029 2904 3206 2971 μέχρι
3233 2904 3340 2973 τοῦ
3378 2905 3612 2973 φέροις⁸

2082 2973 2221 3029 ίθῦϐ
2265 2974 2548 3043 Φθέγξοιί
2594 2974 2710 3043 ἐγώ
2734 2991 2790 3027 τι
2818 2974 3175 3042 πιστότερον
3203 2972 3311 3039 τῆς
3334 2972 3581 3041 Πυθίας.

2148 3086 2339 3138 Κεῖται
2366 3086 2398 3155 ή
2424 3084 2551 3155 περὶ
2576 3084 2782 3138 τούτων
2808 3084 3069 3155 ἐξήγησις
3102 3086 3160 3136 ἐν
3191 3084 3269 3154 τῷ
3296 3085 3396 3154 ριθ’
3426 3084 3597 3155 λόγῳ·
3622 3087 3656 3157 ἢ

2076 3175 2135 3228 δὲ
2166 3179 2264 3246 τῆς
2296 3174 2502 3238 Πυθίας
2532 3176 2750 3247 εἴρηται
2782 3176 2880 3259 μὲν
2901 3177 2958 3227 ἐν
2982 3174 3059 3243 τῷ
3091 3175 3162 3240 ξδ’
3190 3175 3352 3245 λόγῳ,
3386 3174 3659 3239 λελέξεται

2077 3267 2135 3319 δὲ
2184 3267 2280 3321 καὶ
2311 3266 2407 3319 νῦν
2446 3266 2829 3337 πλατυτέρως·
2863 3267 3043 3329 Φωκὶς
3082 3265 3234 3337 χώρα
3259 3266 3404 3319 ἐστὶν
3442 3268 3500 3320 ἐν
3537 3266 3658 3319 Ἑλ-

401 3373 613 3439 γερεῖν·
647 3372 675 3422 6
698 3370 756 3421 δὲ
800 3370 1003 3441 τρίτος,
1051 3370 1109 3431 ὃς
1151 3370 1247 3422 καὶ
1287 3369 1593 3439 σοφώτερος
1633 3368 1975 3439 πέφηνε,τὴν
2080 3359 2197 3412 λάδι
2219 3374 2230 3386 ·
2263 3360 2320 3411 ὲν
2343 3357 2515 3429 ταύτῃ
2545 3358 2692 3410 ἐστὶν
2727 3356 2881 3421 πόλις
2911 3356 3218 3426 καλουμένη
3246 3356 3470 3427 Δελφοί’
3500 3359 3558 3411 ἐν
3589 3358 3656 3429 τῇ

403 3455 663 3525 ἀλήθειαν
702 3455 920 3509 πάντων
951 3452 1301 3527 ὑπερισχὺειν
1330 3458 1669 3527 ἀπεφήνατο,
1716 3457 1976 3527 πολυτρό-
2084 3452 2236 3503 πόλει
2269 3451 2442 3523 ταύτῃ
2484 3450 2633 3502 ἐστὶν
2670 3448 2815 3519 ἱερὸν
2840 3447 2935 3501 τοῦ
2976 3447 3327 3510 Ἀπόλλωνος,
3357 3447 3385 3500 ὃ
3411 3447 3658 3501 καλεῖται

406 3563 527 3609 πως
547 3546 763 3599 πάντων
793 3546 901 3599 τῶν
932 3548 988 3599 ἐν
1016 3546 1115 3616 βίῳ
1144 3550 1363 3617 κρατεῖν
1388 3548 1766 3617 παραστήσας.
1792 3546 1978 3615 Τούτῳ
2084 3542 2274 3596 Πυθώ·
2306 3543 2364 3595 ἐν
2388 3541 2562 3612 τούτῳ
2592 3539 2671 3610 τῷ
2701 3540 2830 3610 ἱερῷ
2857 3535 2924 3608 ἦν
2945 3540 2973 3591 ό
2996 3538 3220 3608 τρίπους
3254 3538 3349 3591 καὶ
3376 3540 3432 3591 αί
3464 3553 3656 3608 μαντι-

402 3636 466 3690 δὲ
495 3638 803 3715 νενικηκότι
836 3639 996 3709 χάριν
1023 3640 1051 3690 6
1083 3637 1332 3707 βασιλεὺς
1358 3636 1614 3692 κατέθετο
1639 3636 1700 3689 τὸ
1724 3635 1853 3706 παρ’
1884 3637 1982 3691 αύ-
2085 3634 2178 3688 καὶ
2207 3633 2377 3704 ψῆφοι
2404 3634 2461 3686 ἐν
2503 3634 2572 3704 τῇ
2623 3630 2791 3701 φιάλῃ
2822 3629 2916 3682 τοῦ
2954 3628 3228 3700 τρίποδος.
3269 3628 3463 3682 Ἠνίκα
3498 3624 3593 3682 οὖν
3627 3627 3660 3683 ὁ

396 3890 601 3945 (ὶΙιεΙριι
651 3900 704 3944 et
753 3888 922 3946 Jusue
970 3898 1024 3942 et
1068 3889 1309 3959 parvulis
1364 3904 1555 3942 eorum
1598 3887 1700 3959 qui
1755 3886 2076 3959 dextrama
2115 3887 2389 3950 sinistra.
2438 3888 2489 3944 id
2541 3898 2627 3944 est
2686 3889 2890 3946 bonum
2936 3894 2977 3946 'a
3025 3891 3170 3947 malo
3229 3909 3336 3949 non
3391 3894 3668 3953 disceme-

402 3963 554 4037 liaut.
581 3957 1229 4037 Dicitigtttirﬁregorius,
1249 3960 1463 4037 venisse
1487 3958 1863 4037 exploratores
1889 3959 1954 4037 ad
1975 3957 2280 4037 libertatem
2301 3969 2545 4037 nostram
2566 3962 3004 4037 cognoscendam
3012 4003 3024 4025 ,
3053 3964 3199 4020 viros
3228 3966 3511 4037 non_t_ales.
3533 3983 3666 4037 qua-

399 4033 478 4107 [es
512 4028 1150 4107 Josue_r_t'C_lialeb,sed_
1171 4031 1361 4107 quales
1399 4028 1776 4107 IEgyptiorum
1808 4028 1950 4097 magi
1981 4040 2034 4107 et
2054 4028 2945 4107 tyraiini,__An_im_on,Ainquam,_et
2978 4032 3309 4107 Apammon,
3337 4028 3670 4107 Harpocras,

370 4101 640 4173 -Stippas,
681 4101 938 4167 Rhodon,
971 4098 1206 4167 Anubis,
1248 4098 1635 4162 Hermanubis,
1669 4098 1746 4155 dii
1773 4098 2128 4169 cynocepliali
2173 4109 2228 4155 et
2260 4100 2334 4154 dii
2365 4101 2535 4156 simii.
2580 4098 2799 4156 Anubin
2832 4098 3075 4174 Egyptii
3119 4104 3408 4161 Herculem
3439 4098 3668 4179 appelli;

397 4182 533 4229 tant.
1952 4200 1959 4207 ‘

469 4314 591 4381 Quo
624 4323 867 4382 tempore
894 4309 1091 4382 Graeci,
1112 4309 1296 4382 patria
1327 4307 1542 4382 relicta.
1564 4305 1794 4382 _Trojam
1811 4306 2171 4382 navigabant,
2198 4306 2954 4382 IphigeniaLAgamemnouis
2979 4313 3110 4376 ﬁlia.
3140 4314 3336 4371 Aulide
3359 4317 3411 4370 in
3452 4334 3520 4374 eo
3551 4329 3669 4375 erat

396 4395 458 4439 ut
481 4376 853 4458 immolaretur
875 4376 1169 4458 _Artemh[i;
1200 4381 1293 4434 sed
1315 4380 1416 4434 dea
1441 4379 1733 4458 virginem,
1758 4379 1825 4458 ad
1861 4376 2085 4458 Tauros
2099 4376 2377 4458 transtulit
2397 4376 2727 4458 uLscyuua,
2752 4399 2913 4438 cerva
2944 4387 3263 4453 substitula,
3297 4403 3464 4458 quam
3495 4388 3670 4445 Graaci

394 4456 672 4526 extemplo
704 4454 1078 4508 immolarunt.
1112 4451 1245 4506 Erat
1278 4461 1459 4504 autem
1491 4448 1769 4520 Iphigenia
1806 4449 1864 4503 in
1899 4449 2126 4520 Scythia
2161 4454 2422 4506 sacerdos
2448 4448 2656 4506 Dianae.

470 4593 674 4646 Esdras
705 4606 888 4664 rerum
919 4599 1194 4664 gestarum
1224 4589 1461 4664 scriptor
1489 4589 1603 4643 haec
1626 4596 1824 4664 narrat
1857 4606 1872 4642 ι
1920 4587 2060 4643 Tres
2088 4586 2464 4664 adolescentes
2496 4588 2550 4642 in
2588 4589 2905 4664 captivitate
2930 4588 3098 4664 Israel
3125 4589 3433 4664 Cyriregis
3469 4593 3668 4664 spado-

400 4679 501 4718 nes
542 4665 683 4716 inter
721 4678 780 4716 se
813 4657 1070 4715 dixerunt
1106 4678 1121 4714 :
1151 4657 1506 4730 Profer-amns
1528 4658 1755 4714 verbum
1792 4659 2037 4730 doctum,
2090 4668 2145 4712 et
2179 4657 2494 4730 laudabitur
2530 4658 2625 4730 qui
2654 4657 3095 4730 sapientissimus
3126 4657 3186 4714 in
3208 4657 3561 4718 edissérendo
3587 4664 3668 4719 in-

398 4742 593 4788 ventus
625 4733 811 4786 fuerit.
856 4731 999 4784 Dixit
1026 4730 1234 4800 primus
1271 4746 1285 4783 :
1331 4728 1717 4785 Fortissimum
1759 4737 1848 4784 est
1878 4728 2106 4800 vinum;
2151 4737 2207 4781 et
2240 4728 2333 4782 ubi
2390 4730 2539 4783 clare
2572 4728 2917 4792 allirmasset,
2949 4730 3125 4785 siluit.
3169 4730 3316 4787 Dixit
3352 4734 3625 4789 secundus
3651 4775 3665 4787 .

394 4803 778 4859 Fortissimum
820 4798 1057 4873 femina.
1088 4799 1244 4873 Quod
1276 4800 1368 4853 ubi
1400 4800 1588 4873 multis
1610 4798 1944 4853 testimoniis
1976 4799 2285 4873 probasset,
2308 4811 2499 4873 vocem
2525 4799 2875 4873 corripi-elisit.
2898 4800 3137 4865 Tertius,
3178 4802 3336 4873 isque
3378 4803 3667 4873 sapientis-

397 4876 594 4940 simus,
624 4875 906 4927 veritatem
939 4870 1257 4925 fortitudine
1285 4871 1544 4925 omnibus
1576 4868 2171 4940 praestarecontendit,
2210 4876 2265 4940 et
2295 4869 2616 4923 multimode
2654 4868 2906 4940 probavit
2935 4875 3221 4926 veritatem
3248 4868 3309 4926 in
3337 4868 3521 4928 omnia
3563 4876 3667 4927 do-

400 4938 621 4999 minari.
652 4941 790 4997 Hnic
819 4957 951 5012 ergo
970 4941 1164 4995 victori
1188 4956 1282 4994 rex
1312 4938 2083 5013 postularealiquidjmperat
2116 4938 2390 5013 repulsam
2417 4955 2525 4992 non
2555 4940 2752 4994 laturo.
2779 4938 2917 5013 Tum
2946 4950 3132 5013 votum
3164 4943 3376 5013 aperuit
3405 4951 3464 4997 ut
3488 4958 3668 5013 popu-

398 5017 486 5069 lus
515 5032 545 5068 a
574 5017 834 5069 servitute
863 5007 1192 5066 liberaretur
1212 5021 1276 5081 et
1302 5007 1564 5079 templum
1599 5007 1990 5081 Hierosolymis
2014 5008 2436 5081 remdiﬁcaretur
2458 5024 2565 5081 una
2596 5024 2718 5063 cum
2751 5009 3163 5065 civitate.Addit
3182 5007 3666 5081 Gregorius'illum

394 5088 490 5154 qui
514 5085 731 5139 veritati
760 5082 1099 5137 fortitudinis
1134 5080 1373 5154 palmam
1402 5078 1675 5154 attribuit,
1706 5095 1765 5135 se
1791 5078 2100 5154 sapientem
2135 5078 2457 5148 praebuisse.
2496 5078 2609 5149 Ego
2646 5091 2830 5135 autem
2870 5095 3069 5135 aurum
3115 5078 3509 5152 praedo'minari
3545 5085 3667 5139 exi-

395 5150 582 5223 stimo,
621 5158 767 5225 quod
791 5154 877 5209 vel
909 5154 965 5207 in
996 5150 1172 5224 ipsam
1199 5151 1491 5206 veritatem
1530 5150 1804 5205 dominari
1835 5151 2140 5220 praesumit.

463 5293 1084 5372 Gregoriusincrepans
1117 5292 1438 5372 Maximum
1464 5290 1825 5372 cynicumrin
1847 5287 2266 5372 __domo_musigi
2311 5288 2455 5344 tonsi
2505 5287 2673 5372 (inter
2706 5290 3055 5372 patriarchas
3090 5290 3237 5347 enim
3284 5306 3344 5347 se
3373 5307 3666 5348 numerare

395 5359 655 5436 audebit)
682 5366 835 5431 dicit,
859 5359 1042 5421 cirros
1071 5379 1198 5420 eum
1226 5359 1648 5420 venustissimos
1673 5361 1997 5427 totondisse,
2032 5359 2101 5414 de
2131 5359 2335 5429 quibus
2360 5360 2643 5431 superbire
2670 5359 2727 5417 ei
2745 5362 2954 5428 liceret,
2985 5371 3091 5417 etc.

463 5501 621 5570 Quod
663 5520 829 5576 porro
857 5506 924 5561 de
953 5505 1222 5562 Samsone
1260 5512 1553 5569 memorat,
1586 5519 1688 5576 per
1714 5500 2056 5573 antiphrasin
2097 5501 2262 5567 dicit;
2302 5517 2411 5557 non
2443 5502 2588 5576 enim
2621 5503 2670 5558 ei
2713 5512 2997 5574 comparat
3028 5502 3325 5558 Maximum
3358 5502 3540 5574 quoad
3577 5518 3664 5559 res

389 5573 628 5639 divinas,
659 5572 755 5632 sed
792 5578 974 5647 quoad
1003 5578 1252 5648 capillos,
1277 5578 1481 5648 quibus
1504 5572 1727 5631 amissis
1754 5572 1851 5644 spe
1882 5587 2050 5643 quam
2085 5582 2430 5642 conceperat,
2452 5572 2749 5631 frustratus
2777 5572 2883 5629 est.

462 5713 538 5785 De
572 5712 760 5785 l‘ythia
798 5715 913 5783 jam
949 5716 1314 5772 disseruimus
1346 5714 1400 5768 in
1441 5714 1690 5771 carmine
1726 5711 1890 5785 LXIV
1918 5730 1932 5767 :
1965 5727 2114 5767 nunc
2142 5710 2318 5785 fusius
2354 5711 2619 5785 dicemus.
2663 5710 2864 5785 Phocis
2891 5711 3041 5783 regio
3083 5719 3168 5785 est
3208 5711 3433 5785 Graecia:
3457 5710 3660 5785 inqua

386 5783 597 5854 Delpho
616 5781 778 5853 'urbs;
800 5781 899 5841 ubi
928 5790 1188 5857 templum
1215 5786 1451 5856 Apollini
1478 5799 1720 5850 sacrum,
1740 5783 1885 5854 quod
1914 5794 2139 5841 vocatur
2158 5783 2443 5855 Pythonis,
2468 5798 2594 5837 cum
2620 5783 2852 5854 tripode,
2874 5792 2928 5838 et
2953 5781 3178 5841 calculis
3203 5782 3432 5839 sortium
3455 5781 3513 5836 in
3535 5781 3662 5854 ipso
