4186 6372
571 345 676 401 619
1717 350 1993 407 COSMAS
2021 351 2732 422 HIEROSOLYMITANUS
3741 370 3845 430 6%

569 467 640 522 86
677 466 875 536 Κόραξ
906 482 993 562 σε
1019 469 1246 538 θρέψει,
1278 468 1544 540 καθάπερ
1585 473 1797 528 Ἠλίαν
1829 476 1898 528 ὲν
1937 475 2157 546 ἐρήμῳ.
2268 482 2337 537 88
2375 485 2622 540 Παῦλον
2649 487 2845 558 μέγαν
2883 488 3204 558 πεινῶντα,
3234 488 3335 545 καί
3375 489 3664 562 ῥιγοῦντα
3706 507 3854 561 προ-

644 563 836 615 Κεῖται
869 561 1071 632 ὁμοίως
1098 563 1132 634 ή
1171 563 1381 636 ἱστορία
1406 566 1464 620 ἐν
1496 565 1575 637 τῷ
1602 565 1646 637 β’
1677 569 1776 622 καὶ
1802 568 1852 637 γ’
1883 568 2051 641 λόγῳ.
3451 561 3456 562 ν
3538 561 3774 634 [θύμωςο

567 651 636 708 87
689 650 863 722 Ὁρᾷς
883 653 1119 708 Θέκλαν
1136 655 1206 709 ἐκ
1226 658 1420 726 πυρὸς
1443 658 1542 712 καί
1565 660 1789 727 θηριων
1810 661 2154 732 φυγοῦσαν.
2335 648 2530 702 Κεῖται
2559 649 2763 720 ὁμοίως
2797 666 2854 704 εν
2877 649 2956 721 τῷ
2987 649 3032 723 β’
3057 651 3156 705 καὶ
3189 658 3238 721 γ’
3266 651 3432 724 λόγῳ.

640 747 834 799 Κεῖται
871 745 1074 817 ὁμοίως
1109 747 1167 800 ἐν
1199 746 1278 820 τῷ
1318 747 1363 819 β’
1393 749 1488 804 καὶ
1519 756 1566 820 γ’
1593 750 1758 822 λόγῳ.

571 963 3801 1012 W

1746 1132 2082 1220 ΑΛΛΑΙ
2157 1133 2654 1228 ΙΣΤΟΡΙΑΙ.

635 1505 833 1561 Πασῶν
881 1505 980 1576 μὲν
1011 1505 1123 1559 τῶν
1156 1505 1355 1572 ἔξωθεν
1391 1507 1662 1579 ἱστοριῶν,
1695 1501 1772 1564 ὧν
1809 1511 1868 1563 ἐν
1899 1513 2013 1575 τοῖς
2050 1513 2149 1583 ρη-
2253 1513 2500 1585 ρόμεναι,
2553 1506 2630 1569 ὧν
2676 1515 2782 1568 οὐκ
2840 1515 3253 1586 ἐμνημόνευσεν
3298 1521 3357 1575 ἐν
3403 1521 3469 1591 τῇ
3519 1517 3688 1589 βίϐλῳ
3729 1517 3848 1570 τῶν

563 1599 802 1669 τορικοῖς
842 1597 1008 1650 αὐτοῦ
1039 1598 1217 1666 λόγοις
1267 1601 1296 1652 ὁ
1343 1598 1488 1663 θεῖος
1521 1600 1898 1672 ἐμνημόνευσε
1939 1603 2149 1675 Γρηγό-
2247 1604 2397 1659 ἐπῶν
2417 1621 2429 1634 ο
2463 1605 2628 1658 καλὸν
2648 1605 2704 1658 δὲ
2730 1605 2826 1659 καὶ
2849 1605 3054 1670 ταύτας
3081 1608 3450 1680 ἐλογισάμεθα
3474 1608 3843 1681 παραθέσθαι,

568 1707 705 1761 ριος,
734 1689 937 1742 τούτων
958 1689 1115 1753 αὖθις
1141 1692 1198 1743 ἐν
1217 1692 1330 1753 τοῖς
1348 1692 1642 1764 ἐμμέτρως
1666 1693 1982 1765 εἰρημένοις
2002 1694 2151 1765 αὐτῷ
2247 1699 2396 1762 ὅπως
2428 1698 2494 1753 ἂν
2527 1699 2694 1770 μηδὲν
2719 1699 2830 1752 τῶν
2861 1699 3146 1764 παντελῶς
3178 1701 3328 1772 αὐτῷ
3349 1701 3692 1773 λελεγμένων
3717 1699 3848 1771 ἅδη-

567 1781 760 1851 μνείαν
788 1780 1086 1852 ἐποιήσατο
1106 1823 1122 1847 ,
1165 1782 1261 1834 καὶ
1301 1780 1562 1836 πλειόνων
1606 1783 1977 1856 ἀσυγκρίτως⁶
2001 1787 2153 1857 ὅμως
2247 1789 2338 1843 λον
2363 1789 2449 1860 εἴη
2481 1792 2594 1853 τοῖς
2617 1789 2742 1862 τῇδε
2765 1793 2832 1861 τῇ
2865 1789 3034 1863 βίϐλῳ
3065 1792 3366 1861 φιλοπόνως
3389 1792 3839 1864 ἐντυγχάνουσιν.

563 1872 710 1936 τινές
740 1873 878 1925 εἰσιν
917 1872 1094 1942 ὀλίγαι
1129 1873 1360 1944 ἱστορίαι
1392 1875 1449 1925 ἐν
1482 1877 1592 1938 τοῖς
1628 1877 1938 1947 ῥητορικοῖς
1971 1879 2147 1948 ἐμφε-

1160 2052 1477 2106 ΙΣΊὈΡΙΑΙ
1540 2054 2080 2109 ΕΜΦΕΡΟΜΕΝΑΙ
2124 2058 2228 2110 ΕΝ
2294 2061 2449 2114 ΤΟΙΣ
2501 2061 2956 2115 ΡΗΤΟΡῙΚΟΙΣ
3006 2064 3270 2117 ΛΟΓΟΙΣ

1767 2127 1906 2178 ἹῸΥ
1939 2128 2162 2180 ΑΓΙΟΥ
2200 2130 2635 2184 ΓΡΗΓΟΡΙΟΥ

1460 2194 1560 2249 ΩΝ
1597 2195 1702 2249 ΕΝ
1739 2197 1905 2250 ἸῸΙΣ
1937 2197 2365 2252 ΕΜΜΕΤΡΟΙΣ
2407 2203 2508 2254 ΟΥ
2541 2203 2942 2258 ΜΕΜΝΗἹἈΙ.

559 2357 629 2405 α’.
681 2351 823 2419 Περὶ
871 2349 983 2419 τῆς
1028 2349 1146 2406 τῶν
1189 2353 1398 2424 μάτων
1439 2347 1688 2422 θυτικῆς
1729 2356 2146 2426 προγνώσεως.
2478 2364 2548 2425 γ’.
2591 2361 2730 2427 Περὶ
2769 2359 2889 2413 τῶν
2929 2359 3175 2430 Θρᾳκῶν
3204 2361 3302 2413 καί
3340 2361 3606 2431 Ὀρφέως.

629 2444 814 2513 Μάγοι
843 2444 933 2498 διὰ
959 2443 1067 2497 τῶν
1091 2445 1294 2500 θυσιῶν
1319 2445 1505 2515 ἐλεγον
1541 2446 1642 2510 τὰς
1669 2447 2032 2518 προγνώσεις.
2061 2450 2150 2505 διὰ
2323 2446 2540 2518 Πρῶτοι
2577 2451 2794 2503 πάντων
2827 2451 3129 2522 ἀνθρώπων
3173 2451 3387 2522 Θρᾷκες
3417 2452 3652 2523 ἤρξαντο
3696 2451 3836 2524 θρη-

559 2540 658 2610 τῆς
698 2538 1134 2610 ήπατοσκοπίας.
1184 2537 1416 2602 Θύοντες
1454 2538 1564 2610 γὰρ
1595 2539 1690 2592 καὶ
1731 2540 2146 2611 ἀνατέμνοντες,
2253 2539 2468 2593 σκεύειν
2499 2541 2593 2594 καὶ
2619 2541 2944 2613 θεραπεύειν
2968 2543 3123 2606 Θεὸν,
3153 2545 3245 2597 καὶ
3273 2544 3496 2608 τελετὰς
3519 2545 3716 2609 τελεῖν,
3744 2545 3840 2598 καὶ

557 2631 682 2685 τινὰ
723 2633 929 2702 σημεῖα
975 2629 1245 2702 ἐθεώρουν
1287 2633 1346 2686 ἐν
1389 2633 1501 2695 τοῖς
1545 2631 1760 2702 τομίοις
1812 2633 1910 2687 καὶ
1940 2635 1998 2687 ἐν
2035 2637 2150 2698 τοῖς
2254 2634 2531 2703 μυστήρια
2559 2637 2902 2706 συγκροτεῖν,
2932 2633 2992 2701 ἐξ
3018 2629 3092 2689 ὧν
3118 2635 3351 2708 Θρᾳκῶν
3384 2637 3588 2706 ηκουσε
3613 2635 3676 2690 τὸ
3700 2637 3838 2708 θρη-

557 2724 765 2793 ἥπασιν
799 2721 894 2775 καὶ
922 2723 980 2775 ἐν
1022 2724 1136 2786 τοῖς
1165 2721 1368 2786 ἄλλοις,
1399 2722 1466 2776 δι’
1501 2715 1575 2776 ὧν
1612 2722 1799 2792 ἔλεγον
1827 2723 1894 2778 τὰ
1930 2724 2148 2797 συμϐη-

561 2815 798 2885 σόμεναο
831 2813 986 2882 γένος
1011 2813 1068 2866 δὲ
1105 2813 1312 2886 Μήδων
1345 2814 1396 2868 oi
1429 2814 1617 2884 μάγοι,
1649 2814 1708 2881 ἐξ
1733 2807 1808 2868 ὧν
1846 2815 1896 2867 οἱ
1935 2818 2145 2886 ἡπατο-

561 2905 754 2960 σκόποι
783 2903 1028 2975 ἐξῆλθον.

689 2995 753 3068 β’.
795 2996 934 3065 Περὶ
963 2995 1074 3063 τῆς
1105 2993 1226 3049 τῶν
1253 2995 1567 3050 Χαλδαίων
1597 2997 2021 3066 ἀστρολογίας.

628 3090 693 3142 Oi
745 3087 1023 3151 Χαλδαῖοι,
1056 3082 1130 3140 ὧν
1165 3087 1313 3139 ἐστιν
1355 3085 1571 3157 πρῶτος
1603 3088 1632 3140 6
1662 3088 2000 3158 Ζαρούτρης,
2052 3087 2148 3140 καὶ

562 3179 679 3251 μετ’
716 3178 878 3232 αὐτὸν
936 3176 1220 3246 Ὀστάνης,
1269 3175 1581 3246 ἐπέστησαν
1618 3179 1683 3247 τῇ
1732 3177 1962 3249 οὐρανία
1995 3178 2149 3245 κινή-

559 3287 664 3332 σει,
695 3271 792 3323 καὶ
823 3265 976 3321 εἷπον
1005 3267 1080 3330 ὡς
1109 3269 1176 3338 τῇ
1203 3267 1384 3338 τοιᾷδε
1409 3269 1620 3338 κινήσει
1649 3267 1757 3321 τῶν
1789 3267 2054 3340 οὐρανίων
2080 3268 2148 3322 τά

559 3363 690 3434 περὶ
718 3363 845 3424 τοὺς
878 3347 1235 3430 τικτομένους
1268 3357 1558 3429 συμϐαίνει
1579 3375 1592 3389 ·
1627 3360 1721 3430 ἀφ’
1755 3353 1831 3414 ὧν
1863 3360 2149 3413 Χαλδαίων

558 3452 760 3524 ἔμαθον
809 3451 1070 3522 ’Έλληνες
1101 3450 1201 3522 τὴν
1244 3449 1624 3521 ἀστρολογίαν,
1660 3452 1910 3516 καὶτοὺς
1947 3469 2149 3520 γεννω-

561 3549 757 3619 μένους
791 3545 1024 3617 ῆρξαντο
1049 3545 1155 3598 ὑπὸ
1183 3545 1280 3615 τὴν
1309 3545 1416 3598 τῶν
1446 3546 1660 3617 ἄστρων
1694 3545 1906 3616 κίνησιν
1943 3545 2148 3615 ἀναφέ-

557 3657 619 3716 ρε
627 3659 693 3694 ιν.

2252 2722 2465 2778 σκεύειν
2493 2727 2526 2798 ὴ
2559 2726 2687 2798 περὶ
2716 2726 2776 2780 τὸ
2797 2727 2954 2782 Θεῖον
2988 2723 3256 2780 εὑέέόεια.
3303 2728 3576 2800 Πρότερος
3612 2729 3670 2782 δὲ
3696 2731 3837 2784 πάν-

2249 2833 2358 2869 των
2400 2815 2630 2888 Θρᾳκῶν
2680 2816 2910 2887 Ὀρφεὺς
2949 2815 3165 2885 λέγεται
3201 2818 3600 2888 είσηγήσασθαι
3626 2819 3725 2883 τὰς
3751 2835 3841 2872 τεο

2249 2909 2410 2972 λετὰς
2438 2908 2585 2962 κατὰ
2614 2909 2708 2962 τὸν
2737 2908 2937 2979 τρόπον
2968 2908 3078 2961 τῶν
3119 2908 3351 2962 τελετῶν
3370 2925 3381 2938 °
3419 2903 3573 2973 οὗτος
3601 2909 3660 2964 δέ
3689 2914 3840 2965 ἐστιν

2249 3005 2278 3054 6
2320 3000 2552 3071 Ὀρφεὺς
2585 3002 2613 3054 6
2637 3000 2930 3072 λεγόμενος
2955 2999 3044 3054 διὰ
3075 3001 3174 3072 τῆς
3200 3000 3370 3072 λύρας
3399 3001 3612 3070 θέλγειν
3644 3001 3737 3056 καὶ
3766 3002 3839 3057 τὰ

2250 3091 2453 3163 ἄψυχα,
2486 3092 2581 3145 καὶ¹
2610 3090 2915 3164 ἐξημεροῦν
2941 3093 3005 3146 τὰ
3036 3091 3204 3164 ἄγρια
3247 3093 3334 3146 διὰ
3371 3092 3478 3145 τῶν
3508 3094 3840 3166 κρουμάτων

2253 3185 2353 3255 τῆς
2387 3183 2579 3255 λύρας.

2561 3273 2628 3328 6'.
2672 3272 2813 3342 Περὶ
2841 3273 2948 3328 τοῦ
2976 3273 3201 3328 Λυδίου
3234 3274 3518 3346 ἅρματος.

2319 3365 2506 3420 Ἔστιν
2535 3365 2674 3437 αὕτη
2715 3367 2983 3438 παροιμία
3028 3368 3120 3420 ἐπὶ
3147 3367 3255 3422 τῶν
3284 3367 3488 3441 ἐρίζειν
3531 3369 3832 3424 ἐθελόντων

2250 3461 2346 3513 καὶ
2378 3460 2452 3530 μὴ
2493 3459 2808 3530 δυναμένων
2859 3460 3174 3530 ἐφικέσθαισ
3210 3462 3326 3515 ἐστι
3352 3463 3409 3516 δέ
3441 3465 3473 3532 ἡ
3525 3464 3832 3535 παροιμία’

2249 3553 2418 3621 Παρὰ
2450 3552 2672 3606 Λύδιον
2702 3552 2857 3622 ἅρμα
2894 3552 3012 3607 θέει
3035 3569 3048 3580 ·
3087 3554 3367 3623 παρῆκται
3396 3555 3453 3607 δὲ
3487 3557 3520 3626 ἡ
3567 3555 3838 3626 παροιμία

2249 3641 2358 3696 ἀπὸ
2386 3641 2494 3694 τῶν
2523 3641 2736 3695 Λυδίων
2769 3643 3028 3712 ἁρμάτων
3072 3643 3147 3705 ὡς
3193 3644 3510 3714 ταχυτάτων
3541 3645 3712 3700 ὄντων
3743 3647 3838 3700 καὶ

1967 3803 2107 3858 Alia:
2139 3803 2399 3859 historia.

630 3898 965 3955 Cunctarum
993 3893 1381 3966 historiarum,
1427 3908 1663 3966 quarum
1702 3895 1758 3950 in
1794 3894 2090 3951 rhetoricis
2139 3897 2403 3966 operibus
2437 3895 2554 3952 suis
2589 3896 2752 3951 divus
2789 3893 3091 3966 Gregorius
3123 3897 3454 3952 mentionem
3484 3898 3634 3964 fecit,
3670 3901 3737 3955 ad
3769 3901 3836 3956 il-

560 3969 738 4024 larum
777 3965 1096 4039 memoriam
1141 3965 1368 4020 lectoris
1403 3965 1647 4039 animum
1685 3966 1971 4039 revocarit
2014 3966 2081 4039 in
2120 3965 2380 4039 operibus
2412 3983 2535 4036 quae
2573 3967 2826 4039 versibus
2873 3965 3197 4037 persecutus
3239 3977 3345 4030 est,
3387 3970 3676 4039 plerasque
3705 3987 3838 4026 vero

559 4040 713 4094 nullo
745 4035 1186 4107 ordine.ﬂPaucze
1208 4049 1340 4090 vero
1361 4046 1483 4107 sunt
1504 4034 1767 4107 historiae,
1801 4037 1855 4090 in
1872 4037 2020 4091 illius
2041 4034 2336 4092 rhetoricis
2363 4034 2625 4106 operibus
2642 4038 2846 4099 relatae,
2873 4034 2983 4089 non
3014 4046 3194 4091 autem
3214 4034 3434 4107 scripta:
3457 4039 3510 4094 in
3539 4034 3680 4096 libro
3697 4039 3834 4098 Car-

557 4112 758 4165 minum
789 4110 926 4180 ejus.
963 4106 1006 4160 E
1035 4122 1095 4162 re
1119 4107 1289 4180 igitur
1313 4105 1564 4160 arbitrati
1600 4122 1794 4162 sumus
1832 4108 1954 4163 illas
1992 4107 2084 4163 hic
2121 4105 2487 4179 colligere,’ut
2511 4109 2650 4163 nihil
2671 4107 2819 4178 quod
2852 4108 3075 4177 scripsit
3113 4105 3453 4180 incognitum
3483 4120 3704 4169 maneat
3724 4115 3838 4170 illis

555 4181 650 4252 qui
681 4180 807 4235 huic
844 4179 985 4233 libro
1015 4177 1331 4233 studebunt.

1306 4289 1695 4347 HISTORLE
1735 4290 2600 4388 ΒΕιΑχιιτξιιῆηορίξξέᾳρυδ
2640 4290 3093 4348 RHETORICIS

1905 4363 2079 4416 DIVI
2117 4361 2473 4417 GREGORII

1501 4429 1666 4486 NON
1704 4430 1956 4486 AUTEM
1999 4431 2085 4486 IN
2127 4431 2377 4488 ILLIUS
2413 4430 2911 4488 CARMINIBUS.

1407 4541 1458 4594 1.
1520 4541 1600 4596 De
1653 4544 1887 4598 oraculis
1937 4559 2054 4615 qute
2111 4544 2254 4614 magi
2297 4559 2324 4598 ε
2383 4545 2611 4600 uictimis
2674 4549 3056 4618 percipiebant.

651 4631 863 4702 Magiin
888 4627 1172 4687 sacriﬁciis
1197 4645 1294 4700 per
1322 4629 1586 4702 jecinoris
1615 4630 2008 4702 inspectioncm
2034 4628 2231 4702 futura
2251 4629 2635 4702 praedicebant.
2659 4627 3002 4681 lmmolantes
3026 4627 3168 4702 enim
3200 4636 3253 4680 et
3279 4637 3526 4702 secantes
3549 4627 3825 4702 victimas,

566 4719 630 4756 in
650 4697 895 4772 jecinore
925 4711 978 4756 et
1007 4701 1131 4756 aliis
1159 4697 1407 4770 corporis
1432 4700 1680 4770 partibus
1706 4697 1863 4769 signa
1893 4699 2144 4769 quaedam
2183 4698 2616 4768 distinguebant,
2639 4712 2890 4820 lanarum
2923 4713 3024 4766 ope
3055 4697 3238 4751 lutura
3267 4697 3659 4768 praadicebant.
3686 4699 3826 4770 magi

573 4787 739 4820 norm
768 4787 800 4820 ε
831 4773 1031 4820 auibus
1050 4771 1158 4820 orti
1181 4781 1310 4820 sunt
1341 4771 1434 4820 aui
1462 4769 1748 4820 extisnicia
1775 4771 2153 4820 instituerunt.
2179 4783 2210 4820 e
2235 4784 2432 4820 genere
2456 4775 2614 4820 erant
2693 4767 2943 4820 edorum.

573 4769 739 4842 porro
768 4787 800 4828 e
831 4773 1031 4842 quibus
1050 4771 1158 4826 orti
1181 4769 1310 4826 sunt
1341 4771 1434 4841 qui
1462 4769 1748 4840 extispicia
1775 4771 2153 4834 instituerunt,
2179 4783 2210 4823 e
2235 4784 2432 4839 genere
2456 4775 2614 4823 erant

2693 4767 2943 4822 edorum.

1747 4861 1803 4917 2.
1842 4860 1919 4915 De
1953 4860 2329 4917 Chaldaeorum
2361 4860 2670 4930 astrologia.

643 4953 906 5018 Chaldaei,
949 4953 1203 5024 interque
1226 4969 1321 5010 eos
1348 4954 1604 5010 Zarutres
1649 4955 1910 5023 primum,
1934 4954 2130 5010 deinde
2162 4952 2415 5024 Ostanes,
2441 4953 2562 5008 cceli
2593 4953 2946 5024 siderumque
2977 4961 3159 5008 motus
3191 4954 3612 5022 contemplando
3635 4969 3828 5012 recens

572 5033 826 5079 natorum
851 5033 1054 5079 sortem
1079 5023 1466 5094 praedicebant.
1500 5025 1546 5079 A
1581 5024 1853 5081 Chaldzeis
1875 5024 2046 5080 Grzeci
2073 5023 2426 5094 astrologiam
2447 5024 2756 5078 didicerunt
2777 5031 2832 5077 et
2863 5023 3277 5093 horoscopium,
3302 5037 3360 5079 ut
3390 5025 3600 5089 dicunt,
3630 5025 3828 5081 sistere

574 5095 878 5150 secundum
911 5095 1156 5152 siderum
1182 5104 1392 5150 motum
1425 5104 1729 5166 coeperunt.

1755 5165 1806 5219 ’5.
1847 5163 1920 5218 De
1950 5163 2237 5218 Thracibus
2271 5173 2317 5216 et
2351 5164 2413 5216 de
2448 5163 2654 5231 Orpheo

643 5233 814 5290 Primi
845 5236 1159 5291 mortalium
1193 5235 1436 5291 Thraces
1462 5235 1630 5290 Deum
1653 5235 1832 5289 colere
1865 5236 2141 5304 precibus,
2164 5235 2327 5286 ritum
2362 5234 2718 5304 constituere,
2744 5232 2816 5304 ad
2849 5233 3110 5304 mysteria
3160 5235 3596 5290 concelebranda
3627 5249 3828 5291 conve-

572 5305 693 5378 nire
721 5317 1023 5378 coeperunt.
1070 5307 1152 5361 Ab
1187 5307 1256 5362 iis
1290 5321 1509 5378 quoque
1550 5305 1817 5378 θρησκεία
1859 5301 2056 5378 nomen
2094 5305 2181 5378 rei
2222 5303 2474 5378 inditum.
2527 5301 2779 5378 Initiandi
2834 5301 2996 5378 porro
3044 5305 3386 5360 consuetudo
3427 5305 3496 5360 ad
3545 5305 3826 5376 Orpheum

571 5371 830 5442 refertur,
855 5377 1130 5443 eumdem,
1164 5371 1323 5447 queui
1349 5371 1467 5448 lyra
1495 5371 1903 5431 vel'inanimata
1925 5374 2253 5428 demulsisse
2272 5371 2529 5442 ferasque
2565 5373 2784 5428 leniisse
2813 5373 3118 5442 perhibent.

1896 5467 1951 5522 4.
1976 5465 2053 5519 De
2100 5481 2260 5518 curru
2331 5463 2519 5522 Ludio.

1896 5481 1951 5522 4.
1976 5481 2053 5519 ue
2100 5481 2260 5518 curru
2331 5481 2519 5534 Lyaio.

642 5558 703 5612 In
731 5560 929 5628 vulgus
958 5557 1094 5613 exiit
1123 5556 1330 5613 dictum
1361 5557 1582 5628 aliquod
1609 5567 1858 5628 respectu
1893 5571 2086 5628 eorum
2119 5555 2235 5624 qui,
2261 5553 2556 5628 dumkalios
2580 5554 2824 5610 aemulari
2855 5555 3069 5628 yolunt,
3103 5556 3330 5613 minime
3363 5567 3543 5613 tamen
3569 5559 3638 5613 ad
3668 5559 3827 5614 ﬁnetn

570 5629 912 5696 propositum
964 5629 1286 5698 perveniunt
1319 5647 1330 5682 :
1364 5647 1381 5679 ι
1417 5629 1647 5682 Currum

1748 5627 1926 5697 ydium
1973 5625 2678 5697 insectantur.rSunipttim
2727 5634 2811 5697 est
2840 5624 2958 5697 hoc
2999 5626 3203 5680 dictum
3249 5643 3279 5680 a
3320 5630 3576 5683 curribus
3617 5628 3828 5697 Lydtis,

575 5693 762 5766 utpote
785 5693 1171 5768 velocissimis.
1203 5715 1451 5768 quosque
1478 5714 1642 5752 cursu
1672 5693 2010 5752 anievertere
2041 5704 2124 5768 est
2151 5693 2555 5751 difﬁcillimum.
2585 5697 2691 5768 Alii
2712 5711 2740 5768 a
2763 5693 2978 5768 Pelopis
3008 5711 3173 5750 curru
3204 5697 3480 5753 derivasse
3511 5693 3826 5753 hanclocu-

573 5763 776 5821 tionem
801 5769 1010 5832 volunt,
1043 5763 1265 5838 Lydiam
1292 5763 1414 5892 ira,
1456 5785 1561 5823 non
1597 5769 1907 5837 Phrygiam,
1941 5767 2301 5820 attribuentes
2339 5768 2591 5836 patriam.
2622 5765 2728 5834 Qui
2750 5780 2874 5822 cum
2896 5763 3238 5823 (Enomautn
3273 5769 3324 5824 in
3356 5769 3635 5826 curriculo
3667 5785 3827 5840 supe-

578 5848 774 5892 rasset.
811 5839 958 5892 dicto
988 5859 999 5892 :
1034 5838 1264 5892 Currum
1343 5840 1526 5892 adium
1559 5839 1850 5892 insectatur
1875 5837 2140 5892 oricinem
2172 5836 2337 5892 dedit.

578 5848 774 5900 rasset,
811 5839 958 5893 dicto
988 5859 999 5893 :
1034 5838 1264 5893 Currum

1343 5840 1526 5908 ydium
1559 5836 1850 5892 inseda’tur
1875 5837 2140 5907 originem
2172 5836 2337 5892 dedit.
