4182 6362
336 441 437 496 (39.1

341 560 418 631 μὴ
448 556 767 629 δυναμένων
794 555 1130 629 φθασθῆναι·
1166 554 1312 610 ἄλλοι
1342 553 1396 606 δὲ
1424 555 1506 607 ὅτι
1554 554 1662 607 ἀπὸ
1692 553 1785 607 τοῦ
1819 552 1925 606 Πέ-

338 659 501 714 λοπος
546 650 791 720 ἅρματος
835 649 1066 719 ήκουσεν
1104 648 1138 718 ή
1185 646 1477 716 παροιμία.
1513 646 1670 704 Τινὲς
1700 647 1806 717 γὰρ
1836 646 1926 698 λέ-

339 758 548 809 γουσιν,
598 742 681 794 δτι
728 740 924 809 nemo
957 738 1150 802 Λύδίος
1196 735 1286 810 ἦν,
1337 739 1431 791 καὶ
1459 738 1581 808 οὐχὶ
1626 737 1792 809 Φρύξ.
1835 739 1925 810 Τῷ

338 829 432 887 οὖν
469 834 584 905 ίδίῳ
609 833 815 905 ἅρματι
846 833 1099 902 ἐνίκησεν
1120 832 1210 885 τὸν
1238 831 1523 901 Οἰνόμαον,
1546 831 1639 884 καὶ
1668 831 1855 885 ἔκτοτε
1889 834 1922 902 ή

341 926 608 998 παροιμία
633 924 932 995 παρῆλθεν,
968 924 1134 991 Παρὰ
1162 923 1385 977 Λύδιον
1416 923 1578 992 ἅρμα
1605 923 1745 979 θέει.

611 1044 671 1090 ε’.
716 1037 856 1105 Περὶ
900 1034 1174 1104 Ὀρέστου
1204 1036 1304 1089 καὶ
1338 1035 1643 1091 Πυλάδου.

423 1152 682 1223 Ὀρέστης
715 1146 870 1216 οὗτός
917 1155 1066 1206 ἐστιν
1104 1151 1219 1215 υίὸς
1277 1151 1704 1221 Ἀγαμέμνονος,
1740 1150 1925 1220 φιλίαν

339 1244 397 1298 δὲ
434 1244 703 1314 τοσαύτην
735 1245 892 1315 ἔσχεν
931 1245 1067 1316 πρὸς
1100 1244 1190 1298 τὸν
1236 1245 1510 1314 Πυλάδην,
1546 1244 1638 1297 καὶ
1679 1244 1927 1312 Πυλάδης

340 1336 478 1408 πρὸς
509 1337 600 1391 τὸν
647 1337 928 1409 Ὀρέστην,
959 1337 1099 1389 ὥστε
1134 1338 1229 1391 καὶ
1268 1337 1633 1401 ἀποθανόντος
1676 1336 1925 1392 Πυλάδου

341 1430 731 1499 συγκατελθεῖν
765 1431 856 1484 τὸν
902 1431 1163 1501 Ὀρέστην
1193 1430 1385 1501 μέχρις
1416 1430 1566 1501 ᾅδου.

727 1564 800 1631 ς’.
841 1564 983 1632 Περὶ
1020 1563 1132 1632 τῆς
1160 1565 1547 1632 λαϐυρίνθου.

424 1678 516 1732 Ἑν
546 1680 743 1751 Κρήτῃ
788 1683 853 1751 τῇ
904 1680 1051 1750 νήσῳ
1097 1680 1245 1734 ἔστιν
1284 1680 1429 1751 ὅρος.
1477 1682 1534 1733 ἐν
1574 1672 1618 1748 ᾧ
1667 1681 1928 1752 σπήλαιον

341 1772 613 1843 ἁντρῶδες
641 1773 734 1825 καὶ
767 1772 1022 1824 δύσκολον
1055 1772 1183 1841 περὶ
1212 1771 1309 1841 τὴν
1340 1772 1586 1836 κάθοδον,
1612 1774 1705 1827 καὶ
1732 1775 1927 1843 δυσχε-

345 1866 437 1933 ρὲς
469 1865 595 1934 περὶ
626 1865 725 1934 τὴν
756 1864 961 1929 ἄνοδον,
992 1868 1051 1918 ὲν
1075 1859 1119 1933 ᾧ
1148 1866 1365 1934 λέγεται
1389 1868 1417 1919 ὁ
1446 1866 1805 1936 Μινώταυρος
1831 1870 1929 1937 ὲμ-

341 1956 628 2026 ὔληθῆναι.
687 1957 839 2009 Ἐπεὶ
877 1952 969 2011 οὖν
1003 1957 1265 2027 δυσχερὲς
1297 1959 1359 2011 τὸ
1387 1958 1614 2029 ἐκϐῆναι
1642 1958 1735 2011 τοῦ
1764 1959 1930 2012 λαϐυ-

346 2047 549 2119 ρίνθου,
580 2046 674 2101 νῦν
705 2050 733 2100 ὁ
766 2048 908 2111 θεῖος
958 2049 997 2101 Γ
1004 2049 1256 2121 ρηγόριος
1292 2050 1483 2103 ἔλαϐεν
1523 2051 1655 2104 αὐτὸ
1699 2052 1793 2103 ἐπὶ
1820 2051 1928 2103 τῶν

342 2139 599 2208 ἀφύκτων
629 2140 827 2209 λόγων,
870 2134 945 2194 ὧν
972 2141 1145 2205 οὐδεὶς
1190 2142 1414 2194 ἐδύνατο
1460 2144 1741 2210 ἐκφυγεῖν,
1792 2142 1930 2195 ἀλλὰ

342 2232 558 2295 πάντως
582 2232 859 2303 ἡλίσκετο.
900 2232 1185 2303 Ἐπιφέρει
1221 2234 1329 2305 γὰρ
1361 2234 1455 2287 καὶ
1483 2233 1583 2297 τὰς
1614 2236 1818 2304 ἄρκυς’
1854 2229 1930 2287 εἴ·

340 2325 430 2388 δος
486 2324 544 2378 δέ
598 2326 744 2377 ἐστιν
795 2324 1014 2378 δικτύου
1062 2326 1444 2396 παχυσχοίνου,
1488 2326 1517 2379 ὃ
1568 2328 1746 2379 ἱστᾶσι
1793 2325 1932 2395 πρδς

341 2414 520 2486 θήραν
566 2415 753 2485 ἄρκων
797 2414 831 2486 ἢ
885 2415 1102 2485 ἐλάφων
1140 2417 1173 2487 ἢ
1220 2417 1361 2472 κατὰ
1407 2417 1515 2470 τῶν
1570 2418 1930 2488 ἰσχυροτέρων

343 2505 520 2572 ζώων.

571 2625 637 2688 ζ’.
678 2624 819 2693 Περὶ
844 2624 963 2678 τῶν
989 2621 1302 2678 Σκεδάσου
1331 2622 1690 2692 θυγατέρων.

414 2742 479 2793 0i
521 2740 938 2811 Λακεδαιμόνιοι
972 2742 1029 2794 ἐν
1066 2740 1143 2811 τῷ
1183 2738 1672 2811 Πελοποννησιακῷ
1709 2738 1931 2809 πολέμῳ

348 2832 489 2898 μετὰ
542 2833 603 2884 τὸ
664 2834 807 2886 κατὰ
860 2833 1063 2904 κράτος
1120 2832 1338 2901 νικῆσαι
1395 2832 1522 2895 τοὺς
1590 2830 1929 2900 Ἀθηναίους,

345 2923 722 2996 ἠϐουλήθησαν
765 2925 1013 2987 καὶτοὺς
1048 2923 1209 2986 ἰδίους
1238 2923 1560 2993 συμμάχους
1600 2920 1929 2991 πολεμῆσαι,

346 3016 443 3068 καὶ
485 3017 830 3087 ὁρμήσαντες
874 3014 1017 3067 κατὰ
1064 3013 1344 3083 Θηϐαίων,
1394 3014 1525 3084 πρὶν
1571 3012 1932 3083 προσεγγίσαι

346 3107 654 3178 πολεμῆσαι
699 3110 764 3178 τῇ
803 3106 976 3171 πόλει,
1027 3106 1309 3175 γενόμενοι
1337 3108 1393 3157 ἐν
1426 3103 1724 3173 Λεύκτροις
1751 3103 1928 3175 (πόλις

343 3200 401 3253 δὲ
429 3200 682 3270 Θηϐαίων
712 3198 894 3268 αὕτη),
932 3197 1302 3266 συμϐαλόντες
1322 3195 1655 3267 ἡττήθησαν,
1701 3195 1937 3265 Ἐπαμι-

342 3292 545 3346 νώνδου
604 3291 913 3363 στρατηγοῦ
974 3289 1168 3359 Θηϐῶν
1221 3290 1700 3360 εὐδοκιμήσαντος.
1758 3288 1830 3340 Τὸ
1875 3286 1933 3341 δὲ

345 3384 517 3448 πάθος
545 3386 657 3447 τοῖς
684 3383 1138 3452 Λακεδαιμονίοις
1166 3382 1391 3450 γέγονεν
1440 3383 1496 3434 ὲν
1543 3382 1839 3453 Λεύκτροις
1872 3382 1931 3447 ἐξ

344 3477 525 3540 αἰτίας
575 3475 862 3545 τοιαύτης⁶
914 3475 1179 3537 Σκέδασος
1233 3475 1291 3527 ἐν
1342 3474 1641 3546 Λεύκτροις
1688 3476 1764 3528 ὢν
1818 3472 1928 3546 εἶχε

1403 432 1493 488 ΑΙ)
1521 432 1825 488 CARMINA
1871 432 1928 487 S.
1969 430 2299 489 GREGORII
2340 430 2585 486 TllEOL.

3504 426 3629 486 ιρι

2027 554 2175 623 τρεῖς
2204 552 2509 623 θυγατέρας
2530 568 2543 580 ·
2576 549 2719 612 τινὲς
2741 548 2797 603 δὲ
2830 548 2941 603 τῶν
2971 548 3413 618 Λακεδαιμονίων
3445 549 3615 607 πάλαι

2028 647 2156 716 παρ’
2188 644 2379 707 αὑταῖς
2408 642 2846 708 ὲπιξενωθέντες,
2895 641 3041 713 μίξει
3062 644 3161 707 τὰς
3189 643 3358 715 κόρας
3396 642 3615 713 ἐνύϐρι-

2029 758 2148 793 σαν.
2194 738 2528 810 Φοϐηθέντες
2570 734 2663 792 οὖν
2706 739 2755 791 oi
2817 739 3231 809 Λακεδαιμόνιοι
3280 740 3477 810 μήπως
3516 739 3613 809 δη-

2032 833 2357 905 μοσιεύσωσι
2394 834 2471 904 τῷ
2518 834 2633 905 ἰδίῳ
2666 834 2836 905 πατρὶ
2872 833 2972 905 τὴν
3010 834 3318 903 ἀσέλγειαν,
3361 833 3616 905 ἀναιροῦ-

2030 944 2114 979 σιν
2144 927 2332 990 αὑτάς.
2378 925 2717 980 Ἐπανελθὼν
2760 921 2852 979 οὖν
2892 927 2951 980 ἐν
2982 928 3048 996 τῇ
3089 926 3267 997 οἰκεία
3302 925 3454 980 πόλει
3499 929 3615 990 τοῖς

2028 1018 2330 1089 Λεύκτροις
2378 1020 2406 1071 ὁ
2460 1018 2748 1081 Σκέδασος,
2784 1018 2879 1071 καὶ
2916 1017 3101 1088 μαθὼν
3129 1018 3189 1089 τὸ
3221 1019 3443 1088 γεγονὸς
3476 1036 3613 1073 κατ-

2027 1088 2275 1181 ηράσατο
2334 1111 2469 1163 πᾶσι
2512 1113 2626 1175 τοῖς
2676 1110 3122 1180 Λακεδαιμονίοις
3158 1088 3285 1182 παρ’
3337 1112 3497 1165 αὐτὸν
3523 1113 3616 1166 τὸν

2030 1205 2200 1272 τάφον
2241 1202 2352 1256 τῶν
2397 1202 2711 1274 θυγατέρων
2758 1203 2924 1255 αὐτοῦ
2970 1203 3272 1273 ὰτυχῆσαγ
3327 1203 3409 1257 διὸ
3453 1206 3544 1258 καὶ
3579 1206 3615 1269 ἡ

2028 1295 2224 1366 ἀτυχία
2268 1295 2503 1365 ἔφθασεν
2532 1297 2591 1348 ὲν
2620 1294 2922 1367 Λεύκτροις
2962 1297 3088 1358 τοὺς
3129 1297 3617 1369 Λακεδαιμονίους,

2247 1415 2317 1480 η’.
2360 1409 2501 1478 Περὶ
2537 1408 2656 1463 τῶν
2680 1409 3105 1480 Πυθαγορικῶν
3130 1409 3393 1480 κυάμων.

2099 1522 2460 1594 Πυθαγόρειοι
2506 1522 2663 1591 γένος
2713 1524 3018 1592 φιλοσόφων
3066 1526 3131 1578 ἐκ
3163 1524 3485 1595 Πυθαγόρου
3519 1525 3615 1577 τοῦ

2030 1614 2256 1684 Σαμίου.
2315 1607 2474 1667 Οὗτοι
2522 1614 2592 1667 δι’
2652 1615 2976 1686 αἰνίγματος
3022 1616 3091 1669 τά
3142 1617 3242 1686 τῆς
3298 1615 3617 1684 φιλοσοφίας

2030 1705 2333 1777 ἐμάνθανον
2362 1707 2627 1779 δόγματα.
2678 1708 3002 1778 Παρεδίδοτο
3040 1707 3095 1761 δὲ
3136 1709 3272 1779 πρὸς
3300 1710 3412 1771 τοῖς
3436 1707 3618 1771 ἄλλοις

2030 1800 2124 1854 καὶ
2156 1801 2314 1853 τοῦτο
2346 1801 2408 1853 τὸ
2454 1802 2714 1871 αἴνιγμα·
2747 1799 3029 1870 Κυάμους
3059 1799 3146 1869 μὴ
3180 1801 3427 1865 ἐσθίειν,
3471 1801 3617 1853 τοῦτ’

2032 1889 2145 1944 ἔστι
2177 1890 2252 1962 μὴ
2290 1891 2638 1963 προδιδόντας
2678 1889 2739 1943 τὸ
2781 1890 2988 1944 δίκαιον
3030 1891 3449 1962 δωροδοκεῖσθαι
3482 1892 3619 1962 χρή-

2034 2000 2218 2055 μασιν.
2259 1986 2320 2037 Οί
2346 1983 2453 2055 γὰρ
2498 1983 2755 2056 Ἀθήνῃσι
2785 1985 2954 2039 πάλαι
2986 1985 3238 2040 δικασταὶ
3276 1987 3396 2039 ἀντὶ
3419 1986 3619 2057 ψήφων

2031 2077 2265 2147 κυάμοις
2298 2077 2535 2147 ἐχρῶντο
2566 2077 2705 2148 πρὸς
2745 2079 3073 2152 κατάκρισιν
3108 2082 3165 2133 ὲν
3204 2083 3319 2143 τοῖς
3354 2080 3617 2151 δικαστη-

2034 2166 2187 2239 ρίοις.
2221 2168 2391 2238 Φησὶν
2420 2163 2512 2221 οὖν
2537 2170 2602 2221 ὲκ
2626 2167 2733 2221 τῶν
2753 2169 2983 2241 κυάμων
3016 2170 3126 2224 τῶν
3160 2172 3225 2224 ὲκ
3246 2170 3340 2223 τοῦ
3360 2170 3618 2242 δικαστη-

2033 2258 2148 2330 ρίου
2185 2258 2351 2329 μηδὲν
2381 2258 2601 2313 ἐσθίειν.

2182 2373 2247 2427 θ’.
2292 2375 2427 2441 Περὶ
2459 2376 2812 2443 Σκηπίωνος
2845 2376 2943 2430 καὶ
2992 2376 3459 2446 Ἐπαμινώνδου.

2114 2464 2174 2516 'O
2230 2464 2638 2535 Ἐπαμινώνδας
2676 2468 2913 2538 Θηϐαῖος
2944 2465 3012 2539 ἦν
3055 2468 3118 2522 τὸ
3148 2470 3324 2537 γένος,
3364 2471 3620 2540 μέγιστος

2034 2555 2355 2626 στρατηγὸς,
2396 2559 2780 2629 στρατηγήσας
2812 2562 2868 2613 ὲν
2902 2560 2979 2631 τῷ
3022 2561 3342 2633 Λευκτρικῷ
3374 2563 3619 2634 πολέμῳ,

2035 2646 2280 2718 μαθητὴς
2307 2648 2597 2718 γενόμενος
2617 2651 2875 2705 Φιλολάου
2911 2652 3005 2705 τοῦ
3030 2654 3421 2727 Πυθαγορείου.
3452 2653 3621 2720 Οὗτος

2033 2739 2287 2809 πολεμῶν
2313 2741 2699 2812 ἐνεκρατεύετο
2729 2744 2868 2798 πάνυ
2908 2746 3003 2798 καὶ
3039 2746 3146 2798 ἀπὸ
3178 2746 3484 2818 βρωμάτων
3527 2751 3621 2803 καὶ

2035 2831 2144 2883 ἀπὸ
2179 2832 2505 2903 ἀφροδισίων
2535 2835 2628 2888 καὶ
2661 2835 2843 2906 πάσης
2878 2837 3210 2907 ἡδυπαθείας
3232 2856 3244 2868 ο
3279 2840 3359 2893 διὸ
3404 2842 3497 2894 καὶ
3526 2841 3623 2911 μέ-

2033 2940 2195 2991 γιστα
2229 2923 2370 2977 κατὰ
2412 2926 2858 2997 Λακεδαιμονίων
2909 2930 3105 3000 ἔστησε
3155 2932 3413 3002 τρόπαια.
3460 2935 3517 2988 Ὀ
3564 2936 3621 2989 δὲ

2033 3016 2291 3086 Σκηπίων
2343 3018 2437 3069 καὶ
2482 3019 2644 3081 αὐτὸς
2705 3021 3011 3091 στρατηγὸς
3068 3023 3387 3093 Ῥωμαίων,
3440 3027 3622 3097 ὅμοιος

2034 3108 2175 3162 κατὰ
2226 3107 2324 3178 τὴν
2375 3107 2582 3163 δίαιταν
2631 3110 2692 3163 τὸ
2742 3107 2876 3183 ἦθος
2908 3113 2988 3183 τῷ
3035 3114 3449 3187 Ἐπαμινώνδᾳ·
3502 3120 3623 3191 ἠρί-

2037 3216 2227 3252 στευσε
2267 3201 2324 3252 δὲ
2356 3202 2451 3254 καὶ
2482 3202 2644 3266 αὐτὸς
2678 3206 2736 3256 ὲν
2767 3208 2881 3268 τοῖς
2911 3206 3047 3276 πρὸς
3094 3210 3498 3281 Καρχηδονίους
3526 3230 3621 3265 πο-

2031 3290 2239 3360 λέμοις,
2280 3292 2339 3355 ὃς
2382 3295 2445 3345 ἐκ
2478 3296 2575 3364 τῆς
2603 3295 2761 3363 νίκης
2804 3296 2899 3350 τοῦ
2949 3298 3134 3364 ἔθνους
3164 3304 3263 3373 τήν
3304 3304 3622 3374 ἐπωνυμίαν

2030 3382 2261 3451 ἔλαϐεν,
2285 3383 2379 3436 καὶ
2414 3384 2616 3458 ἐκλήθη
2646 3387 2906 3459 Σκηπίων
2950 3392 3274 3462 ’Λφρικανός
3295 3411 3307 3423 ·
3356 3397 3544 3466 ’Λφροὶ
3566 3397 3620 3451 δὲ

2028 3477 2076 3527 οί
2106 3475 2464 3547 Καρχηδόνιοι
2499 3477 2768 3550 λέγονται.

1625 3739 1678 3792 5.
1714 3738 1789 3792 De
1830 3739 2013 3792 Oreste
2043 3746 2093 3791 et
2126 3735 2346 3809 Pylade.

426 3836 665 3901 Orestes,
696 3836 1120 3908 Agamemnonis
1149 3835 1314 3895 ﬁlius,
1346 3833 1600 3908 Pyladen]
1636 3842 1787 3889 tanto
1817 3848 2005 3889 amore
2055 3833 2318 3902 diligebat
2362 3832 2712 3903 vicissimque
2750 3835 2822 3887 ab
2860 3850 2926 3888 eo
2974 3834 3320 3908 diligebatur,
3364 3846 3421 3889 ut
3461 3837 3604 3892 hunc

357 3920 630 3963 mortuum
660 3910 726 3961 ad
750 3907 953 3962 inferos
991 3922 1161 3977 usque
1186 3913 1408 3960 secutus
1434 3907 1525 3960 sit.

1678 3994 1731 4049 6.
1759 3993 1836 4047 De
1866 3993 2185 4063 labyrintho,
2211 4003 2316 4050 etc.

426 4091 580 4147 Mons
607 4102 690 4146 est
717 4092 769 4145 in
796 4091 954 4145 Creta
997 4089 1169 4163 insula
1199 4089 1602 4163 οιιῐηνερειιιηοιξ
1620 4087 1918 4163 profunda,
1946 4089 2225 4163 inaccessa
2256 4087 2603 4163 adeuntibus,
2625 4089 2966 4163 exeuntibus
2985 4089 3321 4152 difﬁcillima,
3354 4093 3408 4147 in
3434 4109 3599 4163 quam

357 4162 725 4217 Minotaurum
766 4171 991 4215 narrant
1022 4162 1191 4215 fuisse
1221 4158 1650 4232 conje‘ctum.9b
1668 4160 1808 4232 hanc
1838 4159 2004 4228 igitur
2026 4158 2320 4232 labyrinthi
2352 4168 2603 4232 naturam
2634 4158 2930 4232 Gregorius
2957 4162 3101 4232 hanc
3130 4177 3315 4215 vocem
3351 4158 3599 4232 usurpat,

355 4235 423 4285 de
452 4230 1535 4301 sermonibusloquensinextricabilibus.
1568 4229 1724 4301 Retia
1752 4230 1871 4299 ipsa
1906 4242 2000 4296 per
2038 4229 2344 4297 analogiam
2382 4229 2590 4284 inducit
2620 4230 2965 4300 multiplicia,
2991 4231 3193 4301 quibus
3224 4233 3290 4287 ad
3322 4229 3602 4288 venandos

356 4318 537 4368 ursos,
563 4318 772 4367 cervos,
806 4303 916 4356 imo
943 4300 1171 4355 fortiora
1197 4300 1454 4355 animalia
1484 4300 1752 4370 captanda
1786 4307 2030 4353 utuntur.

1659 4437 1713 4491 7.
1747 4436 1823 4490 De
1851 4435 2064 4506 ﬁliabus
2099 4433 2336 4489 Scedasi.

426 4531 840 4597 Lacedaamonii,
862 4531 1017 4586 victis
1050 4532 1192 4586 bello
1205 4529 1666 4600 Peloponnesiaco
1692 4527 2140 4600 Atheniensibus,
2160 4527 2340 4581 socios
2364 4540 2497 4600 suos_
2515 4526 2843 4600 lacessituri,
2872 4527 3134 4583 adversus
3164 4528 3380 4585 Thebas
3402 4531 3601 4587 bellum

356 4611 680 4665 moverunt;
713 4602 804 4655 sed
828 4594 1119 4670 antequam
1146 4594 1671 4669 urbem—expugnare
1692 4608 1932 4670 possent,
1955 4598 2019 4650 ad
2042 4596 2334 4670 Leuctras,
2355 4598 2502 4670 quod
2523 4606 2609 4651 est
2637 4594 3019 4670 Thebanorum
3057 4599 3277 4670 ditionis
3319 4604 3599 4668 oppidum,

355 4671 732 4741 Epaminonda
765 4672 903 4725 duce
934 4666 1345 4731 Thebanorum.
1382 4666 1634 4740 magnam
1674 4666 1881 4741 cladem
1920 4669 2068 4741 passi
2100 4675 2246 4741 sunt.
2303 4666 2595 4732 Scedasus,
2626 4666 2720 4734 qui
2753 4666 3105 4741 Leuctrarum
3152 4666 3450 4741 habitabat,
3491 4666 3600 4725 tres

355 4737 589 4796 habebat
617 4741 775 4797 ﬁlias.
814 4741 1025 4795 Accidit
1053 4750 1111 4795 ut
1133 4742 1300 4808 aliqui
1330 4737 1727 4795 Lacedaemonii
1774 4738 2013 4809 hospitio
2065 4738 2134 4790 ah
2172 4737 2241 4809 ii_s
2273 4741 2479 4809 excepti
2526 4752 2622 4790 eas
2662 4739 3098 4809 constuprarint,
3143 4739 3505 4809 timentesque
3537 4759 3605 4796 ne

354 4813 546 4881 puella:
574 4812 937 4865 dchonestatee
969 4813 1107 4881 patri
1140 4805 1255 4866 rem
1307 4811 1626 4881 revelarent,
1668 4824 1777 4881 eas
1812 4805 2152 4881 trucidarint.
2202 4806 2345 4881 Inter
2392 4807 2506 4881 haac
2562 4821 2815 4859 reversus
2852 4805 3134 4881 _Scedasus
3161 4808 3314 4881 et_dc
3354 4805 3432 4881 eo
3456 4812 3602 4879 quod

353 4875 612 4936 evenerat
652 4882 853 4935 certior
888 4875 1086 4945 lactus,
1124 4881 1326 4949 juravit
1357 4882 1569 4935 cunctis
1606 4878 2032 4949 Lacedaemoniis
2072 4891 2240 4945 prope
2272 4876 2389 4945 ipsa
2434 4875 2667 4929 ﬁliarum
2699 4876 2961 4945 .sepulcra
2996 4879 3332 4945 pereundum
3370 4875 3501 4935 fore.
3535 4881 3603 4936 Et

355 4953 496 5008 hanc
523 4952 742 5022 quidem
776 4951 845 5007 ob
866 4966 1084 5007 causam
1114 4946 1355 5006 Lacones
1383 4951 1448 5004 ad
1479 4950 1737 5005 Leuctras
1764 4948 1891 5001 victi
1927 4946 2207 5017 fugatique
2229 4953 2378 5000 sunt.

1601 5091 1654 5146 8.
1688 5091 1763 5144 De
1799 5090 1935 5158 fabis
1969 5089 2363 5158 Pythagoricis.

427 5185 746 5259 Pythagorei
773 5185 1243 5259 philo_s_ophi_sunt
1275 5182 1590 5259 Pythagora:
1620 5185 1675 5238 in
1716 5183 1883 5259 Samo
1920 5183 2105 5259 insula
2146 5182 2364 5259 oriundi
2405 5182 2645 5259 asseclm.
2685 5180 3203 5259 Discebant__autem
3245 5185 3603 5259 philosophiae

353 5252 625 5327 ιιι-εδει)ιά
682 5252 835 5311 more
884 5252 1198 5327 allegorico,
1232 5262 1291 5327 ut
1319 5252 1332 5307 ξ
1361 5252 1534 5327 ᾼΡᾳὸἱος
1571 5271 1682 5327 Anon
1722 5255 1879 5327 vesci,
1916 5254 1954 5306 i.
1986 5268 2037 5308 e.
2075 5268 2188 5307 rem
2222 5252 2353 5327 justi
2396 5253 2495 5305 viri
2518 5267 2604 5327 _ne
2646 5253 2851 5327 prodas
2887 5252 3125 5319 judicem
3176 5252 3597 5327 corrumpe—nilo.

351 5322 666 5397 Antiquitus
704 5327 848 5397 enim
872 5322 1234 5380 Atheuienses
1265 5323 1405 5377 fabis
1430 5324 1486 5376 in
1517 5325 1878 5380 tribunalibus
1913 5332 2245 5379 tesserarum
2277 5323 2399 5375 loco
2422 5322 2735 5375 utebantur.
2760 5322 2889 5375 Inde
2924 5333 3253 5392 praceptum
3283 5344 3295 5379 :
3323 5322 3446 5380 Non
3465 5328 3602 5379 vesci

352 5397 490 5467 fabis
502 5396 885 5466 ’judicialibus.

1507 5506 1561 5561 9.
1592 5506 1669 5561 De
1698 5506 1939 5576 Scipione
1970 5515 2021 5560 et
2051 5488 2441 5577 Epaminonda.

424 5602 467 5658 E
493 5602 872 5659 Thebanorum
905 5611 1062 5674 gente
1093 5613 1247 5658 ortus
1282 5600 1706 5669 Epaminondas,
1740 5604 1824 5656 vir
1856 5603 1931 5655 rei
1966 5602 2218 5674 militaris
2256 5600 2646 5674 peritissimus,
2670 5599 2904 5654 Philolai
2926 5600 3254 5674 Pythagorei
3281 5605 3599 5674 discipulus

351 5675 615 5730 exercitui
644 5674 889 5729 Leuctris
912 5673 1161 5744 praefuit.
1192 5674 1335 5727 Inter
1360 5687 1513 5744 arma
1548 5687 1577 5725 a

1650 5673 1755 5737 ula,
1800 5687 1995 5726 venere
2046 5672 2307 5739 omnique
2347 5669 2577 5724 mollitia
2617 5680 2863 5741 remotus
2903 5669 3073 5737 vixit;
3110 5669 3223 5741 quo
3273 5669 3470 5729 factum
3515 5683 3600 5730 est

354 5754 415 5798 ut
438 5744 876 5800 Lacedaemonios
894 5740 1097 5813 piuries
1134 5744 1398 5798 vinceret.
1421 5740 1572 5813 Hanc
1590 5740 1977 5813 Epaminondae
2002 5743 2124 5795 vita:
2161 5743 2792 5813 rationemsecutusest
2827 5740 3030 5810 Scipio,
3083 5740 3192 5798 dux
3226 5743 3597 5801 Romanorum

353 5815 603 5882 illustris,
641 5815 694 5869 in
728 5810 1133 5872 hellis—Punicis
1168 5814 1341 5870 victor
1369 5812 1659 5870 Africanus
1696 5812 2132 5883 cognominatus.
2175 5811 2327 5868 Poeni
2366 5810 2509 5866 enim
2545 5818 2599 5867 et
2631 5810 2744 5866 Afri
2773 5823 3178 5882 nuncupantur.
