4182 6362
459 355 568 416 627

463 483 569 555 κβ’.
612 480 752 549 Περί
797 477 1234 546 δουλοσπόρων
1272 475 1521 532 Σκυθῶν
1564 479 1665 531 καὶ
1698 477 2053 548 μαστιγιῶν.

533 575 656 628 Τῶν
692 571 938 644 νομάδων
989 569 1210 624 Σκυθῶν
1261 569 1428 642 μέρος
1465 586 1519 622 τι
1573 570 1797 640 ἐξῆλθεν
1845 571 1910 623 ἐκ
1955 571 2055 641 τῆς

459 666 698 730 Σκυθίας
744 663 1099 736 πλανώμενον
1136 665 1230 717 ἐπὶ
1277 663 1532 736 λῃστείᾳ·
1587 663 1780 718 εἴασαν
1823 663 1880 716 δὲ
1929 663 2056 725 τοὺς

457 759 678 822 οἰκέτας
711 751 856 813 οὗτοι
892 757 1032 829 μετὰ
1058 756 1168 810 τῶν
1205 757 1481 826 γυναικῶν
1516 756 1766 828 τυρεύειν
1799 755 1859 809 τὸ
1887 754 2052 826 γάλα,

459 853 587 917 τοὺς
632 852 689 905 δὲ
733 853 948 914 οἰκέτας
987 850 1166 904 αὐτῶν
1221 849 1548 918 ἐξετύφλουν
1581 850 1631 902 οί
1678 847 1905 912 Σκύθαι,
1958 847 2053 901 καὶ

460 945 636 1009 οὕτως
683 946 948 1014 παρεῖχον
992 943 1176 1006 αὐτοῖς
1208 942 1480 1014 τυρεύειν.
1521 943 1732 1014 Χρόνου
1767 937 1860 995 οὗν
1895 941 2054 1010 ὲγγε-

461 1036 714 1109 νομένου,
750 1035 981 1089 καὶτῶν
1013 1034 1236 1088 Σκυθῶν
1277 1033 1385 1088 τῶν
1429 1033 1754 1101 ἐξελθόντων
1795 1033 1870 1104 μὴ
1916 1033 2052 1086 ὐπο-

464 1127 832 1200 στρεφόντων,
869 1129 928 1182 αἱ
972 1129 1230 1196 γυναῖκες
1278 1126 1503 1196 φοιτῶσι
1549 1126 1703 1196 παρὰ
1743 1129 1856 1190 τοῖς
1887 1127 2050 1178 ἐκτυ-

463 1221 725 1290 φλωθεῐσι
769 1219 998 1284 δούλοις,
1035 1219 1130 1273 καὶ
1170 1219 1517 1288 συγγίνονται
1561 1218 1748 1281 παῖδες
1779 1219 1900 1271 ἀντὶ
1941 1218 2049 1272 τῶν

460 1313 788 1379 ἐξελθόντων
809 1311 1061 1366 Σκυθῶν·
1088 1307 1230 1382 ἦσαν
1254 1311 1313 1364 δὲ
1340 1309 1516 1364 δοῦλοι
1545 1309 1687 1362 κατὰ
1711 1310 1771 1362 τὸ
1802 1309 2045 1381 σπέρμα.

462 1409 526 1461 Oi
555 1403 650 1461 οὖν
677 1405 847 1460 πάλαι
878 1404 1188 1470 ἐξελθόντες
1234 1401 1440 1456 Σκύθαι
1476 1402 1916 1473 ὑποστρέψαντες
1959 1395 2048 1454 εὖ·

463 1517 558 1573 ρον
582 1500 710 1563 τοὺς
733 1500 799 1552 ὲκ
829 1498 936 1552 τῶν
977 1497 1178 1551 δούλων
1212 1497 1569 1568 γεννηθέντας
1597 1496 1912 1568 ἡϐήσαντας
1953 1497 2048 1550 καὶ

461 1592 910 1664 ἐναντιουμένους
941 1591 1138 1654 αὐτοὺς
1173 1590 1354 1653 αὐτοῖς
1376 1605 1390 1620 ο
1425 1589 1520 1644 καὶ
1554 1589 1849 1659 γενομένου
1893 1589 2050 1642 πολέ-

464 1705 566 1758 μου
601 1686 803 1758 μεταξὺ
835 1685 945 1738 τῶν
970 1683 1347 1754 δουλοσπόρων
1372 1684 1466 1736 καὶ
1499 1682 1613 1735 τῶν
1641 1683 2047 1737 ἐπανελθόντων

460 1777 704 1842 Σκυθῶν,
759 1775 1027 1846 ἡττῶνται
1075 1774 1218 1828 πάνυ
1251 1776 1300 1827 οἱ
1356 1773 1768 1837 ἐπανελθόντες.
1823 1773 2048 1838 Τούτοις

459 1864 553 1922 οὖν
587 1867 901 1939 ἡττηθεῖσιν
931 1862 1010 1928 εἷς
1038 1883 1122 1928 τις
1162 1864 1581 1917 συνεϐούλευσεν
1617 1865 1691 1935 μὴ
1734 1865 1921 1928 ὅπλοις
1953 1866 2048 1918 αύο

459 1962 569 2022 τοῖς
595 1959 924 2030 πολεμῆσαι,
944 1959 1078 2012 ἀλλὰ
1101 1958 1190 2010 διὰ
1221 1957 1501 2028 μάστιγος.
1531 1957 1603 2009 Τὸ
1629 1958 1736 2028 γάρ
1752 1958 1818 2010 δι’
1843 1959 2044 2022 ὃπλων,

461 2049 632 2120 φησὶ,
698 2047 1006 2118 πολεμῆσαί
1048 2065 1200 2108 τινας
1246 2047 1322 2110 ὡς
1371 2047 1478 2100 ἀπὸ
1527 2047 1657 2100 ίσων
1709 2048 1849 2119 πρὸς
1899 2049 2048 2111 ἴσους

459 2143 609 2197 ἐστὶν
637 2145 666 2196 ό
698 2141 954 2212 πόλεμος,
978 2141 1041 2193 τὸ
1066 2141 1121 2193 δὲ
1150 2139 1238 2193 διὰ
1277 2139 1556 2209 μαστίγων
1585 2140 1769 2204 αὐτοῖς
1801 2139 2047 2192 ἐπελθεῖν

457 2237 534 2300 ὠς
564 2235 675 2290 άπὸ
709 2233 990 2288 δεσποτῶν
1023 2235 1104 2296 εἰς
1133 2231 1354 2295 δούλους
1403 2232 1572 2285 ἐστίν.
1619 2234 1682 2285 Ol
1727 2227 1820 2285 οὖν
1867 2231 2048 2284 δουλο-

459 2329 652 2402 σπόροι
684 2327 1012 2398 θεασάμενοι
1044 2327 1173 2388 τοὺς
1207 2325 1420 2389 Σκύθας
1460 2325 1599 2396 μετὰ
1623 2325 1732 2378 τῶν
1767 2326 2046 2396 μαστίγων

458 2417 745 2487 ὑπέκυψαν
784 2416 860 2480 ὡς
907 2416 1057 2480 ἰδίοις
1084 2415 1396 2482 δεσπόταις,
1438 2415 1533 2468 καὶ
1562 2413 1738 2477 οὕτως
1772 2415 2044 2487 κατελύθη

455 2513 486 2564 ὁ
524 2511 778 2580 πόλεμος.

691 2609 798 2670 κγ’.
839 2602 980 2670 Περί
1023 2599 1140 2654 τῶν
1175 2599 1548 2654 Θετταλικῶν
1585 2600 1806 2655 ἵππων.

526 2697 685 2750 Πᾶσα
716 2694 871 2759 πόλις
906 2694 1028 2748 κατ’
1056 2693 1336 2766 ἐξαίρετόν
1364 2711 1416 2745 τι
1439 2693 1597 2763 ἔσχεν
1633 2693 1847 2764 ἰδίωμα,
1872 2688 1982 2746 οἷον
2011 2695 2043 2764 ἡ

454 2787 741 2843 Θετταλῶν
767 2786 922 2858 χώρα
943 2785 1100 2856 ἔσχεν
1131 2787 1256 2848 τοὺς
1281 2785 1502 2848 ἵππους,
1537 2787 1569 2854 ἡ
1594 2784 1702 2837 τῶν
1744 2784 2043 2856 Ἀθηναίων

453 2884 524 2936 τὰ
565 2881 804 2954 μέταλλα
850 2879 943 2933 τοῦ
995 2879 1282 2952 ἀργυρίου,
1331 2881 1362 2949 ἡ
1411 2879 1569 2934 Ἰνδία
1614 2880 1714 2950 τὴν
1759 2880 2044 2949 χρυσίτιδα

454 2977 703 3046 ψάμμον,
751 2973 827 3038 ὡς
871 2972 969 3026 καὶ
1003 2973 1036 3041 ἠ
1087 2971 1534 3040 Λακεδαιμονίων
1568 2972 1738 3036 κύνας
1783 2973 2042 3044 θηρευτι-

456 3068 607 3131 κοὺς,
645 3065 798 3119 ἔνθεν
827 3065 923 3118 καὶ
969 3064 1019 3116 οἰ
1050 3062 1361 3116 Λακωνικοὶ
1409 3062 1592 3128 κύνες,
1639 3065 1733 3117 καὶ
1775 3067 2044 3133 γυναῖκας

1603 354 1878 410 COSMAS
1927 352 2638 412 HIEROSOLYMITANUS

3638 348 3746 409 623

2159 477 2440 549 ἀνδρείους
2475 475 2569 531 καὶ
2617 474 2961 545 ἀπτοήτουςο
3013 475 3170 546 ἔσχεν
3197 477 3254 530 δὲ
3301 476 3394 531 καὶ
3437 478 3472 548 ἡ
3525 473 3747 529 Σικελία

2158 567 2256 639 τὴν
2302 567 2634 639 Ἀρέθουσαν
2671 567 2879 636 πηγὴν,
2910 561 2979 640 ἦς
3012 567 3265 640 ἐρασθεὶς
3289 571 3319 622 ό
3362 567 3608 636 ’Λλφειδς
3649 583 3745 620 πο-

2156 664 2350 733 ταμὸς,
2397 663 2581 726 διαδὺς
2618 661 2717 716 τίσιν
2747 660 3022 716 θάλασσαν
3070 663 3221 736 παρὰ
3265 664 3365 735 τὴν
3411 661 3746 733 Ἀρέθουσαν

2159 758 2342 830 πηγὴν
2375 758 2625 828 ἀνεδόθη.

2313 850 2413 904 κδ’.
2455 852 2598 921 Περί
2629 852 2952 916 Πλάτωνος
2982 851 3050 903 ἐν
3083 849 3292 918 λόγοις
3323 848 3584 912 πόλεως.

2226 943 2453 998 Πλάτων
2483 945 2512 996 ὁ
2547 944 2833 1014 φιλόσοφος
2859 940 3235 1012 συνεγράψατο
3273 939 3582 1008 σύνταγμα,
3603 936 3743 1006 ὅπερ

2154 1035 2474 1090 Πολιτείαν
2518 1035 2853 1108 ἐπέγραψεν.
2918 1033 3006 1086 Ἐν
3051 1031 3226 1102 τούτῳ
3272 1030 3349 1101 τῷ
3399 1029 3741 1098 συντάγματι

2153 1127 2304 1196 λέγει
2336 1127 2527 1181 ὁποίαν
2558 1127 2638 1181 δεῖ
2669 1127 2920 1198 γενέσθαι
2969 1125 3142 1189 πόλιν,
3175 1125 3271 1178 καὶ
3315 1126 3380 1177 ἐκ
3413 1122 3598 1174 πόσων
3646 1119 3742 1171 ἅν-

2151 1219 2296 1291 δρῶν
2333 1221 2718 1292 συγκειμένην,
2751 1221 2843 1273 καὶ
2870 1219 3044 1281 ποίοις
3081 1217 3230 1270 ἔθεσι
3263 1217 3355 1268 καὶ⁸
3393 1213 3620 1286 τρόποις
3647 1227 3742 1262 πο-

2152 1312 2537 1382 λιτευομένην·
2593 1312 2730 1383 αὕτη
2778 1313 2835 1366 δὲ
2893 1311 3043 1382 αύτῷ
3095 1312 3129 1381 ἠ
3179 1309 3335 1370 πόλις
3378 1306 3523 1375 λόγῳ
3580 1303 3743 1374 μόνον

2157 1406 2408 1478 συνέστη,
2441 1405 2587 1476 ἔργῳ
2621 1406 2677 1459 δὲ
2723 1405 2846 1460 οὔτε
2880 1404 3134 1473 συνέστη,
3172 1401 3298 1454 οὕτε
3329 1397 3736 1452 ἐπολιτεύσατο.

2167 1499 2255 1551 Ἐν
2296 1498 2490 1569 ἐκείνῳ
2529 1494 2624 1552 οὖν
2659 1498 2738 1569 τῷ
2770 1499 3109 1568 συντάγματι
3150 1494 3299 1562 λέγει
3353 1491 3511 1544 τοῦτο
3546 1488 3608 1541 τὸ
3641 1489 3741 1559 ρη-

2153 1591 2338 1655 σίδιον,
2360 1591 2442 1644 ὅτι
2483 1591 2924 1645 Ὑποκείσθωσαν
2955 1591 3086 1661 ἡμῖν
3109 1589 3158 1642 οί
3197 1585 3410 1640 πολῖται
3439 1584 3504 1637 ἶν’
3537 1581 3744 1652 ἴδωμεν

2151 1683 2330 1738 αὐτῶν
2373 1686 2698 1753 κινουμένην
2729 1683 2826 1754 τὴν
2861 1683 3127 1737 ἐπίνοιαν.

2151 1784 2248 1830 κε’.
2286 1777 2426 1846 Περὶ
2471 1778 2577 1831 τοῦ
2624 1780 2656 1831 ὀ
2702 1776 2906 1843 Φάνης
2951 1776 3048 1829 καί
3099 1778 3131 1829 ό
3169 1776 3303 1843 Ἦρι
3336 1771 3433 1826 καὶ
3462 1772 3495 1824 ὁ
3531 1769 3734 1834 Παῖος.

2236 1867 2324 1921 Ἐν
2361 1869 2476 1931 τοῖς
2526 1865 2808 1938 Ὀρφικοῖς
2851 1867 3152 1937 ποιήμασιν
3199 1863 3490 1934 εἰσηνέχθη
3534 1862 3603 1914 τὰ
3645 1859 3741 1913 δύο

2148 1961 2322 2016 ταῦτα
2366 1963 2650 2032 ποιήματα
2700 1962 2838 2032 μετὰ
2881 1962 2976 2014 καὶ
3015 1960 3192 2015 ἄλλων
3240 1958 3473 2020 πολλῶν,
3529 1949 3605 2009 ὧν
3645 1953 3744 2006 τὸν

2153 2055 2252 2126 μὲν
2281 2055 2502 2125 Φάνητά
2535 2055 2777 2126 εἰσφέρει
2807 2055 3004 2108 αἰδοῖον
3044 2053 3236 2124 ἔχοντα
3266 2052 3442 2104 ὀπίσω
3470 2049 3598 2120 περὶ
3637 2046 3741 2116 τὴν

2151 2149 2352 2218 πυγήν.
2387 2147 2623 2214 Λέγουσι
2663 2145 2719 2198 δὲ
2757 2147 2918 2199 αὑτὸν
2949 2145 3143 2218 ἔφορον
3170 2139 3308 2197 εἰναι
3337 2145 3436 2213 τῆς
3467 2140 3746 2208 ζωογόνου

2148 2239 2453 2310 δυνάμεως.
2503 2240 2734 2310 Ὁμοίως
2767 2240 2822 2292 δὲ
2869 2239 2962 2292 καὶ
3005 2238 3096 2291 τὸν
3143 2238 3275 2308 Ἥρι
3310 2237 3406 2290 κιιῖ⁹
3452 2236 3620 2290 Παῖον
3653 2232 3742 2285 λέο

2149 2349 2338 2401 γουσιν
2371 2333 2566 2405 ἐτέρας
2607 2333 2836 2402 ἐφόρους
2876 2331 3158 2401 δυνάμεως
3186 2325 3346 2384 εἶναι.
3386 2327 3600 2399 Περίδέ
3620 2324 3740 2380 τοῦ.

2146 2427 2174 2478 ὁ
2209 2425 2414 2490 πάντας
2459 2426 2773 2479 καταπίνων
2802 2424 2979 2488 θεοὺς,
3017 2425 3077 2476 οὺ
3111 2423 3258 2491 λέγει
3303 2421 3432 2492 περὶ
3477 2419 3610 2488 ἹΙρι
3642 2416 3740 2468 καὶ

2149 2516 2338 2580 Παίου,
2367 2516 2504 2571 ἀλλὰ
2532 2518 2661 2588 περὶ
2693 2517 2788 2570 τοῦ
2829 2517 3061 2588 Κρόνου.
3094 2515 3324 2584 Λέγεται
3356 2511 3465 2582 γὰρ
3499 2509 3592 2573 οὓς
3625 2507 3739 2561 Ets-

2147 2627 2240 2662 κεν
2292 2611 2474 2676 υἱοὺς,
2525 2610 2688 2664 πάλιν
2738 2611 3044 2672 καταπιεῖν,
3073 2608 3166 2662 καὶ
3218 2606 3422 2676 ἐμῆσαι
3475 2602 3569 2666 οὓς
3627 2601 3736 2672 ἤδη

2147 2702 2425 2758 κατέπιεν.
2475 2704 2706 2770 Λέγεται
2765 2702 2874 2772 γὰρ
2929 2699 3078 2754 λίθον
3131 2699 3421 2752 καταπιεῖν
3471 2694 3594 2749 ἀντὶ
3641 2693 3737 2746 τοῦ

2145 2797 2288 2862 Διὸς,
2319 2795 2413 2850 καὶ
2443 2795 2538 2848 τοῦ
2567 2794 2714 2848 λίθου
2742 2793 3114 2856 κατελθόντος,
3150 2789 3356 2860 ἐμῆσαι
3397 2787 3627 2851 πάντας.

2419 2893 2532 2950 κς’.
2577 2884 2718 2953 Περί
2768 2882 3052 2936 Ὠκεανοῦ
3088 2880 3188 2935 καί
3223 2879 3464 2943 Θέτυος.

2221 2975 2424 3029 Τοῦτον
2479 2975 2793 3045 εἰσφέρουσι
2860 2973 2955 3026 τὸν
3006 2971 3174 3044 μῦθον
3219 2971 3272 3024 οἰ
3338 2967 3595 3039 ποιηταὶ,
3653 2964 3739 3017 ὅτι

2163 3068 2416 3131 Ὠκεανὸς
2456 3069 2641 3139 πατήρ
2681 3069 2797 3120 ἐστι
2830 3065 3050 3119 πάντων
3077 3065 3186 3118 τῶν
3228 3063 3386 3122 θεῶν,
3413 3062 3446 3132 ἡ
3479 3059 3535 3114 δὲ
3568 3057 3739 3118 Θέτυς

463 3178 810 3262 aureolum,
837 3190 934 3262 aut
965 3196 1218 3262 corvum,
1248 3198 1347 3262 aut
1371 3188 1605 3262 quodvis
1665 3189 1870 3262 animal
1914 3187 2483 3262 domest‘icnmtillud
2522 3188 2751 3262 accidet.
2792 3185 2866 3262 De
2916 3185 3023 3262 his
3053 3183 3276 3262 quidem
3307 3182 3487 3239 Polles
3526 3183 3734 3262 librum

463 3250 703 3318 scripsit.
748 3250 1126 3328 Chiromantia
1161 3265 1263 3320 est,
1295 3250 1402 3312 υὺῖ
1423 3262 1490 3314 de
1523 3275 1785 3314 manuum
1827 3259 2173 3313 lineamentis
2220 3250 2441 3327 rugisve
2485 3259 2616 3328 quid
2666 3258 2923 3326 quodque
2977 3250 3255 3328 signiticet
3284 3255 3733 3328 pronuntiamus,

460 3333 549 3372 ex.
586 3335 693 3388 δικ,
727 3336 854 3374 num
880 3324 1093 3394 aliquis
1125 3342 1353 3381 uxorem
1381 3330 1454 3382 sil.
1485 3331 1774 3393 ducturus,
1811 3329 2014 3382 liberos
2031 3328 2234 3382 mullos
2259 3324 2568 3390 habiturus,
2603 3324 2730 3382 alia.
2762 3324 2948 3381 De‘his
2973 3324 3211 3381 Helenus
3247 3326 3528 3394 legendus.
3572 3324 3737 3377 Aliud

461 3398 773 3472 93l_ggn'l‘|8,
799 3393 889 3472 ubi
913 3397 1224 3472 ehem-poris
1260 3401 1635 3472 membrorum
1670 3399 2120 3472 palpitatiouibus
2145 3399 2361 3472 aliquid
2382 3409 2863 3472 argumentamur;
2902 3414 2956 3451 v.
2991 3415 3072 3472 e._;
3110 3393 3319 3472 Oculus
3347 3396 3537 3472 dexter
3563 3394 3737 3463 palpi-

461 3457 641 3514 tavit?
668 3457 749 3515 En
789 3457 1272 3532 signiﬁcationem.
1307 3470 1440 3523 Item
1471 3471 1516 3524 si
1540 3457 1804 3525 humerus
1834 3478 1929 3523 aut
1964 3468 2164 3523 femur.
2197 3457 2312 3523 Hac
2334 3469 2400 3523 de
2439 3457 2497 3524 Fc
2519 3457 2930 3524 Posidonius'et
2957 3469 3052 3523 alii
3083 3468 3237 3522 multi
3269 3457 3626 3536 scripserunt.

1554 3581 1648 3637 22.
1681 3581 1758 3637 De
1794 3585 1955 3638 servis
1981 3582 2298 3652 Scytharum
2328 3582 2641 3637 vernaculis.

534 3669 859 3752 §cvtharum
895 3671 1063 3752 vitam
1091 3673 1458 3752 errabundam
1491 3677 1806 3752 degentium
1826 3693 1954 3752 pars
1977 3679 2227 3752 quaedam
2262 3677 2713 3752 adprzedandum
2739 3680 2968 3752 exierat,
2987 3676 3288 3752 servisuna
3319 3690 3444 3730 cum
3473 3673 3739 3752 uxoribus

461 3741 580 3796 suis
611 3742 782 3801 domi,
805 3742 960 3818 casei
990 3744 1320 3818 conﬁciendi
1357 3741 2034 3818 causa,'re|ictis.'Poste'a
2063 3748 2280 3818 domini
2311 3741 2528 3812 iisdem,
2563 3748 2784 3818 dempto
2819 3748 3104 3802 oculorum
3135 3747 3364 3809 lumine,
3400 3761 3597 3818 caseos;
3626 3745 3738 3798 fur-

460 3826 616 3887 inare
648 3812 1034 3887 permiserunt.
1081 3815 1369 3884 Interiectu
1398 3817 1595 3872 deinde
1634 3827 1896 3887 tempore,
1928 3819 2018 3872 ubi
2055 3816 2273 3887 Scytha:
2328 3835 2395 3872 cx
2437 3819 2631 3873 itinere
2665 3812 2822 3874 ocius
2876 3818 3074 3873 reverti
3129 3818 3429 3882 tardarent,
3475 3816 3747 3887 coniuges

462 3883 709 3958 ipsorum
744 3898 869 3937 cum
898 3885 1070 3958 caecis
1120 3887 1306 3941 vernis
1345 3897 1564 3950 coeunt,
1617 3883 1971 3958 nasciturque
2003 3883 2225 3958 Scythis
2281 3889 2603 3943 absentibus
2635 3890 2815 3958 proles
2866 3889 3052 3943 servili
3106 3888 3315 3942 semine
3370 3895 3510 3941 orta.
3548 3883 3739 3956 Itaque

462 3952 688 4028 Scytlize
707 3955 910 4008 reversi
945 3956 1152 4028 prolem
1183 3959 1460 4028 exservis
1504 3959 1718 4014 viribus
1758 3968 1812 4013 et
1843 3952 2000 4013 aetate
2041 3952 2432 4028 augescentem
2469 3952 2818 4014 invenerunt.
2847 3959 2905 4013 In
2943 3959 3086 4014 bello
3120 3958 3316 4012 deinde
3351 3958 3571 4027 spurios
3597 3952 3741 4010 inter

459 4031 515 4078 et
543 4024 1052 4100 dominos‘exorto,
1096 4027 1150 4079 hi
1185 4027 1406 4100 quidem
1436 4028 1754 4084 vincuntur.
1791 4028 1917 4100 Haec
1946 4045 2070 4083 cum
2122 4024 2194 4083 ita
2246 4040 2451 4092 essent,
2484 4031 2774 4084 consilium
2826 4037 3147 4100 receperunt
3171 4024 3404 4100 alicujus
3441 4028 3737 4100 monentis.

462 4108 571 4169 non
609 4094 940 4169 arniis__ipsis
972 4111 1112 4164 opus
1129 4112 1266 4169 esse
1287 4098 1341 4150 in
1375 4100 1558 4153 servili
1591 4101 1749 4158 bello,
1776 4101 1867 4152 sed
1897 4099 2145 4169 ﬂagellis.
2180 4099 2364 4154 Armis
2389 4101 2534 4154 enim
2573 4101 2833 4154 utendum
2880 4094 3023 4162 esse,
3061 4099 3284 4167 quando
3310 4094 3433 4152 cum
3464 4099 3656 4152 liberis
3684 4107 3742 4151 et

462 4164 718 4240 ingenuis
764 4165 1073 4228 dimicetur,
1119 4165 1378 4240 fustibus
1408 4179 1589 4223 autem
1621 4172 1842 4240 quando
1889 4164 2155 4224 adversus
2200 4185 2388 4226 servos
2428 4187 2516 4224 res
2552 4172 2624 4226 sit
2668 4172 2923 4240 gerenda.
2961 4164 3128 4239 Igitur
3170 4170 3312 4224 servi
3346 4169 3440 4226 ubi
3494 4169 3742 4225 dominos

461 4235 704 4290 fustibus
729 4246 974 4292 armatos
1004 4240 1301 4307 procedere
1329 4238 1617 4307 vidissent,
1640 4235 1832 4296 ἐοινΗί
1863 4241 2048 4294 animo
2077 4257 2198 4296 sese
2227 4241 2614 4308 reddiderunt;
2652 4235 2806 4311 isque
2835 4242 2962 4297 belli
2986 4235 3119 4296 linis
3151 4240 3274 4294 fuit.

1727 4358 1820 4414 25.
1858 4358 1932 4412 De
1963 4357 2282 4412 Thessalicis
2311 4359 2477 4430 equis.

533 4446 888 4528 Unaquaeque
936 4449 1130 4528 civitas
1179 4453 1454 4528 peculiare
1486 4451 1922 4528 quid_ba_hebat,
1947 4460 2002 4506 ei.
2037 4451 2334 4528 Thessaliae
2365 4450 2789 4528 quidem_r_egio_
2819 4453 2975 4523 equis
3029 4453 3143 4528 suis
3198 4449 3740 4528 excelleliat,_A_ttica

459 4521 670 4589 argenti
704 4518 922 4592 fodinis,
951 4518 1098 4592 India
1127 4518 1349 4590 pulvere
1377 4518 1578 4589 aureo;
1609 4523 1692 4578 sic
1723 4520 2120 4592 Lacedaemonii
2158 4518 2398 4576 canibus
2431 4518 3050 4592 venaticis’(hinc'canes
3069 4521 3742 4588 Laconici)ahuudabant,

463 4588 708 4663 itemque
733 4588 952 4663 feminis
987 4588 1298 4659 impavidis.
1328 4588 1657 4659 Arethusam
1695 4592 1898 4648 fontem
1931 4591 2115 4647 Sicilia
2163 4592 2420 4658 habebat,
2454 4593 2612 4663 cujus
2664 4588 2849 4648 amore
2883 4604 3076 4662 captus
3106 4593 3346 4663 Alpheus
3375 4592 3593 4657 ﬂuvius,
3632 4602 3745 4646 tra-

456 4661 609 4732 jecto
635 4659 771 4714 mari
803 4673 972 4731 prepe
993 4663 1319 4720 Arethusam
1342 4663 1588 4719 emicuit.

1535 4754 1626 4814 24.
1656 4756 1732 4812 De
1755 4755 1979 4813 Platone
1997 4759 2048 4812 in
2082 4755 2214 4812 libro
2267 4755 2345 4812 De
2373 4756 2672 4828 republica.

537 4844 937 4921 DocuituPluto
984 4847 1363 4921 philosophus,
1419 4853 1471 4905 in
1524 4851 1664 4906 libro
1719 4851 1796 4905 De
1842 4869 1979 4920 rep.,
2029 4852 2340 4921 cujusmodi
2401 4866 2523 4906 esse
2569 4851 2763 4905 debeat
2817 4851 3040 4911 civitas.
3096 4851 3297 4921 quibus
3357 4852 3568 4906 civibus
3611 4865 3745 4904 con-

462 4927 632 4985 stare,
666 4919 869 4988 quibus
905 4919 1168 4993 institutis
1205 4919 1268 4974 ac
1317 4923 1564 4976 moribus
1611 4919 1904 4992 gubernari
1926 4941 1957 4993 _:
1991 4919 2113 4993 quae
2154 4923 2376 4993 quidem
2412 4923 2606 4993 civjtas
2652 4923 2705 4975 in
2751 4922 2993 4976 Platonis
3036 4919 3252 4990 ingenio
3307 4922 3555 4983 exstitit,
3597 4937 3740 4993 nun-

460 5000 626 5064 quam
655 5000 836 5064 autem
882 5006 1073 5064 reapse
1115 4991 1171 5044 in
1225 4993 1394 5046 vitam
1452 4990 1758 5047 introducta
1793 5002 1894 5048 est.
1925 4991 1983 5045 In
2008 4990 2188 5063 'opcre
2231 4992 2450 5062 quidem
2483 4990 2764 5064 Platonico
2797 4994 2903 5046 hoc
2938 4993 3118 5064 legere
3151 5003 3236 5048 est
3265 5011 3277 5047 :
3306 4993 3543 5048 Assiduo
3569 4991 3728 5046 nobis

461 5061 793 5115 observandi
829 5069 958 5114 sunt
993 5061 1162 5126 cives,
1200 5070 1261 5117 ut
1289 5079 1479 5117 eorum
1515 5065 1804 5133 opiniones
1827 5061 2770 5133 vixdum'natas’deprehendamus.

1361 5185 1450 5239 25.
1493 5183 1566 5238 De
1607 5201 1759 5254 opere
1785 5186 1870 5238 cui
1902 5184 2088 5238 titulus
2121 5201 2139 5237 :
2163 5183 2380 5240 Phanes
2407 5183 2535 5239 Heri
2567 5191 2622 5239 et
2653 5183 2829 5238 Pecus.

530 5279 679 5350 Inter
711 5275 910 5350 Orphei
939 5287 1192 5350 poemata
1227 5279 1338 5333 duo
1383 5280 1654 5350 pra-cipue
1689 5287 2067 5344 numerantur,
2107 5281 2250 5336 sicut
2278 5297 2386 5335 non
2418 5296 2590 5350 pauca
2643 5279 2772 5344 alia,
2815 5279 2870 5334 in
2909 5279 3112 5349 quibus
3144 5276 3376 5332 Phaneti
3425 5277 3758 5350 pudendum

459 5349 780 5404 attribuitur
822 5349 1080 5420 clunibus
1137 5348 1418 5404 adnatum.
1454 5348 1560 5404 Vis
1593 5352 1918 5420 generativae
1959 5367 2081 5406 eum
2122 5348 3061 5420 przesidem'perhibent;ialia’rum

459 5420 645 5473 Paeum
687 5418 947 5488 praesides
987 5434 1108 5474 esse
1141 5420 1347 5474 dicunt.
1380 5420 1575 5475 Dicens
1599 5418 1786 5475 autem
1826 5439 1840 5474 ι
1871 5420 2065 5476 Omnes
2099 5418 2356 5475 devorans
2382 5418 2530 5484 deos,
2556 5437 2664 5474 non
2703 5421 2770 5475 de
2795 5419 2920 5475 Heri
2956 5429 3050 5474 aut

3145 5364 3274 5402 orro
3298 5351 3492 5402 virium
3532 5347 3658 5402 Heri
3697 5361 3753 5400 et

3132 5435 3212 5473 aee
3248 5420 3515 5488 loquitur,
3550 5419 3643 5472 sed
3687 5420 3753 5472 de

462 5489 722 5553 Saturno,
755 5489 851 5558 qui
881 5498 1039 5544 natos
1075 5505 1141 5544 ex
1171 5505 1230 5545 se
1256 5491 1537 5546 devoravit
1558 5490 1958 5562 devoratosque
1990 5493 2300 5547 evomuisse
2332 5493 2553 5548 dicitur.
2597 5491 2857 5563 Lapidem
2895 5493 3089 5548 saltem
3121 5505 3222 5560 pro
3254 5489 3386 5546 Jove
3429 5490 3748 5554 devoravit,

460 5576 571 5627 quo
603 5569 889 5626 concocto,
925 5571 1152 5615 caeteros
1185 5577 1380 5617 omnes
1407 5563 1673 5618 evomuit.

1689 5657 1780 5713 26.
1817 5656 1889 5712 De
1928 5655 2138 5711 Oceano
2185 5668 2233 5712 et
2279 5657 2516 5712 Thetide.

537 5741 761 5820 llancce
795 5756 1024 5799 narrant
1056 5755 1233 5820 poetae
1263 5745 1528 5820 fabulam
1563 5767 1576 5804 :
1611 5748 1868 5804 Omnium
1921 5748 2150 5804 deorum
2203 5750 2454 5806 Oceanus
2511 5759 2594 5805 est
2635 5760 2807 5820 pater,
2845 5749 2989 5803 sicut
3034 5746 3235 5818 Tethys
3285 5756 3479 5809 mater,
3518 5756 3742 5820 uterque

466 5814 820 5882 bissexualis,
860 5832 1035 5887 quare
1058 5814 1220 5873 etiam
1245 5817 1524 5876 discordia
1559 5821 1700 5878 inter
1743 5836 1838 5878 eos
1867 5819 2268 5891 intercedebat;
2303 5821 2520 5878 Juuone
2565 5814 2744 5878 autem
2781 5814 3070 5887 Suadeutc,
3105 5814 3407 5876 concordia
3426 5830 3480 5874 ct
3506 5814 3750 5876 atuicitia
