4182 6362
405 367 503 424 ϐω

408 486 513 540 565
554 481 663 538 Καί
669 479 737 546 ῤ’
760 485 814 536 οἱ
831 482 948 551 μὲν
961 479 1327 551 μιγάδεοὴσιν
1345 477 1713 551 ἐπαΐσσουσι
1737 475 2000 551 γάμοισι,

409 558 511 610 561
558 542 688 619 Τοῖξ
719 552 770 606 δ’
805 542 1124 621 ἄλοχοί”τε
1147 549 1409 619 μέλουσι
1434 548 1626 616 φίλαι,
1656 542 2002 678 ἷιὲιέὶωθτῖῖμὸς

413 696 518 752 565
560 696 842 759 Οὶοτόκος
873 692 926 745 δ’
968 692 1253 746 ἄλλοισιν
1276 689 1560 757 ἐπάρκιος
1585 615 2002 754 ἔπξὲῑῗοτρῗῗξις.

485 829 655 900 Φησὶν
684 830 713 882 ό
752 827 897 890 θεῖος
945 823 1250 896 Γρηγόριος
1297 824 1379 876 ὅτι
1420 823 1611 894 καιρὸς
1648 823 1794 874 ἐστὶν
1822 820 2006 891 ἐπιτή-

413 922 557 985 δειος
594 922 732 974 πᾶσι
776 921 889 981 τοῖς
927 919 1137 990 ἀερίοις
1183 917 1277 970 καὶ
1326 914 1560 979 ἐναλίοις
1596 915 1692 968 καὶ
1740 913 2006 982 ἐπιγείοις

412 1011 509 1065 τοῦ
535 1011 714 1082 γάμου
759 1009 852 1062 καὶ
888 1007 990 1076 τῆς
1021 1005 1158 1078 πρὸς
1195 1005 1460 1076 ἀλλήλους
1494 1005 1693 1076 μίξεως
1714 1020 1731 1033 ·
1770 1003 1920 1056 οὐδὲν
1947 1003 2004 1055 δὲ

411 1104 520 1157 τῶν
554 1104 696 1174 ὅρων
725 1103 825 1172 τῆς
857 1099 1072 1169 φύσεως
1105 1099 1306 1164 ἔξωθεν
1327 1098 1580 1169 διεκχέει,
1618 1097 1739 1151 οὑδὲ
1772 1095 1924 1167 παρὰ
1944 1095 2007 1149 τὸ

415 1195 676 1265 συγγενὲς
721 1194 1005 1262 ἀλλογενεῖ
1049 1191 1336 1262 μίγνυται·
1373 1193 1496 1264 ὄρος
1524 1191 1578 1244 δὲ
1610 1188 1825 1260 φύσεώς
1857 1191 2004 1242 ἐστιν

414 1287 448 1354 ή
494 1282 845 1354 σπερματικὴ
887 1280 1160 1350 καταϐολή
1199 1299 1256 1334 τε
1288 1282 1384 1334 καὶ¹
1421 1281 1683 1352 δύναμις·
1733 1280 1884 1334 οὐδὲν
1913 1275 2005 1333 οὖν

411 1373 521 1426 τῶν
580 1373 836 1426 ἁπάντων
901 1371 1054 1441 παρά
1096 1372 1190 1425 τὸν
1254 1374 1682 1445 συγγενέστερον
1731 1374 1855 1444 ὅρον
1903 1372 2006 1440 τῆς

414 1465 632 1535 φύσεως
711 1465 1154 1528 καταϐάλλεται,
1224 1463 1549 1535 δεσμοῦνται
1621 1464 1822 1536 τρόπον
1880 1461 2006 1516 τινὰ

415 1557 614 1625 πάντα,
675 1557 977 1628 μαινόμενα
1035 1557 1134 1628 μὲν
1181 1557 1472 1630 εὐκαίρως,
1499 1557 1666 1610 ὲπειδ’
1706 1557 1773 1612 ἂν
1822 1558 1854 1610 6
1908 1555 2004 1610 τοῦ

415 1649 578 1720 ἔαρος
625 1649 817 1720 καιρὸς
850 1649 1132 1721 διεγείρει,
1171 1649 1309 1719 μετά
1332 1648 1394 1701 τὸ
1420 1649 1520 1719 τὴν
1551 1646 1711 1716 φύσιν
1745 1647 2007 1719 ἐξυπηρε-

413 1743 682 1814 τήσασθαι
727 1743 784 1796 δὲ
829 1743 1138 1814 ἐπεχόμενα
1158 1757 1173 1773 ⁶
1204 1742 1264 1796 τὸ
1297 1742 1397 1814 μὲν
1431 1738 1525 1796 οὖν
1551 1741 1683 1813 θῆλυ
1710 1741 1820 1795 τῶν
1849 1739 2008 1812 ἀρρέ-

414 1854 520 1889 νων
557 1836 941 1907 ὲγκυμονῆσαν
992 1835 1320 1906 ἀποτρέχει’
1377 1834 1472 1888 τοῦ
1516 1833 1574 1888 δὲ
1622 1833 1829 1904 θήλεως
1866 1835 2008 1890 κατὰ

417 1929 653 2000 γαστρὸς
700 1928 936 1998 ἔχοντος,
972 1928 1060 1982 διὰ
1088 1928 1198 1980 τῶν
1237 1926 1614 1998 αἰσθητηρίων
1653 1926 2007 2000 ἀντιλαὸόμε-

413 2039 525 2083 νον,
563 2022 820 2093 ἀποπηδᾷ
851 2023 944 2075 τὸν
981 2021 1189 2093 ἄρρενα
1209 2036 1223 2049 °
1277 2021 1360 2074 διὸ
1392 2020 1486 2074 καὶ
1530 2020 1628 2091 τὴν
1658 2023 1894 2090 γυναῖκα
1919 2022 2008 2094 θη-

414 2112 645 2183 λυτέραν
666 2113 714 2164 οί
743 2113 898 2180 σοφοὶ
927 2111 1380 2182 προσηγόρευσαν
1402 2126 1416 2140 ο
1433 2110 1624 2163 πασῶν
1647 2109 1756 2180 γὰρ
1782 2113 1840 2163 ὲν
1857 2113 2007 2183 πάσῃ

414 2204 479 2273 τῇ
500 2202 674 2254 κτίσει
693 2201 923 2273 θηλείων
943 2201 1082 2273 μετά
1096 2204 1196 2274 τὴν
1225 2201 1610 2272 σπερματικὴν
1625 2201 1886 2272 σύλληψιν
1909 2204 2008 2257 οὐκ

413 2291 816 2362 ὲπιδεχομένων
869 2291 930 2345 τὸ
983 2291 1183 2363 ἄρσεν,
1235 2294 1269 2363 ἡ
1323 2293 1462 2362 γυνὴ
1518 2290 1676 2344 τοῦτο
1725 2296 1901 2346 ποιεῖν
1945 2295 2007 2348 ού

416 2387 788 2456 παραιτεῖται,
825 2385 921 2437 καὶ
953 2384 1094 2455 μετά
1120 2383 1182 2437 τό
1219 2384 1504 2438 συλλαϐεῖν
1533 2385 1889 2458 ἑπιδεχομένη
1917 2388 2009 2441 τὸν

418 2477 836 2548 σπερματιστὴν
867 2478 1072 2549 ἄρσενα
1094 2493 1108 2508 ·
1147 2478 1240 2530 καὶ
1273 2479 1381 2530 πᾶν
1415 2477 1514 2548 μὲν
1546 2478 1674 2532 ἄλλο
1705 2497 1758 2532 τι
1790 2480 1898 2532 τῶν
1925 2497 2012 2548 γε-

416 2570 524 2623 νῶν
563 2570 699 2641 θῆλυ
734 2567 1240 2642 προσαγορεύεται,⁶
1259 2569 1534 2642 θηλυτέρα
1565 2570 1622 2624 δὲ
1661 2573 1694 2642 ή
1724 2571 1862 2642 γυνὴ
1887 2573 2010 2626 τοῦ·

417 2681 510 2716 τον
544 2663 618 2726 ὡς
664 2663 876 2733 ἔφημεν
903 2662 993 2715 τὸν
1022 2663 1242 2734 τρόπον.
1279 2661 1421 2716 τοῦτ’
1474 2662 1620 2714 ἔστιν
1661 2662 1882 2734 θηλείας
1921 2663 2012 2735 οη-

417 2757 737 2826 λυκωτέρασ
776 2755 871 2809 καὶ
932 2754 1116 2826 μέντοι
1150 2754 1258 2809 τῶν
1292 2754 1495 2825 ἀερίων
1531 2754 1627 2807 καὶ
1658 2753 1886 2824 χθονίων
1915 2755 2008 2808 καὶ

419 2849 720 2903 θαλαττίων
771 2849 908 2901 εἰσὶν
953 2847 989 2900 ἀ
1036 2849 1161 2910 ταῖς
1208 2846 1454 2918 θηλείαις
1506 2848 1762 2918 ἀκρατῶς
1812 2847 2008 2918 μίγδην

418 2941 780 3014 ἐπιπηδῶσιν,
807 2938 885 3005 οἷς
919 2941 976 2993 δὲ
1005 2939 1227 3013 φροντίς
1267 2941 1383 2993 ἐστι
1416 2939 1508 2992 καὶ
1537 2940 1792 3008 γαμικῶν
1840 2939 2007 2992 θαλά-

421 3052 537 3106 μων
578 3034 672 3088 καὶ
716 3032 1030 3104 προσ-φιλῶν
1077 3032 1370 3102 γαμετῶνο
1419 3031 1568 3087 ἄλλοι
1611 3032 1668 3084 δὲ
1707 3031 1845 3103 πλὴν
1890 3031 2008 3097 ἐνὸς

416 3129 477 3181 οὐ
527 3125 788 3198 μοχθοῦσι
827 3124 1077 3190 τοκετοῦ,
1127 3127 1192 3195 τῇ
1248 3123 1408 3194 φύσει
1453 3125 1514 3177 τὸ
1558 3125 1868 3196 πρόσφορον
1907 3141 2004 3194 χαι

419 3219 731 3292 ριζόμενοι,
773 3218 867 3271 καὶ¹
914 3215 1066 3287 αὐτῷ
1106 3217 1201 3269 τοῦ
1244 3215 1580 3288 δημιουργοῦ
1633 3217 1793 3285 λόγου
1847 3232 2010 3286 προσ-

417 3315 657 3384 τάγματι
699 3308 1145 3380 πειθαρχοῦντες,
1181 3308 1256 3372 ὡς
1296 3307 1546 3362 ἐντεῦθεν
1578 3308 1675 3380 τὴν
1705 3309 2006 3380 ἀκράτειαν

419 3404 572 3476 παρά
627 3403 788 3472 φύσιν
840 3400 1061 3471 εὔδηλον
1107 3401 1511 3471 εἰσενηνέχθοιι·
1565 3401 1798 3470 καὶγὰρ
1841 3402 2006 3465 αὐτὸς

419 3499 614 3566 ἐπάγει
635 3494 932 3567 Γρηγόριος
961 3496 990 3547 6
1018 3493 1277 3561 Θεολόγος
1306 3487 1409 3546 ὧδε
1437 3494 1661 3562 φάσκων
1679 3511 1691 3522 ·
1730 3495 1788 3546 Εἰ
1816 3493 1872 3547 δὲ
1911 3493 2007 3546 καὶ

420 3595 534 3656 τοῖς
591 3593 840 3662 ἀνοήτοις
899 3590 1028 3659 περ)⁹
1075 3588 1431 3662 σωφροσύνης
1481 3588 1637 3656 λόγος
1685 3589 1856 3650 ἐστὶν,
1913 3588 2008 3640 καὶ

418 3683 623 3754 ταύτης
659 3682 808 3753 μέλει
858 3681 1083 3747 τούτοις,
1130 3674 1176 3735 ὦ
1226 3680 1502 3752 ἄνθρωπε,
1541 3680 1600 3733 τὸ
1650 3680 1877 3750 πλάσμα
1913 3679 2007 3732 τοῦ

1371 359 1462 410 AD
1491 355 1802 412 CARMINA
1845 354 1902 406 S.
1927 349 2262 406 GREGUBII
2303 346 2552 401 THEOB.

3593 337 3701 393 εἷδὶ

2107 465 2232 519 θεοῦ
2262 466 2382 520 κατ’
2415 463 2601 517 εἰκόνα
2632 458 2882 531 τιμηθεὶς
2909 457 2972 510 οὑ
3007 455 3300 528 σωφρόνως
3339 452 3566 525 ζήσαιο,
3607 451 3701 504 καὶ

2105 559 2215 612 τῶν
2243 558 2485 628 ἀνοήτων
2518 555 2845 626 ὑπερέκεινα
2877 551 3144 622 θελήσας;
3184 547 3347 602 παντί
3376 564 3479 600 που
3510 546 3699 618 δῆλον.

2108 669 2213 724 568
2257 670 2506 736 Ἀλλοις
2567 662 2871 734 αὐτομάτη
2917 661 3146 731 σαρκὸς
3201 660 3538 736 δέσις-ρύχ
3590 655 3702 712 ὑπ’

2109 809 2214 864 569
2255 808 2563 876 Θειοτέρου
2598 804 2714 872 τὴν
2751 806 2879 859 οὔτι
2901 803 3315 876 σωφροσύνην]
3343 728 3696 876 κίέῗὲἰύῇν.

2109 880 2214 934 570
2257 871 2527 949 Ἐμπιὶγε
2567 871 2696 947 μὴν
2737 877 2915 945 τέρας
2952 873 3086 927 ἐστὶ
3139 871 3700 1012 θεόσδοτοᾷἒτῖρὲος

2109 1020 2208 1074 571
2253 1019 2456 1084 Ζώειν,
2477 1014 2802 1072 εὐδιόωντά
2819 1017 2866 1067 τ’
2882 1013 2914 1066 ἕ
2917 1031 3048 1083 χειν
3066 1015 3232 1078 νόον,
3245 1012 3338 1080 ἡδ’
3351 1014 3694 1066 άτίνακτον.

2183 1114 2307 1176 Τοῖς
2346 1113 2462 1183 μὲν,
2505 1110 2670 1182 φησὶν
2703 1110 2731 1161 ὁ
2764 1107 3009 1174 θεολόγος
3030 1106 3350 1177 Γρηγόριος,
3379 1106 3471 1173 ἀφ’
3496 1103 3698 1174 ἑαυτῆς

2107 1209 2140 1278 ή
2197 1204 2337 1276 σὰρξ
2364 1205 2593 1265 δέδεται,
2635 1202 2745 1255 τῶν
2777 1201 2915 1272 πρὸς
2947 1199 3231 1252 συνουσίαν
3274 1197 3500 1268 μηδενὸς
3541 1196 3700 1264 λόγον

2108 1299 2443 1369 ποιουμένη·
2493 1296 2697 1365 ταύτην
2739 1294 2797 1346 δὲ
2847 1291 3199 1362 σωφροσύνην
3250 1291 3312 1343 οὑ
3366 1289 3613 1358 λέγουσιν
3647 1287 3700 1340 οί

2111 1391 2302 1460 σοφοίο
2354 1389 2416 1442 τὸ
2466 1388 2574 1459 γὰρ
2624 1385 2776 1458 παρὰ
2803 1385 3027 1456 γνώμην
3059 1384 3249 1454 ὥσπερ
3295 1383 3352 1449 ἐξ
3398 1381 3698 1452 ἀδυναμίας

2109 1482 2401 1554 ὲγκρατεῖν
2431 1480 2645 1551 ήδονῆς,
2669 1479 2769 1532 οὑκ
2799 1479 2867 1531 ἂν
2896 1477 3119 1548 κληθείη
3159 1475 3509 1547 σωφροσύνηο
3534 1473 3700 1544 τιμὴν

2109 1574 2166 1626 δὲ
2199 1574 2295 1627 καὶ
2323 1574 2495 1646 δῶρον
2527 1571 2668 1625 θεῖον
2689 1573 2718 1624 ὁ
2751 1569 3010 1638 Θεολόγος
3041 1567 3196 1622 καλεῖ
3223 1568 3284 1622 τὸ
3318 1565 3418 1638 ζῇν
3453 1563 3702 1620 ὁπωσοῦν

2112 1668 2282 1738 χωρὶς
2317 1666 2550 1738 ὕϐρεως,
2581 1665 2677 1719 καὶ
2707 1663 2801 1718 τοῦ
2833 1662 3039 1726 πάθους
3066 1665 3296 1734 ἠρεμεῖν
3329 1663 3388 1714 ὲν
3415 1659 3594 1732 τούτῳ
3621 1660 3704 1730 τῷ

2115 1761 2295 1832 μέρει,
2333 1760 2428 1813 καὶ
2473 1759 2566 1814 τὸν
2614 1758 2739 1812 νοῦν
2777 1757 3075 1812 ἀσάλευτον
3126 1756 3307 1826 ἔχειν’
3357 1755 3418 1808 τὸ
3466 1755 3577 1826 γάρ
3625 1756 3703 1826 μὴ

2111 1853 2250 1925 πρὸς
2280 1853 2471 1924 ήδονῆς
2498 1851 2971 1923 παρενοχλεῖσθαι,
2995 1850 3084 1903 τὸν
3114 1849 3240 1903 νοῦν
3269 1849 3565 1918 ἀκλόνητον
3589 1846 3704 1900 δια-

2112 1947 2370 2017 φυλάττει
2391 1965 2406 1979 ·
2437 1946 2714 2015 σώφρονες
2746 1945 2845 2014 μὲν
2878 1945 2979 1998 οὑκ
3014 1943 3119 1996 εἰσί
3163 1959 3310 2005 τινες
3354 1942 3403 1994 οἱ
3436 1940 3681 2010 φυσικῶς

2112 2039 2146 2110 ἦ
2177 2040 2297 2092 κατ’
2331 2038 2508 2092 αἰτίαν
2536 2037 2658 2090 τινά
2695 2037 2796 2106 τῆς
2825 2037 3022 2107 ἡδονῆς
3064 2033 3418 2105 ἐστερημένοι
3438 2049 3452 2063 ·
3501 2031 3705 2096 ζῶντες

2113 2132 2169 2185 δὲ
2198 2131 2320 2186 καθ’
2360 2131 2419 2185 ὃν
2461 2130 2674 2202 ἔφημεν
2721 2131 2924 2200 τρόπον
2973 2129 3262 2198 ἀτάραχοι,
3311 2125 3494 2179 θεόθεν
3535 2125 3705 2197 γέρας

2113 2223 2296 2294 έχουσι
2325 2225 2502 2277 τοῦτο.
2985 2273 2992 2282 ,

2113 2318 2218 2371 579
2260 2317 2416 2371 Οὐδὲ
2446 2315 2640 2383 πυρὸς
2676 2315 2963 2384 μαλεροῖο
3013 2312 3305 2383 διατρέχει
3346 2315 3494 2379 ηΰτε
3529 2313 3705 2382 γαίης

2112 2388 2215 2444 580
2253 2387 2600 2456 Σκαίρουσα
2650 2383 3014 2456 χθαμαλοῖσι
3056 2385 3243 2439 ποσὶν
3281 2383 3466 2525 τυρνθζ)
3497 2387 3703 2506 ἔναλα-

3369 2473 3493 2524 μαν
3526 2471 3628 2522 ρη.

3369 2473 3628 2524 μανορη.

2183 2552 2302 2606 Τῶν
2333 2553 2665 2626 ἑρπιστικῶν
2699 2553 2872 2622 γενῶν
2904 2551 3290 2605 εὐτελέστατον
3340 2552 3373 2620 ή
3424 2549 3703 2619 σαλαμάν-

2110 2646 2246 2717 δρα·
2298 2647 2568 2720 τοσαύτην
2604 2649 2660 2700 δὲ
2709 2648 2940 2718 δύναμιν
2989 2646 3104 2716 ἔχει
3143 2644 3399 2715 φυσικὴν,
3442 2645 3518 2706 ὡς
3563 2660 3705 2712 πυρ-

2112 2736 2274 2789 καϊὰν
2305 2735 2729 2791 κατασϐεννύειν
2750 2750 2762 2763 ⁸
2796 2735 2891 2788 καὶ
2928 2734 3036 2804 γάρ
3067 2731 3265 2802 φλογὸς
3301 2731 3528 2800 ἰσχυρᾶς
3569 2729 3705 2782 ἀνα-

2113 2825 2494 2898 ριπιζομένης,
2545 2825 2686 2898 μέση
2738 2823 3081 2895 διαλλομένη,
3137 2825 3249 2886 τοῖς
3297 2819 3702 2882 εὐτελεστάτοις

2112 2918 2270 2971 ποσὶν
2329 2917 2520 2989 ὥσπερ
2586 2916 2898 2988 σκιρτῶσα,
2949 2917 3049 2986 τὴν
3110 2913 3382 2984 τοσαύτην
3451 2911 3701 2965 σϐέννυσι

2113 3010 2288 3081 φλόγα
2306 3049 2320 3072 ,
2351 3009 2588 3080 φυσικὴν
2623 3009 2760 3080 πρὸς
2790 3009 2948 3062 τοῦτο
2969 3009 3200 3077 δύναμιν
3225 3023 3391 3076 κεκτη
3403 3005 3558 3074 μένη.

2112 3102 2212 3157 581
2269 3101 2458 3170 Ἰχθὺς
2483 3099 2537 3154 δ’
2565 3099 2831 3168 ἔμπειρος
2856 3099 3012 3167 ἐστὶ,
3043 3098 3140 3152 καὶ
3172 3101 3244 3151 οὐ
3278 3096 3426 3182 πυρὶ⁹
3451 3093 3700 3182 (inpr-af

3395 3183 3633 3219 (ιπιστω

2112 3243 2218 3298 582
2258 3244 2582 3312 Ἕμπυρος,
2618 3241 2930 3310 αἰθόμενος
2963 3239 3032 3293 δὲ
3073 3239 3270 3310 μέσης
3307 3168 3702 3379 διίῗὲἒὲἶιῖἔέαι

3412 3327 3446 3361 α
3489 3326 3626 3376 λεἠς-

3412 3326 3626 3376 ανιλιής-

2185 3407 2372 3458 Ἔστιν
2399 3407 2456 3458 ἐν
2501 3403 2746 3475 θαλάσσῃ
2793 3421 2878 3467 τις
2915 3402 3066 3474 ἰχθὺς
3095 3402 3338 3473 ἔμπυρος
3360 3421 3372 3432 ·
3406 3397 3560 3464 οὗτος
3592 3401 3704 3473 γὰρ

2115 3498 2288 3569 μέσην
2311 3497 2583 3570 διατρέχει
2612 3497 2711 3568 τὴν
2738 3496 3014 3550 θάλασσαν
3039 3495 3384 3560 ἐπιπολάζων
3412 3499 3524 3558 τοῖς
3547 3494 3701 3548 ὕδασι

2113 3589 2361 3662 ροιζηδόν
2385 3606 2399 3619 ·
2430 3588 2739 3658 ὑφάπτεται
2769 3587 2828 3642 δὲ
2859 3586 3226 3658 ῥοιζούμενος,
3255 3587 3349 3640 καὶ
3375 3587 3547 3658 φλόγα
3575 3585 3702 3639 πολ-

2111 3680 2210 3752 λὴν
2256 3680 2572 3754 ἀναριπίζει
2611 3679 2774 3752 μέσος
2819 3679 2931 3734 τῶν
2963 3680 3204 3733 ὑδάτων·
3252 3672 3407 3742 οὗτος
3460 3679 3560 3750 μὲν
3608 3672 3701 3731 οὖν

506 3836 737 3891 Divinus
761 3835 1059 3906 Gregorius
1082 3835 1216 3891 dicit
1243 3836 1501 3906 omnibus
1524 3835 1856 3892 animalibus
1885 3850 2008 3905 quae
2045 3835 2099 3890 in
2132 3851 2277 3897 aere,
2303 3835 2358 3889 in
2388 3836 2550 3900 mari,
2571 3835 2626 3889 in
2659 3845 2804 3890 terra
2836 3833 3061 3905 degunt,
3089 3843 3441 3906 statumresse
3461 3834 3683 3890 unionis

434 3905 892 3977 congressusque
919 3915 1177 3977 tempus.
1219 3905 1365 3960 Nihil
1400 3907 1537 3961 citra
1592 3915 1812 3977 naturae
1849 3908 2185 3962 voluntatem
2227 3906 2546 3972 ell‘undunt;
2598 3906 2832 3977 nonnisi
2855 3921 2980 3961 cum
3015 3906 3102 3961 sui
3131 3905 3345 3977 generis
3387 3905 3683 3977 individuis

389 3993 394 3996 ·
434 3975 884 4047 congrediuntur.
916 3975 1124 4031 Natura
1177 3988 1358 4032 autem
1407 3979 1568 4030 linem
1597 3976 1936 4046 pr0positum
1983 3977 2038 4030 in
2081 3979 2308 4032 seminis
2351 3977 2615 4032 ell‘usioue
2653 3987 2708 4032 et
2755 3975 2995 4031 ellicacia
3043 3977 3242 4045 posuit.
3285 3975 3352 4028 Et.
3391 3992 3514 4031 cum
3547 3975 3682 4030 nihil

435 4059 630 4120 praeter
675 4057 879 4120 natura:
921 4049 1262 4120 voluntatem
1304 4048 1575 4116 perditum
1628 4048 1706 4100 ire
1771 4048 1970 4120 possit,
2015 4047 2292 4120 animalia
2325 4049 2627 4120 secundum
2681 4056 2862 4120 certas
2913 4047 3058 4120 leges
3115 4047 3462 4120 copulantur,
3490 4055 3685 4120 oestro

438 4116 762 4188 tempestivo
792 4117 980 4187 perciti
1001 4135 1016 4179 ;
1035 4126 1158 4186 post
1184 4127 1511 4188 tempusque
1552 4132 1776 4171 vernum
1795 4157 1808 4178 ,
1837 4118 1929 4170 ubi
1958 4116 2166 4171 iratiirae
2194 4117 2536 4172 satisfactum
2560 4126 2662 4180 est,
2687 4116 3072 4188 abstinentiam
3097 4125 3373 4171 ext-rcent.
3393 4118 3459 4171 Et
3484 4116 3686 4171 femina

437 4187 656 4259 quidem
685 4189 904 4259 quando
932 4188 1202 4259 concepit,
1234 4204 1414 4242 mares
1444 4187 1604 4259 fugit,
1638 4197 1692 4241 et
1726 4189 1817 4241 ubi
1845 4203 1903 4241 se
1941 4189 2221 4258 gravidam
2263 4189 2448 4255 sentit,
2481 4204 2511 4241 a
2546 4187 2945 4243 consuetudine
2966 4188 3170 4242 carnali
3196 4203 3426 4259 prorsus
3459 4188 3684 4241 recedit.

439 4256 570 4315 inde
597 4256 849 4313 doctores
872 4256 1130 4312 feminam
1165 4261 1289 4329 plus
1324 4274 1487 4328 quam
1512 4256 1786 4312 'l‘eminam
1818 4256 2105 4329 dixerunt;
2142 4261 2270 4313 dum
2305 4260 2451 4313 enim
2505 4273 2697 4313 omnes
2746 4259 2912 4312 totius
2943 4259 3240 4313 creationis
3287 4256 3524 4322 feminae,
3566 4267 3691 4327 post

439 4339 785 4400 conceptum,
813 4344 1020 4382 marem
1047 4328 1188 4383 ultra
1220 4343 1329 4382 non
1379 4329 1692 4393 admittunt,
1730 4344 1875 4400 uxor
1901 4328 2043 4383 idem
2097 4329 2275 4384 facere
2314 4344 2423 4382 non
2466 4331 2602 4393 vult,
2647 4329 2846 4398 quippe
2873 4344 3014 4400 (tum,
3038 4330 3204 4400 etiam
3265 4330 3486 4398 graxida
3521 4329 3687 4400 facta.

441 4398 624 4454 mariti
654 4401 997 4469 complexum
1029 4414 1138 4453 non
1164 4408 1416 4465 recusat;
1447 4400 1592 4454 unde
1630 4400 1690 4453 lit
1720 4407 1812 4462 ut,
1845 4398 1978 4452 dum
2015 4413 2206 4454 omnes
2254 4401 2503 4454 omnium
2555 4401 2876 4453 animalium
2925 4399 3141 4453 feminae
3175 4400 3276 4454 hac
3332 4399 3694 4469 appellatione

440 4471 818 4540 designantur,
859 4485 995 4522 uxor
1025 4471 1511 4540 liumanatantutn
1537 4471 1657 4538 plus
1690 4485 1852 4538 quam
1887 4469 2089 4523 femina
2109 4471 2389 4524 habeatur.
2412 4469 2487 4523 Ex
2519 4471 2849 4524 animalibus
2876 4470 3067 4530 aeriis,
3100 4471 3481 4536 terrestribus,
3517 4486 3691 4538 aqua-

442 4539 632 4594 tilibus
653 4550 785 4595 sunt
824 4555 947 4608 quae
974 4555 1095 4594 cum
1128 4541 1387 4595 omnibus
1425 4539 1902 4594 indiscriminatim
1941 4552 2173 4606 coeant;
2213 4541 2336 4595 aliis
2365 4541 2638 4595 thalamus
2683 4541 2945 4610 nuptialis
2979 4550 3033 4595 et
3063 4540 3262 4610 coniux
3299 4540 3462 4595 unice
3495 4541 3694 4596 dilecta

443 4627 589 4664 cura:
630 4618 789 4676 sunt;
824 4611 928 4663 alia
956 4626 1126 4663 unum
1154 4612 1317 4664 modo
1349 4623 1564 4680 partum
1591 4611 1778 4674 edunt,
1817 4620 2029 4664 natura:
2064 4613 2145 4665 sic
2179 4624 2231 4665 et
2259 4611 2502 4666 Creatori
2539 4609 2952 4675 satisfacientia,
2976 4619 3035 4680 et
3068 4609 3275 4665 indicio
3321 4619 3470 4672 sunt,
3501 4611 3696 4666 incon-

446 4681 727 4734 tinentiam
758 4689 975 4750 natura:
1005 4679 1514 4735 contrariam’esse.
1539 4681 1680 4735 Audi
1714 4679 2036 4748 Gregorium
2071 4683 2215 4734 hunc
2247 4683 2298 4734 in
2338 4682 2560 4734 nmdum
2596 4682 2908 4750 loquentem
2930 4699 2943 4734 :
2966 4679 3024 4735 Si
3047 4682 3132 4736 vel
3153 4682 3311 4735 bruta
3342 4681 3698 4736 continentiae

445 4749 914 4874 vocembauttiiunt,
941 4751 1204 4873 tulmmq,
1229 4767 1392 4822 quem
1424 4751 1653 4806 Creator
1681 4751 1984 4806 secundum
2040 4752 2336 4822 imaginem
2373 4767 2530 4806 suam
2580 4749 2860 4815 formavit,
2900 4762 3053 4808 caste
3103 4767 3214 4808 non
3244 4751 3471 4816 vixeris,
3507 4750 3698 4822 pejora

446 4837 612 4874 uuam
678 4836 738 4872 ru
768 4835 798 4872 a
829 4834 964 4874 anne
992 4835 1186 4874 iverts.

446 4837 612 4892 quant
641 4834 798 4874 bruta
829 4834 1186 4888 appetivertsz

518 4910 747 4964 Divinus
768 4907 1066 4980 Gregorius
1093 4909 1207 4963 haec
1248 4910 1325 4962 ait
1361 4927 1374 4964 ε
1411 4910 1553 4963 Sunt
1594 4911 1688 4980 qui
1736 4924 1956 4964 carnem
2016 4920 2209 4979 sponte
2261 4910 2498 4964 vinctam
2552 4910 2810 4972 habeant,
2864 4911 3067 4965 nullam
3126 4913 3382 4968 coitionis
3433 4914 3700 4968 rationem

445 4982 730 5052 habentes.
763 4977 863 5052 Qui
896 4979 970 5032 ita
998 4989 1144 5052 sunt,
1195 4989 1558 5049 temperantes
1585 4977 2132 5052 a'virissapientilius
2165 4998 2508 5049 nequaquam
2550 4983 2915 5052 appellantur.
2936 4981 3209 5037 liesistere
3225 4985 3371 5036 enim
3405 4985 3702 5052 voluptatis

448 5050 725 5123 illecebris
743 5051 874 5123 _sin_e
913 5050 1145 5103 consilio
1165 5061 1225 5123 et
1255 5061 1476 5119 propter
1504 5051 1901 5123 impotentiam,
1936 5053 2268 5123 con_tinentia
2299 5053 2481 5106 vocari
2516 5053 2724 5122 nequit.
2757 5051 3022 5106 Caeterum
3054 5054 3232 5107 vivere
3265 5054 3384 5108 sine
3411 5050 3614 5123 probro
3650 5062 3706 5109 et

450 5123 554 5194 liac
577 5121 632 5174 in
651 5136 713 5174 re
743 5119 1005 5194 invictum
1034 5121 1463 5194 avoluptatibus
1503 5122 1749 5174 animum
1785 5121 1985 5176 habere
2006 5120 2334 5194 ATheologus
2371 5119 2760 5194 ornamentum
2780 5132 2838 5194 ret
2861 5123 3066 5176 donum
3093 5123 3357 5194 divinum
3399 5119 3702 5194 nuncupat.

447 5192 627 5252 Certe,
664 5190 759 5260 qui
807 5190 1196 5262 voluptatibus
1231 5191 1456 5254 resistit,
1513 5200 1748 5262 mentem
1784 5200 1966 5245 servat
2005 5190 2479 5260 imper-turbatam.
2527 5192 2708 5258 Quare
2747 5193 2794 5246 si
2839 5193 2966 5262 quis
3021 5193 3106 5248 vel
3147 5203 3347 5248 natura
3383 5195 3468 5248 vel
3498 5197 3566 5249 de
3588 5190 3706 5248 alia

449 5262 720 5333 quapiam
744 5275 908 5333 causa
938 5260 1232 5330 voluptatis
1262 5275 1458 5333 expers
1482 5261 1968 5333 vivit,_continens
1994 5262 2182 5317 haberi
2213 5263 2441 5332 nequit;
2475 5262 2768 5333 tranquille
2796 5260 2948 5331 vero,
2977 5263 3139 5319 sicuti
3167 5264 3408 5320 diximus
3437 5265 3704 5331 viventes,

451 5330 650 5388 divina:
673 5330 726 5385 id
757 5331 946 5400 gratiae
968 5341 1252 5400 acceptum
1285 5331 1487 5386 referre
1509 5331 1806 5386 debebunt.

525 5423 884 5499 Sa_lam_andra
917 5422 1191 5492 reptilium
1225 5423 1594 5499 minutissima
1622 5433 1774 5499 tanta
1803 5432 1984 5499 tamen
2017 5426 2069 5499 vi
2105 5441 2136 5480 a
2171 5433 2368 5499 natura
2399 5425 2625 5499 praedita
2655 5433 2762 5488 est,
2809 5435 2870 5481 ut
2902 5441 3094 5499 rogum
3119 5425 3469 5499 exstinguere
3510 5427 3708 5484 valeat.

451 5495 667 5550 Etenim
696 5493 975 5548 ﬂammam
1003 5505 1404 5557 transcurrens,
1429 5495 1541 5549 imo
1571 5496 1798 5564 pedibus
1823 5495 2120 5566 perniciter
2151 5493 2481 5567 persaltans,
2518 5498 2640 5552 sine
2666 5511 2822 5552 mora
2861 5493 3183 5568 exstinguit.

517 5588 657 5642 Vivit
684 5589 737 5641 in
773 5588 911 5642 mari
939 5588 1103 5662 piscis
1136 5588 1357 5662 quidam
1385 5589 1600 5662 igneus,
1629 5589 1724 5660 qui
1758 5591 1935 5662 undas
1973 5607 2236 5660 aquarum
2282 5608 2390 5646 non
2433 5593 2551 5646 sine
2597 5593 2825 5661 strepitu
2867 5603 3140 5662 pernatat,
3169 5594 3512 5650 ﬂammarum
3563 5598 3713 5652 velut

455 5662 825 5736 globumpost
854 5675 912 5736 se
936 5660 1157 5713 trahens
1179 5669 1233 5712 et
1259 5658 1960 5736 ci‘rcuml'undens._lgn_itus
1983 5658 2146 5730 igitur
2174 5665 2273 5736 (ex_
2292 5677 2352 5736 se
2383 5664 2502 5733 ipso
2527 5658 3013 5717 autem-ﬂammam
3052 5668 3332 5736 provocat)
3362 5683 3536 5736 neque
3563 5683 3714 5723 com-

456 5730 806 5808 bustusigue
825 5730 1115 5808 domatur,
1149 5738 1257 5783 nec
1273 5745 1600 5799 quocunque
1633 5730 1798 5808 modo
1827 5731 2159 5808 destruituri
2184 5730 2278 5788 Sed
2305 5730 2472 5788 vitam
2493 5742 2800 5808 conservat,
2825 5748 3038 5800 unaque
3052 5730 3193 5808 'cum
3235 5730 3460 5791 caeteris
3475 5737 3714 5808 piscibus

458 5803 513 5855 in
548 5801 686 5854 mari
721 5799 990 5872 profundo
1032 5809 1318 5866 versatur;
1347 5816 1378 5856 a
1424 5811 1618 5856 natura
1657 5803 1802 5857 enim
1841 5803 2002 5858 habet
2035 5817 2094 5859 ut
2126 5802 2404 5860 ﬂammam
2453 5804 2676 5875 proprio
2729 5813 2879 5860 motu
2933 5799 3229 5861 accendere
3268 5799 3567 5874 valeat,'ab
3593 5809 3716 5881 igne
