4186 6372
460 387 565 442 διδ

465 505 501 574 ἡ
525 501 582 554 δὲ
605 498 850 554 θάλασσα
875 497 986 558 τοῖς
1031 490 1298 560 αἰγιαλοῖς
1345 486 1728 559 ἀναδράζουσα
1768 486 1858 539 τὸν
1895 483 2052 539 σάλον

468 591 809 664 ὲπιρῥίπτει,
842 587 1034 657 ὥσπερ
1067 584 1128 648 ἐξ
1161 582 1330 652 ὕψους
1357 579 1498 634 κατὰ
1542 578 1784 650 πρανοῦς
1812 577 1904 630 ἐπὶ
1943 578 2054 637 τοῖς

468 684 771 755 αἰγιαλοῖς.
793 722 807 736 .
830 720 844 735 .
881 697 950 734 σα
972 695 986 710 ο
1019 678 1096 742 ὼς
1128 677 1184 729 δὲ
1217 675 1313 729 καὶ
1345 673 1440 726 τοῦ
1474 672 1646 743 πυρὸς
1673 674 1706 742 ἡ
1741 669 1900 739 φύσις
1925 670 2056 722 ἀνα-

473 778 659 852 τρέχει
691 779 805 840 τοῖς
833 775 1056 842 κούφοις
1083 770 1401 840 πηδήμασιν
1420 784 1432 797 ·
1479 767 1602 819 ὅσον
1630 764 1738 835 γὰρ
1766 763 2051 852 αίθίζεται,

471 864 696 918 τοσοῦτο
723 862 822 933 τὴν
846 860 1018 929 φλόγα
1043 855 1382 929 ἀναριπίςει·
1417 854 1511 906 καὶ
1537 853 1597 906 τὸ
1621 853 1720 924 μὲν
1746 852 1858 923 πῦρ
1887 851 2056 923 πηδᾷ⁹

475 961 592 1022 τοῖς
619 957 676 1011 δὲ
709 956 862 1009 κάτω
893 952 1195 1024 προσέρπει
1216 948 1277 1001 τὸ
1293 947 1436 1018 ὕδωρ
1454 945 1790 1018 κιρνώμενον
1804 944 2054 1014 εὐδιαχύ-

471 1067 587 1114 τοις
609 1067 624 1081 ’
643 1048 756 1102 ἀλλ’
782 1049 930 1116 ὅμως
958 1047 986 1098 6
1023 1043 1265 1111 Ἀλφειὸς
1281 1040 1380 1110 τῆς
1415 1038 1740 1110 Ἀρκαδικῆς
1756 1036 2058 1108 ἀπερευγό-

476 1159 636 1214 μενος
672 1139 914 1210 ποταμὸς
936 1137 1074 1208 πρὸς
1111 1136 1210 1206 τὴν
1246 1137 1304 1187 ὲν
1345 1132 1565 1203 Σικελίᾳ
1599 1132 1802 1203 πηγὴν,
1823 1130 1967 1200 λέγω
1992 1131 2056 1202 δὴ

472 1236 570 1304 τὴν
599 1232 947 1305 Ἀρέθουσαν,
967 1229 1054 1282 διὰ
1086 1227 1257 1298 μέσης
1282 1227 1451 1297 χωρεῖ
1465 1224 1565 1293 τῆς
1584 1223 1856 1291 Θαλάσσης
1876 1239 1890 1252 ο
1918 1222 1978 1274 τὸ
2001 1222 2058 1274 δὲ

474 1325 741 1395 ποτάμιον
770 1320 913 1391 ὕδωρ
942 1320 1002 1372 οῦ
1033 1321 1388 1387 συγκιρνᾱται
1417 1314 1493 1385 τῷ
1525 1312 1827 1383 θαλαττίῳ·
1865 1310 2057 1366 ναῦται

473 1419 533 1472 δὲ
563 1417 765 1487 γλυκὺν
800 1414 964 1467 πότον
998 1410 1315 1483 ὑδρεύονται
1343 1410 1444 1478 τῆς
1473 1407 1768 1477 θαλάσσης,
1801 1406 1858 1460 ὲν
1911 1405 2060 1475 μέσῳ

476 1513 591 1572 τοῖς
617 1505 989 1578 ἐπειγομένοις
1011 1504 1103 1556 ἐπὶ
1132 1503 1232 1574 τὴν
1259 1501 1364 1571 γῆν
1389 1499 1654 1572 ῥεύμασιν
1675 1497 1768 1551 τοῦ
1811 1496 2057 1564 Ἀλφειοῦ

478 1602 578 1673 τὴν
632 1599 762 1653 ναῦν
824 1595 1298 1668 προσεγγίζοντες,
1362 1591 1454 1645 καὶ
1507 1591 1712 1661 γλυκὺν
1769 1591 2059 1662 ἀρυόμενοι

481 1711 652 1749 vana.

626 1784 882 1848 Εὐϐοίης
919 1780 970 1832 δ’
1011 1778 1108 1847 ἄρ’
1144 1777 1354 1831 ὄπωπα
1410 1776 1644 1863 θρασὺν
1689 1776 1882 1863 ,πόρον
1932 1773 2057 1827 οὐδ’

479 1925 573 1981 661
617 1921 892 1996 Πορθμόν
917 1919 1067 1986 ἁλὸς
1094 1847 2060 1996 κληΐδαᾳπαλισσιξξ-Ξίξῗὲἓέῑθῗοις

478 1997 584 2052 602
621 1987 1018 2063 Μάινόμενον,
1055 1995 1279 2054 πόντος
1302 1987 1369 2040 δὲ
1387 1987 1514 2056 ῥέει
1541 1987 1637 2040 καὶ
1654 1987 1894 2129 ῥεῖθριῖν
1914 1989 2061 2039 ἀνει-

1863 2074 1988 2110 σιν.

1863 2074 1988 2110 σιν.

547 2153 694 2217 Πῶς,
727 2153 890 2222 φησὶν
913 2151 940 2203 6
973 2149 1115 2212 θεῖος
1137 2148 1461 2220 Γρηγόριος,
1497 2149 1660 2218 νόμος
1693 2147 1842 2200 ἐστὶν
1869 2147 2060 2218 ὥσπερ

477 2242 570 2300 οῦν
607 2245 700 2298 καὶ
737 2243 886 2296 ἔστιν
919 2240 1011 2295 ἐπὶ
1038 2243 1105 2311 τῇ
1135 2242 1295 2310 στενῇ
1328 2239 1390 2292 τὸ
1435 2239 1717 2292 θαλάττιον
1748 2239 2064 2307 ἐπείγεσθαι

480 2335 666 2406 κῦμα;
705 2334 804 2404 τῆς
851 2349 914 2400 γε
983 2329 1088 2401 μὴν
1143 2329 1377 2393 Εὐϐοίας
1433 2331 1462 2382 6
1501 2329 1707 2401 θρασὺς
1755 2331 1922 2401 πόρος
1972 2331 2064 2384 καὶ

478 2425 756 2494 ἄγνωστος
777 2422 952 2476 ἄνεισι
968 2419 1181 2490 μᾶλλον
1205 2438 1217 2451 ·
1248 2421 1435 2473 αὐτόθι
1462 2420 1560 2490 μὲν
1585 2417 1678 2474 οῦν
1698 2423 1811 2473 ἐστι
1842 2423 2066 2493 πέραμα

484 2515 647 2586 στενὴ
680 2514 945 2577 θάλασσα,
973 2512 1002 2565 ὃ
1029 2512 1123 2564 καὶ
1157 2511 1349 2583 κληῖδα
1383 2511 1607 2566 καλοῦσι
1638 2511 1914 2582 θαλάσσης
1934 2531 1947 2544 ·
1973 2510 2065 2569 οῦ-

481 2625 575 2670 τος
619 2606 676 2660 δὲ
727 2608 839 2668 τοῖς
907 2604 1334 2675 ὀπισθορμήτοις
1389 2604 1654 2675 ῥεύμασιν
1708 2605 2068 2676 ἀγριούμενος

483 2698 805 2770 ἀνατρέχει’
853 2699 947 2750 καὶ
990 2699 1022 2766 ἠ
1079 2695 1179 2766 μὲν
1225 2695 1467 2749 θάλασσα
1505 2698 1635 2767 ῥέει,
1675 2697 1736 2749 τὸ
1763 2697 1816 2750 δὲ
1854 2697 2067 2770 ῥεῖθρον

485 2789 960 2860 ἁναποδιζόμενον,
994 2787 1394 2859 ὀπισθόρμητον
1428 2788 1742 2860 ἀνατρέχει,
1773 2787 1873 2860 τὴν
1908 2789 2068 2858 φύσιν

486 2883 803 2954 βιαζόμενον
837 2879 932 2953 τὴν
962 2879 1260 2951 κατωφερῆ
1280 2895 1294 2910 ο
1326 2879 1486 2933 τοῦτο
1523 2881 1580 2934 δέ
1618 2898 1764 2944 τινες
1793 2899 2069 2952 προσαγο-

486 2975 732 3047 ρεύουσιν
785 2973 1062 3044 Χάρυϐδιν
1111 2971 1143 3042 ἣ
1196 2971 1468 3043 ἄμπωτιν.
1541 2974 1915 3045 Ἀριστοτέλης
1969 2975 2070 3046 μὲν

479 3065 574 3122 οὖν
603 3068 710 3122 ἀπὸ
743 3067 838 3120 τοῦ
869 3067 1022 3137 ἡλίου
1061 3065 1130 3118 τὰ
1158 3066 1386 3118 πλεῖστα
1421 3066 1528 3119 τῶν
1569 3069 1898 3138 πνευμάτων
1937 3069 2072 3139 φησι

481 3162 747 3216 κινεῖσθαι
800 3163 895 3214 καὶ
946 3158 1374 3232 περιφέρεσθαι,
1432 3160 1522 3228 ὑφ’
1566 3152 1641 3212 ὧν
1694 3159 2072 3230 ἐμϐαλλόντων

482 3256 710 3309 ἀνοιδεῖν
735 3252 835 3320 τὴν
884 3251 1237 3323 Ἀτλαντικὴν
1273 3251 1572 3313 θάλασσαν,
1612 3253 1706 3305 καὶ
1750 3253 1849 3315 τὰς
1891 3253 2070 3324 πλημ-

485 3347 662 3418 μύρας
692 3343 1154 3408 κατασκευάζειψ
1198 3342 1474 3414 ληγόντων
1503 3345 1558 3397 δὲ
1592 3345 2072 3416 ἀντιπερισπωμέ-

483 3457 588 3492 νων
619 3437 952 3497 ὑποϐαίνειν,
983 3437 1120 3506 ὅπερ
1159 3431 1298 3489 εἶναι
1346 3436 1443 3507 τὴν
1478 3436 1760 3506 ἄμπωτιν
1794 3437 1936 3490 οῦτω
1968 3439 2068 3507 μὲν

483 3529 577 3585 οὖν
606 3535 634 3585 ὁ
681 3530 1057 3602 Ἀριστοτέλης
1099 3529 1441 3598 φυσιολογεῖν
1481 3528 1680 3594 ἔδοξεν·
1726 3529 1964 3594 Συνθέας
2006 3531 2063 3584 δὲ

484 3625 515 3677 6
546 3621 945 3692 Μασσαλιώτης
971 3624 1037 3692 τῇ
1070 3621 1348 3694 πληρώσει
1372 3623 1468 3692 τῆς
1497 3623 1725 3693 σελήνης
1759 3623 1856 3687 τὰς
1880 3624 1984 3694 πλη
1995 3642 2062 3694 μ-

491 3715 688 3786 μύρας,
720 3716 787 3785 τῇ
820 3714 877 3767 δὲ
921 3712 1160 3781 ἐκλείψει
1201 3713 1298 3775 τὰς
1347 3712 1670 3783 ἀμπώτιδας
1712 3714 2066 3783 Ἀτλαντικὴν

487 3805 758 3857 ἀντίθεσιν
779 3821 793 3834 ο
824 3802 1086 3872 Τιμόθεος
1114 3802 1170 3854 δὲ
1217 3803 1343 3863 τοῦς
1385 3803 1756 3872 ἐμϐάλλοντας
1784 3806 2065 3874 ποταμοὺς

1490 372 1582 426 AD
1615 370 1924 427 CARMINA
1966 367 2025 424 S.
2078 365 2407 423 GREGOllll
2449 365 2697 423 T'IIEOL.

3637 365 3742 423 8ιό

2155 485 2235 545 είς
2250 483 2348 555 τὴν
2374 481 2721 553 Ἀτλαντικὴν
2748 479 2836 534 διὰ
2860 477 3243 551 τῆςΚελτικῆς
3272 479 3536 546 αἰτιᾶται,
3602 497 3744 550 πορ-

2157 572 2384 637 θοῦντας
2413 575 2511 645 μὲν
2543 574 2640 638 τὰς
2665 574 2891 642 ἐφόδους
2931 575 3027 625 καὶ
3054 573 3159 643 πλη
3169 575 3403 643 μμυρείν
3425 573 3743 636 ποιοῦντας.

2156 667 2457 736 ὑφέλκοντα
2487 667 2544 720 δὲ
2573 669 2696 730 ταῖς
2728 665 3052 735 ἀνατομίαις
3082 667 3176 718 καὶ
3218 664 3537 736 ἀμπώτιδας
3576 667 3746 736 έργα-

2158 759 2453 829 ζομένους·
2508 760 2536 811 ό
2587 758 2644 811 δὲ
2674 758 2815 822 θεῖος
2863 758 3164 829 Γρηγόριος
3203 755 3557 828 ἀνεπινόητόν
3605 772 3742 828 φησι

2157 851 2247 902 τὸν
2295 850 2459 921 πόρον
2512 849 2842 920 ἀνθρώποις,
2889 851 3002 913 τοῖς
3049 849 3107 901 έν
3150 850 3216 919 τῇ
3269 847 3444 901 κτίσει
3500 847 3740 918 θαύμασι

2159 941 2508 1013 συναριθμῶν
2535 941 2628 994 καὶ
2665 941 2817 1004 αὐτὸ,
2857 940 2939 993 ὅτι
2977 940 3194 1003 πάντως
3242 939 3356 1011 ῥέει
3409 939 3508 1010 μὲν
3539 939 3568 992 6
3613 938 3743 992 πόν-

2157 1049 2270 1096 τος,
2324 1032 2385 1085 τδ
2434 1032 2490 1085 δὲ
2549 1031 2762 1103 ῥεῖθρον
2814 1032 3020 1086 ἄνεισιν
3069 1030 3496 1103 ὀπισθορμήτοις
3541 1030 3743 1103 ῥοθίοις

2160 1124 2532 1195 ἐπειγόμενον.

2160 1215 2265 1269 505
2315 1215 2594 1282 Ὠκεανὸς
2622 1215 2674 1268 δ’
2705 1211 2820 1270 οὖν
2849 1215 3041 1270 ἕλκετ’
3073 1215 3190 1271 ἀπὸ
3220 1216 3462 1286 χθονὸς,
3505 1215 3609 1270 εἴτ’
3643 1212 3744 1268 ἐπὶ

2161 1355 2265 1410 604
2308 1357 2540 1426 Ἔρχετ⁹
2566 1356 3000 1424 ἐπειγομένοισι
3033 1357 3381 1424 μεταΐσσων
3391 1286 3674 1426 ιίέὧίθῗὲἷ

2161 1426 2266 1481 605
2302 1429 2410 1480 Καὶ
2439 1427 2651 1482 πεδίον
2672 1427 2769 1480 καί
2795 1427 3018 1492 πόντος
3035 1428 3126 1479 ἐπ’
3155 1427 3297 1494 ᾐόσι
3314 1429 3741 1497 Κιμμερίοιονιν.

2245 1521 2494 1584 Ὠκεανός
2539 1522 2689 1573 ἐστιν
2737 1522 2764 1573 6
2793 1519 3140 1590 περικυκλῶν
3166 1521 3348 1573 πᾶσαν
3382 1523 3480 1591 τὴν
3517 1520 3609 1572 ὑπ’
3651 1519 3744 1571 ού-

2164 1613 2323 1684 ρανόν
2344 1629 2357 1642 '
2399 1608 2553 1676 οὗτος
2594 1613 2693 1683 μὲν
2736 1611 2844 1666 ἀπὸ
2876 1612 2974 1683 τῆς
3003 1613 3105 1682 γῆς
3138 1612 3230 1665 ἐπὶ
3258 1613 3357 1683 τὴν
3391 1613 3493 1684 γῆν
3527 1611 3748 1683 ἔρχεται

2166 1705 2456 1776 μεθορμῶν
2485 1708 2598 1770 τοῖς
2628 1705 2835 1776 κύμασι
2865 1709 2976 1769 τοῖς
3025 1707 3425 1778 ἐπειγομένοις.
3466 1705 3747 1774 ἐπείγεται

2163 1799 2260 1867 μὲν
2294 1797 2386 1849 ἐπὶ
2413 1797 2474 1850 τὸ
2497 1797 2697 1864 πεδίον,
2741 1799 2834 1852 καὶ
2856 1797 3129 1852 θάλασσαν
3168 1803 3279 1863 τοῖς
3295 1799 3628 1870 Κιμμερίοις
3664 1798 3749 1850 αί-

2160 1889 2368 1957 γιαλοῖς
2389 1906 2402 1919 ο
2438 1889 2740 1961 Κιμμέριοι
2776 1891 2833 1943 δέ
2865 1892 3004 1944 εἰσιν
3047 1891 3199 1954 ἔθνος
3230 1892 3366 1962 πρὸς
3404 1894 3515 1954 τοῖς
3547 1891 3748 1962 πέρασι

2160 1982 2260 2051 τῆς
2292 1981 2430 2050 γῆς’
2465 1981 2574 2034 ἀπὸ
2609 1981 2708 2051 μὲν
2748 1979 2841 2036 οῦν
2883 1983 2982 2053 τῆς
3020 1983 3125 2052 γῆς
3152 1983 3394 2046 ὠκεανὸς
3421 1982 3620 2046 ἔξεισιν
3645 1985 3748 2036 1:5-

2165 2089 2264 2125 σαν
2287 2073 2385 2142 τὴν
2412 2073 2515 2144 γῆν
2547 2074 2950 2146 συμπεριέχων,
2984 2077 3062 2139 είς
3092 2076 3148 2128 δὲ
3171 2075 3270 2146 τὴν
3299 2074 3573 2129 θάλασσαν
3601 2078 3750 2129 ἐπει-

2163 2163 2394 2234 γόμενος
2443 2168 2557 2227 τοῖς
2619 2165 2884 2236 ῥεύμασιν
2935 2167 3184 2236 μεθορμᾷ
3233 2166 3394 2220 πάλιν
3445 2167 3586 2220 κατά
3623 2167 3751 2230 τοὺς

2164 2255 2443 2323 αἰγιαλοὺς
2473 2257 2790 2328 φερόμενος.
2821 2258 2914 2311 καὶ
2942 2259 3077 2329 πρὸς
3122 2259 3312 2312 ἑαυτὸν
3351 2261 3752 2332 ἐπιστρεφόμε-

2165 2364 2274 2411 νος,
2307 2349 2405 2417 τήν
2439 2365 2498 2400 τε
2543 2347 2820 2402 θάλασσαν
2869 2351 2964 2404 καὶ
3007 2352 3107 2422 τὴν
3157 2351 3382 2406 πεδιάδα
3427 2353 3748 2425 διατρέχων,

2166 2437 2288 2491 οὔτε
2323 2441 2387 2510 τῇ
2422 2439 2666 2514 θαλάσσῃ
2698 2443 3048 2513 συγκέχυται,
3073 2445 3164 2497 καὶ
3200 2445 3334 2516 πρὸς
3364 2447 3555 2500 ἑαυτὸν
3586 2449 3753 2502 ἐπαν-

2168 2530 2386 2601 έρχεται

2169 2623 2273 2678 606
2315 2625 2541 2690 Ἀλλος
2583 2624 2638 2677 δ’
2685 2622 2762 2682 αὖ
2806 2627 2953 2695 ῥόος
2999 2624 3119 2682 εἷο-ι
3171 2627 3366 2698 πυρὸς
3396 2701 3403 2702 7
3426 2633 3672 2702 φλόγες,
3703 2636 3753 2688 εὶ

3360 2701 3565 2772 Ιέτεόν
3587 2721 3652 2773 γε
3668 2721 3681 2735 ⁶

2171 2764 2274 2818 607
2310 2765 2601 2821 Αἰτναίων
2638 2767 2963 2822 σκοπέλων
2990 2764 3379 2841 ἀπερεύτεταὶ
3410 2764 3604 2839 ὁλκὸς
3624 2774 3754 2828 ἄπι-

2170 2905 2274 2960 608
2312 2906 2440 2974 Πῦρ
2479 2905 2762 2975 ποταμὸς,
2807 2907 2879 2962 τὰ
2916 2907 2968 2960 δ’
3003 2908 3238 2978 ἄμικτα,
3281 2913 3427 2980 μίγη
3481 2842 3755 2981 ὶὲἕίῖγῖῗιό

3205 3047 3210 3052 _
3359 3001 3368 3052 ι
3381 2983 3684 3049 θέλοντος,

2249 3068 2413 3138 Ὄρος
2459 3066 2610 3120 ἐστὶν
2656 3068 2715 3119 έν
2765 3068 3006 3140 Σικελίᾳ,
3051 3055 3215 3145 ὅπερέ
3232 3073 3432 3146 Αἴτνην
3480 3074 3755 3141 καλοῦσιν,

2177 3155 2435 3226 ’Έλληνες
2452 3157 2508 3210 δὲ
2545 3159 2819 3230 κρατῆρας
2848 3159 3141 3228 Ἡφαίστου
3165 3181 3176 3195 ο
3202 3164 3451 3218 ἐντεῦθεν
3485 3165 3595 3238 πῦρ
3629 3171 3755 3223 ἐινα⁹
3797 3223 3802 3226 ,

2173 3248 2399 3315 δίδοται,
2436 3249 2680 3320 ποταμὸς
2723 3251 2779 3302 δὲ
2829 3252 2971 3304 κατά
2999 3254 3098 3324 τὴν
3134 3256 3366 3328 ὑπορίαν
3398 3259 3514 3312 ἐστὶ
3541 3260 3757 3333 διατρέ-

2175 3361 2305 3414 χων,
2337 3343 2489 3397 ἔνθεν
2521 3345 2619 3414 μὲν
2645 3340 2738 3398 οὖν
2769 3345 3026 3411 πολλάκις
3053 3349 3433 3420 ἀναδιδόμενον
3457 3354 3518 3407 τὸ
3547 3355 3658 3427 πῦρ
3686 3357 3756 3428 τῷ

2173 3437 2406 3507 ποταμῷ
2453 3440 2830 3508 συγκιρνᾶται,
2882 3441 2976 3492 καὶ
3023 3442 3090 3494 τὰ
3123 3442 3333 3513 ἄμικτα
3380 3447 3663 3516 μίγνυται·
3701 3453 3755 3503 τ)

2173 3529 2272 3596 μὲν
2302 3529 2410 3600 γὰρ
2450 3529 2560 3600 πῦρ
2591 3529 2957 3600 ἀκοινώνητόν
2993 3535 3107 3587 ἐστι
3155 3536 3232 3606 τῷ
3273 3536 3446 3602 ῦδατι,
3503 3541 3758 3611 μίγνυται

2171 3622 2228 3675 δὲ
2266 3623 2362 3675 καὶ
2413 3622 2757 3694 συμφύρεται
2806 3625 2899 3678 καὶ
2952 3627 3247 3700 διατρέχει,
3305 3637 3756 3706 συμμεμιγμένον

2174 3714 2320 3786 ὕδωρ
2378 3716 2472 3768 καὶ
2519 3715 2631 3787 πῦρ
2679 3719 2993 3790 ποταμηδὸν
3041 3723 3339 3794 φερόμενα,
3386 3725 3572 3799 θαῦμα
3593 3727 3755 3799 μέγα.

2179 3807 2372 3880 μέχρις
2408 3808 2579 3879 αὐτῆς
2611 3809 2960 3882 διατρέχοντα
3001 3814 3100 3883 τῆς
3141 3815 3438 3888 θαλάσσης.

486 3957 542 4013 in
569 3958 739 4012 altum
765 3956 987 4026 projicit
1015 3955 1311 4026 ﬂammam.
1339 3953 1484 4026 Ignis
1515 3954 1680 4025 igitur
1705 3967 1930 4026 sursum
1967 3951 2236 4026 ascendit,
2262 3969 2404 4026 aqua
2431 3969 2563 4026 vero
2590 3954 2848 4026 deorsum
2884 3954 3073 4019 fertur,
3106 3971 3171 4010 ac
3191 3957 3346 4012 facile
3379 3957 3756 4012 humectandis

484 4022 781 4086 miscetur}
823 4022 917 4081 sed
945 4027 1184 4095 Alpheus
1201 4022 1510 4095 ﬂuvius,in
1540 4022 1789 4080 Arcadia:
1812 4024 1930 4095 solo
1961 4023 2229 4095 oriundus
2259 4022 2328 4077 ad
2354 4022 2576 4084 Siciliae,
2607 4025 2643 4079 i.
2672 4042 2724 4078 e.
2759 4025 3038 4079 Arethusae
3062 4026 3262 4080 fontem
3287 4027 3488 4081 vadens
3515 4029 3751 4082 medium

484 4113 635 4152 mare
671 4098 895 4167 trajicit,
919 4098 992 4150 ita
1014 4093 1206 4151 tamen
1242 4094 1612 4167 utﬂuviatiles
1634 4111 1761 4167 cum
1787 4093 2162 4167 marinisnon
2197 4094 2534 4167 misceantur
2560 4109 2714 4162 aqua:
2741 4113 2754 4160 ;
2787 4096 2992 4167 interea
3030 4105 3208 4150 nautae
3247 4098 3458 4152 dulcem
3489 4099 3755 4152 hauriunt

484 4167 538 4221 in
576 4163 768 4222 medio'
790 4167 929 4221 mari
967 4176 1180 4237 potum,
1221 4180 1412 4221 navem
1440 4166 1571 4220 dum
1601 4165 1670 4220 ad
1703 4163 1897 4235 Alphei
1944 4166 2084 4218 ostia
2135 4165 2502 4219 continentem
2543 4180 2736 4220 versus
2793 4166 3102 4236 prOpellunt
3125 4207 3138 4228 ,
3187 4183 3407 4222 suavem
3440 4167 3755 4224 haurientes

484 4247 698 4306 potum.

559 4346 820 4412 Quaenam
846 4346 954 4413 lex,
989 4345 1123 4418 dicit
1149 4345 1370 4402 divinus
1425 4345 1740 4418 Gregorius,
1773 4347 1978 4418 vultuut
2010 4344 2179 4418 maris
2227 4343 2387 4418 undae
2430 4344 2483 4397 in
2529 4354 2822 4418 angustum
2870 4347 3261 4401 coarctentur?
3292 4348 3369 4402 Ac
3410 4349 3653 4418 profecto
3688 4355 3754 4406 ad

487 4413 748 4472 Eubmam
799 4419 999 4490 fretum
1039 4417 1440 4490 vehemenset
1473 4413 1864 4490 inexplicatum
1893 4415 1978 4490 in__
1994 4416 2164 4490 altum
2218 4415 2499 4490 attollitur.
2539 4413 2624 4490 lbi
2657 4417 2874 4490 quidem
2929 4418 3334 4490 rnarisiretuni
3372 4413 3426 4473 in
3459 4431 3754 4490 angustum

487 4497 818 4551 coarctatur,
860 4486 1199 4559 undeetiam
1231 4486 1394 4559 cla_vis
1426 4484 1626 4559 nomen)
1669 4487 1882 4559 indunt.
1933 4484 2049 4540 Hoc
2085 4485 2262 4559 igitur
2295 4485 2491 4559 fretum
2538 4484 2793 4559 ﬂuctibus
2837 4488 3166 4559 retrogradis
3216 4497 3431 4545 tumeus
3473 4484 3755 4559 asFendit;

488 4571 638 4632 mare
666 4567 850 4632 autem
884 4557 1056 4632 aﬂluit
1083 4564 1138 4612 et
1161 4557 1422 4632 recedens
1449 4557 1730 4632 attollitur.
1772 4554 1983 4632 Natura
2011 4554 2154 4609 enim
2180 4570 2336 4622 aqua:
2360 4555 2413 4608 in
2457 4571 2695 4632 prgreops
2726 4555 2933 4632 _fert_ur,
2975 4554 3026 4610 id
3064 4560 3207 4632 quod
3237 4554 3752 4632 aliquiCharybdiu

487 4627 867 4699 yelreﬂuxum
916 4628 1177 4699 vocitant.
1209 4626 1533 4699 Aristoteles
1581 4627 1801 4696 quidem
1844 4626 2111 4699 plurimos
2138 4636 2338 4699 ventos
2382 4641 2413 4679 a
2457 4626 2578 4699 sole
2621 4625 2846 4679 excitari
2892 4628 3210 4696 moverique
3261 4625 3478 4692 asserit,
3526 4625 3755 4699 qu'orum

485 4695 706 4752 ﬂamine
737 4713 888 4751 mare
908 4697 1240 4766 Atlanticum
1267 4695 1672 4751 intumescat’et
1699 4695 2097 4750 exundationes
2132 4696 2668 4766 liantircessantibns
2706 4707 2883 4749 autem
2915 4699 3088 4749 ventis
3127 4695 3358 4766 pontum
3387 4695 3754 4763 retrocedere.

487 4775 543 4820 et
575 4767 656 4822 sic
689 4768 832 4836 ﬁeri,
857 4766 1145 4821 reﬂuxum.
1181 4765 1309 4822 Hmc
1338 4767 1558 4834 quidem
1587 4766 1939 4836 Aristotelica
1973 4765 2232 4835 opinatio.
2277 4763 2546 4836 Syntheas
2589 4766 2954 4836 Massiliensis
2981 4763 3491 4822 lunae—incremento
3533 4771 3750 4836 ﬂuxum;

484 4836 720 4892 defectui
752 4835 1018 4891 reﬂuxum
1049 4837 1217 4890 maris
1251 4837 1510 4891 Atlantici
1543 4838 1825 4902 attribuit;
1863 4834 2188 4890 Timotheus
2223 4834 2377 4902 putat
2421 4834 2617 4890 ﬂuvius
2663 4851 2758 4903 per
2798 4834 3065 4890 Celticum
3119 4838 3172 4890 in
3217 4839 3550 4893 Atlantirum
3607 4834 3757 4894 mare

486 4905 690 4975 eﬂ'usos
731 4906 942 4962 cﬂicere
979 4916 1036 4960 ut
1067 4907 1204 4960 ostia
1246 4907 1628 4972 obstruantur,
1668 4908 2058 4972 intumescant,
2101 4905 2540 4975 sicqueuﬂuxum
2580 4915 2633 4957 et
2675 4905 2942 4959 reﬂuxum
2978 4907 3301 4975 produc-ant.
3352 4908 3582 4962 Divinns
3613 4912 3752 4964 Ure-

484 4970 673 5044 gorius
691 4992 805 5031 rem
835 4977 1269 5046 inexplicabilem
1286 4992 1407 5032 esse
1437 4977 1568 5032 dicit
1599 4970 1911 5031 hominibus
1933 4970 2138 5029 ﬂuxum
2161 4970 2215 5027 et
2244 4974 2533 5039 reﬂuxum,
2561 4977 2668 5028 imo
2693 4977 2852 5031 rebus
2874 4970 3032 5046 plane
3054 4977 3395 5033 mirabilibus
3427 4989 3758 5036 annumerat

485 5049 636 5117 quod
665 5055 867 5118 pontus
898 5055 1182 5102 moveatur
1205 5057 1259 5102 et
1290 5046 1489 5101 ﬂuctus
1516 5047 1788 5101 undarum
1819 5047 2021 5116 impetu
2055 5055 2360 5100 retrorsum
2395 5047 2712 5099 ascendant.

551 5161 803 5232 Oceanus
836 5173 1052 5212 omnem
1088 5166 1360 5212 terrarum
1375 5161 1560 5232 ambit
1581 5159 1791 5232 urbem,
1821 5159 1958 5232 adeo
1982 5165 2095 5210 uta
2130 5163 2275 5232 terra
2299 5157 2364 5210 ad
2397 5165 2596 5232 terram
2621 5158 2880 5232 procedat
2904 5159 3220 5229 impetuque
3243 5162 3756 5232 aquaruml‘eratur,

483 5231 552 5286 ad
587 5230 1076 5298 continentemque
1103 5229 1425 5300 (πὶ-φανείῃ
1460 5229 1640 5283 littore
1666 5229 1964 5284 Cimmerio
2015 5227 2433 5294 comprimatur.
2482 5227 2908 5300 Cimmeriorum
2963 5227 3147 5284 autem
3202 5227 3439 5300 populus
3466 5232 3518 5286 in
3551 5227 3758 5289 ultimis

483 5312 642 5357 terrae
669 5296 1312 5374 ﬂnibus_l_labitst._Hinc
1348 5297 1514 5366 igitur
1555 5302 1810 5374 oceanus
1844 5312 2060 5374 omnem
2084 5307 2296 5374 _terra_m
2330 5296 2741 5360 circumﬂuens,
2782 5299 2835 5350 in
2872 5300 3006 5352 mari
3040 5296 3221 5353 autem
3247 5296 3511 5354 ﬂuctuum
3549 5304 3755 5374 impetu

482 5379 792 5427 coal-elatus
824 5370 892 5424 ad
917 5370 1097 5423 littora
1130 5368 1310 5440 denuo
1338 5364 1531 5440 magna
1559 5370 1609 5422 vi
1649 5369 1911 5431 alliditur,
1935 5364 2153 5433 deinde,
2192 5367 2256 5421 ad
2293 5383 2352 5422 se
2385 5383 2678 5424 recurrens
2725 5383 2878 5422 mare
2910 5380 2963 5423 et
3001 5379 3202 5424 terram
3251 5364 3760 5438 ci'rcummeat,'nec

483 5453 663 5497 tamen
699 5456 822 5494 cum
857 5441 995 5494 mari
1023 5438 1404 5505 confunditur,
1437 5438 1530 5493 sed
1554 5441 1620 5494 ad
1647 5456 1706 5495 se
1723 5441 1882 5494 redit.

552 5559 710 5614 Mons
745 5567 828 5612 est
854 5559 906 5611 in
942 5556 1152 5620 Sicilia,
1187 5571 1348 5626 quem
1379 5554 1601 5610 Etnam
1637 5564 1856 5621 vocant,
1883 5554 2056 5610 Graeci
2083 5568 2211 5609 vero
2243 5561 2489 5609 crateras
2530 5553 2782 5626 Vulcani.
2828 5553 2982 5610 Mons
3015 5555 3325 5624 ignivnmus
3353 5565 3458 5619 est,
3488 5557 3759 5625 habetque

483 5630 548 5683 ad
576 5630 738 5699 pedes
769 5627 994 5682 ﬂuvium
1029 5624 1359 5699 quemdam;
1394 5628 1520 5699 hinc
1545 5628 1686 5699 ignis
1716 5640 2011 5694 erumpens
2053 5639 2197 5699 saepe
2227 5641 2350 5699 cum
2393 5626 2561 5699 ﬂuvio
2606 5624 2982 5691 confunditur,
3013 5634 3066 5681 et
3112 5628 3384 5681 contraria
3429 5624 3756 5695 miscentur,

481 5695 622 5770 aqua
642 5714 836 5769 nempe
853 5707 905 5754 et
948 5695 1114 5768 ignis,
1146 5697 1396 5752 mirabile
1424 5695 1595 5763 dictu,
1624 5698 1690 5752 ad
1724 5712 1875 5752 mare
1904 5711 2078 5766 usque
2102 5695 2339 5765 junctim
2373 5697 2590 5750 abeunt.

555 5800 894 5874 Ccrasbolus'
932 5817 1145 5874 fructus
1197 5827 1280 5874 est
1330 5832 1592 5890 perquam
1647 5818 1854 5884 aridus,
1900 5817 1992 5888 qui
2051 5816 2320 5875 imbribus
2368 5818 2432 5875 ad
2481 5817 2697 5875 radices
2741 5815 3198 5876 descendentibus
3243 5817 3387 5874 haud
3449 5818 3747 5887 emollitur,
