  <div class='ocr_page' id='page_1' title='image "/cluster/home/n/w/nwhite01/storage/ocr_20150623/38/nnc1.0046978500/354.png"; bbox 0 0 4182 6362; ppageno 0'>
   <div class='ocr_carea' id='block_1_1' title="bbox 420 425 519 479">
    <p class='ocr_par' dir='ltr' id='par_1_1' title="bbox 420 425 519 479">
     <span class='ocr_line' id='line_1_1' title="bbox 420 425 519 479; baseline -0.01 0"><span class='ocrx_word' id='word_1_1' title='bbox 420 425 519 479; x_wconf 72' lang='grc'>661</span> 
     </span>
    </p>
   </div>
   <div class='ocr_carea' id='block_1_2' title="bbox 419 534 1999 614">
    <p class='ocr_par' dir='ltr' id='par_1_2' title="bbox 419 534 1999 614">
     <span class='ocr_line' id='line_1_2' title="bbox 419 534 1999 614; baseline 0.004 -25"><span class='ocrx_word' id='word_1_2' title='bbox 419 534 714 608; x_wconf 74' lang='grc' dir='ltr'>παροδίτην</span> <span class='ocrx_word' id='word_1_3' title='bbox 760 536 930 607; x_wconf 81' lang='grc' dir='ltr'>μηδὲν</span> <span class='ocrx_word' id='word_1_4' title='bbox 980 538 1149 592; x_wconf 80' lang='grc' dir='ltr'>κακὸν</span> <span class='ocrx_word' id='word_1_5' title='bbox 1196 539 1380 603; x_wconf 82' lang='grc' dir='ltr'>αὐτοῖς</span> <span class='ocrx_word' id='word_1_6' title='bbox 1422 542 1839 614; x_wconf 88' lang='grc' dir='ltr'>ἐπιφερόμενον,</span> <span class='ocrx_word' id='word_1_7' title='bbox 1890 542 1999 596; x_wconf 88' lang='grc' dir='ltr'>τῶν</span> 
     </span>
    </p>
   </div>
   <div class='ocr_carea' id='block_1_3' title="bbox 416 628 2000 704">
    <p class='ocr_par' dir='ltr' id='par_1_3' title="bbox 416 628 2000 704">
     <span class='ocr_line' id='line_1_3' title="bbox 416 628 2000 704; baseline 0.001 -20"><span class='ocrx_word' id='word_1_8' title='bbox 416 630 650 698; x_wconf 84' lang='grc' dir='ltr'>νεόγνων</span> <span class='ocrx_word' id='word_1_9' title='bbox 677 628 1156 700; x_wconf 88' lang='grc' dir='ltr'>περιμελούμενοι,</span> <span class='ocrx_word' id='word_1_10' title='bbox 1206 630 1399 685; x_wconf 84' lang='grc' dir='ltr'>θᾶττον</span> <span class='ocrx_word' id='word_1_11' title='bbox 1446 632 1555 685; x_wconf 87' lang='grc' dir='ltr'>τῶν</span> <span class='ocrx_word' id='word_1_12' title='bbox 1590 633 1804 704; x_wconf 80' lang='grc' dir='ltr'>πετρῶν</span> <span class='ocrx_word' id='word_1_13' title='bbox 1837 635 2000 686; x_wconf 85' lang='grc' dir='ltr'>ἀπεκ-</span> 
     </span>
    </p>
   </div>
   <div class='ocr_carea' id='block_1_4' title="bbox 416 720 2000 794">
    <p class='ocr_par' dir='ltr' id='par_1_4' title="bbox 416 720 2000 794">
     <span class='ocr_line' id='line_1_4' title="bbox 416 720 2000 794; baseline 0.001 -20"><span class='ocrx_word' id='word_1_14' title='bbox 416 721 705 791; x_wconf 83' lang='grc' dir='ltr'>χυθὲντες,</span> <span class='ocrx_word' id='word_1_15' title='bbox 757 720 985 790; x_wconf 86' lang='grc' dir='ltr'>στρατὸς</span> <span class='ocrx_word' id='word_1_16' title='bbox 1030 722 1258 791; x_wconf 80' lang='grc' dir='ltr'>ἄσχετος</span> <span class='ocrx_word' id='word_1_17' title='bbox 1309 723 1508 794; x_wconf 80' lang='grc' dir='ltr'>βόμϐον</span> <span class='ocrx_word' id='word_1_18' title='bbox 1558 724 2000 794; x_wconf 81' lang='grc' dir='ltr'>καταπληκτικὸν</span> 
     </span>
    </p>
   </div>
   <div class='ocr_carea' id='block_1_5' title="bbox 416 810 2001 885">
    <p class='ocr_par' dir='ltr' id='par_1_5' title="bbox 416 810 2001 885">
     <span class='ocr_line' id='line_1_5' title="bbox 416 810 2001 885; baseline 0.001 -20"><span class='ocrx_word' id='word_1_19' title='bbox 416 810 760 876; x_wconf 82' lang='grc' dir='ltr'>ἀποτελοῦσι,</span> <span class='ocrx_word' id='word_1_20' title='bbox 795 814 1012 884; x_wconf 77' lang='grc' dir='ltr'>πικροῖς</span> <span class='ocrx_word' id='word_1_21' title='bbox 1039 812 1093 865; x_wconf 77' lang='grc' dir='ltr'>δὲ</span> <span class='ocrx_word' id='word_1_22' title='bbox 1117 812 1364 884; x_wconf 78' lang='grc' dir='ltr'>κέντροις</span> <span class='ocrx_word' id='word_1_23' title='bbox 1388 815 1479 867; x_wconf 84' lang='grc' dir='ltr'>τὸν</span> <span class='ocrx_word' id='word_1_24' title='bbox 1510 814 1692 867; x_wconf 86' lang='grc' dir='ltr'>ἄθλιον</span> <span class='ocrx_word' id='word_1_25' title='bbox 1718 815 2001 885; x_wconf 81' lang='grc' dir='ltr'>βάλλοντες</span> 
     </span>
    </p>
   </div>
   <div class='ocr_carea' id='block_1_6' title="bbox 417 904 1816 978">
    <p class='ocr_par' dir='ltr' id='par_1_6' title="bbox 417 904 1816 978">
     <span class='ocr_line' id='line_1_6' title="bbox 417 904 1816 978; baseline 0.004 -22"><span class='ocrx_word' id='word_1_26' title='bbox 417 904 698 975; x_wconf 83' lang='grc' dir='ltr'>ὁδοιπόρον</span> <span class='ocrx_word' id='word_1_27' title='bbox 727 904 987 968; x_wconf 80' lang='grc' dir='ltr'>πολλάκις</span> <span class='ocrx_word' id='word_1_28' title='bbox 1014 906 1108 959; x_wconf 78' lang='grc' dir='ltr'>καὶ</span> <span class='ocrx_word' id='word_1_29' title='bbox 1140 905 1233 958; x_wconf 92' lang='grc' dir='ltr'>τοῦ</span> <span class='ocrx_word' id='word_1_30' title='bbox 1266 908 1363 978; x_wconf 77' lang='grc' dir='ltr'>ζῆν</span> <span class='ocrx_word' id='word_1_31' title='bbox 1388 908 1816 963; x_wconf 86' lang='grc' dir='ltr'>ἀπαλλάσσουσι.</span> 
     </span>
    </p>
   </div>
   <div class='ocr_carea' id='block_1_7' title="bbox 416 994 1995 1070">
    <p class='ocr_par' dir='ltr' id='par_1_7' title="bbox 416 994 1995 1070">
     <span class='ocr_line' id='line_1_7' title="bbox 416 994 1995 1070; baseline 0.004 -23"><span class='ocrx_word' id='word_1_32' title='bbox 527 996 699 1070; x_wconf 54' lang='lat' dir='ltr'>&quot;Eafa</span> <span class='ocrx_word' id='word_1_33' title='bbox 716 995 814 1070; x_wconf 77' lang='grc' dir='ltr'>καὶ</span> <span class='ocrx_word' id='word_1_34' title='bbox 843 996 912 1048; x_wconf 78' lang='grc' dir='ltr'>ἐν</span> <span class='ocrx_word' id='word_1_35' title='bbox 929 996 1173 1070; x_wconf 68' lang='grc' dir='ltr'>,βυθοῖσι</span> <span class='ocrx_word' id='word_1_36' title='bbox 1195 998 1383 1051; x_wconf 77' lang='grc' dir='ltr'>πόθου</span> <span class='ocrx_word' id='word_1_37' title='bbox 1412 999 1615 1070; x_wconf 78' lang='grc' dir='ltr'>νόμος,</span> <span class='ocrx_word' id='word_1_38' title='bbox 1644 1002 1696 1052; x_wconf 87' lang='grc' dir='ltr'>εἰ</span> <span class='ocrx_word' id='word_1_39' title='bbox 1722 1000 1892 1052; x_wconf 80' lang='grc' dir='ltr'>ἐτεόν</span> <span class='ocrx_word' id='word_1_40' title='bbox 1913 1020 1995 1070; x_wconf 75' lang='grc' dir='ltr'>γε.</span> 
     </span>
    </p>
   </div>
   <div class='ocr_carea' id='block_1_8' title="bbox 416 1064 2001 1137">
    <p class='ocr_par' dir='ltr' id='par_1_8' title="bbox 416 1064 2001 1137">
     <span class='ocr_line' id='line_1_8' title="bbox 416 1064 2001 1137; baseline 0.004 -20"><span class='ocrx_word' id='word_1_41' title='bbox 416 1064 488 1137; x_wconf 65' lang='grc'><strong>28</strong></span> <span class='ocrx_word' id='word_1_42' title='bbox 525 1067 744 1137; x_wconf 51' lang='grc' dir='ltr'>Δελφίς</span> <span class='ocrx_word' id='word_1_43' title='bbox 766 1068 1046 1137; x_wconf 53' lang='lat' dir='ltr'><strong>eli/uilior</strong></span> <span class='ocrx_word' id='word_1_44' title='bbox 1064 1064 1530 1133; x_wconf 68' lang='grc' dir='ltr'>βασιλεύτατοζι,</span> <span class='ocrx_word' id='word_1_45' title='bbox 1555 1069 1636 1136; x_wconf 75' lang='grc' dir='ltr'>ἢν</span> <span class='ocrx_word' id='word_1_46' title='bbox 1662 1073 1772 1122; x_wconf 82' lang='grc' dir='ltr'>τιν’</span> <span class='ocrx_word' id='word_1_47' title='bbox 1804 1064 2001 1137; x_wconf 71' lang='grc' dir='ltr'>ῖδηέαι</span> 
     </span>
    </p>
   </div>
   <div class='ocr_carea' id='block_1_9' title="bbox 416 1134 1997 1207">
    <p class='ocr_par' dir='ltr' id='par_1_9' title="bbox 416 1134 1997 1207">
     <span class='ocr_line' id='line_1_9' title="bbox 416 1134 1997 1207; baseline 0.004 -20"><span class='ocrx_word' id='word_1_48' title='bbox 528 1134 666 1203; x_wconf 69' lang='lat' dir='ltr'><strong>Gﬁp’</strong></span> <span class='ocrx_word' id='word_1_49' title='bbox 680 1136 829 1207; x_wconf 69' lang='grc' dir='ltr'>ἁλὸς</span> <span class='ocrx_word' id='word_1_50' title='bbox 847 1136 1244 1202; x_wconf 77' lang='grc' dir='ltr'>ἡπεδανοῖσιν</span> <span class='ocrx_word' id='word_1_51' title='bbox 1267 1134 1645 1192; x_wconf 65' lang='grc' dir='ltr'>ἐπιπλώοντα</span> <span class='ocrx_word' id='word_1_52' title='bbox 1664 1134 1997 1207; x_wconf 66' lang='grc' dir='ltr'>τεκέεσσιν,</span> 
     </span>
    </p>
   </div>
   <div class='ocr_carea' id='block_1_10' title="bbox 418 1205 1996 1277">
    <p class='ocr_par' dir='ltr' id='par_1_10' title="bbox 418 1205 1996 1277">
     <span class='ocr_line' id='line_1_10' title="bbox 418 1205 1996 1277; baseline 0.004 -20"><span class='ocrx_word' id='word_1_53' title='bbox 418 1205 487 1277; x_wconf 58' lang='grc' dir='ltr'>ξθ</span> <span class='ocrx_word' id='word_1_54' title='bbox 533 1207 646 1277; x_wconf 80' lang='grc' dir='ltr'>’Ὴν</span> <span class='ocrx_word' id='word_1_55' title='bbox 673 1206 857 1277; x_wconf 70' lang='grc' dir='ltr'>γένυν</span> <span class='ocrx_word' id='word_1_56' title='bbox 884 1207 1193 1277; x_wconf 62' lang='lat' dir='ltr'><strong>timidique,</strong></span> <span class='ocrx_word' id='word_1_57' title='bbox 1227 1209 1373 1260; x_wconf 81' lang='grc' dir='ltr'>εἵσω</span> <span class='ocrx_word' id='word_1_58' title='bbox 1406 1212 1584 1277; x_wconf 74' lang='grc' dir='ltr'>γόνον</span> <span class='ocrx_word' id='word_1_59' title='bbox 1611 1206 1747 1263; x_wconf 83' lang='grc' dir='ltr'>αὖθι</span> <span class='ocrx_word' id='word_1_60' title='bbox 1770 1205 1996 1273; x_wconf 75' lang='grc' dir='ltr'>ἔδεκτο,</span> 
     </span>
    </p>
   </div>
   <div class='ocr_carea' id='block_1_11' title="bbox 418 1274 1997 1349">
    <p class='ocr_par' dir='ltr' id='par_1_11' title="bbox 418 1274 1997 1349">
     <span class='ocr_line' id='line_1_11' title="bbox 418 1274 1997 1349; baseline 0.002 -20"><span class='ocrx_word' id='word_1_61' title='bbox 418 1274 481 1349; x_wconf 52' lang='grc' dir='ltr'>ξε</span> <span class='ocrx_word' id='word_1_62' title='bbox 526 1276 779 1349; x_wconf 52' lang='grc' dir='ltr'>Λάπτωζ</span> <span class='ocrx_word' id='word_1_63' title='bbox 793 1275 875 1341; x_wconf 86' lang='grc' dir='ltr'>ὣς</span> <span class='ocrx_word' id='word_1_64' title='bbox 890 1278 1000 1349; x_wconf 44' lang='grc' dir='ltr'>τιν)</span> <span class='ocrx_word' id='word_1_65' title='bbox 1016 1276 1256 1343; x_wconf 83' lang='grc' dir='ltr'>ἐδητὺν,</span> <span class='ocrx_word' id='word_1_66' title='bbox 1275 1274 1434 1349; x_wconf 62' lang='grc' dir='ltr'>εἴπως’</span> <span class='ocrx_word' id='word_1_67' title='bbox 1443 1278 1528 1345; x_wconf 80' lang='grc' dir='ltr'>μὴ</span> <span class='ocrx_word' id='word_1_68' title='bbox 1551 1280 1727 1349; x_wconf 76' lang='grc' dir='ltr'>θηρσὶ</span> <span class='ocrx_word' id='word_1_69' title='bbox 1746 1281 1997 1349; x_wconf 72' lang='grc' dir='ltr'>γένοιτο.</span> 
     </span>
    </p>
   </div>
   <div class='ocr_carea' id='block_1_12' title="bbox 417 1341 2001 1471">
    <p class='ocr_par' dir='ltr' id='par_1_12' title="bbox 417 1341 2001 1471">
     <span class='ocr_line' id='line_1_12' title="bbox 417 1341 2001 1471; baseline 0.003 -73"><span class='ocrx_word' id='word_1_70' title='bbox 417 1344 491 1399; x_wconf 73' lang='grc'>52</span> <span class='ocrx_word' id='word_1_71' title='bbox 530 1344 665 1399; x_wconf 83' lang='grc' dir='ltr'>Οὐδ’</span> <span class='ocrx_word' id='word_1_72' title='bbox 694 1341 771 1400; x_wconf 84' lang='grc' dir='ltr'>αὖ</span> <span class='ocrx_word' id='word_1_73' title='bbox 798 1363 864 1415; x_wconf 79' lang='grc' dir='ltr'>γε</span> <span class='ocrx_word' id='word_1_74' title='bbox 894 1347 1037 1414; x_wconf 80' lang='grc' dir='ltr'>πρὶν</span> <span class='ocrx_word' id='word_1_75' title='bbox 1076 1341 1415 1416; x_wconf 71' lang='grc' dir='ltr'>κευθμῶνος</span> <span class='ocrx_word' id='word_1_76' title='bbox 1443 1341 1764 1471; x_wconf 56' lang='grc' dir='ltr'>ἆπέπξιᾶσέ</span> <span class='ocrx_word' id='word_1_77' title='bbox 1780 1352 2001 1419; x_wconf 63' lang='grc' dir='ltr'>φόρτον</span> 
     </span>
     <span class='ocr_line' id='line_1_13' title="bbox 1623 1429 1925 1471; baseline 0 0"><span class='ocrx_word' id='word_1_78' title='bbox 1623 1429 1631 1471; x_wconf 97' lang='lat' dir='ltr'><strong>I</strong></span> <span class='ocrx_word' id='word_1_79' title='bbox 1685 1436 1925 1471; x_wconf 74' lang='grc' dir='ltr'>πιστον.</span> 
     </span>
    </p>
   </div>
   <div class='ocr_carea' id='block_1_13' title="bbox 1685 1436 1904 1472">
    <p class='ocr_par' dir='ltr' id='par_1_13' title="bbox 1685 1436 1904 1472">
     <span class='ocr_line' id='line_1_14' title="bbox 1685 1436 1904 1472; baseline 0.005 -1"><span class='ocrx_word' id='word_1_80' title='bbox 1685 1436 1904 1472; x_wconf 75' lang='grc' dir='ltr'>πιστον</span> 
     </span>
    </p>
   </div>
   <div class='ocr_carea' id='block_1_14' title="bbox 417 1429 2001 1612">
    <p class='ocr_par' dir='ltr' id='par_1_14' title="bbox 417 1429 2001 1612">
     <span class='ocr_line' id='line_1_15' title="bbox 417 1429 2001 1612; baseline 0.001 -72"><span class='ocrx_word' id='word_1_81' title='bbox 417 1484 488 1540; x_wconf 79' lang='grc'>55</span> <span class='ocrx_word' id='word_1_82' title='bbox 524 1484 675 1553; x_wconf 72' lang='grc' dir='ltr'>Πρὶν</span> <span class='ocrx_word' id='word_1_83' title='bbox 729 1485 911 1553; x_wconf 82' lang='grc' dir='ltr'>θηρὸς</span> <span class='ocrx_word' id='word_1_84' title='bbox 968 1486 1273 1554; x_wconf 82' lang='grc' dir='ltr'>κρατεροῖο</span> <span class='ocrx_word' id='word_1_85' title='bbox 1343 1487 1556 1556; x_wconf 68' lang='grc' dir='ltr'>φυγεῖν</span> <span class='ocrx_word' id='word_1_86' title='bbox 1615 1429 2001 1612; x_wconf 48' lang='grc' dir='ltr'>ξὲἷίὲἑξῗαν</span> 
     </span>
     <span class='ocr_line' id='line_1_16' title="bbox 1685 1575 1924 1612; baseline 0.008 -2"><span class='ocrx_word' id='word_1_87' title='bbox 1685 1575 1779 1611; x_wconf 80' lang='grc' dir='ltr'>πει</span> <span class='ocrx_word' id='word_1_88' title='bbox 1831 1578 1924 1612; x_wconf 80' lang='grc' dir='ltr'>ην.</span> 
     </span>
    </p>
   </div>
   <div class='ocr_carea' id='block_1_15' title="bbox 1685 1575 1924 1613">
    <p class='ocr_par' dir='ltr' id='par_1_15' title="bbox 1685 1575 1924 1613">
     <span class='ocr_line' id='line_1_17' title="bbox 1685 1575 1924 1613; baseline 0.013 -3"><span class='ocrx_word' id='word_1_89' title='bbox 1685 1575 1924 1613; x_wconf 69' lang='grc' dir='ltr'>πεινιην.</span> 
     </span>
    </p>
   </div>
   <div class='ocr_carea' id='block_1_16' title="bbox 417 1558 1995 1697">
    <p class='ocr_par' dir='ltr' id='par_1_16' title="bbox 417 1558 1995 1697">
     <span class='ocr_line' id='line_1_18' title="bbox 417 1558 1995 1697; baseline 0.003 -18"><span class='ocrx_word' id='word_1_90' title='bbox 417 1624 486 1679; x_wconf 66' lang='grc'>51»</span> <span class='ocrx_word' id='word_1_91' title='bbox 529 1623 723 1693; x_wconf 77' lang='grc' dir='ltr'>Τῆμος</span> <span class='ocrx_word' id='word_1_92' title='bbox 756 1624 807 1677; x_wconf 84' lang='grc' dir='ltr'>δ’</span> <span class='ocrx_word' id='word_1_93' title='bbox 837 1624 907 1679; x_wconf 81' lang='grc' dir='ltr'>ἐκ</span> <span class='ocrx_word' id='word_1_94' title='bbox 936 1626 1212 1692; x_wconf 77' lang='grc' dir='ltr'>λαγόνων</span> <span class='ocrx_word' id='word_1_95' title='bbox 1235 1624 1393 1679; x_wconf 86' lang='grc' dir='ltr'>ὠδῖν’</span> <span class='ocrx_word' id='word_1_96' title='bbox 1422 1558 1995 1697; x_wconf 50' lang='grc' dir='ltr'>τὶρεύξάξῗ</span> 
     </span>
    </p>
   </div>
   <div class='ocr_carea' id='block_1_17' title="bbox 488 1736 1999 1809">
    <p class='ocr_par' dir='ltr' id='par_1_17' title="bbox 488 1736 1999 1809">
     <span class='ocr_line' id='line_1_19' title="bbox 488 1736 1999 1809; baseline 0.004 -19"><span class='ocrx_word' id='word_1_97' title='bbox 488 1736 611 1790; x_wconf 95' lang='grc' dir='ltr'>Τῶν</span> <span class='ocrx_word' id='word_1_98' title='bbox 645 1738 871 1791; x_wconf 89' lang='grc' dir='ltr'>ἐναλίων</span> <span class='ocrx_word' id='word_1_99' title='bbox 900 1741 929 1792; x_wconf 93' lang='lat'>0</span> <span class='ocrx_word' id='word_1_100' title='bbox 953 1738 1377 1808; x_wconf 85' lang='grc' dir='ltr'>βασιλικώτατος</span> <span class='ocrx_word' id='word_1_101' title='bbox 1399 1740 1642 1809; x_wconf 87' lang='grc' dir='ltr'>δελφῖνος</span> <span class='ocrx_word' id='word_1_102' title='bbox 1665 1742 1717 1793; x_wconf 78' lang='grc' dir='ltr'>εί</span> <span class='ocrx_word' id='word_1_103' title='bbox 1738 1759 1860 1795; x_wconf 88' lang='grc' dir='ltr'>τινα</span> <span class='ocrx_word' id='word_1_104' title='bbox 1892 1744 1999 1795; x_wconf 90' lang='grc' dir='ltr'>τῶν</span> 
     </span>
    </p>
   </div>
   <div class='ocr_carea' id='block_1_18' title="bbox 416 1829 1999 1900">
    <p class='ocr_par' dir='ltr' id='par_1_18' title="bbox 416 1829 1999 1900">
     <span class='ocr_line' id='line_1_20' title="bbox 416 1829 1999 1900; baseline 0.003 -17"><span class='ocrx_word' id='word_1_105' title='bbox 416 1830 721 1883; x_wconf 81' lang='grc' dir='ltr'>θαλασσίων</span> <span class='ocrx_word' id='word_1_106' title='bbox 743 1829 924 1900; x_wconf 83' lang='grc' dir='ltr'>θηρῶν</span> <span class='ocrx_word' id='word_1_107' title='bbox 940 1833 1051 1892; x_wconf 91' lang='grc' dir='ltr'>τοῖς</span> <span class='ocrx_word' id='word_1_108' title='bbox 1071 1835 1286 1900; x_wconf 82' lang='grc' dir='ltr'>μικροῖς</span> <span class='ocrx_word' id='word_1_109' title='bbox 1303 1833 1466 1886; x_wconf 82' lang='grc' dir='ltr'>αὐτοῦ</span> <span class='ocrx_word' id='word_1_110' title='bbox 1488 1833 1697 1896; x_wconf 88' lang='grc' dir='ltr'>τέκνοις</span> <span class='ocrx_word' id='word_1_111' title='bbox 1716 1834 1999 1887; x_wconf 79' lang='grc' dir='ltr'>ἐπιπλέον-</span> 
     </span>
    </p>
   </div>
   <div class='ocr_carea' id='block_1_19' title="bbox 413 1919 1999 1992">
    <p class='ocr_par' dir='ltr' id='par_1_19' title="bbox 413 1919 1999 1992">
     <span class='ocr_line' id='line_1_21' title="bbox 413 1919 1999 1992; baseline 0.006 -21"><span class='ocrx_word' id='word_1_112' title='bbox 413 1936 482 1972; x_wconf 87' lang='grc' dir='ltr'>τα</span> <span class='ocrx_word' id='word_1_113' title='bbox 506 1919 612 1991; x_wconf 71' lang='grc' dir='ltr'>ἴδῃ,</span> <span class='ocrx_word' id='word_1_114' title='bbox 637 1920 737 1992; x_wconf 82' lang='grc' dir='ltr'>τὴν</span> <span class='ocrx_word' id='word_1_115' title='bbox 771 1920 907 1973; x_wconf 89' lang='grc' dir='ltr'>ἰδίαν</span> <span class='ocrx_word' id='word_1_116' title='bbox 943 1920 1254 1985; x_wconf 87' lang='grc' dir='ltr'>διαπλώσας</span> <span class='ocrx_word' id='word_1_117' title='bbox 1287 1924 1531 1991; x_wconf 84' lang='grc' dir='ltr'>σιαγόνα,</span> <span class='ocrx_word' id='word_1_118' title='bbox 1556 1925 1623 1977; x_wconf 79' lang='grc' dir='ltr'>τὰ</span> <span class='ocrx_word' id='word_1_119' title='bbox 1644 1925 1808 1979; x_wconf 88' lang='grc' dir='ltr'>τέκνα</span> <span class='ocrx_word' id='word_1_120' title='bbox 1837 1927 1999 1980; x_wconf 89' lang='grc' dir='ltr'>πάλιν</span> 
     </span>
    </p>
   </div>
   <div class='ocr_carea' id='block_1_20' title="bbox 414 2010 1997 2085">
    <p class='ocr_par' dir='ltr' id='par_1_20' title="bbox 414 2010 1997 2085">
     <span class='ocr_line' id='line_1_22' title="bbox 414 2010 1997 2085; baseline 0.005 -23"><span class='ocrx_word' id='word_1_121' title='bbox 414 2010 564 2074; x_wconf 81' lang='grc' dir='ltr'>ἐντὸς</span> <span class='ocrx_word' id='word_1_122' title='bbox 590 2012 914 2081; x_wconf 82' lang='grc' dir='ltr'>ὑποδέχεται</span> <span class='ocrx_word' id='word_1_123' title='bbox 934 2013 1246 2064; x_wconf 81' lang='grc' dir='ltr'>καταπίνων</span> <span class='ocrx_word' id='word_1_124' title='bbox 1262 2012 1451 2084; x_wconf 84' lang='grc' dir='ltr'>ὥσπερ</span> <span class='ocrx_word' id='word_1_125' title='bbox 1471 2013 1674 2085; x_wconf 84' lang='grc' dir='ltr'>βρῶσίν</span> <span class='ocrx_word' id='word_1_126' title='bbox 1691 2032 1832 2081; x_wconf 91' lang='grc' dir='ltr'>τινα,</span> <span class='ocrx_word' id='word_1_127' title='bbox 1850 2018 1997 2081; x_wconf 83' lang='grc' dir='ltr'>ὅπως</span> 
     </span>
    </p>
   </div>
   <div class='ocr_carea' id='block_1_21' title="bbox 410 2097 1998 2174">
    <p class='ocr_par' dir='ltr' id='par_1_21' title="bbox 410 2097 1998 2174">
     <span class='ocr_line' id='line_1_23' title="bbox 410 2097 1998 2174; baseline 0.004 -21"><span class='ocrx_word' id='word_1_128' title='bbox 410 2097 482 2154; x_wconf 76' lang='grc' dir='ltr'>ἂν</span> <span class='ocrx_word' id='word_1_129' title='bbox 510 2103 624 2165; x_wconf 84' lang='grc' dir='ltr'>τοῖς</span> <span class='ocrx_word' id='word_1_130' title='bbox 656 2102 866 2173; x_wconf 82' lang='grc' dir='ltr'>θηρίοις</span> <span class='ocrx_word' id='word_1_131' title='bbox 910 2102 983 2173; x_wconf 87' lang='grc' dir='ltr'>μὴ</span> <span class='ocrx_word' id='word_1_132' title='bbox 1023 2103 1367 2174; x_wconf 80' lang='grc' dir='ltr'>κατάὸρωμα</span> <span class='ocrx_word' id='word_1_133' title='bbox 1418 2105 1695 2172; x_wconf 78' lang='grc' dir='ltr'>γένοιντο⁹</span> <span class='ocrx_word' id='word_1_134' title='bbox 1749 2100 1903 2170; x_wconf 76' lang='grc' dir='ltr'>οὗτος</span> <span class='ocrx_word' id='word_1_135' title='bbox 1940 2108 1998 2161; x_wconf 81' lang='grc' dir='ltr'>δὲ</span> 
     </span>
    </p>
   </div>
   <div class='ocr_carea' id='block_1_22' title="bbox 412 2188 1999 2268">
    <p class='ocr_par' dir='ltr' id='par_1_22' title="bbox 412 2188 1999 2268">
     <span class='ocr_line' id='line_1_24' title="bbox 412 2188 1999 2268; baseline 0.005 -26"><span class='ocrx_word' id='word_1_136' title='bbox 412 2188 509 2243; x_wconf 80' lang='grc' dir='ltr'>τοῦ</span> <span class='ocrx_word' id='word_1_137' title='bbox 543 2193 879 2263; x_wconf 84' lang='grc' dir='ltr'>κρυπτῆρος,</span> <span class='ocrx_word' id='word_1_138' title='bbox 934 2191 1077 2245; x_wconf 89' lang='grc' dir='ltr'>τοῦτ’</span> <span class='ocrx_word' id='word_1_139' title='bbox 1124 2192 1428 2262; x_wconf 60' lang='grc' dir='ltr'>ἔστινλτῆς</span> <span class='ocrx_word' id='word_1_140' title='bbox 1470 2194 1699 2262; x_wconf 82' lang='grc' dir='ltr'>κοιλίας,</span> <span class='ocrx_word' id='word_1_141' title='bbox 1747 2198 1999 2268; x_wconf 80' lang='grc' dir='ltr'>οὐδαμῶς</span> 
     </span>
    </p>
   </div>
   <div class='ocr_carea' id='block_1_23' title="bbox 411 2283 1998 2359">
    <p class='ocr_par' dir='ltr' id='par_1_23' title="bbox 411 2283 1998 2359">
     <span class='ocr_line' id='line_1_25' title="bbox 411 2283 1998 2359; baseline 0.005 -24"><span class='ocrx_word' id='word_1_142' title='bbox 411 2283 701 2338; x_wconf 82' lang='grc' dir='ltr'>ἀναδίδωσι</span> <span class='ocrx_word' id='word_1_143' title='bbox 733 2286 823 2339; x_wconf 84' lang='grc' dir='ltr'>τὸν</span> <span class='ocrx_word' id='word_1_144' title='bbox 850 2284 1022 2357; x_wconf 79' lang='grc' dir='ltr'>βαρὺν</span> <span class='ocrx_word' id='word_1_145' title='bbox 1064 2287 1271 2340; x_wconf 78' lang='grc' dir='ltr'>ἐκεῖνον</span> <span class='ocrx_word' id='word_1_146' title='bbox 1298 2287 1494 2358; x_wconf 81' lang='grc' dir='ltr'>φόρτον</span> <span class='ocrx_word' id='word_1_147' title='bbox 1527 2290 1625 2342; x_wconf 68' lang='grc' dir='ltr'>καὶ</span> <span class='ocrx_word' id='word_1_148' title='bbox 1654 2289 1805 2359; x_wconf 83' lang='grc' dir='ltr'>παρὰ</span> <span class='ocrx_word' id='word_1_149' title='bbox 1836 2289 1998 2358; x_wconf 85' lang='grc' dir='ltr'>φύσιν</span> 
     </span>
    </p>
   </div>
   <div class='ocr_carea' id='block_1_24' title="bbox 413 2377 1999 2453">
    <p class='ocr_par' dir='ltr' id='par_1_24' title="bbox 413 2377 1999 2453">
     <span class='ocr_line' id='line_1_26' title="bbox 413 2377 1999 2453; baseline 0.003 -23"><span class='ocrx_word' id='word_1_150' title='bbox 413 2377 711 2447; x_wconf 79' lang='grc' dir='ltr'>ἐγκύμονα,</span> <span class='ocrx_word' id='word_1_151' title='bbox 763 2379 893 2449; x_wconf 77' lang='grc' dir='ltr'>πρὶν</span> <span class='ocrx_word' id='word_1_152' title='bbox 927 2379 1020 2431; x_wconf 84' lang='grc' dir='ltr'>τοῦ</span> <span class='ocrx_word' id='word_1_153' title='bbox 1070 2381 1269 2450; x_wconf 91' lang='grc' dir='ltr'>κήτους</span> <span class='ocrx_word' id='word_1_154' title='bbox 1305 2380 1405 2432; x_wconf 87' lang='grc' dir='ltr'>τοῦ</span> <span class='ocrx_word' id='word_1_155' title='bbox 1437 2382 1707 2452; x_wconf 79' lang='grc' dir='ltr'>κρατεροῦ</span> <span class='ocrx_word' id='word_1_156' title='bbox 1753 2382 1849 2453; x_wconf 83' lang='grc' dir='ltr'>τὴν</span> <span class='ocrx_word' id='word_1_157' title='bbox 1881 2400 1999 2434; x_wconf 87' lang='grc' dir='ltr'>στε-</span> 
     </span>
    </p>
   </div>
   <div class='ocr_carea' id='block_1_25' title="bbox 411 2468 1999 2546">
    <p class='ocr_par' dir='ltr' id='par_1_25' title="bbox 411 2468 1999 2546">
     <span class='ocr_line' id='line_1_27' title="bbox 411 2468 1999 2546; baseline 0.004 -26"><span class='ocrx_word' id='word_1_158' title='bbox 411 2468 676 2540; x_wconf 83' lang='grc' dir='ltr'>νακτικὴν</span> <span class='ocrx_word' id='word_1_159' title='bbox 707 2468 922 2542; x_wconf 82' lang='grc' dir='ltr'>ἐκφύγῃ</span> <span class='ocrx_word' id='word_1_160' title='bbox 957 2470 1186 2541; x_wconf 83' lang='grc' dir='ltr'>ἀπειλήν</span> <span class='ocrx_word' id='word_1_161' title='bbox 1206 2487 1219 2500; x_wconf 74' lang='grc' dir='ltr'>σ</span> <span class='ocrx_word' id='word_1_162' title='bbox 1260 2471 1337 2534; x_wconf 83' lang='grc' dir='ltr'>ὡς</span> <span class='ocrx_word' id='word_1_163' title='bbox 1368 2472 1433 2523; x_wconf 88' lang='grc' dir='ltr'>ἂν</span> <span class='ocrx_word' id='word_1_164' title='bbox 1459 2472 1515 2524; x_wconf 83' lang='grc' dir='ltr'>δὲ</span> <span class='ocrx_word' id='word_1_165' title='bbox 1543 2472 1603 2525; x_wconf 88' lang='grc' dir='ltr'>τὸ</span> <span class='ocrx_word' id='word_1_166' title='bbox 1629 2472 1816 2545; x_wconf 87' lang='grc' dir='ltr'>θηρίον</span> <span class='ocrx_word' id='word_1_167' title='bbox 1859 2491 1999 2546; x_wconf 85' lang='grc' dir='ltr'>παρ-</span> 
     </span>
    </p>
   </div>
   <div class='ocr_carea' id='block_1_26' title="bbox 413 2558 1997 2636">
    <p class='ocr_par' dir='ltr' id='par_1_26' title="bbox 413 2558 1997 2636">
     <span class='ocr_line' id='line_1_28' title="bbox 413 2558 1997 2636; baseline 0.005 -25"><span class='ocrx_word' id='word_1_168' title='bbox 413 2558 558 2612; x_wconf 85' lang='grc' dir='ltr'>έλθοι</span> <span class='ocrx_word' id='word_1_169' title='bbox 612 2562 706 2613; x_wconf 74' lang='grc' dir='ltr'>καὶ</span> <span class='ocrx_word' id='word_1_170' title='bbox 758 2561 849 2613; x_wconf 86' lang='grc' dir='ltr'>τὸν</span> <span class='ocrx_word' id='word_1_171' title='bbox 901 2562 1149 2614; x_wconf 84' lang='grc' dir='ltr'>κίνδυνον</span> <span class='ocrx_word' id='word_1_172' title='bbox 1196 2562 1541 2632; x_wconf 82' lang='grc' dir='ltr'>διαδράσειε,</span> <span class='ocrx_word' id='word_1_173' title='bbox 1594 2564 1717 2617; x_wconf 88' lang='grc' dir='ltr'>τότε</span> <span class='ocrx_word' id='word_1_174' title='bbox 1766 2566 1832 2636; x_wconf 84' lang='grc' dir='ltr'>δὴ</span> <span class='ocrx_word' id='word_1_175' title='bbox 1884 2566 1997 2619; x_wconf 89' lang='grc' dir='ltr'>τῶν</span> 
     </span>
    </p>
   </div>
   <div class='ocr_carea' id='block_1_27' title="bbox 411 2650 1998 2725">
    <p class='ocr_par' dir='ltr' id='par_1_27' title="bbox 411 2650 1998 2725">
     <span class='ocr_line' id='line_1_29' title="bbox 411 2650 1998 2725; baseline 0.004 -22"><span class='ocrx_word' id='word_1_176' title='bbox 411 2650 665 2721; x_wconf 75' lang='grc' dir='ltr'>πλευρῶν</span> <span class='ocrx_word' id='word_1_177' title='bbox 703 2651 796 2705; x_wconf 86' lang='grc' dir='ltr'>τὸν</span> <span class='ocrx_word' id='word_1_178' title='bbox 841 2650 1012 2723; x_wconf 82' lang='grc' dir='ltr'>βαρὺν</span> <span class='ocrx_word' id='word_1_179' title='bbox 1040 2652 1116 2715; x_wconf 83' lang='grc' dir='ltr'>ὡς</span> <span class='ocrx_word' id='word_1_180' title='bbox 1144 2652 1377 2725; x_wconf 80' lang='grc' dir='ltr'>ἐλαφρὸν</span> <span class='ocrx_word' id='word_1_181' title='bbox 1412 2654 1598 2725; x_wconf 79' lang='grc' dir='ltr'>ἐξεμεῖ</span> <span class='ocrx_word' id='word_1_182' title='bbox 1628 2657 1870 2722; x_wconf 82' lang='grc' dir='ltr'>τοκετὸν,</span> <span class='ocrx_word' id='word_1_183' title='bbox 1908 2675 1998 2711; x_wconf 55' lang='grc' dir='ltr'>τοι</span> 
     </span>
    </p>
   </div>
   <div class='ocr_carea' id='block_1_28' title="bbox 411 2740 1993 2816">
    <p class='ocr_par' dir='ltr' id='par_1_28' title="bbox 411 2740 1993 2816">
     <span class='ocr_line' id='line_1_30' title="bbox 411 2740 1993 2816; baseline 0.004 -22"><span class='ocrx_word' id='word_1_184' title='bbox 411 2742 618 2812; x_wconf 88' lang='grc' dir='ltr'>σαύτην</span> <span class='ocrx_word' id='word_1_185' title='bbox 652 2740 843 2811; x_wconf 86' lang='grc' dir='ltr'>ὀδύνην</span> <span class='ocrx_word' id='word_1_186' title='bbox 880 2742 1015 2812; x_wconf 85' lang='grc' dir='ltr'>πρὸς</span> <span class='ocrx_word' id='word_1_187' title='bbox 1048 2743 1118 2796; x_wconf 82' lang='grc' dir='ltr'>τά</span> <span class='ocrx_word' id='word_1_188' title='bbox 1161 2742 1328 2795; x_wconf 82' lang='grc' dir='ltr'>τέκνα</span> <span class='ocrx_word' id='word_1_189' title='bbox 1381 2743 1598 2811; x_wconf 82' lang='grc' dir='ltr'>φυσικῷ</span> <span class='ocrx_word' id='word_1_190' title='bbox 1630 2742 1993 2816; x_wconf 82' lang='grc' dir='ltr'>ὑφιστάμενος</span> 
     </span>
    </p>
   </div>
   <div class='ocr_carea' id='block_1_29' title="bbox 410 2831 1997 2908">
    <p class='ocr_par' dir='ltr' id='par_1_29' title="bbox 410 2831 1997 2908">
     <span class='ocr_line' id='line_1_31' title="bbox 410 2831 1997 2908; baseline 0.004 -23"><span class='ocrx_word' id='word_1_191' title='bbox 410 2831 640 2903; x_wconf 82' lang='grc' dir='ltr'>φίλτρῳ.</span> <span class='ocrx_word' id='word_1_192' title='bbox 689 2832 873 2886; x_wconf 88' lang='grc' dir='ltr'>Ταῦτά</span> <span class='ocrx_word' id='word_1_193' title='bbox 919 2849 1083 2903; x_wconf 88' lang='grc' dir='ltr'>φησιν</span> <span class='ocrx_word' id='word_1_194' title='bbox 1132 2834 1161 2885; x_wconf 98' lang='lat'>0</span> <span class='ocrx_word' id='word_1_195' title='bbox 1195 2834 1335 2896; x_wconf 88' lang='grc' dir='ltr'>θεῖος</span> <span class='ocrx_word' id='word_1_196' title='bbox 1379 2834 1701 2905; x_wconf 88' lang='grc' dir='ltr'>Γρηγόριος,</span> <span class='ocrx_word' id='word_1_197' title='bbox 1734 2836 1810 2899; x_wconf 85' lang='grc' dir='ltr'>ῶς</span> <span class='ocrx_word' id='word_1_198' title='bbox 1844 2838 1997 2908; x_wconf 79' lang='grc' dir='ltr'>παρὰ</span> 
     </span>
    </p>
   </div>
   <div class='ocr_carea' id='block_1_30' title="bbox 410 2923 1995 2997">
    <p class='ocr_par' dir='ltr' id='par_1_30' title="bbox 410 2923 1995 2997">
     <span class='ocr_line' id='line_1_32' title="bbox 410 2923 1995 2997; baseline 0.003 -20"><span class='ocrx_word' id='word_1_199' title='bbox 410 2923 619 2977; x_wconf 78' lang='grc' dir='ltr'>παίδων</span> <span class='ocrx_word' id='word_1_200' title='bbox 637 2923 775 2995; x_wconf 80' lang='grc' dir='ltr'>πρὸς</span> <span class='ocrx_word' id='word_1_201' title='bbox 796 2927 975 2993; x_wconf 80' lang='grc' dir='ltr'>γονεῖς</span> <span class='ocrx_word' id='word_1_202' title='bbox 1005 2924 1421 2990; x_wconf 81' lang='grc' dir='ltr'>ἀποδεικνύντα,</span> <span class='ocrx_word' id='word_1_203' title='bbox 1448 2928 1557 2979; x_wconf 84' lang='grc' dir='ltr'>πᾶν</span> <span class='ocrx_word' id='word_1_204' title='bbox 1578 2927 1717 2997; x_wconf 83' lang='grc' dir='ltr'>ὅπερ</span> <span class='ocrx_word' id='word_1_205' title='bbox 1737 2927 1995 2997; x_wconf 83' lang='grc' dir='ltr'>ἐπιμελές</span> 
     </span>
    </p>
   </div>
   <div class='ocr_carea' id='block_1_31' title="bbox 409 3014 1995 3090">
    <p class='ocr_par' dir='ltr' id='par_1_31' title="bbox 409 3014 1995 3090">
     <span class='ocr_line' id='line_1_33' title="bbox 409 3014 1995 3090; baseline 0.003 -24"><span class='ocrx_word' id='word_1_206' title='bbox 409 3014 560 3068; x_wconf 74' lang='grc' dir='ltr'>ἐστιν</span> <span class='ocrx_word' id='word_1_207' title='bbox 596 3015 725 3085; x_wconf 85' lang='grc' dir='ltr'>περί</span> <span class='ocrx_word' id='word_1_208' title='bbox 747 3016 873 3079; x_wconf 81' lang='grc' dir='ltr'>τοὺς</span> <span class='ocrx_word' id='word_1_209' title='bbox 907 3017 1103 3079; x_wconf 87' lang='grc' dir='ltr'>παῖδας</span> <span class='ocrx_word' id='word_1_210' title='bbox 1134 3020 1247 3081; x_wconf 84' lang='grc' dir='ltr'>τοῖς</span> <span class='ocrx_word' id='word_1_211' title='bbox 1275 3016 1543 3085; x_wconf 82' lang='grc' dir='ltr'>γονεῦσιν,</span> <span class='ocrx_word' id='word_1_212' title='bbox 1571 3018 1731 3071; x_wconf 88' lang='grc' dir='ltr'>τοῦτο</span> <span class='ocrx_word' id='word_1_213' title='bbox 1775 3021 1868 3073; x_wconf 79' lang='grc' dir='ltr'>καὶ</span> <span class='ocrx_word' id='word_1_214' title='bbox 1899 3019 1995 3090; x_wconf 91' lang='grc' dir='ltr'>θη-</span> 
     </span>
    </p>
   </div>
   <div class='ocr_carea' id='block_1_32' title="bbox 414 3105 1993 3181">
    <p class='ocr_par' dir='ltr' id='par_1_32' title="bbox 414 3105 1993 3181">
     <span class='ocr_line' id='line_1_34' title="bbox 414 3105 1993 3181; baseline 0.006 -25"><span class='ocrx_word' id='word_1_215' title='bbox 414 3105 551 3174; x_wconf 87' lang='grc' dir='ltr'>ρίοις</span> <span class='ocrx_word' id='word_1_216' title='bbox 584 3109 860 3175; x_wconf 87' lang='grc' dir='ltr'>προσεῖναι</span> <span class='ocrx_word' id='word_1_217' title='bbox 906 3108 999 3161; x_wconf 81' lang='grc' dir='ltr'>καὶ</span> <span class='ocrx_word' id='word_1_218' title='bbox 1048 3112 1315 3173; x_wconf 84' lang='grc' dir='ltr'>πετεινοῖς</span> <span class='ocrx_word' id='word_1_219' title='bbox 1348 3111 1442 3163; x_wconf 73' lang='grc' dir='ltr'>καὶ</span> <span class='ocrx_word' id='word_1_220' title='bbox 1493 3110 1668 3181; x_wconf 89' lang='grc' dir='ltr'>ἰχθῦσι</span> <span class='ocrx_word' id='word_1_221' title='bbox 1712 3114 1805 3165; x_wconf 79' lang='grc' dir='ltr'>καὶ</span> <span class='ocrx_word' id='word_1_222' title='bbox 1857 3114 1993 3166; x_wconf 71' lang='grc' dir='ltr'>πᾶσι</span> 
     </span>
    </p>
   </div>
   <div class='ocr_carea' id='block_1_33' title="bbox 407 3197 1992 3271">
    <p class='ocr_par' dir='ltr' id='par_1_33' title="bbox 407 3197 1992 3271">
     <span class='ocr_line' id='line_1_35' title="bbox 407 3197 1992 3271; baseline 0.005 -21"><span class='ocrx_word' id='word_1_223' title='bbox 407 3198 525 3259; x_wconf 75' lang='grc' dir='ltr'>τοῖς</span> <span class='ocrx_word' id='word_1_224' title='bbox 569 3197 711 3250; x_wconf 89' lang='grc' dir='ltr'>κατά</span> <span class='ocrx_word' id='word_1_225' title='bbox 762 3198 965 3269; x_wconf 86' lang='grc' dir='ltr'>κόσμον</span> <span class='ocrx_word' id='word_1_226' title='bbox 1018 3200 1146 3271; x_wconf 83' lang='grc' dir='ltr'>περί</span> <span class='ocrx_word' id='word_1_227' title='bbox 1188 3201 1279 3253; x_wconf 78' lang='grc' dir='ltr'>τὸν</span> <span class='ocrx_word' id='word_1_228' title='bbox 1324 3200 1455 3255; x_wconf 83' lang='grc' dir='ltr'>ίδιον</span> <span class='ocrx_word' id='word_1_229' title='bbox 1497 3202 1736 3255; x_wconf 91' lang='grc' dir='ltr'>τοκετόν.</span> <span class='ocrx_word' id='word_1_230' title='bbox 1781 3204 1844 3256; x_wconf 91' lang='grc' dir='ltr'>Τί</span> <span class='ocrx_word' id='word_1_231' title='bbox 1899 3200 1992 3258; x_wconf 80' lang='grc' dir='ltr'>οὖν</span> 
     </span>
    </p>
   </div>
   <div class='ocr_carea' id='block_1_34' title="bbox 412 3287 1994 3366">
    <p class='ocr_par' dir='ltr' id='par_1_34' title="bbox 412 3287 1994 3366">
     <span class='ocr_line' id='line_1_36' title="bbox 412 3287 1994 3366; baseline 0.007 -27"><span class='ocrx_word' id='word_1_232' title='bbox 412 3287 559 3340; x_wconf 82' lang='grc' dir='ltr'>ἐστιν</span> <span class='ocrx_word' id='word_1_233' title='bbox 604 3290 862 3358; x_wconf 85' lang='grc' dir='ltr'>περισσὸν</span> <span class='ocrx_word' id='word_1_234' title='bbox 904 3291 961 3342; x_wconf 84' lang='grc' dir='ltr'>ἐν</span> <span class='ocrx_word' id='word_1_235' title='bbox 1014 3289 1321 3361; x_wconf 82' lang='grc' dir='ltr'>ἀνθρώποις</span> <span class='ocrx_word' id='word_1_236' title='bbox 1364 3291 1393 3343; x_wconf 85' lang='grc' dir='ltr'><strong>ὂ</strong></span> <span class='ocrx_word' id='word_1_237' title='bbox 1424 3295 1539 3355; x_wconf 87' lang='grc' dir='ltr'>τοῖς</span> <span class='ocrx_word' id='word_1_238' title='bbox 1586 3294 1797 3357; x_wconf 86' lang='grc' dir='ltr'>τέκνοις</span> <span class='ocrx_word' id='word_1_239' title='bbox 1841 3298 1994 3366; x_wconf 82' lang='grc' dir='ltr'>παρὰ</span> 
     </span>
    </p>
   </div>
   <div class='ocr_carea' id='block_1_35' title="bbox 411 3377 1994 3456">
    <p class='ocr_par' dir='ltr' id='par_1_35' title="bbox 411 3377 1994 3456">
     <span class='ocr_line' id='line_1_37' title="bbox 411 3377 1994 3456; baseline 0.006 -25"><span class='ocrx_word' id='word_1_240' title='bbox 411 3377 511 3448; x_wconf 73' lang='grc' dir='ltr'>τὴν</span> <span class='ocrx_word' id='word_1_241' title='bbox 544 3378 739 3451; x_wconf 86' lang='grc' dir='ltr'>λοιπὴν</span> <span class='ocrx_word' id='word_1_242' title='bbox 776 3381 955 3433; x_wconf 83' lang='grc' dir='ltr'>κτίσιν</span> <span class='ocrx_word' id='word_1_243' title='bbox 993 3381 1337 3451; x_wconf 79' lang='grc' dir='ltr'>καρποῦσθαι</span> <span class='ocrx_word' id='word_1_244' title='bbox 1387 3386 1499 3447; x_wconf 90' lang='grc' dir='ltr'>τοῖς</span> <span class='ocrx_word' id='word_1_245' title='bbox 1552 3385 1858 3456; x_wconf 81' lang='grc' dir='ltr'>ἀνθρώποις</span> <span class='ocrx_word' id='word_1_246' title='bbox 1901 3389 1994 3454; x_wconf 86' lang='grc' dir='ltr'>γέ-</span> 
     </span>
    </p>
   </div>
   <div class='ocr_carea' id='block_1_36' title="bbox 412 3470 1995 3543">
    <p class='ocr_par' dir='ltr' id='par_1_36' title="bbox 412 3470 1995 3543">
     <span class='ocr_line' id='line_1_38' title="bbox 412 3470 1995 3543; baseline 0.006 -20"><span class='ocrx_word' id='word_1_247' title='bbox 412 3471 542 3524; x_wconf 80' lang='grc' dir='ltr'>νοιτ’</span> <span class='ocrx_word' id='word_1_248' title='bbox 593 3470 659 3525; x_wconf 85' lang='grc' dir='ltr'>ἂν</span> <span class='ocrx_word' id='word_1_249' title='bbox 720 3473 1223 3543; x_wconf 87' lang='grc' dir='ltr'>περισπούδαστον,</span> <span class='ocrx_word' id='word_1_250' title='bbox 1285 3474 1448 3539; x_wconf 79' lang='grc' dir='ltr'>αὐτὸς</span> <span class='ocrx_word' id='word_1_251' title='bbox 1504 3475 1742 3530; x_wconf 83' lang='grc' dir='ltr'>διδάσκει</span> <span class='ocrx_word' id='word_1_252' title='bbox 1795 3480 1863 3533; x_wconf 89' lang='grc' dir='ltr'>δι’</span> <span class='ocrx_word' id='word_1_253' title='bbox 1920 3474 1995 3533; x_wconf 79' lang='grc' dir='ltr'>ὧν</span> 
     </span>
    </p>
   </div>
   <div class='ocr_carea' id='block_1_37' title="bbox 414 3563 1998 3643">
    <p class='ocr_par' dir='ltr' id='par_1_37' title="bbox 414 3563 1998 3643">
     <span class='ocr_line' id='line_1_39' title="bbox 414 3563 1998 3643; baseline 0.006 -26"><span class='ocrx_word' id='word_1_254' title='bbox 414 3563 629 3634; x_wconf 63' lang='grc' dir='ltr'>ἐπάγει,</span> <span class='ocrx_word' id='word_1_255' title='bbox 665 3565 889 3634; x_wconf 85' lang='grc' dir='ltr'>φάσκων</span> <span class='ocrx_word' id='word_1_256' title='bbox 919 3566 993 3629; x_wconf 84' lang='grc' dir='ltr'>ὡς</span> <span class='ocrx_word' id='word_1_257' title='bbox 1024 3568 1173 3637; x_wconf 84' lang='grc' dir='ltr'>παρά</span> <span class='ocrx_word' id='word_1_258' title='bbox 1196 3568 1307 3620; x_wconf 89' lang='grc' dir='ltr'>τῶν</span> <span class='ocrx_word' id='word_1_259' title='bbox 1341 3569 1544 3623; x_wconf 86' lang='grc' dir='ltr'>παίδων</span> <span class='ocrx_word' id='word_1_260' title='bbox 1590 3571 1724 3641; x_wconf 80' lang='grc' dir='ltr'>πρὸς</span> <span class='ocrx_word' id='word_1_261' title='bbox 1752 3574 1879 3636; x_wconf 77' lang='grc' dir='ltr'>τοὺς</span> <span class='ocrx_word' id='word_1_262' title='bbox 1906 3591 1998 3643; x_wconf 89' lang='grc' dir='ltr'>γο-</span> 
     </span>
    </p>
   </div>
   <div class='ocr_carea' id='block_1_38' title="bbox 416 3659 1996 3737">
    <p class='ocr_par' dir='ltr' id='par_1_38' title="bbox 416 3659 1996 3737">
     <span class='ocr_line' id='line_1_40' title="bbox 416 3659 1996 3737; baseline 0.006 -27"><span class='ocrx_word' id='word_1_263' title='bbox 416 3660 526 3720; x_wconf 81' lang='grc' dir='ltr'>νεῖς</span> <span class='ocrx_word' id='word_1_264' title='bbox 554 3659 614 3711; x_wconf 88' lang='grc' dir='ltr'>ού</span> <span class='ocrx_word' id='word_1_265' title='bbox 653 3659 854 3729; x_wconf 81' lang='grc' dir='ltr'>χρυσὸν</span> <span class='ocrx_word' id='word_1_266' title='bbox 888 3661 1056 3727; x_wconf 83' lang='grc' dir='ltr'>ποθῶ,</span> <span class='ocrx_word' id='word_1_267' title='bbox 1099 3661 1217 3713; x_wconf 80' lang='grc' dir='ltr'>οὐδὲ</span> <span class='ocrx_word' id='word_1_268' title='bbox 1268 3660 1526 3731; x_wconf 77' lang='grc' dir='ltr'>ἄργυρον,</span> <span class='ocrx_word' id='word_1_269' title='bbox 1560 3664 1677 3715; x_wconf 80' lang='grc' dir='ltr'>οὐδὲ</span> <span class='ocrx_word' id='word_1_270' title='bbox 1711 3665 1779 3716; x_wconf 81' lang='grc' dir='ltr'>τὰ</span> <span class='ocrx_word' id='word_1_271' title='bbox 1816 3668 1996 3737; x_wconf 82' lang='grc' dir='ltr'>σήρων</span> 
     </span>
    </p>
   </div>
   <div class='ocr_carea' id='block_1_39' title="bbox 1444 428 3684 485">
    <p class='ocr_par' dir='ltr' id='par_1_39' title="bbox 1444 428 3684 485">
     <span class='ocr_line' id='line_1_41' title="bbox 1444 428 3684 485; baseline -0.001 -2"><span class='ocrx_word' id='word_1_272' title='bbox 1444 429 1533 483; x_wconf 73' lang='lat' dir='ltr'>AD</span> <span class='ocrx_word' id='word_1_273' title='bbox 1571 428 1880 484; x_wconf 74' lang='lat' dir='ltr'>CARMINA</span> <span class='ocrx_word' id='word_1_274' title='bbox 1920 431 1977 484; x_wconf 87' lang='lat' dir='ltr'><strong>S.</strong></span> <span class='ocrx_word' id='word_1_275' title='bbox 2018 429 2349 485; x_wconf 76' lang='lat' dir='ltr'>GREGOIHI</span> <span class='ocrx_word' id='word_1_276' title='bbox 2384 429 2631 484; x_wconf 78' lang='lat' dir='ltr'>TIIEOL.</span> <span class='ocrx_word' id='word_1_277' title='bbox 3576 434 3684 481; x_wconf 69' lang='lat' dir='ltr'><strong>ob:</strong></span> 
     </span>
    </p>
   </div>
   <div class='ocr_carea' id='block_1_40' title="bbox 2104 540 3684 614">
    <p class='ocr_par' dir='ltr' id='par_1_40' title="bbox 2104 540 3684 614">
     <span class='ocr_line' id='line_1_42' title="bbox 2104 540 3684 614; baseline -0.003 -17"><span class='ocrx_word' id='word_1_278' title='bbox 2104 544 2273 597; x_wconf 76' lang='grc' dir='ltr'>λεπτὰ</span> <span class='ocrx_word' id='word_1_279' title='bbox 2301 544 2395 597; x_wconf 73' lang='grc' dir='ltr'>καὶ</span> <span class='ocrx_word' id='word_1_280' title='bbox 2424 542 2767 614; x_wconf 80' lang='grc' dir='ltr'>παμποίκιλα</span> <span class='ocrx_word' id='word_1_281' title='bbox 2800 543 3041 613; x_wconf 80' lang='grc' dir='ltr'>νήματα,</span> <span class='ocrx_word' id='word_1_282' title='bbox 3068 541 3186 594; x_wconf 75' lang='grc' dir='ltr'>οὐδὲ</span> <span class='ocrx_word' id='word_1_283' title='bbox 3214 540 3392 603; x_wconf 76' lang='grc' dir='ltr'>λίθους</span> <span class='ocrx_word' id='word_1_284' title='bbox 3420 540 3684 608; x_wconf 77' lang='grc' dir='ltr'>διαυγεῖς,</span> 
     </span>
    </p>
   </div>
   <div class='ocr_carea' id='block_1_41' title="bbox 2102 633 3683 705">
    <p class='ocr_par' dir='ltr' id='par_1_41' title="bbox 2102 633 3683 705">
     <span class='ocr_line' id='line_1_43' title="bbox 2102 633 3683 705; baseline -0.001 -17"><span class='ocrx_word' id='word_1_285' title='bbox 2102 635 2222 688; x_wconf 81' lang='grc' dir='ltr'>ούδέ</span> <span class='ocrx_word' id='word_1_286' title='bbox 2265 636 2368 704; x_wconf 84' lang='grc' dir='ltr'>γῆν</span> <span class='ocrx_word' id='word_1_287' title='bbox 2411 635 2754 705; x_wconf 87' lang='grc' dir='ltr'>πολύμετρον</span> <span class='ocrx_word' id='word_1_288' title='bbox 2785 636 3155 703; x_wconf 87' lang='grc' dir='ltr'>κυμαίνουσαν</span> <span class='ocrx_word' id='word_1_289' title='bbox 3195 634 3442 705; x_wconf 84' lang='grc' dir='ltr'>καρποὺς</span> <span class='ocrx_word' id='word_1_290' title='bbox 3488 633 3683 703; x_wconf 86' lang='grc' dir='ltr'>ὁμοίαν</span> 
     </span>
    </p>
   </div>
   <div class='ocr_carea' id='block_1_42' title="bbox 2101 727 3683 802">
    <p class='ocr_par' dir='ltr' id='par_1_42' title="bbox 2101 727 3683 802">
     <span class='ocr_line' id='line_1_44' title="bbox 2101 727 3683 802; baseline -0.002 -18"><span class='ocrx_word' id='word_1_291' title='bbox 2101 732 2199 802; x_wconf 82' lang='grc' dir='ltr'>τῆς</span> <span class='ocrx_word' id='word_1_292' title='bbox 2228 730 2527 799; x_wconf 82' lang='grc' dir='ltr'>Αἰγύπτου,</span> <span class='ocrx_word' id='word_1_293' title='bbox 2568 730 2690 783; x_wconf 79' lang='grc' dir='ltr'>οὐδὲ</span> <span class='ocrx_word' id='word_1_294' title='bbox 2722 728 2925 799; x_wconf 80' lang='grc' dir='ltr'>πλῆθος</span> <span class='ocrx_word' id='word_1_295' title='bbox 2974 728 3319 800; x_wconf 78' lang='grc' dir='ltr'>θεραπόντων</span> <span class='ocrx_word' id='word_1_296' title='bbox 3363 727 3458 779; x_wconf 77' lang='grc' dir='ltr'>καὶ</span> <span class='ocrx_word' id='word_1_297' title='bbox 3488 744 3683 798; x_wconf 86' lang='grc' dir='ltr'>τετρα-</span> 
     </span>
    </p>
   </div>
   <div class='ocr_carea' id='block_1_43' title="bbox 2102 819 3680 893">
    <p class='ocr_par' dir='ltr' id='par_1_43' title="bbox 2102 819 3680 893">
     <span class='ocr_line' id='line_1_45' title="bbox 2102 819 3680 893; baseline -0.003 -18"><span class='ocrx_word' id='word_1_298' title='bbox 2102 825 2279 877; x_wconf 88' lang='grc' dir='ltr'>πόδων</span> <span class='ocrx_word' id='word_1_299' title='bbox 2318 824 2519 893; x_wconf 78' lang='grc' dir='ltr'>ἀγέλας</span> <span class='ocrx_word' id='word_1_300' title='bbox 2539 840 2553 854; x_wconf 84' lang='grc'><strong>·</strong></span> <span class='ocrx_word' id='word_1_301' title='bbox 2597 822 2773 892; x_wconf 83' lang='grc' dir='ltr'>γάμος</span> <span class='ocrx_word' id='word_1_302' title='bbox 2804 821 2860 875; x_wconf 84' lang='grc' dir='ltr'>δὲ</span> <span class='ocrx_word' id='word_1_303' title='bbox 2894 824 3005 884; x_wconf 88' lang='grc' dir='ltr'>τοῖς</span> <span class='ocrx_word' id='word_1_304' title='bbox 3049 820 3264 873; x_wconf 83' lang='grc' dir='ltr'>θέλουσι</span> <span class='ocrx_word' id='word_1_305' title='bbox 3289 819 3680 890; x_wconf 77' lang='grc' dir='ltr'>φροντιζέσθω,</span> 
     </span>
    </p>
   </div>
   <div class='ocr_carea' id='block_1_44' title="bbox 2102 910 3681 984">
    <p class='ocr_par' dir='ltr' id='par_1_44' title="bbox 2102 910 3681 984">
     <span class='ocr_line' id='line_1_46' title="bbox 2102 910 3681 984; baseline -0.004 -14"><span class='ocrx_word' id='word_1_306' title='bbox 2102 919 2390 971; x_wconf 79' lang='grc' dir='ltr'>δέσποιναν</span> <span class='ocrx_word' id='word_1_307' title='bbox 2418 916 2567 984; x_wconf 84' lang='grc' dir='ltr'>ἄγων</span> <span class='ocrx_word' id='word_1_308' title='bbox 2613 914 2822 984; x_wconf 70' lang='grc' dir='ltr'>ὑψηλὴν</span> <span class='ocrx_word' id='word_1_309' title='bbox 2870 914 2963 966; x_wconf 85' lang='grc' dir='ltr'>καὶ</span> <span class='ocrx_word' id='word_1_310' title='bbox 3012 914 3328 983; x_wconf 84' lang='grc' dir='ltr'>τιμωμένην</span> <span class='ocrx_word' id='word_1_311' title='bbox 3379 910 3681 982; x_wconf 83' lang='grc' dir='ltr'>ἀχθηδόνα·</span> 
     </span>
    </p>
   </div>
   <div class='ocr_carea' id='block_1_45' title="bbox 2104 1007 3679 1080">
    <p class='ocr_par' dir='ltr' id='par_1_45' title="bbox 2104 1007 3679 1080">
     <span class='ocr_line' id='line_1_47' title="bbox 2104 1007 3679 1080; baseline -0.003 -17"><span class='ocrx_word' id='word_1_312' title='bbox 2104 1011 2199 1063; x_wconf 74' lang='grc' dir='ltr'>καὶ</span> <span class='ocrx_word' id='word_1_313' title='bbox 2220 1009 2408 1080; x_wconf 88' lang='grc' dir='ltr'>θρόνος</span> <span class='ocrx_word' id='word_1_314' title='bbox 2432 1010 2612 1074; x_wconf 81' lang='grc' dir='ltr'>ἄλλοις</span> <span class='ocrx_word' id='word_1_315' title='bbox 2633 1009 2923 1072; x_wconf 86' lang='grc' dir='ltr'>ποθείσθω,</span> <span class='ocrx_word' id='word_1_316' title='bbox 2945 1007 3138 1078; x_wconf 89' lang='grc' dir='ltr'>καιροῦ</span> <span class='ocrx_word' id='word_1_317' title='bbox 3161 1008 3426 1077; x_wconf 87' lang='grc' dir='ltr'>φρύαγμα</span> <span class='ocrx_word' id='word_1_318' title='bbox 3445 1007 3679 1070; x_wconf 86' lang='grc' dir='ltr'>πίπτων,</span> 
     </span>
    </p>
   </div>
   <div class='ocr_carea' id='block_1_46' title="bbox 2101 1096 3682 1167">
    <p class='ocr_par' dir='ltr' id='par_1_46' title="bbox 2101 1096 3682 1167">
     <span class='ocr_line' id='line_1_48' title="bbox 2101 1096 3682 1167; baseline -0.003 -15"><span class='ocrx_word' id='word_1_319' title='bbox 2101 1100 2160 1163; x_wconf 85' lang='grc' dir='ltr'>ὃς</span> <span class='ocrx_word' id='word_1_320' title='bbox 2190 1101 2416 1162; x_wconf 83' lang='grc' dir='ltr'>πολλοὺς</span> <span class='ocrx_word' id='word_1_321' title='bbox 2441 1102 2627 1154; x_wconf 83' lang='grc' dir='ltr'>πατῶν</span> <span class='ocrx_word' id='word_1_322' title='bbox 2670 1100 2760 1153; x_wconf 82' lang='grc' dir='ltr'>ὑπ’</span> <span class='ocrx_word' id='word_1_323' title='bbox 2796 1099 2991 1167; x_wconf 78' lang='grc' dir='ltr'>ὀλίγων</span> <span class='ocrx_word' id='word_1_324' title='bbox 3026 1101 3277 1151; x_wconf 88' lang='grc' dir='ltr'>πατεῖται</span> <span class='ocrx_word' id='word_1_325' title='bbox 3301 1096 3559 1160; x_wconf 88' lang='grc' dir='ltr'>πολλάκις</span> <span class='ocrx_word' id='word_1_326' title='bbox 3587 1096 3682 1148; x_wconf 76' lang='grc' dir='ltr'>καὶ</span> 
     </span>
    </p>
   </div>
   <div class='ocr_carea' id='block_1_47' title="bbox 2102 1188 3682 1263">
    <p class='ocr_par' dir='ltr' id='par_1_47' title="bbox 2102 1188 3682 1263">
     <span class='ocr_line' id='line_1_49' title="bbox 2102 1188 3682 1263; baseline -0.002 -20"><span class='ocrx_word' id='word_1_327' title='bbox 2102 1193 2434 1263; x_wconf 88' lang='grc' dir='ltr'>χειροτέρων</span> <span class='ocrx_word' id='word_1_328' title='bbox 2453 1208 2467 1221; x_wconf 86' lang='grc'><strong>·</strong></span> <span class='ocrx_word' id='word_1_329' title='bbox 2495 1192 2645 1244; x_wconf 77' lang='grc' dir='ltr'>οὐδὲν</span> <span class='ocrx_word' id='word_1_330' title='bbox 2671 1192 2778 1262; x_wconf 84' lang='grc' dir='ltr'>γὰρ</span> <span class='ocrx_word' id='word_1_331' title='bbox 2801 1190 3017 1261; x_wconf 79' lang='grc' dir='ltr'>βέϐαιον</span> <span class='ocrx_word' id='word_1_332' title='bbox 3044 1192 3100 1242; x_wconf 89' lang='grc' dir='ltr'>ἐν</span> <span class='ocrx_word' id='word_1_333' title='bbox 3130 1188 3435 1258; x_wconf 87' lang='grc' dir='ltr'>ἀνθρώποις</span> <span class='ocrx_word' id='word_1_334' title='bbox 3463 1188 3491 1240; x_wconf 85' lang='grc' dir='ltr'><strong>ὃ</strong></span> <span class='ocrx_word' id='word_1_335' title='bbox 3530 1188 3682 1258; x_wconf 80' lang='grc' dir='ltr'>παρά</span> 
     </span>
    </p>
   </div>
   <div class='ocr_carea' id='block_1_48' title="bbox 2101 1281 3680 1353">
    <p class='ocr_par' dir='ltr' id='par_1_48' title="bbox 2101 1281 3680 1353">
     <span class='ocr_line' id='line_1_50' title="bbox 2101 1281 3680 1353; baseline -0.003 -17"><span class='ocrx_word' id='word_1_336' title='bbox 2101 1284 2169 1335; x_wconf 81' lang='grc' dir='ltr'>τά</span> <span class='ocrx_word' id='word_1_337' title='bbox 2219 1284 2391 1353; x_wconf 83' lang='grc' dir='ltr'>κτήνη</span> <span class='ocrx_word' id='word_1_338' title='bbox 2437 1286 2548 1345; x_wconf 91' lang='grc' dir='ltr'>τοῖς</span> <span class='ocrx_word' id='word_1_339' title='bbox 2599 1284 2809 1346; x_wconf 86' lang='grc' dir='ltr'>τέκνοις</span> <span class='ocrx_word' id='word_1_340' title='bbox 2854 1284 2903 1334; x_wconf 87' lang='grc' dir='ltr'>οἰ</span> <span class='ocrx_word' id='word_1_341' title='bbox 2955 1282 3121 1344; x_wconf 79' lang='grc' dir='ltr'>ὅντως</span> <span class='ocrx_word' id='word_1_342' title='bbox 3167 1284 3344 1349; x_wconf 88' lang='grc' dir='ltr'>γονεῖς</span> <span class='ocrx_word' id='word_1_343' title='bbox 3391 1281 3680 1350; x_wconf 87' lang='grc' dir='ltr'>περιποιή-</span> 
     </span>
    </p>
   </div>
   <div class='ocr_carea' id='block_1_49' title="bbox 2104 1368 3680 1443">
    <p class='ocr_par' dir='ltr' id='par_1_49' title="bbox 2104 1368 3680 1443">
     <span class='ocr_line' id='line_1_51' title="bbox 2104 1368 3680 1443; baseline -0.002 -18"><span class='ocrx_word' id='word_1_344' title='bbox 2104 1390 2310 1427; x_wconf 89' lang='grc' dir='ltr'>σαιντο·</span> <span class='ocrx_word' id='word_1_345' title='bbox 2346 1372 2485 1443; x_wconf 80' lang='grc' dir='ltr'>πλὴν</span> <span class='ocrx_word' id='word_1_346' title='bbox 2524 1374 2572 1424; x_wconf 90' lang='grc' dir='ltr'>εἰ</span> <span class='ocrx_word' id='word_1_347' title='bbox 2601 1372 2675 1443; x_wconf 82' lang='grc' dir='ltr'>μὴ</span> <span class='ocrx_word' id='word_1_348' title='bbox 2705 1372 2812 1424; x_wconf 85' lang='grc' dir='ltr'>τῶν</span> <span class='ocrx_word' id='word_1_349' title='bbox 2844 1371 3016 1437; x_wconf 79' lang='grc' dir='ltr'>λόγων</span> <span class='ocrx_word' id='word_1_350' title='bbox 3042 1373 3074 1440; x_wconf 91' lang='grc' dir='ltr'>ή</span> <span class='ocrx_word' id='word_1_351' title='bbox 3103 1368 3330 1439; x_wconf 92' lang='grc' dir='ltr'>δύναμις</span> <span class='ocrx_word' id='word_1_352' title='bbox 3366 1368 3426 1421; x_wconf 83' lang='grc' dir='ltr'>τὸ</span> <span class='ocrx_word' id='word_1_353' title='bbox 3454 1369 3680 1437; x_wconf 74' lang='grc' dir='ltr'>φυσικὸν</span> 
     </span>
    </p>
   </div>
   <div class='ocr_carea' id='block_1_50' title="bbox 2102 1454 3681 1533">
    <p class='ocr_par' dir='ltr' id='par_1_50' title="bbox 2102 1454 3681 1533">
     <span class='ocr_line' id='line_1_52' title="bbox 2102 1454 3681 1533; baseline -0.006 -16"><span class='ocrx_word' id='word_1_354' title='bbox 2102 1464 2300 1527; x_wconf 88' lang='grc' dir='ltr'>κάλλος</span> <span class='ocrx_word' id='word_1_355' title='bbox 2322 1463 2423 1533; x_wconf 79' lang='grc' dir='ltr'>τῆς</span> <span class='ocrx_word' id='word_1_356' title='bbox 2459 1463 2666 1525; x_wconf 81' lang='grc' dir='ltr'>εἰκόνος</span> <span class='ocrx_word' id='word_1_357' title='bbox 2696 1462 2762 1514; x_wconf 79' lang='grc' dir='ltr'>δι’</span> <span class='ocrx_word' id='word_1_358' title='bbox 2796 1454 2857 1513; x_wconf 79' lang='grc' dir='ltr'>οῦ</span> <span class='ocrx_word' id='word_1_359' title='bbox 2884 1461 2982 1530; x_wconf 81' lang='grc' dir='ltr'>τῆς</span> <span class='ocrx_word' id='word_1_360' title='bbox 3009 1458 3313 1525; x_wconf 85' lang='grc' dir='ltr'>κτηνώδους</span> <span class='ocrx_word' id='word_1_361' title='bbox 3346 1458 3559 1525; x_wconf 82' lang='grc' dir='ltr'>φύσεως</span> <span class='ocrx_word' id='word_1_362' title='bbox 3587 1456 3681 1509; x_wconf 72' lang='grc' dir='ltr'>καὶ</span> 
     </span>
    </p>
   </div>
   <div class='ocr_carea' id='block_1_51' title="bbox 2103 1549 3681 1625">
    <p class='ocr_par' dir='ltr' id='par_1_51' title="bbox 2103 1549 3681 1625">
     <span class='ocr_line' id='line_1_53' title="bbox 2103 1549 3681 1625; baseline -0.004 -18"><span class='ocrx_word' id='word_1_363' title='bbox 2103 1554 2400 1625; x_wconf 85' lang='grc' dir='ltr'>θηριώδους</span> <span class='ocrx_word' id='word_1_364' title='bbox 2433 1556 2465 1625; x_wconf 88' lang='grc' dir='ltr'>ή</span> <span class='ocrx_word' id='word_1_365' title='bbox 2513 1553 2829 1624; x_wconf 85' lang='grc' dir='ltr'>ἀνθρωπεία</span> <span class='ocrx_word' id='word_1_366' title='bbox 2862 1552 3093 1622; x_wconf 81' lang='grc' dir='ltr'>μάλιστα</span> <span class='ocrx_word' id='word_1_367' title='bbox 3121 1550 3460 1620; x_wconf 83' lang='grc' dir='ltr'>διακέκριται</span> <span class='ocrx_word' id='word_1_368' title='bbox 3483 1567 3496 1578; x_wconf 76' lang='grc' dir='ltr'><strong>ο</strong></span> <span class='ocrx_word' id='word_1_369' title='bbox 3540 1549 3681 1609; x_wconf 83' lang='grc' dir='ltr'>τίνες</span> 
     </span>
    </p>
   </div>
   <div class='ocr_carea' id='block_1_52' title="bbox 2100 1639 3681 1715">
    <p class='ocr_par' dir='ltr' id='par_1_52' title="bbox 2100 1639 3681 1715">
     <span class='ocr_line' id='line_1_54' title="bbox 2100 1639 3681 1715; baseline -0.007 -16"><span class='ocrx_word' id='word_1_370' title='bbox 2100 1647 2149 1699; x_wconf 88' lang='grc' dir='ltr'>οἰ</span> <span class='ocrx_word' id='word_1_371' title='bbox 2195 1646 2341 1713; x_wconf 85' lang='grc' dir='ltr'>λόγοι</span> <span class='ocrx_word' id='word_1_372' title='bbox 2391 1646 2467 1708; x_wconf 84' lang='grc' dir='ltr'>δὲ,</span> <span class='ocrx_word' id='word_1_373' title='bbox 2501 1646 2663 1715; x_wconf 67' lang='grc' dir='ltr'>φησιν</span> <span class='ocrx_word' id='word_1_374' title='bbox 2707 1646 2735 1697; x_wconf 91' lang='grc' dir='ltr'>ό</span> <span class='ocrx_word' id='word_1_375' title='bbox 2766 1644 2926 1707; x_wconf 77' lang='grc' dir='ltr'>αὐτὸς</span> <span class='ocrx_word' id='word_1_376' title='bbox 2963 1642 3227 1710; x_wconf 83' lang='grc' dir='ltr'>θεολόγος.</span> <span class='ocrx_word' id='word_1_377' title='bbox 3252 1641 3407 1712; x_wconf 82' lang='grc' dir='ltr'>Καλὴ</span> <span class='ocrx_word' id='word_1_378' title='bbox 3451 1640 3546 1709; x_wconf 85' lang='grc' dir='ltr'>μὲν</span> <span class='ocrx_word' id='word_1_379' title='bbox 3579 1639 3681 1707; x_wconf 73' lang='grc' dir='ltr'>τῆς</span> 
     </span>
    </p>
   </div>
   <div class='ocr_carea' id='block_1_53' title="bbox 2105 1733 3681 1807">
    <p class='ocr_par' dir='ltr' id='par_1_53' title="bbox 2105 1733 3681 1807">
     <span class='ocr_line' id='line_1_55' title="bbox 2105 1733 3681 1807; baseline -0.004 -18"><span class='ocrx_word' id='word_1_380' title='bbox 2105 1737 2404 1807; x_wconf 75' lang='grc' dir='ltr'>ῥητορικῆς</span> <span class='ocrx_word' id='word_1_381' title='bbox 2447 1738 2481 1807; x_wconf 90' lang='grc' dir='ltr'>ή</span> <span class='ocrx_word' id='word_1_382' title='bbox 2516 1736 2693 1807; x_wconf 84' lang='grc' dir='ltr'>θερμὴ</span> <span class='ocrx_word' id='word_1_383' title='bbox 2723 1735 2954 1804; x_wconf 89' lang='grc' dir='ltr'>δύναμις</span> <span class='ocrx_word' id='word_1_384' title='bbox 2986 1734 3044 1787; x_wconf 80' lang='grc' dir='ltr'>ἐν</span> <span class='ocrx_word' id='word_1_385' title='bbox 3086 1752 3145 1787; x_wconf 80' lang='grc' dir='ltr'>τε</span> <span class='ocrx_word' id='word_1_386' title='bbox 3183 1733 3545 1804; x_wconf 82' lang='grc' dir='ltr'>δημηγορίαις</span> <span class='ocrx_word' id='word_1_387' title='bbox 3586 1733 3681 1784; x_wconf 69' lang='grc' dir='ltr'>καὶ</span> 
     </span>
    </p>
   </div>
   <div class='ocr_carea' id='block_1_54' title="bbox 2099 1826 3681 1897">
    <p class='ocr_par' dir='ltr' id='par_1_54' title="bbox 2099 1826 3681 1897">
     <span class='ocr_line' id='line_1_56' title="bbox 2099 1826 3681 1897; baseline -0.003 -18"><span class='ocrx_word' id='word_1_388' title='bbox 2099 1826 2301 1897; x_wconf 70' lang='grc' dir='ltr'>ψήφοις</span> <span class='ocrx_word' id='word_1_389' title='bbox 2334 1828 2696 1891; x_wconf 88' lang='grc' dir='ltr'>δικαστικαῖς,</span> <span class='ocrx_word' id='word_1_390' title='bbox 2728 1827 2820 1879; x_wconf 79' lang='grc' dir='ltr'>καὶ</span> <span class='ocrx_word' id='word_1_391' title='bbox 2845 1826 3020 1893; x_wconf 79' lang='grc' dir='ltr'>λόγοις</span> <span class='ocrx_word' id='word_1_392' title='bbox 3050 1828 3509 1895; x_wconf 77' lang='grc' dir='ltr'>ἐγκωμιαστικοῖς</span> <span class='ocrx_word' id='word_1_393' title='bbox 3531 1843 3542 1856; x_wconf 89' lang='grc'>·</span> <span class='ocrx_word' id='word_1_394' title='bbox 3590 1842 3681 1876; x_wconf 65' lang='grc' dir='ltr'>κάη</span> 
     </span>
    </p>
   </div>
   <div class='ocr_carea' id='block_1_55' title="bbox 2100 1916 3683 1989">
    <p class='ocr_par' dir='ltr' id='par_1_55' title="bbox 2100 1916 3683 1989">
     <span class='ocr_line' id='line_1_57' title="bbox 2100 1916 3683 1989; baseline 0 -21"><span class='ocrx_word' id='word_1_395' title='bbox 2100 1917 2190 1970; x_wconf 84' lang='grc' dir='ltr'>λὺν</span> <span class='ocrx_word' id='word_1_396' title='bbox 2235 1918 2290 1971; x_wconf 85' lang='grc' dir='ltr'>δὲ</span> <span class='ocrx_word' id='word_1_397' title='bbox 2337 1918 2439 1988; x_wconf 80' lang='grc' dir='ltr'>τῆς</span> <span class='ocrx_word' id='word_1_398' title='bbox 2481 1918 2719 1989; x_wconf 83' lang='grc' dir='ltr'>ἱστορίας</span> <span class='ocrx_word' id='word_1_399' title='bbox 2750 1919 2783 1987; x_wconf 87' lang='grc' dir='ltr'>ή</span> <span class='ocrx_word' id='word_1_400' title='bbox 2832 1917 3040 1970; x_wconf 89' lang='grc' dir='ltr'>διάνοια</span> <span class='ocrx_word' id='word_1_401' title='bbox 3070 1916 3476 1987; x_wconf 78' lang='grc' dir='ltr'>πεπληρωμένη</span> <span class='ocrx_word' id='word_1_402' title='bbox 3550 1916 3683 1984; x_wconf 84' lang='grc' dir='ltr'>σύμ-</span> 
     </span>
    </p>
   </div>
   <div class='ocr_carea' id='block_1_56' title="bbox 2105 2008 3684 2082">
    <p class='ocr_par' dir='ltr' id='par_1_56' title="bbox 2105 2008 3684 2082">
     <span class='ocr_line' id='line_1_58' title="bbox 2105 2008 3684 2082; baseline -0.002 -18"><span class='ocrx_word' id='word_1_403' title='bbox 2105 2028 2295 2082; x_wconf 90' lang='grc' dir='ltr'>μικτος</span> <span class='ocrx_word' id='word_1_404' title='bbox 2341 2010 2449 2081; x_wconf 84' lang='grc' dir='ltr'>γὰρ</span> <span class='ocrx_word' id='word_1_405' title='bbox 2497 2012 2530 2081; x_wconf 83' lang='grc' dir='ltr'>ἡ</span> <span class='ocrx_word' id='word_1_406' title='bbox 2578 2009 2807 2080; x_wconf 82' lang='grc' dir='ltr'>ἱστορία,</span> <span class='ocrx_word' id='word_1_407' title='bbox 2844 2008 3003 2077; x_wconf 85' lang='grc' dir='ltr'>σοφία</span> <span class='ocrx_word' id='word_1_408' title='bbox 3061 2008 3290 2073; x_wconf 81' lang='grc' dir='ltr'>πολλῶν,</span> <span class='ocrx_word' id='word_1_409' title='bbox 3324 2008 3447 2070; x_wconf 88' lang='grc' dir='ltr'>νοῦς</span> <span class='ocrx_word' id='word_1_410' title='bbox 3497 2009 3684 2061; x_wconf 82' lang='grc' dir='ltr'>ὑποθέ-</span> 
     </span>
    </p>
   </div>
   <div class='ocr_carea' id='block_1_57' title="bbox 2104 2102 3681 2174">
    <p class='ocr_par' dir='ltr' id='par_1_57' title="bbox 2104 2102 3681 2174">
     <span class='ocr_line' id='line_1_59' title="bbox 2104 2102 3681 2174; baseline 0.001 -18"><span class='ocrx_word' id='word_1_411' title='bbox 2104 2119 2277 2156; x_wconf 89' lang='grc' dir='ltr'>σεων·</span> <span class='ocrx_word' id='word_1_412' title='bbox 2312 2102 2373 2156; x_wconf 85' lang='grc' dir='ltr'>ού</span> <span class='ocrx_word' id='word_1_413' title='bbox 2425 2102 2619 2174; x_wconf 88' lang='grc' dir='ltr'>μικρὸν</span> <span class='ocrx_word' id='word_1_414' title='bbox 2660 2102 2717 2155; x_wconf 79' lang='grc' dir='ltr'>δὲ</span> <span class='ocrx_word' id='word_1_415' title='bbox 2763 2103 2928 2172; x_wconf 86' lang='grc' dir='ltr'>τέχνη</span> <span class='ocrx_word' id='word_1_416' title='bbox 2978 2103 3342 2173; x_wconf 78' lang='grc' dir='ltr'>γραμματικὴ</span> <span class='ocrx_word' id='word_1_417' title='bbox 3394 2104 3487 2155; x_wconf 73' lang='grc' dir='ltr'>καὶ</span> <span class='ocrx_word' id='word_1_418' title='bbox 3536 2104 3681 2174; x_wconf 87' lang='grc' dir='ltr'>μάλα</span> 
     </span>
    </p>
   </div>
   <div class='ocr_carea' id='block_1_58' title="bbox 2100 2191 3680 2263">
    <p class='ocr_par' dir='ltr' id='par_1_58' title="bbox 2100 2191 3680 2263">
     <span class='ocr_line' id='line_1_60' title="bbox 2100 2191 3680 2263; baseline -0.001 -18"><span class='ocrx_word' id='word_1_419' title='bbox 2100 2210 2164 2262; x_wconf 88' lang='grc' dir='ltr'>γε</span> <span class='ocrx_word' id='word_1_420' title='bbox 2202 2192 2476 2263; x_wconf 84' lang='grc' dir='ltr'>μέγιστον,</span> <span class='ocrx_word' id='word_1_421' title='bbox 2499 2191 2840 2246; x_wconf 85' lang='grc' dir='ltr'>λεπτύνουσα</span> <span class='ocrx_word' id='word_1_422' title='bbox 2866 2192 2957 2244; x_wconf 87' lang='grc' dir='ltr'>τὸν</span> <span class='ocrx_word' id='word_1_423' title='bbox 2984 2193 3130 2256; x_wconf 91' lang='grc' dir='ltr'>νοῦν,</span> <span class='ocrx_word' id='word_1_424' title='bbox 3163 2192 3256 2245; x_wconf 81' lang='grc' dir='ltr'>καὶ</span> <span class='ocrx_word' id='word_1_425' title='bbox 3284 2192 3383 2262; x_wconf 79' lang='grc' dir='ltr'>τὴν</span> <span class='ocrx_word' id='word_1_426' title='bbox 3407 2192 3680 2262; x_wconf 77' lang='grc' dir='ltr'>βάρϐαρον</span> 
     </span>
    </p>
   </div>
   <div class='ocr_carea' id='block_1_59' title="bbox 2099 2282 3683 2355">
    <p class='ocr_par' dir='ltr' id='par_1_59' title="bbox 2099 2282 3683 2355">
     <span class='ocr_line' id='line_1_61' title="bbox 2099 2282 3683 2355; baseline 0.001 -20"><span class='ocrx_word' id='word_1_427' title='bbox 2099 2284 2239 2355; x_wconf 74' lang='grc' dir='ltr'>ἠχὴν</span> <span class='ocrx_word' id='word_1_428' title='bbox 2267 2283 2695 2354; x_wconf 76' lang='grc' dir='ltr'>ὲξελληνίζουσα,</span> <span class='ocrx_word' id='word_1_429' title='bbox 2724 2285 2818 2337; x_wconf 83' lang='grc' dir='ltr'>καὶ</span> <span class='ocrx_word' id='word_1_430' title='bbox 2863 2283 2963 2351; x_wconf 83' lang='grc' dir='ltr'>τῆς</span> <span class='ocrx_word' id='word_1_431' title='bbox 2985 2282 3240 2352; x_wconf 82' lang='grc' dir='ltr'>εὐγενοῦς</span> <span class='ocrx_word' id='word_1_432' title='bbox 3277 2283 3531 2353; x_wconf 83' lang='grc' dir='ltr'>γλώσσης</span> <span class='ocrx_word' id='word_1_433' title='bbox 3557 2282 3683 2336; x_wconf 69' lang='grc' dir='ltr'>κοιλ⁸</span> 
     </span>
    </p>
   </div>
   <div class='ocr_carea' id='block_1_60' title="bbox 2099 2374 3679 2446">
    <p class='ocr_par' dir='ltr' id='par_1_60' title="bbox 2099 2374 3679 2446">
     <span class='ocr_line' id='line_1_62' title="bbox 2099 2374 3679 2446; baseline -0.001 -18"><span class='ocrx_word' id='word_1_434' title='bbox 2099 2376 2253 2445; x_wconf 87' lang='grc' dir='ltr'>λίστη</span> <span class='ocrx_word' id='word_1_435' title='bbox 2278 2374 2489 2445; x_wconf 74' lang='grc' dir='ltr'>βοηθὸς,</span> <span class='ocrx_word' id='word_1_436' title='bbox 2511 2376 2603 2427; x_wconf 80' lang='grc' dir='ltr'>καὶ</span> <span class='ocrx_word' id='word_1_437' title='bbox 2621 2375 2720 2444; x_wconf 83' lang='grc' dir='ltr'>τῆς</span> <span class='ocrx_word' id='word_1_438' title='bbox 2750 2375 2974 2445; x_wconf 81' lang='grc' dir='ltr'>λογικῆς</span> <span class='ocrx_word' id='word_1_439' title='bbox 2989 2374 3183 2446; x_wconf 85' lang='grc' dir='ltr'>τέχνης</span> <span class='ocrx_word' id='word_1_440' title='bbox 3206 2374 3273 2427; x_wconf 89' lang='grc' dir='ltr'>τά</span> <span class='ocrx_word' id='word_1_441' title='bbox 3304 2374 3679 2445; x_wconf 84' lang='grc' dir='ltr'>παλαίσματα,</span> 
     </span>
    </p>
   </div>
   <div class='ocr_carea' id='block_1_61' title="bbox 2100 2462 3682 2539">
    <p class='ocr_par' dir='ltr' id='par_1_61' title="bbox 2100 2462 3682 2539">
     <span class='ocr_line' id='line_1_63' title="bbox 2100 2462 3682 2539; baseline 0 -19"><span class='ocrx_word' id='word_1_442' title='bbox 2100 2468 2189 2537; x_wconf 83' lang='grc' dir='ltr'>ὑφ’</span> <span class='ocrx_word' id='word_1_443' title='bbox 2220 2462 2298 2530; x_wconf 75' lang='grc' dir='ltr'>οἷς</span> <span class='ocrx_word' id='word_1_444' title='bbox 2332 2469 2392 2520; x_wconf 82' lang='grc' dir='ltr'>τὸ</span> <span class='ocrx_word' id='word_1_445' title='bbox 2419 2468 2616 2537; x_wconf 81' lang='grc' dir='ltr'>ἀληθὲς</span> <span class='ocrx_word' id='word_1_446' title='bbox 2644 2467 2967 2539; x_wconf 83' lang='grc' dir='ltr'>κρύπτεται,</span> <span class='ocrx_word' id='word_1_447' title='bbox 2999 2469 3026 2520; x_wconf 89' lang='grc' dir='ltr'>ό</span> <span class='ocrx_word' id='word_1_448' title='bbox 3050 2467 3409 2538; x_wconf 81' lang='grc' dir='ltr'>τετριμμένος</span> <span class='ocrx_word' id='word_1_449' title='bbox 3438 2467 3493 2519; x_wconf 80' lang='grc' dir='ltr'>δὲ</span> <span class='ocrx_word' id='word_1_450' title='bbox 3524 2467 3682 2536; x_wconf 85' lang='grc' dir='ltr'>λόγος</span> 
     </span>
    </p>
   </div>
   <div class='ocr_carea' id='block_1_62' title="bbox 2101 2559 3683 2631">
    <p class='ocr_par' dir='ltr' id='par_1_62' title="bbox 2101 2559 3683 2631">
     <span class='ocr_line' id='line_1_64' title="bbox 2101 2559 3683 2631; baseline -0.001 -18"><span class='ocrx_word' id='word_1_451' title='bbox 2101 2561 2567 2631; x_wconf 85' lang='grc' dir='ltr'>περιφανέστατον</span> <span class='ocrx_word' id='word_1_452' title='bbox 2598 2559 2811 2630; x_wconf 75' lang='grc' dir='ltr'>έθηκεν.</span> <span class='ocrx_word' id='word_1_453' title='bbox 2847 2560 3002 2613; x_wconf 85' lang='grc' dir='ltr'>Ὅσοι</span> <span class='ocrx_word' id='word_1_454' title='bbox 3038 2560 3214 2612; x_wconf 89' lang='grc' dir='ltr'>τοίνυν</span> <span class='ocrx_word' id='word_1_455' title='bbox 3261 2559 3337 2631; x_wconf 87' lang='grc' dir='ltr'>μὴ</span> <span class='ocrx_word' id='word_1_456' title='bbox 3365 2559 3573 2623; x_wconf 88' lang='grc' dir='ltr'>τούτοις</span> <span class='ocrx_word' id='word_1_457' title='bbox 3598 2576 3683 2612; x_wconf 64' lang='grc' dir='ltr'>τις·</span> 
     </span>
    </p>
   </div>
   <div class='ocr_carea' id='block_1_63' title="bbox 2104 2651 3685 2725">
    <p class='ocr_par' dir='ltr' id='par_1_63' title="bbox 2104 2651 3685 2725">
     <span class='ocr_line' id='line_1_65' title="bbox 2104 2651 3685 2725; baseline -0.002 -18"><span class='ocrx_word' id='word_1_458' title='bbox 2104 2654 2246 2725; x_wconf 89' lang='grc' dir='ltr'>μῶσι</span> <span class='ocrx_word' id='word_1_459' title='bbox 2274 2655 2401 2717; x_wconf 73' lang='grc' dir='ltr'>τοὺς</span> <span class='ocrx_word' id='word_1_460' title='bbox 2440 2652 2635 2715; x_wconf 87' lang='grc' dir='ltr'>παῖδας</span> <span class='ocrx_word' id='word_1_461' title='bbox 2674 2655 2799 2717; x_wconf 83' lang='grc' dir='ltr'>τοὺς</span> <span class='ocrx_word' id='word_1_462' title='bbox 2833 2653 3016 2716; x_wconf 79' lang='grc' dir='ltr'>ἰδίους,</span> <span class='ocrx_word' id='word_1_463' title='bbox 3054 2652 3207 2705; x_wconf 73' lang='grc' dir='ltr'>οὐδὲν</span> <span class='ocrx_word' id='word_1_464' title='bbox 3242 2652 3389 2718; x_wconf 83' lang='grc' dir='ltr'>ἄξιον</span> <span class='ocrx_word' id='word_1_465' title='bbox 3413 2652 3513 2721; x_wconf 79' lang='grc' dir='ltr'>τῆς</span> <span class='ocrx_word' id='word_1_466' title='bbox 3537 2651 3685 2705; x_wconf 86' lang='grc' dir='ltr'>εἰκό-</span> 
     </span>
    </p>
   </div>
   <div class='ocr_carea' id='block_1_64' title="bbox 2099 2743 3681 2814">
    <p class='ocr_par' dir='ltr' id='par_1_64' title="bbox 2099 2743 3681 2814">
     <span class='ocr_line' id='line_1_66' title="bbox 2099 2743 3681 2814; baseline -0.001 -18"><span class='ocrx_word' id='word_1_467' title='bbox 2099 2762 2189 2808; x_wconf 88' lang='grc' dir='ltr'>νος</span> <span class='ocrx_word' id='word_1_468' title='bbox 2235 2744 2321 2797; x_wconf 81' lang='grc' dir='ltr'>ἐπ⁹</span> <span class='ocrx_word' id='word_1_469' title='bbox 2371 2744 2549 2797; x_wconf 77' lang='grc' dir='ltr'>αὐτῶν</span> <span class='ocrx_word' id='word_1_470' title='bbox 2587 2744 3027 2813; x_wconf 86' lang='grc' dir='ltr'>διαπράττονται,</span> <span class='ocrx_word' id='word_1_471' title='bbox 3068 2743 3287 2813; x_wconf 75' lang='grc' dir='ltr'>καὶτῆς</span> <span class='ocrx_word' id='word_1_472' title='bbox 3325 2744 3557 2814; x_wconf 78' lang='grc' dir='ltr'>φυσικῆς</span> <span class='ocrx_word' id='word_1_473' title='bbox 3584 2743 3681 2796; x_wconf 83' lang='grc' dir='ltr'>αύ-</span> 
     </span>
    </p>
   </div>
   <div class='ocr_carea' id='block_1_65' title="bbox 2098 2833 3679 2906">
    <p class='ocr_par' dir='ltr' id='par_1_65' title="bbox 2098 2833 3679 2906">
     <span class='ocr_line' id='line_1_67' title="bbox 2098 2833 3679 2906; baseline -0.001 -17"><span class='ocrx_word' id='word_1_474' title='bbox 2098 2839 2226 2900; x_wconf 79' lang='grc' dir='ltr'>τοὺς</span> <span class='ocrx_word' id='word_1_475' title='bbox 2271 2836 2363 2889; x_wconf 89' lang='grc' dir='ltr'>τοῦ</span> <span class='ocrx_word' id='word_1_476' title='bbox 2415 2835 2575 2905; x_wconf 89' lang='grc' dir='ltr'>λόγου</span> <span class='ocrx_word' id='word_1_477' title='bbox 2625 2836 3039 2906; x_wconf 85' lang='grc' dir='ltr'>διακοσμήσεως</span> <span class='ocrx_word' id='word_1_478' title='bbox 3090 2834 3482 2906; x_wconf 89' lang='grc' dir='ltr'>ἁλλοτριοῦσιν,</span> <span class='ocrx_word' id='word_1_479' title='bbox 3527 2833 3679 2887; x_wconf 83' lang='grc' dir='ltr'>οὐδὲν</span> 
     </span>
    </p>
   </div>
   <div class='ocr_carea' id='block_1_66' title="bbox 2100 2927 3679 3001">
    <p class='ocr_par' dir='ltr' id='par_1_66' title="bbox 2100 2927 3679 3001">
     <span class='ocr_line' id='line_1_68' title="bbox 2100 2927 3679 3001; baseline -0.001 -20"><span class='ocrx_word' id='word_1_480' title='bbox 2100 2930 2359 3001; x_wconf 82' lang='grc' dir='ltr'>περισσὸν</span> <span class='ocrx_word' id='word_1_481' title='bbox 2388 2929 2569 2982; x_wconf 79' lang='grc' dir='ltr'>αὐτῶν</span> <span class='ocrx_word' id='word_1_482' title='bbox 2593 2928 2845 3000; x_wconf 83' lang='grc' dir='ltr'>νέμοντες</span> <span class='ocrx_word' id='word_1_483' title='bbox 2884 2929 2992 2981; x_wconf 88' lang='grc' dir='ltr'>τῶν</span> <span class='ocrx_word' id='word_1_484' title='bbox 3026 2928 3432 2999; x_wconf 90' lang='grc' dir='ltr'>προλεχθέντων</span> <span class='ocrx_word' id='word_1_485' title='bbox 3473 2927 3679 2999; x_wconf 80' lang='grc' dir='ltr'>θηρῶν,</span> 
     </span>
    </p>
   </div>
   <div class='ocr_carea' id='block_1_67' title="bbox 2100 3018 3684 3091">
    <p class='ocr_par' dir='ltr' id='par_1_67' title="bbox 2100 3018 3684 3091">
     <span class='ocr_line' id='line_1_69' title="bbox 2100 3018 3684 3091; baseline -0.002 -16"><span class='ocrx_word' id='word_1_486' title='bbox 2100 3023 2224 3075; x_wconf 75' lang='grc' dir='ltr'>οὗτε</span> <span class='ocrx_word' id='word_1_487' title='bbox 2249 3022 2357 3075; x_wconf 89' lang='grc' dir='ltr'>τῶν</span> <span class='ocrx_word' id='word_1_488' title='bbox 2390 3024 2447 3074; x_wconf 92' lang='grc' dir='ltr'>ἐν</span> <span class='ocrx_word' id='word_1_489' title='bbox 2473 3021 2724 3091; x_wconf 82' lang='grc' dir='ltr'>αἰσθήσει</span> <span class='ocrx_word' id='word_1_490' title='bbox 2767 3022 2859 3073; x_wconf 81' lang='grc' dir='ltr'>καὶ</span> <span class='ocrx_word' id='word_1_491' title='bbox 2889 3020 3064 3091; x_wconf 79' lang='grc' dir='ltr'>φθορᾷ</span> <span class='ocrx_word' id='word_1_492' title='bbox 3105 3019 3357 3091; x_wconf 85' lang='grc' dir='ltr'>περιττὸν</span> <span class='ocrx_word' id='word_1_493' title='bbox 3400 3018 3684 3089; x_wconf 79' lang='grc' dir='ltr'>ἐννοούμερ</span> 
     </span>
    </p>
   </div>
   <div class='ocr_carea' id='block_1_68' title="bbox 2100 3109 3682 3183">
    <p class='ocr_par' dir='ltr' id='par_1_68' title="bbox 2100 3109 3682 3183">
     <span class='ocr_line' id='line_1_70' title="bbox 2100 3109 3682 3183; baseline -0.003 -14"><span class='ocrx_word' id='word_1_494' title='bbox 2100 3133 2180 3169; x_wconf 88' lang='grc' dir='ltr'>νοι</span> <span class='ocrx_word' id='word_1_495' title='bbox 2201 3130 2215 3145; x_wconf 88' lang='grc'><strong>·</strong></span> <span class='ocrx_word' id='word_1_496' title='bbox 2247 3114 2299 3166; x_wconf 88' lang='grc' dir='ltr'>τί</span> <span class='ocrx_word' id='word_1_497' title='bbox 2328 3114 2382 3166; x_wconf 83' lang='grc' dir='ltr'>δὲ</span> <span class='ocrx_word' id='word_1_498' title='bbox 2419 3113 2479 3165; x_wconf 84' lang='grc' dir='ltr'>τὸ</span> <span class='ocrx_word' id='word_1_499' title='bbox 2515 3112 2705 3183; x_wconf 88' lang='grc' dir='ltr'>κέρδος</span> <span class='ocrx_word' id='word_1_500' title='bbox 2741 3113 2841 3183; x_wconf 80' lang='grc' dir='ltr'>τῆς</span> <span class='ocrx_word' id='word_1_501' title='bbox 2869 3112 3223 3176; x_wconf 84' lang='grc' dir='ltr'>παιδεύσεως,</span> <span class='ocrx_word' id='word_1_502' title='bbox 3250 3111 3413 3174; x_wconf 74' lang='grc' dir='ltr'>αὐτὸς</span> <span class='ocrx_word' id='word_1_503' title='bbox 3438 3112 3466 3162; x_wconf 90' lang='grc' dir='ltr'>ό</span> <span class='ocrx_word' id='word_1_504' title='bbox 3510 3109 3682 3164; x_wconf 83' lang='grc' dir='ltr'>θεολό-</span> 
     </span>
    </p>
   </div>
   <div class='ocr_carea' id='block_1_69' title="bbox 2100 3202 3684 3278">
    <p class='ocr_par' dir='ltr' id='par_1_69' title="bbox 2100 3202 3684 3278">
     <span class='ocr_line' id='line_1_71' title="bbox 2100 3202 3684 3278; baseline -0.004 -19"><span class='ocrx_word' id='word_1_505' title='bbox 2100 3224 2196 3276; x_wconf 87' lang='grc' dir='ltr'>γος</span> <span class='ocrx_word' id='word_1_506' title='bbox 2229 3206 2384 3278; x_wconf 77' lang='grc' dir='ltr'>φησί’</span> <span class='ocrx_word' id='word_1_507' title='bbox 2414 3205 2638 3275; x_wconf 79' lang='grc' dir='ltr'>Πρῶτον</span> <span class='ocrx_word' id='word_1_508' title='bbox 2672 3204 2770 3275; x_wconf 85' lang='grc' dir='ltr'>μὲν</span> <span class='ocrx_word' id='word_1_509' title='bbox 2803 3204 2989 3272; x_wconf 79' lang='grc' dir='ltr'>τὸτῆς</span> <span class='ocrx_word' id='word_1_510' title='bbox 3013 3202 3320 3274; x_wconf 83' lang='grc' dir='ltr'>κτηνώδους</span> <span class='ocrx_word' id='word_1_511' title='bbox 3351 3203 3533 3266; x_wconf 82' lang='grc' dir='ltr'>ἀνοίας</span> <span class='ocrx_word' id='word_1_512' title='bbox 3579 3219 3684 3271; x_wconf 91' lang='grc' dir='ltr'>φυ-</span> 
     </span>
    </p>
   </div>
   <div class='ocr_carea' id='block_1_70' title="bbox 2103 3294 3684 3368">
    <p class='ocr_par' dir='ltr' id='par_1_70' title="bbox 2103 3294 3684 3368">
     <span class='ocr_line' id='line_1_72' title="bbox 2103 3294 3684 3368; baseline -0.002 -18"><span class='ocrx_word' id='word_1_513' title='bbox 2103 3298 2270 3361; x_wconf 88' lang='grc' dir='ltr'>σικῶς</span> <span class='ocrx_word' id='word_1_514' title='bbox 2301 3297 2394 3350; x_wconf 82' lang='grc' dir='ltr'>καὶ</span> <span class='ocrx_word' id='word_1_515' title='bbox 2432 3298 2509 3361; x_wconf 86' lang='grc' dir='ltr'>ὡς</span> <span class='ocrx_word' id='word_1_516' title='bbox 2558 3297 2767 3368; x_wconf 87' lang='grc' dir='ltr'>πρέπον</span> <span class='ocrx_word' id='word_1_517' title='bbox 2797 3295 3105 3367; x_wconf 81' lang='grc' dir='ltr'>ἀνθρώποις</span> <span class='ocrx_word' id='word_1_518' title='bbox 3147 3294 3502 3366; x_wconf 86' lang='grc' dir='ltr'>ύπερανέχειν</span> <span class='ocrx_word' id='word_1_519' title='bbox 3522 3311 3535 3324; x_wconf 90' lang='grc'><strong>·</strong></span> <span class='ocrx_word' id='word_1_520' title='bbox 3568 3294 3684 3347; x_wconf 86' lang='grc' dir='ltr'>δεύ-</span> 
     </span>
    </p>
   </div>
   <div class='ocr_carea' id='block_1_71' title="bbox 2098 3383 3682 3459">
    <p class='ocr_par' dir='ltr' id='par_1_71' title="bbox 2098 3383 3682 3459">
     <span class='ocr_line' id='line_1_73' title="bbox 2098 3383 3682 3459; baseline -0.003 -19"><span class='ocrx_word' id='word_1_521' title='bbox 2098 3404 2256 3459; x_wconf 91' lang='grc' dir='ltr'>τερον</span> <span class='ocrx_word' id='word_1_522' title='bbox 2307 3386 2367 3439; x_wconf 82' lang='grc' dir='ltr'>τὸ</span> <span class='ocrx_word' id='word_1_523' title='bbox 2412 3386 2635 3447; x_wconf 88' lang='grc' dir='ltr'>λεπταῖς</span> <span class='ocrx_word' id='word_1_524' title='bbox 2688 3386 2979 3455; x_wconf 79' lang='grc' dir='ltr'>μερίμναις</span> <span class='ocrx_word' id='word_1_525' title='bbox 3031 3385 3102 3436; x_wconf 81' lang='grc' dir='ltr'>τὰ</span> <span class='ocrx_word' id='word_1_526' title='bbox 3148 3384 3283 3454; x_wconf 79' lang='grc' dir='ltr'>βάθη</span> <span class='ocrx_word' id='word_1_527' title='bbox 3338 3384 3439 3453; x_wconf 87' lang='grc' dir='ltr'>τῆς</span> <span class='ocrx_word' id='word_1_528' title='bbox 3488 3383 3682 3452; x_wconf 88' lang='grc' dir='ltr'>σοφίας</span> 
     </span>
    </p>
   </div>
   <div class='ocr_carea' id='block_1_72' title="bbox 2105 3470 3681 3547">
    <p class='ocr_par' dir='ltr' id='par_1_72' title="bbox 2105 3470 3681 3547">
     <span class='ocr_line' id='line_1_74' title="bbox 2105 3470 3681 3547; baseline -0.003 -15"><span class='ocrx_word' id='word_1_529' title='bbox 2105 3477 2565 3547; x_wconf 87' lang='grc' dir='ltr'>καταμανθάνειν,</span> <span class='ocrx_word' id='word_1_530' title='bbox 2598 3470 2673 3529; x_wconf 84' lang='grc' dir='ltr'>ὧν</span> <span class='ocrx_word' id='word_1_531' title='bbox 2719 3478 2769 3528; x_wconf 85' lang='grc' dir='ltr'>οἰ</span> <span class='ocrx_word' id='word_1_532' title='bbox 2805 3476 2958 3543; x_wconf 76' lang='grc' dir='ltr'>σοφοὶ</span> <span class='ocrx_word' id='word_1_533' title='bbox 3001 3475 3377 3544; x_wconf 82' lang='grc' dir='ltr'>κατεζήτησαν</span> <span class='ocrx_word' id='word_1_534' title='bbox 3422 3476 3516 3528; x_wconf 80' lang='grc' dir='ltr'>καὶ</span> <span class='ocrx_word' id='word_1_535' title='bbox 3561 3477 3681 3538; x_wconf 82' lang='grc' dir='ltr'>ταῖς</span> 
     </span>
    </p>
   </div>
   <div class='ocr_carea' id='block_1_73' title="bbox 2109 3567 3682 3645">
    <p class='ocr_par' dir='ltr' id='par_1_73' title="bbox 2109 3567 3682 3645">
     <span class='ocr_line' id='line_1_75' title="bbox 2109 3567 3682 3645; baseline -0.003 -22"><span class='ocrx_word' id='word_1_536' title='bbox 2109 3570 2310 3645; x_wconf 73' lang='grc' dir='ltr'>βίϐλοις</span> <span class='ocrx_word' id='word_1_537' title='bbox 2338 3569 2683 3640; x_wconf 73' lang='grc' dir='ltr'>συνέγραψαν</span> <span class='ocrx_word' id='word_1_538' title='bbox 2704 3583 2717 3597; x_wconf 68' lang='grc'><strong>⁸</strong></span> <span class='ocrx_word' id='word_1_539' title='bbox 2752 3569 2780 3619; x_wconf 89' lang='grc' dir='ltr'>ὁ</span> <span class='ocrx_word' id='word_1_540' title='bbox 2807 3569 2905 3637; x_wconf 78' lang='grc' dir='ltr'>μὲν</span> <span class='ocrx_word' id='word_1_541' title='bbox 2944 3567 3157 3631; x_wconf 87' lang='grc' dir='ltr'>τούτου,</span> <span class='ocrx_word' id='word_1_542' title='bbox 3184 3568 3275 3619; x_wconf 87' lang='grc' dir='ltr'>τοῦ</span> <span class='ocrx_word' id='word_1_543' title='bbox 3302 3568 3357 3619; x_wconf 78' lang='grc' dir='ltr'>δὲ</span> <span class='ocrx_word' id='word_1_544' title='bbox 3380 3568 3485 3631; x_wconf 80' lang='grc' dir='ltr'>τίς,</span> <span class='ocrx_word' id='word_1_545' title='bbox 3525 3567 3682 3629; x_wconf 85' lang='grc' dir='ltr'>ἀλλος</span> 
     </span>
    </p>
   </div>
   <div class='ocr_carea' id='block_1_74' title="bbox 2106 3661 3683 3734">
    <p class='ocr_par' dir='ltr' id='par_1_74' title="bbox 2106 3661 3683 3734">
     <span class='ocr_line' id='line_1_76' title="bbox 2106 3661 3683 3734; baseline -0.001 -19"><span class='ocrx_word' id='word_1_546' title='bbox 2106 3666 2213 3717; x_wconf 85' lang='grc' dir='ltr'>τῶν</span> <span class='ocrx_word' id='word_1_547' title='bbox 2240 3664 2435 3734; x_wconf 79' lang='grc' dir='ltr'>ἀερίων</span> <span class='ocrx_word' id='word_1_548' title='bbox 2477 3662 2571 3715; x_wconf 73' lang='grc' dir='ltr'>καὶ</span> <span class='ocrx_word' id='word_1_549' title='bbox 2598 3661 2903 3714; x_wconf 90' lang='grc' dir='ltr'>θαλασσίων</span> <span class='ocrx_word' id='word_1_550' title='bbox 2930 3661 3026 3728; x_wconf 79' lang='grc' dir='ltr'>τὴν</span> <span class='ocrx_word' id='word_1_551' title='bbox 3057 3661 3289 3731; x_wconf 79' lang='grc' dir='ltr'>φυσικὴν</span> <span class='ocrx_word' id='word_1_552' title='bbox 3314 3661 3683 3732; x_wconf 82' lang='grc' dir='ltr'>κατανοήσαν-</span> 
     </span>
    </p>
   </div>
   <div class='ocr_carea' id='block_1_75' title="bbox 415 3929 3685 4016">
    <p class='ocr_par' dir='ltr' id='par_1_75' title="bbox 415 3929 3685 4016">
     <span class='ocr_line' id='line_1_77' title="bbox 415 3929 3685 4016; baseline -0.001 -24"><span class='ocrx_word' id='word_1_553' title='bbox 415 3936 570 4016; x_wconf 82' lang='lat' dir='ltr'><strong>ocius</strong></span> <span class='ocrx_word' id='word_1_554' title='bbox 596 3937 923 4004; x_wconf 84' lang='lat' dir='ltr'><strong>erumpunt;</strong></span> <span class='ocrx_word' id='word_1_555' title='bbox 974 3934 1033 3988; x_wconf 86' lang='lat' dir='ltr'>lit</span> <span class='ocrx_word' id='word_1_556' title='bbox 1059 3948 1275 4005; x_wconf 83' lang='lat' dir='ltr'>agmen,</span> <span class='ocrx_word' id='word_1_557' title='bbox 1308 3932 1368 3988; x_wconf 88' lang='lat' dir='ltr'>ﬁt</span> <span class='ocrx_word' id='word_1_558' title='bbox 1388 3931 1631 3989; x_wconf 52' lang='lat' dir='ltr'><strong>&#39;bombus</strong></span> <span class='ocrx_word' id='word_1_559' title='bbox 1654 3929 2067 4000; x_wconf 80' lang='lat' dir='ltr'>formidolosus,</span> <span class='ocrx_word' id='word_1_560' title='bbox 2114 3932 2403 4003; x_wconf 91' lang='lat' dir='ltr'><strong>acutisque</strong></span> <span class='ocrx_word' id='word_1_561' title='bbox 2434 3931 2641 3988; x_wconf 84' lang='lat' dir='ltr'><strong>aculeis</strong></span> <span class='ocrx_word' id='word_1_562' title='bbox 2672 3932 2935 3989; x_wconf 91' lang='lat' dir='ltr'><strong>miserum</strong></span> <span class='ocrx_word' id='word_1_563' title='bbox 2969 3933 3234 3987; x_wconf 87' lang='lat' dir='ltr'><strong>viatorem</strong></span> <span class='ocrx_word' id='word_1_564' title='bbox 3260 3948 3371 3987; x_wconf 92' lang='lat' dir='ltr'>non</span> <span class='ocrx_word' id='word_1_565' title='bbox 3404 3949 3533 3991; x_wconf 85' lang='lat' dir='ltr'><strong>raro</strong></span> <span class='ocrx_word' id='word_1_566' title='bbox 3575 3937 3685 3989; x_wconf 89' lang='lat' dir='ltr'><strong>vita</strong></span> 
     </span>
    </p>
   </div>
   <div class='ocr_carea' id='block_1_76' title="bbox 415 4014 653 4079">
    <p class='ocr_par' dir='ltr' id='par_1_76' title="bbox 415 4014 653 4079">
     <span class='ocr_line' id='line_1_78' title="bbox 415 4014 653 4079; baseline -0.004 -18"><span class='ocrx_word' id='word_1_567' title='bbox 415 4014 653 4079; x_wconf 84' lang='lat' dir='ltr'><strong>privant.</strong></span> 
     </span>
    </p>
   </div>
   <div class='ocr_carea' id='block_1_77' title="bbox 494 4158 3689 4229">
    <p class='ocr_par' dir='ltr' id='par_1_77' title="bbox 494 4158 3689 4229">
     <span class='ocr_line' id='line_1_79' title="bbox 494 4158 3689 4229; baseline -0 -11"><span class='ocrx_word' id='word_1_568' title='bbox 494 4163 822 4218; x_wconf 84' lang='lat' dir='ltr'><strong>Animalium</strong></span> <span class='ocrx_word' id='word_1_569' title='bbox 856 4161 1192 4216; x_wconf 89' lang='lat' dir='ltr'><strong>marinorum</strong></span> <span class='ocrx_word' id='word_1_570' title='bbox 1228 4161 1518 4229; x_wconf 85' lang='lat' dir='ltr'><strong>delphinus</strong></span> <span class='ocrx_word' id='word_1_571' title='bbox 1552 4159 1709 4229; x_wconf 85' lang='lat' dir='ltr'><strong>quasi</strong></span> <span class='ocrx_word' id='word_1_572' title='bbox 1739 4174 1833 4212; x_wconf 84' lang='lat' dir='ltr'><strong>rex</strong></span> <span class='ocrx_word' id='word_1_573' title='bbox 1866 4158 1957 4212; x_wconf 91' lang='lat' dir='ltr'>ubi</span> <span class='ocrx_word' id='word_1_574' title='bbox 2003 4159 2235 4227; x_wconf 88' lang='lat' dir='ltr'><strong>piscium</strong></span> <span class='ocrx_word' id='word_1_575' title='bbox 2274 4160 2509 4228; x_wconf 81' lang='lat' dir='ltr'><strong>aliquem</strong></span> <span class='ocrx_word' id='word_1_576' title='bbox 2538 4161 2723 4215; x_wconf 88' lang='lat' dir='ltr'><strong>liberis</strong></span> <span class='ocrx_word' id='word_1_577' title='bbox 2754 4161 2869 4216; x_wconf 89' lang='lat' dir='ltr'><strong>suis</strong></span> <span class='ocrx_word' id='word_1_578' title='bbox 2917 4161 3270 4216; x_wconf 77' lang='lat' dir='ltr'><strong>insidiantem</strong></span> <span class='ocrx_word' id='word_1_579' title='bbox 3328 4160 3486 4226; x_wconf 90' lang='lat' dir='ltr'><strong>vidit,</strong></span> <span class='ocrx_word' id='word_1_580' title='bbox 3538 4162 3689 4217; x_wconf 90' lang='lat' dir='ltr'><strong>illico</strong></span> 
     </span>
    </p>
   </div>
   <div class='ocr_carea' id='block_1_78' title="bbox 414 4229 3689 4303">
    <p class='ocr_par' dir='ltr' id='par_1_78' title="bbox 414 4229 3689 4303">
     <span class='ocr_line' id='line_1_80' title="bbox 414 4229 3689 4303; baseline -0.002 -12"><span class='ocrx_word' id='word_1_581' title='bbox 414 4238 534 4302; x_wconf 81' lang='lat' dir='ltr'><strong>ipse</strong></span> <span class='ocrx_word' id='word_1_582' title='bbox 563 4235 781 4289; x_wconf 82' lang='lat' dir='ltr'><strong>devorat</strong></span> <span class='ocrx_word' id='word_1_583' title='bbox 830 4250 895 4286; x_wconf 88' lang='lat' dir='ltr'>ne</span> <span class='ocrx_word' id='word_1_584' title='bbox 928 4232 1165 4287; x_wconf 87' lang='lat' dir='ltr'><strong>hostium</strong></span> <span class='ocrx_word' id='word_1_585' title='bbox 1218 4232 1397 4301; x_wconf 67' lang='lat' dir='ltr'><strong>praeda</strong></span> <span class='ocrx_word' id='word_1_586' title='bbox 1437 4230 1588 4303; x_wconf 76' lang='lat' dir='ltr'><strong>ﬁant.</strong></span> <span class='ocrx_word' id='word_1_587' title='bbox 1626 4229 1668 4281; x_wconf 88' lang='grc' dir='ltr'>Ε</span> <span class='ocrx_word' id='word_1_588' title='bbox 1704 4230 1941 4303; x_wconf 66' lang='lat' dir='ltr'><strong>latebra,</strong></span> <span class='ocrx_word' id='word_1_589' title='bbox 1965 4229 2001 4281; x_wconf 93' lang='lat' dir='ltr'>i.</span> <span class='ocrx_word' id='word_1_590' title='bbox 2028 4245 2077 4303; x_wconf 37' lang='lat' dir='ltr'>en.</span> <span class='ocrx_word' id='word_1_591' title='bbox 2114 4238 2331 4303; x_wconf 64' lang='lat' dir='ltr'><strong>ventre,</strong></span> <span class='ocrx_word' id='word_1_592' title='bbox 2373 4247 2480 4283; x_wconf 89' lang='lat' dir='ltr'>non</span> <span class='ocrx_word' id='word_1_593' title='bbox 2517 4232 2667 4303; x_wconf 86' lang='lat' dir='ltr'><strong>prius</strong></span> <span class='ocrx_word' id='word_1_594' title='bbox 2699 4233 2917 4299; x_wconf 87' lang='lat' dir='ltr'><strong>projicit</strong></span> <span class='ocrx_word' id='word_1_595' title='bbox 2954 4233 3242 4286; x_wconf 87' lang='lat' dir='ltr'><strong>molestum</strong></span> <span class='ocrx_word' id='word_1_596' title='bbox 3278 4232 3411 4286; x_wconf 91' lang='lat' dir='ltr'><strong>illud</strong></span> <span class='ocrx_word' id='word_1_597' title='bbox 3448 4233 3689 4303; x_wconf 92' lang='lat' dir='ltr'><strong>pondus,</strong></span> 
     </span>
    </p>
   </div>
   <div class='ocr_carea' id='block_1_79' title="bbox 416 4298 3691 4377">
    <p class='ocr_par' dir='ltr' id='par_1_79' title="bbox 416 4298 3691 4377">
     <span class='ocr_line' id='line_1_81' title="bbox 416 4298 3691 4377; baseline -0.002 -16"><span class='ocrx_word' id='word_1_598' title='bbox 416 4298 580 4377; x_wconf 79' lang='lat' dir='ltr'><strong>quam</strong></span> <span class='ocrx_word' id='word_1_599' title='bbox 630 4305 731 4377; x_wconf 85' lang='lat' dir='ltr'><strong>ceti</strong></span> <span class='ocrx_word' id='word_1_600' title='bbox 776 4304 1033 4357; x_wconf 83' lang='lat' dir='ltr'><strong>immanis</strong></span> <span class='ocrx_word' id='word_1_601' title='bbox 1067 4298 1339 4377; x_wconf 18' lang='lat' dir='ltr'><strong>mina—siet</strong></span> <span class='ocrx_word' id='word_1_602' title='bbox 1375 4300 1679 4369; x_wconf 88' lang='lat' dir='ltr'><strong>periculum</strong></span> <span class='ocrx_word' id='word_1_603' title='bbox 1724 4299 1989 4367; x_wconf 79' lang='lat' dir='ltr'><strong>ethIgerit.</strong></span> <span class='ocrx_word' id='word_1_604' title='bbox 2038 4298 2336 4377; x_wconf 74' lang='lat' dir='ltr'><strong>Quod__u_bi</strong></span> <span class='ocrx_word' id='word_1_605' title='bbox 2384 4302 2634 4377; x_wconf 40' lang='lat' dir='ltr'><strong>recessit:</strong></span> <span class='ocrx_word' id='word_1_606' title='bbox 2684 4298 2816 4377; x_wconf 35' lang='lat' dir='ltr'><strong>tum:</strong></span> <span class='ocrx_word' id='word_1_607' title='bbox 2858 4319 2888 4355; x_wconf 89' lang='lat' dir='ltr'>e</span> <span class='ocrx_word' id='word_1_608' title='bbox 2936 4303 3138 4357; x_wconf 84' lang='lat' dir='ltr'><strong>lumbis</strong></span> <span class='ocrx_word' id='word_1_609' title='bbox 3184 4312 3413 4377; x_wconf 85' lang='lat' dir='ltr'><strong>partum</strong></span> <span class='ocrx_word' id='word_1_610' title='bbox 3448 4298 3691 4377; x_wconf 58' lang='lat' dir='ltr'><strong>&#39;gravent</strong></span> 
     </span>
    </p>
   </div>
   <div class='ocr_carea' id='block_1_80' title="bbox 416 4369 3693 4442">
    <p class='ocr_par' dir='ltr' id='par_1_80' title="bbox 416 4369 3693 4442">
     <span class='ocr_line' id='line_1_82' title="bbox 416 4369 3693 4442; baseline -0.001 -11"><span class='ocrx_word' id='word_1_611' title='bbox 416 4369 619 4439; x_wconf 65' lang='lat' dir='ltr'><strong>educit,</strong></span> <span class='ocrx_word' id='word_1_612' title='bbox 650 4375 863 4428; x_wconf 84' lang='lat' dir='ltr'><strong>dolores</strong></span> <span class='ocrx_word' id='word_1_613' title='bbox 904 4386 1114 4427; x_wconf 80' lang='lat' dir='ltr'><strong>atroces</strong></span> <span class='ocrx_word' id='word_1_614' title='bbox 1142 4374 1211 4425; x_wconf 89' lang='lat' dir='ltr'>ob</span> <span class='ocrx_word' id='word_1_615' title='bbox 1246 4373 1481 4425; x_wconf 88' lang='lat' dir='ltr'><strong>ﬁliorum</strong></span> <span class='ocrx_word' id='word_1_616' title='bbox 1515 4384 1757 4425; x_wconf 80' lang='lat' dir='ltr'><strong>amorem</strong></span> <span class='ocrx_word' id='word_1_617' title='bbox 1786 4384 2005 4442; x_wconf 79' lang='lat' dir='ltr'><strong>passus.</strong></span> <span class='ocrx_word' id='word_1_618' title='bbox 2036 4369 2161 4442; x_wconf 48' lang='lat' dir='ltr'><strong>Haec</strong></span> <span class='ocrx_word' id='word_1_619' title='bbox 2185 4369 2405 4442; x_wconf 87' lang='lat' dir='ltr'><strong>divinus</strong></span> <span class='ocrx_word' id='word_1_620' title='bbox 2435 4370 2569 4424; x_wconf 85' lang='lat' dir='ltr'><strong>dicit</strong></span> <span class='ocrx_word' id='word_1_621' title='bbox 2592 4371 2891 4441; x_wconf 81' lang='lat' dir='ltr'><strong>Gregorius</strong></span> <span class='ocrx_word' id='word_1_622' title='bbox 2920 4385 2978 4427; x_wconf 84' lang='lat' dir='ltr'>ut</span> <span class='ocrx_word' id='word_1_623' title='bbox 3004 4369 3262 4427; x_wconf 73' lang='lat' dir='ltr'><strong>ostendat</strong></span> <span class='ocrx_word' id='word_1_624' title='bbox 3307 4369 3576 4442; x_wconf 61' lang='lat' dir='ltr'><strong>quantum</strong></span> <span class='ocrx_word' id='word_1_625' title='bbox 3618 4375 3693 4428; x_wconf 90' lang='lat' dir='ltr'>sit</span> 
     </span>
    </p>
   </div>
   <div class='ocr_carea' id='block_1_81' title="bbox 419 4440 3690 4513">
    <p class='ocr_par' dir='ltr' id='par_1_81' title="bbox 419 4440 3690 4513">
     <span class='ocr_line' id='line_1_83' title="bbox 419 4440 3690 4513; baseline -0.001 -13"><span class='ocrx_word' id='word_1_626' title='bbox 419 4460 566 4501; x_wconf 67' lang='lat' dir='ltr'><strong>cura:</strong></span> <span class='ocrx_word' id='word_1_627' title='bbox 616 4444 934 4513; x_wconf 88' lang='lat' dir='ltr'><strong>parentibus</strong></span> <span class='ocrx_word' id='word_1_628' title='bbox 968 4458 1068 4513; x_wconf 79' lang='lat' dir='ltr'>pro</span> <span class='ocrx_word' id='word_1_629' title='bbox 1104 4442 1251 4503; x_wconf 83' lang='lat' dir='ltr'><strong>ﬁliis,</strong></span> <span class='ocrx_word' id='word_1_630' title='bbox 1294 4451 1504 4513; x_wconf 88' lang='lat' dir='ltr'><strong>tantum</strong></span> <span class='ocrx_word' id='word_1_631' title='bbox 1559 4456 1680 4495; x_wconf 88' lang='lat' dir='ltr'><strong>esse</strong></span> <span class='ocrx_word' id='word_1_632' title='bbox 1714 4440 2050 4503; x_wconf 84' lang='lat' dir='ltr'><strong>volatilibus,</strong></span> <span class='ocrx_word' id='word_1_633' title='bbox 2073 4440 2321 4513; x_wconf 80' lang='lat' dir='ltr'><strong>piscibus</strong></span> <span class='ocrx_word' id='word_1_634' title='bbox 2367 4448 2427 4513; x_wconf 82' lang='lat' dir='ltr'>et</span> <span class='ocrx_word' id='word_1_635' title='bbox 2470 4440 2913 4513; x_wconf 86' lang='lat' dir='ltr'><strong>quibuscumque</strong></span> <span class='ocrx_word' id='word_1_636' title='bbox 2943 4444 3156 4497; x_wconf 70' lang='lat' dir='ltr'><strong>caeteris</strong></span> <span class='ocrx_word' id='word_1_637' title='bbox 3189 4440 3524 4498; x_wconf 77' lang='lat' dir='ltr'><strong>animalibus</strong></span> <span class='ocrx_word' id='word_1_638' title='bbox 3559 4460 3690 4512; x_wconf 85' lang='lat' dir='ltr'><strong>erga</strong></span> 
     </span>
    </p>
   </div>
   <div class='ocr_carea' id='block_1_82' title="bbox 422 4510 3690 4584">
    <p class='ocr_par' dir='ltr' id='par_1_82' title="bbox 422 4510 3690 4584">
     <span class='ocr_line' id='line_1_84' title="bbox 422 4510 3690 4584; baseline -0.001 -15"><span class='ocrx_word' id='word_1_639' title='bbox 422 4528 585 4569; x_wconf 85' lang='lat' dir='ltr'><strong>suum</strong></span> <span class='ocrx_word' id='word_1_640' title='bbox 621 4510 983 4584; x_wconf 44' lang='lat' dir='ltr'><strong>progeniem;</strong></span> <span class='ocrx_word' id='word_1_641' title='bbox 1010 4511 1336 4567; x_wconf 86' lang='lat' dir='ltr'><strong>Hominibus</strong></span> <span class='ocrx_word' id='word_1_642' title='bbox 1388 4512 1441 4565; x_wconf 91' lang='lat' dir='ltr'>in</span> <span class='ocrx_word' id='word_1_643' title='bbox 1478 4518 1589 4584; x_wconf 85' lang='lat' dir='ltr'><strong>tota</strong></span> <span class='ocrx_word' id='word_1_644' title='bbox 1629 4525 1811 4584; x_wconf 72' lang='lat' dir='ltr'><strong>rerum</strong></span> <span class='ocrx_word' id='word_1_645' title='bbox 1841 4519 2036 4563; x_wconf 88' lang='lat' dir='ltr'><strong>natura</strong></span> <span class='ocrx_word' id='word_1_646' title='bbox 2064 4510 2206 4584; x_wconf 73' lang='lat' dir='ltr'><strong>nihil</strong></span> <span class='ocrx_word' id='word_1_647' title='bbox 2228 4510 2634 4584; x_wconf 79' lang='lat' dir='ltr'><strong>charius,nihil</strong></span> <span class='ocrx_word' id='word_1_648' title='bbox 2666 4510 2951 4582; x_wconf 81' lang='lat' dir='ltr'><strong>antiquius</strong></span> <span class='ocrx_word' id='word_1_649' title='bbox 2985 4530 3108 4568; x_wconf 87' lang='lat' dir='ltr'><strong>esse</strong></span> <span class='ocrx_word' id='word_1_650' title='bbox 3138 4530 3302 4581; x_wconf 82' lang='lat' dir='ltr'><strong>quam</strong></span> <span class='ocrx_word' id='word_1_651' title='bbox 3328 4530 3459 4567; x_wconf 87' lang='lat' dir='ltr'><strong>suos</strong></span> <span class='ocrx_word' id='word_1_652' title='bbox 3488 4510 3690 4581; x_wconf 77' lang='lat' dir='ltr'><strong>cuique</strong></span> 
     </span>
    </p>
   </div>
   <div class='ocr_carea' id='block_1_83' title="bbox 418 4578 3690 4653">
    <p class='ocr_par' dir='ltr' id='par_1_83' title="bbox 418 4578 3690 4653">
     <span class='ocr_line' id='line_1_85' title="bbox 418 4578 3690 4653; baseline -0.001 -13"><span class='ocrx_word' id='word_1_653' title='bbox 418 4578 647 4640; x_wconf 48' lang='lat' dir='ltr'><strong>liberos—</strong></span> <span class='ocrx_word' id='word_1_654' title='bbox 676 4578 1117 4652; x_wconf 49' lang='lat' dir='ltr'><strong>in‘sequentibus</strong></span> <span class='ocrx_word' id='word_1_655' title='bbox 1143 4584 1432 4637; x_wconf 87' lang='lat' dir='ltr'><strong>conlirmat</strong></span> <span class='ocrx_word' id='word_1_656' title='bbox 1473 4582 1660 4653; x_wconf 81' lang='lat' dir='ltr'><strong>dicens</strong></span> <span class='ocrx_word' id='word_1_657' title='bbox 1690 4578 1991 4653; x_wconf 26' lang='lat' dir='ltr'><strong>:‘Parentcs</strong></span> <span class='ocrx_word' id='word_1_658' title='bbox 2024 4581 2169 4633; x_wconf 56' lang='lat' dir='ltr'><strong>nihil.</strong></span> <span class='ocrx_word' id='word_1_659' title='bbox 2206 4581 2381 4650; x_wconf 88' lang='lat' dir='ltr'><strong>pluris</strong></span> <span class='ocrx_word' id='word_1_660' title='bbox 2420 4580 2632 4635; x_wconf 81' lang='lat' dir='ltr'><strong>faciunt</strong></span> <span class='ocrx_word' id='word_1_661' title='bbox 2662 4578 2825 4652; x_wconf 74' lang='lat' dir='ltr'><strong>quani</strong></span> <span class='ocrx_word' id='word_1_662' title='bbox 2860 4599 2927 4637; x_wconf 80' lang='lat' dir='ltr'><strong>ex</strong></span> <span class='ocrx_word' id='word_1_663' title='bbox 2957 4599 3015 4637; x_wconf 90' lang='lat' dir='ltr'>se</span> <span class='ocrx_word' id='word_1_664' title='bbox 3047 4578 3230 4646; x_wconf 84' lang='lat' dir='ltr'><strong>natos,</strong></span> <span class='ocrx_word' id='word_1_665' title='bbox 3268 4600 3445 4653; x_wconf 87' lang='lat' dir='ltr'><strong>neque</strong></span> <span class='ocrx_word' id='word_1_666' title='bbox 3466 4578 3690 4649; x_wconf 83' lang='lat' dir='ltr'><strong>aurum,</strong></span> 
     </span>
    </p>
   </div>
   <div class='ocr_carea' id='block_1_84' title="bbox 421 4649 3693 4723">
    <p class='ocr_par' dir='ltr' id='par_1_84' title="bbox 421 4649 3693 4723">
     <span class='ocr_line' id='line_1_86' title="bbox 421 4649 3693 4723; baseline 0 -15"><span class='ocrx_word' id='word_1_667' title='bbox 421 4668 599 4723; x_wconf 69' lang='lat' dir='ltr'><strong>neque</strong></span> <span class='ocrx_word' id='word_1_668' title='bbox 640 4649 951 4723; x_wconf 83' lang='lat' dir='ltr'><strong>argentum,</strong></span> <span class='ocrx_word' id='word_1_669' title='bbox 991 4668 1169 4722; x_wconf 88' lang='lat' dir='ltr'><strong>neque</strong></span> <span class='ocrx_word' id='word_1_670' title='bbox 1223 4661 1369 4706; x_wconf 83' lang='lat' dir='ltr'><strong>texta</strong></span> <span class='ocrx_word' id='word_1_671' title='bbox 1414 4649 1788 4723; x_wconf 76' lang='lat' dir='ltr'><strong>versicolor-ia,</strong></span> <span class='ocrx_word' id='word_1_672' title='bbox 1846 4665 2023 4719; x_wconf 86' lang='lat' dir='ltr'><strong>neque</strong></span> <span class='ocrx_word' id='word_1_673' title='bbox 2074 4649 2360 4719; x_wconf 84' lang='lat' dir='ltr'><strong>argentum</strong></span> <span class='ocrx_word' id='word_1_674' title='bbox 2410 4649 2723 4723; x_wconf 72' lang='lat' dir='ltr'><strong>signatum;</strong></span> <span class='ocrx_word' id='word_1_675' title='bbox 2786 4655 2922 4707; x_wconf 82' lang='lat' dir='ltr'><strong>adde</strong></span> <span class='ocrx_word' id='word_1_676' title='bbox 2968 4669 3237 4723; x_wconf 89' lang='lat' dir='ltr'><strong>gemmas,</strong></span> <span class='ocrx_word' id='word_1_677' title='bbox 3267 4649 3430 4722; x_wconf 74' lang='lat' dir='ltr'><strong>agros</strong></span> <span class='ocrx_word' id='word_1_678' title='bbox 3483 4655 3693 4709; x_wconf 81' lang='lat' dir='ltr'><strong>fertiles</strong></span> 
     </span>
    </p>
   </div>
   <div class='ocr_carea' id='block_1_85' title="bbox 419 4720 3695 4794">
    <p class='ocr_par' dir='ltr' id='par_1_85' title="bbox 419 4720 3695 4794">
     <span class='ocr_line' id='line_1_87' title="bbox 419 4720 3695 4794; baseline 0.001 -18"><span class='ocrx_word' id='word_1_679' title='bbox 419 4720 671 4794; x_wconf 58' lang='lat' dir='ltr'><strong>Egypti,</strong></span> <span class='ocrx_word' id='word_1_680' title='bbox 708 4720 1037 4794; x_wconf 83' lang='lat' dir='ltr'><strong>famulorum</strong></span> <span class='ocrx_word' id='word_1_681' title='bbox 1074 4720 1511 4784; x_wconf 76' lang='lat' dir='ltr'><strong>multitudinem,</strong></span> <span class='ocrx_word' id='word_1_682' title='bbox 1538 4720 1806 4794; x_wconf 63' lang='lat' dir='ltr'><strong>denique</strong></span> <span class='ocrx_word' id='word_1_683' title='bbox 1843 4735 2031 4794; x_wconf 76' lang='lat' dir='ltr'><strong>greges</strong></span> <span class='ocrx_word' id='word_1_684' title='bbox 2074 4720 2481 4794; x_wconf 49' lang='lat' dir='ltr'><strong>armentorum;</strong></span> <span class='ocrx_word' id='word_1_685' title='bbox 2508 4720 2915 4794; x_wconf 84' lang='lat' dir='ltr'><strong>Matrimonium</strong></span> <span class='ocrx_word' id='word_1_686' title='bbox 2949 4720 3133 4794; x_wconf 77' lang='lat' dir='ltr'><strong>ineant</strong></span> <span class='ocrx_word' id='word_1_687' title='bbox 3162 4725 3256 4791; x_wconf 83' lang='lat' dir='ltr'>qui</span> <span class='ocrx_word' id='word_1_688' title='bbox 3298 4720 3516 4789; x_wconf 84' lang='lat' dir='ltr'><strong>volunt;</strong></span> <span class='ocrx_word' id='word_1_689' title='bbox 3550 4740 3695 4792; x_wconf 61' lang='lat' dir='ltr'><strong>saepe</strong></span> 
     </span>
    </p>
   </div>
   <div class='ocr_carea' id='block_1_86' title="bbox 419 4789 3695 4862">
    <p class='ocr_par' dir='ltr' id='par_1_86' title="bbox 419 4789 3695 4862">
     <span class='ocr_line' id='line_1_88' title="bbox 419 4789 3695 4862; baseline -0.001 -12"><span class='ocrx_word' id='word_1_690' title='bbox 419 4789 642 4850; x_wconf 71' lang='lat' dir='ltr'><strong>domina</strong></span> <span class='ocrx_word' id='word_1_691' title='bbox 705 4792 938 4862; x_wconf 86' lang='lat' dir='ltr'><strong>superba</strong></span> <span class='ocrx_word' id='word_1_692' title='bbox 998 4807 1063 4847; x_wconf 90' lang='lat' dir='ltr'>ac</span> <span class='ocrx_word' id='word_1_693' title='bbox 1116 4794 1343 4847; x_wconf 90' lang='lat' dir='ltr'><strong>molesta</strong></span> <span class='ocrx_word' id='word_1_694' title='bbox 1394 4790 1714 4861; x_wconf 88' lang='lat' dir='ltr'><strong>acquiritur.</strong></span> <span class='ocrx_word' id='word_1_695' title='bbox 1765 4789 1977 4843; x_wconf 91' lang='lat' dir='ltr'><strong>Solium</strong></span> <span class='ocrx_word' id='word_1_696' title='bbox 2022 4791 2234 4859; x_wconf 87' lang='lat' dir='ltr'><strong>regium</strong></span> <span class='ocrx_word' id='word_1_697' title='bbox 2285 4793 2585 4862; x_wconf 70' lang='lat' dir='ltr'><strong>occupandi</strong></span> <span class='ocrx_word' id='word_1_698' title='bbox 2643 4792 2870 4846; x_wconf 77' lang='lat' dir='ltr'><strong>ambitio</strong></span> <span class='ocrx_word' id='word_1_699' title='bbox 2922 4793 3057 4847; x_wconf 88' lang='lat' dir='ltr'><strong>alios</strong></span> <span class='ocrx_word' id='word_1_700' title='bbox 3122 4789 3339 4859; x_wconf 81' lang='lat' dir='ltr'><strong>teneat,</strong></span> <span class='ocrx_word' id='word_1_701' title='bbox 3399 4789 3695 4861; x_wconf 79' lang='lat' dir='ltr'><strong>aliquando</strong></span> 
     </span>
    </p>
   </div>
   <div class='ocr_carea' id='block_1_87' title="bbox 421 4861 3695 4933">
    <p class='ocr_par' dir='ltr' id='par_1_87' title="bbox 421 4861 3695 4933">
     <span class='ocr_line' id='line_1_89' title="bbox 421 4861 3695 4933; baseline -0.001 -13"><span class='ocrx_word' id='word_1_702' title='bbox 421 4866 729 4927; x_wconf 84' lang='lat' dir='ltr'><strong>ruiturum;</strong></span> <span class='ocrx_word' id='word_1_703' title='bbox 779 4861 987 4917; x_wconf 81' lang='lat' dir='ltr'><strong>multos</strong></span> <span class='ocrx_word' id='word_1_704' title='bbox 1049 4863 1192 4915; x_wconf 90' lang='lat' dir='ltr'><strong>enim</strong></span> <span class='ocrx_word' id='word_1_705' title='bbox 1235 4863 1463 4933; x_wconf 85' lang='lat' dir='ltr'><strong>pedibus</strong></span> <span class='ocrx_word' id='word_1_706' title='bbox 1516 4862 1690 4933; x_wconf 88' lang='lat' dir='ltr'><strong>calcat</strong></span> <span class='ocrx_word' id='word_1_707' title='bbox 1744 4870 2041 4933; x_wconf 81' lang='lat' dir='ltr'><strong>tyrannus,</strong></span> <span class='ocrx_word' id='word_1_708' title='bbox 2094 4862 2191 4933; x_wconf 82' lang='lat' dir='ltr'>cui</span> <span class='ocrx_word' id='word_1_709' title='bbox 2246 4876 2400 4933; x_wconf 64' lang='lat' dir='ltr'><strong>saepe</strong></span> <span class='ocrx_word' id='word_1_710' title='bbox 2444 4861 2657 4933; x_wconf 79' lang='lat' dir='ltr'><strong>pejores</strong></span> <span class='ocrx_word' id='word_1_711' title='bbox 2713 4863 2921 4916; x_wconf 86' lang='lat' dir='ltr'><strong>domini</strong></span> <span class='ocrx_word' id='word_1_712' title='bbox 2973 4862 3293 4917; x_wconf 86' lang='lat' dir='ltr'><strong>succedunt.</strong></span> <span class='ocrx_word' id='word_1_713' title='bbox 3334 4862 3422 4916; x_wconf 85' lang='lat' dir='ltr'>Nil</span> <span class='ocrx_word' id='word_1_714' title='bbox 3477 4868 3695 4918; x_wconf 89' lang='lat' dir='ltr'><strong>lirmum</strong></span> 
     </span>
    </p>
   </div>
   <div class='ocr_carea' id='block_1_88' title="bbox 421 4930 3697 5004">
    <p class='ocr_par' dir='ltr' id='par_1_88' title="bbox 421 4930 3697 5004">
     <span class='ocr_line' id='line_1_90' title="bbox 421 4930 3697 5004; baseline -0 -16"><span class='ocrx_word' id='word_1_715' title='bbox 421 4945 617 5004; x_wconf 63' lang='lat' dir='ltr'><strong>praeter</strong></span> <span class='ocrx_word' id='word_1_716' title='bbox 668 4942 1203 5004; x_wconf 14' lang='lat' dir='ltr'><strong>armentaiparentes</strong></span> <span class='ocrx_word' id='word_1_717' title='bbox 1236 4930 1429 5004; x_wconf 74' lang='lat' dir='ltr'><strong>liberis</strong></span> <span class='ocrx_word' id='word_1_718' title='bbox 1469 4930 1837 5004; x_wconf 49' lang='lat' dir='ltr'><strong>relinquunt,</strong></span> <span class='ocrx_word' id='word_1_719' title='bbox 1875 4930 1991 5004; x_wconf 79' lang='lat' dir='ltr'><strong>nisi</strong></span> <span class='ocrx_word' id='word_1_720' title='bbox 2026 4931 2211 5004; x_wconf 80' lang='lat' dir='ltr'><strong>animi</strong></span> <span class='ocrx_word' id='word_1_721' title='bbox 2247 4931 2450 5004; x_wconf 65' lang='lat' dir='ltr'><strong>exculti</strong></span> <span class='ocrx_word' id='word_1_722' title='bbox 2507 4932 2685 5004; x_wconf 82' lang='lat' dir='ltr'><strong>studia</strong></span> <span class='ocrx_word' id='word_1_723' title='bbox 2721 4934 3077 5004; x_wconf 82' lang='lat' dir='ltr'><strong>corporisque</strong></span> <span class='ocrx_word' id='word_1_724' title='bbox 3108 4933 3339 4987; x_wconf 74' lang='lat' dir='ltr'><strong>eximias</strong></span> <span class='ocrx_word' id='word_1_725' title='bbox 3380 4933 3534 4987; x_wconf 92' lang='lat' dir='ltr'><strong>dotes</strong></span> <span class='ocrx_word' id='word_1_726' title='bbox 3581 4935 3697 5003; x_wconf 83' lang='lat' dir='ltr'><strong>qui-</strong></span> 
     </span>
    </p>
   </div>
   <div class='ocr_carea' id='block_1_89' title="bbox 421 5001 3698 5082">
    <p class='ocr_par' dir='ltr' id='par_1_89' title="bbox 421 5001 3698 5082">
     <span class='ocr_line' id='line_1_91' title="bbox 421 5001 3698 5082; baseline -0.001 -23"><span class='ocrx_word' id='word_1_727' title='bbox 421 5001 526 5060; x_wconf 79' lang='lat' dir='ltr'>bus</span> <span class='ocrx_word' id='word_1_728' title='bbox 561 5019 591 5058; x_wconf 85' lang='lat' dir='ltr'>a</span> <span class='ocrx_word' id='word_1_729' title='bbox 613 5004 790 5082; x_wconf 67' lang='lat' dir='ltr'><strong>brutis</strong></span> <span class='ocrx_word' id='word_1_730' title='bbox 821 5002 1553 5082; x_wconf 47' lang='lat' dir='ltr'><strong>distinguitnur._Qua:nam.</strong></span> <span class='ocrx_word' id='word_1_731' title='bbox 1575 5010 1765 5082; x_wconf 82' lang='lat' dir='ltr'><strong>autem</strong></span> <span class='ocrx_word' id='word_1_732' title='bbox 1797 5002 1906 5082; x_wconf 79' lang='lat' dir='ltr'><strong>sint</strong></span> <span class='ocrx_word' id='word_1_733' title='bbox 1939 5002 2028 5082; x_wconf 73' lang='lat' dir='ltr'><strong>ilia</strong></span> <span class='ocrx_word' id='word_1_734' title='bbox 2064 5001 2271 5082; x_wconf 71' lang='lat' dir='ltr'><strong>studia,</strong></span> <span class='ocrx_word' id='word_1_735' title='bbox 2303 5002 2445 5082; x_wconf 79' lang='lat' dir='ltr'><strong>idem</strong></span> <span class='ocrx_word' id='word_1_736' title='bbox 2496 5002 2783 5082; x_wconf 78' lang='lat' dir='ltr'><strong>theologus</strong></span> <span class='ocrx_word' id='word_1_737' title='bbox 2818 5004 2978 5082; x_wconf 72' lang='lat' dir='ltr'><strong>dicit.</strong></span> <span class='ocrx_word' id='word_1_738' title='bbox 3020 5002 3216 5082; x_wconf 48' lang='lat' dir='ltr'><strong>l’lace&#39;t‘</strong></span> <span class='ocrx_word' id='word_1_739' title='bbox 3247 5018 3378 5057; x_wconf 83' lang='lat' dir='ltr'><strong>sane</strong></span> <span class='ocrx_word' id='word_1_740' title='bbox 3410 5001 3698 5082; x_wconf 61' lang='lat' dir='ltr'><strong>rhetoricae</strong></span> 
     </span>
    </p>
   </div>
   <div class='ocr_carea' id='block_1_90' title="bbox 420 5071 3700 5147">
    <p class='ocr_par' dir='ltr' id='par_1_90' title="bbox 420 5071 3700 5147">
     <span class='ocr_line' id='line_1_92' title="bbox 420 5071 3700 5147; baseline 0 -19"><span class='ocrx_word' id='word_1_741' title='bbox 420 5076 661 5147; x_wconf 70' lang='lat' dir='ltr'><strong>potentia</strong></span> <span class='ocrx_word' id='word_1_742' title='bbox 715 5071 1051 5147; x_wconf 79' lang='lat' dir='ltr'><strong>in_publicis</strong></span> <span class='ocrx_word' id='word_1_743' title='bbox 1095 5073 1489 5147; x_wconf 84' lang='lat' dir='ltr'><strong>concionibus,</strong></span> <span class='ocrx_word' id='word_1_744' title='bbox 1539 5071 1595 5125; x_wconf 91' lang='lat' dir='ltr'>in</span> <span class='ocrx_word' id='word_1_745' title='bbox 1653 5071 1939 5147; x_wconf 70' lang='lat' dir='ltr'><strong>sententiis</strong></span> <span class='ocrx_word' id='word_1_746' title='bbox 1981 5071 2363 5147; x_wconf 62' lang='lat' dir='ltr'><strong>iudicialibus,</strong></span> <span class='ocrx_word' id='word_1_747' title='bbox 2414 5072 2468 5125; x_wconf 94' lang='lat' dir='ltr'>in</span> <span class='ocrx_word' id='word_1_748' title='bbox 2522 5074 2862 5147; x_wconf 68' lang='lat' dir='ltr'><strong>panegyricis</strong></span> <span class='ocrx_word' id='word_1_749' title='bbox 2912 5088 3152 5147; x_wconf 84' lang='lat' dir='ltr'><strong>quoque.</strong></span> <span class='ocrx_word' id='word_1_750' title='bbox 3176 5071 3285 5127; x_wconf 84' lang='lat' dir='ltr'>Res</span> <span class='ocrx_word' id='word_1_751' title='bbox 3336 5072 3571 5147; x_wconf 84' lang='lat' dir='ltr'><strong>pulchra</strong></span> <span class='ocrx_word' id='word_1_752' title='bbox 3614 5084 3700 5129; x_wconf 88' lang='lat' dir='ltr'>est</span> 
     </span>
    </p>
   </div>
   <div class='ocr_carea' id='block_1_91' title="bbox 430 5141 3694 5211">
    <p class='ocr_par' dir='ltr' id='par_1_91' title="bbox 430 5141 3694 5211">
     <span class='ocr_line' id='line_1_93' title="bbox 430 5141 3694 5211; baseline -0 -12"><span class='ocrx_word' id='word_1_753' title='bbox 430 5141 681 5207; x_wconf 77' lang='lat' dir='ltr'><strong>historia,</strong></span> <span class='ocrx_word' id='word_1_754' title='bbox 707 5144 799 5197; x_wconf 91' lang='lat' dir='ltr'>ubi</span> <span class='ocrx_word' id='word_1_755' title='bbox 822 5141 1115 5196; x_wconf 89' lang='lat' dir='ltr'><strong>multorum</strong></span> <span class='ocrx_word' id='word_1_756' title='bbox 1153 5143 1416 5210; x_wconf 82' lang='lat' dir='ltr'><strong>sapientia</strong></span> <span class='ocrx_word' id='word_1_757' title='bbox 1439 5151 1494 5195; x_wconf 91' lang='lat' dir='ltr'>et</span> <span class='ocrx_word' id='word_1_758' title='bbox 1522 5142 1879 5195; x_wconf 89' lang='lat' dir='ltr'><strong>consiliorum</strong></span> <span class='ocrx_word' id='word_1_759' title='bbox 1916 5143 2203 5209; x_wconf 87' lang='lat' dir='ltr'><strong>prudentia</strong></span> <span class='ocrx_word' id='word_1_760' title='bbox 2220 5143 2481 5211; x_wconf 84' lang='lat' dir='ltr'><strong>cernitur.</strong></span> <span class='ocrx_word' id='word_1_761' title='bbox 2532 5141 2647 5194; x_wconf 87' lang='lat' dir='ltr'>Non</span> <span class='ocrx_word' id='word_1_762' title='bbox 2671 5158 2834 5211; x_wconf 82' lang='lat' dir='ltr'><strong>parva</strong></span> <span class='ocrx_word' id='word_1_763' title='bbox 2864 5141 2950 5197; x_wconf 82' lang='lat' dir='ltr'>res</span> <span class='ocrx_word' id='word_1_764' title='bbox 2974 5144 3138 5195; x_wconf 89' lang='lat' dir='ltr'><strong>etiam</strong></span> <span class='ocrx_word' id='word_1_765' title='bbox 3164 5158 3257 5195; x_wconf 90' lang='lat' dir='ltr'>ars</span> <span class='ocrx_word' id='word_1_766' title='bbox 3285 5144 3694 5211; x_wconf 82' lang='lat' dir='ltr'><strong>grammatices,</strong></span> 
     </span>
    </p>
   </div>
   <div class='ocr_carea' id='block_1_92' title="bbox 422 5210 3697 5282">
    <p class='ocr_par' dir='ltr' id='par_1_92' title="bbox 422 5210 3697 5282">
     <span class='ocr_line' id='line_1_94' title="bbox 422 5210 3697 5282; baseline -0.001 -12"><span class='ocrx_word' id='word_1_767' title='bbox 422 5218 534 5272; x_wconf 83' lang='lat' dir='ltr'><strong>itno</strong></span> <span class='ocrx_word' id='word_1_768' title='bbox 555 5215 814 5275; x_wconf 73' lang='lat' dir='ltr'><strong>maxima,</strong></span> <span class='ocrx_word' id='word_1_769' title='bbox 838 5211 1103 5281; x_wconf 86' lang='lat' dir='ltr'><strong>siquidem</strong></span> <span class='ocrx_word' id='word_1_770' title='bbox 1131 5211 1406 5280; x_wconf 86' lang='lat' dir='ltr'><strong>ingenium</strong></span> <span class='ocrx_word' id='word_1_771' title='bbox 1426 5211 1592 5275; x_wconf 89' lang='lat' dir='ltr'><strong>acuit,</strong></span> <span class='ocrx_word' id='word_1_772' title='bbox 1612 5226 1776 5265; x_wconf 83' lang='lat' dir='ltr'><strong>sonos</strong></span> <span class='ocrx_word' id='word_1_773' title='bbox 1794 5212 2053 5265; x_wconf 72' lang='lat' dir='ltr'><strong>barbaros</strong></span> <span class='ocrx_word' id='word_1_774' title='bbox 2073 5227 2223 5265; x_wconf 87' lang='lat' dir='ltr'><strong>more</strong></span> <span class='ocrx_word' id='word_1_775' title='bbox 2255 5210 2568 5265; x_wconf 71' lang='lat' dir='ltr'><strong>Grtecorum</strong></span> <span class='ocrx_word' id='word_1_776' title='bbox 2596 5214 2827 5277; x_wconf 87' lang='lat' dir='ltr'><strong>emollit,</strong></span> <span class='ocrx_word' id='word_1_777' title='bbox 2856 5214 3050 5282; x_wconf 73' lang='lat' dir='ltr'><strong>linguae</strong></span> <span class='ocrx_word' id='word_1_778' title='bbox 3071 5213 3269 5267; x_wconf 85' lang='lat' dir='ltr'><strong>nobilis</strong></span> <span class='ocrx_word' id='word_1_779' title='bbox 3292 5210 3697 5269; x_wconf 80' lang='lat' dir='ltr'><strong>nobilissimum</strong></span> 
     </span>
    </p>
   </div>
   <div class='ocr_carea' id='block_1_93' title="bbox 422 5281 3697 5352">
    <p class='ocr_par' dir='ltr' id='par_1_93' title="bbox 422 5281 3697 5352">
     <span class='ocr_line' id='line_1_95' title="bbox 422 5281 3697 5352; baseline -0.001 -12"><span class='ocrx_word' id='word_1_780' title='bbox 422 5285 687 5340; x_wconf 81' lang='lat' dir='ltr'><strong>auxilium</strong></span> <span class='ocrx_word' id='word_1_781' title='bbox 709 5294 872 5351; x_wconf 86' lang='lat' dir='ltr'><strong>atque</strong></span> <span class='ocrx_word' id='word_1_782' title='bbox 892 5284 1090 5352; x_wconf 84' lang='lat' dir='ltr'><strong>logices</strong></span> <span class='ocrx_word' id='word_1_783' title='bbox 1116 5282 1367 5347; x_wconf 91' lang='lat' dir='ltr'><strong>artiﬁcia,</strong></span> <span class='ocrx_word' id='word_1_784' title='bbox 1403 5281 1603 5350; x_wconf 88' lang='lat' dir='ltr'><strong>quibus</strong></span> <span class='ocrx_word' id='word_1_785' title='bbox 1630 5282 1828 5335; x_wconf 87' lang='lat' dir='ltr'><strong>veritas</strong></span> <span class='ocrx_word' id='word_1_786' title='bbox 1859 5283 2182 5347; x_wconf 87' lang='lat' dir='ltr'><strong>occultatur,</strong></span> <span class='ocrx_word' id='word_1_787' title='bbox 2209 5297 2388 5335; x_wconf 84' lang='lat' dir='ltr'><strong>sermo</strong></span> <span class='ocrx_word' id='word_1_788' title='bbox 2410 5282 2655 5336; x_wconf 86' lang='lat' dir='ltr'><strong>sincerus</strong></span> <span class='ocrx_word' id='word_1_789' title='bbox 2675 5281 2973 5350; x_wconf 63' lang='lat' dir='ltr'><strong>saepissime</strong></span> <span class='ocrx_word' id='word_1_790' title='bbox 3000 5282 3224 5337; x_wconf 77' lang='lat' dir='ltr'><strong>revelat,</strong></span> <span class='ocrx_word' id='word_1_791' title='bbox 3251 5283 3355 5347; x_wconf 86' lang='lat' dir='ltr'><strong>Qui</strong></span> <span class='ocrx_word' id='word_1_792' title='bbox 3383 5283 3549 5352; x_wconf 80' lang='lat' dir='ltr'><strong>igitur</strong></span> <span class='ocrx_word' id='word_1_793' title='bbox 3576 5285 3697 5339; x_wconf 82' lang='lat' dir='ltr'><strong>istis</strong></span> 
     </span>
    </p>
   </div>
   <div class='ocr_carea' id='block_1_94' title="bbox 424 5352 3698 5423">
    <p class='ocr_par' dir='ltr' id='par_1_94' title="bbox 424 5352 3698 5423">
     <span class='ocr_line' id='line_1_96' title="bbox 424 5352 3698 5423; baseline 0 -14"><span class='ocrx_word' id='word_1_794' title='bbox 424 5357 587 5411; x_wconf 85' lang='lat' dir='ltr'><strong>rebus</strong></span> <span class='ocrx_word' id='word_1_795' title='bbox 614 5356 814 5409; x_wconf 85' lang='lat' dir='ltr'><strong>liberos</strong></span> <span class='ocrx_word' id='word_1_796' title='bbox 830 5369 958 5407; x_wconf 92' lang='lat' dir='ltr'><strong>suos</strong></span> <span class='ocrx_word' id='word_1_797' title='bbox 980 5368 1087 5404; x_wconf 89' lang='lat' dir='ltr'>non</span> <span class='ocrx_word' id='word_1_798' title='bbox 1111 5359 1400 5423; x_wconf 61' lang='lat' dir='ltr'><strong>exornant.</strong></span> <span class='ocrx_word' id='word_1_799' title='bbox 1422 5352 1557 5423; x_wconf 82' lang='lat' dir='ltr'><strong>nihil</strong></span> <span class='ocrx_word' id='word_1_800' title='bbox 1575 5352 1722 5420; x_wconf 90' lang='lat' dir='ltr'><strong>quod</strong></span> <span class='ocrx_word' id='word_1_801' title='bbox 1740 5367 1799 5405; x_wconf 87' lang='lat' dir='ltr'>se</span> <span class='ocrx_word' id='word_1_802' title='bbox 1815 5352 1949 5419; x_wconf 90' lang='lat' dir='ltr'><strong>ipsis</strong></span> <span class='ocrx_word' id='word_1_803' title='bbox 1976 5353 2199 5420; x_wconf 82' lang='lat' dir='ltr'><strong>dignum</strong></span> <span class='ocrx_word' id='word_1_804' title='bbox 2225 5353 2296 5406; x_wconf 91' lang='lat' dir='ltr'>sit</span> <span class='ocrx_word' id='word_1_805' title='bbox 2316 5352 2543 5423; x_wconf 81' lang='lat' dir='ltr'><strong>faciunt,</strong></span> <span class='ocrx_word' id='word_1_806' title='bbox 2578 5354 2688 5423; x_wconf 84' lang='lat' dir='ltr'>imo</span> <span class='ocrx_word' id='word_1_807' title='bbox 2712 5370 2739 5405; x_wconf 89' lang='lat' dir='ltr'>a</span> <span class='ocrx_word' id='word_1_808' title='bbox 2763 5355 2959 5407; x_wconf 88' lang='lat' dir='ltr'><strong>studiis</strong></span> <span class='ocrx_word' id='word_1_809' title='bbox 2980 5368 3075 5406; x_wconf 85' lang='lat' dir='ltr'>eos</span> <span class='ocrx_word' id='word_1_810' title='bbox 3097 5352 3355 5417; x_wconf 84' lang='lat' dir='ltr'><strong>alienant,</strong></span> <span class='ocrx_word' id='word_1_811' title='bbox 3381 5369 3556 5421; x_wconf 87' lang='lat' dir='ltr'><strong>neque</strong></span> <span class='ocrx_word' id='word_1_812' title='bbox 3577 5356 3698 5423; x_wconf 91' lang='lat' dir='ltr'><strong>plus</strong></span> 
     </span>
    </p>
   </div>
   <div class='ocr_carea' id='block_1_95' title="bbox 422 5421 3696 5543">
    <p class='ocr_par' dir='ltr' id='par_1_95' title="bbox 422 5421 3696 5543">
     <span class='ocr_line' id='line_1_97' title="bbox 422 5421 3696 5543; baseline 0 -63"><span class='ocrx_word' id='word_1_813' title='bbox 422 5428 633 5480; x_wconf 74' lang='lat' dir='ltr'><strong>faciunt</strong></span> <span class='ocrx_word' id='word_1_814' title='bbox 653 5440 817 5494; x_wconf 91' lang='lat' dir='ltr'><strong>quam</strong></span> <span class='ocrx_word' id='word_1_815' title='bbox 850 5424 1030 5487; x_wconf 91' lang='lat' dir='ltr'><strong>bruta,</strong></span> <span class='ocrx_word' id='word_1_816' title='bbox 1073 5422 1398 5543; x_wconf 59' lang='lat' dir='ltr'><strong>guibuscum</strong></span> <span class='ocrx_word' id='word_1_817' title='bbox 1429 5421 1597 5475; x_wconf 89' lang='lat' dir='ltr'><strong>animi</strong></span> <span class='ocrx_word' id='word_1_818' title='bbox 1628 5437 1787 5475; x_wconf 90' lang='lat' dir='ltr'><strong>sensa</strong></span> <span class='ocrx_word' id='word_1_819' title='bbox 1819 5425 1996 5491; x_wconf 87' lang='lat' dir='ltr'><strong>turpia</strong></span> <span class='ocrx_word' id='word_1_820' title='bbox 2018 5424 2328 5476; x_wconf 83' lang='lat' dir='ltr'><strong>communia</strong></span> <span class='ocrx_word' id='word_1_821' title='bbox 2360 5422 2585 5476; x_wconf 87' lang='lat' dir='ltr'><strong>habent.</strong></span> <span class='ocrx_word' id='word_1_822' title='bbox 2618 5422 2756 5487; x_wconf 84' lang='lat' dir='ltr'><strong>Quis</strong></span> <span class='ocrx_word' id='word_1_823' title='bbox 2782 5425 2852 5476; x_wconf 87' lang='lat' dir='ltr'>sit</span> <span class='ocrx_word' id='word_1_824' title='bbox 2879 5423 3074 5477; x_wconf 84' lang='lat' dir='ltr'><strong>deinde</strong></span> <span class='ocrx_word' id='word_1_825' title='bbox 3101 5424 3429 5477; x_wconf 85' lang='lat' dir='ltr'><strong>eruditionis</strong></span> <span class='ocrx_word' id='word_1_826' title='bbox 3456 5421 3696 5488; x_wconf 76' lang='lat' dir='ltr'><strong>fructus,</strong></span> 
     </span>
     <span class='ocr_line' id='line_1_98' title="bbox 425 5491 3696 5543; baseline 0 0"><span class='ocrx_word' id='word_1_827' title='bbox 425 5495 722 5543; x_wconf 66' lang='lat' dir='ltr'><strong>Gregorius</strong></span> <span class='ocrx_word' id='word_1_828' title='bbox 746 5496 862 5543; x_wconf 88' lang='lat' dir='ltr'><strong>inse</strong></span> <span class='ocrx_word' id='word_1_829' title='bbox 886 5493 1039 5543; x_wconf 87' lang='lat' dir='ltr'><strong>dicit.</strong></span> <span class='ocrx_word' id='word_1_830' title='bbox 1117 5491 1265 5543; x_wconf 85' lang='lat' dir='ltr'><strong>rimo</strong></span> <span class='ocrx_word' id='word_1_831' title='bbox 1313 5491 1530 5543; x_wconf 76' lang='lat' dir='ltr'><strong>quidem</strong></span> <span class='ocrx_word' id='word_1_832' title='bbox 1576 5492 1860 5543; x_wconf 87' lang='lat' dir='ltr'><strong>brutorum</strong></span> <span class='ocrx_word' id='word_1_833' title='bbox 1896 5492 2247 5543; x_wconf 89' lang='lat' dir='ltr'><strong>indolentiam</strong></span> <span class='ocrx_word' id='word_1_834' title='bbox 2291 5493 2612 5543; x_wconf 73' lang='lat' dir='ltr'><strong>abiicimus:</strong></span> <span class='ocrx_word' id='word_1_835' title='bbox 2645 5494 2839 5543; x_wconf 83' lang='lat' dir='ltr'><strong>deinde</strong></span> <span class='ocrx_word' id='word_1_836' title='bbox 2865 5492 3147 5543; x_wconf 79' lang='lat' dir='ltr'><strong>sanientite</strong></span> <span class='ocrx_word' id='word_1_837' title='bbox 3182 5492 3535 5543; x_wconf 79' lang='lat' dir='ltr'><strong>fundamenta</strong></span> <span class='ocrx_word' id='word_1_838' title='bbox 3570 5511 3696 5543; x_wconf 72' lang='lat' dir='ltr'><strong>ner-</strong></span> 
     </span>
    </p>
   </div>
   <div class='ocr_carea' id='block_1_96' title="bbox 425 5491 3697 5566">
    <p class='ocr_par' dir='ltr' id='par_1_96' title="bbox 425 5491 3697 5566">
     <span class='ocr_line' id='line_1_99' title="bbox 425 5491 3697 5566; baseline -0 -16"><span class='ocrx_word' id='word_1_839' title='bbox 425 5491 722 5566; x_wconf 81' lang='lat' dir='ltr'><strong>Gregorius</strong></span> <span class='ocrx_word' id='word_1_840' title='bbox 745 5496 862 5561; x_wconf 89' lang='lat' dir='ltr'><strong>ipse</strong></span> <span class='ocrx_word' id='word_1_841' title='bbox 886 5491 1282 5566; x_wconf 67' lang='lat' dir='ltr'><strong>dicit._l_)_rimo_</strong></span> <span class='ocrx_word' id='word_1_842' title='bbox 1311 5491 1530 5566; x_wconf 82' lang='lat' dir='ltr'><strong>quidem</strong></span> <span class='ocrx_word' id='word_1_843' title='bbox 1552 5492 1860 5566; x_wconf 85' lang='lat' dir='ltr'><strong>_br_utorum</strong></span> <span class='ocrx_word' id='word_1_844' title='bbox 1896 5492 2247 5546; x_wconf 87' lang='lat' dir='ltr'><strong>indolentiam</strong></span> <span class='ocrx_word' id='word_1_845' title='bbox 2283 5493 2839 5566; x_wconf 13' lang='lat' dir='ltr'><strong>_abjidmus;i_deinde</strong></span> <span class='ocrx_word' id='word_1_846' title='bbox 2865 5492 3147 5566; x_wconf 76' lang='lat' dir='ltr'><strong>sapientite</strong></span> <span class='ocrx_word' id='word_1_847' title='bbox 3182 5492 3535 5566; x_wconf 78' lang='lat' dir='ltr'><strong>fundamenta</strong></span> <span class='ocrx_word' id='word_1_848' title='bbox 3570 5511 3697 5564; x_wconf 83' lang='lat' dir='ltr'><strong>per-</strong></span> 
     </span>
    </p>
   </div>
   <div class='ocr_carea' id='block_1_97' title="bbox 425 5561 3695 5633">
    <p class='ocr_par' dir='ltr' id='par_1_97' title="bbox 425 5561 3695 5633">
     <span class='ocr_line' id='line_1_100' title="bbox 425 5561 3695 5633; baseline 0.001 -15"><span class='ocrx_word' id='word_1_849' title='bbox 425 5561 758 5628; x_wconf 66' lang='lat' dir='ltr'><strong>sertftamur,</strong></span> <span class='ocrx_word' id='word_1_850' title='bbox 790 5572 845 5618; x_wconf 87' lang='lat' dir='ltr'>et</span> <span class='ocrx_word' id='word_1_851' title='bbox 877 5578 999 5633; x_wconf 75' lang='lat' dir='ltr'><strong>qua:</strong></span> <span class='ocrx_word' id='word_1_852' title='bbox 1015 5561 1324 5630; x_wconf 90' lang='lat' dir='ltr'><strong>philosophi</strong></span> <span class='ocrx_word' id='word_1_853' title='bbox 1367 5562 1419 5614; x_wconf 91' lang='lat' dir='ltr'>in</span> <span class='ocrx_word' id='word_1_854' title='bbox 1457 5562 1674 5633; x_wconf 87' lang='lat' dir='ltr'><strong>scriptis</strong></span> <span class='ocrx_word' id='word_1_855' title='bbox 1704 5562 2061 5630; x_wconf 87' lang='lat' dir='ltr'><strong>reliquerunt,</strong></span> <span class='ocrx_word' id='word_1_856' title='bbox 2106 5564 2477 5633; x_wconf 87' lang='lat' dir='ltr'><strong>perquirimus</strong></span> <span class='ocrx_word' id='word_1_857' title='bbox 2505 5583 2518 5628; x_wconf 90' lang='lat'><strong>;</strong></span> <span class='ocrx_word' id='word_1_858' title='bbox 2554 5564 2643 5616; x_wconf 90' lang='lat' dir='ltr'><strong>alii</strong></span> <span class='ocrx_word' id='word_1_859' title='bbox 2670 5565 2817 5617; x_wconf 89' lang='lat' dir='ltr'><strong>enim</strong></span> <span class='ocrx_word' id='word_1_860' title='bbox 2842 5564 2946 5616; x_wconf 88' lang='lat' dir='ltr'><strong>alia</strong></span> <span class='ocrx_word' id='word_1_861' title='bbox 2981 5572 3289 5616; x_wconf 87' lang='lat' dir='ltr'><strong>tractarunt</strong></span> <span class='ocrx_word' id='word_1_862' title='bbox 3321 5564 3464 5617; x_wconf 81' lang='lat' dir='ltr'><strong>circa</strong></span> <span class='ocrx_word' id='word_1_863' title='bbox 3489 5561 3695 5630; x_wconf 77' lang='lat' dir='ltr'><strong>aerem,</strong></span> 
     </span>
    </p>
   </div>
   <div class='ocr_carea' id='block_1_98' title="bbox 426 5631 3699 5705">
    <p class='ocr_par' dir='ltr' id='par_1_98' title="bbox 426 5631 3699 5705">
     <span class='ocr_line' id='line_1_101' title="bbox 426 5631 3699 5705; baseline 0.001 -17"><span class='ocrx_word' id='word_1_864' title='bbox 426 5634 620 5699; x_wconf 86' lang='lat' dir='ltr'><strong>maria,</strong></span> <span class='ocrx_word' id='word_1_865' title='bbox 651 5643 860 5688; x_wconf 86' lang='lat' dir='ltr'><strong>terrena</strong></span> <span class='ocrx_word' id='word_1_866' title='bbox 881 5631 910 5697; x_wconf 68' lang='grc'>,“</span> <span class='ocrx_word' id='word_1_867' title='bbox 941 5632 1348 5705; x_wconf 73' lang='lat' dir='ltr'><strong>cmlestia,_imo</strong></span> <span class='ocrx_word' id='word_1_868' title='bbox 1376 5648 1497 5705; x_wconf 75' lang='lat' dir='ltr'><strong>quae</strong></span> <span class='ocrx_word' id='word_1_869' title='bbox 1523 5637 1589 5705; x_wconf 83' lang='lat' dir='ltr'>ad</span> <span class='ocrx_word' id='word_1_870' title='bbox 1626 5631 1791 5705; x_wconf 83' lang='lat' dir='ltr'><strong>Deum</strong></span> <span class='ocrx_word' id='word_1_871' title='bbox 1840 5648 1906 5705; x_wconf 82' lang='lat' dir='ltr'>ne</span> <span class='ocrx_word' id='word_1_872' title='bbox 1942 5634 2103 5705; x_wconf 80' lang='lat' dir='ltr'><strong>fando</strong></span> <span class='ocrx_word' id='word_1_873' title='bbox 2143 5631 2688 5705; x_wconf 73' lang='lat' dir='ltr'><strong>quidcmdicendutn</strong></span> <span class='ocrx_word' id='word_1_874' title='bbox 2741 5643 3018 5703; x_wconf 85' lang='lat' dir='ltr'><strong>spectant,</strong></span> <span class='ocrx_word' id='word_1_875' title='bbox 3072 5635 3347 5705; x_wconf 88' lang='lat' dir='ltr'><strong>quomodo</strong></span> <span class='ocrx_word' id='word_1_876' title='bbox 3384 5644 3537 5705; x_wconf 76' lang='lat' dir='ltr'><strong>agat,</strong></span> <span class='ocrx_word' id='word_1_877' title='bbox 3587 5653 3699 5705; x_wconf 89' lang='lat' dir='ltr'>quo</span> 
     </span>
    </p>
   </div>
   <div class='ocr_carea' id='block_1_99' title="bbox 424 5702 3695 5772">
    <p class='ocr_par' dir='ltr' id='par_1_99' title="bbox 424 5702 3695 5772">
     <span class='ocr_line' id='line_1_102' title="bbox 424 5702 3695 5772; baseline -0.001 -11"><span class='ocrx_word' id='word_1_878' title='bbox 424 5705 643 5768; x_wconf 81' lang='lat' dir='ltr'><strong>tendat,</strong></span> <span class='ocrx_word' id='word_1_879' title='bbox 677 5714 731 5758; x_wconf 89' lang='lat' dir='ltr'>et</span> <span class='ocrx_word' id='word_1_880' title='bbox 772 5705 901 5772; x_wconf 88' lang='lat' dir='ltr'><strong>quis</strong></span> <span class='ocrx_word' id='word_1_881' title='bbox 930 5705 1051 5772; x_wconf 90' lang='lat' dir='ltr'><strong>ejus</strong></span> <span class='ocrx_word' id='word_1_882' title='bbox 1087 5704 1155 5755; x_wconf 88' lang='lat' dir='ltr'>sit</span> <span class='ocrx_word' id='word_1_883' title='bbox 1199 5703 1341 5756; x_wconf 90' lang='lat' dir='ltr'><strong>ﬁnis.</strong></span> <span class='ocrx_word' id='word_1_884' title='bbox 1373 5702 1608 5756; x_wconf 87' lang='lat' dir='ltr'><strong>Mundus</strong></span> <span class='ocrx_word' id='word_1_885' title='bbox 1633 5702 1816 5755; x_wconf 90' lang='lat' dir='ltr'><strong>omnia</strong></span> <span class='ocrx_word' id='word_1_886' title='bbox 1854 5703 2146 5757; x_wconf 90' lang='lat' dir='ltr'><strong>distributa</strong></span> <span class='ocrx_word' id='word_1_887' title='bbox 2178 5704 2479 5757; x_wconf 88' lang='lat' dir='ltr'><strong>secundum</strong></span> <span class='ocrx_word' id='word_1_888' title='bbox 2508 5702 3199 5772; x_wconf 60' lang='lat' dir='ltr'><strong>ordinem‘complectitur,</strong></span> <span class='ocrx_word' id='word_1_889' title='bbox 3246 5703 3492 5758; x_wconf 81' lang='lat' dir='ltr'><strong>nonnihil</strong></span> <span class='ocrx_word' id='word_1_890' title='bbox 3533 5702 3695 5760; x_wconf 72' lang='lat' dir='ltr'><strong>etiam</strong></span> 
     </span>
    </p>
   </div>
   <div class='ocr_carea' id='block_1_100' title="bbox 426 5772 3695 5845">
    <p class='ocr_par' dir='ltr' id='par_1_100' title="bbox 426 5772 3695 5845">
     <span class='ocr_line' id='line_1_103' title="bbox 426 5772 3695 5845; baseline 0.001 -17"><span class='ocrx_word' id='word_1_891' title='bbox 426 5774 719 5835; x_wconf 83' lang='lat' dir='ltr'><strong>occultum,</strong></span> <span class='ocrx_word' id='word_1_892' title='bbox 761 5774 906 5843; x_wconf 76' lang='lat' dir='ltr'><strong>quod</strong></span> <span class='ocrx_word' id='word_1_893' title='bbox 963 5783 1246 5845; x_wconf 83' lang='lat' dir='ltr'><strong>penetrare</strong></span> <span class='ocrx_word' id='word_1_894' title='bbox 1288 5773 1548 5845; x_wconf 80' lang='lat' dir='ltr'><strong>acutioris</strong></span> <span class='ocrx_word' id='word_1_895' title='bbox 1587 5772 1790 5845; x_wconf 83' lang='lat' dir='ltr'><strong>ingenii</strong></span> <span class='ocrx_word' id='word_1_896' title='bbox 1826 5772 2135 5845; x_wconf 74' lang='lat' dir='ltr'><strong>hominibus</strong></span> <span class='ocrx_word' id='word_1_897' title='bbox 2177 5774 2357 5828; x_wconf 80' lang='lat' dir='ltr'><strong>datur.</strong></span> <span class='ocrx_word' id='word_1_898' title='bbox 2400 5774 2501 5839; x_wconf 85' lang='lat' dir='ltr'><strong>Qui</strong></span> <span class='ocrx_word' id='word_1_899' title='bbox 2541 5775 2609 5835; x_wconf 87' lang='lat' dir='ltr'>si,</span> <span class='ocrx_word' id='word_1_900' title='bbox 2636 5774 2781 5842; x_wconf 87' lang='lat' dir='ltr'><strong>quod</strong></span> <span class='ocrx_word' id='word_1_901' title='bbox 2838 5775 3127 5845; x_wconf 86' lang='lat' dir='ltr'><strong>pulchrum</strong></span> <span class='ocrx_word' id='word_1_902' title='bbox 3179 5785 3293 5838; x_wconf 86' lang='lat' dir='ltr'><strong>est,</strong></span> <span class='ocrx_word' id='word_1_903' title='bbox 3338 5775 3695 5845; x_wconf 75' lang='lat' dir='ltr'><strong>investigarit.</strong></span> 
     </span>
    </p>
   </div>
   <div class='ocr_carea' id='block_1_101' title="bbox 426 5842 3699 5913">
    <p class='ocr_par' dir='ltr' id='par_1_101' title="bbox 426 5842 3699 5913">
     <span class='ocr_line' id='line_1_104' title="bbox 426 5842 3699 5913; baseline 0.001 -17"><span class='ocrx_word' id='word_1_904' title='bbox 426 5845 668 5911; x_wconf 70' lang='lat' dir='ltr'><strong>scicntia:</strong></span> <span class='ocrx_word' id='word_1_905' title='bbox 708 5842 824 5898; x_wconf 67' lang='lat' dir='ltr'><strong>faeta</strong></span> <span class='ocrx_word' id='word_1_906' title='bbox 866 5842 1119 5898; x_wconf 83' lang='lat' dir='ltr'><strong>conducti</strong></span> <span class='ocrx_word' id='word_1_907' title='bbox 1179 5842 1499 5910; x_wconf 87' lang='lat' dir='ltr'><strong>procedunt,</strong></span> <span class='ocrx_word' id='word_1_908' title='bbox 1546 5842 1761 5897; x_wconf 74' lang='lat' dir='ltr'><strong>vivendi</strong></span> <span class='ocrx_word' id='word_1_909' title='bbox 1808 5844 2021 5913; x_wconf 86' lang='lat' dir='ltr'><strong>regulas</strong></span> <span class='ocrx_word' id='word_1_910' title='bbox 2066 5842 2176 5896; x_wconf 84' lang='lat' dir='ltr'>Deo</span> <span class='ocrx_word' id='word_1_911' title='bbox 2228 5844 2449 5911; x_wconf 85' lang='lat' dir='ltr'><strong>auspice</strong></span> <span class='ocrx_word' id='word_1_912' title='bbox 2500 5842 2854 5912; x_wconf 42' lang='lat' dir='ltr'><strong>sequentes,</strong></span> <span class='ocrx_word' id='word_1_913' title='bbox 2885 5847 2932 5900; x_wconf 89' lang='lat' dir='ltr'>si</span> <span class='ocrx_word' id='word_1_914' title='bbox 2980 5844 3259 5899; x_wconf 80' lang='lat' dir='ltr'><strong>Christum</strong></span> <span class='ocrx_word' id='word_1_915' title='bbox 3284 5846 3476 5899; x_wconf 84' lang='lat' dir='ltr'><strong>ducem</strong></span> <span class='ocrx_word' id='word_1_916' title='bbox 3511 5842 3566 5899; x_wconf 75' lang='lat' dir='ltr'>ei</span> <span class='ocrx_word' id='word_1_917' title='bbox 3609 5863 3699 5900; x_wconf 79' lang='lat' dir='ltr'>SU-</span> 
     </span>
    </p>
   </div>
   <div class='ocr_carea' id='block_1_102' title="bbox 433 5913 3699 5998">
    <p class='ocr_par' dir='ltr' id='par_1_102' title="bbox 433 5913 3699 5998">
     <span class='ocr_line' id='line_1_105' title="bbox 433 5913 3699 5998; baseline 0.001 -27"><span class='ocrx_word' id='word_1_918' title='bbox 433 5931 579 5982; x_wconf 50' lang='lat' dir='ltr'><strong>ctum</strong></span> <span class='ocrx_word' id='word_1_919' title='bbox 619 5917 763 5976; x_wconf 83' lang='lat' dir='ltr'><strong>nacti</strong></span> <span class='ocrx_word' id='word_1_920' title='bbox 781 5924 962 5983; x_wconf 83' lang='lat' dir='ltr'><strong>erunt,</strong></span> <span class='ocrx_word' id='word_1_921' title='bbox 998 5915 1225 5985; x_wconf 82' lang='lat' dir='ltr'><strong>pulchra</strong></span> <span class='ocrx_word' id='word_1_922' title='bbox 1255 5914 1508 5995; x_wconf 82' lang='lat' dir='ltr'><strong>sperandi</strong></span> <span class='ocrx_word' id='word_1_923' title='bbox 1537 5913 1690 5985; x_wconf 74' lang='lat' dir='ltr'><strong>conia</strong></span> <span class='ocrx_word' id='word_1_924' title='bbox 1712 5928 1805 5972; x_wconf 83' lang='lat' dir='ltr'>eos</span> <span class='ocrx_word' id='word_1_925' title='bbox 1832 5913 2226 5982; x_wconf 84' lang='lat' dir='ltr'><strong>consolabitur,</strong></span> <span class='ocrx_word' id='word_1_926' title='bbox 2252 5916 2363 5971; x_wconf 83' lang='lat' dir='ltr'><strong>vita</strong></span> <span class='ocrx_word' id='word_1_927' title='bbox 2396 5931 2529 5986; x_wconf 85' lang='lat' dir='ltr'><strong>pura</strong></span> <span class='ocrx_word' id='word_1_928' title='bbox 2560 5925 2611 5971; x_wconf 90' lang='lat' dir='ltr'>ct</span> <span class='ocrx_word' id='word_1_929' title='bbox 2648 5915 2942 5973; x_wconf 86' lang='lat' dir='ltr'><strong>immortali</strong></span> <span class='ocrx_word' id='word_1_930' title='bbox 2974 5915 3258 5998; x_wconf 64' lang='lat' dir='ltr'><strong>fruentur,</strong></span> <span class='ocrx_word' id='word_1_931' title='bbox 3295 5930 3402 5972; x_wconf 88' lang='lat' dir='ltr'>non</span> <span class='ocrx_word' id='word_1_932' title='bbox 3437 5928 3534 5985; x_wconf 81' lang='lat' dir='ltr'>per</span> <span class='ocrx_word' id='word_1_933' title='bbox 3571 5932 3699 5987; x_wconf 74' lang='lat' dir='ltr'><strong>spc—</strong></span> 
     </span>
    </p>
   </div>
  </div>
