4182 6362
384 332 491 387 681
1419 348 1493 404 1N
1526 350 1836 406 CABMINA
1881 347 2159 404 ABCANA
2198 348 2255 403 s.
2304 347 2651 404 GREGORII.
3513 346 3638 401 csa

402 501 3613 534 mw

1211 681 1965 835 NICETfE
2046 680 2825 840 DAVIDIS

1776 948 2301 1011 PARAPHRASIS

768 1125 1406 1221 CABMINUM
1446 1123 2174 1218 ARCANORUM
2232 1128 2326 1217 S.
2388 1128 2962 1225 GBEGORII
3010 1132 3269 1224 NAZ.

1063 1337 1231 1381 CURA
1317 1333 1586 1380 EBNES’H
1678 1334 1937 1377 DBONKE
2010 1334 2048 1376 Ε
2118 1336 2341 1380 CODICE
2436 1337 2679 1382 ωεΔΝο
2767 1340 2976 1384 EDITA.

1756 1478 2025 1543 (Gottingae
2045 1480 2182 1540 isto,
2209 1481 2298 1545 ι’.)

1702 1819 2381 1911 PBIEFATIO.

472 2250 706 2307 Causam
734 2246 890 2316 hujus
924 2242 1046 2298 libri
1081 2236 1358 2295 emittendi
1385 2235 1530 2289 dedit
1563 2234 1696 2287 mihi
1725 2232 1891 2287 cades:
1920 2232 2246 2287 bibliothecae
2276 2229 2523 2289 Cusenos.
2552 2233 2666 2301 qui,
2701 2248 2820 2285 cum
2857 2231 3059 2288 Nicetw
3087 2235 3300 2291 Davidis
3325 2254 3651 2297 commenta-

399 2348 539 2399 rium
569 2344 623 2396 in
659 2340 839 2395 onmia
871 2336 928 2393 S.
956 2334 1196 2405 Gregorii
1250 2332 1589 2386 Nazianzeni
1630 2331 1889 2394 carmina,
1930 2343 2046 2397 quat
2092 2326 2182 2380 ille
2222 2327 2327 2381 sibi
2372 2326 2770 2395 interpretanda
2817 2326 3023 2398 delegit,
3064 2338 3233 2384 totum
3262 2335 3543 2401 contineat,
3572 2340 3649 2394 ita

402 2445 741 2503 comparatus
766 2442 866 2497 est,
896 2440 955 2485 ut
980 2430 1390 2484 controversiam
1414 2429 1477 2480 de
1500 2426 1755 2494 scriptore
1786 2426 2002 2493 ejusque
2033 2439 2185 2491 opere
2204 2423 2450 2475 dirimere
2479 2435 2631 2488 posse
2664 2421 2924 2475 videatur.
2963 2421 3166 2477 Etenim
3202 2426 3254 2479 in
3289 2444 3476 2499 magno
3512 2435 3648 2485 εςνί.

399 2541 615 2599 ptorum
651 2540 870 2580 numero
922 2523 1013 2593 qui
1041 2536 1229 2575 nomen
1262 2517 1468 2571 Nicetes
1498 2516 1675 2585 [erunt
1712 2516 1782 2585 (υ.
1814 2514 2118 2583 catalogum
2154 2528 2341 2565 eorum
2381 2513 2436 2564 in
2482 2509 2724 2564 Fabricii
2759 2510 2895 2566 Bibl.
2922 2511 3015 2566 Gr.
3052 2514 3152 2570 vol.
3197 2515 3323 2583 VII,
3354 2535 3406 2587 p.
3439 2520 3540 2575 747
3563 2523 3647 2578 ed.

405 2620 678 2692 Harles.),
726 2620 830 2673 duo
860 2628 983 2672 sunt
1025 2616 1114 2686 qui
1148 2613 1608 2682 interpretationes
1640 2612 1693 2664 in
1730 2608 1987 2663 nonnulla
2032 2606 2270 2677 Gregorii
2302 2604 2639 2660 Nazianzeni
2668 2622 2827 2675 opera
2874 2609 3217 2676 scripserunt,
3259 2614 3396 2668 alter
3434 2615 3651 2672 Nicetes

410 2718 609 2782 David,
640 2714 779 2769 alter
814 2711 1035 2765 Nicetas
1067 2709 1368 2779 cognomine
1402 2706 1599 2761 Serron
1643 2706 1748 2758 sive
1790 2703 2166 2757 Serrariensis.
2203 2701 2282 2754 De
2316 2699 2506 2754 Niceta
2543 2699 2764 2763 Davide,
2799 2703 2889 2769 qui
2907 2703 3266 2773 philosOphus,
3285 2706 3566 2764 historicus
3602 2723 3655 2767 et

405 2818 583 2869 rhetor
630 2808 948 2881 appellatur,
987 2806 1092 2875 egit
1123 2802 1394 2856 Martinus
1440 2800 1681 2854 Hankius
1715 2800 1770 2853 in
1817 2798 1950 2852 libro
1994 2799 2067 2852 De
2118 2796 2545 2868 Byzantinarum
2604 2811 2789 2850 rerum
2833 2799 3295 2867 scriptoribus.c.
3333 2803 3424 2866 16,
3466 2820 3518 2872 p.
3547 2807 3655 2861 258

405 2922 543 2975 μιᾳ..
588 2920 621 2956 a
653 2919 755 2973 quo
787 2916 884 2953 sua
922 2896 1074 2951 habet
1110 2894 1391 2949 Fabricius
1416 2896 1453 2946 l.
1480 2893 1543 2947 l..
1587 2892 1877 2961 Episcopus
1901 2891 2004 2960 fuit
2026 2890 2545 2960 Dadgbrwla),quaz
2574 2889 2698 2943 urbs
2727 2890 2833 2943 sita
2873 2901 2987 2943 erat
3020 2892 3074 2945 in
3108 2890 3495 2964 Paphlagonia,
3521 2898 3658 2951 unde

405 2993 757 3065 Dadybrenus
780 2992 856 3045 vel
878 2988 1150 3059 Paphlago
1184 2989 1599 3058 cognominatur.
1646 2984 1786 3038 Vixit
1822 2983 2016 3038 seculo
2056 3000 2215 3049 nono,
2255 2982 2344 3038 sed
2375 2999 2475 3053 quo
2513 2998 2652 3034 anno
2690 2990 2845 3035 natus
2881 2992 2971 3036 aut
3009 2994 3250 3040 mortuus
3297 2989 3388 3050 sit,
3441 2989 3658 3059 ignora-

406 3102 543 3139 mus.
584 3082 698 3135 Hoc
728 3089 938 3134 constat
966 3094 1083 3132 eum
1116 3088 1335 3131 mortem
1369 3076 1559 3129 obiisse
1600 3083 1717 3142 post
1749 3090 1944 3127 annum
1975 3073 2115 3138 880;
2158 3089 2282 3126 nam
2311 3072 2660 3140 irruptionem
2708 3071 2820 3126 illis
2855 3076 3172 3142 temporibus
3199 3095 3233 3131 a
3275 3078 3559 3137 Saracenis
3603 3085 3660 3138 in

401 3180 649 3236 Siciliam
690 3178 891 3247 factam
924 3185 1078 3244 atque
1124 3174 1445 3227 eversionem
1484 3170 1877 3241 Syracusarum
1904 3170 2029 3238 ipse
2074 3178 2265 3222 narrat
2308 3169 2364 3221 in
2404 3166 2526 3221 Vita
2562 3165 2761 3237 Ignatii
2801 3170 3122 3235 patriarcha:
3168 3172 3422 3240 Cplitani.
3456 3174 3661 3233 Pratter

420 3274 574 3328 Vitas
608 3272 711 3327 SS.
748 3271 1031 3341 Hyacinthi
1054 3278 1101 3323 et
1131 3267 1402 3321 Eustathii
1431 3267 1605 3320 editas
1645 3283 1678 3318 a
1709 3263 1779 3319 F.
1810 3264 2093 3335 Combeﬁs.
2121 3273 2170 3319 et
2197 3273 2388 3333 prater
2423 3263 2597 3317 Vitam
2631 3262 2693 3319 S.
2728 3261 2930 3333 Ignatii
2963 3276 3103 3335 patr.
3154 3267 3273 3336 Cpl.
3318 3272 3450 3326 actis
3488 3276 3659 3327 conci-

404 3350 468 3422 lii
501 3369 738 3435 Cplitani
769 3367 947 3434 quarti
986 3365 1124 3433 quod
1152 3364 1350 3416 dicitur
1395 3363 1769 3416 mcumenicum
1811 3370 2058 3414 actarum
2093 3360 2349 3413 insertam
2380 3360 2591 3424 scripsit
2625 3361 3107 3430 interpretationem
3138 3364 3243 3418 sive
3283 3368 3661 3435 metaphrasim

406 3460 517 3513 τῶν
541 3460 869 3530 ἁπορρήτων
903 3456 1052 3509 ὲπῶν
1077 3453 1318 3524 Gregorii
1347 3451 1708 3506 Nazianzeni.
1742 3451 1964 3505 Nicetas
1997 3468 2053 3505 ve

2011 3468 2116 3504 vero
2144 3450 2518 3513 Serrariensis,
2541 3452 2630 3521 qui
2661 3468 2725 3505 ea.
2747 3453 2984 3520 episcopo
3014 3452 3296 3509 Serrarum
3324 3458 3380 3510 in
3410 3457 3467 3511 Μ
3471 3461 3662 3516 αεεάο-

411 3553 501 3606 nia
517 3554 689 3621 prima
715 3550 1048 3619 metropolita
1066 3547 1340 3601 Heracleae
1365 3545 1520 3599 Ponti
1541 3546 1595 3598 in
1621 3544 1850 3598 Thracia
1865 3543 2040 3612 factus
2065 3543 2259 3598 steculo
2284 3544 2558 3597 undecimo
2580 3543 2649 3596 ad
2669 3544 2828 3613 ﬁnem
2860 3557 3097 3615 vergente
3115 3546 3299 3614 ﬂoruit
3326 3550 3395 3617 (υ.
3422 3547 3665 3606 Fabricii

414 3648 556 3701 Bibl.
590 3646 686 3701 Gr.
730 3644 898 3708 VIII,
932 3645 1062 3706 451,
1087 3652 1137 3697 et
1161 3642 1414 3697 Greuzeri
1445 3641 1788 3696 Meletemata
1821 3655 1851 3695 e
1881 3640 2174 3709 disciplina
2208 3641 2405 3709 antiq.,
2434 3657 2476 3704 ι,
2508 3641 2621 3711 ii),
2656 3644 3091 3695 commentarium
3119 3645 3328 3713 scripsit
3359 3647 3413 3700 in
3440 3648 3666 3705 sedecim

410 3744 678 3796 οναιίοηεδ
721 3737 960 3808 ejusdem
995 3736 1236 3804 theologi.
1290 3732 1393 3789 Sed
1437 3750 1560 3786 cum
1604 3734 1785 3785 eodem
1833 3732 2161 3798 appellentur
2206 3732 2433 3796 nomine,
2464 3731 2665 3799 factum
2713 3742 2814 3794 est,
2865 3742 2924 3785 ut
2969 3735 3131 3787 etiam
3180 3738 3528 3806 metaphrasis
3569 3743 3666 3795 illa

409 3850 529 3904 qua
572 3841 650 3887 est
682 3828 905 3884 Davidis
948 3829 1262 3882 tribueretur
1293 3825 1618 3881 Serrariensi
1651 3823 1721 3894 (υ.
1766 3822 2073 3879 Creuzeril.
2110 3824 2147 3878 ι.
2192 3839 2246 3884 p.
2287 3824 2377 3883 59,
2417 3841 2468 3876 n.
2516 3825 2567 3888 1,
2616 3834 2666 3878 et
2718 3822 2937 3878 Schaell.
2963 3824 3166 3881 Histor.
3202 3829 3305 3882 litt.
3349 3830 3527 3888 Graec.
3577 3835 3664 3890 ed,

412 3944 580 3998 germ.
617 3942 730 3979 cur.
776 3922 1078 3978 Scltwarzio
1113 3932 1161 3974 et
1196 3919 1449 3982 Pindero,
1494 3916 1615 3982 111,
1655 3917 1779 3980 176,
1807 3934 1863 3970 n.
1896 3915 1987 3986 1);
2023 3915 2161 3986 quod
2197 3933 2299 3970 non
2347 3919 2642 3980 miramur;
2671 3934 2795 3970 nam
2846 3933 3006 3986 neque
3036 3920 3199 3989 primi
3237 3920 3466 3978 editores
3505 3942 3668 3997 neque

414 4030 597 4088 postea
619 4016 899 4085 quisquam
919 4011 1057 4080 quod
1081 4012 1242 4065 sciam
1263 4008 1567 4079 diligentius
1590 4008 1725 4062 hanc
1748 4024 1859 4061 rem
1876 4007 2223 4076 investigavit.
2262 4006 2518 4062 Fortasse
2540 4008 2636 4063 hoc
2657 4008 2875 4080 ζήτημα
2896 4011 3013 4078 jam
3045 4012 3403 4078 persolverunt
3425 4021 3666 4073 monachi

420 4114 626 4166 ordinis
674 4108 732 4163 S.
770 4106 1066 4171 Benedicti,
1096 4104 1371 4159 novissimi
1410 4120 1628 4171 operum
1671 4101 1914 4173 Gregorii
1952 4100 2287 4157 Nazianzeni
2312 4102 2572 4167 editores;
2609 4105 2699 4158 sed
2726 4103 2954 4158 editione
2989 4121 3171 4160 eorum
3194 4111 3487 4180 interrupta
3523 4123 3665 4169 totus

416 4217 712 4276 apparatus
741 4205 792 4258 in
823 4201 1112 4257 secundam
1137 4210 1187 4253 et
1216 4200 1431 4253 tertiam
1460 4208 1667 4267 partem
1690 4199 1820 4252 latet
1855 4199 1910 4253 in
1939 4200 2153 4252 scriniis
2181 4201 2358 4254 nescio
2390 4200 2541 4268 cujus
2572 4199 2893 4255 bibliotheca:
2916 4204 3009 4271 (b).

494 4297 739 4350 Primum
766 4294 860 4350 sub
889 4291 941 4345 Ν
949 4295 1094 4346 iceta:
1125 4291 1349 4345 Davidis
1383 4291 1596 4344 nomine
1629 4288 1825 4358 prodiit
1858 4289 2088 4358 exegesis
2114 4290 2167 4343 in
2208 4288 2541 4343 Tetrasticha
2581 4300 2631 4344 et
2660 4295 2987 4347 monosticha
3026 4294 3252 4353 Venetiis
3279 4302 3417 4367 apud
3462 4300 3664 4361 Frauc.

419 4393 686 4447 Zanetum
717 4409 768 4445 a.
804 4390 980 4455 4565,
1013 4389 1151 4442 hanc
1190 4404 1309 4441 vero
1351 4386 1838 4454 interpretationem
1874 4402 1980 4438 non
2021 4401 2134 4440 esse
2160 4383 2363 4440 Niteta:
2398 4386 2541 4456 infra
2575 4386 2790 4443 docebo.
2822 4388 2954 4443 Tum
2980 4389 3214 4447 Iacobus
3256 4394 3451 4451 Billius
3491 4399 3668 4453 archi-

419 4485 691 4540 mandrita
720 4481 1070 4537 Hichaelinus
1098 4491 1305 4549 portent
1342 4480 1710 4534 commentarii
1753 4496 1782 4533 e
1810 4478 1987 4532 codice
2030 4479 2319 4533 cardinalis
2364 4478 2548 4533 Sirleti
2586 4479 2769 4534 Latine
2813 4482 2981 4536 edidit
3026 4484 3257 4540 Parisiis
3291 4489 3540 4559 a.1575;
3574 4493 3667 4546 sed

419 4591 691 4634 auctorem
721 4578 876 4634 modo
907 4580 1104 4647 Cyrum
1130 4576 1527 4647 Dadybrensem
1563 4575 1719 4628 modo
1759 4573 1960 4645 Cyrum
2007 4572 2254 4628 Nicetam
2295 4573 2688 4645 Dadghrensem
2727 4579 2985 4641 nominat,
3006 4579 3145 4648 quod
3186 4581 3324 4635 male
3357 4581 3508 4651 fecit;
3544 4601 3669 4639 nam

422 4676 592 4747 κύρος
644 4692 748 4729 non
783 4686 864 4730 est
897 4691 1080 4728 nomen
1107 4674 1383 4742 proprium
1413 4671 1503 4726 sed
1530 4671 1745 4725 honoris
1771 4671 1957 4724 titulus
1990 4686 2073 4738 pro

2014 4686 2084 4725 iro
2111 4671 2327 4742 κύριοςς
2360 4690 2404 4725 v.
2448 4672 2657 4726 Barthii
2684 4674 2912 4729 Advers.
2934 4690 2987 4741 p.
3024 4675 3178 4737 1595,
3204 4692 3354 4744 quem
3386 4687 3564 4732 testem
3586 4681 3634 4732 ci
3653 4710 3665 4721 ο

423 4775 553 4827 ιέυὶι
587 4770 871 4824 Fabricius
908 4768 1076 4831 Vill,
1105 4769 1232 4835 451,
1261 4778 1314 4822 et
1359 4767 1617 4821 Villoison
1640 4765 1860 4821 Notices
1889 4767 1986 4820 des
2021 4782 2301 4821 manuscr.
2335 4768 2402 4821 de
2434 4768 2482 4820 la
2513 4767 2651 4822 Bibl.
2693 4769 2928 4831 natium,
2976 4767 3097 4831 VII,
3129 4769 3255 4832 422,
3275 4769 3519 4825 Jacobsio
3548 4772 3667 4824 lau-

420 4865 579 4918 datus
599 4866 652 4918 in
686 4863 858 4916 indice
886 4862 1224 4930 Antlielogiaz
1253 4861 1531 4930 palatinze,
1558 4867 1610 4912 et
1643 4857 1894 4913 Creuzeri
1920 4857 2094 4911 blelet.
2129 4857 2179 4923 1,
2212 4858 2299 4912 Η.
2336 4857 2605 4913 Prteterea
2638 4860 2792 4913 illum
2814 4861 3068 4923 codicem,
3089 4876 3155 4914 ea:
3177 4877 3277 4931 quo
3301 4861 3497 4916 Billius
3520 4880 3667 4917 como

421 4960 739 5013 mentarium
766 4959 821 5010 in
863 4956 1189 5010 Tetrasticha
1223 4955 1389 5009 edidit
1417 4964 1467 5007 et
1488 4954 1577 5024 qui
1603 4952 1839 5007 diversus
1881 4970 1992 5007 esse
2017 4953 2223 5007 videtur
2249 4972 2280 5007 a
2305 4952 2619 5019 Sirletiano,
2664 4956 3040 5025 interpolatum
3063 4957 3228 5026 fuisse
3260 4958 3482 5027 conjicio
3505 4976 3571 5014 ex
3598 4961 3664 5015 iis

419 5068 539 5123 qua
563 5052 805 5121 leguntur
831 5050 898 5102 ad
930 5048 1263 5103 Tetrasticha
1292 5047 1345 5109 8,
1381 5046 1465 5109 Η,
1499 5046 1591 5107 57,
1618 5045 1707 5099 47.

492 5148 633 5203 Dum
667 5147 863 5200 Billius
893 5146 948 5198 in
974 5143 1151 5199 Gallia
1181 5160 1369 5198 novam
1397 5142 1637 5213 Gregorii
1666 5141 2002 5197 Nazianzeni
2027 5158 2242 5210 operum
2270 5142 2553 5198 editionem
2574 5145 2821 5213 adornat,
2844 5147 3079 5202 eumdem
3103 5148 3334 5204 laborem
3367 5152 3421 5205 in
3449 5150 3668 5207 Germao

421 5241 513 5295 nia
540 5240 767 5307 suscepit
795 5236 1031 5291 Joannes
1058 5235 1457 5298 Lmenclaius,
1488 5243 1645 5304 atque
1678 5234 1724 5287 is
1740 5235 1858 5304 jam
1884 5244 2005 5289 ante
2028 5235 2251 5289 Billiurn
2279 5244 2503 5290 verterat
2531 5240 2966 5292 commentarium
2993 5241 3047 5293 in
3070 5243 3355 5297 sententias
3383 5246 3669 5315 τετραστί-

422 5350 570 5406 κους,
613 5349 791 5387 verum
824 5348 951 5385 casu
992 5332 1167 5401 aliquo
1208 5332 1465 5383 amiserat
1502 5329 1987 5397 interpretationem
2027 5345 2188 5397 neque
2232 5330 2333 5396 ipsi
2367 5330 2436 5383 ad
2475 5346 2665 5384 manus
2704 5330 2806 5399 fuit
2836 5332 3106 5402 exemplar
3150 5333 3411 5397 Graecum,
3467 5335 3532 5387 de
3567 5354 3668 5406 quo

422 5439 554 5477 nova
587 5422 795 5475 institui
821 5431 1014 5489 posset,
1044 5432 1104 5475 ut
1136 5423 1245 5489 ipse
1282 5421 1479 5483 fatetur
1518 5421 1573 5473 in
1604 5420 1855 5489 prowmio
1884 5431 2013 5474 tom.
2043 5418 2139 5473 Ill
2172 5421 2420 5476 editionis
2448 5420 2677 5488 Latinas,
2713 5438 2829 5493 quo:
2864 5423 3063 5493 prodiit
3102 5424 3331 5480 Basilew
3371 5441 3437 5478 ex
3466 5426 3670 5495 oﬁirina

492 5595 599 5670 (a)_
620 5596 900 5670 Egeidinm
935 5599 1094 5670 urbis;
1116 5599 1459 5670 narraturin
1495 5596 1698 5655 Nicetis
1723 5596 2011 5654 Choniatz
2058 5594 2306 5652 Historia
2342 5598 2553 5668 imperii
2588 5597 2763 5653 Alezii
2788 5595 3063 5665 Comneni,
3107 5595 3277 5653 lsaaci
3325 5596 3512 5670 Angeli
3548 5594 3669 5652 ira-

421 5664 625 5737 tris.'l,
669 5668 715 5731 7,
744 5684 796 5737 p.
828 5668 932 5723 624
958 5669 1043 5724 ed.
1079 5668 1233 5722 Imm.
1264 5668 1512 5725 Bekkeri.

421 5736 585 5861 “(si
599 5737 925 5861 Ἱυιέυῐηᾳυε
953 5738 1197 5793 Nicetam
1230 5755 1329 5809 pro
1362 5756 1470 5796 uno
1493 5747 1546 5795 et
1568 5739 1759 5797 eodem
1799 5739 2111 5795 habuerunt
2128 5738 2469 5797 Bcuedictini
2511 5739 2771 5797 editores.
2812 5737 2946 5798 Vide
2976 5738 3338 5813 praecedentis
3368 5736 3665 5793 voluminis

517 5846 530 5860 .
633 5847 647 5861 .
726 5823 839 5861 Dl‘l‘.

517 5846 530 5860 .
561 5823 585 5861 Ι
606 5823 647 5863 Ι.
681 5823 839 5862 IMNT.

751 5898 1021 5961 ΡΛτιιοι.
1054 5900 1170 5963 Gn.
1210 5900 1524 5964 XXXVIII.

3282 5897 3358 5960 22
