4182 6362
557 291 666 362 ses
1892 307 2188 366 manus
2261 308 2472 365 vum
3686 303 3793 360 vss

565 421 900 498 ilervagiana
935 441 1026 494 per
1060 423 1341 479 Eusebium
1374 425 1708 496 Episcopium
1747 441 1798 478 a.
1830 423 1960 478 1571
1995 443 2008 478 :
2042 423 2132 478 sed
2155 402 2294 494 quod
2332 425 2408 478 rei
2434 431 2592 493 caput
2623 431 2722 488 est,
2760 424 3067 494 scriptorem
3102 433 3240 479 recte
3279 428 3518 480 nominat
3545 425 3790 486 Νίσαια.

555 525 828 579 Davidem.
863 521 983 576 Non
1023 520 1187 575 multo
1227 532 1437 591 postea:
1468 523 1602 576 libro
1647 520 2004 587 manuscripto
2033 518 2357 573 bibliotheca:
2389 519 2711 588 Augustam:
2741 516 2982 574 Grecam
3031 520 3406 590 paraphrasim
3453 523 3508 575 in
3546 538 3640 576 ses:
3671 541 3792 578 caro

553 620 698 674 mina
759 623 974 677 Arcana
1034 619 1140 674 sive
1204 617 1261 672 in
1317 633 1495 676 versus
1544 619 1653 677 482
1705 617 1854 688 (sunt
1919 631 2039 670 vero
2077 631 2296 670 numero
2337 614 2467 684 485';
2510 614 2677 668 edidit
2726 614 2859 670 Dav.
2912 615 3236 671 Hmschelius
3280 614 3522 686 Lugduni
3560 616 3794 674 Batavo-

553 729 670 765 rum
705 729 757 764 a.
790 711 950 777 1591,
979 727 1096 780 qua:
1125 710 1288 765 editio
1335 709 1554 778 repetita
1592 717 1671 761 est
1710 706 1774 760 ab
1802 705 1965 762 Ioan.
2008 705 2409 762 Hornschuchio
2438 705 2634 776 Lipsia:
2668 723 2720 760 a.
2750 707 2924 766 1615ς
2954 725 3083 778 quos
3111 709 3270 761 libros
3317 725 3433 761 cum
3461 709 3633 763 videre
3657 727 3791 764 non-

558 803 685 857 dum
725 803 854 856 mihi
887 803 1189 872 contigerit,
1212 802 1344 855 nihil
1383 801 1446 854 de
1471 800 1794 867 metaphrasi
1821 803 1980 869 quam
2007 801 2275 854 continent
2300 809 2532 854 statuere
2553 815 2786 868 possum.
2822 800 2988 868 Atque
3009 815 3070 853 ea
3098 800 3194 854 illo
3226 809 3452 870 tempore
3483 818 3562 855 res
3591 802 3792 857 intacta

545 899 768 963 mansit,
800 897 963 952 donec
989 898 1058 951 ad
1093 896 1436 965 quaestionem
1467 892 1856 947 dissolvendam
1884 908 1964 946 me
1993 893 2206 961 impulit
2235 893 2325 946 ille
2357 891 2520 947 codex
2551 909 2705 963 quem
2730 894 2844 962 jam
2873 893 3230 961 descripturus
3256 911 3394 950 sum.

614 991 694 1044 Ad
729 991 872 1058 ripas
903 987 1144 1044 Mosellae
1183 987 1598 1053 amoenissimas,
1619 999 1778 1053 prope
1805 985 1977 1039 vicum
2013 983 2169 1048 Cues,
2197 983 2385 1038 domus
2422 992 2501 1038 est
2537 983 2744 1038 alendis
2774 983 2982 1038 senibus
3012 984 3329 1055 presbyteris
3369 1002 3402 1038 a
3427 986 3650 1041 Nicolao
3680 986 3790 1042 Cu.

539 1101 672 1141 sano
699 1085 792 1139 illo
823 1082 1096 1139 cardinale
1140 1081 1452 1137 doctissimo
1485 1089 1777 1144 exstructa,
1813 1079 1868 1133 in
1903 1079 2056 1149 cujus
2087 1076 2401 1133 bibliotheca
2435 1078 2569 1133 bona
2612 1094 2736 1147 pars
2770 1079 3049 1142 librorum,
3097 1096 3225 1150 quos
3259 1078 3517 1136 Nicolaus
3555 1100 3649 1136 aut
3683 1084 3793 1151 ipse

540 1180 821 1246 scripserat
851 1185 943 1230 aut
984 1176 1037 1228 in
1068 1173 1345 1227 itineribus
1375 1172 1679 1241 collegerat,
1715 1169 1889 1224 adhuc
1919 1180 2243 1232 asservatur,
2273 1187 2573 1240 quanquam
2619 1187 2755 1240 swpe
2792 1180 2870 1225 est
2900 1172 3151 1240 spoliata.
3201 1170 3467 1226 Numerus
3490 1175 3698 1244 quidem
3724 1177 3794 1229 li-

541 1276 757 1328 brorum
795 1273 1016 1342 exiguus
1048 1280 1148 1333 est,
1176 1268 1266 1324 sed
1307 1268 1648 1336 reperiuntur
1676 1267 1813 1320 inter
1839 1283 1925 1321 eos
1959 1268 2120 1320 etiam
2154 1265 2276 1319 boni
2303 1275 2353 1319 et
2381 1266 2526 1336 digni
2555 1268 2644 1336 qui
2671 1267 3024 1329 innotescunt,
3060 1265 3181 1319 licet
3219 1283 3322 1319 non
3348 1266 3500 1330 tales,
3530 1269 3711 1338 quales
3737 1287 3792 1322 se

539 1368 612 1421 ibi
641 1375 978 1436 reperturum
1007 1379 1121 1418 esse
1145 1370 1448 1431 speraverat
1467 1419 1469 1422 ς
1491 1360 1656 1415 Andr.
1683 1357 1827 1414 Guil.
1865 1358 2174 1424 Cramerus,
2199 1361 2350 1431 cujus
2385 1359 2482 1413 hac
2511 1360 2574 1414 de
2598 1376 2654 1414 re
2685 1360 2862 1428 lepida
2881 1369 3054 1414 exstat
3081 1361 3320 1413 narratio
3355 1360 3411 1414 in
3433 1361 3597 1428 ipsius
3620 1361 3790 1416 Chro-

541 1457 684 1512 nicis
713 1456 1053 1518 domesticis,
1090 1469 1144 1521 p.
1183 1452 1286 1506 145
1315 1469 1427 1523 sqq.
1468 1450 1544 1504 De
1575 1450 1727 1505 libris
1765 1452 1908 1505 enim
1932 1452 2021 1521 qui
2046 1450 2115 1503 ad
2128 1450 2222 1520 jus
2251 1458 2492 1520 spectant
2517 1449 2735 1503 meliora
2763 1449 2935 1503 edocti
2963 1465 3144 1504 sumus
3179 1449 3242 1501 ab
3275 1448 3528 1503 Eduardo
3567 1451 3795 1522 Bocliing

532 1561 646 1622 Jcto
695 1550 866 1606 Bonn.
897 1568 946 1604 v.
985 1551 1064 1612 d.,
1099 1565 1147 1602 v.
1195 1546 1343 1601 b'rid.
1376 1545 1504 1601 Car.
1533 1563 1566 1599 a
1597 1545 1827 1616 Savigny
1869 1545 2060 1599 librum
2101 1544 2434 1600 Geschichte
2457 1544 2556 1599 des
2579 1545 2891 1599 r6mischen
2918 1543 3146 1610 Reclils,
3186 1553 3309 1609 etc.,
3342 1542 3462 1607 III,
3491 1544 3544 1608 8,
3569 1547 3653 1598 ed.
3685 1562 3791 1600 sec.

539 1646 690 1701 Inter
715 1642 925 1700 (ἰητροί
966 1653 1140 1697 autem
1173 1641 1336 1695 libros
1375 1640 1784 1707 manuscriptos,
1815 1654 2039 1709 quorum
2063 1638 2215 1707 copia
2243 1636 2370 1691 mihi
2397 1652 2560 1705 nuper
2593 1635 2740 1705 facta
2780 1647 2857 1690 est
2899 1653 2990 1706 per
3023 1634 3360 1698 Hartinium,
3393 1654 3440 1691 υ.
3473 1655 3605 1702 rev.,
3641 1639 3790 1691 illius

539 1745 728 1798 domus
761 1741 1086 1809 praefectum,
1122 1737 1224 1806 fuit
1254 1738 1413 1790 etiam
1443 1734 1626 1796 codex,
1657 1735 1749 1801 qui
1775 1743 1940 1788 totam
1975 1731 2180 1786 Nicetes
2210 1730 2433 1787 Davidis
2455 1731 2832 1800 metaphrasim
2863 1731 3093 1784 continet
3113 1731 3168 1784 in
3197 1732 3375 1784 omnia
3404 1730 3646 1802 Gregorii
3670 1731 3793 1787 Na-

543 1835 780 1887 sianzeni
811 1832 1072 1896 carmina,
1116 1845 1234 1899 qua:
1281 1828 1372 1882 ille
1398 1828 1772 1896 interpretatus
1813 1835 1913 1883 est.
1942 1823 2377 1879 Hembranaceus
2407 1831 2484 1878 est
2523 1835 2676 1894 atque
2721 1839 2785 1876 ea:
2811 1823 2956 1892 foliis
2994 1823 3096 1878 158
3125 1823 3312 1892 formae
3341 1824 3621 1895 quadrata:
3661 1842 3790 1880 cott-

543 1940 687 1994 stat;
720 1928 950 1996 scriptus
988 1934 1066 1979 est
1095 1925 1152 1978 ni
1190 1922 1358 1990 fallor
1394 1921 1586 1976 saeculo
1623 1936 1676 1975 ιι
1707 1921 1788 1974 vel
1812 1935 1888 1974 xu
1926 1919 2322 1990 catligraphice,
2353 1934 2456 1972 non
2499 1917 2896 1988 tachggraphice
2926 1917 3065 1986 quod
3095 1927 3302 1983 vocant,
3335 1935 3543 1973 summa
3582 1921 3795 1975 littera-

544 2039 663 2076 rum
688 2021 952 2090 elegantia
984 2033 1295 2087 summaque
1331 2016 1626 2086 diligentia.
1661 2012 1826 2084 Siglis
1856 2015 2018 2069 nullis
2049 2031 2177 2069 usus
2204 2023 2282 2068 est
2331 2013 2622 2074 librarius;
2654 2028 2830 2080 pauca
2858 2022 3064 2066 tantum
3098 2014 3354 2068 vocabula
3383 2031 3476 2083 per
3523 2017 3796 2070 abbrevia-

543 2126 718 2170 turam
740 2114 937 2182 scripta
972 2121 1095 2166 sunt
1119 2121 1176 2165 ut
1210 2108 1440 2182 Ἰησοῦς,
1465 2109 1722 2181 Χριστός,
1753 2110 1894 2172 θεός,
1926 2109 2165 2181 πνεῦμα,
2191 2132 2194 2145 η

2139 2128 2165 2175 ι,
2191 2109 2374 2181 πατήρ
2423 2109 2627 2180 μητήρ,
2646 2109 2950 2180 ἄνθρωπος,
2986 2109 3227 2180 σωτηρία
3252 2119 3302 2164 et
3336 2111 3401 2163 ab
3425 2111 3506 2164 his
3529 2112 3790 2168 derivata.

543 2209 861 2262 Accentuum
902 2205 1040 2258 ratio
1076 2203 1257 2257 eadem
1295 2205 1402 2272 {ere
1433 2212 1507 2256 est
1546 2219 1663 2271 quin
1694 2203 1848 2256 hodie
1885 2204 2235 2268 observatur;
2263 2203 2402 2272 quod
2435 2201 2502 2255 ad
2544 2202 2761 2275 spiritus
2805 2203 3013 2266 attinet,
3058 2203 3162 2256 duo
3207 2203 3302 2257 rho
3341 2204 3583 2275 deinceps
3617 2206 3795 2272 posita

541 2313 808 2366 nunquam
832 2298 954 2350 illos
980 2296 1081 2349 sibi
1108 2271 1390 2362 inscriptos
1424 2294 1638 2359 habent,
1664 2306 1720 2348 ut
1749 2308 1799 2347 et
1830 2297 1886 2348 in
1915 2297 2040 2349 aliis
2069 2271 2337 2349 codicibus
2359 2305 2407 2348 et
2439 2311 2576 2348 nunc
2597 2271 2851 2349 scribitur
2871 2310 2889 2358 ,'
2913 2311 2960 2349 v.
2995 2295 3148 2350 Bast.
3172 2295 3482 2354 Comment.
3507 2271 3792 2369 palaogru

543 2389 667 2446 755.
707 2390 832 2444 Iota
856 2391 994 2461 quod
1036 2390 1388 2458 subscriptum
1415 2389 1641 2443 dicimus
1677 2406 1944 2460 nunquam
1974 2390 2118 2459 infra
2140 2391 2358 2454 lineam,
2393 2407 2516 2444 raro
2544 2391 2598 2443 in
2629 2392 2740 2458 ipso
2769 2406 2920 2445 versu
2946 2391 3182 2458 ponitur,
3208 2392 3512 2464 plerumque
3535 2396 3793 2448 omissum

541 2493 640 2545 est,
685 2481 775 2536 sed
805 2493 929 2537 sunt
973 2481 1128 2536 verba
1165 2497 1279 2550 qua:
1319 2496 1455 2534 nunc
1487 2490 1666 2534 carent
1696 2485 1807 2535 iota
1843 2481 2156 2549 subscripta,
2191 2491 2240 2536 et
2275 2485 2329 2536 in
2375 2481 2549 2536 codice
2575 2479 2707 2534 illud
2737 2479 2946 2543 habent,
2986 2491 3044 2534 ut
3087 2481 3244 2546 ζῶιον
3273 2499 3368 2551 pro
3401 2483 3560 2548 ζῶον,
3584 2485 3648 2539 de
3687 2502 3795 2555 qua

542 2572 806 2627 scribendi
845 2574 1050 2627 ratione
1087 2589 1134 2626 v.
1171 2570 1322 2625 Bast.
1353 2570 1388 2624 l.
1421 2571 1459 2624 ί.
1492 2570 1615 2626 719.
1656 2570 1946 2626 Particulo:
1983 2573 2228 2642 quasdam
2268 2575 2572 2644 composito:
2613 2588 2705 2642 per
2731 2583 2909 2642 partes
2945 2573 3269 2638 scribuntur,
3309 2593 3358 2630 v.
3389 2593 3438 2629 c.
3473 2577 3550 2630 ὅτ’
3581 2577 3667 2642 ἄν,
3701 2581 3794 2631 ἐπ’

543 2666 628 2735 ἦν,
663 2665 833 2718 ἐπειδ’
867 2664 935 2719 άν
967 2682 978 2694 ·
1014 2675 1197 2718 contra
1228 2665 1534 2733 prwpositio
1561 2664 1704 2718 κατά
1731 2681 1850 2718 cum
1888 2666 2203 2734 quibusdam
2247 2667 2594 2721 substantivis
2637 2681 2774 2733 sa'pe
2810 2667 2864 2720 in
2895 2683 3056 2720 unum
3095 2669 3404 2724 vocabulum
3431 2673 3791 2744 conjungitur,

539 2779 585 2816 υ.
613 2777 660 2815 c.
695 2761 1022 2829 κατάφυσιν.
1051 2758 1293 2813 Itacismi
1324 2761 1543 2830 vestigia
1571 2775 1748 2828 pauca
1778 2763 2131 2831 reperiuntur.

608 2849 822 2906 Folium
853 2852 1080 2920 primum
1108 2852 1290 2920 incipit
1314 2851 1486 2906 colore
1517 2851 1675 2905 rubro
1701 2870 1718 2907 :
1746 2853 1960 2923 Νικήτα
1987 2853 2078 2906 τοῦ
2103 2855 2196 2908 καὶ⁵
2228 2855 2256 2908 δ

2145 2855 2196 2908 αἱ
2228 2855 2322 2908 δᾶδ
2350 2854 2536 2908 δούλου
2573 2852 2622 2908 lii
2656 2855 2722 2925 χῦ
2757 2854 2850 2909 τοῦ
2877 2855 3164 2926 φιλοσόφου
3189 2857 3446 2930 ἐξήγησις
3479 2859 3588 2915 τῶν
3615 2863 3796 2934 ἀπορ-

541 2948 718 3017 ρήτων
749 2945 843 2999 τοῦ
877 2945 1111 3017 μεγάλου
1150 2947 1450 3018 Γρηγορίου
1483 2947 1575 3000 τοῦ
1611 2946 1872 3016 Θεολόγου
1905 2949 2052 3002 ἐπῶν
2086 2949 2239 3018 λόγος
2282 2957 2351 3004 α’.
2385 2949 2693 3023 Προοίμιον.
2731 2950 2796 3005 Οί
2829 2951 2927 3023 μὲν
2960 2953 3090 3023 παρ’
3119 2954 3338 3025 Ἕλλησι
3377 2955 3802 3025 φιλοσοφώτατοι

537 3033 678 3090 εἶναι
704 3035 953 3102 δόξαντες
981 3039 1073 3091 καὶ
1103 3037 1418 3106 λογιώτατοι
1454 3039 1596 3108 ἡνίκ’
1636 3039 1701 3092 ἂν
1742 3043 1860 3104 ταῖς
1902 3041 2042 3112 ὑπὲρ
2077 3041 2140 3094 τὸ
2184 3041 2510 3112 βλεπόμενον
2549 3044 2645 3096 καὶ
2685 3044 2782 3113 τὴν
2831 3043 3080 3115 αἴσθησιν
3118 3047 3390 3117 θεωρίαις,
3424 3048 3540 3101 κτλ.
3572 3049 3706 3121 Pag.
3743 3052 3798 3112 4.

539 3127 679 3195 Περὶ
703 3127 924 3197 ἀρχῶν.
960 3131 1022 3181 Oi
1055 3128 1156 3198 τῆς
1181 3129 1448 3198 κοσμικῆς
1484 3129 1673 3198 σοφίας
1703 3129 1802 3201 τὴν
1841 3131 2145 3202 ἀκροτάτην
2179 3132 2502 3185 καταλαϐεῖν
2550 3133 2888 3202 κατοιόμενοι
2922 3134 3206 3206 περιωπήν
3246 3135 3422 3189 πάντα
3451 3137 3520 3190 τὰ
3547 3137 3677 3192 ὄντα
3707 3141 3801 3192 καὶ

537 3219 610 3276 τὰ
632 3223 890 3293 γινόμενα.
920 3225 999 3286 είς
1030 3227 1176 3295 τρεῖς
1215 3225 1314 3286 τὰς
1347 3226 1686 3295 κυριωτάτας
1721 3228 1814 3279 καὶ
1841 3227 2150 3297 πρωτίστας
2179 3227 2353 3291 αἰτίας
2387 3228 2481 3281 καὶ
2517 3228 2690 3299 ἀρχάς
2722 3229 3078 3298 ἀναφέροντες
3111 3229 3565 3301 ἐκκορυφοῦνται·
3597 3231 3800 3294 ταύτας

538 3318 596 3370 δὲ
626 3316 749 3370 νοῦν
796 3316 889 3369 καὶ
933 3315 1063 3385 ὕλην
1109 3316 1226 3372 καὶ,
1261 3314 1395 3380 εἶδος
1450 3316 1739 3379 καλοῦντες
1783 3318 2082 3387 συνάρχους
2125 3318 2217 3370 καὶ
2272 3318 2573 3381 συναιτίους
2602 3316 2707 3370 τῶν
2743 3319 2959 3370 πάντων
2998 3319 3355 3376 ὑποτίθενται.
3387 3320 3508 3374 κτλ.
3536 3319 3674 3390 Pag.
3707 3323 3798 3383 16.

552 3408 834 3479 Ἑξήγησις
870 3407 976 3460 τῶν
1017 3397 1341 3485 ἀπορρήτων
1375 3406 1468 3460 τοῦ
1517 3408 1752 3478 μεγάλου
1794 3408 2094 3478 Γρηγορίου
2144 3407 2236 3461 τοῦ
2280 3408 2540 3476 Θεολόγου
2577 3409 2754 3461 ἐπῶν·
2796 3408 2969 3477 Λόγος
3003 3409 3047 3480 β’
3080 3411 3221 3479 Περὶ
3274 3411 3430 3465 Υἰοῡ.
3477 3412 3800 3483 Ἐκθέμενος

539 3505 668 3576 περὶ
691 3504 873 3576 ἀρχῶν
900 3503 932 3574 ἢ
955 3504 1150 3575 ἀρχῆς,
1179 3503 1371 3556 ταύτὸν
1400 3503 1456 3557 δὲ
1487 3506 1679 3569 εἰπεῖν,
1709 3505 1836 3575 περὶ
1864 3503 1962 3573 τῆς
1988 3504 2268 3575 τριαδικῆς
2300 3505 2596 3576 μοναρχίας
2627 3507 2654 3558 ό
2679 3505 2976 3576 θαυμάσιος
3005 3507 3382 3578 ἐπιτομώτατα
3412 3508 3676 3562 διαλαϐὼν
3708 3508 3804 3561 καὶ.

537 3604 664 3666 τοὺς
694 3605 789 3674 μὲν
815 3604 1033 3676 ἐριστὰς
1073 3607 1153 3668 είς
1194 3604 1571 3675 διαλογισμοὺς
1611 3606 1954 3660 παντάπασιν
1983 3607 2161 3677 ἀφείς,
2200 3607 2318 3660 κτλ.
2355 3605 2488 3676 Pag.
2521 3609 2610 3672 50,
2637 3607 2805 3675 Λόγος
2840 3613 2886 3675 γ’
2912 3604 3052 3674 Περὶ
3085 3605 3192 3660 τοῦ
3231 3605 3405 3674 ἁγίου
3438 3605 3799 3672 Πνεύματος.

537 3699 876 3770 θεολογήσας
911 3701 939 3752 ό
965 3698 1384 3768 θεοληπτότατος
1417 3700 1546 3769 περὶ
1575 3701 1786 3770 Πατρὸς
1817 3701 1910 3753 καὶ
1942 3701 2072 3752 Υίοῦ
2103 3702 2203 3754 ὅσα
2238 3701 2365 3771 ἐξῆν
2403 3701 2550 3773 αὐτῷ
2592 3702 2815 3757 διειπεῖν
2857 3703 2915 3753 ἐν
2949 3701 3211 3771 άφράστῳ
3237 3699 3528 3771 γοργότητι
3554 3700 3646 3753 καὶ
3676 3716 3802 3753 συν-

538 3791 705 3863 τομία
729 3791 815 3844 διὰ
847 3790 954 3844 τῶν
981 3791 1468 3862 προπεποιημένων
1495 3793 1747 3863 ἡρωϊκῶν
1774 3793 1920 3844 ἐπῶν
1954 3793 2048 3846 νῦν
2077 3793 2140 3864 δὴ
2179 3793 2478 3863 ἑπομένως,
2526 3793 2643 3846 κτλ.
2690 3792 2823 3863 Pag.
2846 3793 2937 3860 45,
2965 3794 3103 3861 Περὶ
3138 3795 3368 3861 κόσμου
3394 3792 3547 3860 λόγος
3573 3792 3636 3845 δ’.
3665 3790 3798 3862 Pag.

537 3880 626 3934 61.
671 3880 810 3950 Περὶ
838 3881 1126 3950 προνοίας
1163 3879 1316 3947 λόγος
1341 3879 1401 3934 ε’.
1431 3879 1566 3950 Pag.
1599 3880 1689 3944 78,
1720 3881 1859 3950 Περὶ
1888 3881 2005 3936 τῶν
2034 3881 2290 3953 λογικῶν
2313 3881 2538 3938 οὐσιῶν
2565 3883 2719 3952 λόγος
2753 3883 2827 3948 ς’.

613 3989 788 4062 Igitur
833 4006 899 4045 ex
947 3993 1043 4044 hoc
1091 3988 1267 4044 codice
1306 3991 1536 4058 primum
1569 3991 1932 4061 intelligimus,
1968 4002 2092 4062 quot
2137 3995 2375 4046 carmina
2406 3991 2624 4047 Nicetas
2653 3995 3029 4056 interpretatus
3073 3995 3256 4065 fuerit,
3293 4006 3415 4050 sunt
3459 4003 3631 4050 autem
3662 4011 3801 4062 pra-

541 4103 620 4145 ter
674 4089 983 4144 tetrasticha
1026 4104 1240 4142 numero
1277 4098 1379 4146 xv;
1412 4080 1596 4136 deinde
1635 4098 1906 4136 numerum
1955 4084 2274 4146 carminum,
2308 4099 2425 4152 qua
2463 4084 2752 4155 ἀπόρρητα
2792 4087 3156 4151 nominaverit,
3219 4086 3491 4154 aliquanto
3543 4087 3799 4156 majorem

540 4201 653 4240 esse
696 4201 857 4255 quam
897 4183 1048 4238 Billii
1083 4197 1376 4236 numerum.
1423 4177 1482 4232 Is
1506 4178 1646 4231 enim
1689 4187 1803 4231 octo
1835 4187 2042 4232 tantum
2064 4180 2308 4233 carmina
2340 4180 2416 4232 ita
2447 4180 2718 4249 inscripsit
2749 4197 2908 4252 neque
2937 4179 3226 4251 quidquam
3258 4178 3323 4232 de
3362 4176 3462 4231 hac
3491 4195 3546 4232 re
3575 4178 3802 4238 monuit.

540 4293 845 4348 quanquam
879 4285 1044 4330 totum
1076 4274 1126 4328 Ν
1133 4277 1277 4329 icetce
1318 4273 1752 4328 commentarium
1793 4275 1850 4327 in
1888 4275 2134 4330 manibus
2158 4276 2405 4330 habuisse
2441 4277 2646 4331 videtur
2698 4279 2802 4332 sive
2833 4279 2886 4332 in
2913 4295 3016 4332 uno
3053 4276 3248 4340 codice,
3279 4275 3572 4329 cardinalis
3621 4274 3806 4330 Sirleti

541 4368 773 4423 codicem
801 4368 938 4431 dico,
987 4369 1092 4422 sive
1127 4369 1181 4420 in
1216 4366 1466 4435 pluribus
1496 4374 1776 4433 repertum,
1832 4383 1955 4418 nam
1985 4367 2040 4420 in
2066 4369 2404 4421 annotatione
2434 4371 2645 4438 respicit
2689 4369 2756 4422 ad
2787 4369 3221 4422 commentarium
3256 4383 3358 4420 non
3405 4365 3576 4418 solum
3607 4367 3661 4419 in
3689 4374 3804 4418 octo

544 4458 641 4513 illa
669 4461 930 4521 carmina,
983 4459 1071 4512 sed
1094 4461 1254 4512 etiam
1285 4459 1339 4509 in
1385 4465 1576 4521 septem
1607 4454 1812 4524 reliqua
1866 4466 2021 4525 atque
2047 4457 2482 4511 commentarium
2538 4459 2592 4511 in
2640 4456 2974 4512 Tetrasticha
3020 4467 3188 4511 totum
3245 4456 3418 4510 vertit.
3453 4455 3638 4525 Ipsum
3686 4471 3806 4509 vero

548 4549 598 4603 Ν
608 4551 796 4606 icetam
836 4551 946 4605 huc
971 4552 1211 4604 carmina
1232 4552 1524 4623 ἀπόρρητα
1553 4551 1864 4620 appellasse,
1884 4551 2067 4606 docere
2088 4552 2214 4605 mihi
2243 4553 2482 4618 videntur
2502 4569 2619 4622 quw
2647 4553 2711 4606 de
2737 4570 2831 4607 suo
2855 4554 3121 4622 proposito
3142 4552 3322 4606 scribit
3345 4552 3398 4604 in
3428 4552 3680 4620 prommio
3707 4551 3803 4619 fol.

542 4645 582 4699 9
609 4661 656 4699 v.
685 4643 800 4697 cod.
837 4657 854 4694 :
885 4640 961 4694 Δι’
994 4640 1022 4693 ὃ
1051 4641 1142 4693 καὶ
1165 4643 1324 4712 ἡμεῖς
1353 4643 1402 4694 οἱ
1443 4643 1659 4695 πάντων
1681 4641 1896 4712 ἔσχατοι
1927 4642 2020 4696 καὶ
2049 4643 2360 4714 μικρότεροι
2391 4643 2528 4713 πρὸς
2571 4643 2662 4696 τὸν
2706 4644 2847 4715 ὑπὲρ
2884 4645 3092 4708 πάντας
3123 4644 3248 4708 τοὺς
3277 4643 3676 4714 πρεσϐυτέρους
3712 4641 3808 4697 καὶ

545 4730 898 4793 ἰιδασκάλους
925 4731 1284 4800 τετιμημένον
1313 4733 1443 4802 ἡμῖν
1471 4732 1770 4803 Γρηγόριον
1808 4731 1898 4785 τὸν
1931 4732 2188 4801 Θεολόγον
2225 4733 2319 4785 τὸν
2358 4731 2482 4785 νοῦν
2523 4733 2891 4804 ἐπερείδοντες
2929 4733 3004 4797 ῶς
3033 4735 3130 4803 τῆς
3159 4735 3431 4806 ἡμετέρας
3457 4733 3808 4804 καθηγεμόνα

543 4825 721 4897 ψυχῆς
747 4825 839 4877 καὶ
860 4823 934 4886 ὼς
962 4824 1360 4895 περισσοτέρως
1395 4827 1458 4878 ἐκ
1484 4825 1589 4879 τῶν
1631 4824 1792 4880 αὑτοῦ
1822 4825 2105 4894 θεολογῶνι
2133 4825 2570 4896 οἰκοδομούμενοι
2604 4828 2847 4898 ὀλίγους
2876 4827 3044 4894 τινὰς
3069 4829 3138 4882 ὲκ
3172 4825 3290 4881 τῶν
3323 4827 3508 4881 αὑτοῦ
3533 4824 3804 4892 δυσφρά-

546 4937 708 4974 στων
731 4919 830 4974 καὶ
861 4918 1288 4987 δυσθεωρήτων
1315 4920 1511 4991 λόγων
1542 4921 1674 4990 ἢτοι
1712 4920 2096 4990 θεοφράστων
2124 4919 2287 4973 ἐπῶν
2318 4921 2390 4975 τὰ
2426 4923 2864 4990 ἁπορρητότερα
2899 4923 2996 4976 καί
3037 4923 3160 4989 τοῖς
3185 4920 3438 4986 πολλοῖς
3475 4919 3808 4972 ἀνεπίοπτα

547 5021 634 5085 εις
661 5017 956 5087 ἐξήγησιν
984 5016 1403 5086 προυθήκαμεν
1441 5017 1693 5084 ἑαυτοῖς.
1725 5018 1855 5074 Cum
1893 5019 1970 5072 his
2005 5033 2198 5087 compa:

2152 5034 2258 5071 Ιιιι-ιι
2286 5034 2401 5087 qua:
2427 5032 2548 5088 pag.
2589 5018 2689 5072 152
2722 5020 2848 5088 (col.
2876 5018 3001 5089 745)
3030 5017 3186 5087 hujus
3227 5019 3348 5071 libri
3385 5017 3644 5085 leguntur.
3683 5012 3803 5068 Cito

551 5123 718 5167 terum
752 5131 814 5168 ne
845 5115 940 5168 illa
967 5113 1175 5185 quidem
1205 5116 1466 5181 carmina,
1518 5131 1634 5185 quae
1664 5115 1858 5168 Billius
1893 5114 2201 5196 cpgnomine
2237 5112 2346 5165 τῶν
2378 5113 2708 5184 ἀπορρήτων
2740 5113 3030 5183 insignivit,
3067 5115 3121 5166 in
3152 5110 3389 5165 omnibus
3428 5107 3695 5162 codicibus
3725 5099 3836 5159 ita—

550 5227 663 5265 esse
707 5211 966 5282 inscripta
1016 5219 1236 5264 testatus
1267 5221 1345 5264 est
1376 5209 1602 5265 Carolus
1655 5208 1847 5271 Bened.
1878 5208 2041 5270 Hase,
2071 5208 2159 5276 qui
2203 5207 2284 5259 vir
2323 5205 2662 5259 clarissimus
2715 5215 2764 5258 et
2816 5206 3154 5259 doctissimus
3193 5220 3227 5256 a
3272 5217 3352 5255 me
3410 5211 3650 5269 rogatus,
3688 5215 3807 5251 cum

549 5316 715 5355 essem
734 5317 932 5355 memor
958 5317 1139 5355 eorum
1172 5316 1288 5371 quae
1319 5299 1418 5369 legi
1445 5299 1498 5352 in
1526 5297 1841 5367 prwfatione
1874 5293 1941 5347 ad
1979 5292 2204 5348 Leonem
2252 5293 2550 5348 Diaconum
2578 5311 2701 5364 pag.
2737 5311 2864 5348 xxix
2897 5294 2981 5347 ed.
3011 5293 3208 5360 Bonn.,
3227 5310 3329 5362 qua
3359 5301 3437 5346 est
3479 5290 3808 5343 humanitate

553 5401 608 5451 in
629 5414 798 5452 meum
831 5413 988 5451 usum
1013 5397 1237 5451 contulit
1257 5411 1433 5451 omnes
1462 5394 1786 5450 bibliotheca:
1809 5391 1982 5462 Regia:
2018 5391 2333 5445 Parisiensis
2370 5393 2599 5446 codices.
2641 5390 2824 5463 Neque
2861 5393 3012 5446 illam
3039 5387 3426 5457 inscriptionem
3457 5382 3613 5437 habet
3645 5380 3809 5434 codex

552 5490 848 5543 carminum
890 5487 1131 5559 Gregorii
1167 5487 1490 5542 Bodleianus
1510 5525 1526 5550 ,
1565 5501 1719 5556 quem
1758 5482 2096 5552 Gaisfordius
2122 5482 2404 5552 descripsit
2438 5486 2494 5537 in
2514 5483 2776 5553 Cataloge
2797 5484 2913 5538 sive
2947 5481 3150 5537 Notitia
3182 5477 3680 5544 manuscriptorum
3709 5465 3803 5542 qui

553 5585 621 5638 ab
650 5583 692 5636 Ε
741 5583 806 5636 Ι).
827 5583 1023 5639 Clarke
1053 5586 1356 5655 comparati
1391 5583 1445 5637 in
1476 5581 1809 5637 bibliotheca
1845 5579 2135 5634 Bodleiana
2169 5587 2526 5636 asservantur
2550 5595 2604 5648 p.
2643 5595 2681 5647 ι,
2716 5597 2769 5650 p.
2793 5580 2864 5633 23
2914 5596 3024 5649 sqq.
3067 5575 3170 5632 Sed
3203 5583 3462 5640 utcunque
3489 5578 3589 5632 cst,
3617 5573 3808 5635 praeter

555 5676 663 5729 hinc
700 5678 937 5730 carmina
965 5695 1019 5731 se
1050 5677 1161 5731 alia
1199 5677 1348 5731 nulla
1384 5679 1786 5743 interpretatum
1820 5695 1930 5733 esse
1957 5679 2066 5748 ipse
2096 5677 2316 5734 Nicetas
2347 5680 2587 5749 afﬁrmat
2620 5680 2673 5733 in
2703 5677 3076 5732 commentario
3108 5676 3174 5730 ad
3216 5671 3565 5733 Tetrasticha,
3600 5684 3648 5722 v.
3678 5680 3804 5736 pag.

556 5759 652 5819 131
686 5767 807 5839 (col.
830 5766 980 5840 757).
1030 5767 1114 5825 Ex
1139 5769 1246 5824 illis
1278 5767 1443 5823 verbis
1487 5767 1809 5836 jamdudum
1838 5767 2120 5825 verisimile
2146 5769 2274 5825 mihi
2327 5768 2602 5825 videbatur
2643 5769 3128 5840 interpretationem
3183 5761 3626 5822 monostichorum
3655 5769 3811 5828 atque
