4182 6362
342 318 452 389 683
1366 339 1441 396 1N
1466 339 1779 397 unum;
1812 341 2086 398 'ARCANA
2129 343 2187 401 s.
2228 345 2576 403 cneconu.
3508 338 3625 411 ssi-

341 448 786 528 epigrammatum
820 458 875 512 in
924 456 1134 511 laudem
1184 457 1376 512 Basilii
1408 457 1611 529 Magni,
1638 476 1756 530 qua
1786 458 1990 515 Niceta
2020 460 2217 517 Daoidi
2255 465 2308 517 in
2330 464 2562 519 editione
2608 464 2799 520 Veneta
2838 465 3109 530 tribuitur,
3150 469 3315 537 ipsius
3342 486 3469 538 opus
3496 491 3609 532 esse

346 568 448 606 non
509 568 694 621 posse;
728 562 779 607 et
832 552 1077 607 Nicetam
1107 569 1286 607 revera
1327 570 1487 624 neque
1514 554 1673 624 hujus
1704 563 1973 609 auctorem
2010 572 2123 611 esse
2150 574 2311 627 neque
2341 559 2789 627 interpretationis
2843 559 3315 627 Tetrastichorum,
3357 581 3474 634 qua
3510 569 3607 622 sub

345 648 514 715 ipsius
542 648 752 702 nomine
796 648 852 701 in
879 647 1059 702 eodem
1099 642 1234 699 libro
1272 646 1435 698 etiam
1466 661 1604 699 nunc
1642 646 2035 714 circumfertur,
2077 649 2324 717 (utraque
2367 656 2543 702 autem
2583 648 2819 718 ejusdem
2863 650 3138 718 scriptoris
3178 653 3301 723 est),
3339 665 3519 721 postea
3543 671 3623 710 et

344 741 458 804 ipso
491 741 624 795 libro
663 740 849 804 didici,
876 755 1029 810 quem
1060 735 1373 790 bibliotheca
1426 734 1782 805 Gottingensis
1831 739 2178 793 intercedente
2231 738 2298 794 E.
2332 738 2395 792 L.
2431 756 2463 792 a
2491 738 2715 793 Leutsch
2744 757 2793 794 υ.
2851 739 2907 795 d.
2955 743 3082 795 mihi
3127 745 3474 812 suppeditavit
3506 747 3583 818 (a)

344 830 559 886 Scilicet
603 832 725 886 illos
770 829 1175 885 commentarios
1206 829 1431 898 confecit
1461 828 1725 895 Zonaras,
1750 841 1810 886 ut
1848 834 1958 901 ipse
1981 833 2181 901 fatetur
2215 835 2271 887 in
2298 834 2547 902 prooemio
2575 833 2671 902 fol.
2696 833 2751 895 '5,
2786 834 2866 886 ita
2898 842 3069 889 tamen
3107 846 3164 889 ut
3199 836 3405 894 Niceta
3432 843 3612 896 'inter‘

341 927 690 994 pretationem
721 924 954 993 longiore
982 922 1256 977 verborum
1272 921 1763 991 circumscriptione
1788 933 1942 979 utens
1980 925 2141 978 etiam
2169 924 2301 978 locis
2332 940 2397 977 es:
2425 940 2580 978 sacra
2621 923 2901 992 Scriptura
2929 927 3181 986 adhibitis
3214 949 3351 1001 sape
3380 949 3596 1007 augeret

343 1027 500 1087 atque
547 1017 919 1087 amplificaret,
958 1017 1086 1087 quin
1112 1025 1249 1072 totas
1279 1014 1481 1069 Niceta
1506 1015 1749 1084 periodos
1782 1031 1894 1069 sua
1934 1015 2261 1083 paraphrasi
2295 1016 2570 1069 intexeret.
2632 1015 2908 1069 Interdum
2976 1020 3100 1077 dua
3149 1026 3627 1098 interpretationes.

341 1121 578 1177 exstant,
614 1129 839 1184 quarum
870 1114 1041 1167 altera
1072 1113 1327 1180 inscripta
1362 1112 1596 1175 αᾶλλως»
1624 1127 1755 1179 pars
1785 1119 1863 1164 est
1896 1110 2344 1178 interpretationis
2378 1109 2619 1175 Niceta;
2655 1126 3032 1179 nonnunquam
3078 1118 3257 1173 varias
3280 1137 3482 1192 quoque
3528 1123 3579 1177 le

342 1204 543 1258 ctiones
573 1203 814 1258 Zonaras
842 1204 1043 1258 notavit
1070 1212 1225 1274 atque
1271 1203 1486 1255 omnino
1503 1202 1684 1270 potius
1716 1200 2053 1270 grammatici
2081 1209 2259 1268 partes
2310 1201 2421 1271 agit
2462 1217 2618 1269 quam
2662 1201 2992 1270 interpretis;
3030 1208 3243 1277 singula
3279 1214 3419 1266 enim
3455 1214 3615 1282 verba

339 1299 675 1366 explicantur
702 1296 892 1352 iisdem
922 1298 1030 1367 fere
1070 1296 1239 1351 uerbis
1270 1312 1388 1367 qua
1411 1297 1655 1366 leguntur
1689 1296 1744 1349 in
1770 1296 1935 1363 ipsius
1983 1305 2140 1365 atque
2168 1295 2402 1349 aliorum
2446 1296 2649 1350 lexicis.
2683 1294 2749 1349 In
2796 1295 3168 1351 dissertatione
3199 1314 3359 1367 supra
3386 1301 3611 1356 laudata

338 1389 555 1444 exhibui
589 1389 719 1443 tales
763 1388 926 1454 locos,
956 1390 1045 1460 qui
1074 1406 1177 1443 non
1208 1390 1317 1443 sine
1344 1387 1521 1458 fructu
1549 1387 1782 1456 conferri
1814 1386 2017 1454 possint
2038 1385 2103 1439 ab
2143 1387 2209 1441 iis
2269 1386 2459 1457 quibus
2495 1386 2667 1441 lexica
2708 1384 2894 1441 Graca
2928 1403 3071 1443 cura
3101 1400 3246 1447 sunt.
3282 1390 3400 1446 Hoc
3432 1403 3611 1449 autem

339 1484 650 1552 opusculum
682 1484 921 1538 Zonaras
968 1500 1124 1538 senex
1149 1482 1444 1552 composuit
1487 1498 1581 1551 per
1633 1482 1823 1546 otium,
1873 1497 1973 1551 quo
2015 1481 2293 1551 fruebatur
2342 1486 2625 1537 monachus
2655 1493 2705 1537 et
2755 1500 2856 1553 quo
2898 1496 3025 1535 usus
3050 1492 3126 1535 est
3169 1481 3239 1535 ad
3280 1484 3416 1537 alios
3448 1485 3610 1540 libros

338 1574 662 1638 scribendos,
697 1573 761 1628 de
786 1573 974 1645 quibus
1005 1572 1120 1627 vide
1172 1572 1468 1628 Tittmanni
1523 1574 1893 1643 prolegomena
1924 1571 1992 1625 ad
2024 1569 2251 1626 Zonara
2296 1570 2559 1636 Lexicon,
2606 1589 2661 1641 p.
2693 1589 2817 1628 va.
2850 1572 2952 1628 Sed
3006 1571 3159 1626 redeo
3179 1573 3249 1626 ad
3277 1573 3480 1631 .Viceta
3503 1575 3611 1630 Da-

339 1665 482 1721 vidis
511 1666 971 1719 commentarium.

408 1755 543 1809 Cum
581 1755 653 1809 ad
700 1755 1125 1824 patefaciendam
1170 1753 1410 1824 Gregorii
1463 1763 1685 1808 mentem
1740 1770 1878 1825 sape
1923 1754 2227 1810 abstrusam
2283 1771 2396 1809 vere
2436 1756 2627 1824 prosit,
2678 1754 2871 1809 Billius
2925 1765 3101 1809 autem
3142 1757 3362 1827 singulis
3400 1765 3610 1811 tantum

339 1847 469 1900 locis
506 1863 566 1901 eo
599 1848 654 1900 in
685 1863 977 1902 sermonem
1012 1844 1265 1900 Latinum
1322 1861 1567 1899 converso
1596 1862 1721 1899 usus
1760 1845 1828 1899 sit
1874 1855 2093 1915 excepta
2136 1847 2570 1916 interpretatione
2606 1844 3060 1899 Tetrastichorum
3125 1862 3286 1914 quam
3342 1847 3607 1918 integram

343 1944 493 1996 vertit
543 1957 563 1997 :
599 1942 859 2013 equidem,
890 1951 941 1996 et
978 1943 1104 2013 quia
1139 1941 1344 1995 Niceta
1391 1941 1564 1996 oratio
1600 1950 1679 1996 est
1707 1942 1841 1996 satis
1872 1940 2084 2013 elegans
2124 1953 2173 1997 et
2203 1943 2401 1996 munda
2433 1953 2482 1996 et
2516 1959 2579 1996 ne
2605 1941 2731 2012 quid
2750 1942 2915 2011 justa
2965 1943 3261 1997 carminum
3297 1946 3608 2013 interpreta-

341 2042 474 2094 tioni
493 2039 837 2105 detrahatur,
856 2056 890 2094 e
920 2039 1097 2095 codice
1124 2038 1337 2093 Cusano
1372 2034 1619 2093 Gracum
1653 2040 2093 2093 commentarium
2121 2041 2258 2111 tgpis
2284 2039 2685 2094 describendum
2711 2040 2893 2092 curavi
2919 2039 3118 2093 omissa
3144 2038 3243 2093 illa
3265 2049 3416 2108 parte
3445 2055 3604 2108 quam

342 2135 476 2192 Dav.
525 2137 849 2193 Hascltelius
884 2136 1070 2190 edidit.
1112 2138 1328 2189 Textum
1358 2135 1557 2190 codicis
1598 2135 1721 2203 dedi
1740 2136 2037 2206 integrum;
2057 2154 2183 2192 nam
2212 2149 2335 2191 sunt
2366 2138 2469 2192 loci
2493 2138 2582 2207 qui
2613 2136 2975 2193 emendatione
3013 2144 3217 2206 egeant,
3251 2136 3343 2190 sed
3371 2137 3487 2191 sine
3514 2152 3607 2206 ope

339 2228 560 2281 ulterius
609 2228 733 2281 libri
765 2228 959 2298 corrigi
995 2245 1098 2282 non
1132 2228 1355 2296 possint.
1388 2230 1635 2281 Attamen
1659 2243 1752 2283 sea:
1786 2228 1886 2282 illa
1936 2230 2196 2291 carmina,
2218 2230 2406 2300 quippe
2453 2246 2571 2297 qua
2615 2227 2911 2283 cohareant
2939 2242 3056 2279 cum
3105 2230 3328 2291 cateris,
3360 2227 3429 2280 ad
3459 2242 3617 2281 eum-‘

338 2322 457 2376 dem
484 2322 709 2376 codicem
733 2323 995 2376 recensita
1024 2324 1137 2377 sine
1165 2324 1541 2376 commentario
1554 2331 1681 2391 post
1710 2320 1916 2377 Niceta
1940 2322 2145 2378 librum
2175 2326 2329 2394 posui
2360 2324 2459 2395 (b).

411 2414 511 2468 His
533 2413 716 2467 addidi
767 2415 961 2468 selecta
989 2415 1236 2484 quadam
1267 2417 1528 2481 carmina,
1563 2433 1679 2486 qua
1719 2420 2055 2486 reperiuntur
2077 2417 2131 2470 in
2173 2416 2350 2471 codice
2398 2414 2643 2472 Gudiano
2678 2414 2862 2471 Graco
2889 2417 2975 2472 97.
3011 2417 3165 2473 Ilunc
3192 2419 3330 2473 enim
3354 2418 3605 2479 codicem,

340 2508 406 2560 dc
438 2524 540 2578 quo
589 2525 637 2562 υ.
668 2509 767 2561 Fr.
800 2510 903 2564 Ad.
933 2508 1116 2562 Eberti
1147 2509 1341 2563 librum
1364 2509 1429 2565 de
1450 2510 1777 2565 bibliotheca
1817 2509 2085 2580 Guelferb.
2118 2510 2274 2564 codd.
2302 2509 2397 2566 Gr.
2430 2527 2485 2581 p.
2509 2509 2571 2563 Sb
2603 2509 3049 2565 Schanemannus
3077 2525 3124 2562 υ.
3149 2507 3204 2563 d.
3242 2508 3389 2562 illius
3418 2508 3607 2562 biblio-

341 2605 503 2658 theca
538 2604 818 2673 prafectus
845 2604 913 2657 ad
948 2621 1028 2659 me
1053 2607 1219 2668 misit,
1279 2623 1398 2659 cum
1429 2607 1486 2659 in
1516 2624 1575 2660 eo
1604 2616 1739 2661 esset
1774 2624 1935 2660 unum
1969 2624 2206 2674 carmen,
2241 2609 2379 2678 quod
2432 2605 2652 2661 Nicetas
2695 2607 2835 2660 inter
2863 2620 3063 2657 arcana
3096 2603 3323 2657 relatum
3350 2604 3606 2672 interpre-

342 2704 485 2750 tatus
513 2705 614 2749 est.
649 2695 766 2749 ﬂac
802 2712 922 2750 vero
964 2698 1238 2751 occasione
1266 2696 1397 2750 data
1431 2698 1590 2751 etiam
1618 2698 1827 2768 reliqua
1858 2700 2104 2753 carmina
2141 2700 2366 2754 contuli.
2397 2697 2734 2768 Periphrasis
2764 2712 2925 2767 quam
2946 2694 3082 2748 idem
3116 2693 3280 2748 codex
3302 2694 3495 2763 prabet
3528 2695 3609 2748 ita

339 2797 419 2841 est
457 2788 726 2850 instituta,
757 2798 817 2842 ut
840 2790 1038 2861 singuli
1058 2807 1236 2845 uersus
1299 2793 1627 2859 explicentur
1666 2792 1832 2847 verbis
1870 2793 2196 2862 synonymis.

414 2882 638 2953 Reliqua
668 2884 910 2940 subsidia
966 2887 1155 2956 quibus
1202 2904 1330 2942 usus
1375 2906 1493 2942 sum
1520 2890 1573 2942 in
1609 2898 1753 2943 textu
1782 2890 2078 2943 carminum
2121 2888 2486 2944 constituendo
2514 2887 2625 2941 hac
2675 2896 2817 2941 sunt.
2882 2881 3059 2936 Editio
3092 2879 3244 2942 Aldi,
3283 2879 3373 2949 qui
3398 2878 3625 2949 primus

342 2978 639 3031 maximam
673 2979 974 3033 carminum
1020 2991 1225 3048 partem
1250 2984 1415 3038 edidit
1435 3000 1490 3037 a.
1531 2983 1690 3039 1504.
1730 2982 1935 3040 Niceta
1955 2985 2301 3056 paraphrasis
2332 2983 2473 3055 (Gn)
2520 2961 2668 3037 edita
2707 2978 2936 3035 Venetiis
2969 2994 3020 3031 ιι.
3063 2976 3220 3037 1565,
3248 2976 3312 3029 de
3338 2991 3439 3046 quo
3467 2974 3605 3028 libro

343 3067 457 3120 uide
482 3081 666 3134 supra.
736 3068 1181 3124 Tetrastichorum
1228 3071 1391 3125 editio
1442 3089 1573 3126 cura
1630 3071 1867 3127 Erhardi
1922 3073 2213 3129 Hedenecci
2286 3074 2517 3129 Basilea
2575 3093 2636 3129 a.
2684 3072 2855 3135 1577;
2892 3069 3127 3150 .denique
3167 3065 3408 3138 Gregorii
3459 3066 3617 3124 Non.

340 3171 501 3224 cpera
534 3174 654 3211 cum
700 3175 888 3214 comm.
914 3158 1106 3216 Jacobi
1138 3162 1312 3227 Billii,
1345 3162 1603 3229 Colonia,
1639 3164 1935 3233 sumptibus
1980 3164 2324 3219 Weidmanni
2362 3165 2521 3221 1690.
2558 3165 2757 3221 Billius
2785 3177 3087 3234 quanquam
3107 3161 3282 3228 plures
3312 3158 3494 3213 habuit
3518 3175 3607 3213 co-

340 3248 505 3314 dices,
539 3251 843 3322 plerumque
906 3260 1077 3306 tamen
1107 3254 1341 3323 sequitur
1365 3254 1562 3307 Aldum
1590 3255 1671 3309 ita
1702 3263 1759 3308 ut
1790 3271 2165 3325 nonnunquam
2202 3272 2408 3311 errores
2432 3273 2562 3326 quos
2591 3254 2958 3310 emendaverat
3001 3254 3164 3308 Aldus
3204 3264 3489 3319 repeteret;
3520 3265 3607 3308 at-

340 3354 441 3408 que
473 3339 529 3392 in
558 3340 655 3394 illa
681 3341 909 3396 editione
944 3342 1250 3397 Coloniensi
1278 3343 1385 3397 sive
1401 3343 1661 3412 Lipsiensi
1691 3345 2001 3415 typographi
2027 3362 2063 3398 a
2100 3361 2222 3399 uera
2246 3348 2512 3416 scriptura
2554 3362 2692 3415 sape
2719 3346 2888 3400 denuo
2931 3346 3321 3399 aberraverunt.

414 3428 535 3485 Scr.
566 3429 965 3501 Confluentibus
1004 3435 1079 3490 id.
1128 3434 1247 3489 Jul.
1273 3452 1325 3487 a.
1359 3433 1515 3490 1840.

414 3636 493 3710 (a)
528 3634 835 3710 gibrumin
872 3636 959 3710 bis
990 3637 1304 3710 regionibus
1330 3639 1675 3694 rarissimum
1705 3639 1973 3710 descripsi
2006 3639 2059 3694 in
2084 3639 2471 3695 dissertatione
2498 3640 2565 3695 de
2595 3640 2785 3695 Niceta
2826 3640 3028 3697 Dnvide
3059 3648 3113 3695 et
3143 3638 3355 3694 Zonara
3384 3655 3505 3710 pag.
3546 3641 3604 3697 9.

414 3706 493 3776 (b)
526 3705 842 3780 ﬂac‘nobis
871 3705 1116 3780 Gregorii
1155 3711 1353 3780 integri
1380 3710 1685 3765 editoribus
1710 3718 1873 3766 erant
1894 3705 2218 3766 omittenda.
2252 3710 2332 3764 Ex
2362 3712 2446 3766 his
2471 3712 2637 3765 etiam
2667 3712 2916 3780 versibus
2936 3725 3073 3780 quos
3106 3712 3207 3765 sibi
3241 3705 3601 3780 explicando:

345 3778 584 3849 assumit
618 3776 861 3849 Nicetes.
897 3776 1115 3849 nonnisi
1144 3776 1382 3849 prinium
1416 3780 1765 3845 retinuimus,
1800 3796 1925 3833 cum
1958 3780 2197 3849 reliquos
2227 3780 2292 3833 ad
2323 3796 2541 3836 manum
2576 3782 2769 3837 habeat
2798 3776 2993 3836 Lecto}
3028 3782 3080 3834 in
3116 3776 3601 3836 nostra'cditione.

345 3795 584 3831 assumit
618 3795 859 3839 mactas.
897 3795 1115 3833 nonum
1183 3795 1382 3833 rnnum
1416 3795 1765 3845 reunuunus,
1800 3796 1925 3833 cum
1958 3795 2197 3849 reliquos
2227 3795 2292 3833 aa
2323 3796 2541 3836 manum
2576 3795 2769 3837 naneat
2799 3795 2993 3836 Lector
3028 3797 3080 3834 In
3116 3795 3304 3835 nostra
3337 3795 3601 3836 cultione.

345 3842 613 3902 Prteterea
647 3846 865 3921 Ernesti
895 3847 1110 3921 Dron_k_e
1248 3849 1310 3903 Ι).
1343 3851 1725 3904 adnotationes
1764 3865 1883 3920 qua:
1936 3858 2145 3904 tantum
2178 3851 2243 3904 ad
2274 3849 2415 3905 Billii
2464 3850 2755 3905 editionem
2805 3858 3077 3921 spectant,
3111 3851 3279 3921 cujus
3304 3851 3434 3904 vitia
3472 3866 3607 3905 cura

344 3931 454 3986 qua
478 3932 594 3990 ‘par
626 3930 746 3973 erat
775 3919 835 3990 in
861 3933 1001 3973 nova
1032 3918 1277 3990 Maurina
1306 3923 1629 3976 recensione
1654 3918 1792 3974 sunt
1817 3921 2129 3986 emendata,
2165 3934 2292 3974 cum
2328 3922 2441 3989 jam
2474 3937 2666 3990 parum
2700 3930 2794 3975 aut
2817 3918 2951 3976 nihil
2988 3918 3241 3976 utilitatis
3271 3920 3525 3986 habeant,
3547 3930 3608 3975 ut

347 3986 646 4057 plurimum
676 3989 1008 4044 omittimus.
1035 3988 1195 4042 Εοιτ.

357 4220 904 4247 _——_.-—_

1180 4436 1889 4550 NIGETE
2000 4435 2765 4550 DAVIDIS

827 4724 1376 4786 PARAPHRASIS
1406 4725 1835 4787 CARMINUM
1868 4724 2368 4787 ARCANORUM
2399 4726 2460 4786 S.
2501 4726 2885 4787 GBEGORH
2921 4728 3094 4789 NAZ.

342 5107 571 5175 Νικήτα
609 5106 717 5161 τοῦ
759 5105 857 5158 καὶ
891 5104 1089 5175 Δαυῒδ-
1113 5103 1335 5157 δούλου
1396 5103 1596 5167 Ἰησοῦ
1644 5103 1919 5175 Χριστοῦ..

2027 5099 2230 5157 Niceta
2293 5103 2381 5172 qui
2404 5112 2453 5175 et
2481 5101 2673 5168 Dauid,
2696 5104 2831 5159 serui
2866 5102 2993 5175 Iesu
3025 5103 3245 5175 Christi,
3282 5105 3595 5175 philosophi,
3626 5147 3629 5151 .

415 5172 522 5233 τοῦ
552 5177 917 5246 φιλοσόφου,
951 5173 1274 5246 Ἐξῄγησις
1295 5175 1424 5246 ίτῶν
1444 5173 1798 5246 ᾀπρρῤἠτων
1813 5172 1921 5227 τοῦ

2095 5174 2503 5246 commentarius
2558 5191 2876 5246 arcanorum
2944 5173 3008 5246 δὲ
3073 5173 3309 5244 Gregorii
3352 5172 3620 5246 Theo'logi'

414 5242 587 5317 ἀγίοὺ
629 5242 959 5317 Γρηγῖορίρυ
985 5244 1092 5297 τοῦ
1108 5242 1410 5313 Θεολόγου
1439 5244 1619 5297 ἐπῶν.
1650 5242 1787 5312 Περὶ
1805 5246 1923 5312 ψυ-

2095 5244 2414 5297 carminum.
2454 5243 2531 5297 De
2567 5244 2745 5298 anima
2770 5260 2943 5298 sermo
2980 5243 3033 5299 'Z.
3178 5242 3189 5244 ’

470 5318 533 5371 ἦρ
563 5318 640 5371 (Η
664 5320 848 5371 λόγος
884 5318 950 5371 ζ’.

415 5314 533 5388 κῆς
563 5318 640 5387 (1)
664 5314 848 5386 λόγος
884 5314 950 5377 ζ’·

428 5410 738 5481 Ἐπομένως
778 5407 916 5479 μετὰ
964 5406 1062 5477 τὴν
1104 5405 1210 5459 τῶν
1252 5404 1518 5475 οὐρανίων
1549 5404 1644 5459 καὶ
1688 5404 1923 5475 λογικῶν

2091 5405 2504 5477 Consequenter
2530 5405 2835 5461 caelestium
2868 5415 2920 5461 et
2946 5405 3348 5460 rationabilium
3372 5413 3596 5461 natura-

343 5504 561 5575 φύσεων
600 5503 696 5557 καὶ
741 5499 1048 5571 ἀσωμάτων
1075 5498 1330 5569 Θεωρίαν,
1360 5496 1465 5568 ὀδῷ
1494 5496 1803 5569 προϐαίνων
1826 5496 1922 5550 ἐπὶ

2022 5512 2144 5552 rum
2167 5504 2222 5552 et
2245 5497 2701 5567 incorporearum
2736 5505 2863 5568 post
2920 5496 3434 5566 contemplationem
3493 5496 3597 5551 iter

341 5596 442 5666 τὴν
470 5594 860 5665 ταπεινοτέραν
885 5592 980 5645 καὶ
1012 5589 1413 5661 προσυλοτέραν
1443 5589 1545 5659 τῆς
1572 5588 1920 5660 ἀνθρωπίνης

2026 5602 2277 5659 pergens,
2312 5588 2377 5643 ad
2402 5587 2956 5657 contemptibilriorem
2986 5595 3038 5642 et
3070 5587 3316 5641 materie
3367 5583 3594 5640 vicinio-

341 5688 522 5761 ψυχῆς
555 5687 762 5750 οὐσίαν,
792 5684 891 5757 τὴν
920 5683 1157 5756 θεωρίαν
1184 5682 1278 5737 καὶ
1306 5681 1602 5749 Θεολογίαν,
1623 5682 1652 5735 ὁ
1671 5679 1920 5750 θεολόγος

2023 5692 2139 5734 rem
2202 5678 2457 5735 humana:
2505 5678 2701 5733 anima
2762 5676 3148 5739 substantiam,
3182 5674 3591 5748 contemplatio-

417 5844 497 5911 (l)
535 5842 673 5910 Περὶ
699 5837 925 5915 ψυχῆς.
969 5838 1112 5895 Edit.
1153 5835 1293 5892 Billii
1326 5834 1542 5903 Colon.,
1577 5830 1644 5902 ll,
1683 5848 1737 5905 p.
1783 5831 1923 5901 £70;
1964 5829 2095 5888 edit.
2139 5829 2455 5898 Leuvencl.,
2486 5846 2541 5903 p.
2573 5830 2706 5887 1017
2740 5828 2862 5899 (Ed.
2893 5843 3017 5887 nov.
3052 5842 3106 5900 p.
3138 5823 3287 5904 2M).
