4182 6362
517 342 623 398 687

516 478 639 520 nem
658 469 712 517 et
728 456 1052 529 theologiam
1095 454 1404 527 Theologus
1454 454 1736 511 transtulit
1773 454 2001 526 spiritus
2026 461 2083 510 et

518 553 780 624 expositis
814 552 1048 622 primum
1082 562 1269 603 eorum
1300 547 1396 618 qui
1450 545 1587 603 loris
1623 556 1753 603 sunt
1811 547 2095 603 sententiis

519 654 575 698 et
607 643 759 713 quasi
781 654 956 711 nugas
986 654 1108 694 esse
1139 638 1438 705 convictis;
1470 638 1551 693 sic
1579 652 1764 692 veram
1795 638 2094 694 secundum

520 737 820 791 Ecclesiam
882 743 936 789 et
981 731 1297 803 Scripturas
1352 748 1489 802 pure
1545 732 1693 787 dedit
1762 731 2091 787 doctrinam.

519 832 693 888 Porro
720 828 1063 899 simplicibus
1092 825 1384 882 admodum
1411 836 1465 881 et
1498 840 1528 880 a
1562 825 1673 880 lleo
1694 840 1822 880 vere
1856 823 2094 896 inspira-

519 923 593 979 tis
630 919 936 977 ratiociniis
962 918 1014 973 in
1046 917 1205 973 initio
1235 917 1514 973 disserens
1540 915 1620 971 sic
1637 915 1768 971 dicit
1799 930 1813 968 :

522 1014 548 1069 1
595 1014 785 1067 Anima
803 1012 964 1080 ﬂatus
990 1019 1067 1064 est
1090 1008 1204 1073 Dei,
1235 1009 1628 1078 mistionemque
1659 1006 1883 1063 calcatis

517 1086 554 1141 2
590 1082 821 1138 Pertulit
847 1098 963 1135 cum
991 1080 1253 1145 terrestri,
1278 1089 1386 1134 etc.

590 1174 745 1230 Sicut
782 1174 837 1228 in
873 1173 995 1228 aliis
1030 1170 1305 1226 aﬂirmans
1339 1170 1625 1239 theologus
1653 1170 1798 1241 quod
1838 1170 1905 1226 de
1934 1179 2098 1226 mate-

528 1266 609 1322 ria
641 1264 859 1338 quidem
896 1279 1096 1335 corpus
1126 1263 1420 1333 sumpserit
1461 1261 1626 1326 Deus,
1653 1263 1720 1316 de
1751 1262 1931 1332 seipso
1968 1276 2097 1317 vero

530 1358 897 1431 spiraculum,
950 1357 1265 1428 pronuntiat
1301 1354 1613 1412 Creatorem
1649 1354 1959 1411 condidisse
1999 1356 2098 1411 ho—

522 1451 721 1506 minem
750 1450 1002 1512 mixtum,
1039 1448 1120 1503 sic
1146 1456 1201 1503 et
1229 1463 1374 1502 nunc
1416 1447 1471 1500 in
1509 1446 1889 1517 superioribus
1924 1446 2097 1502 versi-

530 1543 631 1598 bus
670 1539 899 1594 allirmat
932 1538 1167 1593 animam
1198 1539 1596 1593 emanationem
1626 1553 1749 1595 esse
1784 1537 1875 1592 Dei
1902 1545 1955 1593 et
1985 1538 2099 1608 spi-

521 1634 789 1697 raculum,
832 1647 992 1703 quam
1033 1631 1157 1687 ideo
1183 1631 1376 1701 probat
1410 1630 1686 1687 caelestem
1722 1630 1963 1701 quidem.
2001 1630 2094 1686 sed

524 1725 815 1796 patientem
857 1722 944 1777 vel
985 1722 1347 1777 sustinentem
1378 1722 1655 1777 terrestris
1674 1722 1919 1790 corporis
1946 1736 2097 1776 com-

521 1815 837 1870 mixtionem
864 1820 957 1865 aut
980 1811 1442 1882 coniunctionem,
1473 1819 1526 1867 et
1544 1812 1688 1867 sicut
1726 1812 1907 1867 lumen
1934 1812 2102 1883 quod-

521 1908 647 1960 dam
678 1902 982 1973 intelligens
1040 1902 1312 1955 occultam
1349 1916 1472 1956 esse
1508 1908 1563 1956 et
1600 1902 1806 1955 unitam
1840 1904 1993 1957 carni
2026 1904 2100 1957 si—

520 1999 615 2047 cut
648 1993 703 2048 in
733 2009 967 2048 caverna
1003 1993 1291 2048 inclusam.
1352 1990 1458 2047 Sed
1495 1992 1849 2049 nihilominus
1902 1993 2101 2050 divinae

518 2100 644 2139 cum
688 2085 763 2141 sit
799 2094 1027 2149 naturae,
1064 2083 1389 2139 immortalis
1416 2094 1469 2139 et
1492 2085 1925 2154 incorruptibilis
1969 2104 2094 2145 vere

518 2182 621 2231 est.
651 2173 770 2231 Non
792 2176 960 2242 enim,
992 2176 1189 2246 inquit,
1214 2174 1438 2245 dignum
1462 2186 1581 2230 erat
1616 2177 1795 2247 magni
1826 2176 1919 2233 Dei
1960 2194 2088 2235 cum

520 2268 804 2338 sitimago,
820 2270 993 2340 ipsam
1013 2284 1120 2324 una
1141 2282 1267 2323 cum
1289 2268 1580 2339 reptilibus
1604 2270 2099 2329 irrationabilibus-

518 2378 624 2430 que
652 2362 853 2417 bestiis
876 2362 1019 2417 mori
1045 2371 1098 2417 et
1131 2360 1273 2417 foede
1299 2360 1547 2427 dissolvi,
1568 2362 1781 2418 etiamsi
1813 2373 2099 2435 peccatum

522 2454 669 2508 illum
704 2464 864 2526 cogat
891 2453 959 2509 ad
988 2461 1219 2508 mortem
1242 2461 1297 2509 et
1316 2455 1742 2524 corruptionem.

522 2678 553 2731 7
628 2675 808 2745 Neque
830 2674 963 2747 ignis
993 2675 1181 2745 fervidi
1209 2684 1403 2729 natura
1427 2683 1525 2739 est,
1592 2683 1699 2731 etc.

599 2789 1052 2858 Philosophorum
1092 2788 1183 2857 qui
1239 2787 1498 2842 dicuntur
1553 2788 1839 2855 exoterici,
1894 2790 1984 2845 alii
2029 2791 2109 2863 ig-

524 2898 647 2935 nem
695 2880 1059 2936 substantiam
1090 2878 1487 2934 contenderunt
1520 2880 1736 2943 animae.
1781 2880 1872 2934 alii
1902 2896 2105 2948 aerem,

534 2975 624 3027 alii
665 2973 949 3042 sanguinis
996 2971 1199 3026 fontem
1244 2987 1341 3041 per
1375 2987 1597 3027 carnem
1659 2978 1829 3026 totam
1886 2988 2111 3030 curren-

532 3075 646 3120 tem
683 3081 698 3118 :
738 3065 875 3144 nihil
912 3072 1092 3119 autem
1139 3062 1333 3117 borum
1378 3078 1563 3118 verum
1599 3078 1721 3118 esse
1749 3064 1928 3119 visum
1981 3074 2103 3120 est:

530 3156 807 3225 quomodo
834 3154 982 3210 enim
1014 3161 1160 3210 esset
1196 3154 1288 3224 qui
1320 3153 1548 3209 devorat
1580 3153 1723 3227 ignis
1760 3156 1943 3210 anima
1986 3171 2109 3211 eor-

532 3249 683 3318 poris
723 3248 870 3320 quod
931 3248 1225 3303 devoratur
1286 3248 1356 3302 ab
1398 3247 1539 3317 ipso,
1587 3248 1678 3319 qui
1734 3249 2009 3305 consumit
2055 3258 2111 3305 et

525 3341 789 3404 destruit,
829 3339 1010 3394 anima
1047 3339 1167 3409 ejus
1198 3339 1344 3406 quod
1373 3340 1442 3393 ab
1472 3340 1590 3409 ipso
1620 3339 1960 3397 destruitur?
2006 3340 2113 3397 Sed

527 3447 688 3488 nemo
755 3432 901 3487 dicet
962 3446 1141 3485 aerem
1190 3446 1311 3485 esse
1354 3430 1587 3487 hominis
1627 3433 1863 3487 animam
1900 3448 2115 3505 semper

533 3523 863 3593 respiratum
900 3528 955 3574 et
984 3521 1282 3591 aspiratum
1319 3526 1372 3573 et
1403 3535 1678 3592 nunquam
1706 3522 2112 3593 quiescentem;

537 3609 830 3683 sanguinis
874 3625 1005 3665 vero
1048 3610 1252 3665 lentem
1284 3609 1337 3662 in
1366 3625 1527 3664 omne
1562 3624 1873 3665 currentem
1922 3627 2115 3683 corpo-

539 3705 616 3760 ris
659 3702 965 3758 membrum
1009 3702 1244 3755 animam
1284 3701 1563 3768 arbitrari,
1617 3710 1877 3772 tanquam
1921 3703 2117 3758 absur-

538 3796 827 3851 dissimum
889 3801 944 3849 et
967 3793 1241 3863 stupidum
1275 3792 1517 3847 refutare
1548 3794 1792 3863 negligit.
1827 3813 1846 3846 ι
1876 3794 1983 3849 Sed
2006 3812 2115 3849 non

527 3887 813 3942 harmonia
843 3904 863 3938 ›
891 3893 946 3940 et
980 3900 1101 3955 quae
1133 3893 1457 3953 sequuntur.
1501 3914 1564 3922 —
1593 3882 1698 3939 Sed
1722 3901 1830 3939 non
1860 3886 1997 3955 ipsa,
2036 3887 2120 3941 in-

526 3981 665 4051 quit,
695 3989 779 4036 est
799 3978 1086 4033 harmonia
1125 3976 1516 4032 elementorum
1547 3993 1578 4032 e
1600 3978 1800 4048 quibus
1830 3993 2121 4050 coagmen-

535 4085 709 4129 tatum
733 4080 816 4128 est
836 4088 1062 4143 corpus,
1088 4072 1265 4125 anima
1288 4088 1303 4135 ;
1336 4084 1442 4125 non
1477 4071 1619 4124 enim
1638 4070 1942 4127 substantia
1972 4088 2119 4143 qua:-

528 4163 654 4217 dam
709 4172 794 4218 est
858 4162 1167 4233 producens
1239 4176 1336 4231 per
1391 4176 1451 4215 se
1504 4161 1677 4231 ipsam
1726 4163 2117 4218 elementorum

530 4269 873 4324 compages,
934 4253 1188 4308 accidens
1249 4261 1304 4307 et
1382 4252 1617 4323 qualitas
1681 4254 1990 4310 subsistens
2064 4254 2117 4309 in

531 4346 637 4398 hoe
707 4360 838 4400 casu
907 4353 1055 4400 esset
1108 4346 1320 4411 anima;
1381 4345 1538 4399 aliter
1600 4360 1615 4398 :
1684 4361 1792 4399 non
1865 4362 1971 4399 una
2036 4354 2121 4401 est

530 4438 781 4491 carnium
822 4446 871 4492 et
909 4435 1287 4491 similitudinis
1343 4437 1672 4492 inmortalis
1716 4445 1935 4492 natura.
1972 4437 2118 4504 Quid

529 4531 677 4584 enim
714 4529 781 4584 de
831 4530 990 4584 rebus
1052 4528 1251 4599 saepius
1298 4527 1489 4584 divisis
1536 4529 1607 4584 ab
1658 4528 1890 4584 invicem
1941 4531 2120 4599 quoad

533 4622 936 4678 substantiam?
979 4620 1041 4673 Et
1064 4618 1195 4690 quid
1221 4619 1325 4674 erit
1362 4619 1594 4689 amplius
1621 4619 1777 4674 bonis
1798 4620 1930 4676 viris
1954 4636 2119 4688 supra

532 4725 737 4771 sortem
769 4714 1063 4785 insignium
1100 4714 1155 4767 in
1194 4712 1419 4777 malitia,
1463 4714 1508 4768 si
1538 4728 1643 4767 una
1680 4713 1955 4768 exsistens
1974 4729 2124 4769 com-

535 4822 722 4879 pages,
759 4806 967 4863 scilicet
999 4805 1205 4866 anima,
1239 4805 1353 4858 sive
1378 4805 1615 4874 Optimos
1675 4805 1789 4859 sive
1848 4806 2121 4874 pessimos

534 4899 777 4970 perlicit?
808 4896 1011 4953 Deinde
1043 4911 1225 4951 nonne
1254 4895 1727 4951 irrationabilibus
1762 4897 2118 4953 rationabiles

536 4991 835 5048 secundum
861 4998 1112 5044 naturam
1145 4997 1330 5043 essent
1357 4986 1605 5041 similes?
1640 4984 1936 5042 Harmonia
1968 4990 2115 5043 enim

534 5087 677 5141 sicut
717 5083 771 5138 in
803 5083 1108 5147 hominum,
1141 5082 1213 5135 ita
1237 5087 1292 5135 et
1330 5080 1384 5133 in
1416 5078 1719 5133 belluarum
1791 5081 2117 5149 corporibus

535 5176 786 5232 similiter
814 5172 1189 5243 conspicitur;
1226 5178 1280 5225 et
1308 5171 1465 5239 juxta
1492 5169 1717 5224 verbum
1740 5169 1877 5225 illud
1923 5172 2117 5228 melio-

545 5280 637 5319 res
670 5272 857 5319 essent
884 5279 1075 5319 omnes
1109 5262 1204 5334 qui
1230 5263 1755 5331 coagmentationem
1782 5271 1839 5319 et
1867 5268 2116 5336 corporis

535 5354 875 5408 harmoniam
921 5354 1098 5409 sortiti
1134 5360 1322 5409 essent
1351 5352 1521 5423 magis
1541 5355 1815 5423 egregiam
1844 5364 1898 5410 et
1926 5357 2118 5412 melio-

534 5464 667 5503 rem.
709 5448 802 5503 lsti
827 5447 1042 5518 quidem
1071 5446 1198 5500 talia
1236 5460 1374 5500 vane
1408 5444 1475 5499 de
1525 5447 1705 5499 anima
1762 5448 2113 5505 sermocinati

602 5713 679 5780 (2)
712 5711 1154 5780 Εὶκαιομυθιας.
1208 5706 1273 5762 ν.
1305 5709 1395 5780 με
1417 5708 1545 5780 _ho_c
1582 5706 1849 5763 vocabulo
1876 5708 2101 5766 Hasium

534 5776 796 5837 ad'Leon.
838 5776 992 5852 Diae.
1036 5796 1111 5852 tv,
1143 5794 1198 5849 p.
1229 5778 1335 5852 ιιξς
1367 5776 1459 5852 ed.
1497 5777 1667 5831 Bonn.

607 5853 681 5919 {3)
724 5848 1263 5921 Θεορῤημοσύναις.
1284 5848 1477 5921 Codex;
1497 5862 1710 5921 semper
1736 5864 1844 5906 uno
1878 5851 1995 5910 rho.
2035 5851 2101 5908 γ.

537 5922 682 5977 Bait.
715 5920 920 5978 Comm.
946 5919 1087 5991 ραι,
1114 5936 1167 5990 p.
1200 5920 1306 5975 733
1332 5927 1384 5974 et
1417 5919 1545 5975 788.

1889 331 2185 389 NICETAS
2220 329 2426 386 DAVlD

2184 452 2455 526 μετέθηκε
2482 448 2607 514 νοῦς
2641 448 2737 503 καὶ
2769 448 2868 512 τὰς
2898 446 3006 501 άπδ
3036 443 3145 497 τῶν
3176 440 3283 508 ἐξω
3314 439 3583 513 πρότερον
3611 437 3771 503 δόξας

3665 308 3770 365 688

2196 545 2418 618 προθεὶς
2452 542 2582 615 περὶ
2619 540 2812 612 αὐτῆς,
2846 540 2939 594 καὶ
2975 537 3051 601 ὡς
3090 531 3469 605 είκαιομυθίας
3504 530 3581 602 (Ξ)
3629 530 3770 584 ἀπι-

2195 638 2410 708 λέγξας,
2440 636 2581 689 οὑτω
2605 635 2701 707 τὴν
2734 631 2994 704 ἀληθινὴν
3019 623 3491 699 ἐκκλησιαστικῶς
3522 622 3617 677 καὶ
3643 637 3774 693 γρα-

2196 728 2372 797 φικῶς
2416 724 2724 795 ἀνεκάθηρε
2773 722 2965 789 δόξαν
3021 716 3352 789 ἰσχνοτάτοις
3399 713 3456 766 δὲ
3506 712 3604 765 καὶ
3650 711 3770 763 θεο-

2197 818 2487 882 πνεύστοις
2528 814 2997 887 θεορῥημοσύναις
3030 811 3105 883 (3)
3146 812 3203 863 ἐν
3244 806 3480 879 πρώτοις
3522 802 3773 874 φυσιολο-

2198 911 2310 981 γῶν
2344 909 2486 965 οὑτω
2514 910 2662 977 λέγει
2681 924 2696 939 ·

2198 1004 2224 1058 1
2309 1002 2484 1071 Ψυχὴ
2512 1001 2564 1054 δ’
2593 998 2765 1071 ἐστίν
2794 997 2952 1067 ἇημα
2972 994 3119 1071 βεοῦ
3146 991 3249 1047 καὶ
3274 990 3443 1061 μίξιν
3462 986 3687 1054 ἀνέτλη

2199 1074 2236 1128 2
2308 1066 2565 1141 oman
2594 1066 2877 1140 χθονίοιο,
2909 1066 3027 1121 κτλ.

2271 1166 2481 1235 ’Ὥσπερ
2510 1166 2566 1218 ὲν
2586 1163 2764 1224 ἄλλοις
2797 1158 3073 1231 θεηγορῶν
3094 1159 3122 1211 ὁ
3148 1154 3481 1225 θεοφάντωρ,
3508 1148 3658 1223 παρά
3676 1148 3776 1219 τῆς

2198 1258 2330 1329 ὑλης
2361 1257 2458 1329 μὲν
2487 1254 2550 1309 τὸ
2603 1252 2761 1324 σῶμα
2806 1251 2992 1306 λαϐεῖν
3021 1249 3111 1302 τὸν
3143 1247 3298 1309 Θεὸν,
3332 1246 3461 1316 παρ’
3492 1240 3683 1296 ἐαυτοῦ
3715 1241 3772 1293 δὲ

2198 1349 2365 1421 πνοὴν
2388 1346 2691 1418 ἐνθέμενον,
2721 1343 2910 1415 μικτὸν
2932 1336 3175 1403 θεσπίζει
3200 1337 3289 1390 τὸν
3312 1336 3596 1407 ἄνθρωπον
3615 1332 3774 1403 δημι-

2197 1440 2460 1512 ουργῆσαι
2481 1451 2493 1467 ·
2539 1436 2679 1491 οὑτω
2712 1435 2805 1488 καὶ
2839 1432 2932 1487 νῦν
2958 1431 3047 1485 διὰ
3083 1428 3189 1482 τῶν
3216 1425 3590 1499 προκειμένων
3628 1422 3773 1476 ἰπῶν

2199 1533 2452 1604 θεηγορεί
2479 1531 2576 1602 τὴν
2606 1527 2780 1599 ψυχὴν
2814 1528 2882 1598 ἄη
2893 1543 2967 1597 μα
3000 1519 3140 1577 εἶναι
3179 1519 3314 1574 Θεοῦ
3345 1518 3442 1572 καὶ
3471 1517 3638 1589 πνοὴν
3674 1514 3773 1585 (δι’

2196 1624 2225 1676 δ
2252 1624 2345 1679 iul.
2369 1623 2625 1695 οὐρανίαν
2652 1616 3133 1689 ἀποφαινόμενος),
3167 1612 3463 1683 ἀνατλῆναι
3498 1611 3554 1665 δὲ
3579 1611 3613 1684 ἢ
3646 1610 3777 1663 ἀνα-

2200 1714 2425 1787 σχέσθαι
2449 1715 2550 1785 τὴν
2580 1712 2674 1767 τοῦ
2706 1710 2917 1783 χθονίου
2952 1706 3201 1779 σώματος
3226 1705 3371 1776 μίξιν
3394 1705 3428 1775 ἢ
3456 1703 3777 1774 σύγκρασιν,

2206 1806 2301 1861 καὶ
2330 1806 2519 1876 ὥσπερ
2550 1821 2604 1857 τι
2641 1802 2716 1874 (ι)
2751 1800 2866 1871 φῶς
2900 1799 3084 1871 νοερὸν
3116 1793 3205 1852 οἶα
3238 1795 3485 1868 σπηλαίῳ
3514 1796 3581 1864 τῇ
3617 1794 3781 1864 σαρκὶ

2208 1896 2581 1970 ωγκρυὸῆναι
2623 1894 2716 1949 καὶ
2758 1891 3153 1962 συνενωθῆναι·
3200 1887 3317 1942 ἀλλ’
3342 1890 3490 1957 ὅμως
3524 1884 3643 1938 θεία
3681 1884 3783 1955 τὴν

2206 1992 2369 2063 φύσιν
2396 1987 2553 2059 οὖσα,
2584 1990 2678 2044 καὶ
2705 1988 2971 2050 ἀθάνατος
3000 1985 3098 2040 καὶ
3122 1983 3396 2054 ἄφθαρτος
3418 1980 3584 2043 ὅντως
3610 1978 3778 2033 ἐστίν.

2204 2085 2315 2139 Καὶ
2361 2083 2471 2156 γὰρ
2516 2082 2624 2136 οὐδ’
2673 2075 2763 2152 ἦν,
2799 2078 2985 2149 φησὶν,
3036 2075 3184 2140 ἀξιον
3229 2071 3325 2126 τοῦ
3369 2069 3606 2143 μεγάλου
3646 2064 3784 2120 Θεοῦ

2202 2180 2405 2251 ταύτην
2448 2180 2633 2233 εἰκόνα
2668 2177 3065 2248 τυγχάνουσαν,
3107 2173 3219 2235 τοῖς
3249 2170 3497 2241 ἑρπετοῖς
3532 2164 3626 2219 καὶ
3656 2164 3782 2218 ἀλόη

2204 2291 2321 2343 γοις
2351 2273 2551 2345 ὁμοίως
2582 2272 2837 2343 κτήνεσιν
2869 2266 3269 2336 καταθνήσκειν
3303 2279 3364 2315 τε
3396 2260 3491 2314 καὶ
3527 2258 3786 2329 ἀκόσμως

2205 2367 2542 2431 διαλύεσθαι,
2575 2369 2624 2421 εί
2652 2366 2747 2420 καὶ
2776 2365 2809 2436 ἡ
2843 2359 3086 2433 ἁμαρτία
3128 2357 3330 2428 ταύτην
3356 2354 3667 2420 ἐκϐιάζεται
3695 2351 3789 2404 θα-

2212 2459 2351 2533 νάτῳ
2380 2461 2694 2529 ὑπαγαγεῖν
2723 2457 2820 2512 καὶ
2848 2453 3136 2524 διαφθορᾷ.

2203 2689 2235 2741 7
2312 2688 2460 2744 Οὔτε
2488 2686 2676 2755 πυρὸς
2703 2681 2985 2755 μαλεροῖο
3009 2680 3085 2752 (5)
3108 2678 3279 2733 πέλει
3306 2679 3493 2747 φύσις
3512 2718 3526 2741 ,
3560 2677 3681 2731 κτλ.

2275 2799 2396 2854 Τῶν
2422 2796 2762 2869 ἐξωτερικῶν
2780 2793 3090 2863 φιλοσόφων
3118 2789 3424 2861 λεγομένων
3450 2789 3500 2841 οἱ
3536 2787 3637 2859 μὲν
3665 2786 3785 2857 πῦρ

2205 2893 2305 2962 τὴν
2337 2891 2523 2946 οὑσίαν
2574 2889 2840 2961 ὑπάρχειν
2873 2885 3222 2954 ἀπεφήναντο
3256 2881 3357 2952 τῆς
3399 2879 3580 2951 ψυχῆς
3600 2918 3616 2944 ,
3650 2880 3698 2933 oi
3734 2879 3791 2932 δὲ

2208 2985 2368 3059 ἀέρα,
2394 2983 2547 3038 ἄλλοι
2570 2981 2629 3035 δὲ
2659 2980 2891 3051 αἵματος
2932 2974 3089 3047 χύσιν
3119 2975 3300 3028 πᾶσαν
3330 2973 3433 3043 τὴν
3461 2972 3643 3044 σάρκα
3667 2971 3788 3024 δια-

2213 3078 2513 3149 τρέχουσαν
2529 3091 2542 3105 ·
2577 3072 2727 3126 οὐδὲν
2747 3071 2803 3123 δὲ
2826 3068 3031 3122 τούτων
3053 3065 3229 3119 ἔοικεν
3255 3063 3454 3135 ἀληθὲς
3476 3059 3613 3116 εἶναι
3632 3081 3647 3095 ·
3675 3061 3793 3123 πῶς

2217 3172 2325 3242 γὰρ
2370 3169 2435 3223 ἂν
2465 3166 2560 3219 καὶ¹
2594 3164 2680 3233 εἴη
2719 3162 2782 3215 τὺ
2829 3160 3028 3213 δάπτον
3067 3156 3166 3211 τοῦ
3197 3154 3561 3226 δαπτομένου,
3593 3152 3654 3206 τὸ
3692 3168 3795 3222 μα-

2217 3260 2468 3337 ραντικὺν
2510 3256 2604 3311 καὶ
2646 3253 2974 3325 λυμαντικὸν
3015 3250 3130 3321 πῦρ
3168 3248 3262 3302 τοῦ
3314 3244 3670 3318 φθειρομένου
3699 3242 3793 3297 ὑπ’

2215 3335 2378 3409 αὑτοῦ
2420 3348 2671 3419 σώματος
2709 3346 2888 3416 dium;
2936 3343 3075 3396 Ἀλλ’
3114 3341 3222 3395 οὐδ’
3246 3340 3312 3394 ἂν
3353 3340 3445 3392 τὸν
3488 3338 3627 3407 ἀέρα
3656 3335 3795 3406 φαίη

2212 3463 2297 3507 τις
2325 3440 2613 3514 ἀνθρώπου
2643 3437 2840 3508 ψυχὴν,
2886 3437 2973 3489 ἀεὶ
3017 3432 3430 3502 ἀποπνεόμενόν
3459 3447 3517 3483 τε
3561 3428 3656 3483 καὶ
3685 3429 3795 3480 είσ-

2215 3537 2509 3607 πνεόμενον
2544 3532 2640 3586 καὶ
2663 3528 2973 3601 ἠρεμοῦντα
3037 3525 3327 3598 μηδέποτεο
3360 3526 3589 3593 αἵματος
3614 3521 3671 3575 δέ
3701 3521 3795 3592 χύ-

2218 3646 2300 3681 σιν
2334 3625 2428 3680 έπὶ
2473 3624 2581 3678 πᾶν
2624 3620 3012 3691 διατρέχουσαν
3064 3615 3225 3686 μέλος
3268 3613 3362 3668 τοῦ
3396 3612 3649 3683 σώματος
3698 3611 3796 3681 τὴν

2214 3719 2390 3791 ψυχὴν
2414 3719 2681 3778 ὑπονοεῖν,
2706 3715 2783 3777 ὡς
2811 3710 3151 3779 ἀλογώτατον
3171 3707 3232 3761 ὃν
3256 3707 3351 3761 καὶ
3368 3704 3639 3777 κτηνῶδες
3664 3721 3798 3774 παρ·

2220 3810 2361 3880 ίησιν
2389 3808 2626 3877 ἐλέγξαι.
2669 3824 2687 3856 ι
2722 3804 2861 3858 Ἀλλ’
2890 3801 3001 3855 οὐδ’
3033 3798 3267 3873 ἁρμονίη
3298 3818 3318 3850 ι
3359 3816 3417 3852 κ.
3452 3815 3502 3850 τ.
3535 3798 3618 3863 ἐξ.
3658 3795 3795 3850 Ἀλλ’

2216 3899 2325 3953 οὐδ’
2354 3898 2422 3953 ἂν
2456 3898 2616 3962 αὑτὴ,
2654 3892 2841 3967 φησιν,
2886 3894 2920 3964 ή
2959 3891 3068 3945 τῶν
3112 3890 3388 3960 στοιχείων
3432 3888 3689 3960 ἁρμονία,
3737 3886 3798 3953 ἐξ

2217 3989 2292 4046 ὧν
2320 3991 2381 4044 τὸ
2411 3990 2571 4061 σῶμα
2618 3987 2981 4057 καθεστήκοι,
3024 3984 3204 4057 ψυχή’
3257 3983 3318 4036 οὑ
3369 3982 3477 4053 γάρ
3519 3980 3676 4034 οὑσία
3716 3979 3798 4042 τίς

2220 4088 2368 4139 ἐστιν
2397 4080 2688 4152 ὑφεστῶσα
2716 4079 2839 4132 καθ’
2863 4078 3034 4148 αὐτὴν
3065 4080 3101 4149 ἠ
3132 4078 3240 4130 τῶν
3270 4074 3547 4145 στοιχείων
3578 4074 3797 4144 κρᾶσις,

2220 4172 2564 4246 ωμὸεὸηκὸς
2588 4171 2643 4224 δὲ
2663 4171 2757 4224 καὶ
2785 4169 3007 4238 ποιότης
3032 4164 3185 4230 οὖσα,
3211 4165 3405 4220 οὔκουν
3431 4166 3497 4220 ἂν
3518 4166 3604 4236 εἴη
3628 4165 3799 4236 ψυχή·

2219 4266 2392 4328 ἄλλως
2438 4281 2497 4317 τε
2553 4263 2613 4315 οὐ
2674 4264 2773 4333 μία
2835 4260 3053 4332 σαρκῶν
3107 4262 3222 4325 ἐστι
3272 4258 3434 4327 φύσις
3484 4258 3580 4311 καὶ
3626 4257 3800 4318 εἴδους

2220 4351 2511 4407 ἀθανάτου.
2530 4350 2657 4414 Πῶς
2684 4350 2793 4421 γὰρ
2838 4350 2907 4402 τὰ
2935 4349 3172 4419 πλείστῳ
3201 4348 3321 4401 κατ’
3348 4347 3536 4400 οὑσίαν
3560 4344 3800 4416 ἀλλήλων

2220 4441 2486 4497 διεστῶτα
2523 4459 2537 4507 ;
2594 4442 2648 4494 τί
2710 4440 3003 4494 δὲ’πλεῖον
3048 4439 3200 4492 ἐσται
3262 4441 3375 4501 τοῖς
3423 4438 3648 4507 ἀγαθοῖς
3690 4438 3800 4490 τῶν

2222 4534 2639 4605 ἐπισημοτάτων
2682 4532 2739 4585 ἐν
2772 4532 2961 4604 κακίᾳ,
2986 4526 3060 4584 ὧν
3090 4531 3187 4602 μία
3216 4526 3353 4584 οὖσα
3379 4531 3598 4602 κρᾶσις,
3633 4530 3801 4601 ήγουν

2224 4627 2392 4698 ψυχὴ,
2445 4625 2480 4697 ἢ
2521 4624 2799 4698 κρείττους
2842 4624 2876 4694 ἢ
2929 4624 3146 4695 χείρους
3178 4622 3541 4689 ἀπετέλεσεν;
3591 4622 3708 4686 πῶς
3754 4623 3801 4676 δ’

2222 4720 2343 4790 οὑχὶ
2375 4720 2470 4773 καὶ
2509 4720 2621 4781 τοῖς
2659 4717 2870 4785 ἀλόγοις
2914 4717 2964 4769 οἱ
3009 4715 3218 4784 λογικοὶ⁵
3254 4714 3395 4769 κατὰ
3426 4713 3588 4784 φύσιν
3620 4711 3727 4769 εῐεν
3753 4718 3802 4769 οί

2223 4809 2412 4873 αὑτοί;
2451 4810 2486 4879 ή
2533 4807 2768 4879 ἁρμονία
2811 4806 2940 4877 γὰρ,
2987 4803 3174 4876 ῶσπερ
3206 4807 3319 4869 τοῖς
3366 4803 3670 4878 ἀνθρώπων
3698 4804 3804 4857 adh

2214 4918 2409 4973 μασιν,
2440 4899 2583 4953 οὓτω
2621 4899 2716 4951 καὶ
2744 4900 2856 4961 τοῖς
2888 4897 2994 4953 τῶν
3024 4896 3233 4965 ἀλόγων
3268 4895 3469 4964 ὁμοίως
3497 4895 3749 4967 ἐνορᾶται
3782 4909 3797 4921 ο

2216 4990 2360 5045 κατά
2385 4991 2441 5044 δὲ
2469 4990 2655 5043 τοῦτον
2683 4990 2774 5043 τὸν
2806 4989 2964 5057 λόγον
2986 4989 3078 5042 καὶ
3107 4988 3305 5051 πάντες
3329 4986 3396 5041 ἂν
3421 4984 3531 5041 εἷεν
3557 4984 3798 5057 βελτίους

2219 5086 2268 5137 oi
2291 5085 2541 5155 κράσεως
2574 5082 2670 5137 καὶ
2705 5084 2969 5153 ἁρμονίας
2997 5084 3265 5154 σωμάτων
3295 5079 3675 5152 εὐμοιροῦντες
3706 5078 3800 5131 εὐ-

2222 5171 2528 5243 φυεστέρας
2560 5172 2656 5224 καὶ
2697 5171 2998 5242 ἀμείνονος.
3034 5172 3105 5223 Oi
3138 5171 3245 5241 ,μὲν
3275 5166 3373 5224 οὖν
3410 5166 3637 5221 τοιαῦτα
3671 5165 3800 5235 περὶ

2220 5264 2398 5334 ψυχῆς
2436 5263 2835 5335 ἐκενολόγησαν
2862 5281 2874 5295 ·
2930 5264 3082 5318 ἄλλοι
3124 5263 3184 5316 δὲ
3223 5262 3295 5317 τὰ
3324 5262 3469 5334 ζωῆς
3513 5262 3680 5325 αἴτια,
3721 5252 3798 5311 ὧν

2223 5357 2470 5410 ἀπόντων
2501 5359 2533 5427 ἡ
2560 5355 2706 5429 ψυχὴ
2747 5358 2808 5411 τὸ
2837 5357 2997 5426 σῶμα
3026 5356 3344 5410 καταλείπει
3376 5354 3567 5427 νεκρὸν
3589 5394 3605 5414 ,
3646 5352 3798 5406 ταῦτ’

2224 5443 2361 5501 εἶναι
2385 5447 2562 5519 ψυχὴν
2584 5448 2870 5521 ἀνθρώπου
2902 5449 3242 5520 διωρίσαντο.
3292 5467 3311 5501 ι
3332 5449 3513 5522 Φορδὴ
3539 5448 3584 5501 δ’
3610 5445 3805 5501 οὔποτέ

2286 5716 2362 5785 (4)
2402 5715 2627 5784 Ὥσπερ
2659 5734 2734 5771 τι.
2778 5715 2875 5771 Sic
2904 5716 3111 5772 Codex.
3145 5716 3212 5771 ν.
3245 5716 3471 5772 Godofr.
3509 5715 3687 5772 Herm:
3707 5730 3807 5771 nm

2212 5783 2305 5858 lib.
2335 5784 2412 5840 De
2434 5787 2769 5858 emend._rat.
2802 5785 2899 5846 Gr.
2930 5788 3051 5852 Gn,
3082 5804 3135 5858 p.
3165 5788 3256 5853 70,
3282 5790 3483 5844 etCar.
3508 5789 3802 5857 Goettling.

2212 5856 2289 5910 De
2317 5867 2519 5927 necent.
2554 5858 2589 5910 ι.
2630 5854 2748 5922 Gn,
2781 5874 2834 5927 p.
2873 5859 2944 5912 85
2974 5860 3061 5914 ed.
3082 5854 3207 5913 ’sec.

2293 5925 2369 5996 (5)
2405 5926 2528 5994 Πῑιρ
2552 5925 2838 5998 μαλερόίρ.
2872 5927 2937 5983 ν.
2973 5927 3130 5997 Ilias,
3167 5945 3243 6000 Ix,
3282 5928 3408 5984 2η.
