4182 6362
348 456 456 515 689

350 590 455 638 σοι,
488 592 506 625 ι
536 575 629 627 καὶ
658 573 802 646 ἑξῆς·
821 576 889 641 si,
918 568 991 629 ὧν
1012 576 1277 642 ἀπόντων,
1300 577 1588 651 ἄνθρωπος
1618 579 1923 648 σϐέννυται,

348 662 508 717 τοῦτό
534 665 680 719 ἐστιν
703 664 855 737 αὐτῷ
876 666 1043 738 ψυχὴ,
1073 667 1193 740 ῶρα
1222 686 1304 721 σοι
1335 665 1435 738 τὴν
1466 671 1764 741 ἡμερήσιον
1800 689 1927 742 τρο-

350 753 457 824 φὴν
501 755 679 828 ψυχὴν
730 760 961 812 σεαυτοῦ
1013 761 1346 815 ἀποκαλεῖν·
1404 760 1597 832 θνητὸν
1638 762 1747 837 γὰρ
1775 764 1925 829 ὄντα,

348 851 554 921 τροφῆς
599 854 730 927 ἄτερ
776 856 1054 927 ἀμήχανον
1105 860 1419 913 παντάπασι
1472 860 1616 931 ζῆν’
1663 858 1777 911 εστι
1819 857 1926 929 γὰρ

350 944 512 996 παντὶ
534 945 656 1016 ζώῳ
680 950 1050 1022 συντηρητικὴ
1080 949 1309 1022 δύναμις
1342 954 1376 1023 ἡ
1411 952 1708 1023 ἡμερήσιος
1738 948 1924 1019 ἐδωδή-

1374 459 1441 514 ῙΝ
1472 459 1780 515 CARMINA
1808 460 2091 518 ARCANA:
2124 458 2182 516 S.
2220 458 2574 517 GREGOR".

3500 454 3606 512 690

2030 580 2192 649 sunt;
2218 579 2309 635 alii
2338 594 2489 641 vero,
2512 576 2778 646 principia
2798 576 2941 637 vitae,
2971 575 3175 645 quibus
3203 571 3607 636 deﬁcientibus,

2035 673 2217 727 anima
2246 683 2447 740 corpus
2478 668 2745 739 delinquit
2775 666 3203 730 mortuum,ha:c
3224 679 3347 719 esse
3374 662 3609 717 hominis

2036 765 2273 819 animam
2331 763 2755 817 allirmaverunt.
2814 779 2839 811 ι
2881 759 3015 814 Esca
3076 772 3206 813 vero
3263 769 3607 826 nequaquam

2034 858 2132 913 tibi
2176 875 2195 909 ι
2229 863 2284 913 et
2315 872 2432 927 seq.
2456 885 2527 896 —
2561 855 2618 909 Si
2645 854 2845 925 quibus
2874 851 3254 907 deﬁcientibus
3288 851 3448 903 homo
3509 864 3610 902 ex-

2033 949 2227 1019 epirat,
2262 950 2367 1004 ista
2401 955 2529 1004 sunt
2565 947 2669 1017 ipsi
2711 944 2912 1008 anima,
2948 943 3084 997 hora
3114 943 3210 997 tibi
3233 940 3608 1013 quotidianum

352 1050 547 1104 panem
590 1040 827 1094 animam
877 1053 1027 1096 tuam
1069 1058 1268 1097 vocare
1316 1059 1329 1095 :
1382 1043 1633 1098 mortalis
1676 1043 1822 1097 enim
1866 1055 1993 1095 cum
2039 1042 2139 1105 sis,
2172 1040 2381 1111 absque
2410 1040 2670 1093 alimento
2704 1034 3042 1107 impossibile
3079 1033 3302 1089 omnino
3331 1031 3430 1085 tibi
3460 1030 3609 1084 vive-

349 1143 441 1185 re:
471 1143 597 1183 nam
619 1132 769 1186 omni
797 1133 1019 1187 animali
1063 1135 1445 1190 conservatrix
1478 1144 1563 1199 est
1591 1147 1768 1190 Virtus
1800 1134 2156 1205 quotidianus
2194 1133 2396 1188 victus.

351 1239 424 1292 ἓξ
462 1235 606 1293 οἴδα
628 1240 697 1294 δὲ
726 1242 823 1295 καί
856 1246 1044 1313 λόγον
1072 1242 1290 1308 ἄλλον,
1322 1243 1440 1298 κτλ.

425 1346 576 1419 Οἶδα,
619 1355 771 1423 φησὶ,
820 1355 915 1408 καὶ
957 1355 1153 1427 ἕτερον.
1178 1355 1354 1427 δόγμα
1382 1356 1631 1422 παλαιὸν,
1678 1355 1773 1409 καὶ
1817 1357 1930 1419 τοῖς

353 1445 520 1499 πάλαι
548 1447 690 1517 μέγα
716 1447 1002 1519 φρονοῦσιν
1025 1448 1119 1501 ἐπὶ
1150 1449 1311 1520 σοφίᾳ
1336 1450 1767 1521 ληρῳδούμενονο
1793 1448 1930 1521 ὅπερ

352 1538 454 1591 οὐκ
478 1537 543 1591 ἂν
564 1538 1045 1611 καταδιδαξαίμην,
1070 1542 1274 1594 εἰκαῖον
1400 1541 1493 1594 καὶ
1515 1540 1825 1611 ὑπόψυχρον
1845 1541 1925 1594 δν.

353 1629 494 1682 Φασὶ
540 1629 647 1702 γὰρ
692 1632 1066 1703 προϋπάρχειν
1101 1631 1328 1686 καθόλου
1367 1634 1475 1687 τῶν
1504 1633 1804 1706 ἀνθρώπιον
1832 1637 1929 1706 τὴν

354 1721 553 1793 ψυχὴν,
579 1723 673 1776 καὶ
694 1723 901 1794 ταύτην
922 1724 1106 1794 κοινὴν
1132 1720 1290 1791 εἶναι,
1314 1725 1455 1779 καθά
1477 1726 1584 1780 τῶν
1608 1727 1934 1798 σωματικῶν

356 1811 639 1882 στοιχείων
665 1812 894 1866 ἕκαστον
920 1814 1087 1866 πᾶσιν
1115 1813 1421 1883 ἀνθρώποις
1442 1815 1582 1869 κατὰ
1602 1814 1701 1885 τὴν
1722 1817 1935 1885 γένεσιν

355 1902 843 1973 ἐπιμεριζομένην,
876 1902 943 1956 δι’
972 1904 1092 1957 ὅλου
1124 1904 1182 1956 δὲ
1209 1905 1303 1958 τοῦ
1336 1906 1473 1978 ὑπ’ὲρ
1504 1906 1745 1979 κεφαλῆς
1775 1909 1935 1979 ἀέρος

358 1992 723 2066 πλανωμένην
768 1995 863 2049 καὶ
898 1996 996 2065 τῆς
1026 1995 1165 2067 πρὸς
1192 1996 1261 2050 τὰ
1301 1996 1529 2069 σώματα
1567 1999 1761 2065 δέσεως
1788 2001 1937 2071 ἐφιε-

357 2085 548 2154 μένην.
590 2087 654 2139 Εί
684 2086 741 2140 δὲ
767 2086 925 2141 τοῦτο
954 2086 1155 2158 δοθείη,
1182 2089 1362 2142 πᾶσαν
1395 2086 1534 2145 εἶναι
1564 2091 1743 2164 ψυχὴν
1762 2094 1939 2165 ὁμοιό-

356 2191 571 2245 τροπον,
602 2177 677 2240 ὡς
710 2178 783 2248 μὴ
805 2179 903 2249 τὴν
932 2179 1029 2250 μὲν
1059 2176 1273 2248 βελτίω,
1297 2180 1396 2251 τὴν
1422 2181 1477 2234 δὲ
1506 2182 1693 2254 χείρω,
1722 2184 1815 2238 καὶ
1836 2184 1938 2255 τὴν

361 2267 460 2338 μὲν
498 2268 713 2323 εὐθεῖαν
752 2271 1235 2343 ἁνωμολογῆσθαι,
1276 2273 1376 2346 τὴν
1413 2274 1470 2328 δὲ
1507 2274 1804 2347 δύστροπον
1843 2278 1937 2330 καὶ

358 2361 598 2426 σκολιὰν,
616 2362 690 2426 ὡς
707 2364 867 2436 ἀέρος
886 2365 943 2418 δὲ
966 2366 1126 2435 φύσιν
1147 2368 1504 2438 εἰσπνευστήν
1521 2383 1579 2421 τε
1594 2368 1689 2421 καὶ
1708 2370 1938 2422 ἐκπνευ-

359 2453 490 2525 στὴν
517 2456 654 2508 πᾶσι
686 2455 896 2528 βροτοῖς
926 2458 1257 2513 καθεστάναι
1284 2461 1385 2532 τὴν
1416 2461 1606 2532 αὐτὴν,
1641 2463 1839 2525 πάντες
1879 2462 1938 2516 δὲ

355 2546 572 2601 ἔσονται
592 2551 745 2615 πᾶσι,
772 2552 867 2604 καὶ
891 2550 972 2605 ἔτι
1002 2552 1201 2618 ζῶντες
1229 2556 1287 2607 ἐν
1311 2552 1545 2624 σώματι,
1570 2555 1663 2609 καί
1685 2572 1747 2623 γε
1772 2572 1939 2625 μετα-

358 2640 631 2705 πνέοντες,
662 2641 839 2695 εἷτουν
866 2643 1240 2709 ἀποϐιοῦντες,
1264 2645 1465 2709 πάντες
1488 2648 1547 2699 ἐν
1569 2647 1704 2699 πᾶσι
1726 2647 1938 2701 κεῖσθαι

359 2730 841 2803 ὑπονοηθήσονται,
872 2733 949 2805 τῷ
983 2734 1108 2805 μίαν
1137 2734 1341 2788 οἴεσθαι
1370 2734 1476 2789 τῶν
1502 2735 1637 2789 ὅλων
1669 2736 1936 2808 ὑπάρχειν

356 2823 536 2894 ψυχήν
556 2841 567 2853 ·
593 2827 627 2892 ή
648 2825 787 2897 αὑτὴ
810 2826 886 2889 δὲ,
914 2826 1069 2896 φησὶ,
1094 2826 1188 2879 καὶ
1209 2825 1303 2879 τοῦ
1330 2826 1490 2898 ἀέρος
1517 2827 1754 2899 ὑπάρχει
1782 2828 1938 2898 ῥύσις

358 2913 533 2968 ἄλλοτ’
556 2916 613 2968 ἐν
634 2914 815 2980 ἄλλοις
839 2916 1201 2987 διαχυνομένη
1226 2915 1430 2980 τόποις.
1466 2917 1530 2969 Ei
1555 2916 1611 2969 δὲ
1636 2915 1833 2985 λέγοις,
1862 2916 1938 2978 ὡς

356 3007 454 3076 οὐχ
485 3006 656 3071 οὕτως
688 3010 720 3078 ὴ
753 3007 897 3079 ψυχὴ
931 3011 1105 3079 χεῖται
1132 3008 1321 3079 ὥσπερ
1351 3010 1379 3061 ό
1406 3007 1534 3080 ἀὴρ,
1564 3010 1622 3060 ἐν
1649 3008 1730 3061 ἐνὶ
1753 3007 1807 3061 δὲ
1843 3007 1939 3061 καὶ

357 3096 436 3168 τῷ
467 3097 615 3168 αὑτῷ
645 3097 809 3171 χώρῳ
848 3098 1113 3169 διαμένει,
1150 3097 1494 3169 πυνθάνομαί
1542 3114 1601 3151 σε
1645 3097 1850 3163 λοιπὸν,
1887 3096 1940 3150 τί

361 3189 459 3261 μὲν
484 3191 614 3261 παρ’
644 3192 812 3262 ἑαυτῇ
847 3190 1085 3262 μένουσα
1111 3189 1396 3259 κατέσχεν,
1426 3187 1480 3241 τί
1508 3188 1564 3241 δὲ
1600 3188 1660 3241 τὺ
1692 3191 1804 3252 τοῖς
1835 3205 1940 3260 μη-

359 3280 554 3353 τρῴοις
586 3281 917 3352 σπλάγχνοις
948 3282 1384 3352 ζωογονούμενον
1410 3282 1444 3352 ἦ
1479 3280 1936 3353 κυοφοροόμενον.

360 3374 424 3426 Ei
460 3373 569 3445 γὰρ
612 3374 770 3437 ἐκτός
807 3391 876 3444 με
918 3370 1083 3427 οὖσαν
1121 3372 1532 3445 ἀπολελυμένην
1563 3372 1658 3426 τοῦ
1690 3372 1940 3444 σώματος

359 3467 457 3518 καὶ
495 3465 788 3536 ἐλευθέραν
828 3467 1018 3537 φήσειε
1056 3466 1217 3535 τυχὸν
1243 3468 1277 3536 ὴ
1308 3464 1476 3536 ψυχὴ,
1505 3467 1538 3536 ὴ
1570 3465 1754 3537 μήτηρ
1791 3466 1942 3537 μερί-

361 3573 501 3611 σασα
537 3556 883 3628 προὲσπασεν
916 3557 950 3628 ἢ
986 3557 1394 3629 προεσπάσατο,
1427 3558 1481 3611 τί
1514 3558 1615 3629 μὲν
1646 3556 1773 3628 ἔσχε
1817 3557 1940 3612 καθ’

360 3650 522 3703 ἐαυτδ
556 3650 738 3721 μένον,
768 3650 821 3702 τί
850 3649 907 3703 δὲ
937 3651 999 3703 τὸ
1025 3651 1083 3703 ἐν
1113 3648 1332 3714 κόλποις
1360 3650 1529 3721 αὐτῆς
1571 3649 1700 3716 ζῶν,
1738 3650 1831 3704 καὶ
1862 3653 1943 3715 είς

358 3742 452 3796 τὸν
487 3740 758 3795 ἐπώδυνον
801 3742 914 3813 βίον
946 3744 1041 3798 καὶ
1078 3743 1414 3817 πολύμοχθον
1446 3746 1763 3817 ἐρχόμενον.
1795 3747 1858 3800 Εἰ
1885 3746 1943 3801 δέ

359 3850 427 3902 γε
456 3835 519 3887 σὺ
548 3834 753 3905 ταύτην
784 3835 880 3889 καὶ
912 3835 1151 3890 πλεόνων
1181 3836 1387 3890 τέκνων
1418 3840 1630 3908 μητέρα
1659 3837 1939 3909 ὑποθείης,

359 3926 665 3998 τετίμηκας
712 3927 906 3998 ἄτιμον
944 3927 1132 4000 τιμὴν,
1167 3928 1407 3982 πλεόνων
1435 3928 1622 3999 ψυχῶν
1664 3931 1786 3993 ταῖς
1814 3928 1942 3982 δυσ-

362 4019 601 4091 χερείαις
638 4018 734 4073 τοῦ
775 4018 893 4091 βίου
926 4022 1023 4075 καὶ
1048 4022 1442 4093 ταλαιπωρίαις
1466 4021 1812 4087 δακνομένων
1848 4023 1943 4077 καὶ

362 4110 739 4184 κολαζομένων
768 4112 948 4168 αἰτίαν
971 4112 1174 4184 ταύτην
1209 4112 1551 4177 ἀποδεικνύς.

361 4246 433 4301 32
471 4248 555 4301 Οὐ
597 4246 866 4302 πινυτῶν
902 4247 1005 4301 ὅδε
1038 4248 1251 4318 μῦθος,
1292 4248 1795 4391 ἐτώσιαῶτῖίγνια
1818 4250 1944 4373 ὶῖϐίω

1262 4360 1269 4363 «
1615 4338 1716 4386 ων,
1749 4338 1814 4373 κτ
1854 4361 1866 4374 .

1615 4338 1716 4386 ων,
1749 4338 1866 4374 κτλ.

435 4444 603 4514 Οὗτος
638 4453 757 4522 μὲν,
791 4452 977 4523 φησὶν,
1013 4454 1041 4507 ό
1074 4454 1232 4524 λόγος
1269 4456 1299 4508 ὁ
1346 4455 1475 4525 μίαν
1522 4457 1633 4519 τοῖς
1677 4455 1820 4519 ὅλοις
1848 4458 1943 4511 ἀν-

363 4541 604 4613 θρώποις
650 4543 1128 4615 ἐπιμεριζόμενος,
1159 4545 1237 4609 ὡς
1266 4544 1500 4616 εἴρηται,
1542 4545 1739 4617 ψυχὴν,
1773 4548 1945 4618 ἀφρο-

364 4635 531 4703 σύνης
561 4635 655 4688 καὶ
684 4636 872 4699 ἀνοίας
903 4637 1125 4706 μεστός·
1169 4636 1369 4691 ἐτώσια
1401 4636 1457 4690 δὲ
1486 4638 1579 4690 καὶ
1614 4638 1819 4709 μάταια
1849 4640 1944 4693 καὶ

365 4724 702 4797 παιδαριώδη
754 4730 982 4795 παίγνια
1030 4726 1228 4797 βίϐλων
1275 4713 1665 4784 ἀνατάττονται
1697 4732 1794 4786 καὶ
1829 4734 1942 4787 ὅσοι

365 4816 539 4871 πολλὰ
569 4815 799 4887 σώματα
829 4819 971 4873 κατὰ
988 4821 1115 4883 τοὺς
1140 4819 1287 4889 βίους
1307 4821 1419 4874 τῶν
1446 4822 1688 4875 παλαιῶν
1710 4824 1942 4893 ἀνδρῶν,

363 4909 589 4977 ἀγαθῶν
620 4926 678 4963 τε
702 4908 799 4963 καὶ
827 4910 1033 4974 κακῶν,
1063 4912 1097 4981 ἢ
1127 4912 1193 4964 δι’
1223 4913 1551 4983 ἀντάμειψιν
1583 4915 1784 4986 ἀρετῆς
1816 4915 1848 4986 ἢ
1878 4918 1945 4969 δι’

366 5000 641 5072 ἁμαρτίας
709 5001 907 5074 ποινὴν
976 5003 1107 5074 μίαν
1167 5006 1263 5057 καὶ
1328 5004 1426 5076 τὴν
1476 5006 1645 5079 αὐτὴν
1699 5007 1947 5077 ἀμείϐειν

367 5093 626 5161 ἐδόξασαν
650 5094 858 5165 ψυχήν.
904 5094 1172 5168 Καθάπερ
1200 5096 1308 5168 γὰρ
1340 5097 1513 5169 ἄνδρα
1548 5099 1671 5152 τινὰ
1711 5101 1949 5170 ἱματίοις

368 5186 831 5257 περιστέλλοντες,
856 5189 951 5241 καὶ
977 5182 1132 5251 αὖθις
1152 5189 1411 5258 ἀκόσμως
1434 5191 1829 5260 μετενδόοντες,
1856 5193 1950 5247 καὶ

369 5276 478 5331 ἀπὸ
506 5278 666 5333 ἄλλου
708 5279 957 5352 σώματος
995 5280 1074 5344 είς
1120 5280 1267 5343 ἄλλο,
1305 5281 1405 5333 οὐκ
1437 5283 1722 5355 ἀνθρώπου
1763 5286 1940 5356 μόνον.

368 5368 506 5422 ἀλλὰ
532 5370 627 5424 καὶ
649 5369 789 5436 ζώου
814 5371 1011 5439 ἀλόγου
1044 5370 1333 5439 καὶνφυτοῦ
1363 5372 1525 5427 πάλιν
1562 5374 1723 5446 σῶμα
1752 5392 1949 5448 μεταγ-

370 5460 614 5525 γίζοντες
660 5461 758 5534 τὴν
808 5462 1017 5534 ψυχὴν,
1069 5463 1164 5517 καὶ
1204 5461 1346 5518 οὕτω
1397 5466 1804 5535 κενολογοῦντες
1853 5470 1947 5524 καὶ

375 5553 578 5623 μάταια
606 5554 897 5628 ληροῦντες
923 5556 985 5610 οὐ
1023 5555 1297 5611 συνιοῦσιν
1316 5576 1330 5589 ο
1378 5560 1473 5614 καὶ
1499 5559 1689 5633 ὥσπερ
1726 5564 1817 5617 τὸν
1846 5581 1949 5617 πα-

370 5642 521 5695 λαιὸν
560 5644 766 5698 ἐκεῖνον
814 5644 1001 5712 Ἰξίονα
1045 5647 1095 5699 oi
1144 5644 1304 5717 μῦθοι
1343 5648 1671 5705 πλάττουσιν
1702 5654 1782 5717 είς
1827 5653 1949 5709 θεὸν

372 5737 767 5808 ἡμαρτηκότα,
800 5738 981 5810 τροχῷ
1013 5736 1376 5809 ὲνειρόμενον,
1418 5741 1513 5796 καὶ
1552 5742 1761 5808 ἀενάως
1790 5743 1867 5817 (7)
1893 5746 1951 5799 ἐν

447 5916 525 5990 (ϐ)
566 5916 698 5974 Cod.
730 5922 971 5978 δίκαιον.

2032 1244 2104 1298 22
2147 1243 2285 1299 Novi
2309 1256 2360 1298 et
2386 1245 2549 1298 aliam
2581 1244 2912 1309 sententiam,
2938 1251 3044 1297 etc.

2102 1357 2259 1423 Novi,
2285 1358 2381 1421 ait,
2432 1367 2485 1413 et
2531 1358 2694 1411 aliam
2728 1356 3053 1412 sententiam
3076 1361 3335 1418 veterem,
3375 1360 3430 1409 et
3475 1354 3606 1408 olim

2032 1450 2476 1522 superbientibus
2512 1450 2566 1504 in
2596 1448 2868 1519 sapientia
2908 1448 3140 1504 usitatas
3188 1446 3444 1517 ineptias,
3466 1460 3606 1515 quas

2031 1553 2180 1599 certe
2217 1558 2330 1598 non
2378 1541 2656 1604 docerem,
2698 1540 2899 1611 quippe
2928 1538 3073 1610 quod
3111 1546 3196 1594 est
3245 1536 3614 1592 inconsidera.

2030 1643 2169 1698 tum,
2231 1632 2547 1702 nulliusque
2611 1631 2790 1701 pretii.
2848 1630 3017 1685 Aiunt
3043 1630 3189 1685 enim
3219 1643 3442 1699 prorsus
3470 1643 3613 1698 pne-

2036 1725 2303 1781 exsistere
2332 1725 2569 1779 animam
2599 1723 2903 1789 hominum,
2954 1723 3237 1794 ipsamque
3265 1736 3610 1776 communem

2036 1817 2425 1872 elementorum
2451 1831 2838 1887 corporeorum
2880 1815 3111 1887 singulis
3150 1830 3292 1879 esse,
3346 1813 3608 1869 omnibus

2036 1906 2349 1961 hominibus
2370 1908 2424 1961 in
2445 1907 2533 1962 die
2550 1906 2848 1965 nativitatis
2867 1905 3120 1971 divisam,
3142 1913 3329 1975 utpote
3365 1918 3487 1975 qua:
3515 1917 3609 1973 per

2037 2013 2163 2053 aera
2191 1997 2392 2066 ubique
2425 2012 2591 2067 supra
2618 2006 2781 2068 caput
2814 1994 3009 2052 diffusa
3063 2004 3119 2052 et
3161 1996 3460 2066 junctionis
3487 2008 3611 2049 cum

2037 2076 2361 2160 Corporibus
2398 2090 2576 2145 avida.
2611 2089 2767 2156 Quod
2794 2090 2841 2145 si
2867 2089 3048 2154 detur,
3086 2103 3302 2143 omnem
3332 2101 3453 2143 esse
3481 2086 3606 2140 ani-

2038 2195 2178 2234 mam
2221 2196 2432 2236 morum
2490 2182 2828 2246 earumdem,
2878 2180 3106 2251 proinde
3145 2194 3251 2234 non
3298 2178 3440 2232 hanc
3500 2192 3613 2231 me-

2040 2272 2250 2338 liorem,
2284 2282 2337 2328 et
2374 2274 2521 2327 illam
2551 2273 2815 2344 pejurem,
2844 2288 2944 2328 nec
3001 2272 3142 2326 hanc
3180 2278 3408 2336 rectam,
3460 2268 3609 2323 illam

2040 2378 2165 2418 vere
2189 2378 2458 2419 morosam
2483 2371 2535 2418 et
2578 2378 2888 2433 perversam
2910 2363 2965 2417 in
2998 2360 3253 2417 confesso
3287 2374 3428 2423 esse,
3466 2357 3614 2415 sicut

2038 2456 2181 2512 aeris
2212 2464 2405 2510 natura
2429 2454 2498 2509 ad
2528 2454 2877 2526 aspirandum
2929 2464 2987 2509 et
3018 2451 3399 2524 respirandum
3436 2448 3617 2504 omniv-

2038 2546 2142 2603 bus
2172 2547 2494 2602 mortalibus
2523 2555 2741 2603 constat
2791 2546 3002 2609 eadem,
3049 2560 3241 2605 omnes
3294 2550 3457 2599 erunt
3495 2556 3617 2596 om-

2038 2640 2188 2694 nium
2233 2648 2286 2695 et
2333 2640 2512 2695 adhuc
2533 2641 2791 2708 ;viventes
2812 2639 2867 2692 in
2892 2652 3124 2707 corpore
3153 2644 3209 2691 et
3223 2636 3609 2706 exspirantes;

2039 2743 2132 2788 aut
2158 2731 2481 2789 decedentes
2510 2747 2702 2787 omnes
2725 2732 2781 2787 in
2810 2730 3065 2786 omnibus
3090 2729 3276 2799 jacere
3330 2728 3619 2784 existima-

2040 2825 2244 2881 buntur
2269 2841 2336 2880 ex
2350 2825 2618 2881 sententia
2644 2824 2917 2879 credentis
2945 2824 3323 2878 universorum
3355 2821 3621 2876 exsistere

2041 2922 2278 2976 animam
2315 2939 2329 2975 :
2366 2920 2695 2985 eadem,ait,
2757 2927 2812 2972 et
2857 2919 2999 2971 acris
3023 2916 3239 2972 exsistit
3266 2913 3433 2969 ﬂuxio
3472 2927 3618 2967 nunc

2042 3015 2097 3071 in
2123 3014 2230 3076 his,
2262 3029 2405 3068 nunc
2436 3013 2491 3067 in
2525 3012 2646 3067 istis
2671 3010 2866 3065 din‘usa
2890 3010 3049 3066 locis.
3075 3008 3132 3063 Si
3156 3016 3335 3064 autem
3367 3005 3606 3061 dixeris:

2039 3105 2157 3161 Non
2188 3105 2513 3160 diffunditur
2545 3104 2726 3158 anima
2757 3102 2900 3158 sicut
2932 3116 3045 3166 aer,
3091 3099 3146 3154 in
3200 3113 3311 3155 uno
3339 3105 3394 3153 et
3426 3096 3616 3152 eodem

2041 3201 2162 3255 loco
2196 3206 2464 3264 remanet,
2526 3205 2579 3252 te
2616 3195 2962 3266 interrogabo
2994 3194 3062 3248 de
3100 3201 3296 3248 caatero
3328 3210 3342 3245 :
3384 3189 3527 3257 Quid
3563 3192 3610 3245 si

2040 3293 2183 3364 apud
2216 3308 2275 3348 se
2303 3292 2476 3362 ipsam
2505 3305 2734 3345 manens
2762 3287 3005 3359 perstat?
3038 3285 3178 3353 Quid
3224 3300 3256 3341 e
3306 3294 3499 3339 contra
3553 3281 3621 3337 de

2041 3395 2310 3455 concepto
2339 3382 2603 3438 maternis
2632 3382 2686 3436 in
2704 3380 3035 3443 visceribus,
3060 3378 3191 3448 quid
3221 3377 3288 3431 de
3313 3377 3625 3448 praegnata?

2049 3474 2106 3530 Si
2150 3492 2239 3531 me
2273 3475 2507 3530 solutam
2542 3488 2775 3544 corpore
2814 3479 2868 3526 et
2921 3471 3170 3532 liberam,
3213 3467 3399 3523 dicere
3419 3467 3621 3537 poterit

2046 3567 2249 3629 anima,
2280 3574 2456 3619 mater
2478 3562 2730 3619 dividens
2758 3562 2987 3634 projecit
3018 3569 3112 3614 aut
3142 3558 3409 3629 projicere
3431 3564 3621 3613 coacta

2044 3664 2149 3718 est,
2173 3655 2303 3726 quid
2336 3654 2564 3709 retinuit
2610 3654 2664 3707 in
2699 3668 2759 3708 se
2792 3667 3041 3714 manens,
3070 3650 3199 3719 quid
3238 3663 3367 3703 vero
3397 3646 3540 3717 quod
3565 3646 3619 3699 in

2047 3748 2171 3803 sinu
2200 3746 2320 3815 ejus
2347 3746 2536 3799 vivens
2562 3754 2724 3813 atque
2752 3743 2807 3798 in
2827 3743 3141 3797 dolorosam
3170 3740 3332 3794 vitam
3354 3746 3409 3793 et
3427 3751 3624 3791 aerum-

2047 3854 2237 3895 nosam
2270 3837 2571 3893 accedens?
2610 3836 3007 3907 Supponasque
3035 3835 3209 3904 ipsam
3238 3841 3292 3886 et
3322 3843 3627 3887 numerosa:

2047 3940 2278 3986 matrem
2322 3930 2512 4001 prolis,
2578 3944 2681 4000 pro
2726 3928 2932 3981 honore
2982 3923 3334 3996 ignominiam
3388 3920 3623 3985 dedisti,

2048 4024 2141 4095 qui
2171 4024 2465 4078 multarum
2493 4025 2799 4078 animarum
2827 4022 3091 4076 aerumnis
3134 4020 3258 4074 vitae
3297 4028 3351 4074 et
3387 4015 3628 4072 miseriis

2049 4133 2437 4190 Oppressarum
2472 4125 2527 4173 et
2559 4124 2829 4171 tactarum
2888 4129 3111 4169 causam
3171 4114 3319 4167 illam
3357 4109 3625 4167 ostendis.

2051 4256 2121 4310 52
2160 4255 2308 4310 Vana
2362 4252 2619 4307 librorum
2678 4251 2908 4305 ludibria
2966 4265 3029 4303 ac
3087 4247 3357 4301 hominum
3415 4246 3633 4299 minimc

2745 4320 3083 4393 [cupientium
3107 4328 3187 4373 est
3230 4318 3427 4387 opinio,
3457 4325 3563 4372 etc.

2121 4466 2250 4531 Iste,
2312 4464 2510 4535 inquit,
2576 4474 2742 4515 unam
2794 4454 3068 4512 universis
3120 4451 3441 4509 hominibus
3477 4449 3633 4505 attri-

2048 4557 2245 4621 bucns,
2314 4562 2373 4609 ut
2410 4554 2617 4609 dictum
2643 4557 2746 4612 est,
2774 4547 3007 4603 divisam
3037 4544 3300 4609 animam,
3336 4557 3519 4598 sermo
3548 4541 3635 4594 in—

2054 4649 2205 4705 sania
2256 4657 2421 4716 atque
2458 4643 2661 4714 ineptia
2681 4640 3016 4697 redundans.
3046 4637 3214 4694 Vanis
3261 4643 3316 4690 et
3364 4633 3532 4689 fatuis
3578 4639 3632 4687 et

2053 4739 2357 4811 puerilibus
2411 4734 2733 4807 crepundiis
2756 4731 2927 4788 libros
2989 4735 3434 4800 composuerunt,
3466 4731 3629 4795 quot-

2042 4838 2176 4903 quot
2198 4829 2365 4884 multa
2391 4842 2625 4898 corpora
2659 4840 2755 4895 per
2782 4832 3030 4879 veterum
3060 4821 3204 4877 vitas
3237 4820 3504 4880 virorum,
3535 4816 3633 4870 bo-

2045 4938 2242 4980 norum
2273 4930 2328 4976 et
2368 4921 2659 4981 malorum,
2710 4917 2825 4973 sive
2857 4917 2928 4970 ob
2973 4914 3191 4969 virtutis
3234 4910 3631 4965 remuneratio—

2046 5028 2168 5077 nes,
2202 5011 2319 5065 sive
2356 5009 2426 5063 ob
2459 5006 2669 5078 peccati
2702 5021 2913 5076 poenas,
2944 5019 3110 5058 unam
3138 5011 3195 5058 et
3225 4998 3473 5057 eamdem
3505 5013 3632 5054 suc-

2048 5103 2259 5159 cessive
2274 5100 2522 5156 habitare
2549 5098 2757 5170 opinati
2780 5103 2909 5153 sunt
2929 5096 3189 5150 animam.
3221 5090 3469 5162 Namque
3485 5091 3627 5147 sicut

2048 5194 2142 5264 qui
2185 5194 2362 5246 virum
2396 5190 2696 5261 quemdam
2737 5188 2984 5245 vestibus
3020 5185 3301 5257 operirent
3342 5192 3396 5240 et
3428 5183 3624 5239 iterum

2052 5285 2359 5341 inordinate
2380 5292 2661 5349 exuerent,
2694 5282 2763 5336 ab
2789 5282 2897 5336 alio
2922 5295 3149 5350 corpore
3165 5280 3401 5333 animam
3426 5278 3627 5333 iterum

2052 5380 2109 5432 in
2139 5375 2289 5432 aliud
2312 5374 2761 5432 transfundentes
2789 5388 3010 5443 corpus,
3052 5386 3163 5426 non
3198 5380 3412 5425 tantum
3447 5370 3628 5424 homi-

2053 5469 2162 5534 nis,
2195 5468 2291 5525 sed
2314 5468 2481 5525 etiam
2510 5467 2763 5522 animalis
2810 5463 3206 5520 irrationabilis
3234 5473 3288 5518 et
3318 5464 3536 5535 planta,
3575 5472 3631 5518 et

2056 5563 2138 5618 sic
2161 5576 2300 5616 vana
2323 5562 2628 5632 loquentes,
2660 5572 2714 5614 et
2744 5558 2910 5614 stulta
2949 5557 3245 5611 delirantes
3268 5570 3375 5609 non
3430 5555 3625 5611 intelli-

2060 5660 2215 5725 gunt.
2257 5652 2321 5705 Et
2349 5653 2495 5708 sicut
2524 5652 2813 5721 antiquum
2862 5651 3032 5705 istum
3091 5648 3280 5703 lxiona
3308 5648 3505 5702 fabulae
3534 5650 3617 5704 de-

2059 5748 2292 5818 pingunt
2331 5746 2387 5799 in
2439 5744 2608 5801 Deum
2658 5758 2784 5799 cum
2848 5742 3231 5812 peccavisset,
3316 5743 3380 5793 ad
3453 5748 3629 5797 rotam

2125 5924 2203 5994 (7)
2280 5923 2538 5992 Ἁενάως.
2594 5922 2713 5980 Non
2762 5924 2942 5980 omnia
2997 5937 3123 5979 vera
3188 5929 3314 5979 sunt
3367 5936 3487 5994 qua:
3559 5920 3627 5976 de
