4186 6372
382 383 520 475 σος

391 534 665 606 ἡμετέραν
693 539 1001 607 ἀναλαϐὼν,
1037 544 1153 608 ταῖς
1193 547 1311 610 σαῖς
1337 549 1600 605 ἐναπόδου
1633 553 1845 619 ἀκοαῖς,
1880 571 1975 625 μι-

390 628 531 718 κρὰν
559 628 616 681 δὲ
647 631 839 703 τέρψιν
870 634 964 688 καὶ
1002 634 1239 707 ἡδύτητα
1263 640 1330 710 τῇ
1360 641 1610 715 παρούσῃ
1640 647 1981 718 προσαναμί-

1373 432 1443 489 IN
1476 435 1791 494 CARMINA
1820 426 2106 497 suum
2170 442 2228 499 s.
2303 441 2659 500 casconu.

3561 437 3665 497 σοι

2084 557 2267 612 anima
2317 558 2579 630 hymnum
2619 562 2715 612 aut
2766 555 3100 628 theologiam
3145 569 3255 610 non
3302 552 3659 622 iniucundam

2087 647 2157 705 iis
2191 649 2284 719 qui
2307 649 2603 719 prudenter
2633 646 2942 717 intelligere
2975 646 3189 707 volunt,
3225 658 3583 714 exponemus.

379 714 545 787 ξομεν
565 720 675 795 ὠδῇ
699 740 713 753 ⁸
746 727 842 779 καὶ
870 726 970 796 τὴν
1002 730 1131 800 περὶ
1185 728 1366 801 ψυχῆς
1400 714 1727 805 ὑμνολογίαν
1781 737 1816 810 ἦ
1869 714 2151 811 θεολογίαν
2208 714 2322 795 οὐκ.
2340 740 2483 812 ἀηδῆ
2512 746 2625 804 τοῖς
2663 714 2901 803 συνετῶς
2932 740 3147 793 ἐπαΐειν
3183 736 3425 791 ἐθέλουσι
3478 750 3662 804 παραυ

379 813 409 866 θ
426 813 685 885 νγσόμεθα.

382 992 452 1048 55
481 990 591 1050 τῌν
623 1009 789 1059 ποτε,
816 989 896 1067 ἦν
918 994 1019 1051 ὅτε
1056 997 1290 1070 κόσμον
1336 1001 1760 1135 ἐπήξῗτιῖπκοῦ
1786 1007 1967 1129 degree

1542 1092 1578 1127 a
1650 1093 1744 1135 υς.
1777 1094 1842 1130 κτ
1881 1116 1895 1130 .

1510 1092 1531 1147 |_
1542 1092 1744 1145 αιπυς,
1777 1092 1895 1130 κτλ.

457 1202 699 1255 ’Δνωθεν
740 1202 830 1256 τὸν
867 1203 995 1275 περὶ
1023 1203 1204 1276 ψυχῆς
1234 1206 1392 1275 λόγον
1426 1208 1522 1261 ἀπ’
1553 1209 1728 1281 ἀρχῆς
1756 1211 1854 1280 τῆς
1879 1210 1972 1263 τοῦ

382 1294 592 1364 κόσμου
631 1295 899 1362 γενέσεως
934 1297 966 1349 ό
1021 1296 1163 1361 θεῖος
1187 1299 1590 1371 ἀναλαϐόμενος
1629 1302 1973 1373 ίεροφάντης.

380 1377 451 1453 ἦν
478 1399 641 1447 ποτε,
688 1379 759 1456 ἦν
798 1387 909 1449 ὅτε,
943 1389 1139 1458 φησὶν,
1173 1391 1203 1442 ό
1240 1389 1463 1460 ὕψιστος
1497 1392 1590 1445 τοῦ
1636 1392 1854 1465 πρώτου
1881 1392 1971 1446 νοῦ

383 1474 567 1544 λόγος,
595 1477 674 1547 τῷ
703 1479 953 1551 πατρικῷ
989 1479 1290 1553 βουλήματι
1318 1483 1411 1537 τὸν
1458 1484 1579 1537 ὅλον
1628 1484 1839 1537 τουτονὶ
1881 1486 1972 1538 κό-

384 1584 542 1639 σμον,
562 1570 869 1644 ὑπέστησαν
895 1576 960 1627 ἐκ
987 1574 1061 1647 μὴ
1092 1574 1260 1630 ὄντων
1285 1577 1366 1641 είς
1388 1576 1449 1630 τὸ
1477 1573 1637 1641 εἷναι·
1658 1575 1810 1633 εἶπεν
1838 1579 1968 1650 γὰρ,

383 1665 478 1717 καὶ
507 1666 606 1719 ὅσα
638 1668 732 1720 καὶ
760 1664 851 1723 οἶα
892 1668 1164 1740 ἠθέλησεν
1196 1672 1473 1743 παρήχθη.
1514 1674 1601 1738 Ὧς
1640 1671 1733 1728 οὖν
1756 1675 1973 1730 ἅπαντα

382 1758 620 1830 πρῶτον,
643 1760 891 1831 οὐρανὸς,
919 1761 1010 1831 γῆ,
1040 1761 1284 1816 Θάλασσα
1319 1764 1413 1817 καὶ
1437 1765 1507 1819 τὰ
1535 1769 1592 1819 ὲν
1626 1766 1807 1829 αὐτοῖς
1837 1767 1970 1819 ὑπο-

384 1852 585 1905 στάντα
612 1853 693 1917 είς
730 1854 825 1906 ἕνα
858 1854 1063 1925 κόσμον
1090 1858 1462 1928 συνεκέκριτο,
1498 1858 1747 1930 ἐζητεῖτο
1772 1860 1827 1912 δὲ
1862 1855 1974 1913 οἷόν

379 1961 466 2007 τις
500 1946 706 2016 κόσμος
743 1946 1024 2019 δεύτερος,
1071 1950 1172 2020 τῆς
1220 1967 1281 2002 τε
1320 1950 1526 2022 μητρὸς
1566 1951 1675 2004 τῶν
1716 1952 1973 2006 ἀπάντων

385 2037 579 2103 σοφίας
626 2039 977 2109 ἐπιστήμων,
1024 2042 1119 2093 καὶ
1163 2040 1271 2094 τῶν
1313 2042 1526 2111 ὁρατῶν
1574 2042 1667 2096 καὶ
1714 2043 1973 2112 ἐπιγείων

385 2128 642 2181 ἁπάντων
676 2128 797 2183 κατ’
832 2131 1017 2184 είκόνα
1042 2130 1138 2184 τοῦ
1165 2132 1386 2188 κτίστου
1418 2133 1660 2205 θεοειδὴς
1685 2134 1938 2204 βασιλεύς
1957 2150 1968 2162 ·

380 2220 451 2275 δι’
478 2220 507 2274 ὃ
531 2220 678 2289 λέγει
705 2261 719 2285 ,
766 2241 785 2273 ι
832 2223 972 2295 Ἤδη
1013 2224 1113 2294 μὲν
1143 2224 1397 2296 καθαροὶ,
1421 2244 1439 2275 ι
1493 2227 1588 2279 καὶ
1618 2225 1685 2279 τά
1716 2226 1844 2298 ἑξῆς
1868 2268 1881 2282 .
1906 2229 1971 2281 Ol

384 2314 487 2386 μέν
512 2313 743 2385 καθαροὶ
771 2317 865 2369 καὶ
900 2315 1159 2370 ἀθάνατοι
1187 2316 1297 2370 τῶν
1325 2316 1547 2385 ἀγαθῶν
1578 2318 1825 2387 ἀγγέλων
1854 2319 1972 2373 διά-

382 2422 577 2466 κοσμοι
596 2447 612 2472 ,
654 2407 745 2461 τὸν
777 2408 1028 2480 οὐράνιον
1060 2408 1409 2480 διαλαχόντες
1443 2410 1653 2480 χῶρον,
1713 2411 1804 2482 τὴν
1833 2412 1973 2483 ἐμὴν

380 2499 540 2565 δόξαν
576 2499 864 2565 διαιωνίως
915 2500 1211 2571 μέλποντες
1249 2502 1537 2573 ὑμνοῦσιν·
1593 2504 1662 2574 γῆ
1713 2503 1770 2556 δὲ
1822 2505 1917 2557 καὶ
1944 2506 1974 2558 ό

380 2592 708 2662 φαινόμενος
756 2592 876 2656 ὃλος
916 2594 1099 2647 οὑτοσὶ
1133 2595 1338 2664 κόσμος
1386 2596 1502 2659 τοῖς
1544 2595 1760 2663 ἀλόγοις
1807 2595 1973 2660 ζώοις

380 2682 476 2735 καὶ
503 2684 623 2747 ταῖς
649 2686 907 2750 φυσικαῖς
934 2683 1122 2754 χάρισι
1156 2682 1264 2737 τῶν
1289 2684 1502 2753 ὁρατῶν
1537 2685 1797 2756 ἡδόμενος
1831 2685 1970 2739 καθ-

380 2770 698 2843 ωραῒζεται,
740 2772 799 2839 ἐξ
833 2774 1038 2843 ἀμφοῖν
1070 2773 1129 2827 δὲ
1158 2776 1271 2827 τοῖν
1306 2776 1507 2842 γενοῖν,
1544 2774 1829 2829 ἀθανάτων
1869 2792 1973 2846 φη-

385 2862 448 2931 μὶ
472 2865 571 2916 καὶ⁵
594 2864 808 2936 θνητῶν
829 2905 843 2928 ,
899 2866 1019 2937 ἦτοι
1062 2865 1299 2934 λογικῶν
1343 2868 1437 2919 καὶ
1469 2866 1701 2935 ἀλόγων,
1738 2869 1975 2938 νοήμονα

386 2954 619 3026 μέτοχον
659 2957 867 3028 κόσμου
910 2957 1005 3011 τοῦ
1049 2958 1243 3029 νοητοῦ
1272 2960 1367 3012 καὶ
1400 2959 1661 3030 αἰσθητοῦ
1692 2962 1856 3032 ήρεσέ
1885 2979 1972 3031 μοι

383 3062 449 3097 συ
459 3047 698 3118 μπῆξαιο
731 3048 919 3102 τοῦτον
951 3048 1010 3103 δὲ
1037 3044 1177 3103 εἶναι
1198 3050 1484 3121 ἄνθρωπον
1511 3051 1674 3121 μέσον
1702 3051 1973 3123 οὐρανίων

384 3140 650 3211 μεγέθους
691 3141 786 3195 καὶ
826 3141 1054 3212 χθονίων
1084 3143 1506 3213 ταπεινότητος,
1553 3146 1619 3215 τῇ
1649 3144 1839 3216 όράσει
1871 3144 1973 3213 μὲν

378 3232 496 3293 τοῖς
519 3232 756 3301 ὁρατοῖς,
780 3232 858 3302 τῷ
887 3230 968 3286 νοῒ
1006 3232 1063 3285 δὲ
1091 3234 1202 3296 τοῖς
1231 3236 1440 3302 νοητοῖς
1464 3232 1845 3299 ἐπιϐάλλοντα,
1878 3234 1973 3288 καὶ

380 3324 503 3383 ταῖς
535 3325 749 3394 νοεραῖς
782 3322 1039 3395 θεωρίαις
1080 3325 1611 3395 μυσταγωγούμενον
1643 3324 1738 3378 καὶ
1773 3326 1973 3397 τερπό-

384 3427 565 3481 μενον,
586 3413 814 3482 ἄγγελον
848 3414 1028 3477 ἀλλον,
1059 3416 1168 3468 ἀπὸ
1184 3416 1289 3487 γῆς
1334 3417 1503 3488 ἤρεσε
1541 3416 1968 3483 κατασκευάσαι,

380 3501 492 3557 τῶν
519 3504 669 3575 ἐμῶν
708 3507 1032 3579 ποιημάτων
1075 3524 1136 3561 τε
1184 3509 1279 3562 καὶ
1322 3507 1707 3581 βουλευμάτων
1756 3506 1969 3581 μύστην

383 3594 481 3647 καὶ
511 3595 795 3669 δοξαστήν.

2086 1005 2158 1063 55
2189 1003 2449 1059 Mundam
2483 1004 2633 1070 olim,
2677 1002 2916 1059 condidit
2945 1017 3168 1058 summa:
3204 1000 3392 1070 mentis
3436 999 3661 1054 sublimo

3254 1070 3272 1127 Ῐ
3278 1069 3513 1135 verbum,
3542 1076 3655 1125 etc.

2147 1217 2190 1271 Α
2228 1212 2498 1285 principio
2522 1226 2831 1269 sermonem
2864 1209 2932 1265 de
2960 1210 3169 1273 anima,
3208 1209 3278 1263 ab
3304 1209 3464 1262 initio
3495 1222 3661 1277 gene-

2078 1307 2310 1361 rationis
2343 1304 2531 1359 mundi
2576 1303 2797 1357 divinus
2833 1310 3089 1372 repetens
3126 1314 3409 1354 sacrorum
3457 1300 3662 1353 revela.-

2078 1405 2169 1453 tor
2203 1414 2217 1451 :
2248 1396 2378 1451 Erat
2400 1397 2453 1450 in
2478 1396 2771 1466 principio.
2794 1394 2993 1464 inquit,
3016 1400 3137 1447 erat
3159 1408 3283 1447 cum
3325 1392 3658 1446 altissimum

2079 1491 2267 1560 primae
2312 1488 2688 1559 intelligentia:
2741 1485 2977 1555 Verbum
3027 1484 3094 1538 ad
3138 1491 3424 1553 paternam
3467 1480 3659 1536 volun-

2077 1590 2242 1637 tatem
2291 1582 2608 1636 universum
2666 1580 2814 1633 hunc
2864 1576 3128 1631 mundum
3181 1574 3307 1629 fecit
3368 1574 3436 1628 de
3488 1572 3661 1626 nihilo

2079 1688 2437 1745 prorumpere
2466 1672 2521 1726 in
2549 1671 2929 1727 exsistentiam
2953 1689 2968 1737 ;
3012 1670 3152 1723 dixit
3192 1666 3336 1723 enim
3365 1673 3419 1721 et
3451 1672 3583 1735 quot
3606 1672 3660 1717 et

2077 1775 2283 1837 quanta
2345 1765 2516 1819 voluit
2581 1770 2976 1833 apparuerunt.
3081 1759 3181 1815 Ubi
3234 1759 3469 1829 primum
3528 1771 3661 1824 ergo

2076 1859 2283 1923 omnia,
2318 1858 2541 1921 cmlum,
2577 1865 2745 1920 terra,
2772 1870 2925 1911 mare
2957 1863 3013 1909 et
3042 1854 3093 1907 in
3125 1854 3213 1908 his
3241 1850 3563 1906 exsistentia
3605 1850 3660 1903 iu

2078 1967 2247 2005 unum
2296 1951 2561 2005 mundum
2598 1948 2763 2003 simul
2802 1948 2979 2002 divisa
3025 1952 3177 2008 sunt,
3215 1942 3495 2015 quaerebat
3528 1958 3663 2013 quo-

2076 2043 2369 2098 dammodo
2397 2043 2521 2112 quis
2556 2040 2795 2095 mundus
2825 2040 2963 2094 alter
2990 2038 3044 2092 in
3079 2044 3255 2091 matre
3286 2035 3535 2089 omnium
3571 2050 3663 2089 sa—

2076 2136 2281 2206 pientia
2308 2136 2540 2206 peritus,
2567 2144 2624 2190 et
2658 2133 2958 2188 visibilium
2977 2139 3032 2186 et
3050 2129 3393 2184 terrestrium
3414 2127 3661 2181 omnium

2076 2241 2170 2280 rex
2203 2233 2352 2280 esset
2392 2226 2446 2278 in
2496 2222 2855 2279 similitudine
2893 2220 2987 2276 Dei
3029 2220 3325 2283 exsistms,
3368 2218 3425 2272 in
3466 2217 3663 2273 simili-

2078 2319 2263 2374 tudine
2291 2318 2594 2373 Creatoris.
2645 2316 2771 2371 ldeo
2812 2316 2991 2370 dicit:
3027 2333 3044 2365 ι
3099 2311 3334 2383 Jamjam
3378 2312 3499 2380 puri
3539 2331 3557 2363 ι
3606 2319 3663 2367 et

2076 2424 2193 2479 seq.
2229 2408 2295 2461 Et
2330 2407 2550 2477 quidem
2590 2408 2714 2477 puri
2760 2421 2824 2459 ac
2869 2404 3214 2459 immortales
3243 2404 3517 2458 bonorum
3565 2418 3664 2455 an-

2077 2500 2326 2571 gelorum
2363 2499 2518 2553 clmri
2563 2498 2842 2551 caelestem
2887 2494 3070 2550 sortiti
3103 2495 3281 2549 locum
3326 2508 3501 2547 meam
3542 2492 3662 2562 glu-

2078 2594 2213 2646 riam
2235 2600 2553 2645 constanter
2574 2587 2963 2643 concelebrant
2991 2605 3003 2639 :
3029 2592 3177 2639 terra
3203 2600 3331 2640 vero
3352 2591 3405 2637 et
3432 2583 3665 2639 visibilis

2076 2682 2372 2738 universus
2408 2681 2562 2736 hicce
2581 2678 2820 2734 mundus
2857 2691 3075 2731 amoeno
3102 2675 3171 2731 de
3209 2675 3525 2746 spectaculo
3547 2674 3665 2729 ani-

2076 2774 2346 2830 mantium
2398 2770 2857 2827 irrationabilium
2897 2775 2951 2822 et
2991 2775 3345 2822 venustatum
3404 2766 3665 2838 physica-

2078 2881 2199 2921 rum
2240 2864 2442 2937 gaudet
2483 2872 2537 2919 et
2572 2863 2840 2934 superbit.
2882 2861 2959 2915 Ex
2989 2860 3208 2916 duobus
3237 2870 3417 2914 autem
3446 2860 3659 2929 generi-

2032 2974 2038 2980 '
2076 2960 2202 3023 bus,
2230 2956 2618 3011 immortalium
2662 2955 2874 3010 scilicet
2900 2962 2958 3009 et
2995 2952 3334 3018 mortalium,
3369 2950 3665 3006 irrationa-

2077 3046 2270 3101 bilium
2321 3053 2377 3098 et
2446 3043 2889 3106 rationabilium,
2952 3040 3277 3112 prudentem
3336 3039 3661 3109 participem

2077 3134 2269 3191 mundi
2300 3134 2416 3190 sive
2454 3131 2759 3205 spirituaiis
2792 3133 2908 3188 sive
2952 3131 3211 3187 sensibus
3245 3129 3528 3201 corporeis
3566 3129 3667 3183 ob-

2078 3228 2231 3283 noxii
2252 3227 2459 3297 tingere
2484 3226 2616 3280 mihi
2641 3226 2819 3297 placet
2847 3244 2858 3277 :
2882 3224 3104 3279 scilicet
3124 3223 3403 3279 hominem
3426 3221 3666 3277 medium

2078 3320 2543 3391 magnificentiam
2574 3318 2718 3373 inter
2749 3316 3057 3373 caelestium
3097 3326 3148 3372 et
3186 3316 3533 3372 terrestrium
3573 3315 3669 3369 τὼς

2072 3412 2391 3481 jectionem,
2444 3412 2596 3465 vultu
2637 3410 2857 3480 quidem
2905 3409 3237 3472 visibilibus,
3298 3408 3493 3478 spiritu
3543 3421 3672 3461 vero

2078 3504 2457 3575 spiritualibus
2487 3503 2835 3570 adjunctum,
2866 3503 3048 3569 ipsum
3078 3514 3298 3571 quoque
3327 3500 3671 3554 intellectua-

2078 3599 2221 3654 libus
2246 3598 2803 3668 contemplationibus
2828 3598 3107 3651 initiatum
3130 3606 3183 3653 et
3207 3597 3666 3667 complacentem,

383 3689 635 3758 angelum
681 3690 914 3745 alterum
944 3690 1040 3763 qui
1083 3706 1251 3762 super
1289 3698 1494 3747 terram
1525 3693 1785 3766 gaudium
1822 3683 2123 3748 arbitretur
2157 3691 2269 3744 lieri
2310 3704 2537 3759 operum
2568 3689 3024 3760 voluntatumque
3045 3704 3291 3744 mearum
3310 3687 3655 3743 sacerdotem

383 3793 443 3840 et
474 3782 905 3838 celebratorem.

386 3943 455 3998 70
496 3944 597 4008 Ὦς
628 3940 720 4011 ἄρ’
753 3942 894 4012 ἔφη,
931 3943 1054 3996 κτλ.

453 4096 641 4152 Ταῦτα
673 4097 773 4167 μὲν
804 4099 833 4149 ό
884 4096 1216 4168 δημιουργὸς
1244 4098 1443 4167 Λόγος,
1478 4098 1538 4151 οὑ
1574 4097 1754 4165 λόγοις
1780 4113 1970 4151 ταπει-

382 4192 491 4253 νοῖς
522 4188 696 4252 οὕτως
742 4189 846 4258 ἔφη
891 4189 983 4242 καὶ
1034 4191 1341 4259 μεριστοῖς,
1388 4191 1625 4261 νοήμασι
1662 4190 1719 4242 δὲ
1749 4188 1970 4252 ὲνιαίοις

386 4284 479 4336 καὶ
508 4282 893 4353 θεοπρεπέσιν,
915 4280 1052 4353 όμοῦ
1081 4298 1141 4335 τε
1177 4280 1329 4334 ταῦθ’
1363 4282 1504 4335 οὓτω
1531 4282 1664 4353 δρᾷν
1696 4281 1969 4351 ἐνενόησε,

382 4378 480 4430 καὶ
516 4377 677 4448 ἔργον
720 4375 969 4446 παρέστη
1010 4376 1072 4427 τὸ
1110 4375 1376 4446 ἐννόημα·
1443 4376 1538 4428 καὶ
1570 4374 1721 4445 παρὰ
1749 4374 1846 4445 μὲν
1873 4374 1973 4443 τῆς

382 4470 578 4522 νεωστὶ
603 4469 903 4538 γενομένης
948 4467 1082 4538 ῦλης
1111 4471 1223 4531 τοῖς
1252 4466 1543 4529 ἀθανάτοις
1583 4465 1747 4520 αὑτοῦ
1776 4466 1973 4520 δακτύ-

382 4562 493 4626 λοις
535 4560 726 4633 μερίδα
761 4560 919 4630 χοὸς,
971 4560 1047 4622 ὡς
1075 4558 1239 4621 αὐτὸς
1271 4554 1434 4623 οἶδεν,
1480 4558 1820 4628 ἀνειληφὼς,
1873 4560 1974 4630 τὴν

382 4649 523 4719 ἐμὴν
550 4646 877 4700 διεπλάσατο
907 4644 1141 4716 μορφὴν,
1165 4647 1222 4699 ὲν
1248 4647 1385 4717 αὐτῇ
1412 4646 1467 4700 δὲ
1492 4648 1686 4718 μοῖραν
1712 4648 1812 4718 τῆς
1839 4648 1973 4712 ίδίας

381 4740 712 4811 ἀπορρήτως
765 4737 990 4808 ἐνέθηκε
1046 4737 1193 4809 ζωῆς
1239 4738 1429 4808 (τοῦτο
1469 4739 1577 4812 γὰρ
1627 4740 1721 4806 τὸ,
1761 4743 1972 4811 μοιρή-

380 4839 563 4901 σατο)
591 4848 604 4861 ⁸
654 4830 946 4884 ἐνέπνευσε
974 4830 1084 4901 γὰρ
1120 4830 1367 4903 πνεῦμα,
1406 4832 1435 4884 ὃ
1462 4832 1526 4904 δὴ
1577 4833 1850 4906 ἀπόρροιά
1884 4836 1968 4898 τίς

381 4924 498 4975 ἐστι
526 4924 627 4994 τῆς
654 4924 947 4994 ἀσωμάτου
977 4924 1230 4995 θεότητος
1262 4925 1354 4977 καὶ
1382 4924 1637 4980 ἀθεάτου.
1664 4927 1767 4979 Ἐκ
1790 4944 1848 4979 τε
1875 4922 1967 4980 οὖν

381 5013 475 5066 τοῦ
497 5015 621 5085 χοὸς
641 5015 743 5086 τῆς
766 5015 969 5086 σαρκὸς
991 5017 1114 5086 ἐμοὶ
1137 5016 1623 5088 σχηματισθείσης,
1648 5018 1739 5071 καὶ
1757 5017 1859 5088 τῆς
1873 5017 1971 5089 ψυ-

382 5106 481 5176 χῆς
505 5106 562 5160 δέ
605 5124 695 5177 μοι
721 5106 808 5160 διὰ
833 5108 931 5178 τῆς
962 5107 1402 5180 παντοκράτορος
1435 5110 1751 5181 κτισθείσης
1774 5110 1965 5181 πνοῆς,

380 5200 460 5261 είς
491 5199 796 5271 ἄνθρωπον,
836 5201 989 5270 φησὶ,
1025 5200 1121 5252 ’ἐνα
1150 5200 1486 5271 συνεπάγην,
1521 5202 1683 5256 εἰκὼν
1708 5202 1802 5256 τοῦ
1834 5201 1967 5258 ἀθα-

381 5290 541 5343 νάτου
569 5291 860 5362 γενόμενος
872 5292 1030 5355 Θεοῦ,
1049 5292 1126 5362 τῷ
1154 5292 1485 5363 αὐτεξουσίῳ
1512 5293 1587 5365 νῷ
1604 5296 1697 5349 καὶ
1717 5296 1930 5368 ἀρχικῷ
1949 5313 1963 5326 ο

378 5381 591 5444 τούτοις
632 5382 743 5454 γάρ
776 5385 809 5451 ἡ
850 5384 987 5453 πρὸς
1018 5384 1109 5437 τὸν
1157 5384 1409 5456 Πλάστην
1457 5386 1713 5456 ὁμοίωσις
1746 5390 1965 5459 ὁρᾶται,

380 5476 477 5530 καὶ
508 5477 537 5529 ό
566 5478 626 5529 ὲν
655 5476 931 5547 ἀνθρώπῳ
954 5477 1080 5540 νοῦς
1107 5478 1434 5549 ἀμφοτέρων
1465 5480 1564 5547 τῆς
1586 5498 1645 5532 τε
1672 5481 1850 5552 ψυχῆς
1877 5482 1967 5552 βα-

380 5568 580 5623 σιλεύει
609 5572 705 5623 καὶ
737 5568 831 5623 τοῦ
861 5568 1136 5641 σώματος,
1183 5571 1249 5625 δι’
1281 5572 1310 5624 ὃ
1354 5570 1449 5625 καὶ
1475 5574 1833 5644 αὐτοκράτωρ
1858 5576 1967 5629 τῶν

380 5662 441 5715 ἐν
462 5663 594 5732 ἡμῖν
616 5661 979 5733 ἀνηγόρευται
1005 5662 1191 5717 παθῶν
1209 5680 1223 5694 ο
1252 5663 1500 5717 ἐντεῦθεν
1526 5665 1619 5718 καὶ
1642 5665 1777 5736 πρὸς
1801 5667 1973 5737 ἄμφω

380 5756 506 5817 τοὺς
521 5753 668 5825 βίους
691 5756 873 5829 γήϊνον
890 5758 983 5810 καὶ
1001 5757 1252 5828 οὐράνιον
1274 5757 1519 5826 φυσικῶς
1538 5759 1855 5830 ἐπιρῤέπειν
1876 5778 1965 5830 μοι

379 5846 543 5908 δοκῶ,
565 5864 654 5901 τοι
675 5848 772 5918 μὲν
791 5848 878 5901 διὰ
901 5849 962 5903 τὸ
993 5849 1168 5918 σῶμα,
1186 5849 1278 5902 τὸν
1299 5850 1356 5903 δὲ
1374 5849 1465 5902 διὰ
1490 5850 1551 5902 τὸ
1566 5849 1784 5921 πνεῦμα
1808 5850 1965 5923 στέρ-

379 5961 515 6014 γων,
548 5944 800 6016 καὶπρὸς
836 5945 1072 6018 ἑκάτερα
1107 5949 1225 6011 ταῖς
1255 5946 1569 6020 ἐπιθυμίαις
1600 5947 1965 6021 διελκόμενος.

2083 3963 2149 4019 70
2182 3962 2271 4018 Sic
2296 3962 2455 4030 dixit,
2489 3973 2595 4017 etc.

2147 4098 2274 4152 Haec
2295 4096 2435 4152 dixit
2468 4100 2657 4154 mundi
2688 4098 2991 4155 fabricator
3022 4098 3263 4154 Verbum
3295 4112 3406 4152 non
3441 4097 3668 4159 vocibus

2078 4191 2281 4246 vilibus
2321 4200 2377 4245 et
2418 4189 2644 4257 divisis,
2705 4191 2804 4247 sed
2842 4192 3178 4263 cogitatione
3242 4191 3404 4245 unica
3450 4189 3670 4261 Deoque

2078 4282 2267 4352 digna,
2286 4282 2453 4336 simul
2482 4289 2648 4351 atque
2677 4282 2758 4336 sic
2792 4281 2974 4337 facere
3004 4283 3285 4354 cogitavit,
3320 4292 3374 4336 et
3412 4297 3551 4351 opus
3576 4297 3670 4337 co-

2078 4374 2248 4444 gitata
2289 4372 2680 4439 manilestavit,
2703 4382 2758 4429 et
2794 4372 2863 4429 de
2898 4388 3089 4447 recens
3118 4374 3263 4427 facta
3308 4373 3536 4428 materia
3568 4374 3671 4426 im-

2081 4466 2408 4521 mortalibus
2444 4467 2650 4537 digitis,
2696 4474 2910 4537 partem
2938 4476 3123 4530 terra},
3159 4466 3301 4523 sicut
3333 4467 3453 4537 ipse
3492 4468 3666 4529 novit.

2081 4574 2329 4625 sumens,
2364 4573 2539 4613 meam
2566 4558 2859 4625 plasmavit
2895 4558 3129 4614 formam
3154 4558 3209 4612 in
3231 4572 3406 4629 eaque
3434 4559 3670 4629 propria:

2082 4651 2207 4706 vita:
2259 4660 2475 4720 partem
2522 4664 2724 4706 arcane
2778 4650 2997 4720 posuit;
3044 4650 3149 4705 hoc
3191 4652 3337 4705 enim
3381 4668 3403 4704 δ
3432 4652 3667 4721 partitus

2080 4752 2196 4810 est;
2229 4758 2467 4813 namque
2489 4743 2779 4813 inspiravit
2807 4743 3084 4814 spiritum,
3115 4742 3213 4813 qui
3238 4744 3370 4797 inde
3395 4744 3668 4797 emanatio

2073 4834 2321 4904 quaedam
2351 4844 2435 4890 est
2461 4835 2803 4905 incorporea!
2851 4835 3255 4905 iuvisibilisque
3303 4835 3549 4891 deitatis.
3590 4834 3666 4890 De

2073 4935 2224 4981 terra
2266 4942 2399 4997 ergo
2445 4941 2615 4982 carne
2656 4942 2773 4982 mea
2823 4927 2999 4982 eﬂicta
3052 4935 3107 4982 et
3167 4928 3350 4982 anima
3390 4928 3523 4981 mihi
3569 4943 3666 4997 per

2075 5019 2509 5087 omnipotentem
2548 5019 2807 5088 spiritum
2830 5020 3148 5083 constituta,
3171 5018 3335 5073 homo
3376 5033 3537 5081 unus,
3580 5018 3666 5071 in-

2074 5113 2213 5181 quit,
2256 5112 2598 5180 compositus
2619 5127 2741 5168 sum
2777 5153 2793 5178 ,
2839 5113 3021 5182 imago
3074 5109 3404 5166 immortalis
3446 5108 3541 5165 Dei
3581 5109 3665 5164 fa-

2074 5208 2218 5267 ctus,
2254 5201 2428 5258 libera
2447 5210 2503 5257 et
2547 5201 2909 5257 dominatrice
2956 5200 3337 5272 intelligentia.
3362 5200 3486 5257 Istis
3516 5201 3665 5257 enim

2076 5295 2383 5353 similitudo
2407 5311 2533 5351 cum
2554 5295 2815 5351 Creatore
2832 5295 3174 5364 conspicitur
3190 5293 3340 5365 quod
3365 5298 3423 5348 in
3441 5294 3667 5348 homine

2073 5388 2429 5458 intelligentia
2461 5388 2516 5442 in
2536 5388 2727 5441 ambos
2748 5394 2957 5457 regnet,
2979 5402 3174 5457 nempe
3198 5386 3437 5441 animam
3460 5394 3516 5442 et
3537 5402 3664 5443 cor-

2074 5497 2178 5552 pus
2206 5501 2218 5535 :
2243 5481 2429 5550 itaque
2450 5480 2519 5536 de
2548 5481 2727 5549 seipsa
2760 5480 3054 5535 dominans
3090 5480 3391 5535 innostros
3428 5478 3661 5534 aﬂ'ectus

2074 5573 2450 5631 denuntiatur.
2470 5572 2602 5627 Inde
2624 5570 2693 5626 ad
2720 5581 3010 5642 utramque
3029 5572 3198 5626 vitam
3223 5585 3390 5642 quam
3425 5572 3655 5627 sortitus

2075 5680 2220 5731 sum,
2280 5672 2596 5720 terrestrem
2633 5671 2686 5718 et
2720 5664 2999 5719 cmlestem
3036 5678 3244 5735 pronus
3274 5663 3406 5717 mihi
3439 5663 3648 5731 videor,

2075 5774 2221 5813 nunc
2272 5758 2546 5828 corporis,
2589 5772 2737 5812 nunc
2768 5758 2999 5828 spiritus
3035 5760 3199 5813 vitam
3245 5756 3433 5812 fovens
3474 5766 3529 5813 et
3588 5758 3660 5821 ad

2072 5853 2387 5910 alterutram
2418 5852 2694 5922 voluptate
2720 5859 2947 5906 tractus.
