4186 6372
485 385 598 462 .695
703 382 709 388 ·

496 516 568 574 78
603 515 752 573 Talis
792 517 896 586 fuit
929 517 1261 589 primogcnt'ti
1284 523 1518 580 hominis
1539 525 1808 598 colligatio
1828 568 1844 594 ,
1871 538 1979 584 etc.

569 610 628 664 In
674 609 942 681 principio
968 613 1128 683 primi
1162 616 1334 683 patris
1373 619 1776 689 coagmentatio
1807 635 1908 675 seu
1929 621 2076 691 plas-

502 701 668 755 matio
695 709 748 755 et
775 702 1038 759 animatio
1054 705 1211 776 juxta
1234 699 1440 764 dictum
1457 709 1662 768 effectae
1683 720 1812 767 sunt
1831 713 2079 780 modum;

499 798 553 844 et
584 791 654 846 ab
691 793 901 863 origine
939 794 1042 850 ista
1075 812 1254 865 usque
1299 796 1367 851 ad
1399 797 1583 863 ﬁnem,
1614 814 1754 855 caro
1785 816 1852 856 ex
1889 817 2075 866 carne,

501 881 681 935 anima
709 897 772 938 ex
803 883 984 938 anima
1023 885 1222 949 oritur,
1260 901 1464 956 corpus
1492 887 1710 957 quidem
1749 904 1780 944 e
1813 903 2076 958 corporea

500 972 791 1029 visibiliter
805 977 1152 1032 emanatione
1167 976 1257 1042 ﬁt,
1277 978 1462 1033 anima
1477 994 1605 1034 vero
1620 979 1783 1034 modo
1800 979 2078 1051 incognito

499 1074 554 1120 et
578 1067 838 1123 invisibili
867 1070 918 1123 in
943 1071 1192 1140 corporis
1219 1072 1535 1140 ﬁgmentum
1558 1073 1773 1130 incidit.
1794 1074 2080 1141 Quomodo

502 1159 606 1213 hoc
634 1159 716 1214 vel
740 1159 915 1216 illud?
957 1161 1107 1218 Sicut
1141 1151 1294 1219 solus
1324 1166 1476 1221 novit
1506 1167 1601 1237 qui
1642 1167 1880 1238 pri-mum
1913 1168 2081 1225 aliiin

504 1249 734 1321 ﬁgurant
770 1260 942 1308 teme
976 1261 1032 1310 et
1070 1257 1322 1325 spiritum
1359 1257 1512 1313 dedit
1539 1259 1716 1314 carni.
1753 1259 1870 1315 Nisi
1899 1271 2078 1316 tamen

501 1343 651 1412 quis,
682 1343 883 1415 inquit,
923 1347 1275 1404 sermonibus
1315 1351 1671 1406 consentiens
1707 1351 1870 1417 meis,
1907 1351 2078 1406 conﬁ-

502 1434 694 1490 denter
741 1437 888 1492 hunc
925 1438 1088 1494 addat
1128 1455 1459 1506 sermonem,
1502 1443 1691 1498 multis
1721 1445 1801 1500 sic
1839 1444 2084 1499 docenti-

507 1523 608 1576 bus
634 1521 966 1595 obsequens,
1000 1527 1245 1583 scilicet:
1273 1527 1416 1600 Ergo
1429 1540 1482 1585 et
1513 1545 1714 1601 corpus
1735 1531 1882 1602 quod
1908 1532 2084 1603 primo

509 1614 835 1682 plasmatum
859 1614 926 1670 de
954 1626 1099 1670 terra
1141 1625 1246 1682 est,
1284 1634 1380 1688 per
1411 1634 1600 1673 omnes
1623 1634 1686 1674 ex
1716 1619 1907 1674 ordine
1940 1635 2084 1672 mor-

505 1706 644 1762 tales
671 1705 972 1762 immismm
1007 1715 1266 1779 tanquam
1298 1711 1534 1764 humana
1568 1710 1624 1763 ﬁt
1655 1709 1825 1764 ﬁuxio
1847 1719 1901 1766 et
1941 1712 2084 1766 sicut

505 1813 571 1852 ex
602 1799 705 1852 ista
733 1798 913 1868 primo
938 1799 1209 1869 plasmata
1235 1801 1418 1856 radice
1450 1817 1516 1856 ex
1550 1803 1658 1857 alio
1690 1801 1858 1856 alium
1884 1801 2085 1857 habere

508 1887 785 1943 hominem
824 1905 890 1944 ex
924 1890 1272 1946 ltominenon
1309 1901 1511 1948 cessat.
1556 1892 1818 1948 Similiter
1839 1901 1894 1948 et
1925 1907 1955 1946 a
1977 1893 2088 1949 Deo

507 1981 771 2050 inspirata
797 1983 980 2035 anima
1006 1981 1059 2035 in
1093 1999 1323 2053 corpora
1366 1984 1644 2038 hominum
1671 1992 1877 2049 creata,
1916 2001 2090 2056 nuper

509 2070 653 2124 facta
681 2080 735 2125 et
758 2072 874 2142 ipsa
910 2072 1104 2128 incidit
1130 2082 1185 2129 et
1206 2075 1476 2145 ingeritur
1497 2085 1550 2130 et
1570 2082 1828 2146 tanquam
1853 2092 1883 2132 e
1908 2076 2090 2132 radice

507 2163 697 2231 prima:
737 2163 1036 2220 creationis
1075 2165 1241 2235 hujus
1289 2167 1342 2219 in
1379 2166 1576 2222 multas
1609 2175 1662 2222 et
1703 2183 1874 2222 novas
1909 2167 2089 2221 multi-

510 2255 745 2324 plicatur
765 2268 819 2311 et
854 2257 909 2310 in
946 2258 1199 2312 mortalia
1239 2266 1293 2313 et
1328 2258 1530 2314 similis
1559 2267 1823 2329 aspectus
1859 2273 2091 2328 corpora

510 2347 778 2402 dividitur
807 2350 1110 2405 secundum
1151 2351 1486 2406 voluntatem
1514 2360 1570 2407 et
1597 2350 1900 2407 efﬁcaciam
1927 2352 2095 2408 bene—

509 2440 742 2498 dicentis
773 2451 829 2497 et
859 2443 1106 2513 jubentis
1151 2452 1211 2499 ut
1254 2453 1528 2512 crescant,
1573 2453 1630 2500 et
1663 2446 2098 2516 multiplicentur

509 2543 566 2589 et
589 2536 836 2604 repleam
867 2538 1178 2593 universam
1205 2536 1397 2594 faciem
1431 2547 1611 2594 terrm.

1823 440 1826 443 -
1861 407 2159 465 NICETAS
2187 407 2394 464 DAVID

3650 392 3760 451 696

2177 526 2250 581 78
2281 525 2419 581 Ἦδε
2442 524 2562 595 μὲν
2591 525 2945 594 ἀρχεγόνοιο
2963 521 3192 591 βροτοῦ
3219 520 3414 588 δόσις,
3445 522 3565 577 κτλ.

2167 665 2178 672 .
2253 621 2318 672 Ἦ
2351 620 2450 690 μὲν
2479 621 2540 673 ἐν
2569 619 2770 689 ἀρχαῖς
2785 616 2880 670 τοῦ
2903 617 3249 688 προπάτορος
3271 615 3437 679 δέσις,
3461 615 3582 686 ἢτοι
3615 613 3760 668 πλόο

2177 729 2262 776 σις
2287 713 2382 766 καὶ⁵
2412 711 2736 783 ἐμπνευσις,
2777 710 2870 764 τὸν
2912 709 3202 781 είρημένον
3237 707 3596 779 διεσκευάσθη
3635 707 3761 779 τρό-

2177 819 2278 855 πον
2301 819 2314 831 ·
2347 802 2407 868 ἐξ
2432 802 2648 872 ἐκείνης
2674 802 2732 855 δὲ
2754 802 2855 870 τῆς
2885 800 3065 872 ἀρχῆς
3109 801 3236 872 ἄχρι
3267 799 3456 864 τέλους
3486 798 3624 870 σὰρξ
3660 797 3763 869 μὲν

2178 896 2243 948 ἐκ
2276 895 2499 964 σαρκὸς,
2520 894 2666 966 ψυχὴ
2681 895 2739 948 δὲ
2769 894 3072 966 βλαστοῦσα
3093 896 3156 947 ἐκ
3185 893 3365 964 ψυχῆς
3381 893 3480 964 (8),
3506 893 3568 946 τὸ
3599 891 3764 963 σῶμα

2180 986 2281 1056 μὲν
2330 987 2394 1038 ἐκ
2419 985 2521 1056 τῆς
2555 985 2875 1055 σωματικῆς
2914 985 3124 1057 ῥύσεως
3170 983 3404 1055 ὁρατῶς,
3440 983 3475 1054 ἡ
3516 982 3663 1053 ψυχὴ
3703 981 3766 1034 δὲ

2179 1075 2475 1146 ἀγνώστως
2521 1075 2618 1129 καὶ
2648 1077 2898 1149 ἀοράτως
2943 1080 3008 1147 τῇ
3043 1075 3139 1130 τοῦ
3183 1074 3434 1146 σώματος
3476 1073 3766 1128 διαπλάσει

2181 1167 2556 1223 συνεισπίπτει
2573 1183 2588 1198 ο
2620 1167 2978 1239 πῶςοτοῦτοῆ
3013 1167 3130 1230 πῶς
3162 1171 3368 1234 ἐκεῖνο;
3395 1167 3473 1230 ὡς
3497 1167 3656 1236 μόνος
3682 1160 3764 1219 οἶ-

2178 1260 2270 1313 δεν
2285 1262 2314 1313 6
2340 1258 2556 1330 πρῶτον
2578 1259 2853 1330 συνθήσας
2875 1261 2978 1331 τὴν
2993 1259 3178 1312 εἰκόνα
3198 1259 3277 1330 τῷ
3305 1257 3396 1331 χοῖ
3421 1259 3515 1313 καὶ
3545 1259 3768 1329 πνεῦμα

2183 1346 2516 1419 συνδεδηκὼς
2557 1350 2626 1420 τῇ
2677 1348 2838 1420 σαρκί
2860 1364 2879 1378 ο
2940 1351 2989 1403 εἰ
3022 1351 3097 1421 μή
3129 1367 3233 1413 τις,
3270 1351 3428 1421 φησι,
3469 1352 3584 1414 τοῖς
3615 1353 3764 1420 ἐμοῖς

2183 1437 2500 1512 συνηγορῶν
2530 1437 2710 1508 λόγοις
2742 1440 2837 1494 καὶ
2868 1439 3056 1496 τοῦτον
3104 1440 3422 1512 θαρραλέως
3470 1441 3770 1512 προσθήσει

2180 1530 2274 1584 τὸν
2323 1530 2514 1599 λόγον,
2565 1529 2781 1595 πολλοῖς
2810 1529 2953 1586 οὕτω
2981 1531 3400 1602 δογματίζουσιν
3447 1532 3770 1604 ἑσπόμενος,

2183 1622 2259 1687 ὡς
2284 1622 2395 1694 ἄρα
2423 1620 2609 1678 καὶτὸ
2650 1623 2831 1694 σῶμα,
2873 1622 2936 1676 τὸ
2980 1623 3198 1695 πρῶτον
3242 1623 3483 1678 πλασθέν
3511 1626 3620 1679 άπὸ
3645 1627 3776 1696 γῆς,

2185 1715 2327 1787 πρὸς
2349 1715 2478 1778 τοὺς
2504 1715 2741 1786 καθεξῆς
2783 1715 3008 1788 βροτοὺς
3055 1716 3265 1780 πάντας
3305 1717 3778 1789 συγκιρνώμενον,

2186 1808 2376 1878 ὥσπερ
2404 1809 2676 1882 άνδρομέα
2703 1811 2917 1880 γίνεται
2945 1809 3125 1881 ῥύσις,
3142 1810 3237 1863 καὶ
3256 1808 3332 1873 ὡς
3361 1811 3470 1863 ἀπὸ
3495 1811 3596 1882 τῆς
3623 1827 3776 1882 πρω-

2187 1903 2490 1957 τοπλάστου
2546 1902 2705 1975 ῥίζης
2754 1903 2969 1973 ἐκείνης
2997 1902 3184 1956 ἄλλοτε
3225 1901 3386 1956 ἀλλον
3415 1903 3612 1974 ἔχουσα
3647 1903 3783 1974 βρο-

2187 1992 2279 2046 τὸν
2319 1995 2384 2046 ἐκ
2431 1992 2630 2066 βροτοῦ
2674 1993 2774 2047 οὐκ
2821 1994 3104 2066 ἀπολήγει.
3153 1995 3455 2063 Ἀναλόγως
3501 1995 3558 2048 δὲ
3601 1997 3780 2064 τούτῳ

2190 2085 2282 2138 καὶ
2305 2086 2339 2156 ἡ
2375 2085 2528 2157 παρά
2565 2086 2701 2140 Θεοῦ
2732 2087 3058 2142 ψευσθεῖσα
3080 2088 3249 2160 ψυχὴ,
3277 2090 3394 2152 τοῖς
3429 2086 3540 2140 τῶν
3563 2086 3777 2160 ἀνθρὼ-

2192 2193 2310 2230 πων
2345 2176 2564 2248 σώμασι
2617 2178 3038 2250 πλαττομένοις,
3095 2175 3184 2234 οἷα
3228 2179 3653 2250 ἁρτιγέννητος,
3687 2177 3783 2232 καὶ

2191 2267 2333 2338 αὐτὴ
2383 2269 2761 2323 συνεισπίπτει
2809 2272 2904 2325 καὶ
2951 2270 3296 2337 συνεξανθεῖ,
3348 2271 3445 2325 καὶ
3495 2270 3682 2341 ὥσπερ
3715 2273 3784 2324 ἐκ

2192 2359 2512 2431 σπέρματος
2541 2361 2640 2432 τῆς
2671 2362 2971 2433 ἀρχεγόνου
3013 2361 3195 2433 ψυχῆς
3226 2361 3443 2432 ἐκείνης
3479 2362 3559 2424 είς
3583 2359 3785 2423 πολλὰς

2195 2452 2287 2505 καὶ
2332 2451 2594 2523 ἀπείρους
2641 2451 2966 2524 πληθύεται,
3021 2453 3118 2507 καὶ
3168 2453 3226 2506 ὲν
3269 2456 3384 2516 τοῖς
3432 2451 3645 2524 θνητοῖς
3689 2453 3788 2504 καὶ

2195 2543 2463 2614 ὁμοειδέσι
2525 2546 2744 2617 σώμασι
2799 2545 3267 2616 καταμερίζεται,
3326 2545 3474 2599 κατὰ
3538 2543 3789 2615 βούλημα

511 2629 604 2682 καὶ
629 2629 813 2695 σθένος
858 2630 954 2686 τοῦ
993 2633 1339 2704 εὐλογοῦντος
1368 2633 1463 2689 καὶ
1499 2635 1924 2706 προστάττοντος
1972 2635 2223 2702 αὐξάνειν
2260 2657 2322 2693 τε
2359 2643 2452 2695 καὶ
2479 2641 2743 2715 πληθύειν
2769 2643 2866 2698 καὶ
2906 2642 3149 2715 πληροῦν
3193 2641 3336 2696 ἅπαν
3390 2642 3455 2695 τὸ
3493 2641 3795 2711 πρόσωπον

509 2741 611 2796 της
645 2741 766 2795 γης-

513 2815 577 2870 91
663 2815 957 2887 Propterea
1046 2821 1404 2890 principatum
1483 2819 1841 2877 intellectilem
1937 2833 2095 2877 nacta

1820 2913 1956 2986 [εει.
1989 2923 2096 2970 etc.

585 3001 722 3055 Cum
756 3017 792 3058 ε
815 3002 1084 3074 plasmato
1119 3004 1173 3058 in
1201 3004 1476 3076 principio
1508 3021 1536 3059 a
1572 3021 1738 3060 manu
1767 3005 1861 3062 Dei
1900 3015 2100 3062 cuncta

516 3110 583 3150 ex
623 3095 816 3152 ordine
847 3095 1128 3152 hominum
1162 3111 1420 3166 corpora.
1449 3097 1725 3153 communi
1766 3096 2013 3168 germine
2047 3103 2102 3150 et

518 3191 718 3240 natura
746 3185 1013 3256 originem
1047 3186 1274 3250 ducant,
1306 3200 1431 3239 cum
1475 3201 1542 3241 ex
1585 3185 1842 3256 primitus
1877 3187 2023 3241 facta
2049 3193 2102 3241 et

518 3277 706 3346 genita
806 3276 971 3348 primi
1029 3277 1272 3348 parentis
1321 3281 1502 3332 anima
1557 3293 1655 3349 per
1699 3279 2004 3350 analogiam
2051 3286 2106 3333 et

518 3384 712 3425 omnes
755 3366 1066 3423 mortalium
1092 3369 1289 3424 animae
1315 3369 1588 3440 originem
1615 3372 1820 3426 ducant
1844 3370 2005 3427 modo
2030 3371 2107 3427 si-

517 3447 663 3522 mili,
700 3468 1103 3531 consequenter
1123 3467 1180 3516 et
1205 3461 1598 3534 intelligentem
1626 3465 1825 3520 mentis
1850 3471 2109 3534 praestan-

520 3551 651 3605 tiam
684 3550 993 3606 sortiuntur
1023 3561 1257 3608 cunctae.
1291 3553 1590 3625 Postquam
1631 3555 1996 3626 objectionem
2027 3557 2108 3612 vi-

521 3642 601 3697 dit
635 3643 739 3699 sub
788 3644 874 3699 his
911 3645 1380 3716 propositionibus
1427 3655 1686 3702 retectam
1729 3647 1947 3704 divinus
1973 3649 2112 3704 scri-

525 3746 666 3804 ptor,
701 3750 902 3805 nempe
930 3736 996 3790 de
1026 3738 1268 3793 motibus
1297 3738 1774 3794 irrationabilibus
1814 3746 1868 3794 et
1912 3741 2109 3810 ineptis

525 3825 839 3880 tactentium
871 3833 925 3880 et
957 3825 1270 3892 infantium,
1307 3829 1521 3883 victrici
1552 3827 1717 3883 modo
1749 3829 1891 3884 hanc
1924 3832 2112 3902 expla-

525 3924 620 3971 nat
643 3919 893 3989 exemplo
918 3919 1102 3975 allato.
1129 3919 1268 3975 Nam
1299 3921 1446 3976 sicut
1478 3921 1532 3974 in
1559 3922 1887 3979 minusculis
1911 3923 2110 3981 ﬁstulis

525 4019 580 4065 et
611 4012 961 4082 perangustis
996 4012 1238 4068 validum
1287 4013 1483 4070 ﬂamen
1522 4029 1816 4072 remanens
1855 4017 2107 4087 exiguam

525 4113 581 4159 ct
613 4104 796 4159 minus
826 4119 984 4175 aequo
1015 4105 1234 4174 plenam
1268 4105 1647 4177 diserepanter
1683 4107 1884 4162 emittit
1912 4123 2106 4162 sonum

525 4206 954 4266 quantacunque
999 4197 1194 4267 peritia
1233 4207 1454 4268 praestet
1487 4199 1712 4255 tibicen.
1748 4199 1983 4266 Quando
2012 4217 2112 4255 au-

528 4295 636 4339 tem
668 4286 790 4340 latae
816 4287 1010 4342 ﬁstulae
1040 4295 1096 4343 et
1128 4288 1450 4345 barmonice
1472 4289 1664 4345 foratae
1698 4291 1756 4346 in
1785 4306 1983 4349 manus
2023 4309 2116 4362 pe-

529 4377 622 4432 riti
654 4376 755 4432 vitri
787 4379 1105 4444 traduntur,
1129 4393 1261 4436 tunc
1283 4381 1580 4453 perfectam
1617 4389 1672 4437 et
1696 4397 1956 4439 canoram
1981 4385 2115 4440 dant

531 4484 742 4524 vocem.
798 4471 890 4526 Sic
921 4481 976 4526 et
1001 4473 1244 4531 hominis
1264 4475 1443 4528 anima
1482 4475 1536 4528 in
1573 4473 1919 4534 infantilibus
1946 4477 2116 4532 imbe-

531 4560 677 4616 cillis
714 4563 975 4619 membris
1015 4563 1298 4620 intellectu
1329 4565 1536 4635 deﬁcit,
1570 4570 1669 4625 sed
1708 4568 1949 4638 perfecta
1985 4569 2120 4623 ﬁant

531 4659 586 4704 et
618 4651 736 4720 ipsa
773 4652 1088 4708 illustratur
1120 4656 1339 4727 energia
1379 4659 1540 4728 plene
1579 4661 1791 4731 pollens
1825 4669 1881 4714 et
1925 4659 2118 4714 innato

533 4743 863 4814 proprioque
888 4745 1128 4816 ingenio.

534 4837 602 4891 9'7
649 4836 941 4908 Postquam
989 4849 1166 4895 autem
1206 4857 1361 4895 suum
1411 4841 1652 4896 condidit
1707 4842 1970 4896 hominem
2017 4843 2120 4895 im-

1472 4935 1742 5008 [mortalis
1775 4933 1974 4998 Filius,
2007 4945 2115 4989 etc.

610 5024 816 5079 Deinde
857 5024 1104 5080 divinum
1139 5024 1404 5091 Verbum,
1443 5028 1770 5082 immortalis
1801 5027 2118 5098 unigenitus

537 5115 720 5173 Patris
749 5132 876 5172 cum
921 5117 991 5172 ad
1025 5118 1316 5189 imaginem
1359 5134 1516 5174 suam
1559 5119 1835 5174 hominem
1885 5119 2118 5183 creavit,

542 5215 767 5278 propter
799 5207 930 5278 quid
963 5208 1211 5263 creavit?
1256 5207 1327 5264 Ut
1365 5211 1607 5273 haberet,
1644 5209 2027 5280 inquit,‘bunc
2066 5211 2121 5264 in

542 5301 860 5356 novissimis
902 5299 1098 5356 diebus
1142 5300 1329 5371 gloriae
1365 5303 1597 5372 propria:
1639 5299 1844 5358 fontem
1887 5316 2023 5355 nova
2069 5309 2121 5354 et

542 5393 764 5450 sublimi
811 5392 1236 5450 adinventione:
1292 5395 1554 5449 nimirum
1595 5403 1811 5450 creator
1839 5392 1896 5447 ﬁt
1934 5393 2120 5459 homo,

613 5528 690 5597 (8)
733 5529 891 5598 Σὰρξ
908 5531 1095 5600 μὲν...
1125 5531 1193 5584 ἐκ
1215 5529 1422 5600 ψυχῆς
1454 5531 1716 5600 expunxit
1741 5529 1962 5593 Billius,
1993 5529 2121 5599 quia

545 5587 786 5683 pugnem
810 5587 949 5683 ’(ξιξῇι
992 5603 1178 5683 verbis.
1208 5587 1451 5683 Gregorii
1490 5587 1640 5683 ψυχῇ
1682 5601 1730 5652 δ’
1771 5587 2123 5683 ἐπιμίσγεται

544 5672 766 5751 ἀίστως,
791 5672 1006 5754 quibus
1031 5672 1213 5728 verbis
1239 5671 1506 5743 signiﬁcat
1528 5671 1763 5726 animam
1797 5672 2014 5740 corpori
2041 5671 2122 5724 ιΙὶ-

544 5741 750 5794 vinitus
789 5741 1024 5796 infundi.
1296 5741 1309 5743 ⁷

617 5809 933 5882 (9_)_ALaudat
949 5812 1101 5882 hunc
1125 5811 1303 5868 locum
1335 5811 1498 5867 Mich.
1536 5812 1732 5882 Glycas
1767 5811 1959 5865 Annal.
1999 5827 2049 5882 p.
2083 5827 2120 5870 I.

549 5894 602 5948 ιι.
637 5878 758 5944 159,
796 5880 881 5945 13,
899 5881 985 5935 ed.
1014 5882 1225 5939 Bonn.:
1272 5882 1540 5954 Καθάπερ
1581 5878 1688 5954 -έάρ
1712 5882 1966 5953 μουσικὸς
1999 5878 2124 5954 ὅρι-

2203 2819 2264 2874 9|
2292 2821 2579 2875 Τοῦνεκεν
2603 2821 2863 2891 ήγεσίην
2885 2819 3106 2890 νοερὴν
3127 2819 3320 2888 λάχεν
3341 2819 3441 2889 (9),
3468 2818 3588 2872 κτλ.

2291 2912 2503 2984 Ἐπειδὴ
2535 2913 2614 2985 τῷ
2655 2915 2778 2967 κατ’
2822 2913 2999 2984 ἀρχάς
3045 2914 3194 2984 χειρὶ
3221 2911 3358 2965 Θεοῦ
3406 2911 3792 2980 πλαστουργη-

2208 3003 2353 3057 θέντι
2382 3006 2559 3059 πάντα
2592 3006 2825 3077 καθεξῆς
2847 3006 2915 3060 τὰ
2943 3007 3051 3060 τῶν
3073 3005 3382 3075 ἀνθρώπων
3404 3003 3632 3074 σώματα
3649 3019 3791 3072 συμ-

2208 3100 2320 3168 ιρυᾶ
2358 3099 2452 3152 καὶ
2473 3099 2755 3168 ὁμοούσια,
2786 3099 2851 3169 τῇ
2887 3098 3278 3170 πρωτοκτίστῳ
3308 3096 3364 3150 δὲ
3397 3095 3430 3167 ἢ
3462 3095 3801 3167 πρωτογόνῳ

2207 3190 2302 3244 τοῦ
2334 3191 2682 3264 προπάτορος
2706 3192 2876 3262 ψυχῇ,
2908 3189 3186 3259 ἀναλόγως
3209 3190 3304 3243 καὶ
3332 3191 3503 3242 πᾶσαι
3533 3189 3642 3241 τῶν
3672 3187 3800 3257 βροο

2208 3282 2319 3336 τῶν
2354 3282 2566 3338 ἐκεῖθεν
2597 3283 2954 3354 βλαστάνουσι
2986 3283 3110 3338 καθ’
3143 3283 3436 3353 ὁμοιότητα
3457 3297 3472 3310 ·
3518 3279 3610 3332 διὰ
3636 3277 3802 3332 τοῦτο

2211 3375 2305 3428 καὶ
2334 3375 2432 3446 τὴν
2449 3376 2641 3447 νοεράν
2671 3376 2766 3430 τοῦ
2793 3376 2911 3441 νοὸς
2937 3375 3234 3447 ἡγεμονίαν
3261 3374 3468 3428 ἅπασαι
3499 3370 3796 3441 διαλαγχά-

2210 3483 2414 3522 νουσιν.
2459 3467 2676 3540 Ἐπειδὴ
2713 3468 2770 3521 δέ
2794 3467 3066 3522 ἀντίθεσιν
3089 3464 3197 3520 εἶδε
3227 3466 3365 3537 τῷδε
3389 3466 3469 3535 τῷ
3501 3465 3642 3535 λόγῳ
3666 3465 3802 3517 ἁνα-

2212 3560 2526 3616 κύπτουσαν
2548 3562 2577 3614 6
2613 3562 2896 3633 θεηγόρος,
2921 3560 3022 3633 τὴν
3049 3560 3275 3632 ἀνόητον
3316 3559 3410 3612 καὶ
3436 3557 3630 3626 ἄλογον
3653 3556 3804 3625 λέγω

2212 3654 2426 3726 κίνησιν
2454 3653 2562 3707 τῶν
2595 3656 2805 3725 νηπίων
2830 3654 2925 3709 καὶ
2962 3653 3202 3725 βρεφῶν,
3238 3652 3644 3726 παραδείγματι
3676 3649 3804 3702 ταύο

2211 3764 2310 3816 την
2337 3745 2579 3811 πιθανῶς
2604 3748 2742 3816 ἄγαν
2768 3747 3067 3801 ἐπιλύεται.
3099 3747 3187 3808 Ὠς
3213 3745 3326 3815 γὰρ
3358 3746 3416 3797 ἐν
3451 3743 3808 3814 μικροτάτοις

2213 3841 2394 3903 αὐλοῖς
2427 3841 2522 3894 καὶ
2569 3839 2916 3910 στενοπόροις
2946 3838 3166 3910 πνεῦμα
3202 3839 3344 3908 μέγα
3389 3835 3800 3902 ἐναπολειφθέν,

2218 3933 2410 4004 στενήν
2447 3949 2506 3986 τε
2533 3931 2628 3986 καὶ
2656 3931 2954 4004 ἔκτροπον,
3015 3931 3044 3984 ὅ
3072 3932 3186 3983 ἐστι
3216 3929 3478 3999 δύσηχον,
3508 3925 3804 3980 ἀναϐάλλει

2216 4027 2315 4096 τὴν
2347 4025 2507 4096 ἠχὴν,
2539 4027 2589 4078 εί
2618 4025 2714 4078 καὶ
2747 4025 2888 4078 πάνυ
2919 4026 2947 4077 6
2974 4022 3210 4093 αὐλητὴς
3239 4021 3560 4092 ἐπιστήμων
3591 4018 3668 4071 ὣν
3703 4016 3800 4070 τύ-

2216 4135 2328 4189 χοι·
2360 4117 2524 4189 ἡνίκα
2546 4117 2591 4170 δ’
2614 4118 2680 4171 ἂν
2716 4117 2938 4178 πλατεῖς
2969 4116 3016 4168 οἱ
3039 4114 3192 4168 αὐλοὶ
3221 4114 3316 4168 καὶ
3353 4112 3680 4184 συμμέτρως
3707 4109 3801 4162 εὑ·-

2221 4213 2451 4284 ρύποροι
2488 4212 2570 4274 είς
2605 4212 2796 4282 χεῖρας
2846 4209 3040 4280 ἀνδρὸς
3082 4207 3328 4278 τεχνίτου
3376 4204 3800 4276 περιενεχθεῖεν,

2215 4306 2340 4359 τότε
2371 4303 2436 4374 δὴ
2470 4302 2683 4356 τελείαν
2709 4301 2805 4354 καὶ
2832 4298 3107 4371 εὔρυθμον
3141 4299 3334 4368 ἀφιᾶσι
3375 4297 3474 4369 τὴν
3519 4295 3810 4366 φθογγήνα

2217 4393 2361 4448 οὕτω
2391 4394 2487 4447 καὶ
2526 4394 2561 4464 ἡ
2599 4391 2692 4445 τοῦ
2722 4379 3012 4464 ἀνθρώπου
3041 4389 3194 4462 ψυχὴ
3214 4429 3230 4453 ,
3280 4389 3339 4442 ἐν
3374 4385 3668 4457 νηπιώδεσι
3701 4385 3812 4457 μὲν

2218 4487 2522 4541 ἀσθενοῦσα
2559 4483 2780 4555 μέλεσιν
2823 4483 3128 4552 ἀνοηταίνει
3150 4522 3164 4545 ,
3194 4479 3591 4550 τελειουμένοις
3623 4478 3680 4532 δέ
3711 4478 3811 4532 καὶ

2219 4579 2360 4651 αὐτὴ
2387 4576 2602 4638 τελείας
2644 4575 2745 4639 τὰς
2773 4575 3052 4646 ἐνεργείας
3109 4574 3205 4626 καὶ
3252 4572 3431 4626 πάντα
3479 4571 3571 4625 τὸν
3605 4572 3808 4624 οἰκεῖον

2222 4669 2635 4740 συναναλὰμπει
2661 4669 2938 4739 σύμφυτον
2967 4665 3118 4720 νοῦν.

2224 4866 2294 4922 97
2338 4861 2538 4932 Αὐτὰρ
2594 4858 2804 4928 ἐπειδὴ
2863 4856 3078 4923 τεῦξεν
3141 4855 3246 4911 ἐὸν
3281 4853 3810 4998 βρῖτξζόςιῗεξὲἒτος

2309 5024 2530 5096 Ἐπειδὴ
2573 5026 2602 5078 ὁ
2657 5021 2801 5085 θεῖος
2832 5019 3042 5088 Λόγος,
3095 5018 3124 5070 ὁ
3162 5016 3431 5081 ἀθάνατος
3461 5015 3556 5069 τοῦ
3595 5014 3810 5087 Πατρδς

2226 5120 2558 5188 Μονογενὴς,
2583 5118 2703 5170 κατ’
2729 5114 2912 5168 εἰκόνα
2936 5111 3068 5164 ἰδίαν
3096 5110 3188 5164 τὸν
3214 5109 3500 5182 ἄνθρωπον
3521 5109 3612 5176 ἐδη
3623 5105 3807 5178 μιούρ·

2223 5229 2392 5284 γησε.
2434 5210 2582 5273 τίνος
2611 5211 2830 5273 ἐνεκεν;
2895 5205 2984 5268 Ὧς
3020 5203 3117 5268 ἂν,
3162 5203 3347 5271 φησιν,
3369 5201 3483 5273 ἔχοι
3517 5199 3707 5253 τοῦτον
3750 5199 3813 5249 ἐν

2225 5305 2460 5374 ἡμέραις
2491 5302 2749 5372 ἐσχάταις
2773 5297 2929 5366 δόξης
2964 5296 3102 5360 ιδίας
3123 5294 3379 5366 ἀφορμὴν
3408 5287 3807 5362 καινοπρεποῦς

2227 5396 2322 5449 καὶ
2353 5390 2826 5465 μεγαλοπρεποῦς,
2879 5389 2969 5443 ὅτε
2996 5387 3062 5458 δὴ
3088 5385 3181 5440 τοῦ
3219 5386 3506 5449 κτίσαντος
3535 5382 3809 5454 ἀνθρωπι-

2227 5546 2352 5590 στος
2388 5531 2444 5582 ἐν
2489 5529 2586 5598 μὲν
2638 5527 2854 5598 μικροῖς
2884 5523 3290 5598 αὐλοῖς-στενόν
3325 5537 3387 5575 τε
3420 5520 3516 5598 καὶ
3542 5518 3819 5598 ἔκτροπονρ

2229 5589 2388 5670 μέλος
2408 5589 2998 5670 λάτξήχηέενςὴνίκαωδέ
3042 5594 3380 5670 ελὺρυλπόρους
3423 5591 3558 5670 εῦρῃ
3589 5589 3815 5670 dimi-ig,

2226 5658 2346 5746 τότε
2493 5658 2656 5746 αὗτρῦ
2678 5658 2875 5746 τέχςνην
2903 5663 3031 5746 ὃλην
3056 5658 3338 5746 ὑπέδειξεν
3355 5679 3370 5694 ⁸
3421 5658 3564 5746 ος)τώ
3592 5658 3812 5746 mtabo:

2259 5733 2474 5811 indica
2502 5733 3071 5811 θεόλογοςΤρηγρριος
3097 5737 3157 5791 ἐν
3184 5738 3296 5800 τοῖς
3321 5733 3617 5806 ἐμμέτροις
3643 5733 3819 5784 αὑτοῦ

2259 5758 2316 5811 η.
2344 5758 2420 5804 ως
2445 5758 2474 5792 ο
2502 5758 2752 5806 υεοΑογος
2774 5758 2793 5790 ι
2818 5758 2964 5808 ρηγοι

2226 5758 2476 5876 διέξεισιν
2503 5809 2682 5879 ἔπεσι,
2715 5826 2769 5864 κ.
2799 5825 2848 5862 τ.
2886 5805 2964 5870 ἐξ.
