4186 6372
415 416 518 471 697

412 542 755 608 σθέντοςκαλ
780 541 901 595 νέου
917 540 1087 612 Ἀδὰμ
1109 541 1503 611 γεγενημένου,
1528 545 1559 596 ὁ
1582 545 1810 609 παλαιὸς
1824 547 1950 600 ’Δδὰ
1957 567 1996 618 μ

410 636 501 690 διὰ
529 636 769 699 πίστεως
796 635 918 688 ὅλον
942 633 1004 687 τὸ
1033 635 1223 705 γήῑνον
1245 633 1506 704 ἀμείψας,
1529 638 1620 689 καὶ
1646 636 1728 706 τῷ
1759 638 1999 710 οὐρανίῳ

408 726 530 797 Θεῷ
563 725 1015 797 προσκολληθεὶς,
1042 724 1175 788 Θεὸς
1196 724 1347 796 αὐτῷ
1385 727 1695 781 συνοδεύσει
1725 729 1864 800 πρὸς
1904 729 1997 782 τὸν

407 819 658 892 οὐρανόν.
698 816 916 889 Ταύτην
961 818 1167 888 μεταξὺ
1200 816 1295 871 τοῦ
1348 818 1507 888 λόγου
1558 822 1659 892 τὴν
1692 822 1871 876 αἰτίαν
1898 824 1999 893 τῆς

410 910 662 975 πλάσεως
713 910 1143 981 ὑπαινιξάμενος
1185 911 1381 978 ἐπάγει
1404 927 1419 941 ·
1471 931 1489 962 ι
1522 911 1661 967 Οῦτε
1706 932 1832 985 μιν,
1884 914 1996 968 οὔτ’

411 1004 644 1074 ἀνέηκεν
690 1003 995 1075 ἐλεύθερον,
1022 1023 1040 1054 ι
1079 1004 1175 1057 καὶ
1218 1005 1380 1075 ἑξῆς·
1433 1004 1460 1057 δ
1515 1005 1573 1057 δὲ
1606 1006 1792 1075 λέγει,
1844 1007 1998 1060 τοῦτό

412 1102 566 1151 ἐστιν
599 1114 613 1129 ο
670 1096 758 1159 Ὠς
784 1094 910 1149 οὔτε
943 1096 1289 1151 παντάπασιν
1322 1096 1609 1169 ἐλεύθερον
1655 1099 1869 1170 ἀφῆκεν
1906 1100 1998 1154 τὸν

409 1187 698 1259 ἄνθρωπον
730 1187 827 1241 καὶ
859 1186 1252 1241 αύτοδέστυοτον
1296 1187 1439 1257 (πῶς
1484 1188 1594 1260 γὰρ
1621 1190 1716 1244 καὶ
1748 1188 1818 1263 ἦν
1848 1190 1997 1255 ἀξιον

408 1276 515 1343 ἔξω
540 1279 638 1347 τῆς
687 1275 1128 1347 παντοκράτορος
1175 1276 1388 1330 κεῖσθαι
1429 1277 1834 1348 δεσποτείας;),
1870 1279 1995 1334 οὔτε

405 1368 465 1424 δὲ
486 1368 765 1433 παντελῶς
789 1368 977 1423 τοῦτον
1000 1370 1201 1441 τρόπον
1222 1370 1433 1439 ἀλόγων
1458 1373 1707 1444 ἀνάγκης
1732 1372 1995 1438 ὑπέζευξε

408 1461 593 1532 ζυγοῖς
614 1479 630 1495 ⁸
664 1462 757 1515 τὸν
790 1462 1020 1532 φυσικὸν
1044 1463 1100 1515 δὲ
1128 1462 1292 1534 νόμον
1314 1466 1411 1518 καὶ
1435 1466 1649 1533 ἀγαθὰς
1681 1466 1892 1529 ἐννοίας
1925 1472 1990 1539 τῇ

409 1552 575 1606 αὑτοῦ
626 1553 837 1625 καρδίαν
866 1553 1322 1625 ὲγγραψάμενος,
1380 1557 1440 1609 ὲν
1487 1559 1601 1621 τοῖς
1648 1558 1993 1628 μεσαιτάτοις

405 1644 499 1698 τοῦ
528 1643 813 1709 ἀειθαλοῦς
858 1646 1188 1717 παραδείσου
1225 1647 1633 1717 ἀμφιτάλαντον
1671 1648 1854 1720 τίθησι
1884 1667 1991 1719 χω-

407 1731 579 1801 ρίοις,
607 1731 702 1786 καὶ
733 1735 1062 1805 ἀμφιρρεπῆ
1120 1737 1219 1806 μὲν
1254 1737 1330 1800 ώς
1355 1738 1709 1809 αὐτοκίνητον
1737 1739 1831 1793 καὶ
1860 1740 1993 1792 αὑτ-

404 1821 664 1891 εξούσιον,
683 1826 890 1896 γυμνὸν
918 1827 976 1881 δὲ
1000 1828 1076 1892 ὡς
1096 1829 1306 1883 ἁπλοῦν
1330 1831 1425 1882 καὶ
1448 1831 1743 1902 ἀπόνηρον,
1771 1831 1992 1901 διπλόης

403 1933 464 1970 τε
494 1918 673 1989 πάσης
703 1919 989 1991 ἐλεύθερον
1020 1922 1114 1974 καὶ
1153 1922 1499 1993 ὑποκρίσεως
1521 1938 1537 1953 ⁸
1575 1925 1670 1977 καὶ
1706 1926 1814 1997 γὰρ
1844 1923 1993 1995 ἔμοι-

401 2026 468 2078 γε
496 2014 657 2082 κριτῇ
708 2014 741 2083 ἡ
784 2013 1147 2082 Θεόφθεγκτος
1179 2015 1495 2087 ἀπεφήνατο
1532 2019 1683 2089 φωνή
1705 2033 1719 2049 ο
1752 2019 1780 2071 ό
1810 2019 1991 2087 παρά-

401 2098 578 2163 δεισος
622 2093 778 2164 οὗτος
830 2103 1057 2173 οὐρανία
1109 2104 1441 2175 χρηματίζει
1495 2107 1832 2170 κατάστασις
1899 2107 1993 2160 καὶ

400 2186 583 2242 δίαιτα
612 2190 780 2258 ἁγίων
819 2192 977 2256 νοῶν,
1008 2189 1069 2247 οὗ
1120 2193 1184 2265 δὴ
1220 2196 1313 2247 τὸν
1341 2196 1629 2268 ἄνθρωπον
1654 2199 1713 2250 ὲν
1747 2200 1943 2269 ἀρχαῖς
1964 2200 1993 2251 ὁ

401 2281 885 2355 πλάσας,γεωργὸν
911 2285 1130 2339 ὲννοιῶν
1154 2286 1316 2341 θείων
1347 2289 1442 2341 καὶ
1466 2289 1641 2358 λόγων
1663 2290 1992 2363 δραστήριον

405 2371 662 2445 ἐθήκατο.

404 2484 502 2540 107
543 2487 685 2540 Οτου
718 2506 828 2557 μιν
850 2489 1106 2561 ἀπέεργε
1138 2493 1525 2561 τελειοτέροιο
1555 2496 1927 2564 φυτοῖο,κτλ.

480 2576 628 2641 Ἐνδς
662 2579 831 2647 φυτοῦ
867 2583 1029 2652 μόνου
1072 2583 1172 2654 τὴν
1221 2584 1411 2651 γεῦσιν
1459 2586 1735 2639 ἐκώλυσεν
1778 2588 1806 2640 ὸ
1841 2586 1988 2641 Πλα-

402 2666 680 2737 στουργός.
720 2668 783 2720 Et
816 2671 915 2739 μέν
941 2688 993 2723 τι
1028 2673 1122 2725 καὶ
1151 2672 1307 2736 ξύλου
1344 2670 1481 2738 εἶδός
1510 2691 1562 2727 τι
1587 2670 1658 2746 ἦν
1686 2677 1803 2728 ἐκεῖ
1829 2674 1889 2728 τὸ
1913 2674 1991 2747 τῷ

400 2758 807 2830 πρωτοπλάστῳ
831 2760 1303 2833 ἀπηγορευμένον,
1349 2766 1463 2827 τοῖς
1490 2764 1737 2820 είποῦσιν
1762 2767 1824 2819 ού
1858 2766 1987 2818 διοί-

401 2866 606 2920 σομαιο
672 2850 903 2923 θεωρίας
960 2854 1016 2907 δὲ
1065 2855 1367 2928 μετάληψιν
1411 2856 1721 2926 κρείττονος
1764 2858 1797 2923 ἢ
1848 2860 1990 2911 κατὰ

398 2943 499 3014 τὴν
533 2943 643 3008 ἕξιν
687 2945 857 3016 Ἀδὰμ
894 2946 954 3000 τὸ
997 2948 1161 3015 φυτὸν
1192 2948 1371 3001 ἐκεῖνο
1405 2952 1547 3003 νοεῖν
1573 2952 1667 3003 καὶ
1697 2951 1837 3004 πάνυ
1866 2968 1989 3004 συν-

401 3036 637 3107 θήσομαι
669 3036 747 3108 τῷ
772 3037 1097 3110 διδασκάλῳ.
1147 3040 1298 3111 Αὕτη
1332 3040 1461 3113 γὰρ,
1497 3045 1654 3114 φησὶ,
1682 3044 1900 3097 τελείαν
1932 3046 1989 3097 ἐν

399 3126 569 3197 ἑαυτῇ
600 3127 875 3198 διάκρισιν
902 3128 998 3181 τοῦ
1043 3128 1252 3198 ἀγαθοῦ
1295 3147 1356 3183 τε
1385 3131 1499 3202 ἔχει
1535 3132 1630 3186 καὶ
1661 3131 1754 3186 τοῦ
1791 3132 1986 3199 κακοῦ,

400 3217 540 3272 κατά
563 3219 653 3271 τὸν
695 3221 865 3291 αὐτῆς
910 3220 1439 3293 μεταλαμϐανομένη
1468 3224 1659 3294 καιρόν
1685 3241 1699 3255 ·
1752 3224 1819 3277 δι’
1859 3224 1887 3277 δ
1927 3226 1986 3278 ού

398 3314 512 3372 τοῖς
541 3312 678 3384 πρὸς
708 3314 842 3366 Θεὸν
871 3314 1075 3367 ὁδεύειν
1114 3316 1471 3386 ἀρχομένοις,
1500 3317 1619 3388 ῆτοι
1648 3317 1865 3387 νηπίοις
1893 3317 1987 3371 καὶ

398 3402 645 3456 ἀτελέσιν
676 3406 736 3457 ὲν
774 3404 1018 3475 Χριστῷ,
1040 3405 1342 3478 λυσιτελὴς,
1370 3408 1506 3461 ἀλλά
1528 3411 1639 3471 τοῖς
1663 3410 1761 3479 τὴν
1792 3408 1986 3480 νοεράν

398 3496 794 3565 προκεκοφόσιν
829 3496 1067 3567 ἠλικίαν,
1108 3498 1204 3550 καὶ
1240 3501 1321 3561 εἰς
1366 3499 1566 3568 μέτρον
1606 3501 1986 3572 πνευματικῆς

396 3582 715 3649 ἀνιίϐάσεως
743 3587 800 3639 ὲν
831 3585 1036 3661 θεωρίᾳ
1075 3588 1172 3640 καὶ
1203 3588 1402 3659 πράξει
1445 3590 1682 3661 Χριστοῦ
1714 3608 1987 3661 κατηντη-

396 3679 570 3741 κόσιν,
607 3679 859 3733 τοσοῦτον
899 3679 1208 3751 βαρύνουσα
1232 3681 1358 3744 τοὺς
1391 3682 1624 3746 ἀτελεῖς,
1662 3684 1785 3737 ὅσον
1812 3686 1908 3737 καὶ
1952 3686 1986 3757 ἡ

400 3773 597 3846 στερεά
632 3774 807 3845 τροφὴ
850 3775 980 3838 τοὺς
1033 3773 1304 3843 γάλακτος
1354 3773 1435 3828 ἔτι
1477 3775 1782 3847 δεομένους.
1845 3778 1987 3832 Ἀλλ’

398 3862 584 3935 ἐπειδὴ
612 3862 706 3915 τοῦ
739 3862 1001 3934 φθονεροῦ
1036 3865 1291 3934 δαίμονος
1323 3864 1646 3928 ἐπιϐουλαῖς
1678 3867 1772 3919 καὶ
1801 3884 1989 3936 γυναι·-

395 3956 493 4021 κὸς
519 3956 912 4026 παραινέσεσιν
936 3957 1211 4028 ἡττηθεὶς,
1239 3957 1339 4025 τῆς
1363 3958 1743 4029 ἀπειρημένης
1776 3961 1988 4032 ἐκείνης

396 4046 641 4116 γεύσεως
688 4048 796 4119 πρὸ
835 4046 985 4119 ὧρας
1033 4049 1127 4101 καὶ
1160 4049 1311 4119 παρὰ
1343 4049 1441 4119 τὴν
1471 4049 1691 4120 ἐντολὴν
1730 4051 1984 4119 μετέσχε,

397 4140 523 4202 τοὺς
551 4139 906 4210 δερματίνους
937 4140 1034 4210 μὲν
1066 4138 1321 4210 χιτῶνας,
1357 4142 1478 4211 ῆτοι
1504 4142 1602 4206 τὴν
1635 4142 1861 4212 βαρεῖαν
1891 4143 1989 4195 καὶ

399 4230 601 4304 θνητὴν
650 4232 851 4304 σάρκα,
898 4232 1019 4286 ἀντὶ
1056 4232 1150 4286 τοῦ
1175 4233 1618 4302 ξδιαφανεστάτου
1668 4233 1761 4287 καὶ⁵
1798 4234 1989 4287 λεπτο-

398 4326 563 4379 τάτου
600 4324 851 4396 σώματος
876 4327 1208 4398 νεκροφόρος
1242 4326 1560 4396 ἀμφιάσατο
1593 4325 1852 4395 γεγονώς.
1896 4327 1938 4378 Τ
1942 4326 1987 4396 ᾧ

398 4419 588 4490 θνητὸν
611 4417 669 4471 δὲ
698 4418 886 4471 τοῦτον
926 4418 1200 4487 γενέσθαι,
1237 4417 1592 4471 διακέκοπται
1624 4419 1723 4489 μὲν
1747 4419 1780 4488 ἡ
1804 4420 1987 4490 ἀμαρα

396 4511 487 4563 τία
513 4507 589 4579 τῷ
616 4508 855 4580 θανάτῳ,
877 4510 953 4573 ὡς
974 4509 1047 4581 μὴ
1067 4510 1394 4575 διαιωνίζειν
1410 4510 1470 4562 τὸ
1501 4511 1693 4576 κακὸν,
1720 4510 1988 4565 καὶτοῦτο

397 4599 454 4653 δὲ
484 4600 644 4669 ἔργον
672 4601 1009 4671 ἀγαθότητος
1038 4602 1201 4655 Θεοῦ·
1232 4602 1396 4666 αὐτὸς
1426 4603 1485 4656 δὲ

410 4715 502 4769 H7
551 4710 739 4768 Ἦλθε
792 4715 912 4786 μὲν
969 4714 1194 4781 ἄλσεος
1242 4715 1415 4786 ἐκτὸς
1471 4716 1570 4769 ἐπὶ
1609 4715 1819 4786 χρόνοι,
1864 4715 1985 4786 ,τῆς

1395 4783 1617 4859 [γένος
1633 4783 1767 4857 ἦεν,
1794 4785 1911 4839 κτλ.

470 4897 641 4951 Τοῦτο
676 4899 776 4970 τῆς
800 4898 1115 4971 παραϐολῆς
1138 4899 1199 4953 τὸ
1227 4899 1441 4971 κέρδος,
1475 4901 1569 4954 καὶ
1606 4898 1810 4970 ταύτην
1841 4901 1871 4952 ὁ
1895 4900 1986 4953 ἄνα

399 4989 617 5062 θρωπος
658 4991 913 5045 ἀπώνατο
946 4991 1049 5062 τῆς
1098 4992 1463 5063 παραϐάσεως
1511 4992 1840 5063 ἀντάμειψιν
1867 5032 1882 5057 ,
1927 4994 1988 5046 τὸ

401 5085 506 5153 ἔξω
525 5088 712 5139 πεσεῖν
725 5085 818 5139 τοῦ
844 5086 1194 5155 παραδείσου,
1214 5087 1308 5140 καὶ
1337 5088 1416 5150 εἰς
1437 5088 1561 5156 γῆν,
1581 5086 1641 5150 ἐξ
1657 5081 1725 5158 ἧς
1750 5086 1984 5159 ἐλήφθη,

403 5180 729 5249 στραφῆναι,
751 5181 845 5232 καὶ
867 5178 1011 5250 ζωὴν
1039 5180 1312 5234 ἐπώδυνον
1338 5180 1429 5233 καὶ
1458 5179 1798 5250 πολύμοχθον
1819 5197 1985 5233 κατα-

400 5271 694 5343 κριθῆναι’
722 5271 799 5342 τῷ
831 5272 1061 5343 ὲριτίμῳ
1085 5272 1144 5326 δὲ
1174 5274 1275 5341 τῆς
1306 5272 1449 5343 ζωῆς
1478 5272 1617 5342 ξύλῳ
1640 5273 1720 5344 τῷ
1751 5276 1808 5326 ἐν
1834 5272 1986 5344 μέσῳ

400 5362 495 5416 τοῦ
530 5363 858 5434 παραδείσου
887 5363 1180 5435 νοουμένῳ,
1232 5365 1261 5418 ὃ
1303 5366 1366 5435 δὴ
1406 5367 1568 5436 τυχὸν
1615 5368 1649 5437 η
1681 5367 1981 5437 ἀκραιφνε-

406 5456 575 5525 στάτη
612 5454 747 5507 Θεοῦ
776 5454 982 5526 θεωρία
1011 5457 1105 5508 xui.
1158 5457 1434 5528 ἀκροτάτη
1482 5457 1578 5510 τοῦ
1604 5458 1990 5529 ἁκαταλήπτου

402 5547 603 5617 γνῶσίς
633 5548 784 5608 ἔστι,
828 5548 1002 5615 τούτῳ
1043 5548 1107 5617 δὴ
1131 5547 1208 5618 τῷ
1245 5548 1395 5620 φυτῷ
1440 5551 1531 5603 τὸν
1560 5549 1781 5621 πύρινον
1819 5551 1987 5604 αὐτοῦ

404 5639 588 5709 ζῆλον,
614 5640 673 5694 ὃν
693 5640 791 5694 καὶ
816 5640 1075 5709 φλογίνην
1106 5642 1377 5710 ῥομφαίαν
1402 5645 1436 5715 η
1472 5642 1593 5696 θεία
1620 5641 1767 5711 λέγει
1793 5643 1983 5716 Γραφὴ

404 5733 502 5787 καὶ
525 5732 837 5804 Χερουϐεὶμ
862 5732 974 5803 (10)
1002 5732 1382 5804 κατονομάζει,
1402 5735 1697 5799 ἀγγελικὰς
1727 5735 1984 5807 δυνάμεις

477 5912 589 5985 (l0)
614 5913 954 5984 Χερουϐείμ.
999 5912 1091 5968 Sic
1121 5912 1319 5969 codex.

1344 418 1411 473 IN
1450 419 1759 477 CARMINA
1801 424 2080 483 ARCANA
2122 426 2180 481 S.
2221 424 2580 482 GREGOR".

3587 427 3693 481 698

2097 547 2157 602 fit
2184 563 2361 605 novus
2391 548 2603 615 Adam;
2655 547 2783 602 hinc
2809 556 2968 603 vetus
2994 547 3165 603 Adam
3195 563 3293 619 per
3328 546 3490 602 tidem
3512 564 3688 605 omne

2103 650 2381 694 terrenum
2425 641 2678 694 immutat
2728 647 2782 693 et
2823 638 2965 695 Deus
3014 640 3388 711 agglutinatus
3429 638 3541 696 Deo
3571 656 3688 695 eoe-

2101 732 2244 797 iesti,
2291 746 2417 786 cum
2463 733 2583 801 ipso
2632 746 2865 801 pergens
2910 732 3013 786 iter
3058 734 3321 788 ascendet
3369 734 3425 788 in
3458 735 3682 789 celum.

2100 822 2251 879 Hanc
2295 826 2353 879 in
2403 823 2689 879 tractando
2728 839 2951 878 causam
2996 825 3379 894 plasmationis
3435 827 3686 883 revelatis

2097 916 2313 985 pergit:
2348 932 2367 966 ι
2404 915 2513 969 Nec
2550 930 2674 969 eum
2702 915 2938 970 libenter
2966 915 3094 970 sivit
3128 916 3385 982 liberum,
3418 935 3438 967 ι
3472 925 3527 971 et
3563 932 3681 987 seq.

2099 1005 2153 1061 Id
2179 1017 2281 1071 est,
2338 1008 2483 1061 sicut
2512 1021 2621 1060 non
2657 1007 2970 1063 omnimode
3015 1007 3246 1062 liberum
3285 1009 3539 1079 permisit
3587 1010 3685 1064 lio-

2098 1099 2299 1154 minem
2325 1108 2379 1155 et
2401 1102 2485 1157 sui
2518 1103 2683 1171 juris,
2711 1132 2785 1145 --
2809 1107 3087 1176 quomodo
3119 1108 3264 1163 enim
3293 1106 3516 1177 dignum
3543 1106 3682 1163 fuis-

2098 1198 2181 1245 set
2208 1192 2483 1249 hominem
2514 1196 2907 1254 dominationis
2930 1197 3334 1268 Omnipotentis
3362 1206 3681 1267 exemptum

2097 1291 2245 1336 stare
2263 1284 2368 1336 2-
2386 1302 2488 1341 nec
2519 1286 2744 1341 omnino
2767 1286 2917 1342 illum
2945 1288 3076 1357 jugo
3095 1287 3441 1344 necessitatis
3459 1288 3685 1342 irratio-

2096 1372 2358 1428 nabilium
2389 1391 2546 1432 more
2571 1379 2838 1446 revinxit;
2870 1377 2965 1433 sed
3009 1377 3128 1449 lege
3157 1378 3394 1433 naturali
3427 1390 3481 1434 et
3516 1379 3684 1432 rectis

2095 1466 2520 1536 cogitationibus
2560 1470 2616 1524 in
2645 1469 2811 1525 corde
2846 1469 3020 1539 ipsius
3045 1470 3357 1540 inscriptis,
3395 1470 3447 1523 in
3490 1469 3685 1523 mediis

2094 1560 2333 1630 paradisi
2362 1561 2656 1617 viridantis
2684 1563 2776 1616 rad
2820 1571 3056 1630 utraque
3096 1570 3281 1633 aptum
3322 1562 3476 1632 ponit
3506 1562 3686 1629 regio-

2092 1653 2278 1716 nibus,
2310 1653 2376 1707 ad
2408 1663 2639 1724 utraque
2694 1655 2850 1725 quasi
2901 1654 3193 1724 proclivem
3218 1692 3232 1716 ,
3267 1658 3357 1724 qui
3394 1651 3683 1706 affectuum

2092 1752 2240 1801 esset
2270 1761 2519 1816 compos,
2567 1747 2830 1816 suiipsius
2873 1746 3110 1807 arbitrii,
3154 1745 3306 1815 ponit
3349 1751 3403 1798 et
3453 1742 3682 1803 nudum,

2093 1839 2183 1907 qui
2227 1838 2451 1907 simplex
2480 1844 2535 1892 et
2571 1838 2779 1908 absque
2812 1838 3043 1901 malitia,
3074 1837 3214 1891 liber
3243 1844 3392 1891 esset
3435 1836 3504 1888 ab
3534 1834 3685 1887 omni

2094 1927 2425 1996 duplicitate
2458 1934 2513 1980 et
2557 1926 2859 1997 hypocrisi.
2917 1926 3047 1983 Mihi
3091 1927 3237 1981 enim
3284 1925 3456 1994 judici
3505 1939 3606 1978 vox
3654 1939 3685 1977 α

2095 2018 2204 2074 Deo
2243 2026 2393 2073 certe
2427 2019 2672 2073 insonuit
2709 2040 2721 2074 :
2759 2019 3060 2074 Paradisus
3094 2020 3196 2074 iste
3240 2019 3463 2072 cmleste
3502 2018 3683 2070 firma-

2094 2118 2337 2165 mentum
2397 2119 2660 2174 voeatur,
2740 2119 2793 2167 et
2838 2120 3158 2165 sanctorum
3200 2109 3490 2177 spirituum
3537 2108 3687 2170 vita,

2092 2204 2250 2272 cujus
2278 2203 2331 2257 in
2368 2203 2641 2273 principio
2676 2203 2957 2258 hominem
2985 2202 3218 2258 Creator
3248 2204 3515 2254 mliorem
3547 2216 3681 2255 con-

2092 2294 2294 2355 stituit,
2353 2294 2721 2364 cogitationes
2757 2309 3153 2364 sermonesque
3192 2291 3411 2347 divinos
3450 2306 3687 2361 operose

2089 2378 2499 2443 observantem.

2091 2496 2194 2552 107
2234 2496 2353 2551 Una
2384 2499 2433 2552 ei
2460 2497 2738 2551 interdixit
2770 2497 3081 2567 perfection
3111 2494 3320 2557 arbore,
3363 2502 3470 2548 etc.

2162 2586 2338 2643 Unius
2373 2596 2587 2643 tantum
2626 2589 2841 2643 fruetus
2874 2596 3092 2667 gustum
3130 2588 3304 2640 vetuit
3348 2584 3685 2640 Plasmator.

2090 2676 2246 2743 Quod
2280 2678 2444 2734 fuerit
2474 2678 2681 2749 aliquid
2724 2678 3013 2749 pulchrum
3062 2677 3116 2731 in
3162 2678 3308 2745 ligno
3352 2678 3451 2729 lmc
3494 2683 3686 2746 proto-

2093 2773 2306 2840 parenti
2345 2773 2684 2843 prohibitum
2713 2771 2900 2826 dicant
2924 2772 3037 2835 alii,
3067 2786 3176 2824 non
3210 2777 3402 2824 contra
3436 2768 3687 2833 invehar,

2091 2864 2185 2919 sed
2218 2865 2685 2921 considerationis
2726 2865 3042 2935 allegoriam
3094 2863 3339 2918 melioris
3379 2877 3544 2932 quam
3596 2878 3685 2916 se-

2092 2956 2334 3011 cundum
2360 2973 2522 3012 usum
2558 2958 2731 3012 Adam
2756 2957 2911 3010 illum
2945 2955 3248 3026 intelligere
3276 2954 3535 3019 fructum,
3564 2970 3690 3024 pro-

2092 3049 2236 3104 fecto
2270 3050 2612 3105 consentiam
2651 3050 2955 3119 magistro:
2991 3047 3123 3114 Quae
3162 3048 3440 3119 allegoria,
3477 3049 3683 3118 inquit,

2092 3140 2395 3210 perfectum
2424 3142 2480 3194 in
2506 3156 2567 3195 se
2600 3139 2720 3210 ipsa
2754 3140 3027 3209 judicium
3059 3138 3128 3193 de
3161 3140 3307 3193 bono
3333 3147 3386 3193 et
3419 3140 3562 3193 malo
3586 3139 3686 3193 lia-

2093 3233 2208 3295 bet,
2243 3243 2466 3303 accepta
2509 3234 2563 3286 in
2596 3232 2773 3302 ipsius
2809 3240 3057 3301 tempore
3093 3238 3427 3301 opportuno.
3475 3229 3691 3286 Idcirco

2089 3322 2353 3377 act-edere
2380 3320 2448 3375 ad
2479 3320 2650 3375 Deum
2684 3321 3101 3388 incipientibus,
3138 3320 3443 3377 infantibus
3473 3320 3688 3375 scilicet

2087 3422 2141 3469 et
2171 3412 2507 3483 imperfectis
2537 3412 2593 3466 in
2619 3411 2841 3466 Christo
2871 3426 2981 3464 non
3006 3413 3249 3481 expedit,
3295 3413 3389 3465 sed
3421 3421 3580 3466 aetate
3606 3411 3686 3464 in-

2091 3505 2351 3575 telligenti
2395 3505 2673 3574 provectis
2706 3511 2761 3557 et
2798 3503 2866 3557 iis
2901 3504 2995 3573 qui
3040 3503 3107 3557 ad
3157 3504 3410 3558 altiorem
3448 3503 3685 3572 spiritus

2088 3610 2402 3650 mensuram
2426 3597 2480 3649 in
2501 3596 2945 3651 consideratione
2971 3602 3024 3648 et
3050 3597 3308 3665 operibus
3330 3594 3534 3649 Christi
3566 3609 3684 3663 per-

2089 3696 2380 3744 venerunt.
2426 3688 2553 3743 Haec
2601 3703 2729 3743 vero
2784 3696 2997 3740 tantum
3046 3703 3281 3758 gravans
3327 3686 3686 3757 imperfectos

2090 3790 2358 3851 quantum
2394 3780 2555 3835 solidi
2586 3780 2694 3834 cibi
2734 3794 2830 3834 eos
2864 3779 2958 3850 qui
3006 3781 3147 3835 lacte
3189 3780 3368 3833 adhuc
3412 3776 3683 3846 indigent.

2093 3870 2199 3926 Sed
2234 3882 2520 3941 postquam
2548 3869 2721 3924 invidi
2746 3871 3101 3926 suasionibus
3124 3871 3328 3925 diaboli
3352 3877 3407 3922 et
3430 3869 3687 3923 mulieris

2089 3962 2506 4017 invitationibus
2540 3963 2740 4025 victus,
2772 3963 3001 4016 vetitum
3037 3962 3274 4017 fructum
3302 3969 3430 4015 ante
3464 3968 3687 4030 tempus

2090 4062 2145 4110 et
2178 4062 2376 4125 praeter
2411 4053 2731 4108 mandatum
2760 4057 3021 4123 gustavit,
3049 4054 3291 4124 pelliceis
3317 4054 3525 4109 tunicis
3552 4069 3680 4123 gra-

2090 4163 2208 4202 vem
2246 4155 2301 4201 et
2339 4147 2630 4201 mortalem
2671 4161 2897 4200 carnem
2943 4162 3065 4216 quae
3096 4147 3369 4201 successit
3407 4145 3586 4211 nitido
3628 4153 3682 4198 et

2091 4238 2302 4309 fulgido
2329 4238 2551 4307 corpori
2581 4237 2763 4291 letifer
2784 4238 3027 4301 vestivit,
3056 4239 3171 4308 ipse
3199 4238 3303 4292 sub
3332 4238 3417 4291 his
3440 4237 3506 4291 ad
3534 4254 3682 4291 mor-

2090 4342 2197 4386 tem
2218 4331 2560 4401 designatus.
2585 4329 2884 4401 Frangitur
2905 4342 3083 4385 autem
3113 4338 3395 4400 peccatum
3423 4346 3517 4400 per
3542 4346 3685 4384 mor-

2089 4434 2198 4477 tem
2243 4422 2315 4476 ita
2346 4433 2403 4475 ut
2432 4439 2542 4477 non
2570 4423 2643 4477 sit
2666 4431 2935 4476 mternum
2959 4423 3158 4475 malum
3177 4462 3191 4487 ,
3224 4430 3449 4476 auctore
3474 4423 3683 4492 optimo

2093 4513 2203 4569 Deo
2232 4534 2246 4570 :
2280 4513 2457 4569 Homo
2489 4530 2615 4570 vero
2646 4515 2764 4586 ipse

2096 4719 2193 4774 il?
2240 4718 2453 4788 Ejectus
2499 4737 2526 4774 ο
2553 4721 2811 4789 paradiso
2844 4721 2981 4775 venit
3006 4721 3061 4775 in
3099 4730 3295 4774 terram
3337 4738 3363 4771 e
3388 4736 3494 4787 qua
3532 4732 3682 4777 artus

3314 4790 3474 4862 μυῖαι,
3502 4801 3607 4846 etc.

2166 4905 2268 4961 llic
2321 4906 2426 4960 fuit
2476 4905 2771 4961 divisionis
2820 4905 3077 4973 fructus,
3149 4906 3285 4961 illud
3341 4908 3685 4977 comparavit

2094 4998 2260 5051 homo
2294 4998 2738 5067 transgressione
2765 5014 2865 5052 sua
2892 4998 3040 5068 quod
3086 4997 3354 5054 exciderit
3398 4998 3465 5053 de
3521 5014 3684 5069 para-

2092 5092 2292 5147 disoin
2328 5100 2532 5145 terram
2564 5106 2594 5146 e
2639 5107 2747 5161 qua
2794 5099 3049 5160 sumptus
3097 5099 3181 5146 est
3221 5106 3569 5155 reversurus,
3615 5090 3686 5145 ad

2092 5186 2260 5239 vitam
2293 5182 2575 5237 doloribus
2614 5182 2993 5253 aerumnisque
3036 5182 3296 5237 refertam
3351 5181 3680 5245 danmatus,

2094 5278 2251 5346 quin,
2300 5276 2449 5330 circa
2496 5276 2959 5344 pretiosissimum
2995 5276 3119 5330 vita:
3164 5277 3367 5345 lignum
3416 5276 3468 5328 in
3503 5276 3689 5328 medio

2093 5368 2354 5440 paradiso
2391 5367 2730 5422 intellectum
2778 5366 2926 5438 quod
2967 5382 3093 5423 esse
3153 5375 3337 5437 potest
3385 5366 3686 5435 purissima

2095 5462 2186 5516 Dei
2228 5460 2624 5530 contemplatio
2678 5469 2735 5515 et
2781 5460 3037 5516 sublimis
3104 5456 3687 5528 incomprehensibilis

2092 5554 2185 5607 Dei
2221 5553 2489 5624 cognitio,
2530 5553 2679 5607 circa
2711 5553 2818 5608 hoc
2848 5553 3080 5621 lignum,
3130 5552 3349 5623 igneum
3376 5551 3550 5620 ipsius
3589 5566 3679 5604 ze—

2087 5646 2219 5711 lum,
2245 5661 2404 5716 quem
2431 5645 2742 5701 flammeum
2766 5646 3007 5717 gladium
3031 5645 3217 5701 divina
3234 5645 3365 5698 dicit
3388 5644 3681 5713 Scriptura

2090 5748 2144 5794 et
2172 5738 2464 5794 Clierubim
2494 5745 2672 5805 vocat,
2708 5738 2982 5810 angelicas
3018 5739 3253 5793 virtutes
3286 5736 3413 5793 dico
3464 5746 3517 5793 et
3560 5750 3683 5792 c.—
