4186 6372
485 419 600 472 θην

495 539 663 596 lcstes
689 555 810 610 qua:
843 538 1099 610 indignos
1135 538 1384 595 dividant
1415 547 1470 596 et
1513 546 1770 601 arceant,-
1797 539 2072 609 disposuit

496 634 668 698 Deus,
706 650 774 688 ne
801 633 928 704 quis
959 648 1340 704 pracprOperus
1363 632 1534 688 Adam
1567 640 1622 686 et
1645 633 1863 700 spiritui
1888 640 2070 702 aptam

496 725 689 778 horam
722 725 1082 793 praveniens,
1111 741 1180 780 ne
1225 725 1351 794 quis
1395 722 1663 795 profanus
1720 730 1816 778 aut
1866 719 2070 789 malus,

493 829 611 868 non
633 812 861 882 abjectis
890 825 1052 869 antea
1091 814 1384 884 saporibus
1427 829 1588 883 paena
1633 812 1815 884 dignis
1859 812 2075 868 arboris

501 905 957 975 concupiscentia
1007 905 1292 971 carnalis,
1337 907 1462 960 vitae
1513 905 1718 976 lignum
1777 903 2074 975 appropin-

499 1011 671 1066 quare
698 995 916 1050 audeat.
954 1016 972 1047 ι
1007 994 1192 1066 Itaque
1242 1011 1274 1050 a
1314 995 1754 1057 vehementibus,
1805 1013 1827 1048 δ
1861 1004 1917 1050 et
1955 1009 2072 1064 seq.

501 1087 656 1143 Unde
693 1087 750 1140 lit
808 1096 869 1142 ut
917 1087 1245 1143 hiemalibus
1278 1086 1799 1157 vehementibusque
1841 1086 2074 1141 furenti-

497 1179 602 1234 bus
643 1179 899 1248 procellis
947 1181 1002 1232 in
1038 1178 1177 1232 mari
1220 1179 1484 1247 navigans
1509 1176 1674 1233 homo
1719 1185 1775 1233 et
1821 1178 1892 1234 ab
1936 1185 2073 1234 astu

497 1279 764 1339 exsputus
798 1270 850 1323 in
883 1270 1054 1324 altum
1086 1269 1416 1339 volutusque
1445 1279 1592 1324 retro
1637 1268 1908 1325 dedecore
1935 1285 1965 1323 a
1989 1271 2073 1326 via

497 1363 835 1429 deducatur;
878 1360 1076 1417 deinde
1114 1361 1418 1418 lenioribus
1466 1361 1644 1418 ventis
1694 1362 1809 1416 vela
1858 1362 2076 1433 scaphae.

497 1455 824 1522 permittens
885 1463 982 1508 aut
1050 1455 1350 1524 remigibus
1400 1462 1564 1512 utens
1618 1456 2074 1512 convenientibus

496 1545 676 1598 multo
737 1545 926 1600 labore
975 1545 1212 1614 spatium
1256 1547 1549 1618 denavigat
1592 1561 1776 1602 suum.
1823 1546 1890 1602 Et
1947 1563 2072 1613 nos,

496 1637 692 1705 inquit,
723 1637 912 1692 eodem
948 1639 1110 1693 modo
1130 1680 1145 1703 ,
1173 1653 1203 1692 a
1243 1638 1352 1694 Deo
1383 1640 1706 1712 elongamur
1744 1656 1843 1713 per
1886 1641 2075 1698 inube-

495 1727 761 1783 dientiam
817 1729 920 1783 sub
988 1731 1283 1800 spirituum
1341 1733 1613 1786 malorum
1669 1734 1968 1804 impetibus
2019 1743 2074 1791 et

497 1828 721 1888 peccato
755 1821 1147 1876 contundimur
1171 1829 1226 1877 et
1261 1829 1474 1888 morte;
1527 1821 1624 1877 sed
1648 1837 1869 1878 rursum
1913 1823 2074 1878 Chri-

494 1917 617 1967 stus
644 1908 806 1966 Jesus
831 1910 1038 1982 dirigit,
1071 1913 1229 1982 cujus
1249 1913 1408 1968 bonis
1437 1914 1648 1984 angelis
1680 1915 2072 1972 auxiliantibus

494 2010 548 2052 ct
579 1999 968 2068 adjuvantibus
1007 2001 1076 2056 ad
1124 2002 1464 2058 destinatum
1519 2015 1935 2076 persequentes,
1983 2009 2076 2063 vix

386 2084 390 2089 “
494 2089 676 2144 adhuc
703 2100 758 2146 et
792 2091 1070 2161 adjunctis
1117 2109 1226 2148 non
1269 2097 1481 2165 ignavis
1524 2098 1816 2152 conatibus
1868 2099 2078 2154 nostris

493 2197 593 2252 pro
618 2185 839 2253 pietate.
876 2184 1019 2238 viam
1053 2184 1120 2238 ad
1153 2185 1248 2240 Dei
1300 2187 1620 2257 paradisum
1661 2204 1884 2244 sursum
1936 2189 2074 2244 diri-

493 2272 693 2342 gimus.
746 2272 874 2328 llznc
910 2273 1013 2328 fuit
1069 2291 1098 2328 a
1130 2276 1309 2346 primo
1359 2287 1584 2346 parente
1628 2279 2072 2349 superseminata

491 2366 548 2417 in
579 2379 753 2435 genus
780 2365 1082 2420 humanum
1111 2383 1234 2438 quae
1261 2369 1590 2437 germinavit
1634 2371 1831 2440 culpa;
1863 2386 1972 2424 non
2010 2372 2067 2426 in

493 2457 766 2528 principio
813 2460 1113 2524 exsistens,
1174 2477 1294 2531 qua:
1365 2478 1431 2517 ex
1476 2462 1670 2518 ordine
1725 2463 1782 2517 in
1831 2470 2069 2534 segetem

492 2547 860 2604 abundantem
915 2548 1160 2606 letiferos
1212 2551 1365 2606 dedit
1424 2553 1665 2621 fructus,
1709 2555 1917 2625 quibus
1968 2571 2071 2609 nos

492 2638 652 2706 plene
684 2640 1007 2709 puriﬁcans,
1032 2656 1067 2696 ο
1111 2640 1330 2698 Christe
1373 2640 1540 2708 Deus,
1565 2659 1663 2714 per
1705 2653 1852 2699 tuam
1903 2646 2069 2702 bene-

489 2729 809 2800 dictionem,
835 2734 1052 2804 justitia
1086 2742 1179 2790 tua
1210 2744 1264 2791 et
1295 2750 1428 2806 pace
1451 2745 1506 2792 et
1539 2736 1718 2808 gratia
1749 2739 1899 2808 reple
1931 2755 2062 2803 nos.

491 2825 584 2893 qui
615 2827 769 2881 solus
793 2826 1118 2884 benedictus
1160 2843 1221 2884 es
1265 2837 1320 2884 et
1363 2829 1703 2900 gloriﬁcatus
1743 2831 1799 2886 in
1842 2833 2065 2890 saecula.

489 2920 682 2974 Anien.

488 3099 912 3179 Commentariun
948 3120 1276 3179 organorum
1309 3105 1516 3179 Magni
1537 3105 1780 3176 Gregorii
1816 3107 2067 3179 Tlteolugi

557 3174 891 3256 carminum;
925 3173 989 3227 de
1018 3174 1370 3230 Testamentis
1399 3173 1897 3245 EtManifbstatione
1916 3173 2067 3234 Ultri-

559 3251 651 3309 ετξ,
677 3259 850 3296 sermo
880 3253 1116 3298 octavus.

559 3332 787 3388 Peracto
843 3335 1150 3406 dogmatico
1182 3335 1251 3393 de
1291 3336 1474 3392 anima
1521 3355 1777 3396 sermone
1830 3342 2066 3410 septimo

485 3427 816 3482 excellenter
845 3443 876 3482 a
929 3427 1043 3484 Deo
1089 3429 1290 3486 ductus
1342 3429 1640 3502 Gregorius
1684 3434 1810 3488 inde
1841 3433 1906 3488 ad
1958 3435 2068 3488 duo

485 3526 836 3582 testamenta,
869 3529 1024 3576 vetus
1080 3530 1136 3577 et
1197 3537 1419 3590 novum,
1469 3533 1564 3577 aut
1627 3525 1696 3580 ad
1743 3526 1916 3596 legem
1971 3525 2066 3581 Dei

487 3611 708 3665 transit.
795 3610 1006 3666 Etenim
1073 3614 1128 3668 in
1195 3613 1481 3684 Scriptura
1538 3617 1623 3671 lex
1681 3633 1778 3687 per
1827 3616 2066 3689 Moysem

485 3703 742 3773 primitus
770 3705 916 3773 data,
944 3715 1108 3778 atque
1137 3709 1315 3777 gratia
1339 3717 1394 3764 et
1421 3713 1623 3766 veritas
1661 3710 1940 3782 Evangelii
1982 3727 2069 3767 se-

483 3795 667 3848 cundo
698 3811 794 3864 per
840 3793 1028 3851 Jesum
1082 3797 1367 3854 Christum
1424 3799 1588 3867 facta,
1631 3817 1743 3856 una
1803 3802 1890 3857 lex
1938 3809 2070 3856 sunt

484 3884 711 3952 spiritus
745 3886 870 3941 vitae
902 3887 996 3957 qui
1038 3887 1094 3941 in
1135 3885 1266 3943 Jesu
1327 3888 1553 3946 Christo
1606 3907 1693 3947 me
1741 3892 1995 3948 liberavit
2039 3911 2068 3947 a

483 3977 603 4048 lege
638 3979 848 4046 peccati
881 3988 936 4034 et
957 3981 1176 4036 mortis.
1205 3981 1324 4036 Duo
1364 3989 1694 4038 testamenta
1741 3985 1894 4040 dicta
1939 3994 2070 4041 sunt

481 4086 549 4126 eo
572 4073 717 4143 quod
753 4073 972 4129 duobus
1002 4075 1366 4145 temporibus.
1403 4077 1535 4131 olim
1563 4085 1622 4133 et
1648 4095 1820 4146 nunc,
1846 4091 1901 4135 et
1925 4080 2067 4151 apud

483 4171 624 4219 duos
650 4164 842 4230 Israel,
896 4175 1134 4221 veterem
1179 4177 1235 4220 et
1285 4181 1488 4221 novum
1555 4169 1767 4238 prolata
1835 4172 1906 4224 sit
1959 4171 2065 4224 lex.

482 4257 620 4312 Aliis
655 4257 874 4326 quidem
907 4259 1152 4327 potentia
1176 4259 1298 4329 ejus
1335 4259 1392 4313 in
1442 4260 1725 4329 parabolis
1769 4269 1823 4316 et
1880 4261 2069 4332 ﬁguris

487 4348 818 4403 adumbrata
873 4359 979 4417 est,
1035 4357 1226 4421 utpote
1277 4351 1372 4422 qui
1427 4353 1683 4408 tardioris
1738 4353 1966 4423 spiritus
2015 4362 2072 4409 et

484 4439 822 4510 imperfecti;
859 4457 1002 4496 novo
1041 4457 1171 4496 vero
1228 4443 1428 4512 populo
1475 4445 1684 4498 clarius
1736 4452 1791 4499 et
1848 4443 1959 4499 Deo
1993 4444 2070 4500 di-

484 4533 671 4602 gnius,
702 4532 861 4600 quasi
896 4540 1045 4589 esset
1073 4533 1376 4589 eruditiore
1416 4537 1580 4590 oculo
1643 4545 1696 4591 et
1722 4536 2062 4606 perfectiori,

483 4625 847 4696 evangelizati
872 4634 1004 4680 sunt
1053 4626 1110 4680 in
1141 4625 1365 4682 Christo
1408 4626 1539 4682 Jesu
1593 4627 1748 4698 regni
1796 4629 2064 4684 caelorum

483 4719 828 4790 splendores.
870 4719 1164 4776 Videamus
1194 4737 1263 4775 ne
1292 4722 1418 4777 vilis
1449 4721 1521 4778 sit
1541 4737 1747 4783 sermo,
1779 4731 1836 4778 et
1875 4723 2061 4778 heroi-

489 4827 687 4867 corum
738 4813 1048 4868 carminum
1100 4823 1266 4882 atque
1307 4814 1593 4884 elegantiae
1640 4813 1845 4871 Graecae
1895 4816 2065 4871 ardua

483 4905 733 4974 plurimis
775 4905 1035 4976 ingeniis.
1079 4921 1177 4977 pro
1209 4921 1370 4976 posse
1410 4916 1622 4972 nostro,
1659 4907 1946 4978 theologia:
1981 4909 2065 4964 di-

485 4997 596 5051 vini
629 4999 1056 5056 sermocinantis
1090 5014 1256 5070 quam
1287 4999 1576 5054 minimum
1629 4999 1867 5071 impares
1942 5001 2068 5057 illu-

485 5096 748 5145 stremus.

486 5269 510 5321 l
560 5267 661 5324 Eia
708 5287 803 5340 age
837 5281 886 5326 et
923 5272 1196 5342 utriusque
1221 5270 1350 5338 legis
1386 5271 1644 5325 rationem
1666 5271 1920 5342 expende,
1954 5283 2060 5328 etc.

559 5432 692 5504 Age,
733 5432 891 5501 quasi
924 5447 1047 5487 cum
1084 5431 1258 5486 altero
1284 5430 1606 5500 colloquens
1634 5430 1818 5495 divus,
1852 5444 2064 5486 sermo-

487 5540 611 5580 nem
638 5524 708 5579 de
729 5524 936 5595 duplici
979 5526 1096 5595 lege
1153 5525 1433 5595 perquire,
1483 5525 1665 5594 inquit
1707 5524 1826 5593 ipse
1867 5522 2064 5577 animae

487 5632 605 5672 suae
647 5638 658 5672 :
699 5615 899 5686 duplex
926 5617 1074 5670 enim
1111 5624 1197 5671 est
1223 5621 1381 5672 vetus
1419 5624 1474 5671 et
1509 5630 1674 5680 nova,
1714 5607 2064 5666 manifestata

559 5755 608 5817 (l
623 5755 674 5835 l_)
710 5755 992 5835 Ἐφ’-τίσει.
1055 5755 1113 5809 In
1156 5755 1347 5835 codice
1396 5757 1660 5835 scriptum
1701 5764 1785 5835 cst
1821 5753 2056 5835 έγγίρει,

490 5832 694 5895 puncto
757 5827 1002 5879 litteram
1057 5824 1527 5894 superimposito,
1583 5825 1728 5893 quod
1789 5824 2062 5895 signiﬁcat

491 5894 885 5953 dubitationem
912 5904 1006 5949 aut
1024 5896 1453 5965 corruptionem.
1497 5895 1561 5953 ν.
1582 5895 1749 5950 Bastii
1767 5894 2039 5952 Comment

1825 423 2126 481 NICETAS

2197 421 2404 478 DAVID
3562 459 3572 469 ι
3647 423 3754 482 700

2177 539 2322 607 φημὶ
2351 537 2414 608 δή
2449 532 2542 589 καὶ
2576 533 2868 606 οὐρανίας,
2915 534 3041 600 τούς
3074 533 3330 602 ἀναξίους
3359 533 3759 604 ἀποκλειούσας

2175 627 2268 681 καὶ
2297 624 2818 690 ἀποδιαπελλούσας
2843 625 3088 692 διέταξεν
3132 628 3162 680 ό
3204 625 3357 690 Θεὸς,
3388 627 3537 692 ὅπως
3563 629 3754 700 μηδεὶς

2174 717 2444 790 προώριος
2471 718 2640 788 Ἀδὰμ
2661 719 2757 772 καὶ
2780 718 2878 790 τήν
2902 718 3279 790 πνευματικὴν
3307 718 3526 791 ἡλικίαν
3553 721 3750 793 ἄωρος,

2177 812 2364 882 μηδεὶς
2389 809 2612 880 βέϐηλος
2645 811 2740 864 καὶ
2768 809 2957 875 κακὸς,
2983 810 3114 882 πρὶν
3138 810 3288 882 ἢτοῦ
3311 811 3410 883 τῆς
3438 812 3755 883 σαρκὼδους

2174 903 2471 974 ἐπιθυμίας
2501 902 2670 972 φυτοῦ
2705 901 2802 974 τήν
2835 903 3191 975 κολαστήριον
3213 902 3402 972 γεῦσιν
3430 907 3644 973 φυγεῖν,
3675 906 3756 977 τῷ

2175 1000 2273 1070 τῆς
2305 997 2452 1068 ζωῆς
2485 996 2694 1066 ἐγγίσει
2721 979 2834 1064 (ll)
2875 995 3048 1068 φυτῷ.
3094 1015 3113 1048 ι
3173 997 3260 1061 Ὦς
3284 997 3330 1050 δ’
3361 998 3452 1052 ὑπ’
3477 999 3694 1069 ἀήταις,
3727 1019 3748 1052 ι

2175 1105 2230 1141 κ.
2261 1104 2313 1141 τ.
2345 1087 2643 1158 ἐξ.Ὢσπερ
2674 1087 2780 1141 ὑπὸ
2801 1090 3130 1160 χειμερινοῖς
3151 1089 3246 1142 καὶ¹
3272 1087 3469 1159 βιαίοις
3506 1089 3753 1161 πνεύμα-

2177 1198 2262 1234 σιν
2296 1181 2584 1252 ἄνθρωπος
2624 1180 2806 1235 πλέων
2836 1179 2934 1253 τὴν
2963 1179 3260 1245 θάλασσαν,
3304 1182 3400 1236 καὶ
3442 1182 3544 1252 τῆς
3581 1184 3660 1247 είς
3692 1182 3754 1237 τὸ

2176 1271 2366 1343 πρόσω
2411 1271 2582 1340 φορᾶς
2613 1270 2984 1342 ἐκκρουσθεὶς,
3020 1271 3114 1324 καὶ
3142 1269 3542 1336 κλυδωνισθεὶς,
3574 1276 3654 1338 είς
3685 1275 3754 1327 τὰ

2174 1363 2350 1418 ὀπίσω
2388 1363 2710 1436 παλίνορσος
2744 1365 2860 1435 μετ’
2888 1363 3149 1436 αἰσχύνης
3181 1365 3530 1436 ἀπεστράφη,
3565 1365 3755 1421 ἔπειτα

2176 1456 2402 1527 πάλινῆ
2444 1456 2772 1529 πραϋτέροις
2809 1456 3084 1528 πνεύμασι
3121 1457 3192 1512 τὰ
3233 1460 3377 1514 ἱστία
3421 1459 3516 1514 τοῦ
3567 1460 3753 1514 πλοίου

2174 1549 2364 1613 διῖεὶς,
2402 1548 2676 1620 ήὲρέταις
2727 1549 3074 1621 χρησάμενος
3107 1550 3384 1624 δοκίμοις,
3433 1553 3530 1606 σὺν
3575 1552 3756 1623 πολλῷ

2176 1639 2322 1708 πόνῳ
2349 1637 2440 1691 τὸν
2467 1639 2664 1691 οἰκεῖον
2689 1637 2984 1710 ὲξεπέρανε
3014 1640 3210 1693 πλοῦνο
3232 1640 3441 1704 τοῦτον,
3475 1643 3631 1712 φησὶ,
3658 1644 3755 1696 καὶ

2175 1732 2336 1802 ἡμεῖς
2364 1728 2456 1782 τὸν
2477 1729 2677 1800 τρόπον
2703 1729 2797 1782 τοῦ
2818 1729 2954 1783 Θεοῦ
2987 1729 3086 1801 μὲν
3115 1732 3440 1796 ἐκπεσόντες
3469 1733 3558 1786 διὰ
3579 1751 3758 1806 παρα-

2177 1821 2407 1884 ϐάσεως,
2423 1821 2747 1892 πνευμάτων
2763 1821 2818 1874 δὲ
2838 1823 3089 1894 πονηρῶν
3109 1824 3385 1878 ὲπιθέσεσι
3401 1827 3464 1896 τῇ
3489 1843 3549 1878 τε
3574 1826 3755 1898 ἁμαρ-

2175 1915 2268 1987 τίᾳ
2295 1913 2743 1986 κατατριϐόμενοι
2776 1915 2872 1968 καὶ
2893 1913 2972 1985 τῷ
3000 1913 3235 1986 Θανάτῳ,
3262 1911 3419 1980 αὖθις
3440 1916 3496 1970 δὲ
3515 1916 3754 1988 Χριστοῦ

2191 2004 2367 2076 Ἰησοῦ
2402 2004 2757 2076 κυϐερνήτου,
2801 2003 2910 2058 τῶν
2940 2003 3158 2073 ἀγαθῶν
3187 2004 3245 2057 δὲ
3284 2003 3476 2058 τούτου
3505 2005 3756 2074 ἀγγέλων

2175 2097 2555 2168 εὐστοχοῦντες
2604 2095 2812 2166 βοηθῶν
2877 2097 2972 2150 καὶ
3036 2097 3347 2164 συνεργῶν,
3411 2097 3564 2168 μόλις
3614 2096 3758 2151 οὕτω

2178 2193 2274 2244 σὺν
2301 2190 2401 2243 οὐκ
2425 2188 2673 2258 ἀγεννέσι
2699 2189 2814 2252 τοῖς
2847 2189 3137 2260 ἡμετέροις
3167 2189 3310 2261 ύπὲρ
3341 2189 3626 2253 εὐσεϐείας
3656 2189 3752 2242 πό-

2175 2297 2288 2344 νοις
2312 2278 2404 2332 τὺν
2431 2278 2568 2351 πρὸς
2606 2276 2719 2332 ἀνω
2757 2277 2851 2332 τοῦ
2905 2278 3042 2331 Θεοῦ
3076 2278 3404 2349 παράδεισον
3432 2279 3759 2333 κατευθυνο-

2177 2372 2319 2444 μεθα
2344 2371 2530 2428 πλοῦν.
2566 2371 2800 2443 Τοιαύτη
2835 2373 2931 2443 μὲν
2960 2373 3069 2427 ἀπὸ
3094 2373 3188 2426 τοῦ
3220 2373 3646 2444 πρωτοπλάστου
3674 2373 3754 2443 τῷ

2173 2464 2495 2535 ἀνθρωπίνῳ
2535 2463 2682 2532 γένει
2723 2464 3076 2534 νεόσποροςή
3109 2463 3356 2534 ἁμαρτία
3399 2466 3620 2532 φυεῖσα,
3651 2465 3754 2517 οὐκ

2172 2557 2425 2628 ἀνάρχως
2449 2552 2606 2621 οὖσα,
2627 2555 2716 2608 διὰ
2739 2554 2848 2608 τῶν
2871 2553 3127 2624 καθεξῆς.
3151 2556 3231 2618 εἰς
3259 2555 3460 2625 στάχυν
3488 2553 3756 2626 πολύχουν

2172 2649 2264 2703 τὸν
2294 2648 2641 2720 ὀλεθροτόκον
2671 2646 2843 2716 αὐτῆς
2873 2646 3109 2701 ἀνέδωκε
3143 2647 3374 2718 καρπὸν,
3399 2640 3459 2701 οὗ
3485 2647 3580 2700 καὶ
3608 2648 3755 2716 ἡμᾶς

2171 2743 2518 2796 παντάπασιν
2565 2739 3094 2811 ἀνακαθηράμενος,
3150 2739 3352 2810 Χριστὲ
3383 2741 3412 2792 ὁ
3445 2738 3608 2804 Θεὸς,
3657 2739 3756 2810 τῆς

2171 2834 2269 2905 σῆς
2294 2833 2559 2901 εὐλογίας,
2592 2832 2695 2901 τῆς
2751 2831 2852 2902 σῆς
2890 2831 3234 2903 δικαιοσύνης
3267 2831 3361 2884 καὶ
3401 2833 3627 2904 εἰρήνης
3663 2832 3758 2884 καὶ

2169 2923 2531 2996 χρηστότητος
2575 2924 2882 2995 πλήρωσον,
2934 2923 3017 2976 ὅτι
3058 2923 3219 2994 μόνος
3259 2923 3547 2995 εὐλογητὸς
3591 2919 3642 2977 εἴ
3667 2924 3760 2977 καὶ

2167 3014 2552 3085 δεδοξασμένος
2582 3016 2659 3077 είς
2687 3014 2815 3077 τοὺς
2843 3013 3065 3077 αἰῶνας.
3117 3014 3310 3085 Ἀμήν.

2182 3107 2506 3178 Ἐξήγησις
2538 3105 2657 3160 τῶν
2686 3105 3042 3178 ἀπορρήτων
3093 3106 3197 3160 τοῦ
3224 3106 3495 3175 μεγάλου
3541 3110 3761 3178 Γρηγο-

2229 3175 2370 3248 plac
2405 3177 2511 3248 τοῦ
2559 3178 2851 3245 Θεολόγου
2900 3175 3065 3230 ἐπῶν
3084 3194 3099 3207 ι
3135 3177 3269 3246 περὶ
3305 3177 3612 3246 Διαθηκῶν
3651 3175 3752 3234 καί

2235 3247 2584 3317 ἐπιφανείας
2607 3247 2888 3316 Χριστοῦ,
2913 3248 3094 3316 λόγος
3121 3253 3174 3315 η’
3204 3248 3341 3320 (12).

2239 3339 2570 3402 Συντελέσας
2595 3339 2722 3402 τοὺς
2757 3338 3122 3410 δογματικοὺς
3164 3339 3296 3411 περὶ
3337 3339 3518 3411 ψυχῆς
3565 3341 3758 3409 λόγους

2169 3434 2235 3499 ζ’,
2263 3435 2293 3487 ό
2323 3429 2802 3502 θεωρητικώτατος
2835 3429 3134 3503 Γρηγὸριος
3158 3471 3174 3496 ,
3209 3429 3458 3485 ἐντεῦθεν
3493 3433 3619 3504 περὶ
3651 3432 3760 3485 τῶν

2167 3526 2261 3580 δύο
2298 3522 2601 3593 Διαθηκῶν,
2639 3521 2888 3586 Παλαιᾶς
2939 3539 2998 3574 τε
3049 3523 3143 3576 καὶ
3189 3523 3418 3594 Καινῆς,
3468 3525 3586 3596 ήτοι
3630 3526 3759 3597 περὶ

2167 3617 2334 3687 νόμου
2367 3615 2500 3669 Θεοῦ
2523 3655 2537 3678 ,
2598 3613 2976 3686 διαλαμϐάνει.
3009 3614 3077 3668 Ὀ
3125 3632 3186 3668 τε
3233 3614 3342 3687 γὰρ
3379 3618 3436 3669 έν
3468 3618 3761 3689 γράμματι

2167 3709 2331 3780 νόμος
2361 3709 2449 3762 διὰ
2475 3708 2751 3773 Μωῦσέως
2783 3708 3000 3780 πρῶτον
3051 3708 3354 3780 δεδομένος,
3411 3711 3442 3780 ῆ
3487 3727 3547 3763 τε
3601 3711 3761 3783 χάρις

2169 3799 2264 3852 καὶ
2297 3799 2330 3870 ή
2362 3797 2589 3869 ἀλήθεια
2627 3797 2718 3850 τοῦ
2761 3797 3092 3866 Εὐαγγελίου
3125 3797 3188 3850 τὸ
3227 3798 3478 3869 δεύτερον
3525 3799 3614 3854 διὰ
3657 3802 3760 3871 Ἰη-

2170 3891 2265 3944 σοῦ
2311 3889 2545 3962 Χριστοῦ
2595 3889 2955 3960 γεγενημένη,
2990 3883 3072 3952 εἷς
3099 3889 3262 3959 νόμος
3303 3890 3418 3943 ἐστὶ
3463 3890 3557 3944 τοῦ
3593 3892 3762 3946 Πνεύ-

2173 3999 2338 4054 ματος
2375 3983 2474 4052 τῆς
2507 3981 2674 4052 ζωῆς,
2718 3981 2778 4045 ὃς
2830 3984 2887 4034 ὲν
2920 3981 3139 4053 Χριστῷ
3185 3981 3361 4054 Ἰησοῦ
3427 3983 3759 4055 ὲλευθέρωσέ

2173 4089 2241 4143 με
2281 4072 2389 4126 ἀπὸ
2428 4070 2522 4124 τοῦ
2573 4071 2738 4142 νόμου
2777 4071 2876 4142 τῆς
2923 4071 3201 4142 ἁμαρτίας
3239 4073 3332 4127 καὶ
3366 4073 3459 4126 τοῦ
3497 4074 3760 4129 θανάτοψ

2169 4163 2262 4216 δύο
2292 4162 2349 4215 δὲ
2379 4161 2644 4232 Διαθῆκαι
2677 4161 2924 4232 είρηνται
2962 4161 3041 4231 τῷ
3088 4164 3147 4214 έν
3199 4163 3346 4217 δυοῖν
3376 4165 3608 4235 χρόνοις,
3657 4165 3763 4232 πάρ-

2170 4255 2257 4309 λαι
2303 4257 2395 4308 καὶ⁵
2421 4253 2536 4319 νῦν,
2585 4255 2678 4308 καὶ
2721 4255 2866 4308 δυοῖν
2923 4255 3138 4328 Ἰσραὴλ
3177 4255 3255 4328 τῷ
3299 4256 3511 4327 παλαιῷ
3544 4275 3765 4328 νενομο-

2171 4346 2428 4418 θετῆσθαι
2458 4348 2553 4400 καὶ
2582 4345 2658 4418 τῷ
2691 4345 2883 4418 καινῷ,
2916 4347 3012 4400 καὶ
3042 4347 3120 4419 τῷ
3155 4350 3253 4419 μὲν
3285 4349 3382 4421 τὴν
3417 4349 3582 4405 αὐτοῦ
3604 4350 3762 4404 δύνα-
3875 4388 3881 4393 -

2175 4459 2266 4511 μιν
2293 4441 2368 4505 ὼς
2395 4442 2453 4494 ὲν
2480 4441 2815 4512 παραϐολαῖς
2846 4443 2940 4494 καὶ
2973 4446 3152 4506 σκιαῖς
3185 4443 3541 4497 ὐποτυπῶσαι
3585 4462 3761 4516 παχυ-

2171 4527 2317 4600 τέρῳ
2340 4529 2432 4582 τὸν
2455 4527 2580 4582 νοῦν
2611 4530 2726 4582 δντι
2761 4529 2855 4582 καὶ
2879 4529 3077 4597 ἀτελεῖ,
3113 4531 3191 4601 τῷ
3231 4532 3401 4603 καινῷ
3426 4533 3481 4586 δὲ
3525 4533 3638 4604 λαῷ
3667 4536 3766 4604 ἐμ-

2173 4620 2504 4692 φανέστερον
2535 4619 2628 4674 καὶ
2654 4620 3118 4692 θεοπρεπέστερον
3146 4622 3220 4686 ὼς
3244 4623 3637 4696 ὀξυωπεστέρῷ
3671 4626 3765 4679 καὶ

2172 4714 2489 4786 τελειοτέρῳ
2517 4714 2616 4777 τὰς
2643 4713 2745 4783 τῆς
2773 4714 3051 4785 βασιλείας
3089 4716 3197 4769 τῶν
3237 4717 3504 4788 οὐρανίων
3535 4719 3766 4787 εὐαγγε⁹

2172 4808 2422 4864 λίσασθαι
2455 4809 2514 4862 ὲν
2555 4806 2775 4878 Χριστῷ
2815 4807 2990 4879 Ἰησοῦ
3020 4809 3408 4881 μαρμαρυγὰς.
3440 4811 3671 4881 Ἰδωμεν
3706 4811 3764 4865 δὲ

2175 4905 2268 4957 καὶ
2303 4903 2401 4975 τὴν
2433 4899 2766 4972 ίσχνολογίαν
2804 4899 2906 4970 τῆς
2945 4901 3216 4974 φράσεως,
3253 4902 3346 4954 καὶ
3370 4902 3479 4955 τῶν
3511 4903 3766 4974 ήρωῖκῶν

2177 4993 2392 5064 μέτρων
2438 4990 2534 5044 καὶ
2580 4988 2778 5053 λέξεων
2819 4989 3146 5061 Ἑλληνικῶν
3197 4989 3259 5043 τὸ
3287 4989 3610 5060 ,δύσληπτον
3656 4993 3766 5054 τοῖς

2177 5083 2389 5146 πολλοῖς
2437 5083 2510 5145 ὼς
2551 5077 2654 5134 οἶοί
2698 5097 2756 5134 τε
2801 5081 2969 5151 έσμεν
3013 5080 3389 5151 όμαλίσαντες,
3418 5083 3484 5152 τῇ
3521 5081 3766 5152 θεολογίξι

2173 5176 2267 5230 τοῦ
2301 5173 2658 5244 θεοφάντορος
2687 5171 3194 5243 καταλαμπώμεθα.

2178 5271 2198 5323 l
2236 5266 2399 5336 Δεῦρ’
2443 5266 2551 5336 ἆγε
2590 5265 2688 5320 καί
2726 5263 2965 5318 δισσοῖο
3014 5265 3203 5334 νόμου
3233 5265 3422 5333 λόγον
3449 5264 3761 5409 ἐξερέεὶινε,

3574 5352 3639 5388 κτ
3679 5377 3692 5389 .

3574 5352 3692 5389 κτλ.

2244 5429 2378 5496 Ἀγε
2407 5427 2490 5498 δὴ,
2523 5428 2706 5497 φησὶν,
2750 5425 2826 5488 ὼς
2865 5423 3003 5494 πρὸς
3046 5424 3233 5495 ἕτερον
3264 5425 3293 5477 ό
3334 5423 3606 5488 θειότατος
3633 5427 3768 5478 ἀποο

2169 5520 2495 5590 τεινόμενος,
2525 5517 2616 5570 τὸν
2651 5517 2779 5588 περὶ
2807 5517 2899 5569 τοῦ
2929 5515 3118 5570 διπλοῦ
3146 5517 3312 5586 νόμου
3363 5515 3520 5586 λόγον
3549 5515 3768 5588 έξερευυ

2170 5630 2258 5676 να,
2287 5615 2354 5684 τῇ
2393 5608 2582 5663 ἑαυτοῦ
2619 5607 2924 5677 διαλέγεται
2965 5608 3148 5680 ψυχῇο
3194 5607 3413 5671 διπλοῦς
3441 5606 3552 5681 γὰρ
3587 5602 3762 5673 οὗτος,

2165 5758 2444 5824 palwogr.,
2472 5767 2524 5821 p.
2547 5749 2884 5824 855;!taque
2911 5750 3075 5824 etiam
3117 5750 3284 5824 scribi
3317 5756 3498 5824 potest
3534 5748 3750 5824 ξγγίσῃ.

2241 5819 2357 5894 (ίῖἱ
2402 5819 2605 5877 Arcan.
2647 5819 2896 5894 Vlll,:p.
2955 5821 3183 5894 lA7_3_ed.
3223 5823 3416 5878 Colon.
3468 5819 3579 5892 [οὐ.
3629 5819 3758 5878 nov.

2169 5891 2340 5953 carm.
2373 5897 2406 5952 9
2436 5894 2530 5950 lib.
2564 5909 2602 5960 ι,
2641 5903 2774 5949 sect.
2813 5893 2858 5959 l,
2888 5907 2942 5962 p.
2966 5891 3082 5964 ιι]
