4186 6372
443 423 539 482 7η
1434 424 1501 481 IN
1538 426 1848 484 CAlullNA
1887 422 2167 485 ARCANA
2241 426 2299 483 Β.
2357 426 2709 485 GREGORII.
3604 427 3713 487 70'!

436 546 513 612 ὥς
555 545 787 612 παλαιὸς
830 547 925 602 καὶ
960 542 1080 612 νέος
1130 546 1408 618 ἐκφανεὶς,
1459 550 1551 602 καὶ
1608 548 2033 619 πιαγραφὴσας

441 637 543 709 μιν
571 638 737 692 αὑτοῦ
767 637 867 709 τὴν
908 637 1135 708 δύναμιν
1163 639 1222 692 ἐν
1253 639 1482 709 Μωῠσῇ,
1516 638 1945 707 τηλαυγέστερον
1970 635 2029 688 δέ

440 730 541 802 τὴν
584 727 751 784 αὐτοῦ
781 729 940 796 δόξαν
988 730 1077 783 διὰ
1124 729 1301 801 Ἰησοῦ
1334 729 1709 799 ’ἀνακαλύψας
1758 727 2025 801 Χριστοῦ·

445 821 540 877 καὶ
568 822 752 891 ἐπειδὴ
786 824 905 876 κατ’
930 822 1103 892 ἀρχὰς
1141 823 1381 893 Ἑϐραῖοι
1410 822 1475 876 δι’
1518 822 1769 892 Ἀϐραὰμ
1796 823 1890 875 καὶ
1920 821 2030 874 τῶν

439 915 695 983 πατέριον
740 913 832 967 τὸν
880 914 1229 984 παμϐασιλέα
1270 915 1476 986 πρῶτοι
1522 915 1836 984 ἐπέγνωσαν
1874 914 2029 979 Θεὸν,

442 1004 671 1067 εἰκότως
718 1004 816 1057 καὶ
864 1005 1070 1076 πρῶτοι
1108 1004 1200 1060 τὸν
1226 1006 1390 1077 νόμον
1435 1006 1784 1076 ὑπεδέχοντοο
1822 1007 2031 1077 καιροῖς

440 1096 498 1149 δὲ
526 1096 675 1159 ἰδίοις
702 1096 791 1149 διὰ
833 1096 930 1149 τοῦ
976 1098 1312 1165 Μονογενοῦς
1347 1099 1426 1162 είς
1460 1097 1531 1151 τά
1567 1098 1711 1168 ἄκρα
1743 1095 2030 1165 εὐαγγελί-

442 1188 593 1254 ζεται
625 1189 727 1260 τῆς
753 1190 874 1260 γῆς.
909 1188 1030 1244 Ὅτι
1068 1189 1125 1243 δὲ
1169 1185 1248 1249 εἷς
1280 1184 1434 1253 οὗτός
1461 1192 1608 1243 ἐστιν
1647 1192 1676 1243 ὁ
1706 1189 1887 1259 νόμος,
1921 1188 2035 1242 ῶσ-

448 1299 555 1354 περ
581 1282 676 1336 καὶ
699 1284 727 1335 ὁ
756 1280 1077 1353 νομοθέτης,
1109 1281 1166 1334 ἐν
1188 1299 1250 1335 τε
1278 1284 1344 1353 τῇ
1372 1280 1586 1352 Παλαιᾷ
1610 1282 1704 1334 καὶ
1733 1283 1800 1352 τῇ
1826 1281 2027 1350 Καινῇ,

440 1374 590 1439 ἄξιον
618 1373 838 1437 εἰδέναι,
864 1373 940 1437 ὡς
968 1373 1067 1427 οὐκ
1104 1373 1534 1444 ἐναντιουμένοις
1568 1373 1831 1441 δόγμασιν
1863 1372 1897 1442 ἢ
1930 1387 2031 1423 πα-

442 1465 771 1536 λιμεούλοις,
825 1466 918 1519 καὶ
975 1464 1147 1519 ἄλλοτ’
1185 1464 1370 1525 ἄλλαις
1419 1463 1783 1526 διδασκαλίαις
1824 1465 1853 1516 ὁ
1901 1462 2034 1526 Θεὸς

440 1550 550 1605 τῶν
598 1550 854 1620 γνὼσεων
898 1551 989 1604 τὸν
1043 1551 1328 1623 ἄνθρωπον
1373 1552 1496 1620 ἄγει
1535 1552 1669 1623 πρὸς
1714 1552 2030 1620 ἐπίγνωσιν,

444 1641 633 1714 ὥσπερ
676 1661 760 1706 τις
810 1644 1103 1709 ἀσύνθετος
1152 1644 1246 1697 καὶ
1294 1643 1659 1714 παλίμϐουλος
1688 1645 1827 1714 ἀνὴρ
1860 1643 2033 1714 ἐαυτῷ

446 1734 774 1805 μαχόμενος,
844 1735 878 1806 ἢ
934 1735 1027 1789 ἐπὶ
1080 1737 1192 1798 τοῖς
1257 1735 1542 1807 προτέροις
1592 1734 1726 1790 ἄλλα
1773 1752 2034 1807 προσεπι-

443 1825 579 1879 νοῶν
601 1843 614 1855 ·
656 1826 834 1895 ἄπαγε
886 1826 984 1897 τὴν
1032 1824 1368 1897 χαμαίζηλον
1403 1818 1667 1897 ὑπόληψιν
1693 1828 1801 1881 ἀπὸ
1834 1827 1928 1880 τοῦ
1964 1827 2033 1882 τά

442 1919 621 1972 πάντα
660 1919 764 1989 πρὸ
794 1922 892 1990 τῆς
925 1920 1103 1974 αὐτῶν
1136 1920 1402 1990 γενέσεως
1432 1920 1750 1992 ὡρισμένως
1771 1921 1863 1974 καὶ
1891 1922 2034 1974 ἀπα-

444 2012 758 2082 ραποιήτως
809 2012 1252 2082 ἐξεπισταμένου.
1314 2012 1485 2065 Τοῦτο
1536 2012 1644 2083 γὰρ
1684 2014 1779 2067 καὶ
1823 2010 2036 2083 ἀνθρὼ-

444 2116 567 2162 ποις
601 2104 775 2153 ποιεῖν
806 2100 839 2171 ἢ
871 2101 1101 2170 πάσχειν
1132 2100 1515 2156 ἐπονείδιστον.

360 2230 385 2253 .
444 2192 478 2247 ὃ
530 2193 682 2247 Ἀλλ’
704 2192 793 2246 ὅδ’
823 2193 964 2263 ἐμὸς
993 2195 1194 2262 λόγος.
1222 2211 1276 2248 κ.
1312 2212 1362 2247 τ.
1390 2195 1469 2259 ἐξ.

516 2284 673 2339 Τοῦτ’
706 2285 880 2339 ἔστιν·
910 2280 1078 2350 οὗτος
1111 2287 1141 2339 ὁ
1177 2286 1309 2356 ἐμὸς
1340 2286 1497 2354 λόγος
1523 2286 1616 2340 καὶ
1643 2285 1780 2357 αὕτη
1820 2286 1968 2340 ἐστὶν
2001 2288 2034 2357 ἡ

445 2379 576 2449 παρ’
625 2378 759 2449 ἐμοῦ
803 2378 931 2449 περὶ
976 2378 1079 2448 τῆς
1108 2378 1186 2441 είς
1216 2378 1306 2430 τὸν
1348 2377 1632 2449 ἄνθρωπον
1691 2377 1785 2431 τοῦ
1835 2377 2037 2447 φιλαν-

446 2468 666 2540 θρώπου
703 2469 1025 2541 κηδεμονίας
1055 2471 1149 2523 καὶ
1184 2469 1433 2541 βοηθείας
1462 2470 1774 2524 διδασκαλία
1803 2471 1898 2524 καὶ
1929 2471 2037 2525 διά·

445 2577 626 2631 κρισις
650 2561 745 2614 καὶ
784 2563 811 2614 ὁ
851 2559 945 2612 τοῦ
973 2560 1131 2629 λόγου
1177 2560 1397 2624 σκοπὸς,
1431 2562 1513 2614 ὅτι
1553 2560 1612 2626 ἐξ
1654 2559 1828 2631 ἀρχῆς
1868 2563 1896 2614 ὁ
1940 2560 2035 2614 τοῦ

445 2653 769 2724 γράμματος
810 2654 1036 2724 εἰσήχθη
1081 2652 1261 2723 νόμος,
1294 2654 1391 2717 τὰς
1436 2653 1874 2722 εἰδωλολατρείας
1904 2669 2038 2706 κατ-

446 2747 654 2816 α·ργῶν,
687 2747 778 2799 καὶ
805 2747 993 2817 ὅτιπερ
1025 2747 1083 2797 ἐν
1104 2744 1278 2814 τούτῳ
1317 2744 1438 2815 μηδ’
1468 2743 1633 2797 αὑτοῦ
1662 2744 1755 2796 τοῦ
1782 2743 2036 2812 παλαιοῦ,

446 2837 663 2907 Ἰσραὴλ
706 2839 838 2908 πρὸς
885 2836 975 2889 τὸν
1015 2834 1313 2907 νομοθέτην
1354 2836 1515 2889 αὐτὸν
1550 2835 1843 2891 ἀνανεῦσαι
1875 2836 2036 2889 δυνα-

448 2931 635 2999 μένου,
665 2930 823 2994 αύτὸς
851 2932 1055 2995 ἐκεῖνος
1083 2929 1476 3002 ἀνδρούμενος.
1510 2930 1718 2983 καὶτὸν
1749 2928 1842 2983 τοῦ
1875 2927 2040 2983 πνεύ-

447 3038 618 3092 ματος
648 3024 810 3093 νόμον
844 3018 932 3076 οἷα
974 3023 1125 3093 ῥόδον
1166 3025 1224 3076 ἐν
1277 3022 1476 3078 κάλυκι
1508 3022 1587 3092 τῷ
1615 3023 1903 3094 γράμματι
1941 3039 2031 3075 κε-

446 3114 761 3183 κρυμμένον
795 3112 1146 3181 ἐξεκάλυψεν,
1179 3112 1271 3166 καὶ
1297 3112 1387 3166 τὸν
1417 3112 1783 3182 πνευματικὸν
1824 3110 2039 3183 Ἰσραὴλ

444 3206 539 3259 τοῦ
589 3204 853 3277 σαρκικοῦ
908 3208 976 3276 τῇ
1040 3204 1329 3275 θεανδρικῇ
1386 3204 1618 3275 ἐνδημία
1675 3203 2033 3273 διημείψατοο

445 3291 599 3359 οὗτος
632 3292 745 3360 οὖν,
782 3294 968 3368 φησὶν,
998 3297 1027 3348 ὁ
1054 3294 1186 3365 ἐμὸς
1210 3295 1304 3348 ἀπ’
1337 3295 1511 3367 ἀρχῆς
1534 3295 1664 3366 ἄχρι
1688 3295 1873 3359 τέλους
1904 3296 2032 3366 περὶ

444 3388 544 3458 τῆς
563 3386 870 3457 οἰκονομίας
894 3385 987 3438 τοῦ
1013 3384 1158 3438 θείου
1183 3383 1357 3453 Λόγου
1380 3384 1557 3454 λόγος,
1584 3385 1644 3438 ὃν
1668 3385 1762 3438 ἐπὶ
1787 3386 1846 3439 τὸ
1872 3387 2033 3457 ἀκρι-

446 3480 703 3534 ϐέστατον
735 3482 847 3541 τοῖς
878 3477 1033 3530 ἔπεσι
1060 3476 1269 3540 τούτοις
1300 3478 1633 3548 πειράσομαι
1662 3479 2017 3549 διασαφῆσαι.

448 3597 484 3657 9
517 3595 829 3663 Λυσσήεις
878 3593 977 3648 ὅτε
1019 3592 1253 3663 πρῶτον
1286 3593 1459 3662 Ἀδὰμ
1497 3594 1696 3657 ,βάλεν
1737 3593 1807 3647 ὲκ
1841 3606 2034 3663 παρα-

1401 3663 1657 3736 [δείσου,
1693 3681 1749 3719 κ.
1788 3682 1839 3718 τ.
1882 3666 1907 3717 ὲ

519 3763 649 3816 Ὅτε
684 3760 778 3815 ἀπ’
805 3759 984 3833 ἀρχῆς
1016 3756 1294 3829 λυσσώδης
1322 3757 1418 3811 καὶ
1450 3756 1892 3828 ἀνθρωποκτόνος
1914 3758 2036 3826 ὄφις

447 3856 535 3911 διὰ
561 3856 660 3925 τῆς
697 3853 1073 3925 ἀπειρημένης
1106 3850 1201 3903 τοῦ
1247 3849 1605 3920 ὀλεθροφόρου
1633 3848 1873 3917 γεύσεως
1901 3866 2036 3919 καρ-

448 3948 550 4001 ποῦ
588 3948 679 4000 τὸν
725 3945 940 4018 πρῶτον
983 3942 1271 4013 ἄνθρωπον
1321 3942 1606 4013 ἀπατήσας
1654 3940 1894 4012 ἐξώθησε
1941 3940 2034 3994 τοῦ

450 4038 802 4110 παραδείσου,
852 4034 1121 4107 καθάπερ,
1166 4036 1349 4107 φησὶν,
1396 4035 1489 4087 ἐπὶ
1544 4033 1817 4105 πολεμίων
1857 4051 2035 4104 παρα-

448 4129 672 4195 τάξεως,
702 4128 795 4182 τοῦ
824 4130 1151 4199 στρατηγεῖν
1186 4126 1520 4196 τεταγμένου
1546 4126 1918 4191 πεπτωκότος,
1944 4126 2036 4180 τὸν

448 4224 880 4297 ἀνηγεμόνευτον
912 4221 1133 4275 τύπτων
1171 4220 1400 4289 στρατὸν
1424 4220 1453 4272 ὁ
1479 4216 1746 4289 δυσμενὴς
1781 4218 1873 4271 καὶ
1910 4234 2036 4271 κον-

446 4321 559 4381 τοῖς
590 4318 682 4371 καὶ
708 4314 885 4385 βέλεσι
914 4313 1007 4366 καὶ
1027 4312 1191 4364 πᾶσιν
1219 4310 1420 4373 ὅπλοις,
1449 4306 1871 4378 κατευμεγεθεῖν
1891 4309 2037 4375 ἀγω-

448 4411 655 4475 νίζεται
680 4408 790 4462 τῶν
818 4405 1165 4479 ἡττωμένων,
1196 4403 1287 4455 τὸν
1319 4403 1499 4472 ὅμοιον
1537 4402 1733 4472 τρόπον
1758 4402 1851 4454 καὶ
1876 4400 2037 4465 αὐτὸς

449 4503 479 4556 ὁ
527 4501 790 4563 Σατανᾶς,
838 4497 929 4551 τὸν
983 4496 1197 4569 πρῶτον
1243 4494 1416 4565 Ἀδάμ
1468 4494 1892 4564 τροπωσάμενος
1945 4493 2037 4545 καὶ

451 4591 869 4661 ὑπαγαγόμενος
913 4591 978 4660 τῇ
1021 4587 1264 4659 ἁμαρτίᾳ
1305 4588 1399 4639 καὶ
1445 4588 1577 4640 πᾶσι
1622 4588 1734 4648 τοῖς
1763 4585 1821 4652 ἐξ
1868 4584 2037 4638 αὑτοῦ

450 4684 594 4739 κατά
622 4683 801 4745 πάσας
826 4680 1214 4751 βεϐλαστηκόσι
1242 4678 1454 4747 γενεὰς,
1492 4681 1706 4749 μηχανῇ
1742 4679 1892 4752 πάσῃ
1924 4696 2042 4732 συν-

451 4776 818 4850 εργαζόμενος
846 4774 942 4844 τὴν
971 4772 1266 4844 ἁμαρτίαν,
1288 4770 1366 4842 τῷ
1404 4771 1502 4841 ἴσῳ
1548 4771 1833 4842 προστίμῳ
1870 4788 2041 4824 κατα-ο

449 4866 660 4930 δικάζει
688 4862 783 4916 τοῦ
825 4861 1088 4915 θανάτου·
1137 4859 1301 4914 αὑτοῦ
1339 4860 1447 4931 γὰρ
1499 4858 1591 4912 τοῦ
1631 4859 1885 4929 Ὑψίστου
1920 4863 2040 4925 ταῖς

450 4955 768 5018 ἐπικλόποις
794 4952 957 5007 αὐτοῦ
998 4952 1091 5005 καὶ
1129 4951 1534 5022 κακομηχάνοις
1567 4952 1882 5022 ἀπορρήξας
1916 4952 2041 5023 βου-

449 5051 586 5115 λαῖς,
629 5046 844 5118 πρῶτον
881 5044 980 5115 μὲν
1017 5045 1141 5107 τοὺς
1172 5042 1333 5097 αὑτοῦ
1357 5041 1666 5113 διέπρεψεν
1707 5042 2037 5113 ὀφθαλμοὺς,

450 5144 587 5215 πρὸς
616 5141 685 5194 τὰ
714 5139 885 5210 κάλλη
923 5137 1017 5190 τοῦ
1048 5136 1278 5205 ούρανοῦ
1307 5137 1401 5190 καί
1432 5137 1531 5199 τὰς
1586 5137 1886 5205 φανοτάτας
1923 5137 2036 5207 (15)

450 5234 557 5288 τῶν
585 5233 803 5305 ἄστρων
844 5229 1076 5299 ἀγλαΐας
1125 5228 1456 5293 ἀτενίζοντα,
1485 5227 1695 5291 τούτοις
1728 5228 1789 5280 τὸ
1828 5228 2037 5298 ὀφειλό-

455 5345 614 5401 μενον
638 5326 715 5398 τῷ
746 5325 958 5397 Κτίστῃ
986 5323 1416 5394 προσαναφέρειν
1443 5322 1605 5386 σέϐας
1624 5339 1637 5352 ο
1667 5322 1858 5375 ἔπειτα
1898 5323 2033 5393 πρὸς

451 5421 549 5485 τὰς
569 5420 680 5473 τῶν
706 5416 1081 5473 ἀποθανόντων
1117 5415 1330 5489 μορφὰς
1366 5415 1690 5470 ἀποϐλέπειν
1724 5416 1821 5470 καὶ
1864 5417 1931 5470 τὰ
1959 5417 2037 5469 εἴ·

449 5510 615 5576 δωλα,
663 5510 699 5565 ἃ
738 5509 1014 5580 συγγενῶν
1058 5509 1221 5573 πόθος
1268 5508 1451 5580 χρυσῷ
1500 5508 1532 5579 ἢ
1584 5508 1810 5581 ἀργύρῳ
1835 5510 1867 5581 ἦ
1896 5527 2039 5564 τισιν

453 5599 607 5665 ὕλαις
650 5601 835 5665 ἄλλαις
884 5600 1167 5668 εὐκόσμως
1203 5598 1572 5669 διεμόρφωσεν
1596 5615 1610 5628 ⁸
1656 5599 1823 5669 μῦθος
1855 5601 1913 5654 δὲ
1943 5602 2031 5655 καὶ

450 5691 628 5762 λόγος,
658 5692 858 5764 ψευδὴς
885 5693 1004 5762 μὲν,
1047 5691 1429 5760 ἀνεξέλεγκτος
1462 5690 1519 5745 δὲ
1552 5691 1645 5744 καὶ
1683 5692 1771 5745 ἀεὶ
1794 5695 1906 5756 τοῖς
1934 5695 2035 5748 ἐπ-

449 5785 765 5857 ερχομένοις
789 5785 964 5838 ἔτεσιν
987 5787 1105 5847 ταῖς
1128 5784 1499 5855 ψευδοεπείαις
1527 5784 1909 5859 ἐπαυξόμενος,
1937 5788 2032 5841 καὶ

522 5961 637 6034 (ιδ)
668 5960 809 6020 Edit.
843 5971 1187 6036 φανωτόιτας.

2131 554 2188 603 et
2216 546 2553 603 adumbrans
2592 547 2891 618 potentiam
2920 562 3077 602 snam
3101 546 3451 602 ministrante
3500 544 3706 615 Moyse.

2134 641 2410 697 illustrius
2445 658 2578 697 vero
2610 642 2842 712 gloriam
2894 657 3051 697 suam
3078 641 3335 697 revelans
3382 655 3478 709 per
3520 634 3712 693 Jesum

2133 730 2437 787 Christum.
2472 732 2537 785 Et
2573 742 2863 803 postquam
2891 733 2976 786 -in
3038 731 3315 803 principio
3348 728 3560 784 Hebraei
3614 739 3712 800 per

2133 824 2413 879 Abraham
2443 832 2499 881 et
2528 824 2720 881 Patres
2766 824 3011 880 omnium
3055 839 3239 896 regem
3288 824 3447 894 primi
3496 821 3711 877 didice-

2133 924 2264 969 runt
2292 913 2485 983 Deum,
2518 916 2773 971 similiter
2792 925 2849 972 et
2896 917 3061 988 primi
3113 917 3287 987 legem
3341 921 3708 984 acceperunt;

2136 1011 2382 1073 tempore
2415 1019 2545 1059 vero
2577 1012 2887 1075 opportuno
2917 1021 3016 1077 per
3045 1004 3390 1075 unigenitum
3431 1000 3712 1071 evangeli-

2135 1106 2295 1153 zatur
2322 1113 2500 1168 usque
2525 1096 2591 1151 ad
2641 1096 3004 1153 novissimum
3050 1103 3232 1151 terrae.
3275 1093 3433 1161 Quod
3480 1094 3551 1147 sit
3601 1105 3713 1145 una

2133 1193 2252 1248 haec
2286 1193 2370 1248 lex
2404 1194 2548 1249 sicut
2576 1208 2720 1248 unus
2740 1200 2795 1248 et
2816 1192 3101 1263 legislator
3123 1191 3180 1245 in
3209 1188 3390 1246 Veteri
3408 1195 3463 1243 et
3486 1188 3542 1243 in
3560 1185 3712 1242 Novo

2136 1285 2512 1349 Testamento,
2544 1285 2690 1339 scire
2728 1284 2951 1355 dignum
2982 1290 3088 1349 est,
3117 1282 3263 1337 unde
3299 1296 3409 1335 non
3449 1295 3546 1350 per
3577 1279 3707 1347 dog-

2134 1385 2281 1431 mata
2314 1378 2457 1432 inter
2502 1391 2561 1432 se
2602 1376 2967 1447 repugnantia
3011 1383 3108 1429 aut
3150 1372 3449 1438 variantia,
3486 1386 3587 1426 nec
3614 1385 3714 1440 per

2134 1470 2243 1545 alia
2273 1477 2328 1524 et
2356 1469 2462 1522 alia
2495 1468 2747 1524 instituta
2783 1467 2937 1524 ducit
2962 1466 3107 1524 Deus
3138 1465 3420 1521 hominem
3461 1463 3528 1517 ad
3556 1462 3714 1533 agni-

2134 1564 2338 1616 tionem
2390 1563 2731 1628 veritatum,
2801 1563 2908 1616 viri
2962 1560 3139 1615 instar
3186 1558 3349 1628 cujus
3397 1556 3714 1611 intellectus

2134 1654 2355 1711 mobilis
2396 1669 2499 1710 nec
2548 1662 2750 1709 cuncta
2797 1654 3193 1724 complectens,
3249 1650 3459 1721 quique
3507 1653 3715 1717 pugnat

2134 1761 2320 1801 secum
2386 1754 2483 1800 aut
2546 1745 2825 1816 prioribus
2896 1746 3005 1798 alia
3062 1741 3456 1813 supercogitat.
3513 1736 3717 1792 Procul

2135 1847 2362 1909 reptans
2386 1855 2544 1895 mens
2568 1841 2621 1893 in
2649 1847 2818 1902 terra,
2853 1837 2922 1891 ab
2956 1838 3051 1891 illo
3087 1836 3182 1906 qui
3222 1834 3463 1890 scienter
3496 1838 3551 1887 et
3588 1840 3717 1886 ante

2134 1929 2515 1984 exsistentiam
2550 1927 2733 1982 omnia
2769 1926 2988 1997 praellxe
3019 1934 3072 1981 et
3122 1925 3235 1979 ullo
3272 1924 3483 1993 absque
3527 1935 3717 1977 errore

2137 2021 2423 2093 perspicit.
2461 2018 2615 2074 Talia
2644 2017 2827 2074 facere
2848 2029 2903 2073 et
2938 2017 3049 2087 pati
3081 2015 3325 2071 hominis
3351 2022 3459 2077 est,
3495 2012 3718 2087 ipsique

2138 2113 2459 2184 ignominia.

2135 2209 2169 2263 8
2203 2206 2307 2262 Sed
2357 2221 2501 2259 meus
2561 2202 2644 2256 hic
2706 2216 2899 2265 sermo,
2954 2205 3009 2253 et
3060 2213 3175 2268 seq.

2210 2297 2423 2352 Sensus
2441 2301 2562 2351 est:
2588 2292 2742 2347 Meus
2765 2291 2855 2345 hic
2887 2303 3092 2351 sermo,
3115 2296 3168 2342 et
3188 2300 3216 2339 a
3237 2299 3323 2339 me
3351 2283 3523 2337 hocce
3547 2280 3721 2335 docu—

2136 2399 2378 2445 mentum
2397 2386 2726 2456 etjudicium
2742 2383 2810 2438 de
2826 2383 2945 2438 zelo
2960 2389 3013 2435 et
3034 2379 3241 2434 auxilio
3255 2376 3538 2431 hominum
3560 2388 3718 2427 ama-

2136 2482 2273 2538 toris
2301 2489 2355 2536 et
2390 2478 2663 2535 sermonis
2696 2475 2820 2530 linis
2837 2472 3126 2529 enuntiare
3152 2471 3296 2540 quod
3321 2468 3390 2522 ab
3420 2467 3577 2521 initio
3608 2467 3721 2520 lata

2138 2577 2211 2633 sit
2257 2571 2558 2643 Scriptura:
2574 2569 2660 2624 lex
2692 2566 2760 2621 ad
2790 2564 3077 2622 delendam
3099 2558 3468 2616 idololatriam
3491 2565 3545 2612 et
3568 2554 3720 2625 quod

2138 2669 2244 2725 sub
2274 2668 2392 2736 lege
2413 2663 2565 2718 nullo
2595 2660 2738 2731 apud
2769 2666 3014 2714 veterem
3043 2653 3213 2710 Israel
3249 2650 3315 2705 ad
3351 2649 3722 2720 legislatorem

2137 2775 2296 2815 suum
2323 2757 2535 2826 erigere
2564 2768 2625 2809 se
2655 2752 2871 2806 valente
2914 2749 3035 2819 ipse
3094 2746 3261 2799 homo
3307 2742 3485 2797 factus
3528 2746 3582 2793 et
3636 2738 3718 2792 le-

2138 2865 2258 2919 gem
2317 2846 2546 2916 spiritus
2583 2840 2844 2911 patefecit
2893 2839 2949 2892 in
2996 2835 3288 2905 Scriptura
3337 2830 3722 2885 obnubilatum

2138 2940 2283 2994 sicut
2311 2950 2494 2990 rosam
2526 2933 2583 2987 in
2614 2931 2790 2987 calice
2837 2930 3111 2989 clausam,
3144 2934 3198 2979 et
3240 2922 3578 2977 habitatione
3620 2935 3723 2974 sua

2138 3033 2195 3086 in
2228 3028 2388 3084 nobis
2420 3027 2587 3081 homo
2612 3023 2780 3087 Deus,
2822 3020 2990 3075 Israel
3044 3017 3326 3073 carnalem
3378 3013 3614 3067 mutavit
3663 3012 3721 3065 in

2139 3122 2504 3196 spiritualem.
2558 3116 2700 3187 Ergo
2750 3117 2819 3183 is,
2879 3113 3081 3183 inquit,
3140 3111 3211 3166 ab
3247 3108 3409 3164 initio
3438 3106 3505 3161 ad
3559 3105 3726 3160 linem

2139 3229 2322 3273 sermo
2353 3226 2510 3268 meus
2535 3210 2603 3265 de
2634 3207 3021 3264 lncarnatione
3043 3202 3215 3258 divini
3259 3199 3445 3263 Verbi,
3496 3198 3710 3266 ipsum-

2133 3322 2243 3379 que
2270 3318 2438 3375 quam
2474 3299 2893 3357 accuratissime
2914 3293 3264 3351 carminibus
3295 3289 3416 3346 istis
3442 3287 3728 3341 delineare

2136 3396 2458 3471 aggrediar.

2132 3601 2167 3657 9
2208 3599 2501 3668 Postquam
2530 3592 2751 3648 rabidus
2786 3588 2955 3645 hostis
3009 3586 3243 3668 primum
3271 3581 3531 3668 hominem
3569 3577 3727 3668 ejecit

3160 3654 3210 3727 [e
3236 3652 3511 3722 paradiso,
3539 3658 3649 3704 etc.

2210 3763 2348 3818 Cum
2381 3758 2452 3815 ab
2481 3755 2638 3812 initio
2670 3751 3035 3810 habensiram
3074 3760 3328 3817 magnam
3361 3751 3417 3798 et
3448 3740 3729 3796 homicida

2136 3867 2365 3923 serpens
2393 3864 2491 3920 per
2513 3842 2955 3903 vetitamletil‘eri
2976 3839 3344 3912 gustationem
3367 3832 3582 3887 [ructus
3610 3830 3724 3899 pri-

2137 3958 2286 3999 mum
2332 3939 2641 4011 decepisset
2688 3935 2964 3990 hominem
2994 3930 3454 3997 exturbassetque
3502 3938 3534 3976 a
3561 3938 3721 3992 para-

2136 4037 2281 4101 diso,
2309 4030 2775 4106 quemadmodum
2827 4036 3048 4081 mortuo
3100 4024 3157 4078 in
3208 4035 3391 4093 pugna
3440 4017 3580 4072 duce
3626 4014 3722 4084 qui

2137 4128 2479 4198 imperabat,
2538 4122 2804 4193 prmlians
2866 4118 3045 4174 hostis
3115 4115 3172 4170 in
3235 4111 3536 4168 exercitum
3584 4108 3726 4163 duce

2137 4196 2333 4274 orbum
2369 4256 2384 4280 ,
2443 4213 2664 4275 contis,
2709 4209 2911 4279 jaculis
2969 4213 3025 4261 et
3070 4202 3406 4274 quibuslibet
3449 4197 3619 4251 armis
3667 4196 3724 4249 in

2142 4313 2313 4367 victos
2342 4314 2606 4380 praestare
2633 4309 2833 4367 certat,
2870 4299 3037 4356 simili
3074 4297 3279 4367 impetu
3314 4301 3371 4348 et
3412 4292 3531 4362 ipse
3564 4288 3725 4344 Sata-

2138 4418 2239 4458 nas
2272 4400 2518 4472 fugatum
2585 4396 2825 4466 primum
2878 4390 3051 4445 Adam
3123 4402 3248 4441 cum
3301 4382 3617 4439 induxisset
3666 4381 3721 4435 in

2143 4471 2431 4565 peccatum
2460 4493 2516 4542 et
2548 4486 2606 4540 in
2634 4482 2819 4537 omnia
2855 4494 2978 4551 quae
3018 4478 3088 4533 ab
3132 4492 3198 4531 eo
3239 4475 3521 4538 oriuntur,
3571 4471 3725 4525 omni

2144 4600 2310 4656 opera
2336 4580 2441 4652 ipsi
2480 4578 2789 4648 adjutorem
2815 4591 2873 4629 se
2896 4573 3103 4644 praebet
3133 4570 3483 4630 delictorum,
3509 4572 3563 4620 et
3591 4580 3726 4619 cono

2141 4678 2279 4736 socii
2329 4677 2382 4730 in
2417 4679 2642 4744 peccato
2671 4669 2729 4724 ﬁt
2754 4675 3043 4723 accusator
3068 4663 3136 4717 ad
3162 4668 3415 4716 mortem.
3456 4658 3591 4712 Nam
3632 4673 3725 4711 as-

2142 4772 2278 4827 tutis
2300 4776 2356 4822 et
2395 4764 2620 4821 nefariis
2654 4760 2907 4817 consiliis
2929 4758 2999 4811 ab
3028 4755 3317 4810 Altissimo
3364 4750 3521 4805 divisi
3576 4748 3724 4802 illius

2142 4862 2333 4917 oculos
2361 4857 2537 4927 primo
2569 4851 2843 4909 convertit
2873 4850 2941 4904 ad
2963 4848 3088 4903 cmli
3114 4841 3617 4916 pulchritudinem,
3648 4846 3724 4892 at-

2142 4970 2249 5025 que
2271 4954 2325 5006 in
2354 4948 2787 5019 fulgentissimas
2815 4952 3088 4998 astrorum
3110 4939 3395 4994 claritates
3448 4937 3723 4989 intentum

2143 5049 2311 5112 astris
2337 5043 2551 5099 deferre
2581 5040 2820 5095 debitam
2852 5034 3101 5091 Creatori
3152 5028 3520 5087 reverentiam
3562 5026 3717 5081 fecit.

2144 5141 2267 5195 Mox
2298 5138 2367 5192 ad
2393 5131 2853 5203 contemplandos
2882 5126 3237 5182 morientium
3285 5120 3507 5192 impulit
3533 5118 3719 5173 vultus

2141 5242 2196 5289 et
2221 5231 2491 5301 imagines
2523 5241 2646 5297 quae
2678 5238 2813 5278 auro
2844 5230 2939 5276 aut
2967 5225 3195 5290 argento
3248 5224 3342 5270 aut
3382 5212 3509 5269 aliis
3546 5217 3721 5265 mate-

2146 5327 2243 5381 riis
2270 5325 2549 5393 eleganter
2566 5317 2773 5374 elIinxit
2799 5313 3109 5385 parentium
3133 5309 3492 5366 desiderium.
3515 5304 3720 5360 Deinde

2145 5421 2517 5473 commentum
2547 5418 2603 5466 et
2627 5423 2830 5471 sermo,
2888 5403 3123 5460 mendax
3160 5400 3405 5473 quidem,
3459 5399 3553 5454 sed
3607 5412 3727 5452 non

2145 5508 2488 5580 improbatus
2544 5512 2601 5560 et
2677 5515 2893 5571 semper
2954 5497 3117 5553 annis
3201 5490 3725 5564 supervenientibus

2146 5598 2471 5658 commentis
2496 5602 2692 5650 auctus
2720 5600 2775 5649 et
2804 5593 2859 5646 in
2884 5591 3187 5646 amicorum
3216 5585 3567 5643 sermonibus
3601 5597 3721 5637 non

2141 5689 2303 5744 malis
2336 5688 2433 5742 illu
2454 5694 2665 5743 stratus
2697 5685 2854 5755 quasi
2892 5683 2997 5738 fide
3026 5681 3247 5754 dignus,
3277 5681 3531 5736 insanam
3563 5679 3725 5733 addi-

2144 5782 2225 5839 dit
2260 5782 2657 5839 adorationem.
2694 5779 2786 5836 Sic
2818 5778 2888 5836 ab
2911 5777 3070 5834 initio
3102 5773 3421 5832 idololatria
3454 5773 3512 5828 in
3544 5772 3725 5827 vitam
