4186 6372
404 369 517 425 .703

413 486 691 542 hominum
717 486 953 556 pessime
981 485 1195 541 invecta
1224 493 1329 541 est.
1351 481 1462 540 Nec
1489 483 1665 539 solum
1691 481 1885 538 alienis
1927 479 1984 534 in

410 579 667 647 gentibus
699 578 864 634 dictis
911 578 1092 634 modis
1122 577 1410 647 corruptio
1457 574 1726 639 manavit,
1767 573 1879 646 imo
1924 579 1982 626 et

413 668 761 730 Hebraeorum
815 669 1087 738 populus,
1140 675 1367 724 sanctus
1434 672 1660 734 pr0pter
1706 660 1986 717 Abraham

415 770 726 832 reputatus,
761 762 984 832 perieus
1011 770 1107 816 aut
1140 776 1306 818 sensu
1341 773 1535 814 carens
1559 772 1674 812 non
1699 754 1853 811 stetit
1882 751 1986 807 ob-

409 865 724 925 temperans
767 855 972 910 divinis
1001 855 1284 924 prophetis
1313 851 1738 908 lamentantibus
1783 856 1840 903 et
1875 848 1987 902 ira-

412 957 532 1002 tum
575 949 630 1002 in
681 947 828 1017 ipsos
867 947 1212 1016 placantibus
1243 945 1461 1000 Deum:
1509 944 1578 998 de
1623 941 1825 1012 quibus
1872 953 1986 993 non

415 1041 585 1096 semel
620 1052 780 1095 antea
810 1041 880 1095 ob
909 1040 1275 1094 idololatriam
1311 1037 1496 1108 populi
1532 1035 1751 1090 fuerunt
1785 1033 1878 1104 qui
1907 1033 1982 1090 si-

418 1142 514 1192 cut
541 1131 761 1205 Moyses
785 1142 841 1188 et
868 1131 1018 1190 Elias
1047 1132 1211 1188 morti
1241 1130 1512 1188 dederunt
1537 1136 1875 1202 peccatores.

421 1511 494 1567 εἰ
532 1509 615 1566 Ne
638 1511 899 1580 principes
921 1509 1131 1580 quidem
1160 1507 1326 1564 Deum
1357 1509 1635 1573 timebant,
1660 1517 1768 1564 etc.

497 1622 614 1678 Non
639 1625 837 1694 vulgus
871 1632 1084 1677 tantum
1122 1623 1177 1676 in
1200 1622 1390 1689 Israel,
1426 1638 1536 1677 non
1565 1623 1816 1693 popellus
1835 1629 1890 1677 et
1919 1622 2004 1676 in-

426 1713 684 1768 conditus
723 1715 963 1784 quisque
999 1713 1164 1767 dictis
1211 1714 1591 1784 impietatibus
1630 1712 2005 1768 commacula-

429 1815 519 1862 tns
559 1815 666 1871 est,
705 1807 800 1862 sed
837 1821 1013 1876 neque
1043 1806 1148 1876 ipsi
1179 1821 1358 1877 reges,
1384 1805 1585 1875 inquit.
1628 1813 1684 1860 et
1727 1804 2008 1876 principes

427 1914 558 1969 erga
589 1898 756 1953 Deum
782 1907 998 1970 patrum
1017 1913 1240 1954 suorum
1257 1898 1344 1967 pie
1360 1913 1420 1953 se
1455 1897 1756 1968 gerebant:
1790 1897 2008 1950 illorum

429 2008 626 2063 nempe
651 1992 872 2063 plurimi
893 2007 1058 2062 quam
1076 1991 1298 2062 pessimi
1317 2006 1416 2045 nec
1439 1990 1579 2044 lucis
1595 2004 1695 2043 nec
1720 1988 2014 2044 viridario-

429 2097 552 2137 rum
592 2082 868 2138 umbrosis
894 2098 997 2138 nec
1025 2082 1291 2136 montium
1315 2080 1701 2136 cacuminibus
1719 2095 1818 2135 nec
1837 2079 2014 2151 regio-

432 2189 562 2229 num
581 2175 812 2230 ammnis
839 2173 1856 2245 renuntiaverunt.Ipsifconvenientes,
1873 2175 2014 2227 alta-

431 2269 514 2320 ria
550 2266 901 2322 daemonibus
941 2281 970 2319 a
998 2283 1058 2323 se
1102 2267 1350 2323 adoratis
1399 2267 1706 2337 erigebant,
1763 2265 2018 2334 ﬁliosque

430 2366 485 2412 et
523 2357 664 2412 ﬁlias
697 2373 828 2413 suas
863 2359 1242 2414 immolabant.
1278 2357 1374 2414 His
1429 2359 1794 2413 contaminati
1834 2361 2017 2428 magni

430 2448 526 2504 Dei
566 2450 1001 2515 indignationem
1039 2452 1095 2506 in
1126 2452 1346 2522 seipsos
1374 2449 1738 2505 incendebant
1765 2457 1822 2504 et
1851 2449 2016 2504 iram.

438 2543 652 2598 Idcirco
676 2543 915 2600 diversis
971 2545 1257 2601 servitutis
1298 2552 1354 2601 et
1392 2544 1746 2600 abductionis
1781 2543 2020 2598 infortu-

432 2635 542 2692 niis
569 2637 754 2690 traditi
785 2644 838 2692 et
867 2637 1075 2708 pluries
1110 2638 1314 2708 captivi
1346 2637 1497 2694 ducti
1522 2647 1578 2692 et
1617 2637 1782 2707 ejecti
1820 2637 2018 2692 iterum

435 2737 600 2797 atque
631 2729 830 2783 iterum
862 2729 1313 2785 exterminationi
1344 2730 1612 2785 absoluta:
1669 2728 1738 2783 ab
1770 2728 2020 2798 ipsorum

444 2819 676 2875 urbibus
711 2819 970 2889 ejectioni
993 2822 1163 2876 dediti
1193 2831 1324 2878 sunt
1375 2823 1678 2877 multorum
1713 2823 2027 2876 calamitate

438 2911 671 2966 dierum.
717 2909 862 2982 Ergo
915 2924 1073 2967 vetus
1113 2911 1281 2969 Israel
1321 2922 1377 2969 et
1412 2920 1686 2985 quotquot
1720 2913 2025 2968 secundum

436 3016 663 3056 carnem
704 3002 1128 3072 praetermittent
1177 3003 1387 3058 dictmn
1425 3005 1685 3060 reducem
1732 3006 1801 3062 ad
1854 3005 2028 3062 Deum

437 3097 753 3160 tramitem,
818 3095 1035 3150 scilicet
1083 3093 1293 3150 Christi
1326 3106 1557 3153 mortem
1581 3138 1596 3165 ,
1640 3097 2028 3155 incredulitate

437 3201 537 3241 sua
571 3187 731 3240 l‘racti
760 3195 891 3242 sunt
913 3197 966 3242 et
998 3203 1029 3242 a
1062 3189 1149 3243 via
1178 3188 1480 3244 deturbati.

506 3344 578 3400 26
621 3343 870 3413 Ipsorum
897 3343 1011 3400 loco
1037 3345 1234 3399 intravi
1267 3361 1382 3416 ego,
1415 3353 1470 3401 et
1492 3360 1610 3417 seq.

513 3436 612 3493 llis
631 3437 996 3501 carminibus,
1029 3437 1310 3509 theologia
1345 3439 1400 3492 in
1428 3438 1778 3509 Apostolicas
1815 3449 2030 3496 mentes

440 3546 543 3586 nos
564 3529 1058 3601 inducit:namque
1079 3531 1231 3586 sicut
1255 3530 1438 3600 primo
1461 3533 1706 3600 gentium
1729 3532 2032 3588 increduli-

442 3628 555 3674 tate
595 3620 1038 3676 misericordiam
1073 3620 1247 3677 Israel
1281 3632 1618 3679 consecutus
1647 3631 1732 3679 est
1764 3624 1942 3679 ﬁdens
1975 3627 2032 3678 in

443 3713 639 3777 Deum,
665 3714 743 3769 sic
775 3729 974 3770 rursus
1006 3715 1295 3770 incredqu
1330 3716 1501 3771 Israel
1532 3725 1723 3788 gentes
1745 3717 2034 3773 credentes

445 3806 810 3861 salvabuntur
841 3807 899 3861 in
935 3807 1194 3874 Christo;
1227 3823 1351 3863 cum
1380 3821 1561 3864 autem
1597 3809 1890 3865 intraverit
1919 3809 2035 3880 ple-

444 3900 642 3953 nitudo
663 3901 930 3970 gentium,
953 3906 1070 3955 tum
1109 3917 1305 3958 rursus
1335 3902 1517 3956 omnis
1538 3899 1704 3956 Israel
1728 3901 1906 3956 zelum
1937 3902 2034 3955 ha-

445 3989 584 4047 bens
605 3992 793 4048 credet
821 4002 876 4048 et
897 3993 1085 4050 salvus
1120 3994 1248 4059 ﬁet;
1280 3993 1361 4050 sic
1388 3996 1534 4049 enim
1567 3994 1706 4048 alter
1735 4010 1836 4065 pro
1863 3995 2038 4050 altero

445 4083 654 4138 bonum
681 4085 859 4139 zelum
883 4085 1148 4143 habentes
1175 4087 1338 4142 ambo
1368 4086 1558 4157 populi
1589 4101 1654 4140 ac
1672 4086 1963 4141 credentes
1983 4087 2038 4140 in

449 4176 720 4245 sapientia
744 4176 838 4232 Dei
861 4178 915 4232 in
939 4178 1129 4233 eadem
1154 4177 1535 4234 misericordia
1551 4176 1618 4232 ad
1640 4177 1801 4232 ﬁnem
1820 4178 2044 4233 conclu-

449 4268 671 4322 dentur.
699 4267 839 4322 Dicit
859 4284 991 4340 ergo
1012 4271 1279 4342 magister
1298 4286 1328 4324 a
1349 4269 1491 4325 facie
1515 4271 1785 4340 gentium,
1810 4284 2043 4340 quomo-

450 4359 524 4413 do
543 4358 719 4413 fracto
740 4358 932 4425 Israel,
973 4368 1235 4430 tanquam
1262 4374 1416 4414 ramo
1443 4366 1668 4430 prapter
1690 4358 2044 4414 incredulita-

450 4460 585 4510 tem,
625 4449 770 4503 viam
802 4450 925 4504 ﬁdei
954 4467 1054 4522 ego
1085 4451 1372 4521 ingressus
1403 4451 1530 4516 sim,
1563 4464 1688 4520 qua:
1716 4450 1806 4502 via
1839 4453 1934 4516 est;
1958 4464 2046 4502 ze-

452 4540 567 4597 lum
599 4557 827 4613 gressus
857 4551 912 4599 et
948 4552 1107 4598 actus
1139 4552 1322 4599 rectos
1344 4543 1613 4614 dirigens,
1663 4540 1768 4595 ﬁde
1811 4541 2042 4595 salutari

453 4638 560 4691 iter
579 4635 826 4706 pandens
852 4637 920 4693 ad
943 4637 1222 4693 Christum
1242 4638 1297 4692 in
1327 4654 1490 4708 quem
1517 4635 1740 4691 tandem
1763 4634 2049 4690 credentes

455 4737 822 4795 revertentur,
886 4745 1128 4800 eumque
1176 4730 1339 4800 juxta
1385 4727 1772 4801 primordiales
1810 4726 2049 4797 prophe-

457 4821 566 4874 tias
601 4823 904 4890 requirent,
931 4831 1225 4893 postquam
1267 4821 1545 4877 fructibus
1594 4819 1792 4890 repleti
1845 4817 2052 4873 fuerint

456 4909 865 4969 incredulitatis
895 4924 948 4970 et
972 4913 1236 4969 ferventis
1259 4928 1371 4984 prae
1398 4913 1516 4968 zelo
1541 4921 1593 4967 et
1627 4911 1833 4966 invidia
1868 4912 2053 4965 insec-

456 5003 688 5062 tationis
718 5004 1001 5073 Gentium,
1047 5007 1254 5077 quibus
1303 5003 1538 5060 mutatio
1581 5004 1813 5075 contigit
1857 5001 2052 5070 ejectis

459 5094 570 5150 illis
601 5106 825 5168 propter
856 5100 1298 5157 incredulitatem
1330 5113 1568 5170 quorum
1601 5098 1723 5152 loco
1747 5111 1848 5167 per
1866 5093 2026 5150 ﬁdem

461 5190 518 5246 lii
541 5191 914 5248 intraverunt.

1755 364 2055 424 NICETAS
2094 363 2302 422 DAVID

3573 353 3674 412 704

2089 485 2147 537 ὲν
2171 483 2284 544 τοῖς
2313 478 2423 532 τῶν
2459 477 2631 548 φίλων
2663 474 2724 530 ού
2764 471 2953 530 κακοῖς
2977 471 3166 536 πιστὸς
3195 467 3671 540 ἀποδεικνύμενος,

2087 573 2368 641 ἀλόγιστον
2399 569 2666 641 περιῆψεν
2697 565 2807 639 (14)
2842 565 2943 635 τὴν
2974 562 3344 635 προσκύνησιν
3366 578 3380 592 ·
3402 559 3576 625 οὕτως
3599 559 3677 613 εί-

2088 662 2444 735 δωλολατρεία
2482 660 2562 730 τῷ
2609 659 2714 713 τῶν
2757 656 3060 729 ἀνθρώπων
3101 654 3196 708 ἀπ’
3229 653 3404 725 ἀρχῆς
3445 665 3678 724 παρεισ-

2090 753 2301 824 εφθάρη
2335 752 2452 823 βίῳ.
2494 749 2604 803 Καὶ
2649 747 2708 802 ού
2760 747 2918 818 μόνον
2949 746 2999 798 οἰ
3043 745 3108 796 ὲκ
3139 743 3248 797 τῶν
3287 742 3462 796 ἀλλων
3509 737 3681 794 ἐθνῶν

2090 847 2204 909 τοῖς
2255 842 2565 914 εἰρημένοις
2606 839 2830 912 τρόποις
2872 835 3308 908 κατεφθείροντο,
3349 834 3451 906 ήδη
3493 832 3552 886 δὲ
3588 831 3683 884 καὶ

2104 937 2368 1008 Ἐϐραίων
2390 936 2534 1006 ἱερὸν
2565 933 2714 997 ἔθνος
2737 932 2824 986 διὰ
2859 931 2950 985 τὸν
2982 930 3230 1003 Ἀϐραὰμ
3255 925 3508 998 νομισθὲν
3535 923 3682 978 ὀλοὸν

2092 1023 2127 1094 ἢ
2171 1019 2514 1083 ἀπολωλεκὸς
2559 1017 2755 1088 βουλήν
2793 1018 2940 1069 ἐστιν
2987 1015 3101 1086 (15)
3133 1015 3232 1085 οὐχ
3269 1013 3492 1065 ὑπεῖκον
3521 1008 3684 1072 θείοις

2094 1114 2403 1185 προφήταις
2428 1108 2775 1181 ὀδυρομένοις
2807 1108 2901 1161 καὶ
2925 1105 3358 1176 ὲξιλασκομένοις
3387 1103 3488 1175 τὴν
3520 1101 3686 1173 ὀργὴν

2094 1204 2188 1259 τοῦ
2215 1203 2351 1257 Θεοῦ
2383 1201 2524 1274 ὑπὲρ
2550 1200 2752 1264 αὐτῶν,
2785 1198 2838 1252 οἳ
2879 1199 3142 1261 πολλάκις
3177 1195 3441 1268 πρότερον
3472 1192 3563 1247 διὰ
3588 1193 3685 1258 τάς

2098 1295 2538 1368 εἰδωλολατρείας
2573 1294 2771 1358 αὐτῶν,
2793 1293 2870 1358 ὡς
2899 1293 3140 1364 Μωῦσῆς
3189 1289 3285 1345 καὶ
3314 1287 3521 1354 Ἠλίας,
3560 1301 3692 1341 κατ’

2101 1391 2423 1447 εκτέννυσαν
2445 1388 2555 1462 (I6)
2581 1389 2796 1453 αὐτούς.

2104 1509 2178 1564 22
2198 1507 2354 1564 οὐδὲ
2385 1507 2504 1579 μὲν
2529 1507 2602 1561 οὐ
2625 1503 2931 1574 βασιλῆες
2962 1501 3263 1571 ἐτάρόεον,
3291 1501 3410 1556 κτλ.

2176 1627 2251 1682 Ού
2274 1627 2333 1680 τὸ
2355 1625 2571 1698 χυδαῖον
2591 1624 2686 1678 τοῦ
2731 1620 2945 1694 Ἰσραὴλ
2970 1620 3174 1690 πλῆθος
3199 1619 3359 1690 μόνον
3399 1618 3496 1672 καὶ
3514 1617 3578 1689 δη
3586 1617 3698 1688 μῶ-

2106 1718 2194 1784 δες
2239 1718 2334 1772 καὶ
2377 1716 2667 1772 ἀσύνθετον
2700 1717 2820 1779 ταῖς
2854 1711 3174 1786 εἰρημέναις
3200 1709 3524 1782 ἑδεϐηλοῦτο
3571 1709 3700 1762 ἀθε-

2111 1813 2272 1875 σίαις,
2299 1810 2416 1864 ἀλλ’
2441 1809 2551 1864 οὐδ’
2573 1809 2748 1870 αὐτοὶ,
2777 1806 2963 1878 φησὶν,
2989 1807 3037 1859 οἰ
3064 1803 3302 1876 βασιλεῖς
3325 1802 3420 1856 καὶ
3442 1800 3702 1872 ἄρχοντες

2112 1903 2202 1956 τὸν
2231 1901 2363 1955 Θεὸν
2387 1901 2494 1954 τῶν
2527 1899 2780 1970 πατέρων
2805 1894 3170 1966 ηὑλαϐοῦντο·
3199 1895 3295 1948 καὶ
3335 1890 3538 1946 τούτων
3569 1889 3626 1944 δὲ
3651 1891 3703 1944 οί

2115 1992 2329 2056 πλείους
2382 1992 2460 2045 ’ότι
2508 1990 2745 2062 μάλιστα
2776 1987 2936 2042 κακοὶ
2976 1985 3098 2040 οὔτε
3151 1985 3222 2038 τὰ
3263 1983 3402 2053 ἄλση
3439 1981 3536 2035 καὶ
3577 1981 3704 2043 τοὺς

2116 2085 2439 2152 συνηρεφεῖς
2487 2081 2685 2143 τόπους
2735 2080 2796 2132 ἐν
2846 2075 3232 2150 παραδεισίοις,
3287 2073 3409 2129 οὒτε
3453 2071 3551 2136 τὰς
3595 2071 3706 2124 τῶν

2116 2175 2287 2246 ὀρέων
2312 2173 2557 2244 κορυφὰς
2577 2171 2671 2226 καὶ
2697 2169 2808 2224 τῶν
2829 2170 3043 2241 χωρίων
3069 2185 3127 2222 τε
3137 2167 3436 2239 ρπνότητας
3458 2163 3705 2233 κατελιμ-

2118 2267 2361 2320 πάνοσαν
2403 2265 2513 2335 (17)
2535 2281 2548 2294 ⁸
2580 2263 2628 2318 οἳ
2661 2263 2726 2335 δὴ
2755 2263 3044 2326 συνιόντες,
3084 2260 3179 2314 καὶ
3205 2258 3566 2328 θυσιαστήρια
3596 2258 3706 2319 τοῖς

2119 2359 2212 2411 ὑπ’
2258 2356 2436 2410 αὐτῶν
2471 2354 2783 2426 σεϐομένοις
2817 2354 3064 2425 δαίμοσιν
3111 2351 3402 2424 ίδρύοντες,
3447 2347 3601 2412 υἰούς
3648 2365 3710 2400 τε

2121 2451 2300 2505 αὐτῶν
2325 2448 2617 2502 ὲπεθύοντο
2641 2447 2734 2500 καὶ
2773 2446 3094 2516 θυγατέρας,
3127 2446 3183 2496 ὲν
3211 2437 3291 2505 οἷς
3321 2442 3476 2495 αὐτοὶ
3507 2439 3711 2511 μιαινό-

2127 2560 2274 2615 μενοι
2305 2540 2403 2612 τὴν
2427 2539 2522 2593 τοῦ
2561 2538 2799 2610 μεγάλου
2828 2537 2963 2590 Θεοῦ
2986 2536 3358 2605 ἀγανάκτησιν
3387 2535 3470 2602 ἐφ’
3499 2533 3713 2594 ἑαυτοῖς

2124 2631 2472 2699 ἐξεκαλοῦντο
2503 2632 2595 2684 καὶ
2621 2631 2721 2702 τὴν
2741 2630 2913 2701 ὀργήν
2931 2646 2945 2660 ·
2976 2629 3071 2682 καὶ
3109 2627 3198 2681 διὰ
3235 2625 3410 2680 ταῦτα
3439 2625 3714 2697 διαφόροις

2127 2724 2502 2797 αἰχμαλωσίας
2529 2722 2622 2777 καί
2648 2721 2954 2793 ἀπαγωγῆς
2981 2719 3203 2793 τρόποις
3235 2719 3590 2788 ἑκδιδόμενοι,
3621 2715 3714 2770 καὶ

2127 2820 2385 2883 ποικίλως
2449 2817 2930 2890 προνομευόμενοι,
2982 2815 3078 2868 καὶ
3140 2815 3424 2885 ἀφιέμενοι
3492 2811 3716 2882 ὕστερον

2130 2909 2472 2981 πανωλεθρίᾳ
2498 2908 2592 2964 καὶ
2609 2910 2674 2979 τῇ
2701 2905 3159 2979 συντετελεσμένῃ
3181 2908 3281 2976 τῆς
3310 2903 3516 2967 πόλεως
3541 2901 3715 2956 αὐτῶν

2131 3001 2428 3075 ἐρημώσει,
2458 2999 2788 3072 πολυημέρῳ
2811 2998 3187 3070 παρεδόθησαν
3219 2998 3492 3069 συμφορᾷ.
3530 2997 3590 3050 '0
3623 2995 3718 3065 μὲν

2131 3091 2224 3149 οῦν
2251 3093 2481 3157 παλαιὸς
2515 3091 2732 3163 Ἰσραὴλ
2762 3091 2854 3144 καὶ
2890 3090 3032 3144 κατὰ
3073 3089 3270 3156 σάρκα,
3314 3088 3405 3140 τὸν
3434 3085 3720 3158 εἰρημένον

2127 3187 2331 3258 τρόπον
2377 3183 2716 3246 ἀθετοῦντες,
2756 3184 2824 3253 τῇ
2867 3181 3094 3253 ἀπιστίᾳ
3124 3179 3236 3250 (18)
3260 3177 3496 3251 Χριστοῦ
3539 3177 3601 3232 τὸ
3633 3193 3721 3230 τι·

2127 3277 2373 3334 λευταίον
2398 3274 2804 3347 ἐξεκλάσθησάν
2832 3290 2891 3327 τε
2918 3274 3013 3327 καὶ
3043 3271 3482 3343 ὲξετινάχθησαν.

2135 3391 2207 3454 26
2830 3389 2882 3442 '0
2913 3386 2965 3440 δ’
2989 3384 3397 3454 ἀπεισῆλθον
3416 3384 3620 3454 ἔγωγε,

2129 3509 2196 3563 27
2240 3505 2590 3576 Ἀτραπιτὸν
2623 3503 2824 3571 (Maio
2851 3501 3208 3573 ποδητεσίῃ,
3241 3519 3294 3555 κ.
3322 3519 3374 3556 τ.
3415 3500 3494 3567 ἑξ.

2201 3601 2302 3654 Διά
2335 3600 2445 3653 τῶν
2483 3596 2632 3651 ἐπῶν
2675 3597 2732 3651 δὲ
2771 3597 2977 3650 τούτων
3010 3597 3043 3666 ἡ
3074 3595 3321 3664 θεολογία
3364 3594 3443 3658 εἰς
3470 3593 3568 3665 τὴν
3592 3593 3726 3646 ἀπο-

2135 3694 2387 3764 στολικὴν
2425 3693 2573 3764 ἡμᾶς
2623 3691 2831 3744 ἔννοιαν
2870 3688 3129 3761 προάγει·
3167 3689 3264 3742 καὶ
3297 3686 3404 3758 γὰρ
3437 3685 3629 3757 ὥσπερ
3662 3687 3727 3756 τῇ

2133 3786 2242 3841 τῶν
2284 3784 2458 3839 ἐθνῶν
2504 3783 2731 3854 ἁπιθείᾳ.
2775 3781 3038 3853 πρότερον
3079 3781 3108 3833 ὁ
3146 3779 3362 3851 Ἰσραὴλ
3391 3777 3601 3848 ἠλεεῖτο
3640 3795 3730 3830 πι-

2137 3876 2342 3931 στεύων
2370 3876 2450 3948 τῷ
2479 3875 2620 3946 Θεῷ,
2645 3874 2791 3928 οὕτω
2832 3875 2992 3928 πάλιν
3025 3876 3090 3945 τῇ
3123 3873 3216 3926 τοῦ
3261 3871 3475 3944 Ἰσραὴλ
3504 3870 3732 3942 ἀπιστίᾳ

2136 3975 2206 4024 τὰ.
2251 3970 2379 4042 ἔθνη
2425 3971 2797 4023 πιστεύσαντα
2829 3967 3060 4030 σώζεται
3103 3969 3161 4020 ὲν
3188 3964 3265 4036 τῷ
3307 3963 3556 4038 Χριστῷ·
3606 3965 3732 4017 ὅταν

2137 4063 2195 4117 δὲ
2233 4063 2294 4117 τὸ
2334 4061 2610 4134 πλήρωμα
2653 4061 2768 4129 (I9)
2823 4059 2932 4113 τῶν
2975 4058 3142 4113 ὲθνῶν
3167 4056 3402 4131 εἰσέλθῃ,
3425 4056 3547 4109 τότε
3573 4054 3734 4108 πάλιν

2141 4157 2251 4219 πᾶς
2309 4153 2531 4226 Ἰσραὴλ
2585 4152 2835 4224 ζηλώσας
2894 4150 3176 4204 πιστεύσει
3239 4151 3334 4204 καὶ
3397 4149 3733 4218 σωθήσεται·

2141 4247 2284 4302 οὕτω
2313 4247 2423 4319 γὰρ
2452 4247 2716 4318 ἀλλήλους
2753 4247 2804 4298 οἰ
2845 4244 2939 4299 δύο
2967 4245 3085 4298 λαοὶ
3119 4242 3297 4308 καλῶς
3325 4240 3612 4314 ζηλοῦντες
3642 4241 3737 4294 καί

2145 4340 2490 4402 πιστεύοντες
2537 4341 2596 4392 ὲν
2646 4341 2712 4409 τῇ
2763 4337 2855 4391 τοῦ
2904 4336 3040 4390 Θεοῦ
3087 4336 3269 4406 σοφίᾳ,
3316 4336 3395 4397 εἰς
3437 4335 3526 4387 τὸν
3569 4332 3735 4388 αὐτοῦ

2146 4439 2294 4492 ελεον
2327 4438 2420 4490 ἐπὶ
2463 4437 2607 4490 τέλει
2649 4435 3190 4507 συγκλεισθήσονται.
3245 4432 3414 4505 Φησίν
3457 4425 3551 4483 οῦν
3594 4431 3622 4482 ὁ
3663 4428 3739 4481 διο

2147 4530 2411 4594 δάσκαλος
2451 4530 2517 4582 ὲκ
2553 4525 2844 4599 προσώπου
2888 4527 2997 4580 τῶν
3038 4523 3229 4588 ἐθνῶν,
3264 4523 3340 4586 ὼς
3383 4518 3479 4573 τοῦ
3526 4516 3737 4589 Ἰσραὴλ

2148 4624 2544 4688 ὲκκλασθέντος
2582 4623 2650 4676 δι’
2688 4622 2941 4676 ἀπίθειαν
2975 4621 3150 4691 ἔγωγε
3191 4618 3290 4690 τὴν
3338 4614 3457 4671 ὁδὸν
3502 4615 3600 4684 τῆς
3651 4610 3738 4664 πί-

2150 4733 2320 4780 στεως
2344 4713 2785 4784 ἀντεισελήλυθα,
2816 4713 2940 4783 ἥτις
2978 4711 3163 4774 αὐτοῖς
3197 4711 3313 4761 ἐστι
3364 4705 3526 4775 ζήλου
3569 4702 3738 4771 ποδη-

2147 4807 2262 4876 γία,
2319 4806 2415 4860 καὶ
2463 4804 2824 4877 χειραγωγία,
2874 4801 3012 4873 πρὸς
3065 4801 3164 4871 τὴν
3236 4799 3500 4868 σωτήριον
3559 4791 3742 4846 πίστιν

2146 4897 2466 4954 ὁδοποιοῦσα
2521 4894 2617 4950 τοῦ
2664 4893 2936 4967 Χριστοῦ·
2989 4887 3034 4961 ᾧ
3081 4894 3174 4946 καὶ
3224 4889 3614 4949 πιστεύσαντες
3646 4880 3742 4953 ὀψέ

2150 5013 2283 5050 ποτε
2305 4995 2444 5065 πρὸς
2472 4993 2634 5048 αὐτὸν
2657 4992 3182 5062 ὲπιστραφήσονται,
3202 4988 3292 5042 καί
3320 4983 3460 5040 κατά
3489 4981 3558 5035 τὰ
3580 4981 3744 5048 θεαρο

2152 5086 2286 5159 χικὰ
2341 5085 2468 5154 (20)
2511 5083 2668 5153 λόγια
2721 5081 3168 5153 ὲπιζητήσουσιν,
3226 5077 3370 5150 ἡνίκ’
3402 5077 3468 5130 ἂν
3489 5073 3596 5126 τῶν
3644 5067 3746 5139 τῆς

2153 5175 2404 5239 ἀπιθείας
2435 5172 2663 5245 καρπῶν
2693 5173 2788 5226 καί
2818 5172 2926 5226 τῶν
2968 5172 3076 5226 ἀπὸ
3107 5171 3200 5224 τοῦ
3232 5168 3392 5241 ζήλου
3425 5167 3519 5221 καὶ
3548 5163 3743 5236 φθόνου

461 5287 555 5341 τοῦ
587 5288 722 5359 πρὸς
749 5287 817 5343 τὰ
857 5288 981 5359 ἔθνη
1027 5283 1324 5359 πυρώσεων
1361 5283 1452 5337 καί
1487 5279 1784 5335 κακώσεων
1806 5271 2249 5348 ἀναπλησθῶσιν,
2281 5263 2358 5324 ὧν
2407 5269 2501 5321 καί
2542 5267 2964 5339 διημείφθησαν,
3026 5266 3183 5321 αὐτοὶ
3245 5263 3342 5335 μὲν
3391 5257 3743 5329 ἐκϐληθέντες

464 5381 533 5435 δι’
563 5380 844 5447 ἀπιστίαν,
877 5382 926 5434 οἱ
961 5381 1018 5435 δὲ
1053 5380 1142 5434 διά
1173 5381 1355 5433 πίστιν
1384 5374 1787 5447 εἰσεληλυθότες
1813 5372 1932 5428 ἀντ’
1965 5365 2164 5423 αὐτῶν.

543 5559 656 5634 ('1!)
689 5560 824 5634 Cod-
858 5561 1140 5634 περιῆψεν·

545 5626 655 5700 (15)
685 5631 828 5698 Ἤδη
869 5626 1293 5700 δὲ’...”βουλήν
1326 5633 1517 5687 ἐστιν.
1561 5630 1708 5685 Haec
1749 5628 1916 5700 verba
1951 5626 2058 5682 sibi

473 5698 666 5774 parum
699 5703 944 5774 arridere
975 5704 1208 5757 allirmat
1238 5698 1472 5759 ‘Billius.
1499 5733 1569 5743 —-—
1594 5701 1732 5757 Cod.
1767 5698 1948 5770 ἱερῶν.

547 5772 567 5838 (
580 5773 592 5823 l
606 5771 659 5824 ϐλ
688 5771 823 5838 Cod.
851 5774 1294 5826 κατεκτέννοσαν.

546 5837 657 5904 (l7)
683 5837 826 5911 Edjt.
858 5843 1366 5911 κατελιμπὰνωσαν.

553 5913 666 5981 (l8)
698 5909 772 5978 Τῇ
800 5906 1069 5979 ἀπιστίᾳ,
1098 5929 1150 5967 κ.
1170 5931 1218 5967 τ.
1242 5913 1292 5969 λ.
1312 5913 1374 5968 ν.
1403 5911 1573 5983 Epist.
1597 5911 1664 5968 ad
1687 5909 1846 5966 Rom.
1869 5906 2054 5975 11,20.

2235 5555 2343 5626 (l9)
2374 5555 2562 5606 Ὅταν
2603 5549 2672 5603 δὲ
2708 5547 2776 5600 τὸ
2825 5545 3132 5614 πλήρωμα.
3174 5558 3230 5594 κ.
3271 5558 3320 5594 τ.
3370 5537 3418 5590 λ.
3455 5534 3519 5589 ν.
3561 5535 3636 5588 ib.
3670 5549 3744 5596 χι,

2160 5629 2347 5765 ἓῦίῖἷ.)
2378 5692 2691 5765 Θεαρχικιί.
2720 5690 2851 5745 Cod.
2885 5687 3135 5765 θεὰρχια.
3271 5675 3746 5765 Tltesaur.‘§tcph:

2161 5746 2966 5841 ςᾱῖνρίᾶτῖέξξῗν.θεαρχικὸς,
2990 5746 3101 5813 ἰῖἰὶί
3155 5755 3297 5810 alius
3331 5753 3490 5807 locus
3531 5746 3751 5802 Niceten

2163 5835 2533 5911 Paphlagonis
2564 5834 2883 5902 corrigitur.
