4186 6372
448 335 554 389 705

1370 334 1440 392 IN
1476 335 1786 393 CARMINA
1817 334 2101 392 ARCANA
2140 334 2199 391 S.
2230 334 2584 393 GREGORII.

3608 327 3713 402 706

450 456 514 510 δι
572 453 747 509 nm
768 452 841 507 τὰ
868 452 989 524 μὲν
1012 451 1325 523 μετόπισθ’
1354 455 1413 509 οι
1449 453 1504 507 δ’
1646 452 1834 521 νόμον
1864 447 2021 525 εἰχον

2136 450 2199 505 51
2268 449 2456 507 Verum
2492 454 2604 508 Ιιωσ
2652 463 2855 521 postea.
2910 454 3041 511 Cum
3088 457 3252 525 igitur
3314 457 3522 513 Hebrei
3562 461 3714 515 vilem

1541 522 1793 595 [ἄτιμον.
1836 521 1954 578 κτλ.

522 610 604 671 Τά
635 617 733 689 μὲν
781 616 1064 689 εἰρημένα,
1105 616 1270 687 φησὶν
1297 616 1327 669 ό
1358 615 1458 687 τῆς
1500 616 1785 685 θεοσοφίας
1816 614 2028 686 λύχνος,

450 711 485 783 ἦ
519 728 579 763 τε
620 710 730 763 τῶν
778 710 947 764 ἐθνῶν
976 710 1232 764 ἁπάντων
1263 709 1467 772 εῐσοδος
1499 710 1579 772 εἰς
1624 707 1883 780 Χριστὸν,
1911 708 1946 778 ἦ
1969 723 2029 759 τε

449 800 543 855 τοῦ
590 800 1029 873 καταλείμματος
1072 801 1286 872 Ἰσραὴλ
1329 800 1417 853 διὰ
1450 800 1614 872 ζήλου
1648 801 1742 853 καὶ
1778 801 2029 869 ἐπιστρο-

450 894 557 966 φῆς
594 895 731 967 πρὸς
765 896 896 949 Θεὸν
922 895 1184 966 σωτηρία,
1209 894 1382 949 ταῦτα
1406 895 1503 966 μὲν
1528 896 1587 948 ὲν
1618 894 1865 964 ὑστέροις
1893 893 2029 946 ἀπο-

452 986 857 1057 καλυφθήσεται
887 989 1095 1059 καιροῖς
1116 1003 1128 1016 ·
1159 986 1302 1041 κατὰ
1344 986 1527 1057 μέντοι
1554 985 1646 1039 τὸν
1683 985 1897 1058 πρῶτον
1928 986 2026 1055 τῆς

448 1077 767 1147 ἐπιφανείας
814 1077 906 1131 τοῦ
961 1078 1212 1150 Σωτῆρος
1274 1076 1790 1148 ὲνανθρωπήσαντος
1836 1077 2026 1149 καιρὸν

447 1171 554 1224 τῶν
585 1170 753 1225 ὲθνῶν
786 1170 882 1241 μὲν
902 1173 1022 1234 ταῖς
1045 1170 1305 1241 ἀθέσμοις
1332 1169 1799 1240 εἰδωλολατρείαις
1822 1168 2025 1238 σφόδρα

447 1263 693 1335 σφοδρῶς
726 1263 1153 1333 ὲϐδελυγμένων,
1190 1263 1298 1316 τῶν
1324 1262 1384 1328 ἐξ
1430 1262 1644 1334 Ἰσραὴλ
1682 1262 1737 1316 δὲ
1782 1265 1903 1324 ταῖς
1928 1259 2023 1314 τοῦ

444 1356 610 1426 νόμου
642 1355 914 1418 ποικίλαις
950 1354 1329 1426 παραϐάσεσιν
1360 1353 1698 1425 ἀτιμούντων
1740 1353 1831 1406 τὸν
1868 1352 2020 1416 Θεὸν,

442 1450 563 1503 τότε
594 1448 659 1520 δὴ
689 1450 829 1513 τότε,
851 1448 939 1501 ἴνα
964 1450 999 1518 ἠ
1042 1446 1316 1518 ὑπερϐολὴ
1343 1447 1442 1517 τῆς
1471 1446 1701 1517 ἀπείρου
1724 1444 2024 1516 χρηστότη-

441 1557 533 1604 ¹τος
555 1541 830 1609 ἀναφανῇ,
862 1537 1121 1607 τοιαύτης
1156 1538 1188 1607 ἡ
1222 1537 1537 1608 ἀνθρωπίνη
1576 1536 1736 1605 φύσις
1763 1534 2020 1607 διειλήχει

438 1632 637 1704 τιμῆςο
670 1629 903 1702 Εὑδοκία
940 1629 1039 1701 μὲν
1061 1627 1155 1682 τοῦ
1187 1628 1455 1681 ἀθανάτου
1482 1627 1716 1699 Πατρὸς,
1745 1626 1840 1679 τοῦ
1864 1627 2017 1695 ἀγίου

439 1725 497 1777 δὲ
532 1722 792 1795 συνεργίᾳ
822 1722 1137 1793 Πνεύματος
1166 1720 1194 1771 ὁ
1223 1720 1515 1793 μονογενὴς
1541 1719 1635 1773 τοῦ
1661 1717 1795 1773 Θεοῦ
1822 1719 2015 1787 Λόγος,

440 1816 563 1869 ὅσον
615 1815 717 1884 τῆς
769 1812 956 1883 θεῖκῆς
1005 1812 1199 1884 μοίρας
1256 1811 1457 1875 κτίζων
1492 1812 1584 1864 τὸν
1630 1810 1915 1883 ἄνθρωπον
1962 1808 2022 1875 ἐξ

439 1906 617 1979 ἀρχῆς
647 1905 726 1977 τῷ
756 1904 921 1960 αὑτοῦ
958 1905 1171 1975 σώματι
1200 1904 1483 1968 κατέθετο,
1516 1905 1673 1958 τοῦτο
1698 1906 1819 1968 ταῖς
1854 1903 2022 1975 ψυχο-

440 2000 661 2076 φθόροις
699 2000 996 2072 ἁμαρτίαις
1041 1998 1450 2069 λελυμασμένον
1486 1996 1651 2068 ὁρῶν,
1680 2014 2021 2069 κατατυραν-

437 2092 633 2147 νοῦντα
690 2093 747 2146 δὲ
796 2092 905 2145 τῶν
954 2091 1174 2145 πάντων
1220 2090 1426 2162 βροτῶν
1476 2090 1569 2144 τὸν
1614 2090 1884 2162 δράκοντα
1930 2092 2020 2145 τὸν

436 2187 749 2257 ἀποστάτην
776 2184 920 2249 ἰδὼν,
954 2183 1339 2255 καί.ήλεηκὼς,
1365 2183 1549 2237 οὐκέτι
1582 2183 1764 2248 ἀλλοις
1794 2184 1893 2254 τὴν
1921 2185 2021 2256 ἀρ-

439 2278 676 2352 ρωστίαν
725 2277 929 2347 ταύτην
966 2277 1154 2347 ἐφίησι
1206 2275 1417 2348 βοηθεῖν
1440 2293 1453 2307 ·
1490 2276 1551 2329 οὑ
1603 2276 1709 2347 γὰρ
1748 2275 2019 2347 αὔταρκες

436 2373 517 2436 εἰς
552 2370 803 2442 μεγάλων
844 2368 1031 2422 παθῶν
1066 2366 1362 2439 θεραπείαν
1397 2367 1534 2436 ῐαμα
1574 2367 1797 2439 μικρόν·
1839 2367 1914 2431 ὡς
1953 2367 2018 2421 ἂν

435 2460 492 2513 δὲ
529 2458 892 2530 κληρονομίαν
924 2456 1060 2511 ἰδίαν
1091 2455 1269 2526 ἑαυτῷ
1303 2455 1363 2521 ἐξ
1405 2455 1709 2527 ἀνθρώπων
1739 2457 1767 2508 ό
1811 2459 1874 2511 ὲκ
1905 2458 2018 2511 Πα-

434 2550 563 2621 τρὸς
589 2550 715 2613 Υἱὸς
744 2550 977 2619 ἀμήτωρ
1007 2547 1404 2618 ἀναστήσηται,
1443 2547 1535 2600 καὶ
1556 2547 1655 2619 τὴν
1687 2548 1868 2602 εἰκόνα
1889 2550 2016 2603 ἑαυ-

434 2641 529 2694 τοῦ
564 2642 662 2712 τῆς
686 2643 1019 2713 τυραννικῆς
1046 2637 1500 2710 ἀπολυτρώσηται
1534 2639 1791 2710 κατοχῆς,
1816 2640 2017 2693 ἐκένω-

438 2750 529 2786 σεν
558 2732 752 2786 ἑαυτὸν
785 2731 913 2795 Υἰὸς
951 2728 1236 2803 ἀνθρώπου
1278 2730 1403 2800 δίχα
1441 2731 1643 2801 πατρὸς
1682 2730 2019 2801 γεννώμενος

434 2826 567 2895 ἡμῖν
601 2824 990 2894 καιωπρεπῶς
1034 2826 1130 2894 μὲν
1171 2826 1265 2879 καὶ
1297 2825 1483 2891 ξένως,
1513 2827 1594 2880 ὅτι
1639 2826 1773 2897 άτερ
1802 2826 2015 2898 ἀνδρὸς,

436 2919 495 2970 οὐ
526 2916 691 2981 ξένως
718 2916 774 2969 δὲ
800 2916 1175 2978 παντάπασιν,
1202 2917 1286 2971 ὅτι
1313 2918 1373 2983 ἐξ
1400 2917 1557 2989 ἐμοῦ,
1582 2914 1735 2983 οὗτος
1763 2919 1851 2973 διὰ
1881 2937 2020 2992 παρ-

436 3005 656 3076 θενικῆς
682 3006 779 3059 καὶ
804 3006 964 3076 ἁγίας
1000 3005 1361 3078 βροτούμενος
1393 3009 1622 3079 μητρὸς,
1648 3008 1767 3074 ὅλος
1786 3010 1907 3063 ὅλον
1928 3010 2018 3064 τὸν

434 3099 501 3151 δι’
536 3099 814 3170 ἁμαρτίας
856 3099 1100 3152 πεσόντα
1144 3098 1516 3169 προσείληφεν
1560 3100 1752 3171 Ἀδάμ,
1797 3102 1864 3154 't'v'
1911 3102 2018 3173 ὅλῳ

434 3194 861 3265 περιποιήσηται
890 3193 992 3264 τὴν
1023 3193 1317 3264 σωτηρίαν.
1351 3192 1460 3245 Τοῦ
1494 3192 1558 3265 δὴ
1602 3194 1762 3265 χάριν
1809 3194 2018 3267 ἀνθρω-

437 3286 612 3349 πίνοις
645 3285 742 3338 καὶ¹
793 3284 895 3337 οὑκ
932 3283 1297 3353 ἀνθρωπίνοις
1343 3284 1530 3356 νόμοις
1579 3284 1639 3350 ἐξ
1696 3285 1877 3355 ἀγνῶν
1927 3286 2021 3339 καί⁸

437 3374 783 3448 παρθενικῶν
812 3374 1135 3446 σπλάγχνων
1167 3374 1235 3447 (ὦ
1271 3373 1458 3446 θαῦμα
1496 3376 1724 3430 ἄπιστον
1773 3374 2020 3447 βεϐήλοις

439 3470 647 3539 βροτοῖς
669 3469 707 3538 ἰ)
731 3470 759 3522 ὁ
786 3467 1056 3539 ἄμϐροτος
1092 3466 1387 3538 βρπωθείς
1433 3466 1673 3539 προῆλθε
1712 3466 1845 3531 Θεὸς
1883 3465 2018 3538 ὁμοῦ

436 3561 533 3613 κα)⁸
562 3559 872 3631 ἄνθρωπος,
895 3557 990 3611 δύο
1016 3557 1208 3628 φύσεις
1234 3559 1320 3621 εἰς
1349 3557 1407 3611 ἓν
1435 3558 1726 3628 πρόσωπον
1750 3555 2017 3626 συνάγων,

435 3653 535 3723 τὴν
565 3652 663 3723 μὲν
688 3652 1076 3723 κρυπτομένην
1109 3650 1203 3704 καί
1236 3650 1486 3717 ἀθέατον,
1516 3650 1614 3721 τὴν
1645 3650 1690 3703 δ’
1714 3650 2021 3720 ἀναφανδὸν

436 3743 745 3817 ἀνθρώποις
771 3744 1058 3817 ὁρωμένην
1079 3761 1093 3775 ⁸
1123 3737 1198 3800 ὧν
1225 3745 1258 3816 ὴ
1294 3744 1392 3815 μὲν
1423 3743 1556 3806 Θεὸς
1580 3738 1648 3814 ἦν
1668 3741 1748 3813 τῷ
1770 3743 2023 3811 ἀνάρχως

437 3838 695 3908 γεννῶντι
743 3838 1112 3910 ὀμοούσιος,ή
1153 3836 1209 3890 δὲ
1242 3837 1530 3910 ἄνθρωπος
1574 3836 1816 3890 ἔκτισται
1857 3838 1924 3906 τῇ
1965 3836 2023 3889 ἐν

437 3931 612 4003 χρόνῳ
637 3929 870 4002 τεκούσῃ
901 3930 996 3983 καὶ
1020 3930 1154 4000 ἡμῖν
1188 3930 1455 4001 δμοφυής.

437 4116 499 4169 lii
546 4115 654 4185 (2|)
689 4110 792 4180 Εἷς
823 4114 967 4180 Θεὸς
990 4114 1425 4184 ἀμφοτέρωθεν,
1450 4114 1579 4168 ἐπεὶ
1602 4113 2025 4238 θεότηὲιθοὲῗρα-

1784 4199 1951 4251 σσεις

435 4257 509 4313 52
546 4254 657 4310 Καὶ
700 4256 927 4323 ⁴βροτός·
974 4256 1045 4309 ἐκ
1100 4254 1377 4321 θεότητος
1415 4254 1571 4319 ἄναξ
1622 4254 1724 4307 καὶ
1766 4254 2024 4324 Χριστὸς

1524 4324 1805 4398 ἱὺπέστη,
1830 4326 1949 4381 κτλ.

510 4420 605 4485 Εἷς
629 4422 761 4486 Θεὸς
808 4420 1261 4492 ὁμολογουμένως
1284 4420 1349 4473 ἐκ
1384 4419 1531 4474 δυοῖν
1558 4420 1774 4490 φύσεων
1811 4421 2019 4493 ὑπέστη

436 4519 467 4571 ὁ
491 4515 724 4588 Χριστός
742 4517 810 4586 ’ἡ
840 4513 950 4585 γάρ
973 4515 1031 4565 ὲν
1055 4512 1204 4583 αὐτῷ
1243 4512 1465 4584 βροτεία
1491 4511 1675 4582 φύσις,
1707 4516 1772 4584 τῇ
1805 4512 2023 4585 θεότητι

440 4609 559 4662 καθ’
577 4608 875 4661 ὑπόστασιν
902 4605 1287 4677 συνενουμένη,
1309 4606 1402 4659 καὶ
1424 4606 1459 4675 ὴ
1485 4604 1677 4675 θεότης
1703 4605 2023 4678 παραδόξως

437 4702 503 4771 τῇ
540 4698 919 4770 ἀνθρωπότητι
949 4696 1379 4768 συγκιρναμένη,
1398 4697 1429 4748 ὁ
1454 4696 1616 4759 αὑτὸς
1653 4695 1905 4765 βασιλεὺς
1930 4697 2023 4749 καὶ

437 4792 571 4855 Θεὸς
604 4791 698 4843 καὶ
747 4788 904 4852 ἀλλος
935 4788 1054 4852 νέος
1100 4787 1271 4858 Ἀδὰμ
1309 4786 1402 4841 τὸν
1451 4787 1681 4841 παλαιὸν
1728 4786 2022 4859 ἐξιώμενος

438 4881 776 4946 πιστεύεται,
805 4881 880 4945 ὡς
900 4880 1006 4933 ὑπὸ
1026 4879 1491 4950 παραπετάσματι
1516 4878 1574 4931 δὲ
1592 4878 1671 4950 τῷ
1696 4879 2021 4951 ἀνθρωπίνῳ

439 4975 788 5048 προϐλήματι
817 4972 1148 5039 κεκάλυπτο,
1176 4970 1391 5042 πρῶτον
1428 4971 1528 5042 μὲν
1553 4971 1634 5024 ὅτι
1667 4972 1742 5042 μὴ
1774 4972 2021 5043 καθαρὰν

439 5068 601 5122 αὑτοῦ
625 5068 723 5139 τὴν
748 5066 979 5137 θεότητα
1003 5068 1191 5137 φέρειν
1215 5060 1327 5118 οἶόν
1348 5081 1432 5132 τει
1458 5064 1595 5135 μηδὲ
1617 5064 1864 5135 χωρητὸν
1883 5060 2021 5119 εἶναι

439 5160 627 5213 τοῦτον
657 5161 771 5222 τοῖς
798 5156 1070 5229 ὲμπαθέσι
1101 5159 1283 5228 γυμνῇ
1306 5155 1673 5228 προσεγγίσαι
1693 5159 1760 5228 τῇ
1786 5156 2020 5230 θεότητιο

438 5252 629 5305 ἔπειτα
667 5251 742 5314 ῶς
767 5249 833 5304 ἂν
859 5250 951 5303 τὸν
975 5249 1279 5321 ἀρχέκακον
1301 5247 1423 5318 ὄφιν
1448 5247 1860 5320 φρονιμώτατον
1881 5244 2023 5303 εῖναι

440 5343 548 5396 τῶν
582 5343 835 5397 ἁπάντων
864 5342 1069 5414 θηρίων
1102 5339 1310 5411 νοητῶν
1342 5340 1713 5411 κατοιόμενον,
1740 5341 1820 5413 τῷ
1846 5358 2023 5413 φαινο-

446 5434 593 5506 μένῳ
623 5435 902 5499 δελεάσας,
937 5437 1001 5505 τῇ
1049 5434 1227 5505 οἰκείᾳ
1271 5432 1484 5505 θεότητι
1521 5433 1595 5498 ὡς
1640 5436 1698 5487 ὲν
1743 5434 2023 5506 ἀγκίστρῳ

445 5527 760 5599 περιπείρῃ,
793 5527 886 5579 καὶ
912 5526 987 5589 ὡς
1030 5525 1199 5597 Ἀδὰμ
1230 5524 1330 5595 μὲν
1362 5524 1509 5595 αὑτῷ
1540 5523 2021 5595 προσπηδήσαντα,

442 5620 520 5685 ὡς
556 5620 676 5692 Θεῷ
704 5620 761 5673 δὲ
802 5619 1249 5691 ἀντιϐολήσαντα,
1287 5618 1478 5673 τοῦτον
1512 5620 1885 5691 κατανικήσας
1931 5621 2026 5674 καὶ

449 5712 615 5784 ῥάξας
640 5713 824 5785 ἐκτίλῃ
841 5711 941 5781 τῆς
959 5710 1155 5784 ἀρχῆς.
1182 5731 1200 5762 ι
1225 5709 1316 5781 Τῷ
1345 5711 1470 5781 πέρι
1494 5711 1714 5780 κάρτος,
1743 5730 1760 5761 ι
1784 5729 1837 5767 κ.
1862 5728 1912 5765 τ.
1942 5711 2023 5779 ἐξ.

3053 527 3379 598 [habuissent
3400 532 3582 600 legem,
3606 546 3713 587 etc.

2205 611 2336 680 Quae
2367 626 2623 670 enarrata
2652 624 2801 685 sunt,
2830 618 2907 673 ait
2930 620 3215 689 sapientiae
3249 619 3341 676 Dei
3383 622 3719 688 lucerna,sio

2132 722 2197 760 ve
2240 708 2564 777 populorum
2617 712 2862 766 omnium
2905 714 3169 771 transitus
3193 714 3260 769 ad
3300 714 3602 781 Christum,
3635 716 3715 773 si-

2130 813 2196 852 ve
2230 799 2585 871 reliquiarum
2610 799 2777 858 Israel
2811 804 3042 858 salvatio
3074 822 3170 875 per
3194 807 3369 862 zelum
3406 816 3461 863 et
3495 824 3718 864 conver-

2130 890 2340 947 sionem
2375 893 2440 946 ad
2476 892 2668 958 Deum,
2703 895 2909 950 ultimis
2938 898 3274 967 temporibus
3303 900 3713 956 revelabuntur.

2130 984 2380 1040 Attamen
2411 985 2604 1056 primis
2646 986 3107 1045 manifestationis
3151 991 3423 1046 incarnati
3464 992 3718 1048 Salvato-

2128 1075 2206 1131 ris
2237 1079 2599 1147 temporibus,
2633 1094 2758 1134 cum
2787 1080 2917 1134 hinc
2955 1090 3145 1152 gentes
3177 1082 3304 1138 odio
3346 1085 3501 1140 valde
3528 1091 3720 1141 esset

2127 1183 2243 1238 prae
2282 1169 2472 1224 illicita
2503 1170 2834 1237 idololatria,
2862 1173 2987 1227 inde
3021 1190 3148 1228 vero
3186 1174 3350 1231 Israel
3378 1177 3545 1232 variis
3580 1178 3720 1247 legis

2125 1263 2659 1331 transgressionibus
2697 1263 2867 1318 Deum
2908 1266 3287 1331 inhonoraret,
3334 1277 3463 1322 tunc
3514 1276 3571 1323 ut
3599 1269 3722 1323 the-

2125 1370 2324 1412 saurus
2353 1357 2634 1413 immensa:
2661 1358 2921 1413 bonitatis
2956 1361 3340 1425 illustraretur,
3372 1370 3581 1417 tantum
3613 1363 3717 1417 bu-

2123 1462 2285 1501 mana
2339 1455 2544 1510 natura
2606 1450 2798 1505 sortita
2846 1459 2932 1506 est
2983 1452 3292 1507 honorem:
3342 1453 3498 1521 juxta
3526 1453 3720 1507 κιονηὶ

2122 1535 2299 1593 Patris
2356 1538 2779 1608 beneplacitum,
2841 1549 3172 1607 cooperante
3240 1539 3447 1611 Spiritu
3499 1549 3717 1605 sancto,

2121 1627 2379 1694 Verbum,
2418 1630 2734 1701 unigenitus
2770 1630 2860 1686 Dei
2896 1630 3086 1695 Filius,
3132 1648 3294 1702 quam
3336 1632 3533 1688 divinae
3560 1633 3719 1687 intel-

2119 1721 2353 1793 ligentiae
2385 1724 2676 1777 scintillam
2723 1724 2791 1778 ab
2823 1724 2977 1777 initio
3019 1740 3217 1781 creans
3246 1724 3521 1781 hominem
3556 1728 3612 1781 in
3646 1728 3722 1797 ip-

2123 1814 2238 1869 sius
2267 1829 2497 1884 corpore
2538 1816 2922 1877 constituerat,
2971 1830 3093 1869 eam
3134 1816 3384 1872 letalibus
3430 1817 3719 1874 erroribus

2124 1914 2440 1959 evacuatam
2481 1920 2732 1968 cernens,
2765 1906 2959 1961 videns
2990 1914 3045 1960 et
3074 1906 3361 1977 tyrannice
3402 1907 3721 1978 opprimen-

2125 2009 2234 2055 tem
2270 2014 2461 2053 omnes
2502 2006 2767 2070 quotquot
2815 2000 3005 2054 vivunt
3052 2000 3345 2054 draconem
3378 2008 3712 2071 apostatam,

2122 2092 2497 2148 misericordia
2543 2100 2724 2148 motus
2752 2092 2886 2147 alios
2920 2108 3030 2147 non
3080 2092 3210 2147 sinit
3245 2094 3301 2147 in
3355 2102 3505 2147 tanta
3558 2096 3718 2148 auxi-

2122 2185 2240 2240 liari
2286 2186 2603 2240 inﬁrmitate
2633 2186 2913 2241 destitutis
2947 2203 2961 2240 :
2994 2202 3105 2239 non
3140 2186 3495 2241 suliicitenim
3520 2186 3586 2240 ad
3611 2202 3722 2240 ma-

2121 2290 2349 2346 gnorum
2379 2276 2646 2330 malorum
2673 2291 2859 2330 curam
2902 2276 3016 2331 leve
3046 2276 3349 2330 remedium
3380 2293 3394 2342 ;
3429 2275 3716 2338 nimirum.

2121 2374 2179 2419 ut
2210 2382 2277 2420 ex
2321 2366 2636 2422 hominibus
2657 2368 2948 2422 suscitaret
2982 2367 3081 2421 sibi
3130 2372 3318 2437 gentcs
3347 2366 3527 2422 hem-ed
3552 2371 3720 2424 tutam

2121 2474 2299 2513 suam.
2348 2457 2523 2514 Filius
2564 2457 2746 2513 Patris
2776 2458 2896 2513 sine
2930 2465 3125 2521 matre,
3150 2466 3208 2511 ut
3242 2457 3531 2526 imaginem
3564 2473 3720 2511 suam

2118 2550 2410 2606 redimeret
2434 2566 2462 2605 a
2484 2551 2767 2623 tyrannica
2799 2549 3486 2621 possessione,exinanivit
3520 2556 3723 2605 semet-

2121 2643 2300 2712 ipsum
2353 2642 2526 2698 Filius
2566 2643 2805 2697 hominis
2829 2642 2948 2697 sine
2981 2651 3137 2712 patre
3171 2650 3334 2697 natus
3388 2641 3569 2703 nobis,
3621 2656 3722 2696 no-

2121 2749 2246 2787 vum
2279 2746 2443 2806 snper
2464 2742 2691 2798 terram,
2736 2734 3037 2804 alienigena
3062 2736 3190 2806 quia
3215 2736 3337 2790 sine
3366 2736 3505 2799 viro,
3536 2744 3589 2790 et
3610 2750 3722 2801 non

2121 2828 2449 2899 alienigena,
2477 2828 2602 2899 quia
2646 2836 2841 2882 natura
2872 2829 3006 2882 mihi
3052 2828 3274 2896 similis,
3300 2828 3419 2899 ipse
3464 2844 3561 2900 per
3594 2825 3721 2883 Vir-

2120 2919 2301 2990 ginem
2367 2928 2610 2975 sanctam
2653 2929 2881 2975 matrem
2924 2920 3099 2976 factus
3141 2922 3414 2987 mortalis,
3449 2930 3597 2976 totus
3637 2929 3724 2974 to-

2123 3022 2234 3066 tum
2263 3010 2452 3090 Adam.
2476 3026 2572 3081 per
2604 3021 2887 3080 peccatum
2922 3011 3135 3081 lapsum
3169 3011 3492 3082 assumpsit,
3536 3013 3609 3065 ita
3664 3018 3723 3065 ut

2125 3105 2274 3159 omni
2305 3103 2510 3158 homini
2548 3104 2779 3158 salutem
2815 3104 3145 3172 acquireret.
3181 3101 3545 3169 Quamobrem
3562 3102 3723 3173 juxta

2126 3199 2273 3270 leges
2306 3196 2531 3252 humani
2571 3196 2809 3267 generis,
2844 3206 2898 3252 et
2927 3196 3167 3250 humano
3196 3195 3381 3267 generi
3432 3197 3661 3261 alienas,
3692 3211 3728 3249 ο

2123 3291 2248 3346 sinu
2280 3301 2432 3345 casto
2472 3300 2525 3345 et
2557 3289 2833 3359 virginali,
2895 3303 2929 3342 ο
2964 3289 3163 3344 mirum
3204 3306 3370 3360 supra
3421 3289 3578 3345 ﬁdem
3624 3305 3725 3360 pro

2122 3380 2365 3452 profanis
2450 3382 2811 3435 mortalibus!
2910 3390 3153 3437 aeternus
3207 3384 3457 3437 mortalis
3543 3382 3723 3440 factus

2123 3488 2381 3541 egressus
2408 3479 2493 3528 est
2527 3471 2667 3528 Deus
2706 3473 2869 3527 simul
2904 3481 2958 3528 et
2999 3474 3183 3535 homo,
3209 3474 3348 3529 duas
3389 3485 3617 3530 naturas
3666 3476 3724 3531 in

2124 3580 2291 3618 unam
2329 3580 2617 3633 personam
2663 3565 2963 3629 adducens,
2998 3582 3228 3637 quarum
3252 3568 3423 3623 altera
3457 3572 3636 3623 velata
3666 3578 3724 3623 et

2124 3654 2440 3721 invisibilis,
2472 3656 2645 3709 altera
2671 3656 2848 3726 palam
2891 3666 3218 3711 cerneretur
3272 3658 3342 3713 ab
3384 3657 3721 3720 hominibus.

2122 3747 2213 3802 illa
2248 3746 2395 3802 Dcus
2437 3756 2585 3804 esset
2619 3747 2853 3817 genitori
2884 3756 3012 3803 ante
3035 3762 3198 3801 omne
3227 3748 3559 3818 principium
3584 3764 3721 3803 con—

2124 3839 2526 3905 substantialis,
2560 3838 2676 3893 haec
2710 3839 2874 3893 homo
2906 3854 3001 3908 per
3028 3839 3367 3893 creationem
3399 3845 3567 3903 esset,
3598 3854 3723 3894 eam

2126 3939 2375 3985 naturam
2401 3946 2528 3986 cum
2559 3937 2735 3985 matre
2780 3944 2901 4000 quae
2936 3929 3175 3984 divinam
3204 3931 3413 4001 prolem
3445 3933 3631 4002 genuit
3665 3931 3723 3985 in

2124 4032 2367 4092 tempore
2404 4022 2803 4089 nobiscumque
2843 4021 3098 4078 sortiens.

2123 4116 2189 4172 51
2230 4114 2376 4169 Unus
2402 4115 2542 4169 Deus
2565 4116 2830 4185 utrinque,
2870 4115 3126 4186 siquidem
3159 4115 3346 4170 deitati
3367 4118 3578 4172 mistus.

2126 4254 2195 4311 52
2235 4252 2304 4308 Et
2324 4252 2478 4307 homo
2508 4267 2601 4320 per
2632 4250 2879 4305 deitatem
2908 4268 3000 4306 res:
3029 4260 3079 4305 et
3100 4248 3347 4307 Christus
3368 4252 3590 4319 exstitit,
3614 4262 3720 4308 etc.

2199 4415 2354 4473 Unus
2382 4414 2549 4479 Deus,
2573 4413 2785 4469 duabus
2808 4419 3070 4468 constans
3123 4413 3337 4469 naturis
3371 4413 3441 4467 ab
3483 4412 3725 4468 hornini-

2125 4510 2229 4565 bus
2254 4508 2586 4579 praedicatur
2635 4505 2913 4562 Christus.
2969 4504 3214 4575 Namque
3255 4508 3309 4560 in
3361 4508 3482 4577 ipso
3528 4516 3726 4563 natura

2128 4602 2375 4657 mortalis
2440 4599 2711 4655 divinitati
2775 4598 3074 4656 secundum
3119 4600 3456 4670 hypostasim
3490 4601 3640 4655 unita
3667 4608 3725 4655 et

2128 4694 2387 4748 divinitas
2413 4692 2738 4747 mirabiliter
2756 4689 3080 4746 humanitati
3106 4690 3421 4761 conjuncta,
3443 4707 3572 4749 ecce
3605 4708 3724 4754 rex.

2128 4784 2296 4851 Deus,
2331 4798 2507 4839 novus
2534 4782 2705 4837 Adam
2758 4786 2916 4847 alter,
2954 4782 3183 4837 alterum
3222 4791 3454 4837 veterem
3518 4797 3724 4838 sanans

2129 4879 2392 4935 creditur.
2435 4875 2528 4931 Sic
2563 4876 2666 4932 sub
2693 4875 2963 4931 velamine
3028 4875 3269 4930 hominis
3306 4875 3480 4929 forma
3522 4890 3727 4947 myste-

2128 4972 2213 5028 rio
2268 4972 2427 5041 plena
2465 4968 2688 5031 latebat,
2718 4968 2897 5039 primo
2927 4966 3170 5036 quidem,
3198 4967 3325 5036 quia
3354 4981 3545 5037 puram
3604 4967 3725 5036 ejus

2129 5063 2468 5122 divinitatem
2528 5060 2671 5115 ferre
2739 5059 2917 5125 nefas,
2964 5073 3142 5128 neque
3184 5073 3309 5112 cum
3348 5056 3726 5116 atl‘ectionibus

2129 5158 2339 5213 nostris
2389 5154 2710 5226 simpliciter
2755 5152 3104 5208 manifestata
3136 5150 3398 5207 divinitas
3433 5156 3726 5224 appropin-

2130 5251 2289 5323 quari
2322 5256 2521 5320 potest.
2553 5246 2760 5302 Deinde
2790 5253 2850 5300 ut
2879 5259 3155 5302 summum
3198 5243 3258 5299 in
3278 5245 3486 5300 malitia
3503 5260 3726 5317 serpen-

2130 5353 2262 5410 tem,
2310 5342 2404 5413 qui
2452 5342 2749 5412 putabatur
2776 5339 3167 5396 callidissimus
3192 5340 3435 5395 omnium
3475 5341 3727 5397 animan-

2131 5436 2265 5492 tium
2298 5433 2652 5504 intelligentia
2686 5432 3059 5505 praeditorum,
3099 5434 3279 5502 specie
3307 5432 3555 5489 delusum
3592 5449 3725 5503 pro-

2133 5527 2254 5599 prio
2322 5528 2546 5582 numine
2605 5526 2763 5597 quasi
2793 5526 2954 5581 hamo
2987 5526 3351 5597 transﬁgeret.
3391 5535 3447 5580 et
3470 5525 3726 5583 eumdem

2134 5624 2430 5677 irruentem
2468 5618 2526 5674 in
2557 5619 2837 5675 Christum
2877 5628 3136 5690 tanquam
3170 5620 3228 5674 in
3270 5618 3561 5687 Adamum,
3604 5629 3728 5675 tan.

2135 5728 2296 5785 quam
2341 5712 2451 5769 Deo
2495 5724 2675 5771 autem
2708 5729 2834 5770 cum
2894 5714 3369 5774 obsecrationibus
3412 5713 3729 5770 obvianteln

517 5874 632 5943 (2|)
668 5872 836 5931 Iidem
868 5891 1059 5935 versus
1104 5881 1428 5948 repetuntur
1468 5889 1639 5931 carm.
1664 5874 1706 5929 ‘2
1738 5872 1842 5949 [1],
1878 5889 2021 5931 vers.
2066 5875 2192 5945 155,
2225 5876 2347 5931 ibi.
