4186 6372
433 342 536 398 τοι

443 465 648 518 victum
676 468 739 517 et
774 457 1010 516 fractum
1047 458 1303 517 evelleret
1327 473 1394 514 ex
1432 455 1682 528 imperio.
1719 453 1901 510 «Ἐρινιί
1941 470 2032 508 ar-

434 567 582 612 mato
610 573 630 606 ο
665 563 719 610 et
762 568 878 623 seq.
909 552 1049 607 Ante
1067 551 1317 608 eumdem
1356 551 1503 606 enim
1546 549 1820 604 hominem
1851 546 2022 600 Deum

431 649 712 704 Christum
743 647 920 701 victus
957 644 1126 700 draco
1168 644 1441 715 pessimus
1486 643 1837 713 praevalidam
1868 655 2025 696 suam

435 743 703 798 malitiam
739 749 903 810 atque
946 740 1293 810 tyrannidem
1317 739 1454 792 vidit
1507 737 1736 790 fractam
1767 744 1821 790 et
1870 750 2028 789 com-

436 835 726 896 minutam,
767 833 911 888 sicut
952 831 1121 886 maris
1158 831 1358 884 ﬂuctus
1400 837 1592 883 contra
1647 841 1896 896 asperam
1935 841 2028 879 ru-

435 943 559 998 pem
587 925 938 981 immobiliter
955 932 1193 979 stantem
1215 923 1603 977 inconcussam
1641 931 1863 975 ruentes
1897 933 2026 972 vor-

436 1018 602 1074 ticosi
636 1018 969 1088 franguntur
995 1028 1050 1070 et
1075 1016 1377 1070 eliduntur.

437 1111 525 1180 60}
556 1095 692 1164 Cum
742 1109 941 1180 prodiit
977 1107 1246 1173 Christus,
1281 1116 1424 1161 terra
1453 1114 1500 1159 et
1531 1105 1718 1159 coelum
1747 1105 1817 1156 ad
1850 1111 2028 1188 ortum

438 1249 501 1306 6|
546 1249 912 1313 Movebaniur,
941 1257 1051 1304 etc.
1913 1189 2030 1258 clm

514 1344 780 1399 Altissimi
809 1343 899 1397 Dei
924 1342 1265 1412 unigenitum
1292 1337 1533 1395 Verbum
1567 1337 1714 1392 dicto
1756 1335 1915 1391 modo
1949 1333 2032 1388 fa-

441 1445 592 1492 ctum
632 1444 717 1492 est
749 1436 934 1498 homo,
971 1445 1024 1490 et
1058 1450 1235 1488 novus
1269 1431 1441 1486 Adam
1464 1446 1529 1486 ex
1567 1437 1720 1484 casta
1749 1435 1804 1482 et
1854 1427 2033 1482 virum

443 1529 723 1586 nesciente
755 1527 976 1600 Virgine
1015 1538 1199 1592 natus,
1239 1523 1381 1580 Deus
1426 1532 1478 1579 et
1509 1524 1694 1588 homo,
1728 1521 1797 1577 de
1826 1537 1886 1576 se
1916 1522 2035 1590 ipso

444 1624 622 1679 fluens
663 1629 718 1678 et
765 1621 1041 1676 exsistens
1101 1617 1485 1674 manifestatus
1529 1624 1613 1671 est
1662 1614 1856 1679 nobis;
1894 1612 2038 1667 Deus

445 1714 723 1786 perlectus
745 1723 800 1768 et
828 1711 1106 1783 perfectus
1135 1709 1299 1764 homo
1347 1708 1518 1778 prima
1551 1705 1668 1760 haec
1724 1701 2036 1759 testimonia

443 1807 560 1861 Deo
598 1806 758 1877 digna
791 1804 989 1859 dabat:
1032 1802 1292 1857 nimirum
1336 1801 1430 1855 ubi
1471 1799 1706 1870 primum
1765 1812 1864 1867 per
1895 1794 2039 1848 nati-

445 1904 674 1948 vutatem
717 1891 992 1962 apparuit,
1024 1892 1208 1946 statim
1235 1888 1358 1944 caeli
1385 1893 1439 1942 et
1483 1894 1631 1940 terra
1683 1893 2036 1940 contremue-

446 1991 614 2037 runt:
647 1982 770 2036 εωιί
816 1980 1022 2034 militiae
1068 1977 1310 2033 caelestis
1351 1975 1758 2030 multitudinem
1797 1974 1852 2028 in
1922 1972 2038 2043 glo-

446 2074 582 2152 riam
606 2081 662 2128 et
709 2072 924 2126 laudem
965 2078 1095 2124 nato
1120 2070 1426 2133 miserunt;
1456 2075 1600 2122 terra
1633 2081 1762 2120 vero
1793 2080 2038 2119 commo-

445 2173 501 2219 ta
531 2171 889 2234 estsurgente
923 2162 1081 2217 stella
1102 2169 1156 2216 et
1179 2159 1364 2233 Magos
1379 2159 1675 2215 Persarum
1705 2174 1863 2228 rcges
1895 2157 2037 2210 dona

447 2255 688 2311 ferentes
722 2255 776 2308 in
796 2252 1040 2308 Iudaeam
1065 2251 1301 2306 ducente
1324 2258 1378 2304 et
1404 2250 1459 2304 in
1482 2249 1782 2312 Bethleem,
1804 2246 2039 2301 Parvulo

448 2350 542 2418 qui
584 2355 749 2402 natus
783 2355 866 2400 est
904 2359 998 2399 rex
1032 2345 1295 2398 honorem
1331 2350 1385 2398 et
1409 2341 1791 2395 adorationem
1823 2339 2040 2394 habitu.

448 2456 566 2496 ros.
611 2439 711 2494 llic
740 2453 872 2510 ergo
908 2452 1063 2492 novae
1091 2444 1145 2492 et
1175 2435 1432 2492 secundae
1455 2433 1658 2490 Christi
1690 2433 1794 2487 mei
1820 2447 2044 2502 genera-

451 2533 619 2589 tionis
645 2546 850 2595 sermo,
885 2530 1020 2585 adeo
1058 2542 1251 2600 purus.
1285 2527 1515 2581 illustris
1552 2523 1769 2596 Deoque
1821 2525 2040 2594 dignus.

452 2622 602 2678 Nihil
648 2625 702 2676 in
731 2621 837 2676 hoc
870 2619 1152 2674 invenitur
1186 2617 1558 2673 verecundum
1589 2623 1681 2669 aut
1724 2615 2043 2669 indecorum

453 2723 548 2769 aut
588 2713 734 2784 quod
763 2711 1043 2768 sanctitati
1077 2711 1198 2780 ejus
1220 2723 1330 2763 non
1363 2708 1576 2763 deceat.
1639 2705 1874 2761 Peccato
1926 2707 2046 2760 solo

454 2807 730 2861 adhaareat
779 2802 1016 2859 dedecus
1048 2810 1103 2856 et
1130 2799 1450 2870 turpitudo;
1495 2797 1590 2854 sed
1651 2813 1775 2852 cum
1806 2795 2046 2850 Verbum

458 2897 555 2953 Dei
592 2897 825 2952 mortale
861 2895 1064 2950 factum
1091 2903 1204 2957 est,
1255 2908 1366 2948 non
1401 2891 1623 2947 humani
1661 2890 1915 2961 corporis
1966 2890 2049 2943 in-

456 2991 639 3046 ﬂuxus
688 2987 816 3052 fuit,
875 2988 1015 3044 bene
1051 3001 1184 3042 vero
1242 2985 1582 3041 sanctilicata
1647 2999 1743 3055 per
1783 2982 2048 3052 Spiritum

458 3095 626 3136 carne
660 3079 853 3133 matris
899 3085 1106 3133 sanctae
1146 3085 1200 3132 et
1227 3077 1456 3146 virginis
1511 3089 1712 3144 corpus
1741 3075 1925 3128 anima
1958 3088 2049 3126 ra-

460 3170 651 3225 tionali
693 3178 747 3224 et
795 3167 1126 3239 intelligenti
1168 3167 1455 3238 praeditum
1489 3166 1596 3221 sibi
1635 3163 1965 3219 cirumdedit
1995 3170 2050 3217 et

460 3265 586 3320 inde
615 3264 890 3334 processit
917 3279 930 3314 :
963 3276 1126 3331 porro
1173 3261 1278 3331 ipsi
1311 3259 1443 3330 quid
1472 3258 1660 3330 probri
1695 3267 1792 3312 aut
1827 3256 2054 3312 dedecoo

461 3357 542 3410 ris
580 3362 726 3410 esset
751 3352 1074 3424 secundum
1115 3367 1336 3408 carnem
1374 3353 1525 3408 nasci
1551 3353 1668 3421 lege
1710 3359 1921 3404 naturae
1950 3365 2052 3404 cu-

473 3450 570 3518 jus
605 3449 721 3517 ipse
763 3455 980 3501 creator
1017 3454 1160 3510 erat,
1204 3454 1256 3502 et
1308 3447 1614 3517 piaculares
1645 3458 1746 3515 pro
1785 3459 1874 3498 me
1918 3445 2053 3497 tole-

465 3557 588 3596 rare
609 3554 800 3610 poenas
830 3539 986 3609 juxta
1019 3540 1190 3610 legem
1221 3539 1380 3608 cujus
1403 3547 1519 3594 erat
1576 3537 1692 3607 ipse
1739 3535 2055 3606 legislator?

467 3633 679 3690 Etenim
730 3631 1192 3704 quemadmodum
1225 3629 1412 3686 omnia
1461 3640 1672 3685 natura:
1713 3629 1914 3684 honori
1959 3628 2055 3683 ha-

468 3727 634 3787 bens.
689 3735 943 3780 naturam
1006 3731 1254 3779 nostram
1300 3723 1508 3794 absque
1547 3730 1777 3794 peccato
1837 3737 2054 3778 assum-

469 3828 674 3890 pserat,
699 3819 770 3873 ita
789 3827 845 3873 et
873 3825 1079 3873 statuta
1097 3817 1282 3888 inlege
1311 3815 1494 3870 omnia
1521 3815 1750 3885 accepit,
1775 3815 1891 3869 sive
1918 3829 2056 3884 qua-

468 3912 514 3967 si
561 3912 888 3984 pzedagogus
939 3911 1058 3980 ipse
1110 3905 1580 3964 sanctiﬁcatorum
1627 3921 1657 3960 a
1706 3905 1892 3975 seipso
1944 3904 2056 3960 sol-

467 4021 598 4061 rens
639 4005 844 4068 debita,
874 4003 990 4058 sive
1022 4001 1385 4072 expiatoriam
1438 3998 1614 4070 legem
1645 3995 1968 4066 adimplens.
2002 4007 2056 4052 ct

470 4099 592 4153 ideo
635 4111 761 4150 cum
805 4096 892 4150 lex
947 4094 1018 4148 ob
1049 4092 1424 4148 inﬁrmitatem
1469 4091 1700 4148 cedebat
1733 4089 2054 4164 perlectioni

472 4191 659 4258 gratiae
685 4204 850 4260 quam
881 4187 1062 4242 attulit
1087 4183 1440 4255 Evangelium
1478 4199 1738 4255 suprema
1798 4183 1888 4256 pia
1946 4183 2056 4239 sol-

473 4297 628 4346 vens,
657 4291 716 4336 ut
737 4280 981 4351 loquitur
1002 4277 1222 4333 divinus
1252 4275 1511 4347 scriptor.

477 4457 551 4514 72
653 4455 938 4527 Postquam
1018 4455 1196 4526 magni
1277 4455 1493 4508 luminis
1571 4453 1915 4527 prgafulgente
1975 4451 2059 4505 ίιι-

1641 4524 1848 4596 [οεηια.
1877 4530 1986 4578 etc.

546 4642 688 4698 Ante
720 4641 936 4712 l'ulgens
961 4639 1096 4695 solis
1115 4640 1321 4700 lumen,
1342 4645 1470 4693 ante
1493 4636 1658 4694 Verbi
1683 4653 1895 4704 vocem,
1927 4637 2065 4692 ami-

474 4751 579 4792 cus
601 4733 789 4806 sponsi
822 4745 1169 4804 praecurrens
1207 4728 1510 4786 secundum
1549 4731 1891 4786 nativitatem
1922 4745 2064 4800 prae-

477 4824 725 4881 cucurrit
769 4830 826 4878 et
875 4821 1191 4892 evangelica
1241 4820 1627 4892 praedicatione
1653 4830 1708 4876 et
1767 4822 1918 4893 regni
1956 4835 2068 4877 co:-

478 4922 655 4976 lorum
698 4913 1134 4978 annuntiatione,
1167 4927 1274 4968 vox
1297 4913 1592 4968 clamantis
1613 4912 1670 4967 in
1687 4913 1908 4969 deserto
1934 4929 2067 4984 pro-

474 5025 545 5083 pe
584 5023 707 5064 esse
723 5005 894 5062 Deum
928 5013 983 5061 et
1007 5004 1289 5061 Christum
1321 5020 1524 5073 meum,
1578 5005 1648 5060 ad
1703 5021 1865 5062 aures
1897 5021 2070 5078 popu-

475 5102 658 5157 lorum
687 5099 1157 5174 concurrentium,
1182 5107 1236 5152 et
1265 5099 1400 5154 istos
1431 5098 1717 5171 baptizans
1749 5098 1802 5153 in
1830 5096 2071 5153 Jordane

476 5193 548 5246 ad
576 5193 886 5266 parandum
934 5193 1224 5248 adventum
1267 5193 1389 5264 ejus
1435 5190 1769 5262 puriﬁcavit,
1831 5200 1885 5248 et
1949 5191 2073 5263 ipse

478 5285 667 5343 statim
697 5299 829 5340 voce
855 5285 1220 5355 praecursoris
1258 5286 1544 5339 nuntiatus
1593 5293 1648 5338 et
1692 5285 2070 5339 testimonium

479 5376 760 5446 accipiens
789 5375 1008 5430 obviam
1036 5377 1184 5432 venit
1215 5376 1476 5447 Baptistae
1495 5383 1549 5432 et
1580 5376 1649 5429 ah
1679 5391 1744 5431 eo
1757 5377 2074 5448 baptizatus

482 5476 594 5531 est,
636 5466 818 5537 majus
885 5482 1050 5537 quam
1115 5467 1358 5526 Joannes
1431 5482 1460 5521 a
1501 5464 1710 5538 Spiritu
1772 5467 1955 5525 Patris
1994 5478 2076 5525 te-

481 5559 808 5616 stimonium
842 5559 1054 5614 habuit.
1084 5559 1208 5629 Ipse
1246 5560 1458 5616 medius
1483 5561 1626 5615 viam
1657 5563 1905 5617 cucurrit
1937 5562 2077 5619 duos

481 5653 627 5708 inter
655 5653 909 5724 populos,
962 5654 1116 5708 illum
1150 5654 1243 5724 qui
1281 5670 1452 5725 prope
1495 5671 1558 5710 ex
1595 5653 1784 5717 Israel.
1834 5663 1887 5710 et
1910 5656 2076 5710 istum

481 5742 578 5812 qui
619 5743 832 5814 alonge
859 5752 977 5798 erat
1005 5759 1070 5799 ex
1100 5745 1358 5815 gentibus
1392 5763 1406 5799 :
1463 5747 1776 5800 communis
1819 5745 1966 5800 enim
2023 5751 2079 5800 et

483 5832 766 5904 angularis
793 5834 932 5904 l:~pis
958 5836 1166 5891 electus
1205 5844 1259 5894 et
1299 5836 1576 5908 pretiosus
1619 5834 1780 5893 Iesus
1813 5835 2070 5896 Christus

1791 336 2088 396 NICETAS
2119 334 2208 391 DA
2217 333 2330 390 VlD

3594 314 3712 380 .708

2137 454 2273 524 Περὶ
2302 452 2463 508 αὑτὸν
2491 453 2599 523 γάρ
2625 452 2716 506 τὸν
2744 449 3091 523 θεάνθρωπον
3112 448 3345 522 Χριστὸν
3366 449 3426 503 τὸ
3448 447 3548 518 τῆς
3579 446 3712 502 ἰδίας

2128 547 2326 609 κακίας
2359 546 2557 614 κράτος
2581 545 2674 598 καὶ
2702 544 2800 616 τὴν
2842 543 3131 615 τυραννίδα
3159 544 3187 595 6
3228 540 3485 611 πανώλης
3517 536 3709 607 ἔμελλε

2125 638 2343 708 δράκων
2365 636 2620 701 ἑαλωκὼς
2641 636 2890 702 κατάξειν
2910 653 2970 689 τε
2992 636 3087 690 καὶ
3109 632 3498 705 καταῤῥάξειν,
3523 631 3712 700 ὥσπερ

2126 731 2192 801 δὴ
2235 733 2330 783 καὶ
2373 729 2616 783 θάλασσα
2652 730 2782 798 περὶ
2814 729 3071 800 τραχεῖαν
3105 726 3312 798 πέτραν
3345 725 3440 779 καὶ
3487 722 3712 795 ἰσχυρὰν

2130 822 2227 877 καὶ
2271 821 2546 875 ἀνένδοτον
2573 820 2634 873 τὸ
2664 821 2834 891 αὐτῆς
2859 819 3028 891 -κῦμα
3064 819 3486 891 προσρῦσσουσα
3522 816 3713 869 πεοιά-

2129 929 2321 982 γνυται
2348 913 2444 967 καὶ
2476 911 2901 984 καταθραύεται.

2133 1093 2204 1150 60
2253 1093 2350 1159 Ὧς
2375 1091 2592 1162 ἐφάνη,
2623 1088 2758 1161 γαῖα
2778 1087 2846 1142 δὲ
2869 1086 2968 1142 καί
3000 1087 3258 1156 οὐρανὸς
3278 1085 3428 1157 ἀμφὶ
3459 1083 3714 1156 γενέθλη

2135 1227 2196 1282 61
2241 1225 2461 1287 Σεὶετο,
2493 1222 2615 1278 κτλ.

2217 1319 2277 1370 '0
2306 1317 2402 1386 μὲν
2435 1313 2528 1366 τοῦ
2556 1312 2778 1380 ὑψίστου
2822 1310 2956 1365 Θεοῦ
2991 1310 3285 1383 μονογενὴς
3317 1311 3487 1378 Λόγος
3516 1309 3607 1362 τὸν
3638 1310 3719 1364 εί-

2140 1429 2206 1483 ρη
2216 1410 2372 1481 μένον
2396 1407 2690 1479 ἀνδρωθεὶς
2714 1405 2933 1478 τρόπον,
2968 1404 3064 1458 καὶ
3091 1405 3208 1469 νέος
3248 1402 3417 1474 ’Δδάμ
3446 1402 3507 1467 ἐξ
3551 1402 3720 1473 ἁγνῆς

2138 1503 2232 1556 καὶ
2265 1499 2612 1570 ἀνύμφεύτου
2649 1497 2818 1569 κόρης
2841 1495 3104 1565 γεγονὼς,
3131 1494 3266 1559 Θεὸς
3291 1495 3388 1548 καὶ
3413 1493 3718 1565 ἄνθρωπος,

2139 1592 2454 1664 αὑτοπαγὴς
2480 1590 2514 1662 ἢ
2559 1588 2970 1650 αύθυπόστατος
3012 1586 3280 1656 ὲπέφανεν
3320 1587 3446 1658 ἡμῖν
3466 1603 3479 1615 ο
3505 1587 3584 1640 ὅτι
3618 1585 3661 1637 δ’
3691 1587 3721 1638 6

2141 1687 2302 1748 αὐτὸς
2353 1685 2449 1738 καὶ
2493 1683 2628 1746 Θεὸς
2669 1680 2876 1743 τέλειος
2922 1679 3016 1732 καὶ
3058 1677 3262 1742 τέλειος
3305 1678 3588 1749 ἄνθρωπος
3628 1673 3719 1748 ἦν,

2143 1781 2337 1852 πρῶτα
2363 1778 2638 1850 τεκμήρια
2667 1774 2842 1829 ταῦτα
2871 1770 3240 1838 ἀξιοθεὼτατα
3262 1770 3586 1843 παρέσχετο.
3612 1769 3723 1824 Καὶ

2140 1868 2249 1938 γὰρ
2275 1865 2393 1936 ἅμα
2435 1863 2652 1935 πρῶτον
2680 1862 2768 1916 διὰ
2810 1861 3117 1931 γεννήσεως
3148 1859 3406 1930 ὲπέφανε,
3438 1860 3533 1913 καὶ
3571 1859 3601 1913 6
3630 1859 3724 1912 ού-

2144 1958 2300 2032 ρανδς
2327 1956 2490 2019 εὐθὺς
2518 1953 2808 2025 ἀνεσείσθη
2844 1952 2939 2006 καὶ
2961 1953 2993 2022 ἡ
3019 1952 3118 2022 γῆ·
3147 1951 3375 2022 οὐρανὸς
3399 1951 3497 2022 μὲν
3519 1949 3724 2021 πλῆθος

2141 2050 2402 2121 στρατιᾶς
2432 2046 2692 2120 οὐρανίας
2733 2048 2814 2110 είς
2845 2043 3154 2113 δοξολογίαν
3196 2045 3292 2097 καὶ
3319 2043 3524 2097 αἶνεσιν
3557 2042 3727 2114 προῦ-

2143 2158 2330 2213 πεμπε
2375 2139 2454 2211 τῷ
2488 2137 2834 2210 γεννωμένῳ,
2872 2138 2908 2208 ὴ
2943 2137 3014 2207 γῆ
3053 2135 3109 2189 δὲ
3145 2135 3454 2197 σεσάλευτο,
3499 2134 3727 2205 ἀστέρος

2141 2233 2202 2299 ἐξ
2230 2231 2498 2301 ἀνατολῆς
2525 2230 2872 2300 ἀνασχόντος,
2905 2230 2997 2284 καὶ
3024 2229 3218 2300 μάγοις
3242 2226 3351 2280 τῶν
3381 2225 3605 2298 Περσῶν
3634 2225 3729 2296 βα-

2143 2324 2352 2380 σιλεῦσι
2380 2323 2708 2396 δωροφόροις
2732 2323 2812 2386 είς
2839 2321 2938 2393 τὴν
2976 2320 3238 2376 Ἰουδαίαν
3271 2320 3376 2390 γῆν
3408 2318 3725 2390 καθηγησα-

2149 2418 2309 2489 μένου
2333 2415 2429 2470 xui.
2465 2414 2564 2486 τὴν
2607 2414 2856 2485 Βηθλεὲμ
2881 2415 2960 2477 είς
2990 2413 3090 2485 τὴν
3131 2411 3224 2466 τοῦ
3261 2412 3541 2481 νεογενοῦς
3576 2411 3730 2481 βασι-

2144 2511 2282 2574 λέως
2325 2508 2699 2582 προσκύνησιν
2750 2507 2844 2560 καὶ
2871 2508 3057 2577 τιμήν.
3099 2506 3160 2559 '0
3193 2505 3291 2576 μὲν
3329 2502 3423 2558 οὖν
3461 2505 3560 2575 τῆς
3601 2503 3730 2566 νέας

2147 2599 2242 2654 καὶ
2269 2599 2528 2669 δευτέρας
2554 2595 2650 2650 τοῦ
2680 2596 2814 2668 ἐμοῦ
2845 2596 3082 2668 Χριστοῦ
3109 2597 3416 2666 γεννήσεως
3447 2595 3605 2664 λόγος
3633 2588 3728 2648 οῦ-

2145 2708 2238 2755 τος
2264 2689 2361 2744 καὶ
2383 2688 2525 2743 οὕτω
2550 2687 2790 2758 καθαρὸς
2816 2689 2911 2741 καὶ
2929 2687 3071 2741 οὕτω
3102 2687 3352 2758 λαμπρὸς
3379 2689 3474 2742 καὶ
3507 2687 3732 2758 θεοπρε-

2149 2786 2286 2856 πής·
2317 2784 2563 2854 ἄσχημον
2595 2779 2652 2833 δὲ
2696 2779 2731 2850 ἢ
2777 2779 3026 2852 ἀπρεπὲς
3059 2779 3152 2832 καὶ
3192 2779 3291 2849 τῆς
3339 2779 3734 2848 ἀγιοπρεπείας

2149 2874 2316 2930 αὑτοῦ
2351 2873 2568 2939 ἀνάξιον
2609 2871 2796 2926 οὐδέν’
2833 2871 2966 2942 μόνη
2991 2870 3101 2942 γάρ
3142 2870 3498 2942 ἀσχημοσύνη
3531 2871 3626 2924 καὶ
3651 2872 3739 2922 αἱ·

2153 2971 2388 3042 σχρὸτης
2409 2969 2444 3039 ἡ
2479 2966 2722 3038 ἁμαρτία
2749 2966 2986 3036 ὑπάρχει
3015 2963 3217 3034 δηλαδή
3235 2979 3251 2993 ·
3280 2962 3360 3034 τῷ
3381 2963 3539 3034 Λόγῳ
3556 2963 3614 3018 δὲ
3638 2960 3734 3015 τοῦ

2153 3061 2288 3116 Θεοῦ
2311 3062 2412 3115 οὐκ
2435 3059 2532 3113 ἀνθ
2542 3058 2753 3130 ρωπίνῃ
2776 3055 3028 3127 σώματος
3051 3054 3204 3126 ῥύσει
3238 3055 3582 3128 βροτουμένῳ
3602 3072 3615 3085 ·
3646 3056 3737 3109 αύο

2154 3154 2245 3218 τὸς
2281 3152 2391 3224 γὰρ
2422 3152 2628 3213 ἐκεῖνος
2655 3151 2719 3202 ὲκ
2749 3148 2951 3219 σαρκὸς
2979 3147 3313 3218 ήγνισμένης
3342 3147 3421 3218 τῷ
3455 3148 3738 3219 Πνεῦματι

2157 3245 2251 3299 καὶ
2275 3243 2511 3315 μητέρος
2544 3240 2703 3310 ἁγίας
2724 3239 2817 3294 καὶ
2846 3239 3180 3311 παρθενικῆς
3199 3239 3377 3310 ἑαυτῷ
3410 3240 3568 3312 σῶμα
3589 3242 3734 3312 ψυχῇ

2156 3338 2348 3407 λογικῇ
2375 3335 2468 3389 καλ.
2487 3333 2651 3404 νοερᾷ
2673 3330 2954 3403 χρώμενον
2977 3329 3418 3402 περιπηξάμενος
3444 3329 3735 3403 προῆλθεν·

2160 3431 2338 3501 τούτῳ
2372 3427 2424 3498 γ’
2451 3423 2545 3481 οῦν
2573 3413 2725 3488 ποῖος
2757 3425 2944 3496 μῶμος
2969 3423 3004 3494 ἦ
3036 3420 3221 3494 αἶσχος
3247 3424 3390 3479 κατά
3416 3425 3592 3496 σάρκα
3616 3442 3742 3494 γενο

2158 3521 2384 3593 νωμένῳ
2406 3521 2555 3591 νόμῳ
2582 3519 2682 3589 τῆς
2721 3518 2958 3587 φύσεως,
2985 3511 3054 3588 ἦς
3079 3515 3242 3580 αὐτὸς
3282 3516 3615 3588 δημιουργὸς
3646 3514 3739 3589 ἦν,

2158 3614 2253 3667 καὶ
2287 3611 2601 3683 καθαρσίων
2651 3611 2793 3681 ὑπὲρ
2832 3608 2967 3679 ἐμοῦ
3015 3609 3326 3680 ἀνεχομένῳ
3377 3609 3518 3663 κατά
3555 3612 3739 3681 νόμον,

2158 3699 2220 3760 οὗ
2249 3703 2546 3775 νομοθέτης
2573 3701 2732 3766 αὐτὸς
2758 3697 2856 3771 ἧν;
2890 3700 2999 3754 Καὶ
3025 3700 3136 3772 γὰρ
3173 3699 3361 3772 ῶσπερ
3396 3701 3466 3755 τὰ
3505 3701 3604 3773 τῆς
3634 3701 3741 3770 φύ-

2163 3815 2300 3861 σεως
2328 3797 2504 3850 πάντα
2541 3794 2738 3866 τιμῶν,
2773 3794 2870 3865 τὴν
2903 3793 3060 3865 ἡμῶν
3087 3795 3248 3864 φύσιν
3269 3795 3437 3867 χωρὶς
3466 3795 3740 3866 ἁμαρτίας

2161 3889 2525 3944 καταδέδεκτο
2547 3904 2562 3918 ο
2593 3887 2736 3939 οὕτω
2763 3886 2860 3940 καὶ
2895 3886 2966 3940 τά
3010 3888 3456 3959 προστεταγμένα
3482 3887 3560 3958 τῷ
3591 3887 3742 3958 νόμῳ

2162 3980 2340 4035 πάντα
2371 3976 2714 4042 κατεδέξατο.
2751 3978 2784 4048 ἢ
2814 3977 2891 4041 ὡς
2931 3977 3263 4050 παιδαγωγῷ
3295 3977 3409 4032 ὄντι
3451 3977 3558 4030 τῶν
3584 3979 3746 4048 ἡγια-

2164 4071 2375 4142 σμένων
2412 4070 2502 4124 ὑπ’
2527 4067 2674 4139 αὐτῷ
2696 4068 2763 4121 τὰ
2791 4067 3097 4140 θρεπτήρια
3134 4068 3632 4139 ἀποτιννύμενος,ἢ
3667 4067 3745 4130 ὡς

2163 4163 2534 4235 ὑποχωροῦντι
2585 4161 2674 4215 διὰ
2715 4162 2815 4231 τὴν
2863 4161 3113 4216 ἀτέλειαν
3156 4163 3224 4232 τῇ
3253 4162 3352 4232 τῆς
3393 4162 3612 4231 χάριτος
3649 4159 3743 4213 τοῦ

2163 4253 2496 4323 Εὐαγγελίου
2525 4251 2823 4321 τελειότητι
2853 4251 2921 4305 τά
2960 4253 3414 4324 προπεμπτήρια,
3455 4251 3530 4315 ῶς
3581 4269 3746 4323 φησιν

2165 4346 2192 4398 6
2218 4345 2593 4407 θεόπνευστος,
2621 4341 3034 4411 ἀφοσιούμενος.

2168 4454 2236 4508 72
2270 4453 2467 4522 Αὐτὰρ
2516 4451 2646 4504 ἐπεὶ
2691 4450 2978 4521 μεγάλοιο
3031 4450 3224 4521 φάους
3265 4452 3582 4594 ἐριίὶαμπέτ
3621 4455 3746 4576 ὶὶιῤ.

3346 4553 3348 4556 ν
3377 4541 3517 4591 χνῳ,
3554 4541 3620 4576 κτ
3659 4562 3673 4578 .

3346 4541 3517 4591 μανψ,
3554 4541 3673 4578 κτλ.

2247 4637 2401 4690 Ἐπεὶ
2431 4636 2508 4700 δὲ,
2537 4637 2701 4705 φησὶν
2736 4637 2765 4688 6
2798 4635 3270 4705 θεολογικὼτατος,
3311 4636 3388 4708 τῷ
3413 4640 3748 4708 φαεινοτάτῳ

2165 4729 2344 4802 λύχνῳ
2379 4728 2475 4782 τοῦ
2499 4727 2672 4800 ἡλίου,
2719 4731 2786 4799 τῇ
2815 4731 2966 4800 φωνῇ
3016 4729 3108 4782 τοῦ
3141 4729 3336 4797 Λόγου,
3363 4729 3441 4800 τῷ
3483 4731 3622 4800 φίλῳ
3653 4729 3748 4783 τοῦ

2164 4826 2422 4898 νυμφίου,
2445 4823 2801 4896 προτρέχοντι
2823 4821 2964 4876 κατά
2981 4821 3078 4891 τὴν
3101 4823 3371 4894 γέννησιν,
3395 4823 3751 4896 προτρέχοντι

2168 4919 2312 4974 κατὰ
2349 4918 2447 4989 τὴν
2481 4913 2841 4986 εὐαγγελικὴν
2866 4913 3087 4985 διδαχὴν
3116 4914 3211 4967 καὶ
3242 4915 3341 4985 τῆς
3374 4915 3482 4968 τῶν
3508 4913 3754 4986 οὐρανῶν

2171 5009 2448 5082 βασιλείας
2483 5005 2838 5078 ἀνακήρυξιν,
2867 5007 2967 5059 καὶ
2998 5007 3054 5059 ὲν
3085 5006 3277 5078 ἐρήμῳ
3327 5005 3466 5077 μέσῃ
3498 5005 3590 5060 τὸν
3621 5005 3752 5076 ὲμὺν

2170 5105 2302 5158 Θεὸν
2333 5101 2426 5155 καὶ
2458 5099 2691 5171 Χριστὸν
2722 5097 2962 5166 ἐγγίζειν
2997 5096 3189 5168 βοῶντι
3219 5097 3356 5169 πρὸς
3384 5097 3512 5162 τοὺς
3543 5099 3629 5151 ἐπ’
3652 5099 3753 5152 αὑ-

2170 5197 2261 5250 τὸν
2291 5193 2677 5266 συντρέχοντας
2701 5190 2885 5254 λαοὺς,
2907 5189 3001 5254 οὓς
3022 5191 3116 5244 καὶ
3139 5189 3416 5260 βαπτίζων
3440 5191 3498 5243 ὲν
3517 5189 3596 5260 τῷ
3632 5191 3758 5261 Ἰορ-

2172 5290 2305 5360 δάνῃ
2355 5287 2490 5358 πρὸς
2533 5286 2632 5357 τὴν
2677 5284 2945 5356 ὑποδοχὴν
2985 5285 3193 5336 ἐκείνου
3242 5283 3633 5356 προεκάθαιρε,
3664 5286 3758 5338 καὶ

2173 5379 2334 5441 αὐτὸς
2360 5375 2559 5439 εὐθέως
2575 5375 2762 5429 λοιπὸν
2787 5379 2814 5429 ὁ
2835 5375 3236 5447 κηρυττόμενος
3255 5375 3350 5428 καὶ
3376 5376 3760 5448 μαρτυρούμε-

2175 5487 2265 5532 νος
2293 5468 2370 5539 τῷ
2405 5468 2719 5538 βαπτίζοντι
2746 5468 3053 5538 παραστὰς,
3081 5468 3175 5521 καὶ
3200 5467 3513 5538 βαπτισθεὶς
3542 5471 3632 5522 ὑπ’
3663 5449 3755 5523 0.6.-

2177 5559 2293 5627 τοῦ,
2330 5561 2500 5631 μείζω
2550 5560 2606 5613 δὲ
2639 5560 2740 5630 τῆς
2781 5560 3028 5615 Ἰωάννου
3068 5560 3164 5632 τὴν
3208 5560 3478 5632 πατρόθεν
3529 5561 3636 5614 ὑπὸ
3665 5559 3760 5614 τοῦ

2179 5653 2495 5725 Πνεύματος
2519 5654 2972 5725 καταδεδεγμένος
3000 5654 3323 5726 μαρτυρίαν,
3347 5655 3510 5718 αὐτὸς
3530 5656 3631 5726 μὲν
3651 5655 3759 5710 τῶν

2179 5747 2273 5800 δύο
2291 5747 2453 5818 μέσος
2474 5749 2806 5820 πεπόρευται
2827 5748 2994 5812 λαῶν,
3014 5747 3106 5801 τοῦ
3124 5765 3182 5801 τε
3205 5747 3432 5818 πλησίον
3457 5747 3516 5814 ἐξ
3545 5748 3761 5822 Ἰσραὴλ

2179 5838 2394 5898 καὶτοῦ
2423 5839 2706 5915 πόρρωθεν
2728 5841 2953 5912 ἥκοντος
2981 5842 3045 5895 ὲκ
3073 5839 3182 5896 τῶν
3211 5839 3400 5896 ἐθνῶν.
3433 5839 3624 5906 Κοινδς
3651 5840 3764 5913 γᾶρ
