4186 6372
411 323 515 379 700

415 446 507 496 καὶ
561 438 954 510 ἀκρογωνιαῐος
996 437 1141 501 λίθος
1192 436 1444 500 ἐκλεκτὸς
1488 439 1583 492 καὶ
1632 438 1847 509 ἔντιμος
1884 439 1989 509 Ἰη-

419 533 544 596 σοῦς
572 534 600 584 ὁ
628 530 862 601 Χριστὸς
893 532 951 582 ὲν
983 532 1046 601 τῇ
1082 528 1217 581 Σιὼν
1249 528 1433 599 ἐτέθη,
1461 531 1546 599 ἐφ’
1586 529 1774 583 ἑαυτὸν
1803 530 1993 582 ἑκατέ-

415 642 541 697 ρους
572 625 651 685 si;
691 622 748 674 ἓν
782 621 1012 675 συνδέων
1040 622 1164 684 τοὺς
1207 620 1402 684 λαούς·
1446 621 1631 690 ῶσπερ
1674 622 1730 675 δὲ
1775 622 1993 693 πνεῦμα

409 711 479 787 ἦν
515 717 545 768 ὁ
573 714 736 776 αὐτὸς
767 713 861 767 καὶ
883 713 1037 783 σὰρξ,
1064 713 1204 765 οὓτω
1237 714 1330 766 καὶ
1350 712 1615 783 κάθαρσιν
1647 716 1757 776 τοῖς
1783 713 1991 783 ἀνθρώ-

412 825 536 871 ποις
578 806 876 877 παρέχεται
917 804 1122 874 διττὴν,
1152 806 1249 874 τήν
1278 821 1338 856 τε
1375 802 1469 856 τοῦ
1509 804 1710 868 ζῶντος
1739 803 1992 874 Πνεῦμα-

409 915 524 961 τος,
558 890 603 966 ᾧ
624 899 717 951 καὶ
743 898 801 950 τὸ
831 897 973 967 ὕδωρ
1000 894 1094 949 τοῦ
1127 895 1501 967 βαπτίσματος
1541 896 1783 949 κάτωθεν
1819 896 1989 965 παρέ-

412 1006 592 1055 πεται,
614 987 715 1057 τήν
738 1005 799 1042 τε
826 986 917 1041 τοῦ
942 988 1172 1058 αἵματος
1188 986 1423 1058 Χριστοῦ
1446 986 1539 1039 τοῦ
1564 987 1817 1056 χυθέντος
1847 988 1988 1059 ὑπὲρ

415 1082 569 1151 ἡμῶν
594 1083 652 1135 ὲν
676 1081 754 1151 τῷ
773 1079 989 1152 σταυρῷ
1015 1095 1028 1107 ·
1045 1078 1202 1132 τοῦτό
1230 1080 1347 1131 ἐστι
1372 1079 1433 1132 τὸ
1454 1072 1592 1149 αίμα
1609 1080 1644 1150 ἡ
1672 1078 1772 1148 τῆς
1797 1080 1988 1150 διαθή-

412 1191 517 1245 κης
546 1175 646 1244 τῆς
670 1173 862 1244 καινῆς
886 1172 1139 1243 σφραγὶς,
1166 1172 1195 1225 ὃ
1218 1172 1281 1244 δὴ
1313 1171 1496 1243 ῥύσιόν
1529 1188 1586 1225 τε
1618 1171 1709 1226 καὶ
1739 1170 1988 1243 λυτήριον

409 1268 521 1322 τῶν
539 1266 632 1320 τοῦ
664 1264 1006 1337 προπάτορός
1051 1266 1199 1317 ἐστιν
1235 1264 1547 1337 ἀρχεγόνων
1578 1265 1790 1330 παθῶν,
1834 1266 1990 1319 τοῦτο

413 1398 483 1453 82
518 1398 585 1451 Εἰ
610 1396 728 1466 μὲν
755 1395 832 1465 δὴ
856 1394 943 1466 μὴ
978 1396 1228 1464 τρεπτὸς
1267 1396 1379 1463 ἔην
1416 1396 1658 1464 βροτὸς,
1687 1398 1823 1451 ἀλλ’
1848 1397 1989 1451 ἀδά-

1490 1467 1762 1537 [μαστοςη
1793 1468 1911 1522 κτλ.

480 1584 547 1637 Εἰ
575 1581 791 1655 ἀληθῶς
813 1581 920 1653 ἄρα
945 1580 1006 1634 οὐ
1030 1580 1263 1653 τρεπτὸς
1288 1581 1426 1634 ἀλλά
1449 1581 1719 1653 ἄτρεπτος
1741 1583 1836 1636 καὶ
1860 1584 1990 1654 ἀμε-

410 1675 669 1746 τακλινὴς
700 1673 792 1727 ἐπὶ
829 1673 889 1726 τὸ
919 1675 1097 1743 χεῖρον
1127 1672 1302 1742 ἔγωγε
1334 1674 1653 1744 πέπλασμαι
1684 1677 1749 1727 ἐκ
1774 1675 1989 1746 προσώ-

415 1784 519 1821 που
542 1768 641 1838 τῆς
676 1766 1114 1838 ἀνθρωπότητος,
1151 1768 1184 1836 ὴ
1221 1766 1540 1838 θεορρήμων
1570 1767 1792 1836 γλῶσσά
1832 1786 1984 1837 φησι,

418 1859 577 1930 μόνος
600 1859 665 1913 ἂν
693 1859 921 1932 ἐδεόμην
943 1858 1045 1929 τῆς
1068 1859 1432 1930 σταυριώδους
1462 1858 1557 1912 τοῦ
1590 1859 1723 1913 Θεοῦ
1749 1861 1985 1930 ἐντολῆς·

412 1953 448 2023 ἡ
474 1952 917 2025 περιφρουροῦσα
933 1951 1025 2005 καὶ¹
1044 1950 1289 2015 σώζουσα
1306 1954 1385 2016 είς
1406 1953 1546 2023 μέγα
1566 1952 1633 2007 ἄν
1656 1970 1723 2023 με
1752 1954 1990 2025 προῆγεν

412 2043 626 2115 ὑψοῦσα
654 2043 811 2113 δόξης
852 2060 912 2095 τε
958 2042 1051 2096 καὶ
1088 2045 1287 2114 τιμῆς·
1326 2043 1420 2096 νῦν
1452 2044 1508 2097 δὲ
1537 2045 1723 2116 ἐπειδὴ
1776 2046 1874 2116 οὐχ
1916 2046 1991 2109 ὠς

411 2132 547 2187 Θεὸν
582 2133 934 2205 ἀμετάθετον,
976 2134 1092 2187 ἀλλ’
1120 2133 1195 2197 ὡς
1246 2133 1383 2197 ζῶον
1432 2134 1648 2189 ἔκτισεν
1692 2136 1991 2206 εὐμετάϐο-

414 2225 526 2287 λον,
550 2226 838 2298 ἀμφιρεπῆ
865 2242 925 2279 τε
946 2224 1127 2279 κλιτόν
1148 2242 1228 2289 τε,
1260 2225 1347 2277 ἐπ’
1364 2225 1566 2296 ἀρετήν
1590 2243 1649 2278 τε
1676 2226 1769 2279 καὶ
1794 2227 1991 2281 κακίαν

413 2320 617 2388 ὁμοίως
645 2319 831 2390 ῥέπειν
866 2318 959 2371 καὶ
993 2315 1388 2381 ὲπικλίνεσθαι,
1416 2318 1723 2389 ὁποτέρωσε
1766 2318 1989 2385 νεύσειε,

415 2408 728 2478 δυνάμενον,
756 2407 844 2462 διὰ
870 2406 1029 2461 τοῦτο
1048 2410 1142 2462 καὶ
1171 2407 1381 2462 πλείοσι
1414 2408 1750 2480 βοηθήμασιν
1773 2409 1848 2473 ὡς
1878 2411 1994 2479 φιλ-

414 2499 616 2567 άγαθος
655 2500 1007 2571 ὑποστηρίζει
1028 2519 1040 2531 ·
1075 2501 1183 2554 τῶν
1234 2500 1595 2572 βοηθημάτων
1623 2502 1679 2555 δὲ
1708 2502 1766 2557 ἓν
1795 2504 1889 2557 καὶ
1932 2505 1992 2556 τὸ

416 2592 703 2646 κάλλιστον
749 2593 782 2664 ἡ
837 2592 926 2645 διὰ
975 2592 1201 2663 λουτροῦ
1258 2594 1352 2647 καὶ
1403 2592 1779 2666 βαπτίσματος
1833 2597 1991 2669 χάρις

416 2683 585 2738 ἐστίν.
607 2684 715 2737 Kal
739 2684 842 2755 γὰρ
867 2684 925 2737 ὃν
946 2685 1149 2754 τρόπον
1173 2683 1439 2755 Ἐϐραίων
1461 2670 1649 2750 παΐδές
1670 2704 1798 2740 ποτε
1818 2688 1990 2759 ἀμνοῦ

413 2776 613 2843 ἀλόγου
646 2774 725 2844 τῷ
749 2776 941 2846 αἵματι
962 2775 1060 2839 τὰς
1086 2776 1194 2830 τῶν
1223 2775 1409 2829 οἰκιῶν
1446 2778 1758 2847 ἀλείφοντες
1791 2780 1848 2832 ὲν
1879 2797 1993 2833 συν-

413 2866 657 2937 τάγματι
675 2866 880 2937 Κυρίου
909 2866 1090 2935 φλιάς,
1120 2868 1209 2920 ὅτε
1228 2869 1335 2921 πᾶν
1366 2868 1709 2939 πρωτογενὲς
1740 2871 1797 2922 έν
1828 2870 1995 2939 Αίγύ-

414 2979 538 3032 πτῳ
565 2960 672 3014 ἀπὸ
704 2958 991 3030 ἀνθρώπου
1019 2960 1124 3023 ἕως
1156 2962 1385 3031 κτήνους
1414 2963 1472 3014 ὲν
1514 2964 1613 3033 μιᾷ
1638 2962 1996 3037 ἐξανῃροῦντο

417 3053 594 3120 νυκτὶ,
613 3055 733 3106 τότε
756 3048 902 3108 οὗτοι
933 3052 1011 3124 τῷ
1032 3053 1246 3125 τυπικῷ
1269 3052 1527 3125 χρίσματι
1551 3054 1743 3125 ἐκείνῳ
1761 3055 1859 3127 τὴν
1890 3056 1997 3109 ἀπὸ

416 3147 512 3203 τοῦ
550 3147 872 3221 ὀλοθρευτοῦ
897 3147 1076 3219 λύμην
1108 3148 1474 3219 διεδίδρασκον
1497 3165 1511 3178 ο
1540 3147 1684 3202 οὕτω
1704 3149 1872 3220 κάμοὶ
1901 3148 1994 3202 τοῦ

414 3238 591 3311 ἀμνοῦ
618 3239 714 3293 τοῦ
743 3238 879 3293 Θεοῦ
907 3239 999 3293 τοῦ
1030 3239 1130 3310 τὴν
1175 3240 1445 3311 ἁμαρτίαν
1480 3238 1729 3310 αἴροντος
1767 3240 1862 3293 τοῦ
1901 3241 1994 3293 κό-

421 3347 559 3401 σμου
592 3329 656 3382 τὸ
677 3328 894 3398 πνεῦμα
919 3329 1013 3381 καὶ
1038 3331 1099 3381 τὸ
1118 3322 1257 3399 αἷμα
1288 3326 1549 3398 Χριστοῦ,
1582 3329 1818 3399 σφραγὶς
1843 3329 1997 3400 θεόρο

422 3424 581 3491 ρυτος
601 3422 692 3474 καὶ
717 3420 855 3491 ῐαμα
885 3419 1227 3483 ἀλεξίκακον,
1261 3420 1338 3490 τῷ
1364 3438 1423 3473 τε
1452 3421 1527 3491 νῷ
1559 3423 1655 3474 καὶ
1680 3421 1756 3492 τῷ
1786 3421 1996 3492 σώματι

418 3512 495 3575 ὡς
539 3511 689 3564 οἴκου
739 3512 919 3581 φλιαῖς
962 3511 1153 3582 νοητοῦ
1198 3512 1493 3583 χριομένῳ,
1528 3513 1852 3584 χρηματίζει
1905 3516 1999 3566 καὶ¹

421 3605 687 3658 παντοίων
749 3604 1117 3675 ἀποτρόπαιον
1166 3604 1544 3658 ἀποδείκνυται
1608 3605 1814 3658 κακῶν.
1874 3606 1998 3668 Τοῖς

424 3697 523 3767 μὲν
578 3693 665 3750 οὖν
724 3697 800 3761 ὡς
859 3695 1073 3749 ἀτελέσι
1132 3694 1223 3749 καὶ
1286 3696 1498 3767 νηπίοις
1552 3698 1612 3750 τὸ
1662 3696 1906 3759 τυπικῶς
1963 3696 1997 3768 ἢ

424 3788 668 3851 σκιωδῶς
729 3791 847 3842 ἐκεῖ
904 3787 1352 3858 παρειλημμένον
1396 3788 1605 3859 χρίσμα
1648 3789 1885 3860 τυπικήν
1938 3806 1998 3840 τε

423 3881 521 3932 καὶ
572 3880 905 3951 πρόσκαιρον
956 3879 1132 3933 εἵτουν
1192 3882 1511 3951 σωματικὴν
1562 3881 1835 3952 σωτηρίαν
1886 3884 2000 3944 τοῖς

422 3971 731 4043 χριομένοις
765 3970 1113 4024 ὐπετείνατο·
1169 3971 1420 4024 ὲνταυθοῖ
1462 3972 1522 4025 δὲ
1568 3974 1601 4042 ή
1648 3973 1738 4026 διὰ
1774 3973 1998 4045 λουτροῦ

422 4064 843 4132 παλιγγενεσίας
874 4063 1127 4134 διδομένη
1170 4065 1329 4134 χάρις
1357 4063 1451 4117 τοῦ
1480 4064 1793 4134 Πνεύματος,
1822 4066 1915 4119 οιαὶ
1941 4065 2002 4119 τὸ

421 4154 515 4209 τοῦ
548 4154 845 4223 φωτοὸότου
877 4148 1017 4224 αἷμα
1060 4154 1236 4225 Ἰησοῦ
1271 4154 1470 4225 ἀρίστη
1510 4154 1718 4222 γίνεται
1766 4156 2003 4226 σφραγὶς

421 4249 519 4301 καὶ
545 4246 816 4316 ἀσφάλεια
850 4246 1083 4317 μυστικὴ
1116 4246 1232 4309 νοὸς
1260 4249 1356 4300 καὶ
1397 4247 1574 4318 ψυχῆς
1602 4248 1697 4301 καὶ
1725 4247 1999 4317 σώματος,

421 4335 534 4394 οἷόν
564 4358 648 4404 τις
676 4338 935 4411 ἀρῤαόὼν
970 4337 1117 4409 ζωῆς
1149 4338 1368 4393 αίωνίου
1397 4341 1492 4393 καὶ
1533 4339 1876 4393 ἀκαταλύτου
1906 4339 2003 4409 βα-

424 4432 663 4495 σιλείας,
711 4434 824 4495 τοῖς
874 4430 1047 4496 ἀξίοις
1094 4431 1460 4502 λαμϐάνουσιν
1509 4432 1904 4505 βραϐευομένηο
1944 4434 2003 4487 ἐν

421 4524 573 4595 αύτῷ
598 4525 706 4595 γὰρ
731 4524 809 4595 τῷ
832 4524 926 4577 τοῦ
964 4523 1138 4595 ἀμνοῦ
1162 4524 1254 4578 τοῦ
1283 4523 1417 4577 Θεοῦ
1447 4526 1732 4596 χρίσματι,
1770 4524 1863 4578 τοῦ
1897 4524 1991 4595 βά-

424 4614 551 4677 θους
578 4615 676 4684 τῆς
713 4612 891 4683 λύπης
930 4613 1026 4666 καὶ
1066 4612 1169 4682 τῆς
1214 4611 1595 4680 ἀπογνώσεως,
1651 4612 1747 4666 καὶ
1788 4613 1851 4684 δὴ
1905 4614 2001 4667 καὶ

422 4705 519 4760 τοῦ
562 4708 660 4777 τῆς
692 4705 966 4777 ἁμαρτίας
997 4704 1195 4777 βάρους
1243 4704 1385 4758 κατά
1420 4704 1615 4775 μικρὸν
1643 4704 2000 4775 ἀνακουφιζό-

428 4814 598 4870 μενοι,
638 4797 731 4849 καὶ
758 4797 850 4850 τὸν
881 4795 1082 4867 αὐχένα
1109 4795 1479 4859 ἀνατείνοντες
1496 4796 1595 4866 τῆς
1621 4795 1820 4867 ψυχῆς,
1860 4797 2003 4868 πρὸς

422 4894 521 4964 τὴν
554 4891 802 4963 οὐράνιον
836 4889 979 4960 ζωὴν
1010 4889 1110 4953 τὰς
1152 4890 1378 4961 πορείας
1418 4889 1860 4960 κατευθυνόμεθα
1905 4888 1999 4943 τοῦ

422 4982 538 5039 νοῦ.
573 4982 684 5036 Καὶ
714 4980 822 5053 γὰρ
851 4980 1039 5050 ὥσπερ
1082 4980 1384 5051 ὁδοιπόρος,
1418 4978 1723 5049 ἐπιτηδείου
1767 4977 2004 5032 καταλύ-

428 5089 597 5143 ματος
652 5070 1034 5143 εὐμοιρηκὼς,
1086 5071 1180 5123 καὶ
1225 5069 1334 5123 τῶν
1396 5068 1581 5122 κόπων
1633 5067 2001 5133 ἀναπνεύσας,

424 5162 592 5233 νεαρᾷ
624 5158 900 5230 προθυμίᾳ
929 5158 1023 5211 καὶ
1067 5156 1438 5228 συντονωτέρᾳ
1475 5156 1611 5228 πρὸς
1648 5156 1707 5209 τὸ
1751 5156 1877 5226 έξῆς
1907 5156 2007 5227 τῆς

426 5252 650 5322 πορείας
693 5249 1047 5311 διανίσταται,
1088 5246 1230 5301 οὕτω
1277 5249 1370 5302 καὶ
1419 5249 1448 5300 ὁ
1490 5247 1590 5317 τῆς
1640 5248 1861 5318 χάριτος
1908 5246 2005 5300 τοῦ

427 5342 583 5412 ἁγίου
633 5341 949 5412 Πνεύματος
977 5341 1072 5395 καὶ
1116 5341 1346 5410 αἵματος
1390 5340 1448 5395 ἐν
1496 5338 1746 5411 αἰσθήσει
1776 5339 2005 5411 καρδίας

425 5435 522 5489 καὶ
572 5434 752 5486 πίστει
800 5431 993 5503 βεὸαίᾳ
1032 5430 1439 5501 κατηξιωμένος
1466 5429 1560 5483 τοῦ
1599 5428 1859 5501 Χριστοῦ,
1892 5428 2002 5482 τῶν

425 5544 483 5581 τε
531 5526 839 5580 λυπούντων
885 5526 1159 5587 ἁπάντων,
1194 5524 1303 5576 τῶν
1334 5540 1394 5575 τε
1423 5521 1762 5595 βαρυνόντων
1792 5512 2002 5593 νοητῶς

428 5619 463 5689 ἢ
490 5620 581 5674 καὶ
606 5619 900 5691 ὁρωμένως
933 5619 992 5672 τὸ
1018 5617 1180 5688 ἄχθος
1205 5617 1300 5671 καὶ
1334 5617 1433 5686 τῆς
1462 5615 1692 5686 ἀκηδίας
1723 5616 1814 5669 τὸν
1841 5615 2006 5685 ὄγκον

430 5710 935 5779 ἀποσκευαζόμενος
958 5710 1052 5763 καὶ
1081 5708 1493 5780 ἀνανεούμενος,
1524 5707 1798 5772 εὐσταλῶς
1825 5726 1882 5762 τε
1912 5710 2006 5762 καὶ

432 5804 822 5875 πεπονημένως
871 5801 1008 5876 πρὸς
1050 5803 1151 5869 τὰς
1188 5801 1479 5875 ἀγαπητὰς
1526 5800 1619 5858 τοῦ
1659 5800 1775 5879 τῶν.
1809 5803 2005 5875 φώτων

1445 319 1511 375 ΙΝ
1546 320 1854 376 CARMINA
1888 320 2166 378 ARCANA
2208 321 2267 377 S.
2296 321 2647 379 GREGORII.

3566 325 3674 380 710

2093 441 2145 493 in
2180 437 2307 493 Sion
2327 441 2535 511 positus
2567 438 2733 503 est,in
2759 436 2941 508 seipso
2969 448 3265 509 utrumque
3298 438 3549 495 adunans
3578 457 3676 510 pu-

2100 532 2336 603 pulum;
2399 544 2454 587 et
2491 536 2636 588 sicut
2674 539 2793 587 erat
2848 531 2965 602 ipse
3018 528 3256 602 Spiritus
3300 541 3356 586 et
3405 547 3555 594 caro.
3595 536 3677 588 sic

2100 622 2414 678 hominibus
2432 624 2702 694 duplicem
2728 624 3160 692 puriﬁcationem
3197 625 3421 693 praebet,
3446 626 3674 680 alteram

2098 714 2326 784 spiritus
2377 716 2501 769 vitae
2546 732 2705 786 quem
2747 716 2995 784 sequitur
3035 732 3064 769 a
3129 726 3272 769 terra
3332 717 3680 786 baptismatis

2095 820 2258 875 aqua,
2301 807 2527 861 alteram
2566 806 2848 878 sanguinis
2873 808 3077 861 Christi
3102 824 3266 878 super
3292 825 3392 863 nos
3428 810 3482 863 in
3511 822 3676 864 cruce

2095 897 2251 953 επιιεὶ
2287 916 2303 953 :
2334 898 2421 953 hic
2445 901 2691 970 sanguis,
2731 900 2855 954 novi
2888 902 3194 956 testamenti
3240 899 3436 967 fmdus,
3488 902 3678 971 piacu-

2096 990 2207 1042 lum
2235 998 2288 1044 et
2320 990 2622 1061 redemptio
2650 990 2998 1061 originalium
3025 992 3362 1046 macularum
3390 992 3550 1063 primi
3581 1008 3677 1063 pa-

2098 1082 2198 1135 tris
2255 1082 2359 1137 hoc
2422 1083 2658 1151 pretium
2724 1082 2975 1137 funditur
3029 1082 3433 1152 puriﬁcationis
3503 1085 3676 1140 totius

2096 1172 2306 1227 mundi.

2028 1267 2121 1320 καὶ
2137 1266 2329 1338 λύτρον
2353 1265 2492 1336 ὑπὲρ
2509 1266 2630 1318 ὅλου
2668 1265 2988 1337 καθάρσεως
3019 1266 3243 1335 κέχυται
3265 1265 3358 1319 τοῦ
3381 1266 3605 1339 κόσμου.

2094 1397 2164 1451 82
2215 1396 2478 1467 Equidem
2536 1398 2583 1452 si
2632 1415 2735 1452 non
2777 1414 2945 1451 essem
3010 1397 3163 1452 homo
3209 1400 3536 1466 inconstans,
3586 1401 3680 1456 sed

3165 1470 3531 1537 immutabilis,
3568 1485 3674 1526 etc.

2166 1580 2447 1651 Siquidem
2475 1599 2604 1639 vere
2626 1583 2907 1640 versatilis
2940 1584 3034 1639 sed
3053 1593 3107 1639 et
3134 1601 3243 1640 non
3271 1586 3543 1640 versatilis
3577 1602 3681 1640 nee

2093 1690 2317 1731 cessans
2362 1677 2429 1730 ad
2472 1676 2659 1746 pejora
2695 1692 2902 1747 pronus
2941 1693 3067 1732 esse
3107 1678 3411 1747 plasmatus
3461 1678 3581 1732 su‘m
3619 1688 3681 1733 nt

2095 1765 2277 1829 homo,
2303 1766 2484 1835 lingua
2516 1766 2752 1836 theologi
2784 1766 3065 1835 praedicat,
3098 1766 3268 1821 solius
3290 1768 3511 1837 egebam
3540 1784 3680 1839 pras-

2093 1855 2235 1923 cepti
2264 1855 2331 1909 de
2364 1854 2472 1910 Deo
2507 1857 2774 1910 cruciﬂxo
2812 1876 2824 1911 :
2856 1857 3001 1927 quod
3038 1856 3438 1928 circumtegens
3470 1870 3523 1913 et
3568 1862 3682 1914 Sal-

2091 1962 2225 1999 vans
2256 1960 2340 1999 me
2372 1947 2575 2000 exaltat
2612 1957 2665 2001 et
2699 1948 2849 2001 ducit
2877 1947 2944 2000 ad
2981 1948 3167 2016 gloriae
3182 1959 3235 2001 et
3272 1949 3496 2006 honoris
3527 1967 3679 2005 sum-

2092 2050 2261 2088 mum.
2305 2034 2412 2090 Sed
2454 2051 2602 2089 nunc
2654 2036 2745 2105 qui
2800 2052 2885 2091 me
2914 2038 3123 2090 creavit
3167 2053 3275 2092 non
3317 2039 3460 2094 sicut
3509 2039 3680 2094 Deum

2091 2125 2507 2191 immutabilem,
2528 2127 2673 2182 bene
2694 2144 2820 2183 vero
2844 2130 2988 2184 sicut
3008 2131 3243 2183 animam
3263 2130 3533 2185 viventem
3558 2149 3679 2185 mu-

2095 2218 2285 2271 tationi
2315 2218 2634 2284 obnoxium,
2685 2226 2973 2288 utramque
2993 2220 3059 2273 ad
3109 2228 3318 2289 partem
3346 2236 3677 2291 propensum

2093 2316 2146 2361 et
2187 2308 2505 2362 inclinatum
2530 2326 2545 2375 ;
2572 2318 2627 2383 et
2657 2310 2907 2365 similiter
2939 2310 3315 2366 inclinationis
3334 2322 3388 2368 et
3409 2316 3678 2369 trahentis

2093 2401 2387 2471 voluptatis
2420 2403 2487 2457 ad
2531 2404 2791 2457 virtutem
2835 2418 2989 2473 aeque
3026 2418 3088 2457 ac
3121 2404 3187 2457 ad
3228 2405 3487 2460 malitiam
3534 2424 3676 2477 quo-

2093 2507 2305 2561 cunque
2333 2507 2455 2547 sors
2482 2501 2645 2557 esset,
2669 2508 2962 2563 capacem,
3002 2493 3212 2548 idcirco
3240 2494 3496 2549 virtutum
3528 2511 3680 2551 ama-

2094 2590 2179 2635 tor
2198 2582 2447 2654 pluribus
2480 2583 2700 2639 auxiliis
2720 2581 3012 2638 conlirmat
3036 2598 3052 2637 :
3079 2598 3314 2653 quorum
3351 2586 3677 2641 auxiliorum

2096 2694 2262 2731 unum
2288 2678 2692 2748 pulchritudine
2728 2686 2948 2748 prastat
2981 2677 3166 2732 Gratia
3197 2694 3291 2748 per
3320 2678 3593 2735 lavacrum
3626 2690 3682 2735 et

2095 2770 2386 2841 baptisma.
2424 2768 2489 2823 Et
2508 2770 2968 2841 quemadmodum
2997 2772 3151 2840 pueri
3171 2770 3522 2827 Hebraeorum
3548 2775 3679 2829 olim

2094 2863 2219 2935 agni
2242 2865 2451 2917 ratione
2484 2863 2723 2932 expertis
2754 2864 3019 2934 sanguine
3047 2864 3173 2917 dom
3187 2879 3346 2918 orum
3395 2877 3578 2934 postes
3610 2866 3680 2919 li-

2096 2957 2313 3012 nienles
2332 2956 2399 3010 ad
2414 2955 2625 3010 Domini
2642 2956 2970 3026 iussionem,
2990 2958 3208 3027 quando
3232 2973 3394 3013 omne
3411 2960 3490 3029 pri
3501 2976 3682 3030 moge-

2096 3050 2271 3103 nitum
2309 3048 2363 3102 in
2387 3047 2625 3119 Egyth
2654 3050 2724 3104 ab
2775 3050 2993 3104 homine
3021 3064 3200 3120 usque
3249 3049 3318 3104 ad
3350 3066 3530 3121 pecus
3570 3067 3681 3106 una

2102 3148 2261 3194 nocte
2294 3140 2702 3195 exterminatus
2733 3148 2841 3205 est,
2888 3148 3021 3195 tunc
3054 3141 3161 3212 ipsi
3201 3143 3302 3196 hac
3329 3142 3583 3196 linitione
3609 3142 3678 3195 li-

2104 3230 2352 3301 gurativa
2381 3230 2594 3300 plagam
2637 3230 2950 3300 ellugerunt
2994 3232 3458 3299 exterminatoris,
3509 3234 3591 3289 sic
3627 3242 3684 3287 et

2097 3321 2230 3374 mihi
2258 3321 2397 3391 Agni
2442 3320 2535 3375 Dei
2570 3322 2662 3391 qui
2708 3324 2861 3376 tollit
2904 3332 3193 3392 peccatum
3219 3325 3412 3379 mundi
3442 3324 3678 3394 spiritus

2096 3419 2150 3466 et
2180 3412 2405 3481 sanguis
2443 3410 2669 3477 Christi,
2715 3413 3068 3482 signaculum
3114 3429 3145 3467 a
3174 3414 3290 3469 Deo
3340 3416 3586 3470 oblatum
3627 3427 3683 3471 et

2098 3505 2398 3558 remedium
2454 3505 2595 3558 mala
2628 3505 2934 3575 corrigens,
2965 3520 3129 3575 super
3171 3508 3584 3579 intelligentiam
3628 3519 3684 3563 et

2099 3612 2298 3667 corpus
2326 3599 2482 3668 quasi
2516 3599 2714 3652 domus
2746 3598 3047 3667 spiritualis
3078 3607 3263 3668 postes
3284 3601 3501 3665 linitur,
3520 3602 3681 3657 valde

2099 3689 2392 3759 proﬁciens
2418 3698 2476 3744 et
2513 3691 2569 3743 lit
2597 3690 2765 3745 tutela
2794 3698 2987 3743 contra
3016 3692 3324 3746 omnimoda
3349 3694 3489 3746 mala
3524 3713 3537 3749 :
3563 3694 3677 3748 illis

2100 3795 2229 3852 ergo
2271 3788 2460 3852 utpote
2482 3781 2819 3852 imperfectis
2850 3783 3224 3839 etinl'antibus
3263 3784 3537 3854 figuratim
3581 3796 3681 3841 aut

2100 3886 2197 3941 per
2239 3873 2485 3926 umbram
2522 3872 2609 3925 hic
2642 3872 2858 3926 tradita
2896 3874 3096 3937 linitio,
3132 3874 3421 3944 ﬁguratam
3458 3884 3513 3931 et
3561 3892 3683 3930 mo-

2103 3971 2444 4018 mentaneam
2468 3972 2522 4017 et
2557 3963 2681 4018 ideo
2711 3979 3031 4035 corpoream
3064 3952 3435 4020 Leulvationein
3507 3967 3683 4022 linitis

2105 4055 2396 4110 tribuebat.
2444 4054 2598 4125 Apud
2632 4070 2735 4111 nos
2767 4070 2895 4111 vero
2929 4072 3026 4125 per
3065 4057 3344 4111 lavacrum
3379 4073 3674 4128 regenera-

2102 4145 2268 4199 tionis
2298 4143 2423 4198 data
2459 4143 2697 4215 Spiritus
2724 4146 2900 4217 gratia
2926 4156 2979 4201 et
3014 4147 3404 4203 illuminatoris
3449 4152 3677 4220 sanguis

2101 4233 2230 4289 Jesu
2259 4234 2317 4288 lit
2341 4235 2604 4303 optimum
2634 4235 2974 4306 signaculum
3000 4244 3054 4291 et
3086 4238 3255 4293 tutela
3283 4238 3515 4309 mystica
3559 4241 3674 4310 spi-

2104 4329 2266 4393 ritus,
2332 4326 2527 4382 animaa
2578 4336 2633 4383 et
2676 4329 2949 4399 corporis,
2996 4328 3197 4397 pignus
3241 4329 3517 4399 quoddam
3556 4332 3684 4385 vita:

2105 4428 2324 4475 aeternas
2354 4426 2409 4476 et
2427 4419 2579 4491 regni
2619 4421 2766 4492 quod
2800 4421 2952 4475 nulla
2984 4420 3285 4476 afﬂictione
3325 4420 3543 4491 ﬁneque
3588 4422 3685 4478 de-

2105 4512 2335 4578 solatur,
2386 4511 2566 4582 dignis
2603 4510 2922 4567 decernitur
2981 4514 3077 4584 qui
3119 4513 3410 4585 recipiant.
3464 4514 3681 4571 Etenim

2108 4601 2201 4656 ubi
2241 4602 2483 4672 primum
2514 4617 2682 4671 super
2727 4617 2829 4657 nos
2872 4611 3059 4657 manat
3084 4604 3203 4673 ipse
3243 4605 3385 4675 Agni
3431 4604 3525 4661 Dei
3555 4620 3685 4661 san—

2105 4694 2248 4764 guis,
2283 4694 2351 4748 de
2376 4694 2665 4764 profundis
2691 4694 2920 4765 angoris
2951 4703 3004 4749 et
3028 4695 3432 4768 desperationis
3456 4707 3509 4753 et
3546 4714 3686 4768 prte-

2106 4788 2292 4845 sertim
2318 4787 2385 4842 de
2414 4787 2620 4858 peccati
2640 4804 2806 4843 onere
2833 4788 3108 4860 erigentes
3146 4806 3271 4855 nos,
3326 4793 3680 4861 gubernacu-

2106 4881 2219 4935 lum
2255 4882 2600 4936 sustollimus
2630 4881 2827 4936 anima:
2870 4890 3039 4953 atque
3082 4880 3151 4936 ad
3193 4882 3471 4939 celestem
3512 4885 3681 4937 vitam

2103 4972 2330 5040 spiritus
2365 4987 2588 5042 gressus
2611 4970 2916 5043 dirigimus.
2940 4971 3196 5028 Profecto
3219 4974 3365 5028 sicut
3388 4975 3568 5028 viator
3590 4974 3678 5029 di-

2107 5064 2413 5140 versorium
2435 5072 2629 5120 nactus
2660 5074 3031 5135 opportunum
3054 5079 3083 5119 a
3107 5066 3433 5121 lassitudine
3453 5067 3681 5136 acquie-

2116 5158 2242 5221 scit,
2267 5172 2504 5227 moxque
2540 5171 2684 5212 novo
2705 5157 3146 5213 ardorealacrior
3168 5156 3236 5211 ad
3270 5158 3376 5213 iter
3398 5159 3681 5214 residuum

2118 5260 2399 5318 assurget;
2430 5250 2510 5303 sic
2544 5257 2600 5304 et
2632 5249 2804 5319 gratia
2835 5251 3008 5304 sancti
3040 5249 3281 5319 Spiritus
3325 5257 3377 5304 et
3413 5252 3682 5319 sanguine

2115 5339 2322 5396 Christi
2353 5340 2609 5412 dignatus
2629 5341 2725 5410 qui
2754 5342 2922 5396 corde
2948 5342 3205 5411 intelligit
3251 5351 3306 5396 et
3342 5341 3448 5396 ﬁde
3486 5342 3679 5396 ﬁrmus

2110 5440 2197 5487 est
2217 5440 2497 5486 recreatus
2522 5440 2576 5485 et
2598 5441 2894 5488 renovatus
2934 5433 3002 5486 ab
3031 5432 3392 5503 oppressione
3437 5433 3685 5500 allligen-

2109 5524 2246 5579 tium
2276 5524 2519 5578 omnium
2552 5531 2608 5578 et
2635 5526 2977 5579 onerantium
3019 5525 3135 5580 sive
3164 5526 3527 5595 spiritualiter
3565 5526 3682 5580 sive

2108 5615 2425 5679 visibiliter,
2479 5630 2694 5670 necnon
2739 5630 2769 5669 a
2814 5624 3020 5672 tumore
3064 5617 3284 5680 acediaz,
3326 5618 3581 5673 alacriter
3626 5624 3682 5671 et

2108 5705 2384 5760 laboriose
2412 5702 2557 5761 sicut
2584 5718 2780 5761 cervus
2807 5703 3080 5761 desiderat
3096 5704 3165 5761 ad
3181 5706 3417 5763 dilectas
3440 5706 3683 5761 mansio—

2110 5815 2210 5858 nes
2241 5796 2383 5870 apud
2403 5795 2621 5855 Patrem
2643 5797 2935 5857 luminum.
2986 5798 3055 5857 Et
3104 5811 3173 5855 ne
3205 5798 3333 5871 quis
3371 5809 3679 5857 murmuret
