4186 6372
497 313 600 368 7H

503 431 621 486 haec
639 426 783 483 dona
801 419 1266 494 supereminentia
1297 406 1517 487 assequi
1550 413 1894 487 impossibile
1915 409 2080 481 quasi

506 538 618 577 non
648 517 904 574 omnibus
935 520 1145 584 pateret
1165 511 1348 565 aditus
1377 509 1443 564 ad
1476 509 1620 562 hanc
1653 505 1926 574 duplicem
1948 515 2077 555 san-

507 614 893 672 ctiﬁcationem
925 618 978 664 et
1006 608 1070 662 ad
1112 605 1324 660 Christi
1361 600 1853 672 magniﬁcentiam,
1897 595 2081 652 statim

506 708 723 763 excelsa
779 718 884 757 vox
941 698 1204 770 pnevenit
1258 695 1604 768 respondens
1654 710 1670 746 :

513 902 582 959 97
622 897 930 954 Communis
997 893 1236 948 omnibus
1284 907 1411 954 aer,
1472 885 1858 1025 communis[e:
1905 878 2082 943 tellus,

1803 970 1834 1008 e
1894 966 2012 1020 seq.

1803 966 1858 1008 et
1894 966 2012 1020 seq.

581 1061 861 1133 Siquidem
895 1056 1136 1113 omnium
1157 1067 1434 1110 consensu
1470 1045 1782 1104 communis
1826 1042 2086 1097 omnibus

511 1132 885 1209 animantibus
923 1157 1084 1204 terra:
1111 1153 1166 1200 et
1203 1142 1520 1197 volucribus
1565 1138 1630 1192 ad
1661 1150 1823 1192 usum
1853 1132 2080 1186 vitalem

511 1263 608 1304 aer
627 1246 932 1314 explicatus
955 1239 1023 1294 ad
1044 1236 1433 1308 aspirationem
1457 1239 1511 1287 et
1529 1231 1760 1285 halitum
1785 1225 2088 1281 secundum

515 1345 767 1392 naturam
793 1352 808 1393 :
839 1330 1144 1390 communis
1173 1336 1226 1382 et
1257 1326 1419 1380 tellus
1458 1323 1601 1376 viam
1641 1330 1695 1376 et
1726 1319 1892 1373 vitam
1936 1316 2092 1369 habi-

519 1428 766 1483 tantibus
799 1423 1056 1478 omnibus
1087 1417 1446 1489 suppeditans
1480 1430 1620 1484 quos
1666 1411 1876 1482 pariter
1905 1407 2092 1478 digna-

518 1530 608 1574 tur
643 1517 916 1571 fructibus
949 1514 1088 1575 suis,
1133 1524 1350 1565 necnon
1398 1514 1547 1579 patet
1590 1518 1743 1558 mare
1779 1501 2094 1556 natantibus

517 1613 574 1668 ln
608 1627 671 1666 ea
715 1611 847 1664 licet
894 1588 1018 1678 plus
1065 1604 1266 1658 habere
1309 1610 1538 1654 conetur
1598 1596 1784 1650 nativa
1838 1593 2090 1658 ambitio;

519 1688 832 1760 communis
851 1708 904 1754 et
924 1698 1046 1751 aliis
1071 1692 1359 1750 elementis
1379 1701 1431 1746 et
1455 1690 1619 1744 rebus
1640 1705 1702 1744 su
1711 1693 2092 1757 perextensnm

523 1799 901 1852 universorum
943 1791 1165 1853 cadum,
1198 1795 1253 1840 et
1288 1786 1370 1840 sol
1406 1791 1460 1838 et
1497 1783 1625 1836 luna
1660 1790 1713 1835 et
1736 1788 1934 1834 cuncta
1970 1792 2098 1830 con-

521 1888 797 1944 venientia
827 1885 1006 1938 adhuc
1034 1891 1088 1938 et
1115 1880 1246 1934 anni
1277 1885 1630 1948 tempestates
1684 1883 1738 1928 et
1786 1873 1931 1926 hora:
1978 1884 2101 1939 qum

524 1988 796 2035 vertentes
832 1975 1114 2043 aequaliter
1142 1987 1358 2040 semper
1407 1969 1693 2023 hominum
1736 1966 1862 2020 vitae
1902 1971 2099 2032 praesto

521 2081 681 2135 sunt;
739 2079 793 2124 et
863 2080 1152 2122 commune
1196 2064 1470 2134 praebetur
1529 2059 1768 2114 salutare
1817 2055 2100 2109 lavacrum

521 2182 676 2232 aqua:
717 2160 1062 2232 baptismatis
1121 2171 1244 2227 quze
1281 2153 1532 2207 funditur
1568 2159 1622 2206 et
1648 2163 1817 2219 super
1859 2145 2100 2203 infantes

519 2270 715 2309 onmes
751 2252 864 2306 fere
891 2247 1213 2321 splendores
1264 2247 1442 2299 locum
1477 2242 1682 2296 habent
1715 2240 1772 2293 in
1814 2238 2098 2309 mysterio.

523 2350 763 2420 Spiritus
787 2352 965 2400 autem
989 2350 1044 2398 et
1076 2333 1537 2408 sanguinis,quod
1553 2331 1735 2387 minus
1756 2331 2102 2402 appretiatur

520 2451 575 2494 et
609 2436 892 2492 confusius
919 2434 1163 2488 cernitur
1181 2431 1249 2484 ab
1285 2429 1352 2482 iis
1374 2429 1465 2498 qui
1497 2425 1602 2480 lide
1631 2424 1954 2494 imperfecta
2004 2438 2097 2476 ac-

521 2529 720 2584 cedunt
746 2536 799 2581 et
832 2525 998 2579 corde
1048 2523 1266 2592 ignavo,
1322 2518 1496 2588 magis
1536 2531 1566 2570 e
1611 2524 1804 2569 contra
1844 2513 2013 2584 fulget
2050 2520 2104 2568 et

524 2621 667 2675 lucet
694 2618 845 2689 puris
865 2627 918 2671 et
956 2615 1150 2677 lirmis,
1184 2610 1416 2684 spiritus
1446 2616 1500 2662 et
1520 2606 1829 2676 sanguinis,
1850 2605 2101 2675 inquam,

525 2713 590 2766 ad
629 2710 928 2782 perfectum
975 2709 1159 2770 linem,
1197 2717 1337 2775 opus
1370 2715 1507 2772 pure
1543 2699 1843 2770 perfectum
1885 2709 1940 2754 et
1965 2697 2106 2752 divi-

525 2823 655 2862 num
685 2806 738 2860 in
793 2803 928 2874 ipsis
971 2811 1174 2872 prazsto
1213 2797 1317 2852 erit
1363 2795 1420 2850 in
1448 2793 1671 2848 Christo
1709 2790 1864 2848 Jesu.
1910 2793 2104 2845 Amen.

594 3141 1029 3237 \Commentarius
1066 3193 1385 3231 arcanorum
1413 3172 1471 3229 S.
1510 3172 1752 3243 GregOrii
1790 3172 2040 3242 Theologi

713 3251 1014 3304 carminum
1044 3265 1062 3303 :
1097 3247 1175 3302 De
1195 3249 1385 3301 virtute
1413 3242 1664 3298 humano.
1699 3242 1885 3298 Sermo
1913 3248 1966 3299 9.

604 3405 773 3460 Valde
802 3403 1287 3474 contemplativum
1306 3411 1361 3457 et
1391 3401 1832 3473 philosophicum
1849 3407 1903 3454 et
1931 3398 2115 3454 divina

534 3499 783 3568 Gregorii
829 3495 1192 3566 inspiratione
1236 3494 1462 3564 dignum
1508 3507 1606 3562 per
1638 3490 1882 3546 carmina
1917 3505 2117 3560 propo-

537 3593 643 3646 sita
677 3590 752 3644 de
784 3590 987 3643 virtute
1004 3588 1247 3642 humana
1297 3586 1516 3639 ordinat
1541 3585 1700 3638 divus
1732 3583 1971 3651 scriptor
2002 3596 2114 3635 ser-

539 3698 780 3744 monem,
814 3682 870 3735 in
896 3695 1008 3750 quo
1037 3693 1256 3734 omnem
1287 3677 1518 3748 spiritus
1545 3677 1838 3731 elationem
1888 3681 1942 3728 et
1982 3688 2120 3727 con-

540 3775 817 3830 ﬁdentiam
850 3775 1046 3827 anima
1080 3772 1134 3826 in
1175 3771 1414 3840 seipsam
1455 3769 1710 3840 castigat,
1756 3781 1972 3821 necnon
1999 3766 2120 3833 pla-

539 3867 700 3922 cendi
733 3865 1052 3920 hominibus
1104 3862 1555 3925 sollicitudinem,
1602 3877 1633 3916 e
1671 3869 1863 3914 contra
1900 3857 2125 3912 humili-

541 3967 708 4012 tatem
738 3965 792 4012 et
818 3955 1210 4026 cogitationum
1241 3952 1568 4008 modestiam
1610 3950 1960 4006 commendat
1999 3949 2126 4003 dili-

541 4051 796 4122 gentibus
829 4050 1135 4103 veritatem.
1175 4045 1242 4099 Et
1268 4046 1353 4100 sic
1397 4044 1681 4115 loquitur:

529 4165 571 4218 ’1
609 4162 867 4218 Virtutem
891 4159 1101 4232 quidem
1123 4158 1385 4220 desidero,
1405 4173 1583 4211 verum
1599 4155 1695 4209 hoc
1710 4172 1815 4209 non
1829 4171 1908 4208 me
1925 4154 2124 4218 docuit,

544 4298 582 4352 2
605 4297 862 4363 Quwnam
893 4292 989 4347 illa
1013 4293 1085 4346 sit
1110 4302 1159 4346 et
1186 4289 1324 4346 unde
1353 4291 1631 4359 contigerit
1655 4290 1808 4352 mihi,
1830 4295 1936 4344 etc.

618 4389 815 4446 Omnia
861 4390 1009 4442 entia
1041 4389 1109 4444 ad
1157 4389 1286 4444 boni
1320 4387 1527 4458 preprii
1578 4385 1966 4456 perfectionem
2012 4394 2133 4438 ten-

549 4481 1121 4536 duntzconl'ormiter
1171 4480 1418 4550 ipsorum
1475 4479 1733 4534 essentia;
1781 4485 1877 4530 aut
1924 4486 2134 4530 naturae

551 4575 701 4630 entia
733 4587 856 4643 quae
886 4572 1213 4642 simpliciter
1242 4579 1374 4626 sunt
1399 4585 1524 4626 esse
1558 4578 1845 4641 appetunt.
1893 4569 2134 4624 viventia

551 4671 757 4732 vivere,
789 4666 1155 4737 germinantia
1187 4664 1526 4736 germinare,
1553 4678 1674 4718 sese
1705 4660 1983 4716 moventia
2017 4676 2137 4714 mo-

553 4762 692 4827 veri,
721 4759 1005 4816 sensiluilia
1035 4757 1264 4822 sentire,
1317 4754 1703 4809 ratiocinantia
1734 4761 1921 4808 autem
1961 4752 2136 4807 ratio-

556 4851 730 4907 cinari
761 4857 815 4906 et
835 4849 1193 4918 intelligentia
1223 4847 1445 4901 tandem
1473 4845 1777 4902 secundum
1801 4845 1898 4898 illa
1929 4844 2137 4915 quaead

559 4943 805 5012 ipsorum
865 4953 1221 5010 progressum
1274 4936 1552 5007 pertinent
1596 4936 1904 5006 intelligere
1967 4951 2136 5006 appe-

560 5043 705 5090 tunt.
737 5032 870 5098 Quae
903 5030 1045 5086 inter
1077 5030 1242 5084 homo
1277 5028 1511 5083 istorum
1551 5027 1799 5082 omnium
1839 5029 2135 5098 particeps,

561 5127 610 5182 si
641 5135 820 5179 tamen
851 5124 995 5178 ultra
1025 5125 1254 5178 tendens
1285 5119 1673 5191 perfectiorem
1703 5120 1796 5174 Dei
1831 5121 2136 5190 imaginem

563 5226 618 5274 et
639 5217 1054 5274 similitudinem
1113 5221 1415 5286 appeteret,
1463 5222 1665 5284 prater
1705 5214 1811 5267 alia
1865 5213 2142 5270 desiderio

565 5310 880 5366 incenditur
925 5309 1152 5364 virtutis
1205 5323 1303 5379 per
1330 5323 1500 5379 quam
1545 5323 1820 5364 summum
1868 5308 2143 5363 bonorum

565 5411 751 5472 aperat
781 5401 1021 5471 assequi.
1073 5399 1262 5456 Virtus
1298 5415 1430 5471 ergo
1469 5400 1710 5456 maxime
1748 5401 2027 5470 egregium
2057 5400 2148 5455 bo-

566 5509 805 5561 norum;
838 5493 970 5563 quid
1001 5495 1149 5549 enim
1189 5493 1408 5555 melius,
1437 5507 1738 5562 amoreque
1765 5491 1990 5560 dignius
2021 5492 2142 5562 ipsa

568 5586 801 5656 cogitari
831 5595 1036 5657 potest,
1087 5600 1186 5656 per
1233 5600 1398 5654 quam
1437 5585 1690 5641 initiatus
1735 5584 2149 5656 conglutinatur

599 5699 754 5778 ηαξ)
781 5698 1081 5778 ϐειξηιλῦε,
1101 5699 1294 5778 [1.15.5
1325 5699 1619 5756 ed.Colon.
1656 5697 1826 5772 [nunc
1847 5697 2030 5756 Carm.
2056 5698 2142 5766 l5,

572 5767 668 5826 lib.
705 5767 744 5834 I,
779 5776 915 5825 sect.
945 5769 999 5832 2,
1033 5786 1086 5839 ρ.
1117 5767 1266 5840 405.]

1859 293 2160 352 MCETAS
2185 291 2394 347 DAVID
2467 279 2472 290 ’

3654 278 3764 332 ’ἱίὲ

2186 408 2401 478 [ἰατρὸς
2432 403 2828 477 ἀναπτεροῦται
2873 402 3039 474 μονάς
3059 417 3074 433 ’
3117 403 3211 457 καὶ
3239 401 3330 455 ῐνα
3367 399 3530 471 μήτις
3563 396 3762 452 ἀδύνα-

2182 517 2278 552 τον
2325 495 2462 551 εἶναι
2503 497 2816 568 ὑποκρούσῃ
2860 495 2931 550 τὰ
2965 495 3232 566 θεαρχικά
3277 492 3428 563 δῶρα
3461 489 3636 545 ταῦτα
3666 491 3767 544 λα-

2183 588 2322 650 ϐεῖν,
2356 589 2490 658 μήτε
2532 590 2639 658 γὰρ
2664 588 2834 640 πᾶσιν
2862 585 3185 656 προκεῖσθαι
3213 583 3311 654 τὴν
3338 582 3534 653 διπλῆν
3561 581 3767 650 ταύτην

2189 679 2456 750 κάθαρσιν
2501 678 2593 732 καὶ
2634 679 2728 731 τοῦ
2767 675 3007 750 Χριστοῦ
3043 675 3478 747 μεγαλοδωρεὰς,
3527 673 3688 737 εὐθὺς
3725 673 3762 744 ἡ

2195 770 2575 841 μεγαλόφωνος
2598 767 3001 840 ἀποκρινομένη
3032 767 3181 836 λέγει
3221 766 3420 838 βροντή
3443 779 3459 792 ⁶

2193 883 2263 937 97
2288 882 2483 948 Ξυνὸς
2517 882 2635 952 μὲν
2669 882 3006 936 πάντεσσιν
3039 880 3186 949 ἀὴρ,
3227 878 3385 948 ξυνὴ
3417 878 3487 1023 die
3518 895 3581 1002 ἲς
3611 878 3769 1002 Egit,

3458 968 3513 1003 κ.
3573 992 3586 1004 .
3648 985 3694 1013 ς.

2193 1044 2385 1108 Κοινδς
2414 1043 2514 1114 μὲν
2545 1043 2991 1114 ὁμολογουμένως
3028 1044 3162 1097 πᾶσι
3200 985 3484 1113 χερσαίοίς
3515 992 3610 1094 καὶ
3639 985 3773 1109 πτη-

2191 1137 2303 1199 νοῖς
2332 1132 2602 1204 ζώοιςιείς
2631 1130 2912 1204 διατριϐὴν
2933 1132 2961 1184 ὁ
2985 1129 3095 1200 ἀὴρ
3130 1129 3332 1200 ὁμοίως
3359 1125 3774 1196 ὑφαπλούμενος

2193 1229 2275 1290 εἰς
2305 1227 2473 1295 πνοήν
2507 1242 2567 1276 τε
2598 1224 2698 1294 τὴν
2723 1225 2866 1278 κατὰ
2897 1223 3058 1292 φύσιν
3093 1221 3190 1276 καὶ
3230 1220 3499 1292 ἐκπνοήν⁸
3531 1217 3684 1288 κοινὴ
3715 1217 3775 1270 δὲ

2183 1318 2291 1372 καὶ
2317 1321 2348 1388 ἡ
2378 1320 2447 1390 γῆ
2484 1317 2666 1403 ὄχημα
2697 1318 2862 1370 πᾶσιν
2891 1316 2926 1386 ἢ
2964 1315 3144 1368 δίαιτα
3168 1317 3280 1377 τοῖς
3306 1311 3544 1366 οἰκοῦσιν
3576 1309 3778 1364 ὑποϐε-

2197 1410 2470 1482 ϐλημένη,
2500 1402 2594 1462 καὶ
2622 1410 2734 1472 τοῖς
2785 1408 2916 1478 παρ’
2950 1406 3122 1477 αὐτῆς
3159 1405 3420 1468 ὡσαύτως
3459 1402 3776 1472 δεξιουμένη

2200 1505 2453 1575 καρποῖς,
2489 1501 2679 1572 ὥσπερ
2709 1500 2804 1554 καὶ
2831 1501 2864 1568 ὴ
2897 1498 3145 1552 θάλασσα
3171 1498 3284 1560 τοῖς
3326 1496 3580 1560 πλωτοῖς,
3604 1496 3652 1548 ει
3683 1496 3780 1549 καὶ

2198 1593 2259 1646 τὸ
2288 1592 2447 1645 πλέον
2480 1591 2659 1645 αὐτῶν
2694 1591 2837 1661 ἔχειν
2870 1590 2903 1660 ὴ
2935 1590 3034 1660 τῆς
3065 1587 3435 1660 προαιρέσεως
3465 1586 3780 1651 ἐκϐιάζεται

2202 1683 2482 1748 πλεονεξία
2501 1700 2514 1713 ’
2548 1682 2728 1748 κοινὸς
2756 1682 2814 1735 δὲ
2845 1680 2983 1752 πρὸς
3011 1683 3122 1744 τοῖς
3159 1679 3340 1742 ἄλλοις
3369 1679 3652 1750 στοιχείοις
3686 1680 3783 1732 καὶ

2196 1779 2224 1830 ὁ
2259 1774 2698 1845 ὑπερτεταμένος
2744 1773 2854 1826 τῶν
2905 1773 3039 1826 ὅλων
3092 1771 3340 1844 οὐρανὸς,
3382 1771 3536 1839 ἥλιός
3577 1787 3638 1824 τε
3686 1769 3785 1822 καὶ

2201 1868 2396 1940 σελήνη
2446 1869 2542 1920 καὶ
2586 1867 2687 1920 ὅσα
2732 1864 2893 1936 ὥρια,
2949 1865 3128 1918 εἴτουν
3183 1864 3238 1920 αἱ
3288 1861 3383 1916 τοῦ
3430 1863 3582 1926 ἔτους
3615 1856 3782 1934 ὧραι,

2199 1959 2473 2023 κυκλικῶς
2529 1959 2624 2012 καὶ
2683 1959 2942 2029 ἰσοτίμως
2992 1958 3080 2010 ἀεὶ⁵
3131 1956 3221 2011 τὸν
3272 1954 3614 2027 ἀνθρώπινον
3670 1955 3785 2026 βίον

2200 2050 2706 2124 περιελισσόμεναι·
2746 2049 2923 2103 κοινὸν
2964 2047 3020 2102 δὲ
3084 2049 3193 2111 τοῖς
3232 2045 3541 2118 ἀνθρώποις
3590 2049 3683 2101 καὶ
3721 2047 3782 2100 τὸ

2203 2143 2547 2216 σωτηριῶδες
2599 2143 2836 2214 ὑπάρχει
2887 2142 3132 2214 λουτρὸν,
3179 2141 3271 2195 τοῦ
3317 2141 3415 2212 μὲν
3458 2137 3550 2195 οὖν
3589 2141 3785 2216 ὓδατος

2200 2237 2293 2290 τοῦ
2322 2241 2378 2290 ὲν
2411 2237 2486 2306 τῷ
2526 2236 2865 2307 βαπτίσματι
2900 2236 2994 2289 καὶ
3037 2236 3220 2297 αὐτοῖς
3248 2232 3529 2305 διδομένου
3556 2235 3668 2296 τοῖς
3695 2249 3790 2302 νη-

2202 2329 2368 2396 πίοις,
2417 2328 2615 2392 πάντες
2661 2328 2946 2398 μονονουχὶ
2991 2328 3158 2395 φάναι
3214 2325 3459 2398 χωροῦσι
3487 2325 3548 2379 τὸ
3581 2326 3781 2396 μυστήο

2207 2440 2340 2495 ριον,
2375 2423 2469 2476 τοῦ
2506 2420 2828 2491 Πνεύματος
2854 2421 2912 2473 δὲ
2952 2420 3051 2494 καὶ
3080 2418 3172 2472 τοῦ
3197 2420 3453 2490 αἵματος,
3486 2417 3789 2488 ἀμυδρότε-

2208 2535 2298 2586 ρον
2337 2518 2434 2587 μὲν
2463 2518 2556 2570 καὶ
2589 2515 2978 2586 σκιωδέστερον
3015 2516 3130 2578 τοῖς
3167 2512 3266 2584 τὴν
3292 2512 3477 2565 πίστιν
3505 2509 3792 2565 ἀτελεστέ-

2209 2609 2384 2681 ροιςῆ
2433 2608 2523 2662 τὸν
2571 2607 2685 2678 βίον
2739 2606 3118 2678 νωθροτέροις,
3171 2605 3552 2676 λαμπρότερον
3584 2602 3642 2654 δὲ
3693 2603 3788 2655 καὶ

2207 2701 2687 2772 φωτοφανέστερον
2718 2702 2834 2764 τοῖς
2873 2697 3240 2770 βεδαιοτέροις
3264 2699 3361 2751 καὶ
3387 2695 3793 2772 καθαρωτέροις

2207 2794 2576 2864 ἐλλάμποντος
2600 2771 2719 2846 καὶ
2765 2789 3178 2861 θεουργοῦντος,
3229 2791 3308 2852 εἱς
3355 2788 3415 2842 τὺ
3458 2771 3610 2850 τέλος
3655 2786 3794 2854 αὐτὴ

2209 2884 2465 2957 καθαρῶς
2503 2888 2537 2954 ἡ
2582 2883 2957 2954 τελεσιουργία
2985 2881 3019 2950 ἢ
3072 2881 3332 2951 θεουργία
3356 2879 3570 2942 τούτοις
3618 2895 3799 2950 παρα-

2211 2979 2548 3050 πήσεταιέν
2571 2975 2796 3048 Χριστῷ
2838 2975 3037 3046 Ἰησοῦ.
3089 2975 3282 3046 Ἀμήν.

2226 3183 2550 3251 Ἔξήγησις
2574 3181 2692 3236 τῶν
2721 3180 3079 3250 ἁποῤῥήτων
3111 3179 3220 3251 τοῦ
3451 3174 3803 3251 fma-opim;

2287 3245 2392 3309 έοῧ
2428 3245 2724 3321 Θεόλόγου
2756 3245 2920 3306 ἐπῶν·
2940 3245 2960 3280 λ
3000 3251 3143 3319 Περὶ
3180 3245 3396 3318 ἀρετ-ῆς
3431 3245 3803 3314 ἀνθρωπείας

2248 3327 2430 3394 λόγος
2463 3328 2509 3379 θ’
2548 3323 2682 3394 (2‘2).

2287 3414 2780 3486 Θεωρητικώτατον
2815 3413 2973 3482 λόγον
3003 3413 3097 3466 καὶ
3126 3409 3565 3480 φιλοσοφώτατον
3589 3408 3806 3477 καὶτῆς

2217 3507 2521 3580 Γρηγορίου
2568 3505 2647 3577 τῷ
2705 3506 2818 3560 ὄντι
2861 3503 3309 3577 θεορῥημοσύνης
3360 3503 3510 3570 ἄξιον
3557 3501 3647 3556 διὰ
3696 3501 3807 3555 τῶν

2220 3598 2597 3670 προκειμένων
2629 3596 2834 3650 τούτων
2882 3596 3029 3651 ἐπῶν
3073 3596 3204 3665 περὶ
3251 3593 3650 3666 ἀνθρωπίνηςὸ
3689 3593 3810 3646 θεός

2219 3692 2423 3762 ληπτος
2453 3689 2869 3755 διασκευάζεται
2919 3689 3143 3760 ἀρετῆς,
3189 3690 3246 3741 ὲν
3285 3681 3330 3756 ᾧ
3373 3688 3555 3741 πᾶσαν
3596 3685 3696 3758 μὲν
3727 3686 3806 3739 οἱ·

2220 3801 2346 3854 ησιν
2372 3783 2491 3846 νοὸς
2523 3782 2616 3835 καὶ
2647 3781 3042 3852 αὐταρέσκειαν
3069 3780 3102 3851 ἢ
3135 3778 3656 3852 ἀνθρωπαρέσκειαν
3703 3795 3803 3830 κο-

2223 3873 2376 3938 λάζει
2423 3873 2622 3944 ψυχῆς,
2675 3871 3178 3944 ταπεινοφροσύνην
3227 3871 3284 3924 δὲ
3331 3871 3426 3923 καὶ
3465 3871 3812 3942 φρονήματος

2230 3965 2557 4038 μετριότητα
2590 3967 2702 4027 τοῖς
2739 3965 2997 4036 ἐρασταῖς
3031 3964 3198 4035 αὐτῆς
3233 3964 3539 4033 περιποιεῖ·
3575 3960 3724 4030 λέγει
3754 3959 3813 4013 δὲ

2227 4056 2404 4118 οὕτως
2426 4070 2440 4085 ·

2231 4169 2257 4222 1
2307 4167 2427 4234 Τὴν
2447 4165 2673 4234 ἀρετὴν
2713 4164 2907 4220 ποθέω
2939 4163 3078 4233 μὲν,
3113 4163 3262 4232 ἆταρ
3291 4163 3424 4218 τόδε
3453 4163 3517 4234 μέ
3547 4165 3658 4234 οὐκ
3691 4161 3813 4217 ἐδί-

2230 4309 2266 4362 2
2305 4308 2476 4372 Ἤτις
2504 4304 2581 4372 δὴ
2612 4301 2835 4358 τελέθει
2860 4304 2957 4356 καὶ
2988 4303 3254 4357 ὁππόθεν
3281 4302 3424 4366 ἵξετ’
3453 4233 3814 4374 ἕὲξῗγξῗζιτλ.

2307 4400 2493 4453 Πάντα
2537 4397 2606 4450 τὰ
2650 4395 2780 4448 ὄντα
2808 4393 2903 4448 τοῦ
2954 4394 3072 4447 κατ’
3117 4393 3256 4447 αὐτὰ
3301 4394 3514 4464 ἐφίεται
3565 4396 3818 4464 παναγάο

2239 4493 2332 4546 θου
2364 4493 2473 4563 (25)
2493 4506 2511 4522 ο
2545 4488 2822 4556 ἀναλόγως
2855 4486 2964 4558 γὰρ
2989 4487 3092 4556 τῆς
3129 4486 3309 4541 αὐτῶν
3335 4486 3577 4557 οὐσίαςῆ
3607 4486 3820 4556 φύσεως

2237 4585 2307 4636 τὰ
2332 4582 2521 4645 ἁπλῶς
2554 4582 2652 4652 μὲν
2688 4580 2818 4634 ὄντα
2848 4579 2942 4633 τοῦ
2990 4573 3150 4642 εἶναι,
3183 4579 3249 4632 τὰ
3276 4577 3453 4643 ζῶντα
3479 4578 3535 4631 δὲ
3560 4577 3654 4631 τοῦ
3698 4576 3814 4650 ζῇν,

2238 4677 2309 4730 τὰ
2339 4675 2540 4745 φυτικὰ
2572 4674 2629 4726 δὲ
2665 4672 2760 4726 τοῦ
2791 4672 3042 4740 φύεσθαι,
3070 4672 3136 4724 τὰ
3172 4671 3424 4740 κινητικὰ
3449 4671 3504 4725 δὲ
3528 4671 3622 4724 τοῦ
3653 4674 3820 4725 κινεῖ-

2241 4769 2386 4831 σθαι,
2425 4768 2520 4820 καὶ
2563 4766 2632 4818 τὰ
2660 4766 2957 4833 αἰσθητικὰ
2997 4765 3093 4834 μὲν
3117 4763 3209 4817 τοῦ
3239 4762 3612 4828 αἰσθάνεσθαι,
3645 4765 3712 4818 τὰ
3739 4764 3824 4816 λο-

2241 4860 2374 4930 γικὰ
2407 4859 2462 4911 δὲ
2489 4857 2584 4910 τοῦ
2612 4854 2943 4924 λογίζεσθαι,
2974 4857 3070 4909 καὶ
3095 4855 3163 4909 τὰ
3205 4855 3431 4926 νοητικὰ
3467 4855 3668 4928 δηλαδὴ
3702 4857 3824 4911 κατ’

2244 4948 2532 5016 ἀναλογίαν
2563 4947 2662 5017 τῆς
2694 4945 2872 5000 αὐτῶν
2916 4946 3204 5018 προκοπῆς
3229 4947 3480 5018 ὀρέγεται
3515 4945 3610 4999 τοῦ
3649 4950 3788 5001 νοεῖν
3807 4961 3821 4975 ·

2243 5044 2273 5096 ὁ
2309 5040 2595 5111 ἄνθρωπος
2633 5039 2690 5092 δὲ
2729 5038 2839 5091 τῶν
2873 5039 3176 5110 εἰρημένων
3222 5039 3438 5093 πάντων
3477 5040 3702 5111 μέτοχος
3728 5039 3823 5103 ὢν,

2245 5133 2362 5203 εἴγε
2403 5131 2540 5202 πρὸς
2587 5131 2646 5182 τὸ
2688 5131 2807 5183 κατ’
2838 5130 3023 5182 εἰκόνα
3067 5130 3202 5184 Θεοῦ
3234 5132 3327 5185 καὶ
3363 5132 3622 5201 ὁμοίωσιν
3661 5133 3828 5202 ὑπερ-

2245 5220 2556 5281 εκτείνοιτο,
2584 5218 2720 5290 πρὸς
2748 5222 2861 5282 τοῖς
2886 5219 3066 5282 ἄλλοις
3097 5219 3176 5273 έτι
3205 5221 3300 5274 καὶ
3329 5221 3426 5292 τὴν
3451 5220 3636 5290 ἔφεσιν
3659 5237 3828 5292 προσ-

2245 5311 2510 5382 λαμϐάνει
2535 5311 2634 5380 τῆς
2668 5311 2892 5383 ἀρετῆς,
2928 5310 2994 5364 δι⁴
3015 5307 3084 5384 ἧς
3103 5311 3201 5366 τοῦ
3225 5313 3526 5383 ἀκροτάτου
3557 5313 3666 5366 τῶν
3694 5313 3828 5382 ἁγα-

2247 5403 2354 5458 θῶν
2406 5403 2520 5474 (24)
2573 5403 2784 5469 ἐλπίζει
2831 5409 3235 5476 κατευστοχεῖν.
3312 5404 3377 5460 Ἠ
3433 5407 3610 5459 τοίνυν
3665 5405 3828 5478 ἀρετὴ

2251 5495 2361 5548 τῶν
2381 5497 2603 5549 πάντων
2624 5495 2845 5563 ἀγαθῶν
2873 5493 3010 5552 οὖσα
3037 5497 3096 5550 τὸ
3109 5496 3419 5551 κάλλιστον’
3447 5499 3501 5553 τί
3517 5499 3623 5569 γὰρ
3651 5499 3717 5552 ἃν
3738 5500 3831 5551 καὶ

2251 5587 2566 5660 ἐπινοηθείη
2611 5589 2859 5659 κρεῖττον
2903 5589 2938 5659 ἢ
2970 5588 3416 5662 ἁξιεραστότερον
3439 5591 3628 5662 αὐτῆς,
3665 5591 3733 5646 δι’
3762 5587 3830 5665 ἧς

2325 5703 2416 5772 (2'5

2329 5703 2441 5846 ἓῗέ

2477 5701 2614 5772 Cod.
2643 5705 2751 5756 πᾶν
2780 5702 3006 5772 ἀγαθοῦ.

2479 5771 2586 5831 Pro
2609 5771 2835 5843 ἀγαθῶν
2859 5790 2934 5830 ιιι.
2962 5775 3083 5833 cod.
3111 5776 3380 5848 scriptum
3414 5776 3640 5848 ἀρετῶν.
