4186 6372
326 450 430 507 715

325 566 355 620 ὁ
380 565 763 636 τελισκόμενος
807 565 1064 620 κολλᾶται
1100 564 1242 635 Θεῷ,
1277 567 1370 620 καὶ
1398 565 1455 619 ἓν
1495 566 1736 638 πνεῦμα,
1767 567 1906 620 κατά

326 655 418 710 τὸν
457 657 800 723 Ἀπόστολον,
830 656 977 728 αὐτῷ
1012 657 1254 725 γίνεται;
1287 659 1424 712 Καθ’
1466 660 1589 712 ὅσον
1616 659 1904 730 τοιγαροῦν

329 751 532 824 ὑψηλόν
567 769 623 805 τε
657 752 752 805 καὶ
794 751 980 822 νοερὸν
1007 751 1099 804 καὶ
1125 751 1222 820 τῆς
1248 749 1471 821 πρώτης
1508 752 1905 822 μακαριότητος

327 843 587 914 πρόξενον
630 843 693 895 τὸ
729 842 920 913 χρῆμα
968 841 1325 896 πεπίστευται
1370 842 1470 913 τῆς
1518 843 1740 914 ἀρετῆς,
1765 843 1905 895 κατά

325 935 581 989 τοσοῦτον
627 934 721 986 καὶ
756 933 927 987 πολλά
977 933 1088 1004 ἔχει
1133 933 1202 987 τά
1246 934 1383 1005 πρὸς
1424 934 1522 1004 τὴν
1567 935 1905 1005 κατόρθωσιν

324 1027 528 1099 ταύτης
553 1027 756 1096 ἀνάντη
785 1028 878 1080 καὶ
899 1027 1154 1097 δυσχερῆ.
1185 1027 1302 1080 Ἵνα
1329 1026 1439 1097 γάρ
1465 1027 1555 1080 τὸν
1577 1027 1671 1080 τοῦ
1701 1028 1903 1099 δυσμε-

324 1119 450 1183 νοῦς
477 1119 672 1188 φθόνον
718 1119 876 1190 παρῶ
910 1120 1228 1172 ἐπισκοπεῖν
1273 1120 1360 1172 ἀεὶ
1387 1120 1484 1189 τὴν
1528 1121 1783 1191 πρόθεσιν
1810 1120 1904 1174 τοῦ

326 1210 462 1280 πρὸς
494 1209 666 1279 αὐτὴν
683 1210 922 1272 ἀνιόντος
945 1209 1314 1281 πειρωμένου,
1340 1211 1478 1281 αὐτὴ
1513 1213 1546 1282 ἡ
1576 1212 1693 1264 κατ’
1719 1212 1904 1282 αἴσθη-

325 1317 412 1354 σιν
442 1299 580 1371 ζωὴ,
607 1302 636 1354 ὅ
676 1319 735 1354 τε
767 1301 1044 1372 σύμφυτος
1077 1302 1175 1372 τῆς
1203 1303 1380 1374 ψυχῆς
1403 1303 1571 1375 θυμὸς
1599 1307 1694 1358 καὶ
1725 1306 1758 1376 ἡ
1785 1306 1904 1358 ὲπι-

325 1392 530 1464 θυμία,
582 1395 631 1446 εἰ
679 1394 753 1464 μὴ
802 1393 1158 1464 πνευματικῷ
1204 1395 1354 1464 νόμῳ
1407 1395 1764 1449 παιδευθέντα
1809 1398 1904 1450 καὶ

323 1485 609 1556 ταχθέντα,
649 1486 924 1556 καταπιθῆ
957 1488 1050 1539 καὶ
1073 1488 1262 1557 εύήνια
1287 1487 1496 1556 γένοιτο
1524 1488 1603 1559 τῷ
1635 1489 1900 1560 λογισμῷ,

323 1576 505 1640 οὔπως
535 1577 601 1630 ἂν
640 1579 669 1631 ὁ
703 1577 894 1649 ἐχθρὸς
920 1578 1323 1650 ἀποστραφείη,
1351 1579 1460 1632 οὐδ’
1496 1579 1791 1651 εἰλικρινὴς
1812 1582 1904 1633 ἀνα

324 1665 529 1735 θρώπῳ
573 1665 946 1738 κατορθωθείη
995 1667 1198 1738 ἀρετή·
1240 1667 1306 1720 δι’
1346 1667 1375 1720 ὃ
1419 1668 1510 1722 καὶ
1553 1671 1582 1722 ὁ
1631 1669 1708 1739 τῷ
1741 1669 1904 1741 ἔρωτι

323 1758 494 1827 αὐτῆς
537 1759 766 1828 κάτοχος
815 1759 1118 1830 φιλοσόφως
1149 1761 1230 1823 είς
1266 1759 1455 1814 ἑαυτὸν
1496 1761 1586 1814 τὸν
1618 1762 1774 1830 λόγον
1806 1781 1903 1834 με-

323 1850 766 1920 τασχηματίζων,
819 1851 931 1921 Τὴν
975 1852 1197 1923 ἀρετὴν,
1257 1855 1413 1924 φησὶ,
1467 1853 1616 1907 ποθῶ
1664 1856 1782 1924 μὲν,
1809 1856 1905 1910 καὶ

323 1941 422 1994 οὐκ
451 1943 756 2013 ἀρνήσομαι
776 1958 790 1973 ’
833 1942 992 1995 τοῦτο
1017 1943 1125 2015 γὰρ
1163 1944 1258 1998 καὶ
1299 1946 1498 2010 πάντες
1527 1950 1574 2000 oi
1612 1947 1706 2001 τοῦ
1737 1948 1903 2012 ὅντως

321 2033 551 2104 ἐρασταὶ
586 2033 754 2087 καλοῦ
775 2051 789 2064 ο
823 2033 959 2088 ἀλλά
988 2034 1146 2088 τοῦτό
1179 2053 1246 2106 με
1272 2037 1372 2091 οὐκ
1400 2039 1628 2104 ἐδίδαξε,
1664 2041 1749 2104 τίς
1774 2059 1903 2094 ποτε

322 2123 481 2197 αὕτη,
518 2126 613 2178 καὶ
653 2125 776 2178 ὅθεν
825 2125 890 2179 ἀν
940 2145 1031 2198 μοι
1080 2129 1426 2201 προπεθεὶη,
1466 2133 1661 2204 κομιδῇ
1704 2134 1902 2205 ταύτης

323 2215 497 2286 ἔχοντι
547 2217 646 2288 τὴν
697 2217 910 2290 ὄρεξινο
964 2217 1047 2284 οἷς
1087 2222 1182 2274 καὶ
1230 2221 1468 2294 ἀνιῶμαι
1518 2227 1585 2297 τῇ
1623 2227 1904 2296 ἀτελότητι

323 2309 522 2378 ταύτης
573 2309 973 2381 ἀλγυνόμενος·
1041 2315 1150 2376 πᾶς
1203 2313 1314 2385 γὰρ
1377 2315 1540 2379 πόθος
1599 2318 1903 2382 ἀτέλεστος,

323 2398 479 2471 ὀδύνη
511 2399 590 2470 τῷ
628 2404 952 2473 κεκτημένῳ
988 2404 1175 2458 τοῦτον
1225 2408 1574 2478 χρηματίζει.

605 2496 675 2548 El
702 2493 820 2562 μὲν
847 2495 924 2562 δὴ
952 2497 1233 2565 καθαρὸς,
1268 2515 1323 2554 κ.
1352 2516 1400 2552 τ.
1436 2500 1482 2553 ὲ.

404 2581 466 2636 'H
496 2585 814 2656 μὲνάληθὴς
858 2587 1028 2658 ἀρετὴ
1071 2590 1167 2642 καὶ
1224 2589 1302 2660 τῷ
1346 2589 1458 2644 ὄντι
1521 2591 1770 2664 καθαρὰ,
1829 2597 1907 2668 τῷ

324 2675 506 2744 πάσης
543 2676 741 2739 κακίας
786 2677 879 2730 καὶ
919 2679 1191 2749 ῥυπαρίας
1239 2680 1442 2752 σαρκὸς
1473 2682 1566 2735 καὶ
1598 2685 1908 2756 πνεύματος

325 2767 561 2837 πάμπαν
589 2767 956 2839 ἀπηλλάχθαι,
991 2769 1147 2826 ὕδατι
1186 2773 1475 2844 προσέοικε
1513 2775 1905 2850 καθαρωτάτῳ,

325 2862 420 2912 καὶ
448 2859 680 2930 ῥεύματι
701 2861 909 2932 κρήνης
936 2861 1280 2934 ὲξαλλομὲνῳ
1306 2863 1508 2935 ζώσης,
1549 2865 1608 2932 ἐξ
1654 2869 1908 2938 οὐδεμιᾶς

325 2952 623 3021 χειμερίων
680 2952 912 3016 ὑδάτων,
955 2953 1074 3024 ἦτοι
1122 2955 1472 3027 χειμάρρων,
1523 2958 1802 3028 ἐπιμιξίας
1849 2960 1910 3014 τὸ

325 3043 416 3096 τοῦ
457 3043 695 3112 νάματος
739 3043 1048 3114 θολουμένῳ
1075 3045 1456 3101 διειδέστατον.
1495 3047 1667 3121 Εἴπερ
1707 3045 1800 3104 οὗν
1825 3069 1910 3116 τις

327 3132 474 3186 οὕτω
508 3131 746 3204 καθαρός
793 3135 963 3197 ἐστιν,
1002 3135 1078 3202 ὡς
1128 3136 1302 3208 ἀμιγῇ
1349 3138 1529 3208 πάσης
1575 3141 1772 3204 κακίας
1816 3144 1913 3196 καὶ

325 3225 598 3297 ἁμαρτίας
645 3225 906 3297 ἀμίαντον
939 3227 1039 3298 τὴν
1090 3228 1260 3282 αὑτοῦ
1313 3231 1558 3301 τηρήσας
1593 3231 1773 3304 ψυχὴν
1817 3237 1912 3288 καὶ

324 3319 416 3372 τὸν
474 3318 634 3384 νοῦν,
687 3319 960 3374 ἀθόλωτον
1014 3321 1070 3375 δὲ
1117 3323 1215 3393 τὴν
1265 3323 1442 3396 σάρκα
1494 3325 1590 3378 καὶ
1642 3327 1909 3397 ἀῤῥυπον,

326 3409 477 3480 ζητῶ
515 3410 601 3475 τίς
643 3411 710 3464 ἂν
755 3406 909 3476 οὗτος
950 3414 1073 3483 ain;
1128 3417 1177 3467 εἰ
1220 3415 1330 3485 γὰρ
1363 3417 1536 3485 ἄστρα
1581 3417 1642 3469 ού
1698 3419 1915 3489 καθαρὰ

326 3503 568 3556 ἐναντίον
593 3503 779 3569 αὑτοῦ,
810 3504 951 3557 κατά
973 3505 1033 3557 τὸ
1061 3505 1260 3574 λόγιον,
1290 3507 1353 3560 Ea.
1375 3508 1434 3561 δὲ
1461 3510 1510 3560 οί
1535 3509 1915 3575 κατοικοῦντες

325 3595 508 3657 οἰκίας
540 3596 804 3666 πηλίνας·
840 3598 874 3667 ἦ
919 3597 1028 3668 γὰρ
1078 3601 1144 3652 ὲκ
1194 3599 1420 3670 καρδίας
1472 3601 1607 3664 ἰδίας
1654 3601 1915 3673 βόρϐορον

326 3687 541 3740 ἀτόπων
562 3688 822 3759 ἀναφέρει
850 3689 1136 3762 ἄνθρωπος
1157 3691 1432 3762 λογισμῶν
1449 3710 1462 3722 ·
1485 3693 1622 3764 αὕτη
1644 3694 1741 3764 μία
1767 3694 1916 3747 αἰτία

327 3778 429 3848 τῆς
454 3779 685 3842 κακίαςσ
721 3780 916 3835 ἔπειτα
940 3782 1118 3854 σάρκα
1160 3785 1386 3856 βαρεῖαν
1420 3786 1514 3841 καὶ
1552 3786 1747 3856 ἰλυώδη
1781 3787 1914 3858 πρὸς

328 3872 390 3922 τὸ
436 3865 636 3938 γεῶδές
674 3871 968 3942 βρίθουσαν
1008 3877 1266 3947 φρόνημα
1312 3877 1771 3948 συνεφελκόμενος
1819 3884 1916 3950 ρυ-

328 3962 618 4015 παίνεται·
649 3965 786 4036 πρὸς
816 3965 873 4019 δὲ
907 3968 1004 4020 καὶ
1043 3967 1122 4039 τῷ
1167 3969 1386 4040 ἄρχοντι
1439 3971 1532 4023 τοῦ
1584 3972 1808 4035 σκότους
1840 3973 1918 4043 τῷ

327 4058 427 4124 τῆς
457 4056 730 4126 ἡμετέρας
761 4057 942 4130 ἐχθρῷ
973 4060 1247 4132 σωτηρίας
1284 4061 1484 4128 ἔξωθεν
1516 4065 1920 4135 παροτρυνόμε-

331 4163 442 4210 νος,
479 4148 576 4199 καὶ
611 4150 749 4218 πρὸς
801 4152 1077 4223 ἁμαρτίαν
1118 4153 1526 4224 ὑφαπτόμενος,
1572 4155 1689 4218 πῶς
1728 4156 1793 4209 ἂν
1837 4157 1922 4209 δυ-

331 4238 532 4308 ναίμην
557 4238 837 4310 ἀκραιφνῆ
876 4242 1158 4312 προΐσχειν
1189 4243 1286 4314 τὴν
1314 4244 1554 4314 ἀρετήν;

557 4331 791 4398 Ἐπειδὴ
824 4328 938 4387 οὖν
961 4335 1144 4400 ῥύσις
1171 4336 1287 4402 εἰμὶ
1315 4337 1594 4404 παγεῖσα.

405 4420 479 4477 Ἦ
497 4421 792 4494 ούχῶσπερ
808 4424 1027 4496 γάλαμε
1058 4425 1315 4496 ἧμελξας,
1349 4429 1511 4498 φησὶν
1554 4431 1583 4482 ὁ
1632 4428 1916 4494 ’1ὼ6,ὲτύ-

332 4529 513 4582 ρωςας
550 4513 607 4565 δέ
644 4531 710 4584 με
752 4514 841 4569 ἴσα
873 4516 1057 4586 τυρῷ;
1107 4517 1196 4570 διὰ
1233 4517 1348 4587 βίου
1378 4536 1438 4571 τε
1468 4516 1682 4590 ῥέοντος
1715 4521 1806 4574 καὶ
1839 4521 1918 4572 εύ-

333 4603 632 4672 μεταϐόλου
679 4605 1015 4678 διεκτρέχω·
1063 4609 1166 4662 οὐκ
1210 4604 1274 4680 ἦν
1352 4611 1526 4673 ἐοικὸς
1587 4613 1740 4682 (25),
1799 4614 1920 4683 ἦτοι

332 4697 639 4766 προσφυὲς,
680 4697 981 4772 ἀρρευστόν
1034 4718 1101 4772 με
1124 4700 1245 4772 Θεῷ
1292 4701 1405 4772 βίον
1447 4706 1543 4757 καὶ
1569 4705 1919 4759 παντάπασιν

331 4791 716 4862 ἀναμάρτητον
744 4793 892 4863 βιοῦν
907 4836 921 4848 .

325 4881 392 4932 El
422 4880 473 4932 δ’
508 4883 619 4935 οὐκ
650 4882 940 4950 ἀργύρεος
973 4883 1168 4953 πάντη
1203 4887 1367 4954 νόος,
1405 4887 1545 4941 ἀλλ’
1584 4888 1918 4956 ἐπίμικτος.

401 4975 463 5026 Εἰ
493 4975 550 5026 δὲ
588 4975 768 5039 τοῦτο,
800 4977 986 5046 φησὶν,
1018 4977 1236 5049 ἀληθὲς,
1267 4980 1359 5032 καὶ
1391 4982 1419 5033 ὀ
1450 4980 1728 5051 τροπικῶς
1759 4996 1922 5050 προσ-

329 5066 621 5137 ειρημένος
655 5067 813 5136 ῥοῦς,
844 5070 960 5140 ἤτοι
1005 5071 1146 5140 βίος,
1182 5072 1282 5124 οὐκ
1315 5072 1582 5144 ἀργύρεος
1615 5073 1736 5125 οὐδὲ
1768 5072 1916 5124 δόκι-

329 5176 430 5225 μος
472 5160 753 5224 παντελῶς
783 5163 876 5214 καὶ
909 5163 1168 5235 καθαρὸς,
1209 5165 1460 5236 ἐπιμιξίᾳ
1487 5166 1544 5219 δὲ
1574 5167 1673 5237 τῆς
1717 5165 1916 5228 κακίας

1307 447 1375 502 ΙΝ
1410 447 1716 502 CARMINA
1751 447 2031 504 ARCANA
2059 447 2115 501 S.
2145 446 2497 504 GREGORII.

3477 460 3581 515 7H

2012 566 2122 620 Deo
2152 581 2390 636 quocum
2424 583 2564 621 unus
2600 567 2828 637 spiritus
2857 569 3012 636 juxta
3058 570 3378 642 Apostolum
3417 576 3584 631 elfici-

2008 657 2131 710 tur?
2172 655 2450 722 Quantum
2497 671 2627 727 ergo
2675 660 3093 727 supereminens
3115 669 3170 716 et
3192 663 3497 735 Spiritualis
3529 677 3585 722 et

2007 747 2198 816 prima:
2217 747 2580 802 beatitudinis
2616 750 3038 819 promissionem
3081 753 3291 811 habens
3339 765 3584 826 quaestus

2006 838 2232 894 virtutis
2267 839 2532 902 creditur,
2583 847 2692 893 tam
2725 841 2895 894 multa
2924 843 2991 896 ad
3029 843 3150 913 ejus
3180 847 3583 904 assecutionem

2008 931 2181 984 ardua
2213 931 2506 986 admodum
2566 941 2621 988 et
2669 933 2908 988 dillicilia
2960 937 3182 1005 praebet.
3235 937 3484 1009 Namque
3529 951 3588 995 ut

2005 1022 2316 1077 Adversarii
2370 1024 2778 1092 praetermittam
2817 1026 3074 1080 invidiam
3129 1028 3461 1099 pedetentim
3504 1031 3589 1085 in-

2006 1113 2159 1181 sequi
2192 1113 2537 1183 prepositum
2571 1115 2882 1171 anhelantis
2909 1117 2974 1169 ad
3005 1116 3261 1174 virtutem
3298 1121 3584 1184 conantis,

2007 1207 2123 1276 ipsa
2183 1204 2292 1258 vita
2329 1219 2436 1275 qua
2480 1207 2738 1262 sensibus
2783 1207 3118 1279 indulgetur,
3159 1221 3213 1266 et
3247 1211 3434 1266 innata
3470 1215 3587 1267 ani-

2006 1313 2108 1352 ma:
2140 1295 2318 1354 fervor
2350 1307 2405 1354 et
2444 1299 2924 1370 concupiscentia,
2980 1303 3089 1358 nisi
3115 1318 3145 1356 a
3194 1304 3312 1374 lege
3353 1305 3587 1376 Spiritus

2006 1389 2221 1444 erudita
2249 1396 2305 1444 et
2349 1391 2564 1453 edocta,
2622 1393 2918 1448 suadibilia
2980 1404 3037 1449 et
3079 1396 3333 1450 docibilia
3389 1398 3588 1452 rationi

2009 1482 2159 1546 fiant,
2179 1483 2328 1537 nullo
2350 1484 2512 1537 modo
2542 1482 2728 1540 Hostis
2751 1485 3052 1556 fugabitur,
3084 1489 3394 1544 nullatenus
3415 1490 3591 1545 electa

2007 1575 2181 1628 virtus
2203 1574 2481 1630 hominem
2511 1576 2838 1631 moderabit.
2877 1579 3006 1633 ldeo
3043 1580 3216 1649 ipsius
3251 1595 3439 1636 amore
3467 1582 3591 1651 phi-

2009 1667 2294 1737 losophice
2343 1667 2604 1738 ﬂagrans,
2647 1685 2792 1724 novo
2839 1671 3031 1725 ordine
3073 1673 3314 1741 seipsum
3359 1674 3591 1744 alloqui-

2008 1765 2166 1812 tur...
2192 1757 2484 1825 Virtutem,
2536 1760 2736 1830 inquit,
2781 1762 2943 1830 cupio
2978 1777 3078 1816 nec
3120 1764 3423 1818 aversabor
3456 1783 3470 1819 :
3509 1765 3594 1819 sic

2011 1848 2158 1903 enim
2200 1849 2384 1903 cuncti
2416 1849 2599 1920 reipsa
2646 1850 2775 1904 boni
2821 1860 3127 1915 amatores;
3174 1852 3268 1907 sed
3308 1868 3419 1909 non
3467 1870 3595 1910 eru-

2012 1939 2160 1996 ditus
2204 1957 2324 1996 sum
2370 1957 2494 2011 qua:
2538 1942 2609 1996 sit
2643 1950 2697 1996 et
2730 1941 2876 1996 unde
2910 1942 3044 1996 mihi
3093 1943 3254 2013 hujus
3299 1946 3594 2000 vehemens

2013 2033 2345 2088 desiderium
2377 2033 2599 2089 babenti
2642 2033 2953 2103 adjiciatur.
3001 2033 3096 2090 His
3143 2035 3303 2091 doleo
3352 2051 3594 2094 mmrens

2014 2126 2081 2181 de
2109 2127 2329 2181 virtutis
2356 2127 2768 2195 imperfectione
2795 2145 2809 2193 ;
2841 2127 3041 2182 etenim
3077 2129 3409 2184 desiderium
3433 2120 3597 2187 omne

2012 2235 2123 2289 quo
2156 2233 2264 2273 non
2295 2220 2475 2289 potior
2507 2219 2712 2274 doloris
2739 2219 3014 2274 rationem
3073 2220 3240 2276 habet
3279 2223 3334 2276 in
3375 2222 3593 2278 deside-

2014 2312 2179 2366 ranti.
2212 2331 2230 2362 ι
2258 2311 2314 2366 Si
2339 2323 2518 2366 autem
2551 2327 2745 2381 purus,
2770 2329 2787 2363 ›
2808 2319 2863 2366 et
2887 2327 3003 2382 seq.
3032 2311 3172 2368 Vera
3195 2314 3370 2370 virtus
3391 2325 3444 2370 et
3468 2331 3598 2371 vero

2014 2421 2151 2475 pura
2184 2404 2254 2459 ab
2287 2404 2436 2458 omni
2468 2405 2672 2457 malitia
2703 2413 2756 2459 et
2781 2401 3029 2460 fmditate
3052 2408 3235 2462 carnis
3257 2415 3312 2460 et
3342 2405 3595 2477 spiritus,

2014 2497 2382 2567 aequiparatur
2415 2495 2728 2566 purissimis
2780 2497 2944 2552 undis
2979 2505 3035 2552 et
3080 2497 3406 2555 salientibus
3443 2514 3599 2570 aquae

2016 2592 2152 2644 viva:
2182 2587 2395 2651 rivulis,
2421 2603 2656 2658 quorum
2684 2589 2832 2642 nulla
2847 2603 3113 2659 aquarum
3136 2590 3396 2645 imbrium
3417 2592 3600 2648 mistio

2017 2697 2088 2736 ne
2143 2679 2486 2750 superficiem
2538 2680 2758 2750 quidem
2812 2680 3006 2736 inlicit.
3073 2681 3156 2737 Sit
3207 2696 3341 2752 ergo
3398 2683 3601 2754 aliquis

2017 2773 2154 2828 adeo
2184 2787 2354 2842 purus
2379 2771 2472 2842 qui
2505 2785 2712 2826 meram
2747 2772 2816 2827 ab
2846 2772 2995 2827 omni
3031 2773 3238 2827 malitia
3279 2785 3334 2829 et
3373 2784 3601 2845 peccato

2017 2865 2319 2923 servaverit
2364 2864 2605 2918 animam
2664 2872 2830 2934 atque
2883 2873 3144 2932 mentem,
3191 2866 3285 2937 qui
3337 2867 3600 2922 mundam

2017 2956 2344 3014 custodierit
2405 2970 2628 3010 carnem
2684 2963 2741 3010 et
2822 2957 3256 3024 immaculatam,
3311 2958 3437 3028 quis
3497 2959 3604 3012 erit

2020 3054 2163 3108 iste?
2206 3051 2430 3123 quando
2477 3059 2626 3106 astra
2673 3066 2781 3104 non
2825 3057 2956 3105 sunt
3006 3051 3211 3105 munda
3241 3066 3272 3105 a
3306 3050 3448 3107 facie
3481 3051 3600 3118 Dei,

2013 3147 2170 3216 juxta
2197 3145 2443 3199 divinum
2474 3143 2701 3206 librum,
2735 3143 2869 3213 quid
2896 3142 2964 3197 de
2990 3142 3371 3200 habitantibus
3406 3145 3604 3201 domos

2019 3237 2234 3292 luteas?
2277 3234 2405 3290 Sive
2428 3250 2495 3289 ex
2525 3234 2690 3289 corde
2731 3249 2834 3290 suo
2875 3234 3392 3306 intempestivorum
3438 3239 3605 3293 ratio-

2015 3329 2288 3383 ciniorum
2336 3326 2501 3380 homo
2534 3322 2780 3394 proferat
2815 3339 3058 3390 caenum,
3087 3325 3200 3380 haec
3236 3342 3344 3381 una
3383 3328 3605 3383 malitia:

2016 3433 2181 3476 causa
2205 3435 2222 3485 ;
2256 3416 2529 3487 siquidem
2553 3429 2721 3470 carne
2748 3415 2902 3486 gravi
2931 3423 2988 3471 et
3019 3417 3196 3472 lutosa
3215 3417 3282 3470 ad
3304 3424 3596 3498 terrestres

2017 3516 2306 3564 attractata
2333 3506 2694 3577 cogitationes
2718 3505 2994 3576 impulsus
3017 3509 3342 3563 maculatur.
3371 3506 3606 3564 Praeter-

2017 3615 2082 3654 ea
2135 3599 2205 3653 ab
2248 3605 2405 3652 extra
2435 3611 2465 3650 a
2517 3597 2766 3666 principe
2805 3597 3158 3653 tenebrarum
3198 3607 3402 3653 nostrae
3438 3601 3605 3656 saluti

2017 3692 2238 3746 infenso
2264 3690 2584 3746 stimulatus
2632 3700 2685 3744 et
2719 3689 2788 3743 ad
2834 3698 3118 3759 peccatum
3161 3691 3423 3748 incensus
3461 3709 3604 3763 quo-

2019 3783 2181 3838 modo
2211 3798 2406 3854 puram
2444 3782 2702 3837 virtutem
2727 3783 2971 3852 praebere
3001 3785 3256 3852 possem?
3301 3804 3319 3837 ι
3345 3784 3480 3839 Cum
3500 3787 3607 3840 sim

2018 3874 2140 3928 fons
2157 3874 2528 3943 obrigescens.
2555 3891 2573 3922 ι
2600 3871 2744 3935 Sive,
2768 3871 2957 3927 Nonne
2977 3874 3219 3928 sicutlac
3241 3875 3479 3929 mulsisti
3494 3890 3602 3939 me,

2020 3968 2200 4036 inquit
2228 3965 2350 4030 Job,
2380 3973 2435 4019 et
2467 3965 2613 4020 sicut
2659 3979 2880 4024 caseum
2909 3980 2995 4020 me
3024 3965 3366 4035 coagulasti?
3426 3965 3605 4020 Vitam

2020 4065 2396 4114 transeuntem
2423 4063 2478 4110 et
2507 4056 2793 4110 mutationi
2826 4055 3118 4110 obnoxiam
3149 4071 3337 4121 curro,
3380 4075 3489 4113 non
3512 4060 3610 4114 de-

2020 4152 2177 4206 cebat
2207 4163 2338 4206 sane
2371 4165 2436 4202 ex
2472 4159 2666 4202 natura
2698 4147 3095 4203 immutabilem
3133 4163 3221 4204 me
3259 4150 3403 4205 sicut
3434 4149 3603 4205 Deum

2019 4242 2189 4295 vitam
2223 4247 2278 4294 et
2302 4238 2614 4293 omnimode
2642 4235 3056 4306 impeccabilem
3091 4236 3314 4292 ducere.
3355 4257 3372 4288 ι
3405 4237 3461 4292 Si
3495 4254 3605 4292 non

2022 4345 2106 4389 est
2141 4333 2366 4386 omnino
2391 4330 2600 4385 nitidus
2643 4328 2903 4400 spiritus,
2934 4328 3029 4383 sed
3069 4338 3126 4382 et
3171 4328 3544 4396 intermistus;
3583 4351 3603 4383 ι

2025 4424 2082 4477 Si
2118 4423 2170 4477 id
2205 4435 2392 4477 verum
2421 4429 2528 4483 est,
2563 4420 2763 4488 inquit,
2797 4419 2841 4474 si
2882 4419 3158 4489 alligorice
3198 4436 3364 4489 supra
3410 4421 3610 4477 allatus

2026 4517 2215 4578 vivus,
2264 4514 2476 4570 scilicet
2523 4512 2634 4566 vita
2682 4525 2786 4566 nec
2834 4510 3009 4565 nitida
3063 4527 3161 4566 nec
3215 4511 3440 4567 omnino
3487 4528 3607 4583 pro-

2028 4612 2155 4664 bata
2185 4616 2239 4662 et
2276 4622 2434 4677 pura,
2467 4604 2563 4660 sed
2599 4604 2804 4657 malitia
2835 4604 3100 4658 miscetur
3143 4613 3198 4658 et
3245 4605 3506 4669 inﬁcitur,
3557 4614 3612 4658 et

2030 4699 2341 4754 inordinate
2387 4696 2648 4759 fmdatur,
2689 4693 2824 4749 illud
2871 4695 3151 4764 quomodo
3197 4704 3347 4749 esset
3389 4697 3610 4749 virtus?

2023 4789 2268 4860 Agedum
2305 4787 2394 4842 dic
2445 4786 2602 4849 mihi,
2653 4785 2834 4855 inquit
2874 4787 3117 4855 sapiens,
3175 4789 3457 4856 justumne
3527 4799 3612 4841 est

2025 4883 2186 4938 istius
2215 4881 2365 4936 modi
2394 4880 2642 4934 habitum
2669 4894 2865 4933 vocare
2921 4881 3222 4933 virtutem?
3267 4880 3480 4935 Etenim
3528 4883 3610 4936 sic

2025 4993 2127 5046 ego
2161 4975 2360 5045 spiritu
2404 4988 2519 5028 rem
2561 4973 2809 5034 volvens,
2851 4989 3042 5042 puram
3097 4983 3151 5028 et
3196 4974 3606 5053 immaculatam

2024 5070 2196 5124 vitam
2237 5070 2291 5121 in
2320 5067 2544 5122 homine
2565 5064 2750 5120 videre
2775 5065 2868 5135 qui
2915 5081 3152 5134 nequeo,
3179 5065 3326 5121 unde
3345 5067 3606 5122 virtutem

2025 5162 2366 5217 nominarem
2394 5174 2516 5230 quae
2538 5158 2746 5214 malitia
2784 5159 3046 5214 miscetur
3071 5159 3094 5211 ?

326 5252 650 5323 θολούμενος
715 5253 1000 5324 μολύνεται
1053 5259 1147 5310 καὶ
1194 5257 1454 5327 ἀκόσμως
1513 5259 1960 5328 καταχραίνεται,
2014 5253 2131 5317 πῶς
2179 5253 2245 5307 ἂν
2296 5250 2381 5322 εἴη
2433 5250 2590 5304 τοῦτο
2638 5252 2838 5321 ἀρετή;
2877 5251 3088 5322 Φράσον
3122 5251 3184 5324 δή
3223 5269 3333 5321 μοι,
3377 5254 3542 5322 φησὶν
3580 5252 3611 5303 δ

327 5351 664 5419 σοφώτατος,
714 5352 764 5403 εἰ
801 5351 949 5416 ἀξιον
985 5352 1084 5423 τὴν
1121 5352 1264 5406 οὕτω
1293 5354 1644 5425 διακειμένην
1676 5354 1788 5420 ἕξιν
1827 5353 2011 5406 καλεῖν
2048 5351 2249 5423 ἀρετήν
2269 5366 2282 5378 ·
2313 5349 2407 5401 καὶ
2445 5348 2554 5418 γὰρ
2586 5346 2740 5414 κάγὼ
2774 5340 2874 5399 ὦδε
2906 5349 3067 5400 κάκεῖ
3088 5345 3186 5399 τοῦ
3215 5345 3307 5400 νοῦ
3339 5346 3607 5416 περιελίσ-

328 5459 460 5504 σων,
495 5443 742 5513 καθαράν
773 5445 834 5496 τέ
869 5462 991 5498 τινα
1026 5446 1120 5498 καὶ
1162 5447 1636 5518 ἀκραιφνεστάτην
1679 5447 1865 5518 βίωσιν
1915 5449 1971 5498 ὲν
2010 5441 2280 5514 ἀνθρώπῳ
2325 5441 2398 5512 μὴ
2449 5440 2746 5510 δυνάμενος
2795 5441 2941 5500 ἰδεῖν,
2998 5438 3209 5512 ἀπορῶ,
3264 5438 3378 5502 πῶς
3411 5437 3611 5510 ἀρετὴν

325 5535 427 5606 τὴν
465 5536 752 5607 ἐπίμικτον
788 5537 924 5610 πρὸς
957 5540 1154 5593 κακίαν
1181 5541 1530 5612 ὀνομάσαιμι.

329 5647 399 5704 16
430 5648 668 5718 σΨυχρὴ
722 5650 838 5719 μὲν
888 5653 1095 5720 χιόνος
1145 5653 1333 5722 φύσις
1371 5653 1600 5794 [ἕπλὸῖές
1648 5651 1918 5774 ἀρψῗφέη

1395 5741 1456 5776 τε
1510 5733 1528 5752 θ
1609 5740 1706 5786 ,κ.
1726 5741 1775 5776 τ.
1831 5763 1845 5776 .

1395 5741 1456 5776 τε
1489 5733 1623 5786 (‘26),
1651 5740 1706 5777 κ.
1726 5741 1775 5776 τ.
1797 5733 1845 5776 λ.

405 5809 560 5878 Οἶδα,
594 5818 758 5888 φησὶν
801 5821 830 5872 ὁ
880 5819 1023 5883 θεῖος
1063 5819 1172 5872 τῶν
1213 5819 1392 5890 ἐργῶν
1443 5819 1580 5873 Θεοῦ
1627 5818 1920 5890 ἐξηγητὴς,

428 5947 517 6023 ἓξ)
559 5951 692 6004 Cod.
730 5951 921 6017 ἐοικώς
955 5963 1009 6008 et
1045 5954 1215 6023 μεθῶ.

617 6067 893 6128 Ρηιιοι.
932 6070 1024 6128 Gn
1094 6068 1412 6131 XXXVIII.

2101 5648 2168 5703 16
2188 5646 2413 5718 Frigida
2443 5649 2653 5718 quidem
2680 5659 2756 5702 est
2787 5650 2918 5702 n'vis
2941 5660 3137 5703 natura
3159 5660 3207 5702 ct
3230 5647 3610 5710 candida,etc.

2109 5813 2222 5880 Sic,
2272 5815 2349 5869 ait
2399 5815 2560 5870 divus
2605 5831 2833 5886 operum
2883 5815 2972 5869 Dei
3016 5816 3310 5884 interpres,
3361 5813 3611 5884 frigidam

2101 5953 2215 6022 (‘26)
2255 5953 2443 6009 Billius
2475 5957 2716 6027 ἀργυρέη
2758 5974 2835 6008 τε.
2870 5954 2970 6010 Sed
3003 5957 3253 6027 ἀργυφέη
3286 5954 3608 6009 vocabulum

3220 6068 3293 6130 23
