4186 6372
611 406 718 463 715

606 531 753 586 nivis
784 534 1035 583 naturam
1056 535 1112 581 et
1143 525 1346 590 albam,
1380 524 1523 595 ignis
1561 538 1690 578 vero
1730 523 2094 579 rubicundam
2136 533 2190 580 et

608 621 915 683 ardentem,
957 631 1191 689 quorum
1221 615 1490 687 opposita:
1530 614 1827 685 qualitates
1846 615 1927 670 sic
1964 614 2191 668 omnino

607 711 775 765 mistu
828 708 1216 779 impossibiles,
1266 715 1327 761 ut
1373 707 1469 777 qui
1509 714 1805 760 conaretur
1850 706 2028 777 ignem
2065 705 2191 760 nive

607 800 956 871 refrigerare,
982 805 1076 853 aut
1100 798 1280 852 nivem
1308 797 1432 866 igne
1461 795 1781 861 calefacere,
1800 796 1915 850 haec
1940 795 2092 865 prius
2106 795 2194 851 de-

608 900 850 948 strueret
882 907 1045 963 quam
1068 891 1334 945 misceret
1366 908 1380 944 :
1413 889 1688 960 quomodo
1705 897 1887 944 autem
1914 891 1968 943 in
1988 891 2189 959 optima

604 983 897 1054 turpitudo
930 983 1279 1053 penetravit?
1331 981 1612 1052 quomodo
1642 995 1808 1050 super
1842 981 2042 1035 virtute
2072 996 2191 1035 cre-

606 1074 689 1129 vit
719 1071 968 1128 malitia?
993 1070 1273 1143 quomodo
1304 1070 1360 1125 in
1392 1071 1688 1141 imaginem
1719 1068 1901 1139 magni
1945 1068 2040 1124 Dei
2081 1085 2191 1123 ma-

608 1168 699 1225 lus
732 1168 863 1224 boni
896 1167 1145 1222 imitator
1180 1180 1344 1220 error
1376 1164 1685 1219 infunditur
1716 1170 1774 1220 et
1810 1163 2045 1220 dedecus
2083 1163 2189 1217 im»

608 1261 812 1316 miscet
856 1266 1021 1328 atque
1062 1256 1413 1311 foeditatem?
1457 1254 1599 1310 Vere
1642 1271 1737 1325 per
1785 1254 2040 1310 virtutem
2090 1268 2191 1324 ego

607 1349 755 1406 Deus
779 1364 905 1405 esse
932 1347 1115 1418 cupio,
1139 1355 1194 1401 et
1216 1360 1345 1415 pars
1362 1349 1455 1398 tua
1477 1351 1532 1399 et
1566 1343 1860 1399 haareditas
1877 1353 1990 1403 tua,
2023 1340 2187 1396 Deus.

609 1441 801 1497 Multis
843 1442 908 1495 de
938 1440 1041 1494 hoc
1081 1437 1488 1493 disserentibus
1539 1450 1725 1506 quaero
1762 1442 1817 1490 et
1867 1434 2066 1488 audio:
2096 1435 2191 1488 Al-

609 1534 805 1604 phzeus
844 1530 937 1585 ille
967 1546 1031 1584 ex
1068 1528 1305 1582 Arcadia
1363 1528 1417 1581 in
1474 1525 1719 1580 Siciliam
1757 1533 1939 1579 manat
1987 1523 2187 1580 flumen

608 1640 709 1697 per
740 1621 1157 1679 amaros-maris
1181 1620 1380 1675 fluctus
1420 1628 1769 1674 transmeans
1793 1618 1980 1673 dulces
2016 1632 2188 1687 aquas

609 1732 762 1780 suas,
794 1716 996 1786 quibus
1042 1712 1097 1767 in
1126 1711 1363 1766 transitu
1412 1711 1494 1766 sal
1535 1712 1704 1765 maris
1734 1723 1845 1763 non
1891 1710 2183 1775 miscetur;

607 1815 665 1863 et
694 1807 798 1862 hoc
827 1805 1135 1860 mirandum
1167 1803 1344 1869 valde,
1375 1803 1575 1872 inquit,
1598 1812 1651 1857 et
1672 1801 2186 1871 stupendum,quod

598 1913 720 1955 non
736 1898 1017 1952 alteratam
1034 1912 1135 1951 nec
1158 1903 1472 1965 corruptam
1503 1894 1845 1949 dulcedinem
1865 1909 2018 1948 suam
2033 1894 2191 1963 traji-

594 1992 737 2061 "ciat,
769 1989 950 2043 ’Porro
985 1988 1131 2058 quod
1176 1988 1316 2043 salis
1356 2002 1528 2057 sapor
1567 1987 1632 2041 ad
1676 1986 1858 2041 dulcia
1895 2002 2185 2057 aquarum,

604 2083 749 2154 qbod
787 2082 899 2137 aeri
928 2080 1361 2135 nebula-a-terra
1395 2094 1455 2134 se
1481 2078 1756 2142 attollens,
1786 2078 1936 2149 quod
1960 2088 2045 2133 est
2064 2092 2189 2133 cor-

602 2176 832 2246 poribus
862 2174 1110 2235 morbus,
1144 2171 1249 2227 boc
1274 2172 1470 2226 virtuti
1505 2187 1611 2225 nox
1634 2171 1890 2241 peccati;
1936 2169 2181 2225 dedecus

602 2280 799 2335 nempe
845 2272 898 2319 et
950 2263 1250 2333 ignominia
1296 2270 1400 2317 est.
1446 2260 1611 2333 Saepe
1644 2277 1841 2318 manus
1889 2262 2181 2317 tendebam

601 2372 824 2414 sursum
855 2357 1130 2428 supplices
1156 2355 1210 2409 in
1247 2356 1497 2411 oratione
1534 2356 1617 2410 vel
1646 2356 1815 2410 animi
1857 2367 2036 2411 motus
2070 2357 2187 2409 ela~

601 2458 689 2503 tos
713 2448 779 2503 ad
815 2450 1017 2503 caelum
1047 2457 1100 2503 et
1129 2448 1197 2502 ad
1231 2447 1591 2512 Altissimum,
1619 2459 1673 2503 et
1702 2449 2062 2502 humanarum
2094 2462 2179 2502 ren-

600 2557 724 2595 rum
754 2540 1016 2610 cogitatio
1041 2540 1441 2609 superveniens
1481 2539 1715 2593 retraxit
1756 2546 1810 2592 et
1856 2538 2012 2591 humi
2059 2554 2186 2609 pro-

599 2630 752 2700 iecit.
785 2630 957 2683 Aliter
1001 2643 1226 2684 rursum
1271 2628 1458 2683 divina
1492 2626 1687 2683 videns
1733 2626 2048 2681 Divi’nitatis
2093 2642 2188 2681 su-

599 2721 980 2794 perfulgeutis,
1032 2735 1225 2790 puram
1293 2720 1587 2774 scintillam
1632 2718 2186 2785 mihi,dixit,illumi-

602 2822 829 2870 nantem
859 2814 1062 2868 nubem
1104 2828 1228 2884 qua!
1266 2812 1490 2868 aliunde
1530 2810 1873 2882 supervenit,
1914 2818 1969 2864 et
2011 2809 2190 2880 pessi-

600 2923 707 2962 mae
736 2905 974 2961 tenebrae
1002 2904 1377 2975 splendentem
1415 2905 1591 2959 lucem
1628 2903 1942 2973 rejecerunt
1975 2909 2029 2956 et
2054 2916 2188 2957 con-

586 2997 884 3068 templatio
914 2996 1042 3051 boni
1076 3012 1143 3051 ex
1173 2996 1351 3050 oculis
1372 2995 1606 3067 aufugit,
1625 2994 1705 3050 sic
1730 3008 1799 3049 ex
1830 2993 2065 3048 adverso
2090 3008 2187 3047 ve-

585 3091 840 3147 micntem
898 3089 1081 3145 subito
1115 3088 1341 3142 avolans
1389 3102 1476 3141 me
1517 3085 1753 3141 deﬁcere
1774 3084 1902 3140 fecit
1937 3092 1993 3139 et
2032 3099 2180 3137 com-

584 3183 788 3254 primi,
818 3195 944 3236 nam
982 3181 1086 3235 hoc
1117 3177 1394 3249 significat
1419 3172 1647 3241 ὲεάῖξεν,
1669 3177 1984 3247 discerpsit.
2011 3196 2030 3228 ε
2052 3176 2185 3243 Quae

583 3272 942 3339 'zemulatio,»
965 3286 1085 3340 quae
1118 3283 1291 3324 causa
1333 3267 1501 3336 hujus
1543 3267 1820 3322 contrarii
1861 3279 2092 3323 eventus
2128 3275 2183 3322 et

598 3364 875 3420 discessus
904 3361 1068 3416 boui?
1111 3379 1129 3411 ι
1156 3360 1253 3413 νει
1290 3358 1589 3414 desiderari
1627 3372 1843 3428 semper
1868 3357 1998 3411 mihi
2021 3373 2068 3417 ,ι
2129 3365 2185 3411 et

597 3472 716 3527 seq.
752 3457 1103 3525 Interrogans
1137 3467 1258 3523 quae
1288 3465 1455 3506 causa
1488 3451 1768 3506 discessus
1800 3448 1928 3503 boni
1969 3456 2023 3503 et
2053 3448 2184 3503 ditii-

583 3549 823 3607 'cultatis
849 3545 1174 3618 assequendi
1204 3546 1373 3617 ipsius
1398 3544 1671 3599 notionem
1702 3542 1935 3613 primum
1963 3541 2182 3611 quidem

598 3641 808 3699 induxit
843 3640 989 3712 quod
1015 3640 1084 3695 ob
1116 3654 1426 3711 supremam
1456 3637 1743 3691 utilitatem
1763 3635 2010 3691 Divinum
2035 3649 2179 3690 sem-

598 3749 701 3806 per
732 3733 1036 3789 desiderari
1065 3731 1362 3795 desiderat,
1387 3730 1580 3785 sitiens
1623 3727 1771 3782 sitim
1802 3741 2101 3797 provocare
2128 3734 2184 3779 et

594 3833 784 3899 potum
820 3826 1068 3897 praebens
1117 3824 1200 3878 his
1235 3824 1328 3894 qui
1364 3821 1430 3876 ad
1477 3819 1772 3875 bibendum
1817 3828 2070 3874 currunt.
2116 3817 2183 3872 Et

582 3913 733 3969 illud
760 3911 905 3984 ἐμοί,
954 3912 1242 3974 mihi,loco
1272 3909 1441 3973 iuius,
1486 3908 1789 3963 secundum
1823 3922 1999 3962 meam
2048 3923 2180 3962 sen-

595 4007 821 4062 tentiam
872 4005 1110 4076 explicat
1144 4002 1310 4059 :Hzec
1361 4011 1466 4068 est,
1519 4003 1716 4072 inquit.
1773 4003 1854 4057 lex
1901 4000 2177 4056 hominis:

595 4098 1058 4170 quemadmodum
1084 4104 1238 4169 pater
1269 4111 1485 4166 semper
1524 4096 1678 4166 diligi
1732 4103 1786 4150 et
1817 4096 2091 4149 amantius
2151 4108 2180 4147 a

584 4190 726 4245 'iiiiis
746 4189 864 4245 suis
893 4190 1098 4260 requiri
1122 4189 1397 4244 desiderat
1426 4196 1482 4240 et
1514 4195 1757 4257 exoptat,
1805 4187 1887 4241 sic
1920 4197 1972 4242 et
1995 4186 2180 4241 excel-

584 4283 801 4337 -lentius
844 4283 1124 4337 hominum
1153 4289 1365 4334 amator
1390 4278 1577 4345 Deus;
1622 4279 1756 4348 quin
1785 4286 1838 4334 et
1863 4279 1976 4348 jam
2018 4279 2181 4334 nobis

582 4374 772 4444 “magis
805 4373 1025 4445 expedit
1053 4381 1107 4427 et
1139 4373 1335 4427 melius
1351 4371 1429 4436 fit,
1453 4370 1498 4425 si
1525 4385 1625 4425 nec
1646 4370 1749 4424 sub
1777 4370 2031 4425 inanibus
2053 4387 2180 4426 suc-

592 4466 816 4531 cedens,
877 4480 978 4520 nec
1034 4464 1214 4519 facilis
1264 4464 1337 4519 sit
1392 4462 1964 4531 incomprehensibilis
2013 4464 2177 4519 visio.

591 4556 731 4612 Nam
764 4557 843 4612 sic
871 4555 939 4610 ab
969 4555 1206 4609 alumnis
1252 4570 1361 4607 non
1387 4553 1553 4624 digne
1582 4568 1682 4607 nec
1730 4567 1826 4623 per
1865 4554 2067 4607 multas
2123 4555 2176 4608 in

592 4653 815 4708 virtutis
836 4650 1184 4707 assecutionc
1223 4649 1574 4719 fatigationes
1606 4649 1773 4704 nimis
1813 4646 2048 4705 faciliter
2096 4651 2185 4705 in-

592 4750 841 4817 structis,
875 4756 1132 4818 tanquam
1156 4746 1224 4800 ab
1253 4745 1490 4814 indignis
1514 4745 1694 4817 gratia
1716 4752 2026 4816 contempta
2053 4761 2186 4801 avo-

589 4848 749 4904 labit.

1972 388 2271 460 NICETAS
2307 392 2513 457 1mm
3765 401 3860 458 rte

2293 524 2509 595 ψυχράν
2540 540 2599 576 τε
2645 516 2810 576 οὖσαν
2854 522 2953 593 τὴν
2980 521 3080 593 τῆς
3113 520 3288 592 χιόνος
3316 521 3476 591 φύσιν
3517 520 3613 575 καὶ
3652 521 3856 594 λευκήν,

2295 617 2493 688 ξανθὴν
2525 617 2583 670 δὲ
2608 615 2707 688 τὴν
2731 615 2826 669 τοῦ
2855 616 3027 686 πυρὸς
3062 615 3157 667 καὶ
3188 614 3417 686 θερμὴν,
3463 616 3556 669 καὶ
3583 614 3683 679 τάς
3716 619 3856 671 ἐναν-

2292 711 2413 773 τίας
2450 712 2509 763 ὲν
2541 708 2750 772 τούτοις
2785 708 3075 778 ποιότητας
3121 707 3264 761 οὕτω
3307 706 3586 771 παντελῶς
3630 709 3856 779 ἀμιγεῖς,

2292 800 2368 863 ὡς
2400 799 2457 852 εί
2480 817 2563 865 τις
2610 799 2856 870 βιάσαιτο
2906 800 3180 871 ψυχράναι
3226 800 3324 870 μὲν
3373 799 3434 853 τὸ
3476 800 3589 871 πῦρ
3614 805 3680 872 τῇ
3711 802 3855 871 χιόνι,

2293 892 2561 966 θερμάναι
2593 893 2649 946 δὲ
2695 893 2794 964 τὴν
2841 894 2995 963 χιόνα
3026 892 3105 963 τῷ
3147 893 3301 964 πυρὶ,
3337 892 3566 964 λυθῆναι
3608 898 3854 965 πρότερον

2291 984 2507 1056 ταῦταῆ
2538 985 2797 1056 μιγῆναιη
2830 985 2946 1047 πῶς
2972 984 3029 1038 δὲ
3057 983 3136 1055 τῷ
3167 984 3353 1039 κάλλει
3369 986 3429 1038 τὸ
3463 981 3651 1056 αἶσχος
3681 987 3860 1039 ἐπεισ-

2291 1076 2487 1147 ῆλθεν;
2536 1075 2654 1138 πῶς
2697 1077 2761 1146 τῇ
2791 1075 2959 1145 ἀρετῇ
2993 1075 3027 1144 ἡ
3059 1074 3226 1128 κακία
3271 1073 3518 1145 ὲπεφύη;
3560 1074 3681 1137 πῶς
3715 1075 3768 1129 δὲ
3796 1076 3858 1147 τῇ

2290 1165 2384 1219 τοῦ
2445 1166 2682 1238 μεγάλου
2750 1165 2886 1219 Θεοῦ
2952 1166 3119 1219 εἰκόνι
3177 1167 3210 1236 ή
3263 1165 3567 1237 κακόζηλος
3620 1168 3861 1237 ἁμαρτὰς

2291 1259 2727 1312 ὲπεισπίπτουσα
2747 1259 2931 1327 ἀτιμοῖ
2958 1258 3053 1311 καὶ
3084 1259 3450 1329 καταισχύνει,
3478 1260 3637 1331 εἴπερ
3658 1259 3861 1331 ἀληθῶς

2290 1349 2358 1402 δι’
2390 1348 2590 1419 ἀρετῆς
2617 1348 2792 1417 ἔγωγε
2820 1348 2951 1412 Θεὸς
2981 1350 3074 1402 καὶ
3106 1350 3195 1414 σὸς
3221 1351 3425 1421 κλῆρος
3456 1349 3688 1420 εύχομαι
3729 1347 3860 1405 εἶναι

2291 1442 2386 1493 καὶ
2422 1439 2787 1511 κληρονομία;
2841 1440 3187 1512 Πυνθάνομαι
3235 1442 3445 1495 πολλῶν
3487 1441 3861 1514 ἐξηγουμένων

2290 1529 2523 1592 ἀκούων,
2551 1530 2628 1592 ὡς
2654 1528 2763 1601 ἀρα
2800 1530 3044 1599 Ἀλφειὸς
3082 1532 3289 1595 ἐκεῖνος
3312 1534 3341 1585 ὁ
3370 1532 3429 1597 ἐξ
3466 1533 3754 1603 Ἀρκαδίας
3772 1534 3863 1585 ἐπὶ

2288 1620 2389 1690 τὴν
2416 1618 2665 1673 Σικελίαν
2695 1620 2833 1689 ῥέων
2862 1620 3105 1690 ποταμὸς
3136 1620 3227 1673 ἐπὶ
3263 1619 3398 1674 πολὺ
3424 1622 3522 1692 τῆς
3548 1623 3751 1692 πικρᾶς
3771 1621 3864 1674 θα-

2290 1709 2495 1780 λάσσης
2545 1710 2604 1762 τὸ
2645 1709 2817 1779 γλυκὺ
2864 1709 3041 1781 ῥεῦμα
3085 1708 3178 1763 τοῦ
3227 1711 3467 1780 νάματος
3512 1711 3864 1780 ἀνεπίμικτον

2290 1805 2390 1874 τῆς
2430 1803 2721 1868 θαλαττίας
2749 1804 2929 1874 ἅλμης
2957 1804 3295 1858 διεκϐάλλειο
3326 1806 3421 1858 καὶ
3462 1804 3618 1857 τοῦτο
3661 1802 3861 1875 θαῦμα,

2288 1897 2444 1968 φησι,
2474 1896 2618 1967 μέγα
2650 1896 2745 1949 καὶ
2776 1894 3058 1965 ἔκπληξις,
3087 1896 3247 1967 εἴπερ
3273 1895 3551 1966 ἀλὼϐητον
3576 1895 3741 1949 αὐτοῦ
3768 1896 3866 1966 τὴν

2288 1988 2597 2060 γλυκύτητα
2624 1988 2719 2042 καὶ
2747 1987 3070 2060 ἀνύϐριστον
3096 1989 3363 2059 διεκπερᾷ
3382 2005 3396 2018 ο
3425 1989 3502 2052 ὡς
3526 1983 3638 2060 γὰρ
3661 1991 3694 2059 ή
3721 1989 3864 2062 ἅλμη

2286 2080 2437 2151 λώϐη
2482 2082 2599 2135 ἐστὶ
2651 2082 2750 2152 τῆς
2799 2081 2894 2134 τοῦ
2943 2079 3132 2145 ὓδατος
3179 2081 3537 2152 γλυκύτητος,
3581 2081 3722 2134 οὕτω
3772 2080 3867 2134 τοῦ

2286 2174 2448 2239 ἀέρος
2498 2172 2596 2243 μὲν
2636 2174 2671 2244 ή
2716 2170 2960 2226 κάτωθεν
2994 2172 3100 2224 ἀπὸ
3138 2172 3244 2242 γῆς
3278 2172 3502 2225 ἀνιοῦσα
3540 2171 3725 2241 ἀχλὺς,
3759 2172 3867 2225 τῶν

2291 2263 2558 2334 σωμάτων
2610 2262 2733 2333 δὲή
2776 2262 2948 2325 νόσος,
3000 2262 3098 2331 τῆς
3140 2263 3341 2333 ἀρετῆς
3379 2262 3436 2315 δὲ
3464 2263 3632 2333 αύτῆς
3683 2265 3716 2331 ἡ
3770 2264 3868 2331 τῆς

2289 2354 2599 2426 ἁμαρτάδας
2647 2355 2742 2422 νὺξ
2798 2356 2989 2426 ἀτιμία
3042 2356 3137 2408 καὶ
3197 2355 3355 2427 ὕϐρις
3409 2357 3577 2409 ἐστίν.
3631 2355 3868 2409 Πολλάκι

2286 2447 2482 2517 ταρσὸν
2523 2449 2681 2520 ἀειρα
2729 2448 2863 2519 πρὸς
2912 2447 3105 2520 αἰθέρα
3138 2448 3171 2519 ἦ
3200 2448 3298 2518 τῆς
3342 2448 3522 2519 χειρὸς
3551 2448 3867 2512 ὲκπετάζων

2285 2539 2344 2591 ὲν
2365 2541 2431 2611 τῇ
2463 2543 2740 2611 προσευχῇ
2787 2541 2820 2610 ἦ
2867 2541 2934 2595 τὰ
2976 2542 3070 2593 τοῦ
3100 2541 3193 2594 νοῦ
3227 2541 3501 2611 κινήματα
3537 2540 3675 2611 πρὸς
3704 2541 3869 2610 ούρα-

2286 2629 2374 2683 νδν
2421 2630 2657 2700 ὑψοῦντα
2700 2632 2797 2699 καὶ
2842 2632 2933 2685 τὸν
2966 2632 3259 2702 Ὕψιστον,
3305 2633 3527 2703 φροντὶς
3572 2647 3868 2702 παρεμπε-

2287 2723 2453 2777 σοῦσα
2480 2724 2588 2779 τῶν
2625 2724 3002 2796 ἀνθρωπίνων,
3035 2724 3393 2778 καθείλκυσεν
3438 2725 3532 2779 καὶ
3571 2724 3869 2777 κατέϐαλεν

2285 2816 2478 2887 χαμαί.
2531 2817 2753 2870 Ἀλλοτε
2800 2818 2961 2871 πάλιν
3008 2820 3038 2871 ό
3084 2816 3517 2881 θεοπτικώτατος
3560 2817 3663 2887 τῆς
3696 2818 3868 2888 ὑπερ-

2285 2909 2457 2979 φαοῦς
2501 2908 2754 2981 θεότητος
2796 2910 3040 2982 καθαράν
3098 2928 3208 2982 μοι,
3259 2910 3397 2981 ἔφη,
3442 2912 3870 2981 καταυγασάσης

2284 3001 2623 3072 λαμπηδόνα,
2658 3002 2819 3072 νέφος
2855 3005 3229 3074 ὲπεισφρῆσαν
3261 3002 3425 3057 ποθὲν
3471 3003 3567 3057 καὶ
3611 3003 3871 3068 κάκιστος

2290 3090 2451 3160 ζόφος
2476 3091 2691 3160 διέκοψε
2725 3092 2825 3164 τὴν
2870 3092 3134 3162 ἔλλαμψιν
3159 3109 3173 3122 ·
3213 3094 3307 3146 καὶ
3335 3096 3368 3162 ή
3408 3093 3508 3163 μὲν
3540 3092 3635 3145 τοῦ
3662 3092 3871 3161 ἀγαθοῦ

2288 3186 2488 3257 θεωρία
2524 3186 2583 3252 ἐξ
2625 3186 2918 3257 ὀφθαλμῶν
2961 3187 3225 3257 ἀπῆλθεν,
3258 3181 3359 3240 ὧδε
3409 3186 3520 3258 (27)
3575 3187 3876 3256 προσιόντα

2286 3277 2468 3347 διέδρα
2498 3279 2652 3346 ἄφνω
2676 3279 2973 3331 ἀποπτᾶσα
3002 3278 3301 3333 ἀπέκναισέ
3333 3296 3420 3348 με,
3444 3277 3738 3348 κατέθλιψέ
3766 3290 3871 3347 με⁵

2285 3369 2444 3422 τοῦτο
2471 3370 2578 3441 γὰρ
2606 3369 2687 3433 τὸ,
2724 3369 2949 3437 ὲδάῖξεν.

3001 3461 3102 3528 Τίς
3130 3465 3163 3516 ὁ
3196 3463 3463 3531 φθόνος-ς

2359 3531 2507 3601 Τίςή
2543 3530 2691 3584 αἰτία
2722 3530 2820 3601 τῆς
2848 3531 2941 3584 τοῦ
2968 3532 3135 3586 καλοῦ
3169 3530 3424 3597 ἀτευξίας
3455 3533 3549 3586 καὶ
3570 3532 3877 3602 ἀπολισθή-

2289 3619 2429 3655 σεωο
2450 3619 2463 3630 α

2402 3635 2427 3665 ἡ,
2450 3644 2465 3667 ’
2782 3675 2851 3727 Ἦ
2881 3672 3198 3728 ποθέεσθαι

2355 3742 2499 3798 Λὶὲν
2529 3744 2681 3811 ἐμοί,
2714 3761 2771 3800 κ.
2804 3762 2854 3797 τ.
2892 3743 2970 3808 ἐξ.

2356 3836 2668 3907 Πυθόμενος
2712 3836 2795 3900 τίς
2837 3839 2869 3907 ἡ
2909 3835 3054 3889 αἰτία
3081 3836 3180 3905 τῆς
3211 3834 3304 3888 τοῦ
3339 3833 3546 3903 ἀγαθοῦ
3586 3832 3884 3903 ἀωφυγῆς

2285 3929 2380 3983 καὶ
2417 3929 2511 3982 τοῦ
2555 3928 2857 3999 δύσληπτον
2892 3928 2989 3998 τὴν
3035 3927 3203 3981 αὑτοῦ
3253 3926 3586 3981 καθεστάναι
3617 3925 3882 3998 θεωρίαν,

2284 4021 2500 4093 πρῶτον
2538 4023 2636 4094 μὲν
2668 4023 2946 4092 ἐπήγαγεν
2978 4021 3053 4083 ὠς
3097 4019 3370 4092 ὑπερϐολὴ
3417 4019 3788 4090 χρηστότητος
3819 4016 3888 4070 τὸ

2284 4111 2461 4175 Θεῖον,
2491 4112 2579 4164 ἀεὶ
2626 4112 2905 4164 ποθεῖσθαι
2952 4112 3127 4175 ποθεῖ,
3179 4109 3348 4179 διψῶν
3384 4109 3445 4161 τὸ
3481 4108 3743 4177 διψᾶσθαι
3778 4109 3889 4161 καὶ

2286 4203 2522 4268 ποτίζων
2566 4206 2692 4269 τοὺς
2744 4208 2887 4259 πιεῖν
2937 4205 3411 4276 προστρέχοντας’
3468 4202 3530 4255 τὸ
3576 4201 3665 4263 δὲ,
3720 4202 3887 4271 ἐμοὶ,

2286 4296 2406 4348 ἀντὶ
2433 4293 2550 4359 τοῦ,
2583 4295 2724 4348 κατά
2747 4295 2844 4364 τὴν
2868 4295 3005 4365 ἐμὴν
3026 4293 3229 4365 κρίσιν,
3266 4292 3436 4363 δηλοῖ*
3451 4289 3621 4343 Τοῦτο
3632 4292 3711 4353 δὲ,
3727 4293 3896 4361 φησὶ,

2287 4385 2384 4439 καὶ
2428 4384 2718 4456 ἀνθρώπου
2747 4385 2906 4455 νόμος
2934 4383 3080 4437 ἐστίν
3102 4401 3115 4415 ·
3151 4384 3226 4446 ὡς
3264 4383 3373 4453 γὰρ
3408 4381 3592 4454 πατὴρ
3623 4383 3711 4434 ἀεὶ
3738 4382 3896 4449 ἀγαα

2290 4477 2494 4531 πᾶσθαι
2526 4477 2621 4530 καὶ
2654 4477 2931 4548 ζητεῖσθαι
2961 4477 3098 4548 πρὸς
3125 4475 3235 4529 τῶν
3260 4474 3423 4528 αὐτοῦ
3450 4474 3692 4542 ἐκγόνων
3726 4473 3900 4526 ποθεῖ

2291 4569 2388 4623 καὶ
2434 4570 2679 4635 ἀπαιτεῖ,
2706 4568 2849 4623 οὕτω
2896 4570 2989 4622 καὶ⁸
3028 4570 3055 4621 ό
3096 4567 3463 4639 διαφερόντως
3496 4565 3900 4634 φιλάνθρωπος

2294 4662 2459 4726 Θεόςο
2511 4663 2643 4716 αὐτὸ
2689 4662 2746 4715 δὲ
2792 4661 2950 4714 τοῦτο
3001 4661 3095 4714 καὶ
3129 4662 3258 4731 ἡμῖν
3310 4657 3752 4727 λυσιτελέστερον
3791 4656 3899 4708 καὶ

2295 4758 2542 4826 κρεῖττον
2584 4750 2741 4818 εἶναι,
2774 4755 2849 4825 μὴ
2881 4753 3188 4825 προχείρως
3220 4751 3353 4822 μηδὲ
3386 4753 3561 4823 ῥᾷστα
3599 4746 3903 4802 καταθεω-

2300 4848 2410 4917 ρεῖν
2431 4846 2522 4899 τὸν
2549 4846 2929 4916 ἀκατάληπτον
2949 4862 2962 4875 ⁸
2997 4844 3140 4898 οὓτω
3170 4844 3281 4914 γὰρ
3310 4842 3418 4897 τῶν
3451 4843 3525 4913 μὴ
3545 4841 3712 4907 ἀξίως
3743 4839 3903 4910 μηδὲ

588 4932 694 4996 διά
737 4940 948 4996 πολλῶν
1000 4939 1108 4992 τῶν
1161 4938 1300 5009 ὑπὲρ
1356 4939 1559 5011 ἀρετῆς
1617 4938 1796 4993 πόνων
1846 4939 2502 5013 προπεπαιδευ[ο]μένων,
2550 4944 2678 5014 ῥᾷον
2727 4943 2803 5005 ὡς
2848 4941 3083 5005 ἀναξίων
3124 4941 3156 5010 ἡ
3203 4940 3364 5011 χάρις
3406 4933 3906 5006 καταφρονηθεῖσα

588 5037 984 5108 ἀποστήσεται.

587 5148 661 5202 35
751 5146 867 5201 Hoc
921 5162 1145 5216 namque
1169 5144 1359 5199 stabile
1382 5153 1483 5208 est,
1516 5146 1569 5197 in
1598 5161 1699 5216 quo
1733 5162 1875 5200 mem
1905 5145 2132 5199 multum

1179 5216 1456 5278 laboravit,
1485 5224 1594 5269 etc.

664 5323 821 5380 Dicto
848 5324 995 5395 quod
1044 5325 1164 5378 viro
1204 5324 1399 5380 melius
1456 5324 1549 5388 sit,
1603 5325 1648 5379 si
1677 5325 1850 5379 multo
1894 5324 2079 5378 labore
2112 5323 2180 5379 ad

589 5416 721 5471 boni
750 5416 1274 5480 considerationem,
1292 5417 1464 5469 multo
1488 5416 1682 5470 labore
1715 5415 2184 5471 adconservatio-

590 5523 715 5564 nem
769 5508 1043 5577 deveniat,
1087 5524 1310 5563 causam
1366 5509 1554 5565 statim
1607 5509 1882 5579 exposuit,
1933 5508 2175 5564 dicens:

592 5762 681 5809 est
735 5753 1122 5823 Homericum;
1165 5770 1307 5823 smpc
1354 5754 1684 5823 autmnihzec
1734 5754 1896 5807 verba
1937 5751 2175 5823 confun-

596 5824 822 5886 duntur,
858 5842 907 5875 v.
939 5822 1157 5885 Jacobs,
1192 5821 1257 5876 ad
1287 5823 1498 5876 Anthol.
1540 5822 1722 5876 Palat.
1754 5825 1807 5885 5,
1840 5825 1982 5883 609;
2018 5821 2174 5874 Wor-

596 5892 744 5948 uicit.
786 5894 853 5947 ad
887 5891 1186 5962 Tryphiod.
1220 5894 1305 5959 73,
1343 5893 1436 5964 qui
1484 5892 1651 5946 alium
1702 5892 1881 5949 locum
1915 5892 2169 5963 Gregorii

2293 5148 2364 5202 '55
2405 5145 2586 5200 Τοῦτο
2616 5143 2724 5215 γὰρ
2755 5142 3016 5213 ἔμπεδόν
3048 5143 3239 5205 ἐστιν,
3269 5140 3300 5193 ὃ
3326 5138 3474 5206 νοῦς
3506 5139 3674 5209 κάμε,
3694 5156 3747 5192 κ.
3769 5138 3906 5193 τ.λ.

2363 5322 2547 5376 Εἰπὼν
2580 5323 2662 5375 ὅτι
2698 5321 2909 5392 βέλτιόν
2948 5324 3094 5375 ἐστιν
3123 5320 3277 5390 ἀνδρὶ
3305 5318 3460 5388 κόπῳ
3498 5317 3596 5387 μὲν
3618 5317 3718 5387 τήν
3742 5315 3912 5369 θεω-

2293 5415 2413 5486 ρίαν
2447 5414 2632 5467 λαϐεῖν
2677 5413 2771 5466 τοῦ
2810 5412 3039 5481 ἀγαθοῦ,
3080 5412 3234 5481 κόπῳ
3271 5410 3327 5463 δὲ
3360 5409 3614 5478 φυλάξαι,
3651 5411 3750 5479 τὴν
3808 5410 3913 5461 ai-

2288 5506 2409 5560 τίαν
2440 5508 2718 5579 ἐπήγαγεν
2740 5506 2925 5569 εὐθὺς,
2946 5505 3104 5558 τοῦτο
3134 5506 3330 5574 λέγων,
3349 5508 3627 5581 Ἐμπεδόν
3639 5508 3783 5561 ἐστι.
3807 5500 3912 5572 se-

2262 5745 2619 5801 -Nazianzeni
2661 5743 2989 5801 emendavit.
3048 5751 3103 5799 ct
3146 5742 3446 5799 Wellauer.
3502 5740 3571 5796 ad
3622 5740 3916 5810 Apole

2283 5817 2462 5872 Rhod.
2498 5833 2579 5878 III,
2615 5816 2753 5880 855';
2790 5831 2861 5883 Iv,
2892 5815 3018 5869 474.

2354 5889 2465 5961 (~27)
2500 5887 2635 5943 Cod.
2683 5886 2810 5941 ὼόἐ.
