4186 6372
363 468 465 522 ῗΠ

1374 461 1439 516 IN
1463 460 1770 518 CARMINA
1796 460 2083 518 'ARCANA
2125 461 2183 518 S.
2223 459 2566 520 GREGORII.

3494 457 3598 516 7l3

363 589 515 642 ϐαιον
557 587 653 641 καὶ
691 586 893 660 ἀραρὸς
936 586 1029 640 καὶ
1065 587 1296 658 μόνιμον
1342 587 1404 640 τὸ
1455 587 1591 655 μετά
1633 586 1793 638 πόνου
1839 585 1931 639 καὶ

2037 587 2379 649 Ρἰιτιηιιιιιθει.
2401 585 2595 640 stabile
2623 589 2777 638 decet
2807 591 2860 637 et
2889 591 3155 654 perstans,
3185 581 3328 653 quod
3368 596 3491 636 cum
3520 580 3598 634 la-

361 681 533 735 κόπου
571 678 912 749 προσκτηθὲν
943 676 1018 747 τῷ
1058 676 1132 748 νῷ
1181 678 1275 730 καὶ
1320 677 1608 746 φυλαχθὲν,
1637 676 1826 747 ῶσπερ
1868 675 1931 728 τὸ

363 771 667 842 προχείρως
699 769 900 839 ληφθὲν
927 769 1397 840 εὐκαταφρόνητον
1425 769 1568 823 ἆπαν
1597 771 1690 822 καὶ
1729 768 1928 821 εὑαπό-

361 863 558 933 ϐλητον
585 861 926 914 καθίσταται.

840 958 1115 1011 -Πολλάκι
1142 956 1192 1011 δ’
1227 952 1371 1012 αὖτε

482 1028 754 1092 Ἐσθλοῦ,
790 1047 843 1083 κ,
873 1046 922 1083 τ.
961 1025 1032 1092 ἐξ.

432 1124 544 1194 (28)
557 1124 690 1177 Φασὶ
706 1116 794 1176 τὸν
811 1124 1018 1183 λέοντα,
1036 1125 1093 1175 ὲν
1108 1123 1226 1194 ὥρᾳ
1250 1121 1525 1191 βαδίζοντα
1541 1125 1820 1194 χειμῶνος,
1843 1124 1932 1176 καὶ

363 1215 465 1277 τὰς
503 1213 612 1267 τῶν
655 1215 930 1286 θηρευτῶν
981 1215 1250 1278 ἐπιθέσεις
1283 1217 1639 1286 διαφεύγοντα
1665 1258 1680 1281 ,
1708 1220 1786 1288 τῷ
1837 1220 1930 1271 οὑ-

369 1308 504 1379 ραίῳ
539 1307 607 1361 τά
650 1308 768 1378 ἷχνη
802 1306 911 1360 τῶν
940 1308 1152 1360 οἰκείων
1203 1309 1377 1361 ποδῶν
1431 1309 1816 1362 ὲπικαλύπτειν
1861 1314 1927 1382 τῇ

365 1399 501 1468 χιόνι
535 1416 547 1429 ο
578 1398 791 1451 τοιοῦτό
818 1417 871 1451 τι
902 1398 1177 1452 κάνταῦθα.
1217 1399 1306 1451 τὸν
1350 1397 1593 1453 διάϐολον
1623 1401 1754 1471 δρᾷν
1786 1402 1813 1452 ὁ
1848 1400 1929 1453 δι-

362 1489 625 1554 δάσκαλός
647 1499 833 1560 φησιν,
859 1492 941 1543 ὅτι
975 1491 1234 1554 πολλάκις
1266 1490 1470 1559 ἀγαθοῦ
1499 1493 1590 1545 κα)⁸
1617 1491 1784 1546 κακοῦ
1816 1493 1933 1546 διά-

364 1597 545 1650 κρισιν
599 1581 656 1632 ὲν
709 1580 916 1650 διανοίᾳ
969 1581 1157 1652 ἀνδρὸς
1208 1581 1462 1644 εὐσεϐοῦς
1507 1585 1933 1650 ὑποφανεῖσανό

376 1670 600 1740 Ἐχθρὸς
632 1671 986 1740 πανουργίαις
1018 1671 1137 1740 ἴχνη
1171 1671 1374 1740 βάλλων
1400 1673 1486 1724 ἐπ’
1527 1674 1728 1741 ἴχνεσιν
1756 1673 1934 1742 ἠμαύ-

367 1775 528 1830 ρωσε,
579 1761 670 1813 καὶ
716 1759 993 1831 λογισμοῖς
1047 1762 1320 1832 σαρκίνοις
1353 1762 1475 1825 τοὺς
1529 1767 1933 1834 πνευματικοὺς

366 1853 668 1923 κακουργίᾳ
698 1853 1277 1923 παρακαλυπτόμενος,
1317 1853 1407 1906 τὸν
1440 1853 1532 1906 τοῦ
1569 1855 1772 1923 ἀγαθοῦ
1799 1855 1932 1908 θεω-

365 1941 458 2012 ρὸν
495 1943 782 2014 ἀποπλανᾷ
815 1961 828 1972 ⁸
850 1944 942 1996 καὶ
973 1945 1004 2013 ἠ
1037 1942 1135 2013 μὲν
1161 1943 1295 2014 σάρξ
1328 1945 1448 2014 ἐμοὶ
1482 1945 1621 1999 κατὰ
1640 1945 1738 2016 τὴν
1764 1947 1932 2018 αὐτῆς

363 2031 524 2102 φύσιν
550 2035 616 2086 τὰ
636 2034 732 2104 τῆς
756 2033 958 2104 σαρκὸς
981 2033 1138 2086 ἐπιθυ
1148 2037 1254 2104 μεῖ,
1279 2035 1312 2104 ή
1339 2035 1523 2105 ἐντολὴ
1549 2034 1604 2087 δὲ
1633 2053 1930 2106 πνευματι-

363 2124 433 2196 κὴ
473 2121 604 2179 οῦσα
630 2126 698 2178 τὰ
739 2125 832 2178 τοῦ
871 2125 1172 2196 πνεύματος
1213 2127 1688 2195 ὑπαγορεύει,καὶ
1728 2128 1788 2180 τὸ
1835 2129 1929 2182 τοῦ

361 2215 496 2268 Θεοῦ
527 2215 734 2285 θέλημα
786 2214 1213 2285 παρακελεύεται
1256 2231 1269 2244 °
1295 2215 1420 2268 ἄλλο
1447 2215 1490 2266 δ’
1525 2218 1552 2267 ό
1581 2215 1770 2282 φθόνος
1803 2218 1934 2270 ὑπο-

361 2307 568 2361 τίθεται
590 2309 681 2362 τοῦ
711 2308 1116 2379 Πονηροῦ,ἀλλο
1142 2307 1185 2360 δ’
1203 2307 1274 2358 ἔτι
1310 2307 1444 2378 πρὸς
1473 2310 1584 2371 τοῖς
1623 2309 1934 2379 εἰρημένοις

361 2400 506 2470 τρισὶ
540 2400 723 2469 νόμοις
758 2401 785 2452 ὁ
813 2398 944 2452 αἰὼν
975 2400 1067 2452 καὶ
1090 2403 1122 2468 ἡ
1154 2397 1418 2469 πρόληψις
1448 2398 1540 2451 τοῦ
1588 2398 1932 2470 ἀνθρωπίνου

362 2490 654 2544 ὑποϐάλλει
693 2491 974 2561 λογισμοῦ.
1017 2509 1035 2542 ι
1077 2491 1253 2561 Ἔρδω
1293 2490 1338 2541 δ’
1384 2491 1412 2542 ὅ
1453 2488 1695 2559 στυγέω·
1744 2511 1761 2542 ι
1793 2491 1934 2545 καθά

362 2601 526 2653 φησιν
556 2584 584 2636 ὁ
620 2583 966 2646 Ἀπόστολος·
989 2585 1071 2635 Οὐ
1098 2583 1205 2650 γὰρ
1226 2583 1256 2635 ὂ
1275 2584 1426 2636 θέλω
1457 2583 1632 2636 τοῦτο
1659 2583 1931 2651 πράσσω,

359 2663 496 2729 ἀλλ’
533 2674 563 2728 ὃ
591 2676 751 2744 μισῶ
787 2674 960 2728 τοῦτο
1001 2673 1298 2740 πολλάκις
1329 2674 1428 2728 καὶ
1453 2675 1601 2729 ποιῶ
1631 2693 1642 2706 ·
1667 2676 1759 2729 καὶ
1790 2675 1818 2728 δ
1859 2676 1934 2738 ὼς

360 2766 618 2838 ἀθέμιτον
666 2767 698 2837 ἦ
748 2763 928 2820 ἄδικον
983 2765 1276 2834 ἀποστυγῶ
1304 2805 1318 2829 ,
1359 2769 1426 2838 τῇ
1481 2767 1755 2839 φιληδονίᾳ
1791 2768 1823 2838 ἢ
1855 2768 1932 2837 τῷ

363 2859 542 2928 φθόνῳ
575 2858 668 2910 τοῦ
699 2857 940 2929 Πονηροῦ
970 2858 1375 2928 κατεργάζομαι
1412 2857 1804 2928 κλεπτόμενος,
1843 2861 1936 2912 καὶ

361 2951 684 3021 ὲνηδύνομαι
713 2953 823 3012 τοῖς
849 2953 1037 3012 κακοῖς
1068 2951 1158 3002 καὶ
1180 2949 1321 3016 γελῶ
1349 2949 1438 3001 τὸν
1466 2950 1597 3019 ἐμὸν
1627 2950 1791 3020 μόρον
1821 2954 1937 3014 τοῖς

363 3044 550 3114 μέλεσι
591 3035 702 3104 τοῖς
742 3043 894 3112 ἐμοῖς
928 3039 1270 3112 ἐνιδρυμένον
1291 3081 1305 3104 ,
1338 3041 1480 3109 γελῶ
1511 3041 1720 3109 γέλωτα
1761 3043 1934 3112 κακῆς

362 3135 795 3206 πεπληρωμένον
837 3135 1008 3204 χαρᾶς
1038 3133 1131 3186 καὶ
1171 3129 1281 3185 οἷον
1313 3135 1346 3203 ἡ
1381 3133 1648 3204 παροιμία
1669 3134 1814 3201 λέγει
1843 3134 1934 3187 τὸν

364 3230 646 3301 σαρδάνιον
683 3245 696 3258 ·
732 3229 845 3280 ἔστι
877 3227 981 3298 γὰρ
1028 3227 1122 3278 καὶ
1155 3225 1382 3288 θάνατος
1413 3225 1542 3295 ἡδὺς
1590 3227 1623 3296 ἡ
1669 3226 1932 3296 ἁμαρτία.

361 3327 423 3377 Οί
443 3324 569 3393 γοῦν
597 3319 696 3395 τῆς
725 3323 917 3391 στενῆς
946 3319 1064 3373 όδοῦ
1087 3321 1179 3372 καὶ
1204 3319 1338 3390 πρὸς
1376 3319 1546 3388 βραχὺ
1570 3319 1934 3389 τεθλιμμένης

359 3416 700 3476 ἐκκλίνοντες
741 3413 800 3465 τὸ
840 3412 1018 3482 ἀηδὲς,
1063 3411 1159 3480 τὴν
1199 3411 1457 3462 πλατεῖαν
1492 3410 1667 3461 δὲκαὶ
1697 3409 1936 3480 εὐρύχω-

363 3525 456 3578 ρον
509 3499 850 3576 ἀνθελόμενοι
899 3502 996 3572 τῆς
1026 3501 1236 3571 ἡδονῆς,
1267 3503 1364 3570 τῆς
1408 3499 1576 3562 ὅντως
1612 3500 1709 3569 μὲν
1760 3499 1933 3569 ζωῆς·

362 3592 746 3666 ὦλισθηκότες,
784 3595 917 3665 πρὸς
946 3594 1043 3663 τὴν
1072 3591 1344 3645 ἀπώλειαν
1375 3590 1432 3642 δὲ
1467 3590 1673 3644 ἑαυτῶν
1705 3591 1936 3659 αὑτομο-

362 3689 602 3751 λοῦντες,
649 3687 986 3757 κακόχαρτον
1009 3684 1216 3752 γέλωτα
1245 3683 1462 3751 γελῶσι,
1496 3683 1588 3735 καὶ
1624 3681 1701 3753 τῷ
1727 3683 1936 3735 ἑαυτῶν

363 3780 576 3850 θανάτῳ
622 3775 1006 3850 ὲφηδυνόμενοι
1038 3774 1469 3845 ἀναισθητοῦσιν.
1510 3793 1527 3824 ι
1560 3772 1673 3826 Νῦν
1723 3773 1935 3843 χθαμα-

361 3872 470 3939 λὸς,
489 3893 504 3926 ι
526 3891 578 3926 κ.
611 3891 660 3924 τ.
693 3871 769 3937 ἐξ.
801 3870 898 3922 Διὰ
930 3869 1133 3922 τούτων
1153 3868 1209 3920 δὲ
1234 3867 1561 3937 σαφέστερον
1585 3866 1690 3919 τῶν
1711 3867 1936 3934 ὑποκρι-

360 3964 472 4017 τῶν
497 3963 558 4016 τὺ
588 3961 841 4015 ἀϐέϐαιον
867 3959 1236 4029 ἐπιμέμφεται
1274 3959 1366 4011 καὶ⁹
1400 3955 1936 4020 άκατάστατον,Νῦν,

362 4050 557 4120 λέγων,
582 4049 857 4121 χθαμαλός
903 4065 986 4110 τις
1027 4046 1390 4118 ὑποκρίνομαι
1419 4048 1512 4100 καὶ
1551 4046 1820 4110 ταπεινὸς,
1847 4045 1942 4098 νῦν

2029 675 2159 729 bore
2189 684 2242 730 et
2266 675 2577 746 fatigatione
2601 673 2840 743 possedit
2867 674 3095 743 spiritus
3129 682 3183 727 et
3210 670 3424 730 t'utavit.
3466 670 3594 722 dum

2027 779 2189 818 omne
2239 766 2383 834 quod
2452 763 2685 818 faciliter
2736 762 3127 830 consequimur
3188 757 3596 827 contemptibile

2027 856 2326 910 aestimatur
2367 864 2421 910 et
2442 853 2864 925 dedignandum.
2913 872 2930 902 ι
2963 851 3114 921 Saepe
3151 852 3346 904 iterum
3382 850 3532 911 boni,
3570 867 3589 898 ι

2029 956 2084 1002 et
2106 964 2221 1018 seq.
2244 946 2480 1001 Narrant
2507 948 2717 1002 leonem
2750 946 2927 1000 hieme
2967 944 3332 997 ambulantem
3357 951 3410 996 et
3437 955 3596 994 vena-

2029 1046 2207 1093 torum
2232 1039 2606 1109 aggressiones
2651 1037 2946 1108 fugientem
2982 1036 3155 1089 cauda
3188 1034 3387 1104 pedum
3423 1033 3593 1088 vesti-

2030 1131 2116 1201 gia
2146 1146 2368 1185 suorum
2397 1131 2518 1185 nive
2552 1130 2934 1200 supervestire,
2978 1127 3158 1182 simile
3185 1125 3386 1196 aliquid
3427 1135 3481 1180 et
3520 1125 3595 1178 ibi

2031 1237 2191 1290 agere
2219 1221 2492 1275 diabolum
2517 1221 2650 1275 dicit
2682 1221 2979 1289 magister;
3038 1233 3180 1287 saepe
3208 1218 3336 1271 boni
3375 1226 3430 1272 et
3467 1219 3596 1271 mali

2031 1312 2504 1367 distinctionemin
2530 1312 2602 1382 pii
2633 1311 2732 1364 viri
2765 1321 2943 1363 mente
2975 1310 3178 1362 claram
3218 1307 3476 1362 Inimicus
3499 1308 3599 1360 fal-

2033 1402 2186 1457 laciis
2209 1403 2432 1472 vestigia
2466 1402 2709 1471 vestigiis
2733 1401 2987 1469 operiens
3008 1399 3315 1453 obseuravit
3348 1405 3402 1451 et
3433 1399 3593 1450 ratin-

2032 1494 2191 1548 ciniis
2213 1493 2523 1548 carnalibus
2542 1492 2845 1562 spiritualia
2865 1491 3134 1544 malitiose
3154 1489 3493 1558 conperiens,
3509 1503 3600 1541 co~

2032 1585 2324 1654 gnitionem
2355 1585 2481 1638 boni
2505 1584 2831 1649 conturbat;
2870 1581 3154 1651 etquidem
3180 1595 3306 1634 caro
3331 1581 3382 1633 in
3409 1595 3495 1634 me
3521 1595 3604 1634 se-

2033 1675 2271 1728 cundum
2307 1676 2480 1744 ipsius
2514 1682 2763 1728 naturam
2795 1690 2915 1743 quae
2960 1680 3088 1728 sunt
3116 1672 3300 1726 carnis
3335 1673 3600 1741 concupi-

2034 1767 2166 1831 scit;
2200 1775 2524 1835 praeceptum
2555 1773 2735 1819 autem
2765 1765 2961 1834 quippe
2991 1765 3136 1834 quod
3166 1763 3448 1833 spirituale
3480 1777 3601 1831 quae

2034 1857 2335 1926 Spiritualia
2358 1858 2675 1927 suntjubet,
2697 1869 2752 1912 et
2779 1858 2844 1911 ad
2865 1857 3196 1910 voluntatem
3219 1856 3312 1911 Dei
3343 1857 3599 1926 impellit;

2034 1947 2178 2001 aliud
2198 1948 2399 2002 invidia
2433 1948 2623 2004 suadet
2657 1949 2785 2001 mali
2835 1956 2889 2001 et
2925 1949 3067 2000 ultra
3093 1956 3206 2002 tres
3238 1947 3413 2002 dict:s
3458 1950 3602 2019 leges

2032 2041 2332 2103 aeternitas,
2376 2047 2430 2094 et
2460 2039 2836 2110 prtejudicium
2887 2039 3112 2092 humani
3169 2039 3440 2092 ratiocinii
3471 2056 3601 2110 sup-

2033 2131 2206 2199 ponit.
2255 2148 2272 2180 ι
2302 2130 2458 2196 Quod
2491 2131 2606 2195 odi,
2648 2130 2815 2194 facio,
2843 2149 2861 2180 ι
2899 2138 3061 2199 prout
3109 2131 3240 2184 dicit
3267 2130 3598 2200 Apostolus;

2051 2222 2197 2277 «Non
2211 2225 2511 2297 enimquod
2526 2222 2816 2289 volojllud
2851 2221 3007 2285 facio,
3039 2221 3132 2275 sed
3156 2223 3300 2291 quod
3331 2223 3442 2288 odi,
3468 2222 3602 2276 illud

2034 2328 2179 2382 sazpe
2210 2311 2470 2377 facio,iet
2505 2313 2649 2384 quod
2669 2321 2928 2380 tanquam
2965 2313 3230 2382 injustum
3265 2321 3320 2367 et
3355 2314 3601 2384 iniquum

2034 2401 2298 2464 detestor,
2330 2401 2607 2470 voluptate
2653 2408 2746 2455 aut
2788 2402 2991 2455 invidia
3028 2401 3154 2456 Mali
3178 2403 3440 2472 deceptus
3463 2404 3604 2458 facio

2035 2501 2089 2547 et
2125 2493 2179 2547 in
2212 2492 2368 2548 malis
2400 2493 2660 2556 delector,
2693 2500 2748 2545 et
2778 2491 2926 2546 rideo
2956 2493 3024 2547 de
3063 2501 3236 2546 morte
3277 2499 3393 2547 mea
3431 2509 3603 2548 mem-

2034 2587 2148 2640 bris
2184 2586 2320 2639 meis
2351 2585 2538 2642 insita,
2579 2583 2731 2636 rideo
2780 2583 2950 2638 risum
3000 2585 3251 2653 pessima:
3291 2584 3603 2640 redundan-

2035 2686 2142 2732 tem
2169 2678 2404 2742 laetitiae,-
2428 2677 2643 2746 qualem
2674 2678 3024 2746 proverbium
3062 2676 3196 2730 dicit
3239 2677 3556 2731 sardonium
3586 2697 3601 2744 ;

2037 2784 2161 2823 nam
2192 2777 2475 2840 peccatum
2513 2783 2660 2822 mors
2693 2773 2776 2821 est
2805 2768 3052 2836 quaadam
3081 2768 3345 2836 jucunda.
3371 2767 3435 2822 lli
3475 2785 3605 2838 ergo

2035 2860 2127 2931 qui
2165 2862 2232 2915 ab
2261 2868 2502 2931 angusta:
2552 2861 2652 2914 viae
2683 2868 2736 2914 et
2788 2861 3188 2930 aliquantisper
3237 2869 3404 2914 arcta:
3459 2863 3604 2929 inju-

2034 2951 2215 3008 cundo
2242 2967 2302 3008 se
2337 2951 2644 3019 retrahunt,
2675 2954 2981 3022 ‘spatiosam
3025 2954 3320 3022 voluptatis
3355 2964 3405 3008 et
3438 2954 3604 3007 latam

2037 3046 2179 3098 viam
2208 3053 2626 3113 anteponentes,
2683 3045 2863 3114 reipsa
2892 3060 2921 3098 a
2958 3045 3066 3097 vita
3099 3045 3359 3098 cadentes
3396 3045 3463 3099 de
3509 3062 3606 3102 sua

2042 3139 2284 3208 ipsorum
2316 3137 2555 3206 pernicie
2582 3135 2884 3206 transfuga:
2928 3135 3163 3191 in'felicis
3204 3139 3385 3208 gaudii
3435 3139 3606 3192 risum

2039 3227 2221 3281 rident
2251 3233 2303 3280 et
2335 3226 2385 3277 in
2413 3225 2632 3294 propria
2664 3236 2839 3279 morte
2883 3240 2982 3280 sua
3017 3227 3268 3280 lretantur
3310 3243 3472 3283 sensu
3517 3243 3610 3282 ca-

2039 3326 2244 3372 rentes.
2282 3337 2300 3368 ι
2334 3311 2471 3370 Tum
2507 3318 2656 3370 humi
2701 3317 2971 3386 abiectus,
3014 3338 3031 3370 ι
3061 3327 3113 3372 et
3137 3334 3252 3387 seq.
3278 3318 3376 3374 His
3429 3322 3610 3375 verbis

2043 3411 2302 3472 lucidius,
2335 3410 2490 3480 quasi
2525 3409 2895 3464 comcedorum
2957 3411 3209 3465 instabile
3248 3420 3303 3466 et
3331 3413 3612 3468 inordina-

2043 3510 2155 3555 tum
2184 3500 2391 3571 arguit;
2417 3501 2575 3560 Tum,
2607 3500 2702 3562 ait,
2745 3500 2895 3554 humi
2937 3500 3182 3568 abjectus
3212 3511 3265 3556 et
3291 3504 3438 3566 vilis,
3496 3513 3611 3558 tum

2041 3594 2239 3647 iterum
2272 3600 2490 3646 erectus
2523 3601 2575 3645 et
2617 3593 2821 3656 celsus,
2861 3593 3022 3648 hodie
3051 3596 3416 3664 arrogantiam
3441 3607 3493 3651 et
3524 3612 3614 3650 ar-

2041 3691 2297 3753 rogantes
2328 3693 2684 3736 contemnens
2707 3694 2760 3737 et
2790 3682 3118 3752 deprimens,
3145 3700 3269 3740 cras
3299 3685 3413 3754 ipse
3452 3701 3609 3740 arro—

2042 3789 2174 3844 gans
2191 3780 2244 3827 et
2278 3772 2676 3835 venditator,et
2705 3773 2846 3827 alius
2881 3774 3003 3827 aliis
3051 3774 3104 3828 in
3149 3777 3486 3844 temporibus
3516 3794 3612 3847 ap-

2044 3874 2263 3928 parens,
2298 3859 2619 3927 polyporum
2654 3867 2903 3910 naturam
2935 3857 3141 3918 imitor,
3178 3860 3272 3928 qui
3300 3859 3368 3913 ad
3400 3868 3610 3929 petram

2045 3952 2134 4004 cui
2175 3949 2453 4003 adhaerent
2492 3950 2729 4003 colorem
2771 3949 3252 4006 accommodantes
3293 3953 3616 4021 perquiren-

2050 4051 2156 4097 tem
2189 4041 2492 4110 decipiunt.

360 4144 420 4198 δὲ
469 4143 628 4198 πάλιν
665 4143 938 4214 μετέωρος
975 4142 1068 4196 καὶ
1095 4141 1324 4212 ὑψηλὸς,
1359 4142 1596 4212 σήμερον
1630 4141 1728 4212 τὴν
1779 4139 1934 4210 ὓϐριν
1973 4138 2067 4191 καὶ
2104 4138 2227 4200 τοὺς
2250 4134 2506 4205 ὑϐριστὰς
2545 4134 2754 4206 ἀτιμῶν
2787 4135 2878 4187 καὶ
2912 4135 3200 4206 διασύρων,
3243 4136 3427 4208 αῦριον
3455 4140 3617 4202 αὐτὸς

364 4237 622 4306 ὑϐριστὴς
649 4235 995 4306 δεικνύμενος
1028 4235 1118 4288 καὶ
1143 4231 1375 4295 ἀλαζὼν,
1408 4235 1501 4286 καὶ
1537 4233 1694 4296 ἄλλος
1722 4235 1778 4285 ἐν
1810 4232 1988 4294 ἄλλοις
2025 4228 2297 4301 ὁρώμενος
2335 4231 2545 4298 καιροῖς
2577 4227 2717 4280 κατὰ
2745 4229 2841 4298 τὴν
2871 4229 2980 4281 τῶν
3009 4229 3319 4283 πολυπόδων
3357 4231 3614 4302 ἰδιότητα,

361 4330 411 4380 οἳ
441 4329 574 4400 πρὸς
603 4330 702 4399 τὴν
733 4329 1142 4399 παρακειμένην
1176 4327 1358 4389 αὑτοῖς
1397 4325 1600 4398 πέτραν
1633 4325 1728 4396 τὴν
1759 4323 1947 4396 χροιὰν
1980 4321 2401 4394 μεταϐάλλοντες
2419 4321 2478 4373 τὸ
2505 4319 2734 4390 θηρεῦον
2763 4320 3158 4389 διαφεύγουσιν.

363 4455 434 4509 45
468 4454 702 4524 Διίκρυα
749 4454 930 4524 θερμὰ
979 4455 1164 4525 χέωνο
1215 4455 1252 4521 ἠ
1409 4455 1480 4506 οὐ
1527 4453 1902 4525 σςυνέρευᾳεν

1320 4521 1624 4596 [ἀμαρτάς,
1652 4540 1703 4574 κ.
1732 4531 1780 4573 τ.
1811 4523 1859 4574 λ.

436 4656 554 4706 ’Ἔτι
595 4655 687 4707 καὶ
727 4653 814 4707 διά
855 4653 962 4706 τῶν
1001 4653 1374 4723 προκειμένων
1432 4652 1636 4704 τούτων
1695 4650 1843 4704 ἐπῶν
1876 4651 1938 4703 τὸ

363 4747 694 4818 παλίμϐολον
723 4747 814 4799 καὶ
864 4747 1145 4818 ἀνίδρυτον
1172 4745 1435 4813 διελέγχει
1460 4744 1566 4795 τῶν
1603 4742 1934 4812 ὑποκριτῶν.

363 4843 472 4894 Καὶ
518 4842 626 4910 γάρ
670 4856 799 4892 ποτε
846 4839 942 4908 μὲν
989 4837 1220 4907 δάκρυον
1271 4835 1422 4906 ἐχεον
1464 4834 1524 4899 ἐξ
1556 4833 1867 4904 ὀφθαλμῶν,
1902 4834 1935 4902 ἡ

359 4933 682 5003 ἁμαρτάςδὲ
710 4930 858 5001 αὐτῷ
872 4931 931 4984 οὐ
957 4930 1394 5001 συνεξέῤῥευσεν,
1415 4928 1600 4990 ἄλλαις
1629 4927 1686 4979 δὲ
1721 4926 1940 4995 ἀμπλα-

359 5028 508 5090 κίαις
532 5025 768 5095 συνεχῶς
797 5022 1213 5094 ὲνεργουμέναις
1235 5021 1364 5075 ἄλλα
1398 5020 1610 5090 δάκρυα
1629 5018 1775 5071 ἔνδον
1811 5035 1936 5069 συν-

360 5119 566 5188 αγείρω
606 5134 618 5146 ·
645 5118 743 5186 τῆς
782 5115 888 5185 γὰρ
919 5113 1182 5183 συνήθους
1236 5111 1557 5183 προλήψεως
1596 5110 1705 5162 τῶν
1753 5109 1937 5161 κακῶν

357 5212 457 5261 οὑκ
487 5210 874 5276 ἀφιστάμενος,
901 5206 1020 5275 είκῆ
1049 5205 1117 5258 τά
1161 5204 1428 5274 φάρμακα
1465 5202 1563 5268 τῆς
1595 5201 1788 5262 ἰάσεως
1815 5197 1938 5250 ἐκέ-

358 5320 505 5354 νωσα
536 5318 551 5332 ο
580 5301 740 5354 πάλιν
760 5317 773 5329 ·
806 5301 884 5369 Τῇ
920 5298 1083 5369 σαρκὶ
1129 5298 1225 5366 μὲν
1257 5293 1611 5364 παρθενεύειν
1650 5309 1740 5361 μοι
1775 5289 1934 5353 δοκῶ,

357 5392 632 5461 γυναικῶν
667 5391 946 5451 συνουσίας
987 5388 1340 5457 ἀπεχόμενος,
1364 5385 1424 5436 οὑ
1459 5383 1605 5454 μάλα
1641 5383 1719 5448 δὲ,
1751 5382 1935 5453 φησὶν,

359 5482 495 5547 οἶδα,
531 5487 579 5538 εἰ
608 5485 702 5537 καὶ
728 5485 864 5554 αὑτῇ
896 5485 962 5552 τῇ
999 5480 1237 5549 διανοίᾳ.⁹
1273 5478 1434 5531 πάλιν
1454 5493 1466 5506 ·
1499 5474 1668 5537 Αἰδὼς
1701 5473 1937 5544 ὑποδρα-

363 5579 537 5649 μοῦσα
567 5577 806 5640 εὐλαϐῶς
834 5576 979 5628 ἔστιν
1007 5575 1093 5627 ὅτε
1142 5571 1298 5643 μύειν
1328 5569 1580 5623 ἀνέπεισε
1603 5567 1699 5637 τὴν
1724 5567 1934 5636 ὅρασιν,

358 5671 480 5733 νοῦς
514 5671 568 5722 δὲ
609 5670 884 5724 ἀνανεύων
926 5666 1064 5736 μετά
1107 5663 1299 5735 μικρὸν
1338 5661 1625 5714 ἀνένευσεν
1665 5657 1895 5719 ἀναιδῶς
1919 5673 1931 5685 ·

361 5764 456 5819 καὶ
489 5763 623 5832 πρὸς
651 5762 748 5831 τὴν
772 5761 880 5813 τῶν
916 5758 1210 5828 ἀλλοτρίων
1248 5755 1343 5826 μὲν
1374 5750 1699 5822 ἁμαρτάδων
1731 5748 1934 5818 ἀκρόα-

430 5901 542 5971 (~18:
581 5901 625 5954 A
649 5916 756 5972 quo
787 5899 1053 5970 scriptore
1089 5897 1200 5953 hch
1226 5893 1422 5950 tradita
1455 5891 1564 5948 sint
1600 5889 1803 5945 nescio.

2041 4450 2110 4504 45
2138 4448 2341 4503 Calidae
2389 4449 2563 4517 ﬂuunt
2610 4463 2674 4500 ea:
2721 4449 2888 4502 oculis
2937 4451 3218 4516 lacrymw,
3273 4465 3375 4502 non
3437 4467 3622 4518 pecca-

3261 4518 3414 4590 [tum,
3441 4532 3546 4575 etc.

2111 4645 2190 4698 Ad
2230 4645 2333 4699 hoc
2373 4652 2426 4699 et
2468 4659 2564 4714 per
2599 4659 2762 4714 supra
2793 4644 2969 4713 posita
3010 4645 3255 4697 carmina
3297 4646 3398 4699 ista
3446 4647 3619 4701 iusta-

2040 4737 2150 4791 bile
2179 4746 2232 4791 et
2272 4737 2598 4789 inconstans
2627 4737 2808 4803 arguit
2855 4734 3133 4788 hominum
3166 4737 3430 4791 comoedis
3465 4739 3622 4791 simi-

2039 4827 2174 4880 lium
2208 4841 2221 4876 :
2257 4841 2382 4880 nam
2424 4825 2721 4896 aliquando
2749 4827 3017 4896 Iacrymas
3057 4826 3348 4881 fundebant
3395 4844 3456 4880 ex
3491 4844 3623 4881 omi-

2041 4920 2136 4986 lis,
2187 4935 2290 4974 nec
2340 4934 2447 4973 una
2499 4934 2624 4972 cum
2673 4918 2794 4973 istis
2842 4928 3125 4987 peccatum
3176 4919 3547 4984 auferebatur,
3590 4937 3621 4976 e

2041 5020 2232 5064 contra
2261 5009 2384 5064 aliis
2411 5009 2676 5062 continuo
2703 5009 3018 5063 commissis
3061 5009 3237 5078 culpis
3268 5011 3496 5064 aliarum
3543 5014 3621 5064 la-

2039 5114 2352 5170 crymarum
2399 5099 2546 5152 intus
2572 5113 2766 5151 causas
2796 5113 3063 5152 coacervo
3091 5118 3102 5152 :
3149 5101 3241 5168 qui
3275 5101 3434 5154 solita
3483 5116 3622 5171 pra:-

2017 5193 2351 5261 ,sumptione
2394 5192 2661 5244 malorum
2711 5205 2817 5243 non
2877 5189 3327 5261 abstinens.quaa
3377 5194 3618 5248 remedia

2037 5283 2308 5336 sanatioui
2347 5297 2471 5336 esse
2501 5280 2794 5345 debebant,
2824 5282 3033 5336 nullius
3081 5297 3205 5337 esse
3237 5282 3337 5338 feci
3366 5283 3613 5339 effectus.

2038 5373 2472 5431 lterumztlarne
2512 5370 2746 5437 virginis
2798 5372 2972 5424 instar
2997 5371 3182 5425 vivere
3225 5371 3358 5425 mihi
3405 5374 3611 5435 videor,

2037 5467 2323 5520 continens
2378 5464 2633 5518 mulieres
2683 5480 2791 5517 non
2837 5478 3130 5532 cognosco,
3179 5465 3270 5532 qui
3319 5480 3428 5518 non
3483 5466 3605 5519 ideo

2038 5557 2212 5628 magis
2235 5556 2381 5622 novi,
2415 5555 2613 5624 inquit,
2648 5555 2691 5608 si
2724 5563 2778 5610 et
2805 5557 2921 5624 ipso
2949 5555 3113 5609 corde
3138 5556 3219 5609 sic
3249 5556 3468 5625 gloriari
3507 5573 3615 5612 iue-

2035 5651 2142 5704 rito
2168 5649 2396 5719 possim.
2429 5647 2626 5703 lterum
2656 5666 2669 5700 :
2699 5647 2961 5702 Modestia
2995 5647 3079 5716 pie
3108 5663 3401 5703 accurrens
3425 5650 3604 5705 locum

2039 5745 2199 5800 habet
2241 5741 2543 5811 suadetque
2590 5741 2779 5795 oculos
2819 5740 3054 5810 dejicere
3094 5751 3145 5794 ct
3203 5749 3322 5811 post
3365 5742 3622 5811 pusiilum
