4182 6362
544 529 652 585 τιν

546 648 766 703 animus
790 661 957 719 supra
980 645 1211 718 erigitur
1239 652 1293 702 et
1327 644 1674 717 impudenter
1705 644 1761 700 in
1789 644 1960 699 altum
1984 645 2125 715 ιπερὶ-

545 740 647 794 cit.
700 740 766 795 Et
811 739 1048 794 aliorum
1093 737 1389 792 auditurus
1436 737 1628 807 culpas
1666 736 1856 793 solerti
1899 736 2127 802 auditu,

548 831 839 888 emissitiis
888 831 1068 885 ocul-is
1109 843 1237 884 cum
1262 828 1390 892 sim,
1414 828 1482 882 ad
1522 842 1767 883 mearum
1813 827 2131 885 considera-

549 924 753 977 tionem
782 922 1070 977 immemor
1097 936 1220 978 sum
1247 930 1303 975 et
1331 922 1679 978 tenebrosus.
1717 919 1784 974 Et
1825 919 2006 975 adhuc
2039 920 2133 975 ite-

549 1027 674 1067 rum
717 1032 731 1069 :
771 1013 1024 1070 Caelestis
1066 1014 1122 1067 in
1171 1013 1520 1069 sermonibus
1556 1022 1612 1069 et
1666 1012 1967 1085 grandibus
2010 1028 2131 1067 ver-

548 1105 658 1171 bis,
690 1118 871 1161 mente
898 1115 952 1162 ct
977 1107 1406 1178 cogitationibus
1445 1116 1602 1178 repto
1628 1116 1901 1162 terrenus.
1941 1126 1960 1157 ι
1996 1105 2129 1160 Sum

550 1198 774 1254 sedatus
794 1207 848 1254 et
865 1213 1127 1265 serenus;
1155 1218 1173 1251 ι
1203 1214 1434 1255 serenus
1455 1215 1556 1268 ego
1577 1198 1798 1269 quando
1816 1197 2131 1253 moderatus

550 1297 606 1344 et
628 1290 814 1345 suavis
849 1289 1167 1346 hominibus
1196 1303 1454 1359 appareo,
1487 1288 1652 1343 flante
1683 1297 1864 1343 autem
1903 1287 1992 1341 vel
2034 1301 2132 1357 pa-

550 1395 676 1435 rum
706 1395 876 1451 parva
914 1379 983 1436 de
1018 1394 1190 1437 causa
1237 1381 1344 1445 ira,
1376 1381 1520 1437 sicut
1567 1395 1717 1435 mare
1760 1378 2019 1435 fluctibus
2048 1380 2133 1433 in-

552 1470 801 1535 ﬂatus,et
836 1471 1160 1541 allligentem
1190 1478 1406 1528 tumore
1442 1471 1729 1527 autetiam
1763 1471 2020 1527 manibus
2049 1470 2133 1524 al-

554 1573 713 1620 terna
741 1562 864 1619 vice
900 1563 1140 1636 allligere
1175 1572 1329 1635 opto,
1366 1579 1466 1619 nec
1494 1564 1649 1635 prius
1679 1562 1914 1619 sedabor
1953 1579 1983 1618 a
2016 1577 2135 1618 mo-

554 1657 707 1712 tibus
738 1655 873 1727 quin
914 1656 996 1711 ira
1027 1655 1216 1711 sedata
1246 1656 1318 1713 sit
1356 1665 1411 1711 et
1449 1656 1771 1719 cessaverit,
1805 1655 2027 1727 quando
2055 1663 2136 1710 tu-

553 1761 709 1803 more
736 1762 857 1817 qua:
887 1745 1155 1801 aestuabat
1187 1753 1591 1813 consummato,
1626 1746 1761 1800 nihil
1795 1746 1995 1800 mirum
2021 1746 2129 1803 erit

553 1838 602 1894 si
629 1839 1009 1910 exstinguatur
1036 1836 1413 1892 inflammatio.

553 1930 623 2002 56
656 1930 806 2002 ξαιρε
832 1931 994 2002 etiam
1018 1939 1155 1984 recte
1170 1938 1468 2002 currentem
1490 1945 1610 1982 cum
1633 1944 1722 1998 spe
1754 1930 1954 2002 optima

550 2001 620 2056 57
653 2000 721 2055 Et
745 1999 860 2069 iam
886 2000 1034 2054 ultra
1063 1999 1294 2054 mediam
1327 2000 1701 2072 vutgaremque
1726 2001 1974 2083 virtutem
2006 2014 2131 2083 per-

1421 2069 1433 2072 V
1614 2069 1623 2071 “
1794 2069 1812 2140 Ι
1824 2072 2128 2140 tingentem,

546 2140 619 2197 58
638 2139 828 2197 Subito
855 2140 1180 2212 praecipitem
1197 2139 1266 2193 ad
1289 2140 1397 2194 ima
1417 2138 1606 2209 dejecit
1622 2138 1839 2210 pestifer
1858 2140 2127 2195 inimicus.

621 2297 797 2371 Saepe,
850 2297 1031 2370 inquit
1076 2298 1297 2354 divinus
1328 2298 1623 2370 interpres,
1680 2312 1805 2353 cum
1855 2296 2000 2353 bona
2035 2311 2132 2367 spe

544 2401 699 2448 recta
724 2397 1040 2445 currentem
1065 2396 1120 2444 et
1145 2389 1212 2443 ad
1247 2387 1417 2443 Deum
1450 2387 1591 2443 bene
1619 2388 1969 2443 accedentem
1992 2394 2046 2441 et
2076 2386 2130 2439 in

546 2481 729 2537 media
783 2479 990 2533 virtute
1036 2478 1376 2542 tendentem,
1418 2477 1531 2547 jam
1580 2477 1895 2547 proximum
1948 2475 2130 2546 perfe-

545 2571 720 2626 ctioni
780 2569 963 2625 virum
1002 2568 1186 2624 subito
1225 2567 1606 2623 subintroiens
1645 2566 1853 2620 malitia
1882 2575 2130 2621 retroce-

546 2664 877 2734 dentemque
901 2668 1155 2717 evertens
1185 2658 1253 2714 ad
1297 2658 1514 2715 infimos
1551 2658 1770 2714 virtutis
1808 2658 2010 2729 gradus
2040 2673 2129 2712 re-

543 2753 679 2826 iecit
715 2760 770 2807 et
813 2751 881 2806 ad
912 2750 1253 2805 noviciorum
1310 2755 1547 2816 statum;
1603 2763 1841 2819 namque
1887 2748 2030 2803 sicut
2075 2746 2128 2800 hi

552 2847 647 2917 qui
679 2850 871 2899 contra
905 2857 1088 2897 arenae
1129 2841 1300 2897 maris
1333 2855 1560 2895 acervos
1604 2842 1928 2904 ascendunt,
1966 2839 2131 2895 simul

551 2955 619 2995 ac
660 2938 955 2994 mobilibus
1004 2937 1187 2992 arenis
1234 2942 1289 2990 et
1339 2944 1487 2990 retro
1542 2932 1880 3004 fugientibus
1937 2933 2128 3004 pedem

550 3031 867 3095 admovent,
898 3029 1131 3099 vestigio
1172 3028 1386 3082 incerto
1426 3026 1685 3091 titubant,
1728 3033 1893 3095 atque
1943 3024 1988 3081 si
2029 3039 2123 3079 re-

546 3132 704 3194 ptare
718 3131 772 3177 et
791 3136 1051 3193 superare
1066 3119 1248 3174 conati
1272 3119 1402 3183 sint,
1418 3117 1553 3172 nihil
1573 3117 1834 3188 amplius,
1858 3117 1963 3173 nisi
1980 3118 2129 3189 quod

544 3217 603 3273 in
624 3230 825 3270 vanum
856 3215 1073 3269 labores
1091 3221 1145 3267 et
1166 3212 1516 3283 fatigationes
1548 3218 1910 3279 consumunt,
1941 3210 2129 3281 profe-

548 3317 745 3363 cerunt
775 3325 792 3364 :
824 3306 932 3370 ita,
964 3304 1165 3375 inquit,
1198 3312 1252 3360 et
1290 3318 1394 3360 nos
1438 3302 1508 3358 ad
1544 3302 1753 3358 lethum
1792 3316 2132 3374 persequens

544 3396 826 3460 Inimicus,
849 3395 939 3450 ubi
975 3395 1211 3466 primum
1246 3400 1437 3449 contra
1468 3393 1721 3449 sabulum
1746 3393 2131 3449 inconstantia:

538 3486 943 3557 cogitationum
980 3485 1216 3539 infertur
1243 3498 1398 3539 mens
1431 3491 1623 3538 nostra
1654 3491 1709 3539 et
1730 3484 1797 3538 ad
1822 3482 1951 3539 boni
1978 3498 2133 3539 asse-

546 3578 824 3633 cutionem
875 3574 1198 3632 desiderans
1237 3575 1457 3631 advolat
1486 3583 1542 3631 et
1579 3575 1869 3646 accingere
1911 3590 1972 3632 se
2011 3583 2132 3631 ten-

545 3678 628 3725 tat
654 3670 711 3724 in
742 3668 965 3724 virtutis
990 3668 1098 3734 via,
1131 3667 1339 3721 nullam
1370 3681 1494 3722 esse
1530 3666 1994 3736 progressionem,
2028 3680 2129 3719 va-

545 3778 676 3819 num
715 3777 839 3819 esse
884 3760 1138 3818 ardorem
1186 3760 1451 3817 ostendit.
1503 3759 1661 3815 Unde
1705 3759 1931 3829 inquit:
1988 3756 2130 3812 Hinc

544 3855 806 3920 ascendo,
842 3854 1064 3925 pietatis
1101 3852 1330 3924 gradum
1376 3866 1548 3907 unum
1600 3850 1834 3907 feliciter
1861 3865 2130 3907 consecu-

540 3955 659 4003 tum
689 3946 862 4002 fuisse
895 3945 1200 4009 confidens,
1236 3944 1363 4000 inde
1393 3959 1522 4000 vero
1547 3944 1749 4000 iterum
1774 3943 2129 4000 retrocedens

541 4038 722 4108 magis
748 4052 915 4109 quam
953 4038 1131 4108 pridie
1161 4052 1190 4091 a
1220 4036 1559 4107 perfectione
1596 4036 1804 4102 cecidi;
1840 4051 2012 4106 quare
2043 4050 2130 4090 re-

543 4128 756 4199 liquum
791 4137 877 4183 est
904 4135 965 4183 ut
986 4141 1198 4198 gemam
1232 4126 1618 4197 desperatione
1650 4126 2013 4187 etmmstitia
2047 4133 2130 4179 ta-

544 4231 670 4277 ctus
701 4230 756 4276 et
789 4205 1043 4284 alllictus,
1076 4234 1271 4289 meque
1298 4217 1573 4273 miserans
1600 4216 1874 4272 infelicem
1905 4226 1960 4272 et
1984 4217 2131 4271 cala-

545 4315 723 4368 mitati
748 4311 1201 4368 suecumbentem
1235 4311 1437 4375 dicam,
1456 4311 1551 4381 qui
1575 4324 1791 4381 semper
1818 4310 1877 4365 in
1905 4309 2129 4366 virtutis

545 4408 651 4463 viis
676 4420 903 4461 currere
921 4402 1160 4471 conﬁdo,
1195 4418 1298 4459 nec
1335 4416 1578 4472 unquam
1619 4402 1689 4457 ad
1717 4403 1889 4474 ipsius
1921 4411 2125 4458 metam

545 4497 826 4570 pervenio,
877 4509 1093 4565 semper
1153 4505 1300 4549 metu
1353 4495 1763 4565 circumseptus
1805 4509 2006 4566 magno
2057 4510 2128 4551 ne

546 4592 750 4646 bonum
787 4603 895 4642 non
923 4588 1222 4658 attingam;
1264 4603 1361 4658 per
1389 4596 1621 4644 conatus
1645 4596 1700 4643 et
1731 4589 1924 4660 longos
1971 4589 2128 4643 Iaho—

544 4700 633 4739 res
663 4684 755 4738 vix
801 4682 1042 4752 quidem,
1085 4681 1180 4735 sed
1213 4679 1429 4736 tandem
1459 4681 1795 4737 destinatum
1828 4689 2123 4737 assecutu-

544 4791 666 4832 rum
698 4790 783 4829 me
820 4772 1027 4844 putavi,
1071 4772 1162 4842 qui
1201 4771 1458 4827 facillime
1497 4788 1739 4843 praeceps
1774 4773 1828 4827 in
1863 4774 2128 4828 malitiam

545 4865 743 4921 cecidi.
777 4863 981 4918 lterum
1018 4878 1160 4932 saepe
1187 4861 1545 4933 prolongatur
1582 4864 1717 4917 mihi
1750 4864 1858 4917 vita
1902 4864 2125 4921 virtutis

546 4957 798 5021 amatrix,
829 4955 1028 5026 inquit,
1056 4954 1386 5009 solutionem
1427 4968 1457 5008 a
1486 4955 1599 5010 vita
1648 4957 1776 5010 nolo
1808 4956 2130 5012 conversio-

544 5051 635 5106 nis
687 5064 800 5118 spe,
848 5046 1191 5103 sanationem
1232 5046 1460 5116 eupiens
1507 5047 1743 5117 peccati,
1788 5054 1843 5102 et
1878 5048 2123 5117 permul-

546 5155 631 5198 tos
686 5142 861 5211 longae
906 5140 1031 5194 vita:
1076 5137 1221 5203 dies,
1269 5154 1381 5194 non
1429 5138 1613 5195 minus
1672 5140 1881 5199 malitia
1925 5156 2127 5212 super-

543 5231 800 5297 abundo,
836 5231 1038 5286 nedum
1083 5231 1503 5285 conversionem
1543 5231 2003 5302 sanationemque
2038 5232 2125 5287 in-

544 5322 764 5376 veniam
820 5335 851 5374 a
902 5319 1069 5373 malo.
1122 5317 1274 5373 Talis
1333 5327 1418 5373 est
1467 5319 1748 5373 hominum
1805 5321 1983 5377 virtus
2033 5320 2126 5377 cui

547 5413 850 5468 secundum
898 5410 1182 5482 proprium
1229 5426 1453 5466 sensum
1504 5419 1559 5466 et
1593 5410 1838 5467 studium
1873 5429 1933 5469 se
1960 5429 2123 5469 exer-

549 5516 675 5563 cent
712 5515 766 5562 et
821 5520 930 5561 non
980 5507 1038 5561 in
1092 5506 1371 5574 adiutorio
1400 5503 1449 5559 ι.
1497 5504 1727 5562 Christi.
1790 5526 1809 5559 ι
1852 5506 1978 5563 Ideo
2027 5523 2127 5579 ge~

548 5597 668 5651 neri
701 5601 913 5658 nostro,
952 5611 975 5648 ι
1027 5603 1079 5650 et
1129 5609 1247 5665 seq.
1292 5594 1455 5657 Cum,
1492 5594 1696 5666 inquit,
1727 5595 1809 5651 sic
1851 5596 2126 5653 instabilis

550 5695 607 5740 et
640 5683 997 5740 fundamento
1034 5696 1251 5748 carens;
1292 5684 1375 5739 sic
1408 5684 1645 5743 infectus
1682 5694 1737 5741 et
1766 5686 2122 5758 imperfectus

625 5861 736 5930 (‘29)
776 5861 895 5939 Bill.
920 5879 991 5939 ex
1032 5863 1156 5918 eod.
1193 5864 1374 5919 Sirleti
1417 5864 1571 5920 affert
1599 5866 2021 5939 ἐπιδεδασμένου
2067 5877 2122 5923 et

554 5925 680 6012 eum
718 5925 889 6012 verba
915 5930 1101 6012 Graeca
1127 5943 1394 6012 perrupta
1431 5950 1555 5994 esse
1600 5925 1898 6007 existimet',
1921 5925 2121 6012 'legen-

554 6000 682 6057 dum
710 6009 897 6060 censet
917 6000 1367 6080 ἀποσιιιεδάσαιμι.

1924 522 2219 582 mseras
2261 522 2472 582 nmo
2533 588 2541 596 ,

3707 518 3813 576 720

2234 663 2316 700 σιν
2353 644 2595 716 ὀξυφαὴς
2629 643 2849 714 γίνομαι
2900 645 3000 697 καὶ
3048 641 3342 714 όξυήκοος,
3374 636 3512 709 πρὸς
3555 640 3654 709 τήν
3689 635 3813 691 ἐπί-

2234 737 2426 806 σκεψιν
2458 736 2515 789 δὲ
2548 734 2657 789 τῶν
2716 733 2860 787 ἰδίων
2912 732 3161 804 ἀφεγγὴς
3203 730 3299 784 καὶ
3328 728 3683 799 ἐπιλήσμων*
3718 728 3813 781 καὶ

2232 825 2299 883 αὖ
2355 828 2517 882 πάλιν
2554 844 2570 859 ·
2603 826 2867 897 Ούράνιος
2907 824 3008 895 μὲν
3062 826 3122 877 ἐν
3175 822 3354 891 λόγοις
3406 820 3504 874 καὶ
3544 817 3813 891 μεγαλορ-

2234 921 2607 993 ρημοσύναις,
2658 920 2716 972 ἐν
2768 918 2930 989 φρεσὶ
2976 916 3034 969 δὲ
3090 916 3185 968 καὶ
3239 914 3478 986 νοήμασι
3524 910 3817 982 χαμερπὴς

2232 1016 2327 1070 καὶ
2379 1015 2701 1085 ἐπιχθόνιος.
2740 1033 2758 1065 ι
2794 1011 2925 1083 Εἰμὶ
2975 1009 3277 1081 γαληνιόων
3307 1025 3369 1061 τε
3415 1007 3510 1061 καὶ
3554 1005 3750 1068 εὔδιος.
3791 1023 3812 1056 ι

2232 1108 2494 1178 Γαλήνιος
2543 1107 2690 1160 ἔστιν
2737 1106 2827 1158 ὅτε
2876 1105 2972 1159 καὶ
3031 1102 3278 1172 ἐπιεικὴς
3339 1100 3432 1155 καὶ
3478 1097 3661 1170 πραῢς
3706 1101 3817 1162 τοῖς

2233 1197 2538 1270 ἀνθρώποις
2584 1194 2965 1268 καθορώμενος
3008 1212 3023 1226 ο
3070 1197 3117 1248 εί
3164 1194 3221 1248 δέ
3276 1210 3407 1248 ποτε
3456 1191 3676 1262 πνεῦμα
3727 1191 3817 1260 όρ-

2234 1288 2342 1358 γῆς
2387 1290 2482 1342 καὶ
2549 1287 2746 1358 μικρὸν
2794 1289 2859 1341 ἐκ
2921 1288 3123 1358 μικρᾶς
3184 1284 3363 1348 αἰτίας
3425 1280 3814 1344 ἀντιπνεύσει,

2235 1374 2431 1452 οἷάπερ
2465 1379 2710 1434 θάλασσα
2746 1377 2955 1449 κύμασι
2980 1377 3338 1449 φυσιούμενος
3371 1376 3465 1431 καὶ
3498 1375 3691 1447 ὕϐρεσι
3724 1373 3819 1428 τὸν

2236 1470 2514 1525 λυποῦντα
2547 1471 2580 1541 ἢ
2624 1470 2719 1525 καὶ
2774 1471 2961 1542 χερσὶν
2995 1469 3303 1524 ἀντιλυπεῖν
3360 1467 3687 1541 ὀρεγόμενος
3708 1507 3723 1533 ,
3752 1465 3815 1520 ού

2237 1564 2367 1634 πρὶν
2413 1560 2778 1635 κατεστόρεσα
2825 1563 2887 1617 τὺ
2928 1561 3155 1634 φύσημα
3203 1562 3333 1634 πρὶν
3364 1560 3397 1631 ἢ
3432 1560 3690 1632 νηνεμίαν
3722 1559 3817 1613 καὶ

2237 1652 2579 1707 κατάπαυσιν
2597 1653 2878 1722 γεγονέναι
2907 1652 3002 1706 τοῦ
3033 1652 3230 1724 θυμοῦ,
3269 1652 3430 1723 ἡνίκα
3461 1653 3526 1723 δὴ
3557 1652 3657 1723 τὴν
3686 1653 3816 1705 ἀτα-

2238 1745 2356 1813 ξίαν
2384 1746 2829 1816 ἐπιδεδειγμένον
2862 1746 2971 1818 (29)
2999 1744 3093 1798 τοῦ
3137 1744 3471 1816 θυμοειδοῦς,
3500 1744 3652 1798 οὐδὲν
3681 1743 3813 1797 θαυ-

2243 1828 2444 1899 μαστὸν
2472 1829 2572 1900 τὴν
2595 1828 2759 1882 αὐτοῦ
2789 1829 2979 1898 ἔξαψιν
3005 1827 3318 1898 σϐεσθῆναι.

2239 1921 2307 1976 56
2342 1920 2611 2013 Πολλάκι
2652 1920 2706 1975 δ’
2731 1921 3128 1993 εὐδρομέοντα
3171 1920 3293 1975 σὺν
3325 1919 3669 2013 ἐλπωρῇσιν
3692 1919 3817 1987 ἀρί-

2234 2061 2302 2114 57
2345 2061 2497 2131 Ἤδη
2525 2062 2632 2115 παὶ
2671 2059 2944 2131 μεσότης
2985 2060 3205 2130 ἀρετῆς
3232 1989 3746 2131 ὑπερεκτείιῗέτῗέδζ

2234 2132 2303 2186 58
2353 2128 3075 2201 Ἐξαπίνηξπαλίνορσον
3113 2128 3231 2186 ὑπὸ
3254 2131 3664 2273 προῐτόδεσσιν
3684 2128 3820 2251 ἒϐη-

3384 2218 3509 2266 κεν,
3542 2219 3595 2255 κ.
3620 2218 3669 2252 τ.
3729 2238 3744 2253 .

2305 2293 2594 2359 Πολλάκις,
2620 2293 2785 2365 φησὶν
2816 2295 2844 2348 ό
2872 2291 3193 2364 θεόληπτος,
3219 2294 3317 2347 σὺν
3356 2291 3587 2362 ἀγαθαῖς
3607 2291 3817 2344 ἐλπίσιν

2232 2382 2402 2455 ἄνδρα
2448 2383 2907 2455 εύθυδρομοῦντα,
2941 2385 3038 2437 καὶ
3090 2383 3227 2454 πρὸς
3258 2383 3392 2437 Θεὸν
3444 2381 3817 2452 εὐοδούμενον,

2233 2473 2329 2529 καὶ
2364 2475 2423 2527 ἐν
2459 2475 2715 2546 μεσότητι
2740 2474 2840 2544 τῆς
2880 2473 3083 2545 ἀρετῆς
3117 2473 3511 2544 ἐκτεινόμενον,
3542 2472 3636 2526 καὶ
3664 2471 3815 2540 ἐγγί-

2234 2564 2396 2631 ζοντα
2425 2565 2561 2638 πρὸς
2593 2566 2657 2619 τὸ
2706 2566 2933 2630 τέλειον,
2967 2565 3300 2631 ἐξαπιναίως
3345 2562 3815 2635 παρεισφθαρεῖσα

2233 2660 2402 2713 κακία
2424 2698 2440 2723 ,
2473 2660 2567 2712 καὶ
2612 2658 3014 2729 ὀπισθόρμητον
3074 2658 3236 2712 αὐτὸν
3287 2655 3636 2728 ἀνατρέψασα
3661 2695 3677 2720 ,
3712 2655 3819 2709 ὑπὸ

2232 2753 2357 2816 τοὺς
2382 2751 2656 2823 πρόποδας
2678 2752 2778 2822 τῆς
2803 2750 3008 2822 ἀρετῆς
3048 2751 3145 2804 καὶ
3173 2750 3274 2821 τὴν
3300 2748 3408 2803 τῶν
3448 2748 3817 2821 εἰσαγομένων

2232 2844 2562 2897 κατάστασιν
2585 2844 2840 2915 ἐθήκατο.
2865 2843 2976 2895 Καὶ
2998 2843 3107 2915 γὰρ
3133 2842 3323 2914 ὥσπερ
3348 2844 3397 2896 οἱ
3419 2841 3563 2895 κατά
3590 2841 3816 2913 ψάμμου

2233 2935 2527 2999 θαλασσίας
2578 2935 2746 2989 τόπον
2800 2935 3002 3007 ἀνάντη
3063 2934 3521 3006 προσϐαίνοντες,
3568 2934 3684 3005 ἅμα
3737 2932 3818 3003 τῷ

2234 3026 2609 3098 προσπελάσαι
2659 3026 2738 3097 τῷ
2782 3026 2927 3091 ποδὶ,
2979 3025 3338 3098 διαρρεούσης
3389 3027 3563 3097 αὐτῆς
3595 3025 3690 3079 καὶ
3738 3026 3817 3087 είς

2232 3117 2471 3172 τούπίσω
2512 3119 2841 3190 φερομένης,
2878 3118 3172 3172 ἀπατοῦσι
3203 3119 3301 3189 μὲν
3339 3117 3549 3180 τούτοις
3570 3117 3638 3170 τά
3673 3116 3813 3189 ἴχνη,

2232 3210 2630 3281 ἁναρῤιχᾶσθαι
2661 3210 2772 3280 (50)
2795 3210 2851 3263 δέ
2884 3211 2976 3264 καὶ
3017 3208 3330 3282 προϐαίνειν
3371 3208 3701 3281 πειρώμενοι
3730 3211 3815 3263 ού-

2231 3303 2320 3355 δὲν
2343 3303 2503 3356 πλέον
2527 3303 2620 3357 τοῦ
2652 3303 2854 3366 κόπους
2882 3304 3093 3367 ἑαυτοῖς
3121 3303 3380 3375 παρέχειν
3409 3303 3648 3367 εἰκαίους
3665 3300 3816 3356 ἀπώ-

2232 3411 2423 3448 ναντοο
2455 3394 2625 3458 οὕτω,
2655 3396 2820 3465 φησὶ,
2858 3396 2954 3449 καὶ
2984 3398 3013 3449 ό
3042 3394 3284 3466 ὀλέθριος
3318 3394 3478 3466 ἡμῶν
3516 3394 3815 3465 Δυσμενὴς,

2232 3486 2307 3550 ὼς
2334 3485 2476 3539 κατὰ
2518 3486 2747 3557 ψάμμου
2780 3488 2885 3559 τῆς
2932 3488 3041 3541 τῶν
3084 3487 3364 3558 λογισμῶν
3416 3489 3685 3549 άστασίας
3717 3488 3817 3551 τῆς

2233 3578 2389 3648 ἡμῶν
2416 3578 2654 3643 διανοίας
2686 3579 3015 3650 φερομένης,
3051 3580 3146 3634 καὶ
3186 3583 3251 3651 τῇ
3289 3579 3556 3653 ἐπιθυμίᾳ
3586 3580 3680 3633 τοῦ
3719 3598 3820 3633 κα-

2232 3670 2327 3724 λοῦ
2358 3672 2761 3743 πτερουμένης,
2816 3672 2911 3725 καὶ
2940 3672 3144 3726 ἀνιέναι
3170 3672 3519 3745 πειρωμένης
3550 3672 3640 3725 τὸν
3662 3668 3819 3741 οἷμον

2230 3763 2333 3833 τῆς
2355 3763 2581 3835 ἀρετῆς,
2608 3764 2919 3837 ἀπρόκοπον
2952 3764 3300 3819 ἀποδείκνυσι
3326 3765 3426 3836 τὴν
3466 3764 3777 3837 προθυμίαν
3799 3781 3815 3794 ο

2230 3855 2299 3909 δι’
2347 3856 2399 3921 ὃ,
2443 3856 2597 3928 φησὶ,
2647 3856 2723 3927 πὴ
2761 3856 2859 3927 μὲν
2924 3856 3248 3927 ἀνέρχομαι,
3307 3856 3474 3928 μέρος
3534 3856 3819 3921 εὐσεϐείας

2231 3949 2479 4020 οἰόμενος
2525 3948 2849 4020 κατορθοῦν,
2899 3949 2976 4021 πὴ
3023 3950 3081 4003 δὲ
3129 3949 3364 4020 ἔμπαλιν
3412 3950 3817 4022 ὀπισθόρμητος

2230 4041 2617 4106 ἀπολισθαίνω,
2656 4040 2854 4113 μᾶλλον
2900 4042 2934 4113 ἢ
2970 4040 3162 4113 πρώην
3210 4040 3303 4095 τοῦ
3348 4041 3555 4095 τελείου
3611 4042 3821 4094 ἀποπε-

2232 4132 2496 4197 πτωκὼς·
2535 4133 2600 4186 δι’
2625 4133 2653 4186 ὃ
2680 4135 2773 4187 καὶ
2797 4133 3048 4204 άσχάλλω
3085 4133 3273 4189 λοιπὸν
3309 4133 3403 4187 καὶ
3431 4133 3532 4205 ἀδη
3542 4132 3699 4204 μονία
3722 4133 3820 4185 καὶ

2231 4225 2541 4294 ἀπογνώσει
2574 4225 2975 4297 ψηλαφώμενος
3008 4227 3103 4281 κα)⁵
3126 4225 3587 4297 κατοδυνώμενος,
3621 4225 3821 4279 δυσθά-

2231 4336 2390 4374 νατον
2411 4320 2647 4391 ἐμαυτὸν
2678 4320 2772 4373 καὶ
2803 4318 2985 4373 ἄθλιον
3015 4317 3391 4390 οἰκτιζόμενος
3428 4316 3709 4382 ἀποκαλεῖ),
3738 4317 3819 4381 ὡς

2235 4414 2323 4467 ἀεὶ
2350 4414 2449 4480 μὲν
2497 4412 2704 4467 ὁδεύειν
2731 4412 2906 4466 δοκῶν
2944 4413 3035 4466 τὸν
3054 4413 3252 4486 δρόμον
3282 4412 3383 4483 τῆς
3419 4413 3644 4484 ἀρετῆς,
3668 4412 3819 4467 οὐδέ-

2235 4523 2325 4560 πω
2367 4505 2424 4560 δὲ
2464 4506 2527 4561 τὸ
2555 4507 2708 4570 τέλος
2752 4507 2923 4577 αὐτῆς
2955 4506 3268 4576 πεφθακὼς,
3295 4509 3381 4561 ἀεὶ
3424 4506 3575 4578 φόϐῳ
3598 4505 3819 4579 μεγάλῳ

2234 4598 2334 4668 τῆς
2367 4596 2461 4649 τοῦ
2513 4595 2721 4665 ἀγαθοῦ
2765 4596 3020 4661 ἀτευξίας
3075 4599 3615 4669 περιστοιχιζόμενος
3644 4613 3655 4625 ·
3695 4596 3817 4666 βίαν

2238 4689 2338 4759 μὲν
2360 4687 2455 4742 καὶ¹
2488 4688 2669 4752 πόνοις
2699 4690 2931 4759 μακροῖς
2954 4688 3108 4759 μόλις
3133 4707 3187 4742 τι
3210 4688 3510 4761 κατορθοῦν
3539 4689 3816 4760 νενόμικα,

2234 4782 2410 4851 ῥᾷστα
2436 4781 2491 4833 δὲ
2514 4782 2590 4844 ὡς
2627 4780 3011 4852 καταπρανοῦς
3038 4781 3176 4851 πρὸς
3204 4781 3407 4834 κακίαν
3434 4779 3815 4846 ἀπωλίσθησα’

2232 4871 2396 4925 πάλιν
2431 4870 2731 4942 μηκύνεταί
2785 4889 2873 4942 μοι
2919 4870 3233 4934 πολλάκιςὸ
3276 4870 3586 4942 φιλάρετος,
3630 4870 3813 4941 φησὶν⁹

2233 4961 2345 5032 ἐγὼ
2368 4962 2425 5016 δέ
2452 4962 2551 5034 τὴν
2577 4963 2730 5016 λύσιν
2758 4964 2856 5033 τῆς
2878 4961 3023 5034 ζωῆς
3043 4964 3104 5016 ού
3127 4963 3265 5016 θέλω
3295 4962 3470 5015 ἐλπίδι
3502 4962 3816 5033 μετανοίας,

2231 5056 2296 5109 τὸ
2326 5056 2425 5126 τῆς
2452 5057 2722 5128 ἁμαρτίας
2755 5055 2890 5126 ἴαμα
2912 5054 3113 5119 ποθῶν,
3132 5057 3253 5119 ταῖς
3271 5055 3494 5119 πολλαῖς
3509 5054 3567 5109 δέ
3586 5056 3685 5123 τῆς
3710 5073 3818 5125 μα-

2233 5146 2584 5216 κροϐιότητπ
2607 5147 2841 5218 ἡμέραις
2860 5145 2959 5217 τὴν
2987 5147 3185 5200 κακίαν
3218 5146 3370 5200 οὐδὲν
3391 5143 3553 5218 ἦττον
3586 5148 3816 5199 πλεονά-

2233 5237 2365 5302 ζων,
2406 5238 2531 5291 οὕτε
2566 5239 2855 5308 μετάνοιαν
2879 5278 2895 5303 ,
2928 5237 3042 5291 οὒτ’
3080 5233 3174 5292 οὖν
3227 5238 3529 5309 θεραπείαν
3579 5241 3819 5311 εὑρίσκει)

2230 5327 2327 5381 τοῦ
2364 5328 2537 5382 κακοῦ
2578 5346 2593 5361 ο
2639 5330 2734 5383 καὶ
2788 5332 2822 5401 ὴ
2857 5329 2957 5401 μὲν
2988 5329 3098 5383 τῶν
3144 5329 3450 5401 ἀνθρώπων
3494 5328 3717 5402 ἀρετὴῆ
3754 5349 3819 5398 γε

2232 5418 2374 5473 κατὰ
2406 5418 2502 5490 τὴν
2539 5419 2675 5473 ἰδίαν
2713 5420 2892 5473 αὐτῶν
2924 5420 3193 5490 ὑπόληψιν
3222 5420 3316 5474 καὶ
3354 5420 3590 5490 σπουδὴν
3627 5422 3818 5490 ἐπιτη-

2233 5511 2518 5583 δευομένη,
2547 5512 2640 5566 καὶ
2669 5514 2771 5566 οὐκ
2804 5514 2861 5566 ἐν
2886 5513 3115 5583 δυνάμει
3154 5512 3329 5582 Ἰησοῦ
3358 5512 3602 5582 τοιαύτη.

2497 5604 2787 5658 Τοῦνεκεν
2818 5604 3072 5674 ἡμετέρῃ
3121 5604 3320 5675 γενεῇ,
3351 5624 3386 5660 γ.
3431 5624 3478 5659 τ.
3515 5607 3561 5660 έ.

2316 5695 2555 5770 Ἐπειδὴ,
2609 5701 2807 5770 φησὶν,
2839 5697 3012 5762 οὕτως
3061 5697 3318 5762 ἀϐέϐαιος
3367 5698 3462 5752 καὶ
3506 5697 3813 5768 ἀνίδρυτος,

2232 5870 2433 5998 milia;
2469 5873 3053 5945 Ἀναρῤιχᾶσθαι.5ἱο
3072 5874 3244 5931 codex
3269 5872 3592 5943 Bekker.;v.
3614 5873 3794 5930 Anecd
3809 5923 3816 5933 .

2329 5981 2424 6011 ’.αι
2438 5982 2451 5997 ι
