4186 6372
366 400 458 455 Ὶ2Ι
1390 394 1456 451 ΙΝ
1479 393 1791 451 CARMINA
1826 393 1939 448 ARI

2043 391 2109 446 iA
2147 389 2206 446 Β.
2244 387 2596 446 GREGORII.

361 517 534 579 οὕτως
561 513 823 587 ἀνήνυτος
859 516 955 568 καὶ
979 513 1263 577 ἀτέλεστος
1291 514 1321 566 6
1347 513 1488 585 ὑπὲρ
1521 513 1724 584 ἀρετῆς
1759 513 1941 578 πόνος,

363 610 455 663 καὶ
481 609 650 671 κόπος
672 588 808 662 Θεοῦ
838 607 1119 678 δυνάμεως
1144 607 1264 678 δίχα
1288 609 1402 669 τοῖς
1422 605 1730 677 ἀνθρώποις
1755 608 1943 676 ἐπιτη-

360 699 666 771 δευόμενος,
685 701 871 753 τούτου
887 716 949 768 γε
966 700 1028 770 δὴ
1045 699 1203 769 χάριν
1223 702 1287 770 τῇ
1312 699 1434 752 καθ’
1451 700 1596 768 ἡμᾶς
1615 695 1942 768 ταλαιπώρῳ

361 795 524 864 γενεᾷ
553 791 728 865 ταύτῃ
766 792 926 844 τοῦτο
970 792 1031 844 τὸ
1060 792 1238 863 δόγμα
1277 791 1806 862 προδιωμολογήσθω
1850 791 1944 844 καὶ

366 885 786 958 προϋποκείσθω
810 883 890 954 τῷ
912 884 1007 954 νῷ.

361 978 429 1032 68
471 978 674 1047 Πρώτη
699 977 817 1047 μὲν
849 978 1088 1047 Τριάδος
1125 977 1354 1045 καθαρὴ
1384 979 1590 1047 φύσις,
1622 996 1675 1032 κ.
1699 997 1746 1031 τ.
1766 978 1815 1032 λ.

429 1071 601 1123 Τοῦτο
650 1069 824 1140 δόγμα
876 1071 974 1140 τῆς
1025 1070 1487 1140 θεολογικωτάτης
1530 1070 1608 1140 τῷ
1652 1071 1764 1122 ὄντι
1793 1068 1940 1134 ἀξιον

362 1161 577 1234 φρενὸς⁹
613 1158 835 1229 πρώτην
860 1159 1109 1232 καθαρὰν
1137 1161 1299 1229 φύσιν
1350 1163 1443 1214 καὶ
1470 1162 1671 1231 ἀρετῆς
1716 1161 1939 1231 ἀπάσης

362 1246 604 1316 πηγαίαν
629 1247 804 1318 ἀρχὴν
837 1248 1057 1310 εἰδέναι,
1087 1250 1186 1320 τὴν
1212 1251 1640 1320 τρισυπόστατον
1669 1249 1934 1318 θεότηταο

362 1334 523 1397 εὐθὺς
557 1334 614 1386 δὲ
651 1337 766 1404 μετ’
791 1336 959 1407 αὑτὴν
1009 1337 1106 1408 τὴν
1159 1339 1456 1410 ἀγγελικὴν
1496 1341 1586 1392 καὶ
1632 1339 1888 1410 οὐρανίαν
1920 1357 1933 1370 ·

359 1423 517 1494 τρίτη
547 1423 604 1476 δὲ
639 1424 744 1495 ἄρα
774 1423 933 1495 φύσις
980 1427 1204 1497 μέτοχος
1228 1428 1320 1481 τοῦ
1356 1428 1521 1482 καλοῦ
1558 1429 1773 1498 καὶτῆς
1805 1429 1934 1498 ἀρε-

361 1517 458 1585 τῆς
491 1518 521 1569 6
562 1516 865 1589 ἄνθρωπος,
909 1518 967 1581 ὃς
1005 1520 1404 1590 ἀμφιτάλαντος
1443 1520 1538 1573 καὶ
1581 1520 1936 1591 ἀμφιρρεπὴς

362 1607 586 1678 ἐκτίσθη
623 1610 743 1661 κατ’
799 1609 1002 1680 ἀρχάς·
1041 1612 1244 1681 μεταξὺ
1299 1613 1400 1681 τῆς
1452 1629 1512 1665 τε
1565 1613 1685 1664 κατ’
1735 1611 1936 1683 ἀρετὴν

362 1699 509 1768 ζωῆς
540 1701 631 1752 καὶ
663 1700 759 1753 τοῦ
796 1701 936 1754 κατά
964 1703 1061 1771 τὴν
1096 1703 1368 1772 ἁμαρτίαν
1403 1704 1632 1757 θανάτου
1667 1702 1932 1772 έστηκὼς,

363 1791 458 1843 καὶ
507 1792 919 1862 μεγαλοπρεπὲς
961 1795 1059 1864 μὲν
1106 1795 1256 1858 τέλος
1290 1795 1430 1864 έχων
1458 1795 1552 1847 τοῦ
1594 1798 1714 1848 κατ’
1734 1797 1936 1866 ἀρετὴν

363 1881 507 1951 βίου,
548 1882 609 1934 τὸ
653 1883 768 1935 υἱὸν
814 1885 1066 1952 γενέσθαι
1102 1886 1237 1938 Θεοῦ
1277 1887 1498 1957 δηλαδὴ,
1540 1887 1834 1958 ἐπίμοχθον
1877 1889 1935 1941 δὲ

360 1976 454 2028 καὶ
492 1975 748 2028 ἐπίπονον
799 1976 994 2047 κομιδῇ
1029 1978 1170 2046 (5i),
1199 1979 1358 2049 εἴπερ
1386 1979 1490 2031 κᾶν
1513 1980 1605 2032 ἐπὶ
1634 1980 1807 2050 βραχὺ
1839 1980 1937 2043 τὰς

357 2069 457 2138 τῆς
502 2069 700 2131 κακίας
739 2069 913 2132 πύλας
960 2071 1336 2141 παρανοίξειεν
1367 2087 1380 2100 ·
1416 2073 1572 2124 τοῦτο
1621 2076 1730 2144 γάρ
1779 2070 1942 2127 ἆθλον

357 2160 456 2228 τῆς
473 2161 612 2232 ὲμῆς
645 2161 882 2225 διανοίας
916 2163 1185 2233 ὲναρέτως
1220 2163 1439 2234 βιούσης
1468 2167 1496 2217 6
1520 2165 1782 2234 ’Ύψιστος
1802 2183 1942 2235 παρ-

359 2251 560 2320 έχεται.

596 2343 804 2410 Κεῗνος
839 2345 891 2397 δ’
934 2345 1106 2398 ἐστὶν
1143 2347 1407 2415 ἄριστος,
1452 2367 1506 2402 κ.
1537 2366 1586 2400 τ.
1626 2348 1684 2413 ἐξ

429 2425 596 2495 Οὗτος
625 2431 1033 2504 ἄριστος,οῦτος
1062 2439 1300 2509 ἐργάτης
1331 2439 1530 2502 τέλειος
1553 2441 1848 2510 ἁρετῆς,ὃς
1883 2443 1940 2494 ἐν

362 2523 512 2593 μέσῳ
551 2528 743 2592 γενεᾶς
794 2527 1012 2592 σκολιᾶς
1061 2531 1154 2582 καὶ
1187 2531 1363 2602 κακῆς
1416 2531 1612 2601 μέτριά
1653 2549 1772 2584 τινα
1819 2532 1938 2604 ἴχνη

360 2616 558 2679 κακίας
583 2619 876 2686 ἐπιφαίνει,
903 2619 1088 2691 θερμῷ
1123 2621 1178 2674 δὲ
1210 2621 1300 2674 τοῦ
1341 2622 1595 2692 Ὑψίστου
1615 2622 1776 2694 ἔρωτι
1806 2626 1941 2695 πρὸς

358 2707 586 2777 οὐρανὸν
612 2709 907 2774 ἀνανεύων,
930 2713 1335 2782 συντεταμένως
1362 2714 1567 2785 τρέχει,
1599 2713 1741 2767 κατά
1769 2717 1940 2767 νώτου

355 2800 415 2853 δὲ
449 2801 545 2871 τὴν
578 2803 773 2856 κακίαν
821 2804 1028 2857 διώκων
1067 2804 1290 2871 ἐξωθεῖ,
1323 2805 1511 2878 ὥσπερ
1553 2824 1636 2871 τις
1677 2810 1940 2877 ποτάμιος

357 2891 489 2963 ῥοῦς
524 2893 682 2947 ἄλλον
705 2897 826 2947 τινὰ
868 2896 998 2965 ῥοῦν
1028 2898 1233 2968 τραχύν
1265 2915 1324 2951 τε
1378 2900 1472 2952 καὶ
1503 2900 1694 2970 ἄγριον
1725 2901 1818 2953 καὶ
1849 2902 1940 2954 θο-

356 2982 514 3053 λερὸν
555 2985 1134 3056 ἀποδιοπομπούμενυς
1164 2988 1259 3040 καὶ
1301 2990 1745 3060 ἀποτρεπόμενος
1769 3008 1780 3020 ·
1813 2993 1861 3042 εί
1884 2991 1941 3046 δέ

359 3090 489 3128 ποτε
517 3076 610 3128 καὶ
640 3078 1019 3147 παραμίγνυτό
1047 3097 1098 3132 τι
1141 3080 1359 3145 κακίας,
1387 3080 1575 3151 ὥσπερ
1608 3083 1686 3152 τῷ
1717 3083 1942 3154 καθαρῷ

360 3167 594 3237 ῥεύματι
643 3167 737 3219 τοῦ
780 3167 968 3231 ὓδατος
1008 3169 1071 3221 ἐκ
1110 3170 1204 3222 τοῦ
1245 3171 1463 3243 θολεροῦ
1490 3173 1550 3225 τὸ
1588 3174 1682 3227 τοῦ
1715 3174 1940 3240 διειδοῦς

356 3260 748 3330 ὑπερϐάλλοντι
784 3261 1048 3330 νάματος,
1079 3262 1138 3314 τὸ
1170 3262 1387 3326 ἰλυῶδες
1419 3264 1804 3329 ἀποκλύζεται,
1842 3267 1936 3319 καὶ

355 3353 458 3404 οὑκ
491 3353 740 3422 ἐπίδηλον
791 3354 888 3423 τὴν
937 3355 1034 3422 τῆς
1084 3354 1262 3424 ψυχῆς
1295 3355 1578 3423 ὑποφαίνει
1615 3357 1886 3427 ῥυπαρίαν
1919 3374 1931 3387 ·

356 3441 497 3512 αῦτη
562 3442 660 3512 μὲν
718 3442 812 3495 τοῦ
868 3443 1124 3496 συνθέτου
1172 3445 1461 3516 ἀνθρώπου
1511 3447 1680 3518 ἀρετὴ
1723 3448 1936 3502 τελείαν

356 3533 596 3603 ὲνήσθω·
632 3534 820 3587 τούτου
863 3535 920 3587 δὲ
946 3538 1006 3587 τὸ
1038 3536 1199 3589 πλέον
1241 3539 1298 3590 ἐν
1332 3540 1443 3600 τοῖς
1483 3539 1754 3608 οὐρανίοις
1797 3541 1938 3604 νόοις

357 3624 727 3678 πιστευέσθω·
756 3627 805 3678 εί
833 3626 889 3678 δέ
921 3644 1001 3688 τις
1040 3627 1272 3680 ἐνταῦθα
1307 3631 1426 3699 μετ’
1451 3628 1755 3699 ἀνθρώπων
1789 3631 1935 3700 βιοὺς

357 3719 488 3769 Θεὸν
541 3719 668 3770 ίδεῖν
708 3719 1019 3790 κατηξιώθη
1043 3760 1056 3777 .
1088 3721 1163 3784 ὡς
1204 3722 1448 3793 Μωῦσῆς
1479 3724 1572 3776 καὶ
1612 3725 1857 3790 Ἡσαΐας,
1897 3725 1931 3795 ἢ

358 3813 534 3884 σάρκα
567 3814 791 3884 βαρεῖαν
833 3814 1146 3881 κουφισθεὶς
1179 3817 1259 3878 είς
1305 3816 1534 3887 οὐρανὸν
1564 3817 1935 3888 ἀναδεδραμη-

3514 378 3626 436 7'22

2050 533 2208 587 labor
2248 531 2316 585 ad
2351 527 2744 601 acquirendam
2785 526 3045 582 virtutem
3084 523 3291 594 absque
3334 519 3427 576 Dei
3469 519 3626 589 adju-

2052 623 2195 677 torio
2222 621 2292 676 ab
2329 620 2647 675 hominibus
2674 625 3020 683 exerceatur,
3054 615 3177 669 ideo
3203 621 3394 668 nostro
3435 612 3624 682 generi

2049 717 2118 770 ad
2148 717 2200 770 id
2233 731 2412 785 usque
2449 714 2654 768 misero
2681 710 2814 765 illud
2848 711 3042 782 dogma
3071 709 3126 762 in
3153 708 3334 761 animo
3361 703 3626 775 deligatur

2046 815 2102 861 et
2145 817 2270 862 ante
2301 807 2406 860 alia
2444 806 2809 876 imprimatur.

2047 986 2116 1042 68
2146 985 2334 1039 Prima
2367 986 2576 1055 quidem
2613 982 2894 1037 Trinitatis
2929 997 3062 1050 pura
3102 988 3320 1042 natura,
3353 985 3463 1032 etc.

2115 1076 2316 1144 Reipsa
2364 1075 2654 1143 theologici
2714 1071 2917 1142 ingenii
2970 1070 3192 1140 dignum
3248 1067 3380 1122 illud
3425 1066 3622 1136 dogma

2042 1181 2227 1230 nosse,
2256 1180 2451 1234 nempe
2479 1164 2710 1234 primam
2737 1175 2926 1230 puram
2953 1169 3203 1214 naturam
3234 1167 3287 1212 et
3312 1158 3492 1214 omnis
3511 1157 3622 1212 vir-

2043 1258 2178 1313 tutis
2226 1257 2554 1328 principium
2603 1262 2658 1309 et
2705 1255 2906 1308 fontem
2955 1268 3080 1308 esse
3122 1251 3324 1304 trinum
3373 1250 3622 1320 personis

2043 1349 2235 1415 Deum;
2253 1366 2413 1419 quem
2435 1348 2743 1403 immediate
2756 1347 3003 1416 sequitur
3016 1344 3259 1414 angelica
3281 1351 3332 1396 et
3355 1341 3620 1405 caelestis;

2044 1441 2204 1495 tertia
2227 1450 2430 1495 natura
2454 1439 2584 1494 boni
2609 1448 2662 1492 et
2683 1438 2904 1493 virtutis
2927 1436 3202 1505 particeps
3243 1435 3404 1488 homo
3432 1434 3524 1503 qui
3554 1433 3623 1486 ab

2041 1532 2199 1585 initio
2230 1532 2298 1586 ad
2329 1532 2439 1586 duo
2470 1544 2774 1600 suspensus
2802 1536 2857 1581 et
2878 1543 3085 1597 pronus
3116 1534 3334 1581 creatus
3361 1533 3482 1581 est:
3515 1539 3635 1577 me-

2041 1621 2167 1676 dius
2198 1622 2343 1675 inter
2359 1621 2577 1675 virtutis
2599 1621 2764 1674 vitam
2783 1627 2835 1672 et
2867 1617 3074 1687 peccati
3097 1625 3354 1678 mortem,
3387 1625 3442 1670 et
3461 1614 3628 1670 subli-

2041 1728 2183 1764 mem
2217 1711 2510 1765 terminum
2548 1711 2757 1764 habeus
2783 1708 2908 1761 vitae
2935 1707 3138 1760 virtute
3167 1706 3418 1776 insignis,
3452 1703 3625 1758 filium

2043 1801 2137 1855 Dei
2182 1803 2400 1856 realiter
2443 1802 2586 1865 ﬁeri,
2634 1815 3006 1854 aerumnosum
3053 1813 3183 1852 vero
3227 1807 3280 1852 et
3332 1797 3622 1850 molestum

2041 1893 2199 1947 valde
2224 1894 2269 1948 si
2303 1893 2385 1947 vel
2412 1893 2698 1946 minimum
2739 1891 2962 1944 malitiae
2991 1899 3180 1960 portas
3221 1889 3447 1957 aperiat.
3488 1886 3624 1940 Illud

2041 1987 2185 2040 enim
2213 1985 2484 2051 bravium,
2509 1985 2863 2055 intelligentia
2895 1999 3021 2038 cum
3051 1983 3249 2035 virtute
3281 1983 3496 2034 vivente
3535 1996 3623 2033 me

2043 2079 2113 2132 ab
2143 2079 2428 2132 Altissimo
2469 2085 2672 2131 manet.
2733 2094 2749 2128 I
2783 2075 2887 2130 Iste
2930 2083 3014 2129 est
3063 2074 3324 2144 optimus,
3361 2093 3379 2125 ι
3414 2079 3468 2127 et
3505 2087 3622 2141 seq.

2042 2170 2294 2240 Optimus
2343 2172 2451 2233 ille,
2503 2171 2593 2225 ille
2621 2172 2842 2224 virtutis
2868 2169 3140 2238 perfectus
3191 2168 3390 2231 cultor,
3442 2166 3536 2234 qui
3569 2167 3624 2219 in

2043 2271 2240 2315 natura
2273 2276 2530 2332 perversa
2557 2270 2611 2315 et
2641 2261 2781 2313 mala
2828 2261 2971 2315 levia
3003 2259 3251 2329 quadam
3294 2258 3514 2311 malitiae
3534 2271 3625 2311 ve-

2044 2353 2202 2421 stigia
2232 2351 2503 2419 praebens,
2537 2350 2748 2404 fervido
2793 2349 3061 2404 Altissimi
3107 2363 3295 2402 amore
3323 2347 3390 2400 ad
3422 2347 3624 2400 cmlum

2042 2442 2237 2506 tendit,
2269 2441 2641 2496 indesinenter
2667 2440 2834 2502 volat,
2862 2449 2984 2508 post
3009 2447 3221 2510 tergum
3251 2445 3431 2492 autem
3463 2437 3624 2490 mali-

2043 2533 2176 2586 tiam
2216 2531 2396 2600 rejicit
2431 2540 2486 2585 et
2537 2529 2722 2600 fugat;
2750 2530 3211 2600 quemadmodum
3246 2543 3478 2582 currens
3522 2526 3625 2580 ﬂu-

2043 2639 2166 2676 men
2217 2624 2384 2676 alium
2438 2631 2740 2676 torrentem
2802 2622 3080 2692 fragosum
3119 2629 3175 2676 et
3227 2621 3624 2674 tumultuosum

2043 2715 2298 2784 propellit
2332 2725 2386 2770 et
2417 2715 2636 2784 rejicit;
2669 2723 2721 2769 et
2751 2716 2795 2768 si
2838 2714 2969 2783 quid
2993 2713 3120 2767 mali
3143 2710 3624 2772 intermisceretur.

2043 2808 2190 2861 velut
2219 2823 2340 2862 cum
2372 2822 2568 2876 purum
2607 2806 2808 2862 flumen
2846 2821 2942 2876 per
2962 2803 3169 2861 turbidi
3193 2804 3421 2858 alterius
3450 2818 3624 2873 aquas

2043 2899 2245 2968 trajicit
2274 2899 2526 2968 limpidas
2565 2901 2649 2953 sui
2676 2899 2852 2968 ipsius
2882 2898 3078 2960 undas,
3117 2905 3249 2951 tunc
3277 2896 3422 2964 quod
3453 2896 3626 2948 limo—

2042 3007 2162 3045 sum
2193 2998 2313 3044 erat
2343 2998 2704 3060 expurgatur,
2733 2998 2786 3044 et
2835 2991 3038 3044 revelat
3082 2989 3234 3058 prius
3263 2989 3478 3058 ignotas
3507 2987 3628 3040 anic-

2043 3098 2142 3135 mae
2196 3081 2406 3136 sordes.
2450 3080 2702 3136 Hominis
2744 3083 2956 3152 agentis
3000 3082 3174 3136 virtus
3201 3081 3256 3134 in
3293 3080 3625 3149 perfectione

2042 3182 2282 3239 constet,
2310 3174 2430 3243 ipse
2464 3181 2646 3228 autem
2682 3175 2856 3244 magis
2889 3174 2942 3228 in
2963 3172 3297 3228 coelestibus
3339 3169 3625 3240 spiritibus

1992 3293 1998 3299 -
2041 3265 2301 3321 confidat.
2338 3264 2394 3319 Si
2426 3266 2551 3335 quis
2586 3274 2767 3320 autem
2801 3266 2889 3320 hic
2941 3282 3062 3320 cum
3099 3264 3410 3320 hominibus
3436 3264 3627 3318 vivens

2042 3357 2212 3414 Deum
2245 3359 2430 3413 videre
2454 3359 2715 3428 dignatus
2751 3357 2934 3422 fuerit,
2959 3360 3106 3413 velut
3128 3357 3341 3428 Moyses
3358 3367 3411 3410 et
3434 3356 3622 3418 Isaias,

2040 3452 2155 3506 sive
2183 3453 2238 3504 iu
2259 3465 2427 3504 carne
2451 3451 2604 3522 gravi
2636 3451 2809 3505 levior
2842 3450 3018 3506 factus
3052 3451 3106 3504 in
3131 3451 3332 3505 coelum
3365 3447 3430 3501 ad
3454 3447 3625 3501 Deum

2040 3543 2217 3596 instar
2257 3541 2442 3596 Enoch
2491 3549 2545 3596 et
2579 3541 2708 3596 Elia:
2755 3541 3074 3602 avolaverit,
3125 3539 3303 3609 gloria
3343 3547 3394 3591 et
3451 3536 3627 3589 honor

2041 3633 2154 3689 Deo
2190 3634 2318 3700 soli,
2375 3634 2628 3688 homines
2680 3641 2860 3686 autem
2913 3631 3180 3686 modestia
3224 3629 3280 3683 in
3323 3629 3528 3681 virtute
3570 3635 3625 3680 et

2040 3727 2277 3782 elatione
2314 3725 2550 3780 maxime
2579 3723 2801 3793 expedit
2846 3722 3229 3794 supervestiri,
3279 3721 3445 3791 idque
3476 3720 3625 3774 salu-

2043 3827 2158 3872 tare
2184 3824 2420 3871 constat.

357 3926 441 3959 κει
467 3908 601 3976 πρὸς
644 3907 805 3970 Θεὸν,
831 3907 906 3970 ώς
950 3906 1119 3978 Ἑνώχ
1147 3925 1208 3960 τε
1235 3907 1394 3970 αὐτὸς
1423 3909 1516 3960 καὶ
1550 3909 1730 3971 Ἠλίας
1764 3912 1899 3981 (52),
1932 3912 2088 3964 τοῦτο
2120 3909 2248 3973 δόξα
2273 3907 2409 3960 Θεοῦ
2440 3908 2534 3960 καὶ
2554 3907 2688 3977 τιμὴ
2713 3905 2908 3976 δηλαδή
2931 3923 2943 3934 ·
2968 3905 3165 3977 μέτρον
3194 3905 3251 3958 δὲ
3272 3907 3386 3968 τοῖς
3419 3901 3626 3976 ἀνθρὼ-

356 4017 480 4062 ποις
510 4003 607 4070 τῆς
643 3999 841 4069 ἀρετῆς
877 4001 968 4052 καὶ⁸
1011 4000 1110 4070 τῆς
1145 4000 1404 4069 ὑψώσεως
1435 4001 1874 4058 λυσιτελέστατον
1911 4002 2299 4075 ἐπιϐεϐλῆσθαι
2327 4003 2420 4056 καὶ
2448 3999 2808 4072 σωτηριῶδες.

312 4154 315 4157 .
356 4115 425 4167 85
440 4117 502 4167 Et
520 4112 687 4179 δ’ᾶγε
699 4128 786 4163 τοι
798 4111 897 4182 καὶ
912 4112 1126 4164 τοῦτον
1137 4111 1250 4180 ἐγὼ
1263 4114 1449 4182 λόγον
1469 4113 1538 4164 ἐν
1555 4113 1732 4182 φρεσὶ
1751 4114 1937 4180 θήσω,

355 4185 425 4240 86
443 4183 575 4248 Πῶς
612 4199 718 4234 κεν
748 4180 858 4250 τῆς
883 4182 1151 4251 μεγάλης
1178 4181 1398 4249 ἀρετῆς
1431 4182 1538 4324 ἐπὶ
1561 4180 1785 4237 τέλσον
1812 4186 1940 4305 ἔκη-

1541 4272 1628 4318 αι,
1664 4271 1714 4306 κ.
1740 4271 1789 4306 τ.
1853 4295 1866 4306 .

1541 4272 1628 4318 αι,
1664 4271 1714 4306 κ.
1740 4271 1789 4306 τ.
1819 4271 1866 4306 Λ.

424 4361 549 4418 Εἶεν
576 4365 640 4435 δὴ
684 4358 776 4416 οῦν
814 4365 907 4416 καὶ
966 4362 1152 4416 τοῦτον
1208 4363 1320 4430 ἐγὼ
1360 4362 1450 4416 τὸν
1489 4363 1643 4432 λόγον
1679 4367 1798 4428 ταῖς
1825 4367 1944 4428 σαῖς

353 4457 738 4527 παραθήσομαι
773 4455 985 4524 φρεσὶν,
1024 4457 1056 4524 ή
1095 4454 1343 4523 θεολόγος
1372 4454 1620 4519 σαλπίζει
1650 4458 1820 4527 φωνή.
1847 4457 1943 4519 Τίς

353 4549 412 4602 δὲ
439 4551 467 4600 6
496 4547 678 4614 λόγος;
705 4545 828 4608 Πῶς
857 4545 923 4598 ἂν
957 4548 1035 4609 εἰς
1065 4547 1378 4616 τελειότητα
1401 4548 1501 4617 τῆς
1541 4548 1783 4617 μεγάλης
1811 4549 1940 4617 ἀφί-

356 4661 473 4696 κοιο
529 4642 750 4711 ἀρετῆς,
789 4642 910 4711 ἥτις
953 4643 1086 4712 μόνη
1123 4642 1337 4712 καθαρά
1370 4642 1530 4696 θυσία
1559 4642 1636 4711 τῷ
1668 4644 1812 4712 μόνῳ
1843 4643 1943 4711 τὴν

354 4734 518 4801 φύσιν
573 4733 809 4801 ὑπάρχει
857 4731 1108 4802 καθαρῷ;
1153 4733 1266 4784 Οὐκ
1298 4726 1451 4801 οἶμαι
1501 4731 1578 4796 δὲ,
1619 4732 1774 4800 φησὶ,
1801 4733 1944 4786 κατά

351 4826 446 4877 τὸν
479 4825 720 4893 παρόντα
746 4822 858 4892 βίον
878 4822 971 4875 τοῦ
993 4824 1295 4894 ἀκροτάτου
1310 4823 1745 4894 καταδράξασθαι
1757 4824 1944 4886 τέλους

352 4917 523 4986 αὐτῆς
543 4933 556 4944 ο
592 4916 759 4978 πολὺς
783 4915 891 4985 γὰρ
912 4917 941 4967 6
960 4915 1186 4979 καπνὸς,
1220 4915 1387 4978 πολὺς
1419 4916 1446 4966 6
1474 4915 1634 4982 ζόφος
1667 4916 1694 4965 6
1713 4914 1820 4966 ἀπὸ
1845 4915 1944 4983 τῆς

352 5009 444 5060 τοῦ
474 5007 724 5077 σώματος
764 5005 963 5076 ἀχλύος
1013 5009 1123 5068 τοῖς
1156 5005 1398 5076 ὄμμασιν
1431 5005 1823 5074 ἐπικεχυμένος
1848 5003 1942 5056 τοῦ

354 5100 446 5152 νοῦ
471 5118 483 5129 ⁸
515 5099 795 5170 ἀγαπητὸν
833 5099 891 5151 δέ
925 5115 1012 5166 μοι
1044 5099 1172 5167 ἄρα,
1204 5099 1252 5149 εἰ
1284 5099 1374 5150 καὶ
1403 5098 1541 5168 μετὰ
1564 5099 1661 5170 τὴν
1685 5099 1834 5151 λύσιν
1848 5099 1942 5153 τοῦ

355 5191 811 5263 ἐπιπροσθοῦντπ
853 5191 1045 5258 νέφους
1077 5191 1521 5260 ἀποσμηξαμένῳ
1564 5193 1632 5244 τὰ
1661 5192 1944 5266 δακρυώδη

357 5286 496 5338 κατά
519 5286 698 5338 πάντα
733 5284 882 5346 ἐντὸς
908 5282 1000 5336 τοῦ
1033 5282 1167 5334 Θεοῦ
1205 5284 1419 5352 καὶτῆς
1457 5284 1780 5356 εἰλικρινοῦς
1810 5289 1942 5359 ἀρε-

358 5378 455 5446 τῆς
473 5376 907 5446 καταληφθῆναι.
928 5375 1089 5427 Ἀλλά
1105 5375 1187 5436 τίς
1205 5376 1237 5445 ἡ
1260 5375 1406 5427 αἰτία
1429 5377 1529 5445 τῆς
1552 5378 1944 5449 κατορθώσεως

355 5470 560 5539 αὑτῆς;
597 5467 716 5521 οὔτε
743 5469 850 5536 γὰρ
883 5467 1046 5538 μόνου
1093 5466 1187 5518 τοῦ
1236 5467 1369 5520 Θεοῦ
1408 5468 1567 5521 τοῦτο
1590 5469 1760 5540 δῶρον
1777 5472 1957 5542 ὑπάρ-

358 5578 463 5632 χει,
513 5561 612 5630 τὴν
670 5559 861 5612 ἑαυτοῦ
911 5557 1268 5626 σεμνύνοντος
1317 5558 1502 5612 εἰκόνα
1528 5577 1542 5588 ⁸
1574 5564 1708 5615 πᾶσι
1737 5567 1845 5635 γάρ
1877 5565 1944 5619 ἂν

359 5650 502 5704 κατὰ
533 5651 696 5717 φύσιν
726 5648 1031 5720 ἀνθρώποις
1065 5650 1287 5721 προσῆν,
1315 5649 1389 5713 ὡς
1411 5650 1471 5702 τὸ
1508 5651 1722 5720 λογικὸν
1762 5659 1855 5710 καὶ
1882 5657 1944 5711 τδ

360 5741 574 5812 θνητὸν,
600 5740 696 5794 καὶ
739 5741 903 5792 λύοιτ’
937 5739 1002 5792 ἂν
1040 5737 1213 5801 οὕτως
1258 5739 1318 5791 τὸ
1349 5739 1635 5805 αὑτοθελὲς
1678 5747 1768 5798 καὶ
1821 5749 1941 5801 αὐτ.

433 5854 541 5924 (51)
581 5855 716 5911 Cod.
756 5854 976 5924 κομιδή,
1005 5859 1057 5906 et
1103 5851 1181 5906 sic
1215 5851 1354 5904 infra
1391 5866 1622 5921 semper.

2044 4116 2113 4170 85
2135 4117 2171 4168 Α
2185 4131 2244 4184 ge
2259 4129 2376 4167 vero
2392 4121 2440 4184 et
2458 4113 2595 4184 hunc
2613 4128 2707 4178 ego
2739 4127 3029 4184 sermonem
3047 4121 3151 4184 (iur
3169 4116 3327 4162 ment:
3343 4123 3620 4184 apponam.

2044 4187 2113 4242 86
2137 4180 2410 4250 Quomodo
2429 4183 2496 4236 ad
2521 4198 2740 4236 summa:
2765 4181 2973 4234 virtutis
2997 4180 3199 4233 culmen
3216 4181 3484 4250 perveniet,
3501 4181 3636 4245 ,ete,

2118 4365 2358 4436 Agedum
2393 4374 2447 4419 ct
2479 4364 2624 4419 hunc
2653 4378 2958 4420 sermonem
2981 4362 3253 4417 mentibus
3289 4362 3396 4416 tuis
3427 4374 3628 4430 propo-

2050 4438 2198 4521 nam,
2240 4455 2496 4508 buccinat
2529 4453 2835 4522 theologica
2870 4467 2972 4506 vox
2999 4469 3013 4504 :
3045 4454 3177 4521 quis
3212 4452 3435 4504 sermo?
3483 4454 3630 4517 Quo-

2050 4547 2212 4601 modo
2261 4546 2327 4599 ad
2368 4545 2760 4614 perfectionem
2799 4559 3008 4613 magna:
3059 4543 3341 4613 pervenies
3388 4541 3626 4604 virtutis.

2047 4653 2167 4706 qua:
2200 4639 2315 4693 sola
2354 4637 2556 4692 oblatio
2595 4637 2820 4698 munda,
2873 4637 2973 4690 soli
3005 4652 3143 4706 puro
3173 4651 3238 4689 ex
3287 4646 3482 4689 natura
3528 4650 3629 4689 sua

2046 4732 2193 4787 stat?
2245 4729 2364 4784 Non
2412 4730 2686 4792 arbitror,
2736 4729 2948 4798 inquit,
3005 4744 3091 4782 me
3143 4727 3632 4798 comprehendisse

2047 4825 2222 4896 ipsius
2270 4839 2580 4889 summum,
2628 4822 2872 4892 quandiu
2926 4822 2978 4875 in
3024 4823 3276 4890 praesenti
3318 4837 3438 4876 sum
3473 4822 3627 4884 vita;

2047 4933 2172 4972 nam
2211 4917 2415 4971 inultus
2447 4916 2649 4979 fumus,
2684 4917 2920 4969 tenebrae
2942 4915 3148 4978 multae,
3175 4929 3297 4984 qua:
3322 4930 3352 4968 e
3376 4914 3628 4983 corporis

2047 5011 2265 5065 nebulis
2298 5009 2668 5063 extenduntur
2707 5007 2898 5062 oculos
2951 5007 3151 5060 mentis
3199 5005 3630 5072 circumsepien-

2047 5111 2162 5169 tes;
2202 5104 2404 5158 bonum
2439 5104 2484 5156 si
2533 5110 2820 5171 postquam
2851 5099 3134 5153 evanueiit
3183 5098 3381 5152 nebula
3429 5096 3626 5160 offusa,

2048 5196 2300 5264 lugendis
2341 5210 2370 5247 a
2402 5196 2560 5249 malis
2591 5193 2848 5247 omnibus
2892 5192 3145 5261 expedito
3178 5191 3309 5244 mihi
3343 5190 3630 5256 contingat

2047 5289 2101 5341 in
2131 5287 2299 5340 Deum
2331 5295 2380 5340 et
2412 5287 2467 5340 in
2502 5286 2788 5355 probatam
2824 5285 3085 5338 virtutem
3121 5282 3329 5336 induci.
3367 5281 3472 5335 Sed
3507 5296 3629 5350 qua:

2047 5380 2114 5433 ad
2144 5381 2400 5432 virtutem
2436 5377 2756 5432 directionis
2785 5375 2988 5430 causa?
3017 5389 3126 5427 non
3162 5375 3306 5426 enim
3337 5374 3508 5428 solius
3535 5373 3626 5427 Dei

2047 5473 2249 5526 donum
2285 5479 2369 5525 est
2397 5470 2570 5539 ipsius
2609 5469 2901 5540 imaginem
2932 5468 3293 5538 glorilicantis
3320 5486 3332 5520 :
3371 5467 3628 5520 omnibus

2049 5561 2348 5617 secundum
2387 5569 2640 5614 naturam
2683 5560 2995 5614 hominibus
3033 5560 3240 5622 aderat,
3275 5561 3420 5614 sicut
3449 5566 3504 5614 et
3541 5574 3629 5612 ra-

2049 5656 2214 5707 tionis
2257 5652 2487 5707 facultas
2527 5663 2584 5706 et
2638 5653 2800 5706 morti
2837 5651 3195 5717 obnoxietas;
3250 5651 3629 5705 destrueretur

2050 5743 2151 5796 hoc
2176 5742 2338 5795 verbo
2361 5741 2725 5795 voluntarium
2754 5750 2806 5797 et
2842 5741 3070 5796 liberum
3098 5739 3420 5795 arbitrium:
3452 5754 3630 5809 neque

2121 5856 2233 5928 (5‘2)
2263 5857 2397 5913 Cod.
2453 5854 2655 5910 Ἡλίου.
