4182 6362
526 312 635 370 723

525 439 694 492 etiam
724 437 983 495 desiderii
1024 442 1199 497 nostri
1240 442 1415 500 solius
1452 460 1594 518 opus
1635 457 1724 503 aut
1773 448 2060 505 electionis
2093 469 2105 504 :

530 530 624 585 sed
647 522 930 587 amborum
960 534 1124 589 simul
1146 539 1490 608 agnoscenda
1518 542 1820 597 necessitas
1840 551 1895 597 et
1925 542 2113 596 volun-

532 624 665 679 tatis
702 633 906 681 nostra;
938 638 995 681 et
1023 628 1502 699 omnipotentioris
1538 631 1634 687 Dei
1660 649 1876 691 manus.
1908 633 2113 702 Quem-

529 716 824 773 admodum
875 722 1022 775 enim
1069 722 1372 778 secundum
1433 734 1689 782 naturam
1754 744 1909 784 suam
1960 730 2112 784 visus

531 811 810 879 proposita
834 827 947 867 non
970 812 1118 869 videt
1137 815 1345 886 absque
1372 816 1487 872 sole
1511 818 1878 886 illuminante,
1910 822 2113 892 quippe

527 902 621 971 qui
652 903 828 957 visum
858 904 1129 959 illuminat
1166 913 1219 961 et
1252 908 1465 977 primus
1498 909 1569 966 ab
1595 910 1692 965 illo
1724 913 1998 969 cernitur:
2031 916 2113 968 sic

529 1007 685 1048 mens
711 994 1055 1051 rationabilis
1084 1002 1138 1050 et
1164 1011 1260 1066 per
1285 997 1525 1067 seipsam
1574 1014 1763 1070 agens,
1791 1000 1858 1054 ad
1896 1002 2112 1057 virtutis

527 1084 857 1140 exercitium
923 1085 1273 1143 eonfortante
1326 1088 1435 1144 Deo
1503 1106 1666 1161 supra
1733 1107 1794 1148 se
1856 1093 2107 1162 erigitur.

532 1193 553 1225 ι
595 1174 709 1261 Duo
740 1177 960 1245 quidem
993 1194 1023 1232 a
1052 1195 1251 1250 magno
1278 1181 1412 1248 Deo,
1445 1202 1463 1234 ι
1499 1192 1553 1239 et
1592 1200 1712 1255 seq.
1749 1183 1879 1239 Dua:
1907 1194 2108 1255 partes,

529 1270 707 1339 prima
736 1279 791 1325 et
816 1270 1057 1327 secunda
1088 1288 1117 1327 a
1152 1272 1262 1329 Deo
1290 1277 1343 1331 in
1381 1277 1634 1333 virtutem
1668 1279 1933 1336 ducentes
1962 1295 2113 1334 euta-

525 1370 682 1427 nant,
718 1379 881 1417 unam
913 1380 1043 1420 vero
1072 1381 1101 1420 a
1138 1367 1293 1423 nobis
1325 1369 1377 1423 in
1411 1369 1581 1441 ipsam
1619 1370 1881 1427 inducere
1913 1373 2111 1428 intelli-

526 1456 760 1525 gendum
788 1466 892 1513 est.

525 1641 594 1696 98
629 1640 725 1697 ιιιε
752 1661 832 1698 me
861 1660 1104 1704 capacem
1139 1647 1289 1715 efﬁcit
1320 1648 1440 1702 boni
1468 1658 1517 1702 et
1549 1649 1682 1703 vires
1712 1653 2033 1719 suppeaimt.

595 1814 863 1886 Capacem
918 1819 1135 1874 virtutis
1168 1829 1221 1874 et
1270 1819 1395 1874 boni
1448 1818 1577 1876 iecit
1623 1819 1767 1877 Deus
1827 1822 2105 1879 hominem

522 1906 612 1961 cui
672 1908 798 1963 houi
848 1910 1057 1965 semina
1109 1911 1460 1981 impertivit:
1522 1912 1697 1983 prima
1755 1914 2108 1987 secundaque

524 2015 651 2069 pars
682 2000 749 2055 ab
790 2001 883 2057 illo
911 2020 924 2056 :
975 2003 1275 2072 potentiam
1305 2013 1361 2060 et
1393 2006 1539 2061 vires
1567 2005 1635 2061 ad
1683 2007 2021 2078 operandum
2051 2017 2107 2064 et

523 2108 696 2163 usque
717 2094 782 2149 ad
819 2096 980 2151 hiicm
1008 2097 1472 2166 perseverantiam
1498 2097 1703 2152 donat:
1735 2109 1985 2154 nostrum
2016 2116 2105 2154 au-

521 2196 630 2241 tem
663 2186 893 2243 viriliter
912 2187 1117 2244 bonum
1143 2189 1364 2262 eligere.
1396 2189 1582 2262 Itaque
1608 2201 1870 2261 tanquam
1901 2192 2105 2248 athleta

517 2279 766 2347 quidam,
797 2293 895 2334 nec
921 2281 1210 2349 expeditus
1236 2281 1480 2352 quidem,
1507 2284 1669 2340 nimis
1699 2285 2105 2341 retardautibus

518 2373 770 2441 mrporis
797 2374 1179 2444 compedibus,
1209 2390 1311 2446 ego
1339 2392 1434 2447 per
1482 2377 1719 2432 medium
1768 2377 2005 2434 stadium
2037 2379 2102 2433 ad

520 2473 723 2517 metam
749 2477 935 2529 curro,
968 2481 1069 2522 nec
1100 2470 1322 2537 pratmio
1352 2483 1450 2524 nec
1474 2484 1675 2525 corona
1699 2484 1916 2533 carens,
1937 2486 2104 2527 meni-

521 2556 614 2609 bra
640 2558 890 2627 corporis
925 2561 1216 2619 conatibus
1253 2562 1528 2633 laetisque
1560 2578 1866 2628 consumo;
1904 2565 2105 2635 illaque

517 2664 620 2705 nec
654 2652 853 2707 virium
891 2668 1136 2709 mearum
1169 2669 1269 2711 nec
1298 2658 1535 2729 encrgia:
1571 2672 1703 2713 mea
1734 2672 1894 2728 Opus,
1941 2658 2103 2713 Clu-i-

514 2753 637 2797 stus
688 2744 821 2798 mihi
873 2745 1073 2802 halitus
1115 2756 1170 2803 et
1215 2747 1350 2810 vita.
1385 2749 1644 2806 Christus
1678 2750 1941 2806 fortitudo
1982 2767 2099 2808 mea

514 2848 570 2893 et
614 2840 788 2910 gloria
833 2852 884 2896 et
920 2842 1126 2899 divitia:
1174 2854 1232 2900 et
1280 2844 1417 2899 mira
1455 2846 1757 2902 beatitudo.
1810 2866 1829 2900 ι
1871 2847 1974 2913 Qui
2016 2862 2104 2902 me

515 2931 958 2990 considerantem
984 2944 1038 2991 et
1074 2935 1210 2993 bene
1244 2947 1580 2995 currentem.
1625 2958 1643 2991 ι
1681 2940 1733 2994 Id
1756 2952 1877 2997 est:
1917 2940 2103 2995 cousi-

517 3024 860 3081 deratioucm
912 3038 967 3083 et
1017 3028 1474 3086 exercitationem
1523 3032 1785 3102 exponit;
1832 3041 2104 3103 quotquot

515 3133 647 3189 ergo
674 3118 929 3188 spiritum
964 3130 1019 3176 et
1050 3121 1427 3179 fortitudinem
1460 3125 1768 3179 sortiuntur
1792 3141 1946 3182 suam
1980 3139 2103 3182 esse

514 3212 818 3276 Christum,
857 3216 909 3270 hi
945 3216 1011 3271 ad
1041 3216 1260 3275 virtutis
1288 3235 1428 3290 opus
1457 3220 1801 3293 diriguntur;
1832 3230 2102 3292 quotquot

511 3318 643 3360 vero
694 3308 813 3363 sine
849 3309 945 3361 illo
975 3323 1005 3361 a
1035 3308 1234 3381 seirsis
1266 3325 1429 3383 agere
1472 3324 1767 3375 conantur,
1811 3313 1964 3369 stulti
2009 3312 2099 3369 isti

516 3398 765 3456 homines
801 3411 855 3456 et
900 3416 1094 3459 omnes
1131 3413 1262 3459 sunt
1306 3405 1606 3475 crepundia
1649 3406 1849 3461 debilia
1894 3417 1947 3462 et
1973 3421 2100 3461 eor-

515 3499 699 3559 rupta,
741 3490 1130 3549 incredulitate
1176 3503 1231 3550 et
1278 3496 1524 3565 peccatis
1573 3497 1777 3552 mortui
1825 3496 2099 3563 fauentes,

515 3583 832 3655 frustraque
883 3586 1067 3642 vivere
1106 3602 1166 3643 se
1200 3589 1561 3645 a‘stimantes.
1609 3590 1664 3644 Si
1712 3588 1875 3655 forte,
1923 3590 2102 3662 inquit

513 3672 894 3744 ΤΙιροδορΙιιιε,
922 3690 1076 3731 avem
1113 3677 1323 3746 abSque
1353 3691 1479 3733 aere
1505 3679 1803 3746 volantem,
1849 3690 1946 3736 aut
1980 3680 2102 3737 sine

512 3779 653 3833 aqua
678 3774 957 3820 natantem
986 3777 1040 3821 et
1072 3767 1408 3823 volutantem
1440 3783 1499 3824 se
1527 3769 1732 3826 videris
1755 3769 2097 3845 delphinum,

511 3867 566 3912 et
604 3859 877 3914 hominem
923 3859 1135 3916 videbis
1172 3861 1293 3917 sine
1324 3860 1551 3917 Christo
1588 3863 1641 3917 in
1685 3863 1772 3917 via
1802 3864 2022 3919 virtutis
2046 3876 2101 3920 et

509 3952 578 4005 ad
617 3950 899 4008 Christum
945 3953 1083 4009 bene
1114 3963 1426 4009 currentem
1472 3963 1528 4010 et
1559 3962 1759 4010 metam
1796 3969 2101 4026 assequen—

510 4053 642 4105 tem.
689 4061 710 4096 ι
747 4045 935 4116 Itaque
969 4062 1036 4101 ne
1062 4060 1249 4102 coram
1275 4062 1360 4101 me
1393 4046 1623 4101 multum
1669 4046 1946 4119 glorieris,
1990 4065 2008 4098 ι
2044 4053 2100 4102 et

510 4152 626 4206 seq.
665 4136 824 4201 Cum,
858 4137 1057 4208 inquit,
1087 4138 1207 4195 sine
1229 4135 1359 4193 Jesu
1384 4138 1588 4194 Christi
1616 4138 1859 4208 potentia
1884 4148 1939 4194 et
1968 4154 2100 4209 ope-

509 4231 725 4297 ratione
751 4230 888 4289 nihil
919 4230 1099 4303 possis
1134 4230 1345 4294 facere,
1382 4247 1449 4286 ne
1485 4231 1698 4301 loquela
1734 4230 1969 4300 superba
1992 4232 2100 4285 eri-

509 4324 679 4393 garis.
714 4339 892 4393 neque
930 4324 1129 4379 elatius
1162 4323 1216 4378 in
1248 4324 1679 4394 cogitationibus
1707 4324 1820 4379 tuis
1855 4331 1909 4380 te
1937 4338 2100 4395 geras

508 4420 667 4487 quasi
708 4417 1175 4489 prudentissimus
1213 4425 1268 4473 et
1299 4417 1744 4487 sapientissimus
1784 4418 1884 4481 sis,
1916 4432 2099 4488 neque

507 4509 716 4564 virtute
757 4508 1074 4575 inferiorem
1119 4509 1311 4565 videns
1359 4507 1567 4563 tumide
1598 4517 1651 4563 te
1696 4508 2094 4580 magnipendas

509 4602 671 4673 quasi
709 4608 941 4657 cunctos
988 4616 1216 4672 superes
1267 4599 1491 4682 propior
1531 4600 1756 4655 virtutis
1785 4599 2091 4668 accedens;

507 4714 635 4755 nam
673 4713 903 4759 summa:
940 4711 1199 4769 suprema
1239 4696 1460 4751 virtutis
1484 4734 1499 4759 ,
1550 4695 1687 4750 illud
1734 4697 1881 4750 enim
1922 4695 2093 4766 signi—

510 4792 636 4846 ﬁeat
668 4790 880 4862 τέρμα,
914 4797 1089 4853 meta,
1114 4805 1224 4843 non
1257 4797 1344 4845 est
1384 4787 1477 4869 qui
1515 4801 1780 4861 prospere
1815 4787 2093 4856 attingens

511 4890 626 4945 tiat,
662 4900 771 4937 non
795 4890 882 4939 est
912 4883 1005 4952 qui
1035 4880 1427 4952 perfectionem
1456 4888 1807 4949 assequatur,
1850 4878 1946 4949 qui
1980 4894 2094 4933 non

509 4971 813 5028 secundum
862 4968 1145 5025 Christum
1191 4969 1385 5037 agonis
1429 4969 1592 5023 linem
1641 4977 1696 5024 et
1738 4968 1884 5023 viam
1934 4983 2090 5024 suam

509 5065 709 5133 posuit.
761 5061 956 5117 Adhuc
984 5078 1116 5134 ergo
1157 5062 1212 5116 in
1240 5077 1406 5117 carne
1448 5061 1661 5127 vivens,
1714 5061 1857 5115 intra
1892 5069 2092 5116 metam

508 5172 738 5211 manens
788 5170 966 5226 neque
1015 5154 1259 5211 stadium
1303 5170 1622 5218 emensum,
1679 5170 1857 5226 neque
1908 5154 2094 5226 reipsa

504 5254 674 5305 vitam
716 5256 1029 5306 assecutum
1065 5262 1189 5305 esse
1220 5254 1273 5302 te
1316 5247 1570 5318 superbis
1596 5231 1787 5303 verbis
1809 5247 2089 5317 gloriaris.

509 5422 611 5480 H3
636 5422 819 5495 Neque
851 5424 1075 5478 nimium
1102 5424 1311 5489 timeas,
1334 5439 1426 5477 nec
1453 5423 1677 5477 nimium
1700 5423 1962 5493 conﬁdas,
1982 5428 2091 5477 etc.

580 5577 748 5632 Deum
782 5579 1052 5635 viventem
1096 5579 1290 5634 timere
1322 5587 1377 5634 et
1408 5577 1651 5633 revereri
1692 5578 1921 5632 multum
1954 5578 2097 5633 valet

536 5710 691 5789 “(33)
723 5710 778 5764 In
821 5713 1041 5789 scholiis
1065 5713 1278 5774 Billius.
1321 5714 1605 5789 codicibus
1622 5715 1739 5771 suis
1770 5731 2086 5789 repugnan-

510 5784 677 5843 ti‘ms,
704 5797 800 5857 pro
831 5784 1087 5857 τρομέειν
1114 5801 1396 5857 ΓιτρυιιθῐτεΔ
1432 5787 1599 5841 voluit
1644 5784 1925 5857 φρονέειν(
1960 5787 2089 5852 "nia

510 5864 704 5909 versus
721 5853 794 5908 ita
809 5855 1080 5911 scribatur
1101 5853 1352 5913 carm.56
1380 5854 1549 5928 [nunc
1572 5853 1846 5930 58‘|,'vers.
1866 5857 1927 5913 61
1952 5856 2086 5929 Λίην

1880 324 2181 384 NICETAS
2220 320 2431 379 DAVID

3709 312 3820 370 7%

2216 443 2485 513 εεούσιονξ·
2506 442 2619 498 οὔτ’
2648 432 2743 495 οὖν
2766 439 2927 513 ἔργον
2942 441 3038 512 τῆς
3057 437 3332 511 ἡμετέρας
3354 437 3607 509 μενοινῆς
3627 435 3814 507 μόνης,

2215 539 2334 611 ἦτοι
2365 536 2741 609 προαιρέσεως
2764 550 2778 563 ⁸
2813 535 3016 605 ἀμφοῖν
3051 534 3108 586 δὲ
3136 531 3584 603 ὁμολογουμένως
3614 528 3813 601 χρεὼν,

2216 631 2315 701 τῆς
2338 647 2397 683 τε
2430 628 2742 699 προθέσεως
2777 627 2877 697 τῆς
2923 625 3065 696 ἐμῆς
3100 625 3197 678 καὶ
3244 623 3641 697 κραταιοτέρας
3681 619 3816 674 Θεοῦ

2215 723 2417 791 δεξιᾶς.
2459 724 2673 793 Ὠσπερ
2704 720 2814 792 γὰρ
2844 721 2877 790 ἠ
2904 720 3095 789 ὅρασις
3115 718 3299 781 οὔπως
3326 718 3391 771 ἂν
3411 716 3552 770 κατὰ
3580 715 3679 786 τὴν
3703 712 3817 778 ἕξιν

2214 817 2384 887 αὐτῆς
2416 815 2670 887 καθορῴη
2698 814 2764 867 τὰ
2788 812 2962 885 ὁρατὰ
2982 811 3075 865 τοῦ
3107 811 3433 881 φωτίζοντος
3464 808 3617 878 ἡλίου
3649 806 3817 877 χωρὶς

2216 910 2399 986 (αὐτὸς
2442 908 2552 978 γὰρ
2604 906 2834 976 φωτίζει
2862 904 2959 976 τὴν
2982 904 3106 973 ὄψιν
3151 904 3246 956 καὶ
3283 900 3500 973 πρῶτος
3520 899 3610 952 ὑπ’
3644 898 3817 967 αὐτῆς

2212 1001 2453 1072 ὁρᾶται),
2494 998 2668 1061 οὕτως
2722 1000 2756 1068 ἡ
2800 995 2993 1065 λογικὴ
3021 993 3171 1065 ψυχὴ
3209 994 3303 1046 καλ⁵
3332 990 3683 1060 αὑτοκίνητος
3707 988 3817 1043 ἀπὸ

2212 1091 2348 1145 Θεοῦ
2386 1092 2729 1165 ῥωννυμένη,
2767 1090 2905 1161 πρὸς
2937 1088 3041 1159 τὴν
3066 1088 3163 1159 τῆς
3190 1085 3393 1159 ἀρετῆς
3425 1084 3625 1156 πρᾶξιν
3648 1082 3810 1136 διανί-

2214 1201 2408 1237 σταται
2445 1182 2504 1248 ea
2542 1184 2766 1248 ὲαυτῆς.

2213 1275 2373 1329 Δοιαί
2399 1274 2517 1344 μὲν
2535 1274 2820 1344 μεγάλοιο
2845 1272 3014 1336 Θεοῦ,
3044 1289 3096 1325 κ.
3124 1288 3174 1325 τ.
3202 1269 3281 1334 ἐξ.

2284 1366 2388 1419 Δύο
2438 1366 2537 1437 μὲν
2566 1365 2782 1436 μοίρας,
2818 1362 3046 1435 πρώτην
3072 1364 3168 1415 καὶ
3198 1359 3451 1432 ὑστέραν,
3491 1359 3568 1423 ὡς
3589 1358 3697 1412 ἀπὺ
3717 1357 3812 1412 τοῦ

2213 1458 2349 1511 Θεοῦ
2380 1458 2516 1528 πρὸς
2544 1456 2884 1529 κατόρθωσιν
2926 1456 3024 1526 τῆς
3055 1452 3281 1524 ἀρετῆς,
3317 1451 3448 1523 μίαν
3473 1451 3530 1504 δὲ
3566 1449 3815 1520 εἰσφέρε-

2216 1550 2338 1604 σθαι
2371 1550 2587 1619 νοητέον
2622 1550 2750 1621 παρ’
2782 1547 2959 1620 ἡμῶν.

2215 1650 2285 1705 98
2324 1650 2535 1718 Κεῖιςοζν
2573 1650 2788 1704 δεκτόν
2822 1648 3003 1717 ἔθηκε
3042 1646 3236 1701 καλοῦ
3275 1644 3631 1787 καὶῐέιάρτος
3668 1641 3815 1766 οἰτό-

3424 1734 3496 1781 ει,
3526 1732 3581 1768 κ.
3607 1733 3657 1767 τ.
3724 1755 3738 1768 .

3424 1734 3496 1781 ει,
3526 1732 3581 1768 κ.
3607 1733 3657 1767 τ.
3690 1732 3738 1768 Α.

2292 1821 2351 1875 '0
2375 1821 2474 1893 μὲν
2502 1822 2635 1886 Θεὸς
2655 1819 2903 1875 δεκτικὸν
2923 1818 3126 1891 ἀρετῆς
3156 1818 3252 1871 καὶ
3283 1816 3376 1870 τοῦ
3404 1815 3570 1870 καλοῦ
3591 1816 3685 1869 τὸν
3713 1815 3812 1869 ἆν-

2209 1914 2425 1986 θρωπον
2455 1917 2708 1987 ποιήσας,
2742 1912 2815 1966 τὰ
2841 1912 3130 1982 σπέρματα
3160 1910 3403 1982 παρέσχε
3436 1907 3531 1962 τοῦ
3554 1905 3763 1977 ἀγαθοῦ
3789 1925 3803 1937 '

2207 2007 2345 2080 αὕτη
2391 2008 2581 2079 πρώτη
2606 2022 2621 2036 ·
2672 2005 2900 2077 δευτέρα
2937 2004 2994 2057 δὲ
3037 2006 3202 2075 μοῖρα
3229 2004 3359 2073 παρ’
3387 2001 3576 2067 αὐτοῦ,
3612 2001 3813 2072 κράτος

2208 2107 2304 2155 καὶ
2327 2103 2479 2172 ἰσχὺν
2512 2101 2649 2172 προς
2669 2100 2770 2170 τὴν
2802 2097 3066 2170 ἐργασίαν
3094 2096 3190 2150 καὶ
3229 2095 3358 2167 ἄχρι
3390 2094 3578 2157 τέλους
3603 2095 3812 2165 ὑπομο-

2207 2194 2302 2266 νὴν
2326 2194 2577 2265 δωρεῖται
2597 2210 2610 2224 ο
2645 2192 2913 2264 ἡμέτερον
2940 2188 3313 2261 δὲζπροθύμως
3343 2184 3615 2257 αἱρεῖσθαι
3636 2187 3812 2254 τάγα-

2208 2288 2318 2343 θόν.
2357 2288 2465 2340 Καὶ
2495 2287 2672 2340 τοίνυν
2706 2284 2816 2354 ἐγὼ
2842 2283 2937 2338 τοῦ
2984 2283 3201 2337 σταδίου
3237 2280 3400 2353 μέσον
3422 2275 3511 2333 οἷὰ
3542 2297 3626 2343 τις
3664 2280 3812 2347 ἀγω-

2207 2377 2413 2451 νιστὴς,
2442 2379 2538 2433 καὶ
2569 2378 2678 2431 οὐδ’
2711 2376 2954 2451 ἐλαφρὸς
2988 2379 3149 2448 ἄγαν,
3190 2379 3312 2441 ταῖς
3345 2376 3439 2429 τοῦ
3475 2375 3725 2447 σώματος
3753 2375 3810 2427 δὲ

2207 2472 2398 2536 πέδαις
2447 2471 2835 2543 βαρυνόμενος,
2890 2471 2984 2525 καὶ
3043 2472 3252 2543 τρέχων
3292 2470 3435 2525 κατὰ
3476 2469 3680 2523 σκοπὸν
3710 2469 3811 2521 οὐκ

2205 2565 2531 2636 ἀγέραστος,
2548 2565 2669 2618 οὐδὲ
2698 2566 2979 2633 στεφάνων
2995 2565 3150 2635 ἄτερ,
3180 2562 3250 2617 τὰ
3281 2563 3416 2634 μέλη
3439 2562 3535 2616 τοῦ
3559 2561 3808 2633 σώματος

2205 2659 2315 2720 τοῖς
2344 2656 2580 2727 ἅλμασιν
2629 2655 2869 2729 ἐκτρίϐω
2901 2657 2996 2710 καὶ
3024 2660 3144 2721 ταῖς
3177 2657 3443 2726 ἀγωνίαις
3464 2671 3480 2687 ⁶
3514 2656 3610 2709 καὶ
3639 2655 3810 2708 ταῦτα

2203 2748 2266 2800 οὖ
2296 2748 2393 2817 τῆς
2418 2748 2557 2819 ἐμῆς
2602 2748 2782 2819 ἰσχύος
2824 2749 2857 2820 ἢ
2902 2750 3166 2813 συνέσεως
3196 2750 3431 2820 περάναι
3453 2767 3466 2780 ·
3494 2749 3725 2820 Χριστὸς
3749 2746 3808 2800 δέ

2207 2857 2299 2907 μοι
2332 2839 2575 2909 ἀναπνοὴ
2612 2841 2706 2894 καὶ
2741 2840 2875 2913 ξωὴ,
2923 2842 3157 2913 Χριστός
3202 2858 3292 2911 μοι
3321 2840 3550 2912 δύναμίς
3574 2843 3690 2895 ἐστι
3711 2840 3806 2894 καὶ

2204 2930 2331 2995 δόξα
2367 2933 2460 2985 καὶ
2490 2931 2715 2996 πλοῦτος
2753 2933 2846 2985 καὶ
2879 2932 3222 3004 μακαριότης
3245 2931 3557 3002 θαυμαστή.
3581 2934 3709 2994 (Ὃς
3738 2947 3804 3002 με

2209 3025 2301 3078 καὶ
2323 3024 2578 3093 ὼπήεντα
2603 3023 2698 3077 καὶ
2721 3023 3103 3095 εὐδρομέοντα,
3119 3041 3136 3073 ι
3163 3022 3307 3075 τοῦτ’
3326 3022 3443 3075 ἐστι
3471 3020 3806 3091 θεωρητικὸν

2208 3116 2559 3171 ἀποδείκνυσι
2600 3117 2692 3169 καὶ
2728 3115 3054 3187 πρακτικόν.
3089 3116 3245 3169 Ὅσοι
3281 3116 3376 3186 μὲν
3404 3111 3498 3168 οὖν
3530 3115 3806 3182 ἀναπνοὴν

2209 3211 2305 3263 καὶ
2354 3207 2671 3262 εὐσθένειαν
2707 3207 3024 3278 εὐμοιροῦσι
3058 3208 3149 3261 τὸν
3192 3208 3449 3280 Χριστὸν,
3483 3202 3630 3261 οὗτοι
3670 3210 3807 3283 πρὸς

2206 3299 2267 3353 τὸ
2322 3302 2481 3371 ἔργον
2526 3299 2915 3372 κατορθοῦνται
2956 3301 3056 3370 τῆς
3111 3300 3346 3370 ἀρετῆς·
3389 3300 3503 3352 ὅσοι
3528 3299 3573 3352 δ’
3597 3299 3809 3352 ἐκείνου

2204 3389 2374 3460 χωρὶς
2403 3386 2463 3454 ἐξ
2486 3389 2695 3442 ἑαυτῶν
2720 3389 3081 3460 ἐπιχειροῦσι,
3113 3392 3331 3461 μάταιοι
3359 3384 3502 3443 οὗτοι
3529 3389 3807 3462 ἄνθρωποι

2202 3479 2297 3533 καὶ
2325 3479 2549 3546 παίγνια
2574 3478 2775 3542 πάντες
2801 3480 2938 3532 εἰσὶν
2960 3481 3201 3551 ἐπίκηρα
3228 3480 3324 3532 καὶ
3346 3478 3586 3550 φθαρτὰ,
3615 3478 3802 3549 νεκροὶ

2205 3570 2304 3641 μὲν
2323 3571 2389 3641 τῇ
2421 3569 2650 3641 ἀπιστίᾳ
2699 3570 2795 3623 καὶ
2827 3573 2948 3634 ταῖς
2982 3570 3283 3643 ἁμαρτίαις
3322 3569 3599 3634 ὀδωδότες,
3624 3570 3802 3640 μάτην

2200 3663 2256 3717 δὲ
2286 3662 2387 3735 ζῇν
2431 3662 2927 3734 ὑπολαμϐάνοντες.
2964 3664 3033 3717 Εἴ
3058 3682 3188 3717 ποτε
3227 3664 3356 3735 ἄρα.
3377 3664 3545 3733 φησὶν
3572 3665 3601 3716 ὁ
3622 3662 3807 3716 θεόσο·

2202 3752 2488 3825 φος,δρνιν
2510 3754 2669 3826 ἀέρος
2705 3752 3013 3807 ἀπάνευθεν
3061 3755 3383 3824 πετόμενον,
3418 3753 3450 3824 ἢ
3487 3753 3657 3823 χωρὶς
3680 3752 3808 3806 ’ὑδα-

2199 3865 2291 3911 τος
2318 3846 2604 3918 ἀλίδρομον
2623 3846 2861 3916 ἓρποντα
2884 3846 3235 3919 τεθεώρηκας
3248 3847 3491 3915 δελφῖνα,
3526 3847 3619 3899 καὶ
3634 3846 3804 3917 ἄνδρα

2200 3939 2466 4010 δψειᾶνευ
2506 3939 2743 4011 Χριστοῦ
2771 3940 2907 4012 πρὸς
2942 3942 3144 4012 ἀρετὴν
3186 3938 3555 4013 εὐδρομοῦντα
3589 3939 3803 3994 καὶτὸν

2200 4034 2244 4087 Χ
2254 4033 2456 4105 ριστόν.

2205 4126 2289 4193 Τῷ
2310 4126 2395 4196 μή
2412 4143 2512 4195 μοι
2531 4127 2674 4194 λίην
2691 4124 3027 4195 μεγαλίζεο,
3052 4143 3106 4179 κ.
3135 4142 3188 4180 τ.
3224 4125 3304 4190 ἐξ.

2283 4217 2523 4289 Ἐπειδὴ,
2578 4219 2733 4288 φησι,
2785 4218 2958 4287 χωρὶς
2996 4219 3171 4290 Ἰησοῦ
3229 4219 3468 4290 Χριστοῦ
3514 4219 3612 4290 τῆς
3640 4218 3801 4273 δυνά-

2202 4328 2350 4382 μεως
2369 4312 2463 4365 καὶ
2478 4310 2768 4383 συνεργίας
2796 4310 2856 4363 0'3
2874 4310 3099 4365 δύνασαι
3118 4315 3288 4364 ποιεῖν
3302 4312 3474 4376 οὐδὲν,
3517 4312 3592 4384 μὴ
3627 4329 3799 4382 μεγα-

2199 4402 2546 4475 λορῤημόνει,
2581 4402 2704 4474 μηδ’
2743 4402 2835 4455 ἐπὶ
2879 4405 2998 4466 ταῖς
3031 4404 3152 4467 σαῖς
3178 4403 3539 4475 ὑψηλοφρόνει
3582 4404 3798 4477 φρεσὶν,

2198 4495 2275 4559 ὡς
2308 4493 2718 4566 φρονιμώτατος
2770 4495 2863 4550 καὶ
2916 4496 3194 4564 πάνσοφος
3238 4495 3335 4559 ὣν,
3373 4496 3510 4566 μηδὲ
3539 4497 3674 4567 πρὸς
3709 4495 3803 4549 τὸν

2203 4587 2323 4640 κατ’
2348 4586 2547 4659 ἀρετὴν
2596 4587 2985 4658 ἐλαττούμενον
3016 4588 3181 4659 ὁρῶν,
3221 4590 3300 4651 εἰς
3326 4587 3464 4658 ρψος
3492 4588 3686 4660 ἀρθῇς,
3724 4587 3803 4652 ὡς

2203 4679 2419 4733 πάντων
2464 4679 2749 4752 ὑπερέχων
2779 4680 2871 4733 καὶ
2913 4679 3008 4732 τοῦ
3037 4679 3240 4733 τελείου
3282 4681 3433 4751 ἥκων
3475 4680 3662 4748 ἐγγύς.
3695 4677 3803 4732 Καὶ

2201 4769 2311 4842 γὰρ
2350 4770 2443 4824 τοῦ
2483 4771 2784 4841 ἀκροτάτου
2845 4764 3032 4836 τέλους
3090 4771 3190 4841 τῆς
3235 4772 3439 4843 ἀρετῆς
3473 4771 3655 4840 (τοῦτο
3690 4770 3803 4839 γὰρ

2203 4863 2457 4934 σημαίνει
2484 4863 2546 4917 τὸ
2574 4864 2772 4935 τέρμα)
2805 4864 2907 4917 οὐκ
2938 4863 3083 4917 ἔστιν
3120 4864 3353 4935 ὲπιτυχῆ
3389 4864 3665 4933 γενέσθαι,
3698 4864 3803 4916 οὐκ

2199 4954 2346 5008 ἔστιν
2372 4955 2629 5026 ἐπιϐῆναι
2677 4956 2776 5026 τῆς
2800 4955 3136 5025 τελειότητος
3168 4956 3259 5010 τὸν
3287 4955 3362 5027 μὴ
3387 4956 3450 5008 τὸ
3468 4954 3565 5009 τοῦ
3586 4954 3801 5024 ἀγῶνος

2199 5050 2348 5113 τέλος
2406 5050 2500 5103 καὶ
2543 5053 2642 5120 τῆς
2665 5048 2809 5103 κατὰ
2852 5050 3087 5123 Χριστὸν
3137 5048 3467 5119 τεθεαμένον
3499 5047 3642 5102 ὀδοῦ.
3675 5048 3798 5102 Ἔτι

2199 5137 2293 5195 οὖν
2318 5145 2375 5195 ὲν
2399 5143 2561 5214 σαρκὶ
2580 5141 2839 5205 διαϐιοὺς,
2862 5142 3011 5206 ἐντὸς
3049 5140 3231 5212 μένειν
3258 5140 3353 5194 τοῦ
3383 5141 3676 5212 τέρματος.
3701 5140 3799 5193 καὶ

2206 5237 2371 5307 μήπω
2394 5234 2485 5289 τὸν
2508 5234 2706 5306 δρόμον
2726 5234 3089 5297 τετελεκέναι,
3123 5233 3256 5305 μηδὲ
3277 5233 3376 5304 τῆς
3402 5232 3575 5296 ὅντως
3603 5231 3797 5285 ὲπιλαυ

2202 5328 2392 5382 ϐέσθαι
2428 5326 2821 5399 μεγαλοφρόνει
2841 5328 3005 5400 ζωῆς.

2202 5422 2304 5475 115
2331 5422 2486 5489 Λίην
2538 5418 2651 5485 μὲν
2671 5419 2937 5491 τρομέειν
2961 5419 3096 5492 (55),
3150 5419 3295 5492 λίην
3331 5417 3397 5492 δέ
3427 5436 3491 5472 τε
3534 5417 3625 5486 μὴ
3645 5417 3795 5492 ﬁla.

3184 5489 3495 5561 Ιμεαίνειν,
3521 5506 3576 5543 κ.
3596 5506 3646 5542 τ.
3668 5487 3718 5543 λ.

2266 5582 2340 5635 Τὸ
2370 5582 2469 5653 μὲν
2502 5583 2730 5655 τρέμειν
2769 5582 2901 5636 Θεὸν
2953 5581 3133 5647 ζῶντα
3183 5581 3278 5635 καὶ
3320 5580 3627 5651 φοϐεῖσθαι,
3668 5579 3793 5639 λίαν

2199 5714 2593 5838 μὲνίφρονέειν,
2621 5715 2741 5789 λίην
2760 5715 2816 5770 δέ
2844 5731 2903 5769 τε
2933 5713 3008 5786 μὴ
3040 5712 3128 5783 βλε
3140 5712 3403 5785 μεαίνειν.
3446 5741 3494 5752 -
3517 5710 3652 5767 Cod.
3677 5707 3798 5782 βλεο

2200 5804 2305 5838 αεα
2332 5805 2448 5838 ντῖν.

2198 5804 2448 5859 μεαινην.
