4182 6362
394 333 502 393 ’125

397 454 764 526 συμϐάλλεται
791 455 868 527 τῷ
905 457 1290 530 ἀγωνιζομένῳ
1311 477 1322 490 ·
1343 459 1485 514 οὕτω
1495 460 1604 532 γὰρ
1627 463 1826 527 παντὸς
1839 463 1979 533 φαύ-

393 545 488 602 λου
544 547 868 617 πράγματος
913 544 1204 617 ἀφέξει-αι’
1251 552 1458 606 λίαν-δὲ
1514 554 1854 625 βλεμεαίνειν
1887 557 1982 610 καὶ

395 644 533 711 πρὸς
581 640 680 710 τὴν
730 640 824 693 τοῦ
853 641 984 694 Θεοῦ
1019 642 1250 714 θεωρίαν
1284 646 1595 711 ἁνευλαϐὦς
1629 647 1980 719 ἑξεστηκέναι

393 732 492 784 οὑκ
521 732 780 801 ἀσφαλές.
813 735 924 786 Καὶ
967 734 1072 807 γὰρ
1109 736 1267 790 τοῦτο
1309 738 1569 807 ὑψοῦντος
1612 741 1803 794 ἑαυτόν
1834 744 1981 796 ἐστιν

394 827 470 891 ὡς
504 827 797 895 ὴγγικότος-
819 828 938 899 Θεῷ
961 844 975 858 ·
1005 829 1066 894 ἐξ
1113 825 1173 884 οὗ
1226 832 1320 885 καὶ
1365 833 1444 895 είς
1475 833 1717 904 αἱρέσεις
1745 835 1980 899 ἀτόπους

394 918 496 970 οὑκ
527 918 696 986 ὀλίγοι
718 919 1126 990 ἐξετράπησαν,
1161 923 1243 974 ὅτι
1288 922 1708 996 ὑψηλοφροσύνη
1754 926 1981 998 πτώμα-

394 1027 487 1073 τος
519 1010 699 1063 αἰτία·
735 1011 922 1083 ὥσπερ
955 1017 1052 1068 καὶ
1101 1015 1256 1078 ἐλπὶς
1303 1018 1439 1086 μετά
1479 1020 1980 1094 ταπεινοφροσύνης

393 1101 587 1172 ἀνυψοῖ
609 1119 623 1132 ·
657 1104 744 1155 ἀεὶ
773 1103 830 1156 δὲ
852 1108 971 1169 ταῖς
1002 1106 1268 1174 μεγάλαις
1299 1109 1702 1180 ὑπερηφανίαις
1729 1113 1980 1167 ἀντιτάσ-

397 1211 545 1248 σεται
577 1195 672 1247 καὶ
697 1195 973 1266 ὀργίζεται
997 1201 1024 1251 ὁ
1057 1198 1279 1270 Κύριος.

537 1287 777 1355 Μάρπτε
807 1289 1027 1357 τὸμὲν,
1052 1308 1108 1346 κ.
1140 1309 1189 1344 τ.
1230 1291 1310 1358 ἐξ.

473 1379 536 1429 ’Ὁ
564 1378 619 1430 δὲ
642 1379 728 1432 διὰ
757 1380 962 1434 τούτων
986 1381 1155 1452 δηλοῖ,
1177 1383 1324 1437 τοῦτ’
1345 1381 1484 1440 εἶναι
1511 1386 1797 1458 πείθομαι·
1817 1389 1980 1444 Ἀλλο

397 1467 498 1536 μὲν
523 1468 628 1521 τῶν
650 1470 808 1524 θείων
831 1474 1184 1543 χαρισμάτων
1214 1477 1307 1530 τοῦ
1326 1478 1640 1549 Πνεύματος
1661 1483 1848 1552 κράτει
1865 1484 1974 1555 (54)

393 1561 550 1629 χερσὶ
602 1565 818 1633 νοηταῖς
859 1566 1379 1638 περιδρασσόμενος,
1411 1571 1537 1625 ἄλλο
1565 1572 1623 1625 δὲ
1662 1574 1976 1646 προσδοκῶν

391 1653 458 1720 τῇ
492 1651 664 1704 ἑλπίδι
722 1655 988 1725 ταμιεύου
1008 1674 1023 1688 ·
1076 1657 1155 1726 τῷ
1183 1661 1458 1731 ἀνεφίκτῳ
1489 1663 1545 1716 δὲ
1591 1665 1684 1717 καὶ
1708 1665 1848 1736 ὑπὲρ
1876 1667 1975 1736 τὴν

393 1739 491 1810 σὴν
515 1742 669 1805 ἀξίαν
702 1743 974 1816 ὑποχώρει
1004 1746 1399 1819 εὐλαϐούμενος
1416 1768 1430 1781 ο
1450 1751 1607 1805 τοῦτο
1635 1753 1744 1826 γάρ
1762 1753 1974 1825 σώφρο-

391 1849 480 1895 νος
527 1833 626 1885 νοῦ
673 1836 766 1888 καὶ
808 1840 1143 1910 φρονήσεως,
1191 1841 1292 1911 τῆς
1337 1843 1472 1906 ἰδίας
1507 1844 1746 1914 βιώσεως
1797 1847 1975 1913 ἐξεπί-

393 1922 620 1975 στασθαι
672 1925 740 1976 τὰ
803 1926 1000 1997 μέτρα.
1051 1931 1161 1982 Καὶ
1209 1931 1317 2002 γὰρ
1371 1933 1484 1985 ἴσον
1530 1933 1701 1987 κακόν
1740 1936 1975 1990 ἐστικαὶ

389 2016 590 2083 ὁμοίως
653 2019 992 2074 ἐπικίνδυνον
1050 2022 1373 2088 ἀπελπίζειν
1401 2042 1460 2078 τε
1492 2024 1561 2079 τὰ
1604 2025 1784 2094 ἀγαθὰ
1813 2028 1973 2095 (ἀπό-

391 2123 591 2172 γνωσις
627 2109 786 2163 τοῦτο
812 2110 968 2182 γὰρ),
1003 2115 1097 2167 καὶ
1125 2114 1348 2186 θαρῥεῖν
1371 2118 1669 2188 περισσῶς,
1709 2120 1784 2183 ὼς
1813 2121 1976 2173 εὑπε-

391 2199 480 2260 τὲς
509 2200 729 2270 ἄριστον
793 2199 933 2258 εῖναι
983 2207 1080 2258 καὶ
1135 2207 1341 2261 τέλειον
1374 2209 1566 2281 (θρασὺ
1597 2211 1726 2282 γάρ)
1753 2229 1766 2241 ⁸
1799 2214 1976 2283 ἀμφο-

390 2290 562 2360 τέρως
611 2293 668 2346 δὲ
735 2295 828 2347 τοῦ
887 2297 1053 2350 καλοῦ
1092 2299 1495 2370 διαμαρτάνων,
1543 2302 1636 2356 τοῦ
1675 2303 1846 2357 κακοῦ
1876 2305 1974 2376 τὴν

393 2383 596 2454 ὢρυσιν
631 2385 960 2454 βεϐαιώσαις
987 2391 1239 2462 σεαυτῷ.⁴

533 2477 658 2528 Αίεί
679 2494 779 2531 σοι
802 2478 868 2532 τὸ
895 2479 1224 2549 ,βέλεμνοη
1260 2501 1315 2537 κ.
1339 2503 1386 2536 τ.
1424 2483 1500 2549 ἐξ.

473 2568 532 2619 ’0
591 2569 818 2640 δόκιμος
865 2573 1088 2643 τοξότης
1124 2576 1264 2629 κατὰ
1314 2578 1512 2630 σκοπὸν
1555 2579 1642 2632 ἀεὶ
1677 2578 1888 2648 βάλλειν
1914 2581 1974 2633 τὸ

392 2657 544 2725 βέλος
569 2662 892 2728 ἀγωνίζεται
915 2682 928 2695 ·
969 2667 1230 2730 ὡσαύτως
1259 2670 1350 2721 καὶ
1381 2669 1457 2739 τῷ
1487 2671 1761 2742 ἀγωνιστῇ
1798 2689 1973 2744 προσ-ο

391 2749 517 2816 ήκει
570 2752 844 2823 εὐστόχως
900 2757 988 2809 ἀεὶ
1030 2761 1123 2810 τὸν
1163 2759 1359 2827 εὑσεϐῆ
1393 2760 1649 2831 λογισμὸν
1676 2765 1743 2832 τῇ
1778 2763 1974 2834 πράξει

391 2842 742 2897 κατευθύνειν
789 2847 888 2915 τῆς
929 2849 1152 2917 ἀρετῆς,
1203 2851 1277 2912 ὼς
1320 2851 1447 2921 μήθ’
1479 2852 1839 2922 ὑπερὸάλλειν
1870 2855 1974 2924 τῆς

391 2952 534 3005 σωτη
548 2937 766 3007 ριὼδους
825 2941 1046 3010 ἐντολῆς
1081 2943 1376 3008 (κενόδοξον
1412 2944 1564 3016 γὰρ).
1608 2947 1732 3015 μήτ’
1767 2943 1859 3000 οὖν
1885 2953 1972 3005 έλ-

390 3024 558 3090 λιπώς
586 3030 913 3099 ἐργάζεσθαι
955 3034 1132 3086 δοκεῖν
1155 3051 1166 3064 ·
1202 3035 1444 3106 ῥᾴθυμον
1493 3036 1621 3107 γάρ.
1665 3037 1970 3110 Ὑπερϐολὴ

390 3119 498 3188 γάρ
523 3125 615 3174 καὶ
649 3123 885 3193 ἔλλειψις
914 3126 1116 3179 ἐπίπαν
1141 3127 1411 3190 ἀπευκτὰ,
1438 3129 1572 3200 πρὸς
1593 3131 1971 3202 ἀσυμμετρίαν

1411 341 1479 395 ΙΝ
1517 343 1822 400 CARMINA
1870 344 2152 401 ARCANA
2194 346 2252 402 S.
2286 345 2638 402 GREGORII.

3550 345 3657 404 7‘26

2083 479 2186 534 pro
2216 464 2516 526 militante;
2554 463 2637 517 sic
2669 460 2814 516 enim
2861 461 2929 516 ab
2964 459 3122 515 omni.
3147 473 3310 529 opere
3343 458 3564 531 indigno
3599 479 3659 517 se

2083 558 2401 613 abstinebit.
2431 556 2660 610 Multum
2685 554 2881 610 extolli
2899 555 3038 609 etin'
3051 553 3143 607 Dei
3175 553 3426 608 notitiam
3451 554 3660 622 absque

2082 650 2388 705 reverentia
2422 656 2710 719 penetrare
2735 688 2750 713 ,
2797 662 2906 701 non
2953 654 3161 710 totum;
3201 636 3304 700 est'
3328 646 3472 699 enim
3505 645 3659 699 illud

2082 742 2454 812 superbientis
2482 741 2537 794 in
2573 740 2884 795 accedendo
2918 739 2981 792 ad
3018 737 3223 804 Deum;
3273 738 3399 792 inde
3445 739 3500 790 in
3545 737 3660 791 hat-

2081 850 2231 890 reses
2265 835 2491 889 insanas
2533 847 2642 887 non
2674 832 2832 902 pauci
2856 838 3202 897 erraverunt,
3232 831 3362 901 quia
3401 830 3661 899 superbia

2082 943 2245 983 casus
2275 943 2465 992 causa,
2503 927 2646 982 sicut
2678 933 2732 980 et
2768 941 2892 995 spes
2921 940 3045 978 cum
3082 925 3392 980 humili-tate
3417 925 3656 978 exaltat:

2083 1036 2300 1090 semper
2343 1027 2398 1076 et
2437 1019 2634 1074 audaci
2667 1017 2935 1089 superbiae
2978 1017 3276 1088 Opponitur
3305 1024 3358 1070 et
3397 1019 3662 1071 irascitur

2082 1113 2367 1167 Dominus.
2410 1132 2427 1164 ι
2464 1111 2580 1167 Hoc
2613 1126 2769 1182 cape,
2797 1130 2815 1162 ι
2856 1119 2910 1166 et
2933 1127 3047 1179 seq.
3089 1109 3246 1176 Quod
3277 1111 3363 1165 his
3397 1108 3658 1175 ostendit,

2081 1206 2162 1260 sic
2200 1205 2395 1275 opinor
2431 1201 2619 1258 :Aliud
2652 1203 2963 1258 divinorum
2990 1200 3233 1272 Spiritus
3262 1201 3654 1256 charismatum:

2080 1313 2217 1368 cape
2256 1297 2508 1352 manibus
2544 1295 3010 1351 intellectualibus
3033 1293 3329 1365 arripiens,
3369 1293 3513 1347 aliud
3560 1307 3659 1346 ex-

2081 1397 2336 1460 spectans
2379 1390 2433 1443 in
2483 1403 2636 1458 spem
2669 1387 2765 1440 tibi
2800 1401 2996 1456 ponas,
3025 1385 3206 1455 quoad
3253 1383 3660 1440 inaccessibilia

2080 1495 2134 1537 et
2166 1482 2418 1537 meritum
2451 1491 2600 1535 tuum
2635 1479 2970 1550 superantia,
3005 1479 3092 1548 pie
3112 1478 3356 1532 sentiens
3381 1477 3496 1531 haec
3524 1475 3661 1530 mis-

2081 1591 2141 1631 sa
2173 1573 2290 1640 fac;
2345 1572 2613 1643 sapientis
2638 1572 2792 1634 enim
2840 1577 2927 1626 est
2987 1569 3187 1625 mentis
3241 1577 3324 1624 et-
3356 1565 3662 1638 prudentiae

2084 1666 2389 1737 appretiate
2419 1678 2584 1719 nosse
2612 1662 2848 1734 propriae
2875 1662 3000 1716 vitae
3028 1659 3357 1716 mediocrem
3387 1657 3665 1729 pondera.

2079 1763 2308 1816 tionem.
2334 1757 2548 1813 Etenim
2571 1756 2750 1811 simile
2775 1755 2978 1808 malum
3003 1761 3056 1808 et
3077 1753 3379 1823 periculum
3402 1765 3501 1822 par
3518 1751 3674 1806 inest-

2074 1853 2128 1907 in
2151 1850 2494 1922 desperando
2514 1849 2582 1904 de
2608 1849 2792 1910 bonis,
2827 1849 3029 1918 quippe
3062 1844 3210 1916 quod
3235 1858 3435 1913 exspes
3473 1849 3582 1901 est,
3607 1850 3664 1895 et

2073 1945 2130 1998 in
2164 1944 2428 1997 audacter
2453 1938 2797 2004 confidendo,
2827 1938 2984 2007 quasi
3021 1936 3184 1991 facile
3215 1942 3362 1990 esset
3392 1934 3662 2004 optimum

2077 2037 2194 2092 ﬁeri
2221 2045 2274 2091 ct
2302 2033 2632 2106 perfectum,
2668 2030 2813 2101 quod
2857 2029 3207 2098 temerarium
3246 2033 3362 2083 est:
3400 2026 3663 2096 utrinque

2075 2130 2235 2198 longe
2267 2142 2295 2180 a
2333 2127 2480 2181 bono
2517 2131 2794 2178 errantem
2839 2122 2894 2175 in
2938 2127 2991 2175 te
3024 2119 3388 2173 invalesceret
3427 2117 3659 2174 malum.

2082 2240 2100 2272 ι
2136 2219 2362 2289 Semper
2387 2216 2486 2271 tibi
2520 2214 2740 2286 sagitta,
2776 2233 2793 2264 ›
2822 2221 2875 2267 et
2904 2228 3020 2282 seq.
3051 2210 3324 2264 Probatus
3341 2207 3663 2278 sagittarius

2076 2310 2131 2362 in
2164 2308 2378 2377 signum
2399 2319 2615 2374 semper
2647 2302 2904 2371 sagittam
2927 2302 3178 2355 emittere
3205 2303 3440 2352 conatur
3465 2313 3479 2349 :
3506 2295 3664 2352 simia

2077 2398 2206 2453 liter
2237 2405 2290 2451 et
2313 2395 2370 2450 in
2398 2391 2783 2464 spiritualibus
2817 2389 3107 2446 militantis
3129 2386 3300 2442 refert
3326 2398 3603 2454 nunquam
3629 2397 3664 2436 a

2083 2488 2366 2559 proposito
2397 2485 2763 2539 declinantem
2795 2496 3010 2552 semper
3042 2481 3162 2550 pias
3193 2475 3555 2546 cogitationes
3593 2471 3664 2536 ad

2078 2580 2303 2634 virtutis
2330 2577 2544 2649 praxim
2571 2575 2857 2640 reducere,
2889 2574 2964 2627 ita
3003 2580 3060 2626 ut
3091 2578 3364 2642 praecepta
3394 2564 3663 2633 salutaria

2077 2687 2188 2727 non
2232 2672 2469 2726 elatione
2504 2666 2763 2729 excedas,
2802 2678 2998 2719 vanam
3059 2663 3207 2717 enim
3268 2659 3497 2730 gloriam
3533 2654 3664 2717 affey

2076 2772 2279 2827 ctares,
2309 2773 2487 2828 neque
2509 2756 2763 2811 acediose
2793 2752 3008 2824 operari
3034 2753 3258 2824 probes,
3282 2751 3497 2820 pigrum
3514 2747 3664 2801 enim

2075 2863 2225 2909 esset
2259 2868 2272 2904 :
2319 2848 2711 2920 exsuperantia
2752 2854 2807 2901 et
2853 2844 3040 2900 acedia
3085 2844 3311 2898 omnino
3350 2840 3572 2896 vitanda
3605 2839 3664 2893 in

2082 2941 2557 2998 immoderantiam
2586 2939 2808 3001 abeunt,
2833 2935 3105 3014 siquidem
3131 2935 3214 2989 vel
3247 2948 3413 3003 supra
3443 2932 3664 3001 signum

2081 3035 2277 3106 sagitta
2316 3034 2402 3087 vel
2443 3031 2585 3086 infra
2613 3031 2798 3096 cadat,
2832 3030 3039 3099 pariter
3071 3034 3220 3082 errat
3260 3025 3585 3097 sagittarius
3633 3037 3667 3077 a

2079 3128 2263 3182 debito
2299 3127 2448 3179 loco:
2475 3125 2548 3177 ita
2573 3134 2656 3179 est
2683 3122 2750 3176 de
2781 3119 3252 3182 consideratione,
3277 3119 3349 3172 ita
3382 3117 3449 3173 de
3477 3115 3657 3187 praxi.

387 3215 772 3270 διεκπίπτοντα
796 3234 808 3246 ·
858 3218 1046 3290 ὥσπερ
1100 3221 1192 3273 καὶ
1239 3221 1301 3273 τὺ
1346 3221 1518 3291 βέλος,
1568 3224 1721 3293 ἣτὸν
1763 3224 1964 3278 σκοπὸν
1995 3222 2310 3291 ὑπερτεῖνον
2337 3217 2448 3286 ('55)
2474 3217 2568 3270 τοῦ
2617 3215 2950 3280 τοξεύοντος,
2987 3212 3020 3282 ἢ
3058 3212 3208 3276 ὲντὺς
3247 3210 3410 3264 αὑτοῦ
3445 3209 3663 3275 πίπτον,

387 3307 589 3375 ὁμοίως
621 3307 713 3360 τοῦ
733 3308 941 3372 δέοντος
966 3309 1356 3381 διαμαρτάνει·
1387 3310 1528 3365 οὕτω
1549 3315 1688 3367 κατὰ
1711 3313 1965 3386 θεωρίαν,
1992 3313 2133 3367 οὕτω
2166 3310 2308 3364 κατὰ
2336 3309 2556 3381 πρᾶξιν.

395 3399 496 3452 126
522 3399 636 3452 ’Ἦν
651 3403 1281 3474 μεγαλοφρονέῃςβϋ),
1298 3405 1725 3546 μέμῖἕῖὸὲἕεᾯ
1741 3407 1808 3528 ἐξ
1828 3407 1976 3527 ,ξιον

475 3566 690 3637 Ἐπειδὴ
716 3565 856 3635 μέγα
880 3584 933 3618 τι
960 3567 1145 3636 κτῆμα
1173 3565 1268 3618 καὶ
1308 3567 1486 3637 τίμιον
1518 3570 1544 3620 ό
1573 3567 1860 3638 ἄνθρωπος
1889 3567 1976 3621 διὰ

390 3659 490 3731 τὴν
515 3659 697 3712 εἰκόνα
718 3659 812 3712 καὶ
839 3659 937 3728 τὴν
959 3659 1180 3729 ἀρετὴν,
1230 3658 1456 3726 μάταιον
1487 3660 1542 3712 δὲ
1590 3661 1680 3712 καὶ
1705 3661 1858 3712 οὐδὲν
1887 3660 1976 3714 διὰ

391 3753 452 3804 τὸ
483 3752 645 3820 σῶμα
703 3750 796 3803 καὶ
828 3750 928 3820 τὴν
956 3750 1152 3803 κακίαν
1199 3755 1575 3822 μαρτυρεῖται,
1609 3753 1723 3819 ἐὰν,
1757 3756 1921 3824 φησὶν
1949 3756 1977 3808 ό

393 3843 602 3906 κλεινὸς
633 3843 788 3913 ἡμῶν
815 3842 950 3910 μετὰ
984 3843 1074 3894 τὸν
1100 3843 1333 3912 Χριστὸν
1369 3843 1704 3915 καθηγητὴς,
1737 3847 1836 3916 τῆς
1856 3848 1977 3917 γηΐο

393 3953 490 4005 νης
525 3935 737 4002 φύσεως
797 3932 1188 4002 ἐπιλαθόμενος
1230 3936 1325 3988 καὶ¹
1359 3937 1611 4007 ῥευστῆς,
1640 3939 1978 4010 μεγαλοφρο-

391 4029 561 4098 νήσῃς
599 4028 686 4079 διὰ
745 4027 841 4097 τὴν
890 4027 1096 4090 εἰκόνα,
1132 4027 1242 4094 ἐγώ
1274 4045 1332 4080 σε
1373 4029 1472 4097 τῆς
1519 4031 1622 4100 γῆς
1651 4032 1973 4102 ὑπομνήσω,

392 4122 513 4173 ὅθεν
544 4117 816 4189 παρῆλθες
847 4120 903 4182 ἐς
935 4119 1026 4171 τὸν
1055 4119 1187 4188 βίον,
1221 4121 1314 4172 καὶ
1337 4120 1387 4172 τί
1424 4121 1522 4190 μὲν
1563 4122 1667 4192 πρὸ
1698 4121 1792 4174 τοῦ
1822 4123 1976 4191 γενέ-

393 4210 540 4272 σθαι,
570 4212 650 4262 ὅτι
680 4208 853 4270 οὐδὲν,
893 4207 946 4260 τί
997 4207 1054 4259 δὲ
1111 4203 1255 4278 ἦσθα
1287 4209 1401 4270 τοῖς
1435 4207 1708 4279 μητρῲοις
1757 4209 1976 4280 χωρίοις

393 4301 475 4354 ἔτι
515 4301 919 4371 ὲγγεννώμενος
941 4315 952 4328 '
993 4300 1149 4366 ῥύσις
1197 4298 1307 4370 γὰρ
1340 4301 1462 4352 κατ’
1489 4299 1666 4368 ὀλίγον
1694 4301 1773 4363 εἰς
1799 4301 1978 4372 σάρκα

394 4397 736 4465 πηγνυμένη.
781 4396 1110 4465 Ὑπομνήσω
1142 4395 1236 4448 καὶ
1273 4395 1324 4447 τί
1358 4394 1455 4465 ἔσῃ
1498 4397 1636 4466 μετά
1657 4395 1855 4450 ταῦτα·
1885 4397 1976 4451 κό-

395 4503 476 4546 νις
504 4484 612 4555 γὰρ
634 4486 848 4547 πάντως
876 4485 970 4538 καὶ
997 4483 1278 4554 σκώληκος
1303 4483 1539 4552 δαπάνη,
1565 4483 1672 4535 τῶν
1696 4483 1976 4536 ταλαιπω-

397 4578 636 4648 ροτάτων
674 4579 731 4632 ὲν
760 4580 972 4646 νεκροῖς
1006 4576 1166 4629 πλέον
1193 4575 1330 4646 ἔχων
1365 4575 1534 4628 οὐδέν.
1565 4575 1688 4628 Ἐὰν
1712 4575 1787 4639 δὲ,
1818 4577 1973 4647 φησὶ,

393 4673 452 4723 τὺ
483 4670 615 4739 ὕψος
662 4670 819 4736 ἀφεὶς
873 4669 1188 4740 περιαθρεῖν
1234 4669 1390 4739 (ὅπερ
1430 4649 1550 4738 οὑχὶ
1580 4668 1690 4729 σὸν,
1715 4668 1848 4721 ἀλλὰ
1876 4667 1970 4721 τοῦ

397 4764 644 4841 Πλάστου
687 4761 802 4813 ἐστὶ
835 4760 929 4812 τοῦ
980 4759 1130 4831 σοῦ),
1166 4760 1241 4823 ὡς
1286 4762 1471 4830 γήϊνος
1517 4757 1774 4826 πεφυκὼς
1819 4757 1970 4823 ἐξευ-

392 4855 623 4917 τελίζεις
647 4852 841 4904 σαυτὸν
875 4853 968 4903 καὶ
1023 4854 1320 4914 ταπεινοῖς,
1355 4850 1466 4919 ἐγώ
1507 4868 1566 4902 σε
1621 4851 1836 4922 ποίημα
1881 4851 1978 4904 ἀν-

393 4947 679 5017 ἀγορεύσω
734 4944 899 4998 Θεοῦ·
958 4942 1165 4996 ἐκεῖθεν
1217 4944 1453 5014 ὲπάγης,
1478 4944 1727 5015 οὐράνιος
1782 4943 1872 4997 διὰ
1916 4945 1976 4998 τὸ

396 5039 634 5107 πνεῦμα,
683 5036 894 5107 χθόνιος
937 5035 991 5087 δὲ
1024 5033 1111 5086 διὰ
1150 5034 1246 5104 τὴν
1275 5035 1484 5106 σάρκα’
1515 5035 1646 5098 Θεὸς
1686 5037 1786 5087 οὑκ
1818 5035 1974 5088 ἄκτι-

397 5148 542 5193 στος,
574 5129 710 5182 ἀλλὰ
740 5127 988 5189 κτιστός·
1028 5125 1190 5195 ἔργον
1225 5125 1553 5195 ἀείμνηστον
1592 5125 1686 5177 καὶ
1717 5124 1975 5194 ἀνεπίλη-

398 5238 541 5279 στον,
573 5222 683 5282 τοῖς
717 5217 810 5270 τοῦ
835 5215 1073 5288 Χριστοῦ
1110 5215 1337 5269 πάθεσιν
1365 5214 1852 5286 ἀφθαρτιζόμενον,
1880 5216 1976 5279 καὶ

397 5312 474 5372 εἰς
502 5309 656 5375 δόξαν
687 5308 903 5361 αἰώνιον
930 5303 1211 5357 καταντῶν
1241 5303 1334 5355 καὶ
1361 5300 1524 5372 ζωήν.

543 5399 799 5452 Τοῦνεκα
824 5397 907 5466 μὴ
935 5395 1232 5463 σάρκεσσι
1260 5393 1570 5463 χαρίζεο,κ.
1600 5412 1651 5446 τ.
1680 5393 1756 5461 ἐξ.

467 5491 719 5544 Τοιοῦτον
742 5486 1420 5560 γεγεννημένον,οὑράνιον
1450 5485 1567 5556 ἅμα
1589 5487 1683 5539 καὶ
1711 5485 1972 5553 ἐπίγειον,

395 5581 458 5635 οὑ
490 5585 749 5655 βούλομαί
785 5601 863 5647 σε,
901 5577 945 5635 ὦ
985 5580 1261 5650 ἄνθρωπε,
1303 5579 1483 5632 πάντα
1534 5577 1853 5649 χαρίζεσθαι
1905 5579 1972 5647 τῇ

400 5679 600 5753 σαρκί·
629 5677 690 5730 τὸ
723 5677 904 5729 πλεῖον
942 5675 998 5727 δὲ
1049 5673 1233 5745 νέμειν
1267 5672 1344 5737 ὡς
1392 5671 1659 5743 κρείττονι
1691 5669 1770 5740 τῷ
1818 5670 1977 5723 πνεύ-

474 5790 527 5854 (7')
540 5789 582 5849 ἰἰ
606 5786 736 5841 Cod.
774 5789 991 5856 κραταῖ.

472 5860 585 5931 (55)
615 5857 746 5914 Cod.
777 5856 1129 5932 ὑπερτείνων.

2081 3404 2184 3458 126
2214 3401 2274 3458 Si
2324 3401 2666 3472 superbieris,
2735 3401 2790 3452 in
2848 3397 3159 3472 memoriam
3195 3410 3389 3472 revoca.
3425 3393 3563 3447 unde
3604 3393 3663 3446 in

3001 3465 3188 3538 [vitam
3215 3464 3418 3518 veneris
3437 3504 3450 3528 ,
3484 3475 3592 3518 etc.

2147 3567 2282 3621 Cum
2327 3578 2522 3634 magna
2570 3563 2643 3618 sit
2668 3560 2944 3634 possessio
2981 3567 3037 3613 et
3059 3557 3242 3626 magni
3288 3555 3452 3626 pretii
3497 3555 3664 3610 homo

2077 3658 2258 3731 quoad
2280 3658 2569 3728 imaginem
2600 3655 2693 3709 Dei
2723 3661 2771 3708 et
2796 3654 3080 3716 virtutem,
3105 3650 3286 3719 quoad
3309 3663 3512 3718 corpus
3532 3663 3665 3702 vero

2078 3763 2132 3805 et
2172 3750 2438 3804 malitiam
2490 3748 2748 3802 insanum
2796 3743 3045 3811 nihilque
3090 3756 3214 3796 esse
3252 3739 3547 3810 probetur,
3594 3739 3668 3794 ob

2079 3839 2372 3910 imaginem
2417 3836 2513 3890 Dei
2550 3837 2594 3891 si
2634 3834 2948 3905 superbias,
2991 3831 3170 3900 inquit
3200 3830 3437 3884 illustris
3473 3835 3666 3882 noster

2079 3933 2133 3986 in
2177 3930 2403 3984 Christo
2443 3929 2837 3989 concionator,
2888 3933 3121 3979 terrena:
3182 3912 3398 3977 naturae
3452 3921 3663 3976 imme-

2077 4038 2285 4077 morem
2303 4030 2356 4075 et
2376 4020 2596 4074 caducae
2616 4027 2670 4073 te
2691 4016 2971 4072 recordari
2989 4015 3211 4080 faciam;
3241 4021 3445 4068 terram
3467 4011 3537 4067 de
3555 4029 3666 4082 qua

2077 4114 2304 4169 veniens
2336 4114 2388 4166 in
2422 4112 2590 4167 vitam
2625 4121 2876 4180 sumptus
2907 4124 2988 4171 es,
3021 4115 3076 4161 et
3110 4105 3241 4175 quid
3277 4113 3403 4160 ante
3430 4119 3663 4176 genera-

2078 4207 2283 4259 tionem
2329 4203 2513 4266 fuisti,
2566 4201 2672 4255 nisi
2713 4199 2982 4263 nihilum,
3030 4196 3163 4268 quid
3211 4196 3379 4252 etiam
3431 4211 3556 4252 eras
3604 4195 3664 4249 in

2079 4305 2254 4351 matre
2291 4302 2612 4364 conceptus,
2650 4293 2756 4346 vile
2782 4289 3058 4360 quoddam
3094 4288 3149 4342 in
3187 4301 3420 4341 carnem
3453 4301 3662 4361 coagnv

2079 4387 2270 4440 latum.
2322 4383 2616 4438 Recordari
2665 4381 2863 4435 faciam
2911 4389 2966 4433 et
3018 4377 3150 4448 quid
3202 4377 3312 4433 eris
3351 4384 3478 4448 post
3522 4376 3663 4440 haec,

2080 4479 2258 4550 pulvis
2286 4485 2341 4532 et
2369 4477 2634 4532 vermium
2663 4489 2811 4538 esca,
2837 4472 2974 4526 nihil
3003 4469 3238 4540 amplius
3266 4469 3476 4527 habens
3498 4484 3666 4538 quam

2081 4581 2421 4625 mortuorum
2449 4569 2762 4624 miserrimi.
2794 4565 2850 4620 Si
2886 4565 3287 4635 praestantiam,
3306 4564 3504 4634 inquit,
3530 4578 3665 4617 con-

2079 4663 2322 4717 siderare
2367 4661 2649 4722 desinens,
2699 4673 2820 4729 quae
2864 4664 2957 4710 tua
3002 4671 3113 4710 non
3150 4664 3256 4722 est,
3304 4656 3400 4710 sed
3434 4654 3663 4708 Creato-

2083 4753 2158 4806 ris
2180 4752 2258 4805 tui
2288 4766 2376 4806 res
2395 4759 2500 4813 est,
2528 4757 2580 4804 te
2610 4756 2888 4804 terrenum
2917 4751 3227 4802 exstantem
3251 4750 3577 4798 contemnas
3609 4749 3666 4797 et

2081 4844 2393 4914 despicias,
2444 4857 2549 4912 ego
2593 4849 2646 4895 te
2699 4839 2794 4892 Dei
2839 4851 2980 4908 opus
3023 4835 3365 4906 praedicabo:
3425 4833 3496 4886 ab
3541 4833 3664 4903 ipso

2078 4939 2368 5002 oriundus,
2400 4937 2642 4997 ccelestis
2668 4952 2728 4990 es
2758 4934 2953 5005 spiritu
2974 4972 2990 4997 ,
3026 4946 3196 4986 carne
3227 4944 3357 4984 vero
3387 4937 3660 4992 terrenus,

2079 5033 2225 5088 deus.
2288 5046 2396 5084 non
2463 5030 2741 5083 increatus
2794 5026 2889 5082 sed
2948 5032 3204 5086 creatus,
3253 5036 3395 5091 opus
3445 5035 3664 5090 semper

2086 5122 2478 5188 memorabile,
2525 5121 2785 5188 nulloque
2835 5116 2999 5171 modo
3039 5113 3495 5175 oblitterandum,
3535 5128 3662 5181 pas.

2085 5216 2299 5272 sionum
2337 5212 2542 5267 Christi
2587 5211 2761 5281 gratia
2811 5224 2841 5262 a
2877 5205 3232 5276 corruptione
3277 5203 3566 5258 liberatum
3607 5213 3662 5256 et

2083 5305 2148 5358 ad
2196 5304 2426 5376 gloriam
2476 5311 2733 5356 aeternam
2778 5298 3039 5353 incedens
3071 5306 3124 5351 et
3165 5299 3355 5349 vitam.
3413 5313 3432 5346 ι
3473 5293 3660 5363 Itaque

2084 5412 2151 5452 ne
2184 5397 2336 5452 carni
2385 5395 2688 5464 indulgeas,
2729 5409 2748 5440 ι
2790 5401 2842 5446 et
2875 5407 2990 5460 seq.
3027 5388 3212 5443 Talem
3236 5394 3512 5448 creatum,
3548 5403 3663 5441 εωο

2081 5493 2271 5552 lestem
2328 5487 2492 5544 simul
2549 5493 2604 5540 et
2658 5494 2973 5545 terrenum,
3015 5495 3112 5551 per
3169 5480 3352 5534 omnia
3406 5479 3572 5543 nolo,
3624 5495 3658 5532 o

2083 5586 2266 5650 homo,
2300 5582 2580 5651 indulgeas
2606 5577 2756 5633 carni
2791 5595 2804 5630 :
2844 5575 3104 5645 majorem
3131 5589 3262 5627 vero
3293 5582 3499 5642 partem
3529 5589 3658 5625 con-

2083 5678 2245 5736 cedas
2294 5673 2511 5744 spiritui
2560 5680 2746 5741 utpote
2794 5668 3026 5731 meliori,
3075 5682 3175 5720 nec
3220 5663 3496 5735 superflua
3552 5665 3658 5718 vita

2157 5794 2268 5867 (36)
2303 5791 2437 5848 Cod.
2478 5786 2949 5862 μεγαλοφρονέεις.
2992 5814 3062 5823 -ο
3095 5783 3216 5838 Bill.
3254 5784 3514 5855 μνήσωσ’.
