4186 6372
519 319 624 377 72⁸7

518 434 738 506 diligas,
774 447 946 489 vanos
972 431 1029 487 in
1054 439 1203 488 terra
1227 429 1520 486 thesauros
1542 427 1960 492 thesaurizaus;
1991 426 2106 482 imo

521 527 786 597 templum
822 526 1052 596 spiritus
1083 522 1535 578 meditationibus
1580 520 1815 576 mundes
1856 520 2107 575 cunctis-

523 632 629 688 que
676 617 973 673 virtutibus
1002 615 1295 671 meliorare
1322 614 1572 669 studeas.

636 797 736 853 136
767 796 1040 866 Templum
1071 793 1209 849 enim
1236 792 1417 863 magni
1441 790 1539 846 Dei
1565 774 1641 845 est
1673 790 1863 854 homo,
1899 796 2007 844 etc.

601 892 796 946 [licens
818 889 969 960 quod
999 888 1266 958 templum
1300 900 1506 942 ornare
1530 891 1783 955 oporteat
1811 891 1868 938 et
1895 896 2113 952 semper

527 984 846 1046 meliorare,
871 981 1005 1052 quid
1034 981 1298 1050 templum
1326 978 1422 1034 Dei
1452 985 1560 1046 est,
1591 977 1739 1048 quod
1774 976 1904 1031 fecit
1929 973 2114 1030 Domi-

530 1076 675 1132 nus?
701 1075 828 1130 Cito
853 1072 1063 1144 profert
1090 1072 1373 1129 hominem
1398 1086 1547 1136 esse,
1570 1070 1666 1140 qui
1695 1082 1727 1123 a
1755 1077 1903 1122 terra
1939 1073 2116 1120 terre-

531 1170 733 1241 nisque
760 1165 1192 1237 cogitationibus
1218 1165 1493 1235 incipiens
1521 1162 1590 1218 ad
1620 1160 1792 1216 Deum
1823 1167 1880 1214 et
1911 1158 2115 1214 coelum

531 1261 768 1329 moveri,
807 1275 906 1331 per
934 1259 1193 1332 spiritum
1234 1247 1459 1314 sursum
1499 1255 1804 1313 extollitur.
1841 1252 1957 1308 Hoc
1989 1267 2114 1323 ego,

535 1355 614 1410 ait
670 1352 729 1409 S.
772 1352 1106 1424 Theologus,
1149 1351 1299 1406 omni
1353 1364 1519 1422 opere
1561 1356 1616 1405 et
1656 1360 1913 1403 sermone
1947 1344 2116 1408 bono,

536 1446 695 1502 suavi
722 1445 893 1501 odore
914 1443 1165 1516 fragrans
1196 1451 1257 1498 ut
1294 1456 1498 1507 serves,
1533 1448 1590 1496 et
1610 1438 1722 1495 Deo
1745 1445 1962 1510 gratum
1992 1451 2120 1507 pro-

536 1539 839 1608 batumque
878 1536 1163 1593 custodias
1184 1535 1239 1590 in
1259 1542 1544 1599 aeternum,
1575 1531 1821 1598 suadeo;
1848 1538 1904 1586 te
1930 1529 2121 1583 hortor

538 1623 608 1687 ad
636 1646 853 1702 semper
878 1630 933 1685 in
958 1639 1141 1686 mente
1160 1627 1470 1684 habendum
1490 1625 1773 1682 Christum
1804 1630 2117 1693 regentem:

539 1724 620 1781 sis
650 1737 869 1794 semper
890 1737 1002 1778 non
1036 1720 1222 1791 specie
1248 1719 1343 1775 sed
1373 1732 1433 1773 re
1458 1723 1516 1773 et
1543 1715 1771 1773 veritate
1790 1728 1987 1785 purus,
2021 1726 2126 1767 nec

541 1816 739 1872 oculus
775 1815 843 1870 ab
878 1814 1127 1869 externis
1147 1811 1408 1882 judicans
1443 1817 1498 1864 te
1525 1808 1692 1863 talem
1729 1805 2047 1872 arbitretur;
2074 1812 2131 1859 et

548 1921 688 1963 cave
727 1920 797 1960 ne
841 1905 987 1960 sicut
1024 1903 1197 1958 minio
1239 1900 1629 1969 coloribusque
1662 1898 1927 1954 distincta
1972 1895 2131 1951 navis

545 2007 642 2054 aut
668 1996 796 2052 aliis
826 1995 1212 2061 venustatibus
1243 1992 1556 2064 insignibus
1596 1990 1874 2057 decorata,
1895 2002 2021 2060 quae
2049 1987 2133 2043 sic

542 2087 815 2143 tumentia
841 2087 1015 2141 maria
1041 2092 1374 2151 transmeat;
1408 2098 1500 2149 ne,
1531 2083 1779 2153 inquam,
1808 2088 1868 2136 et
1895 2089 1955 2135 tu
1978 2079 2134 2136 colo-

540 2181 701 2237 ribus
740 2179 963 2235 virtutis
1001 2179 1077 2233 ita
1113 2178 1346 2249 teipsum
1389 2174 1647 2232 inliciens
1711 2183 1768 2232 et
1827 2173 2131 2229 videntium

542 2274 911 2330 admiratione
958 2272 1265 2328 honoratus
1306 2279 1364 2327 et
1409 2269 1707 2331 laudatus,
1752 2266 1810 2320 in
1849 2263 2134 2337 hypocrisi

542 2367 712 2422 vitam
737 2378 1072 2421 consumens
1097 2363 1309 2419 lateas:
1343 2361 1543 2417 bonam
1565 2360 1919 2429 validamque
1945 2355 2130 2411 navim

545 2458 787 2525 fabrica,
827 2471 994 2528 quam
1035 2455 1392 2511 fortissimam
1445 2452 1854 2524 pollentemque
1892 2447 2134 2519 Spiritus

551 2550 773 2621 legibus
806 2557 971 2620 atque
1007 2546 1212 2604 Christi
1243 2542 1372 2600 Iesu
1407 2542 1568 2599 navis
1600 2540 1950 2596 fabricatoris
1995 2552 2134 2609 pra:-

547 2643 725 2715 ceptis
775 2648 831 2697 et
876 2638 1232 2714 dogmatibus
1276 2636 1603 2707 compingas
1648 2632 1810 2705 quasi
1862 2631 2055 2698 clavis,
2078 2637 2135 2686 et

548 2735 743 2807 rapide
773 2743 938 2805 atque
976 2733 1150 2788 multo
1181 2737 1384 2786 conatu
1406 2736 1745 2783 tentatorum
1764 2723 2005 2781 evadens
2031 2720 2136 2777 ilu-

548 2836 676 2883 etus
717 2827 786 2881 ad
829 2840 1055 2882 serenos
1089 2831 1285 2894 portus
1326 2831 1383 2877 et
1420 2820 1594 2891 patris
1634 2818 1945 2874 tutissimas
1973 2831 2133 2871 man-

550 2922 736 2976 siones
761 2919 1035 2991 appellere
1062 2917 1266 2988 possis.

625 3101 733 3158 “5
773 3099 1005 3167 Quilibet
1035 3097 1212 3154 tendat
1244 3097 1530 3168 proﬁcere,
1565 3102 1671 3149 etc.

623 3195 817 3266 Quoad
844 3193 1216 3266 praestantiam
1250 3196 1346 3245 aut
1377 3189 1617 3260 primum
1650 3185 1920 3258 gradum,
1947 3184 2135 3240 nullus

557 3308 586 3347 a
621 3306 712 3346 me
747 3287 942 3344 edetur
984 3298 1201 3351 sermo,
1256 3282 1334 3336 ait
1374 3279 1703 3335 humilitatis
1748 3277 1808 3333 S.
1851 3292 2133 3332 commen-

557 3390 738 3449 tator,
768 3379 948 3451 quivis
983 3386 1111 3431 ante
1151 3390 1241 3431 me
1278 3378 1617 3445 praecurrat,
1650 3385 1681 3424 a
1714 3371 1928 3441 Droque
1961 3368 2136 3440 pluris

557 3474 863 3531 aestimetur
886 3470 1032 3525 sicut
1059 3467 1163 3538 ipsi
1196 3464 1599 3535 beneplacitum
1627 3461 1920 3525 videbitur,
1952 3474 2136 3515 meum

558 3582 669 3621 non
695 3569 781 3622 est
813 3563 1022 3633 primos
1057 3557 1264 3629 gradus
1309 3556 1570 3627 diligere;
1605 3561 1822 3609 tantum
1856 3552 1967 3609 Deo
2006 3552 2131 3608 sub-

554 3660 686 3732 jecti
712 3664 889 3715 estote
911 3666 1104 3708 omnes
1131 3651 1188 3705 in
1213 3648 1446 3714 mundo,
1466 3647 1512 3704 si
1531 3647 1625 3719 qui
1657 3646 1955 3717 sapientes,
1977 3645 2023 3699 si
2042 3643 2138 3714 qui

559 3759 836 3825 potentes,
863 3746 910 3803 si
942 3747 1034 3818 qui
1060 3744 1261 3801 divites
1289 3752 1344 3799 et
1366 3755 1671 3815 pauperes:
1699 3737 1846 3809 quod
1881 3736 2142 3794 omnibus

560 3847 832 3916 reliquum
854 3850 958 3907 est,
990 3855 1022 3893 a
1054 3846 1203 3894 terra
1225 3845 1281 3893 et
1307 3852 1339 3891 a
1359 3834 1622 3891 cordibus
1650 3832 1934 3887 hominum
1958 3844 2144 3884 ascen-

559 3939 757 3993 dentes
794 3930 1182 4005 cogitationes,
1226 3928 1456 3983 sincerae
1490 3933 1545 3981 et
1577 3925 1815 3979 immotae
1848 3930 2015 3993 petrae
2051 3927 2146 3974 aut

561 4031 917 4083 firmamento
961 4022 1251 4084 veritatis,
1303 4018 1529 4074 Christo
1581 4015 1941 4072 adhaereant:
2003 4028 2144 4084 prae-

563 4120 754 4180 sertim
787 4117 921 4172 illud
952 4115 1087 4171 mihi
1112 4113 1253 4169 dixit
1281 4110 1666 4169 aestimandum
1694 4107 1854 4163 valde
1889 4123 1902 4160 :
1930 4122 2145 4177 nempe,

564 4213 777 4271 sedenti
812 4211 869 4265 in
910 4219 1079 4265 trono
1112 4207 1355 4279 glorioso
1389 4213 1444 4261 et
1488 4220 1519 4258 a
1562 4214 1709 4259 terra
1748 4202 1815 4256 ad
1854 4203 2052 4257 coelum
2092 4202 2154 4254 in’

565 4304 857 4360 sacriﬁciis
897 4301 1130 4373 populos
1176 4306 1370 4355 sancte
1417 4296 1687 4367 erigenti,
1733 4303 2003 4364 quantum
2053 4291 2148 4345 tali

566 4399 768 4453 durum
812 4403 866 4451 et
907 4394 1152 4464 periculo
1195 4392 1415 4463 plenum
1458 4397 1549 4445 est
1594 4388 1903 4443 tenebrosis
1944 4387 2153 4455 cogita-

568 4487 818 4542 tionibus
848 4493 944 4539 aut
967 4484 1227 4554 operibus
1246 4482 1527 4537 Christum
1558 4480 1914 4541 inhonorare,
1940 4485 2151 4530 tantum

569 4583 742 4639 decus
805 4589 1067 4648 tantaque
1112 4576 1245 4631 mihi
1290 4575 1397 4630 erit
1434 4573 1633 4645 gloria,
1686 4569 2154 4640 irreprehensibili

570 4676 640 4731 ad
671 4674 843 4729 Deum
873 4669 1176 4727 accedenti.
1216 4687 1237 4719 ι
1269 4667 1406 4723 Nam
1431 4681 1716 4722 mensuras
1740 4663 1857 4728 Dei,
1902 4682 1920 4715 υ
1953 4670 2009 4717 et
2039 4677 2155 4733 seq.

571 4766 728 4833 Quod
764 4765 933 4830 dicit,
964 4763 1076 4817 tale
1114 4760 1247 4814 mihi
1283 4758 1503 4812 videtur
1533 4774 1547 4810 :
1589 4755 1852 4810 nimirum
1883 4753 2029 4824 quod
2069 4769 2158 4808 se-

572 4860 816 4914 cundum
865 4870 1182 4924 mensuram
1239 4850 1558 4907 donationis
1615 4848 1823 4903 Christi
1868 4862 2033 4916 quam
2090 4846 2159 4899 ab

573 4951 734 5007 initio
762 4946 1120 5003 credentibus
1169 4942 1477 5006 distribuit,
1517 4950 1570 4995 et
1618 4941 1756 5009 ipsis
1802 4938 1912 4991 vita
1962 4937 2160 4992 subse-

575 5054 796 5115 quetur.
847 5039 910 5094 Et
943 5041 1065 5095 vice
1096 5055 1298 5099 versa;
1342 5035 1646 5091 secundum
1684 5033 1808 5087 vita:
1845 5046 2160 5086 mensuram

578 5137 825 5204 ipsorum
856 5137 910 5186 et
942 5130 1195 5185 laborum
1220 5129 1503 5183 mercedes
1526 5142 1557 5180 a
1587 5125 1696 5181 Deo
1741 5129 2056 5188 occurrent;
2083 5122 2164 5176 sic

580 5224 799 5295 sapiens
819 5230 874 5278 et
896 5222 1054 5292 juxta
1081 5221 1224 5275 hanc
1252 5220 1426 5290 legem
1458 5232 1711 5274 securam
1731 5224 1786 5271 et
1804 5216 1942 5271 bene
1976 5215 2166 5284 dispo-

583 5315 747 5370 sitam
780 5315 836 5368 in
872 5312 1170 5368 virtutibus
1201 5311 1410 5367 ducens
1441 5311 1608 5364 vitam
1638 5308 1692 5362 in
1728 5321 1960 5376 corpore
1988 5304 2164 5375 degis;

582 5422 694 5463 non
721 5407 899 5462 solum
922 5407 1026 5462 hoc
1055 5407 1152 5461 tibi
1189 5405 1419 5468 bonum,
1447 5402 1545 5459 sed
1574 5409 1630 5456 et
1673 5400 1954 5469 deinceps,
1988 5407 2172 5452 trans-

584 5506 710 5552 acta
741 5498 1031 5555 tenebrosa
1076 5499 1189 5553 vita
1231 5507 1327 5551 tua
1353 5505 1409 5552 et
1432 5495 1651 5550 mortali
1682 5510 1804 5565 qua:
1856 5493 2021 5548 hodie
2050 5492 2170 5546 iluit

589 5598 827 5652 transitu
855 5593 1059 5657 soluto,
1087 5606 1213 5645 cum
1236 5590 1445 5660 optimo
1462 5596 1748 5659 apparatu.
1776 5586 2168 5642 comitantibus

662 5748 774 5811 (3'7)
805 5745 964 5806 Cod.,
995 5742 1301 5814 ὴρμοσμέν.
1341 5742 1433 5792 καὶ
1470 5738 1950 5809 συμπεπηγμένον.

669 5817 781 5884 ξ’ὅὸ)
814 5815 971 5881 Cod.,
1009 5812 1456 5884 πρεπωδέστατον.

1860 308 2158 370 NICETAS
2233 306 2439 364 DAVID

3687 283 3799 342 79.8

2211 440 2363 496 ματι,
2396 421 2492 475 καὶ
2516 418 2595 491 μὴ
2614 418 2683 472 τὰ
2709 414 2948 489 περισσά
2967 411 3065 467 τοῦ
3099 409 3219 483 βίου
3247 406 3444 478 φιλεῖν,
3464 402 3562 496 καὶ
3586 400 3767 496 θησαυ
3784 430 3799 441 -

2210 491 2380 584 ρίζειν
2424 509 2688 582 ματαίους
2740 508 2834 562 ἐπὶ
2890 505 2994 576 γῆς
3046 499 3378 573 θησαυροὺς,
3435 495 3529 549 τὸν
3573 492 3696 549 ναὸν
3737 491 3801 544 δι

2207 606 2331 667 ταῖς
2368 603 2631 672 ἀσκήσεσι
2679 598 2961 670 καθαίρειν
3002 595 3096 650 καὶ
3134 593 3338 654 πάσαις
3381 584 3626 659 βελτιοῦν
3671 585 3799 654 ἀρε-

2212 699 2348 760 ταῖς.

2212 811 2316 867 156
2332 810 2494 879 Νηός
2519 809 2628 880 γὰρ
2639 806 2930 878 μεγάλοιο
2964 800 3114 857 Θεοῦ
3131 800 3373 868 βροτός,
3397 813 3452 850 κ.
3479 813 3531 849 τ.
3551 794 3606 850 λ.

2282 901 2471 957 Εἰπὼν
2510 902 2594 955 ὃτι
2635 899 2745 970 χρὴ
2787 896 3016 966 κοσμεῖν
3066 892 3158 946 τὸν
3189 890 3316 944 ναὸν
3347 889 3445 943 καὶ
3474 887 3565 943 ἀεὶ
3605 884 3801 956 βελτίω

2214 997 2409 1062 ποιεῖν,
2437 994 2520 1059 τίς
2551 992 2686 1049 ότοῦ
2717 989 2855 1044 Θεοῦ
2883 986 3010 1050 ναδς
3037 976 3193 1047 οὗτός
3217 984 3388 1049 ἐστιν,
3416 979 3477 1034 ὃν
3495 977 3800 1047 πεποίηκεν

2212 1090 2243 1143 ό
2281 1088 2506 1160 Κύριος,
2536 1086 2701 1150 εὐθὺς
2725 1082 2924 1151 ἐπάγει
2960 1078 3052 1133 τὸν
3090 1076 3376 1147 ἄνθρωπον
3412 1068 3572 1135 εἶναι,
3610 1067 3802 1160 agant

2213 1182 2319 1252 γῆς
2350 1158 2445 1232 καὶ
2499 1175 2594 1230 τοῦ
2646 1176 2836 1247 γηῖνου
2867 1170 3211 1242 φρονήματος
3237 1166 3337 1237 τῆς
3386 1163 3522 1252 πρὸς
3544 1160 3677 1214 Θεὸν
3703 1158 3805 1252 καὶ

2215 1243 2308 1324 τὸν
2329 1265 2558 1341 οὐρανὸν
2583 1243 2888 1336 ἀρξάμενος
2923 1258 3214 1331 κινήσεως.
3246 1252 3339 1307 διὰ
3371 1247 3682 1341 πνεύματος
3714 1243 3805 1296 αῖ-

2222 1376 2374 1431 ρεται
2402 1339 2590 1427 ήὺψοῦ.
2621 1354 2824 1408 Τοῦτον
2881 1351 3012 1420 ἐγὼ,
3063 1349 3227 1419 φησὶν
3262 1346 3292 1399 ό
3341 1342 3487 1414 ἱερὸς
3527 1339 3801 1407 θεολόγος,

2221 1428 2386 1505 πᾶσιν
2410 1449 2594 1522 ἔργοις
2641 1446 2739 1501 καὶ
2777 1442 2958 1512 λόγοις
3002 1439 3228 1510 ἀγαθοῖς
3254 1434 3431 1503 εὐώδη
3467 1433 3675 1503 τηρεῖν,
3707 1428 3809 1481 καὶ

2220 1542 2340 1615 Θεῷ
2382 1542 2676 1613 εὐάρεστον
2743 1537 2840 1592 καὶ
2913 1535 3137 1605 δόκιμον
3210 1528 3532 1599 φυλάσσειν,
3587 1524 3669 1615 εἰς
3718 1522 3808 1615 ἀεὶ

2223 1611 2503 1705 παραινῶλ
2533 1631 2620 1686 ἀεί
2659 1647 2721 1683 τε
2772 1626 2912 1682 κατά
2935 1623 3061 1680 νοῦν
3090 1623 3285 1693 ἔχοντα
3317 1617 3409 1671 τὸν
3456 1612 3692 1705 Χριστὸν
3720 1611 3809 1705 ὲν-

2229 1700 2535 1797 ιδρυμένον,
2565 1722 2660 1776 καὶ
2674 1719 2765 1775 ἀεὶ
2788 1718 2950 1789 ἁγνὸν
2973 1717 3123 1779 ὄντα,
3148 1713 3211 1766 ού
3239 1707 3523 1769 δοκοῦντα,
3552 1700 3813 1797 ἀληθινόν

2227 1793 2386 1890 τε-τῶ
2404 1817 2540 1879 δντι,
2571 1815 2686 1869 ἀλλ’
2706 1814 2806 1868 οὐκ
2825 1812 3001 1883 οἰήσει
3021 1806 3152 1878 ψιλῇ
3188 1801 3544 1874 νομιζόμενον
3566 1793 3813 1890 τοιοῦτον

2229 1888 2391 1975 εἶναι,
2454 1908 2567 1979 ἐγὼ
2619 1904 3098 1979 παρακελεύομαιο
3145 1899 3243 1953 καὶ
3286 1895 3363 1968 μὴ
3397 1894 3589 1964 ὥσπερ
3625 1888 3812 1943 πλοῖον

2235 2004 2405 2077 μίλτῳ
2425 2003 2518 2056 καὶ
2540 1999 2794 2073 χρώμασι
2815 1990 3285 2064 διαντιζόμενον,ή
3303 2004 3416 2041 τισι
3432 1985 3611 2046 ἄλλοις
3633 1995 3817 2077 παρα-

2232 2071 2427 2168 σήμοις
2454 2071 2707 2147 κάλλεσιν
2734 2088 3068 2160 ἀστράπτον,
3094 2086 3209 2147 τοῖς
3236 2081 3338 2152 τῆς
3376 2076 3653 2146 θαλάσσης

2230 2164 2344 2251 τοις
2368 2185 2615 2239 ἐπιπλεῖο
2643 2182 2718 2254 μή
2763 2180 2859 2235 καὶ
2879 2180 2946 2233 σὺ
2993 2175 3280 2248 χρώμασιν
3316 2170 3462 2226 οὕτω
3478 2168 3580 2239 τῆς
3611 2164 3819 2238 ἀρετῆς

2232 2278 2526 2334 ποικίλλων
2543 2274 2754 2341 ἑαυτὸν,
2771 2273 2868 2327 καὶ
2884 2269 2989 2324 ὑπὸ
3000 2268 3109 2323 τῶν
3130 2264 3384 2339 ὁρώντων
3399 2257 3818 2332 θαυμαζόμενος

2232 2368 2326 2423 καὶ
2356 2364 2768 2436 ἐπαινούμενος,
2803 2363 2862 2415 ὲν
2896 2357 3186 2431 ὑποκρίσει
3242 2350 3505 2422 διαλάθης
3559 2345 3817 2417 ἐκπερῶν

2230 2461 2326 2513 τὸν
2368 2458 2482 2529 βίον
2507 2472 2522 2487 ο
2572 2452 2741 2527 μιμοῦ
2778 2453 2835 2505 δὲ
2883 2449 3017 2506 ναῦν
3047 2445 3262 2517 ἀγαθήν
3284 2443 3381 2498 καὶ
3401 2440 3652 2513 ἰσχυρὰν,
3678 2453 3818 2529 κρα-

2230 2525 2437 2612 τίστοις
2466 2525 2964 2616 καὶῖστερῤστάτοις
2993 2538 3088 2593 τοῦ
3127 2535 3448 2607 Πνεύματος
3478 2530 3665 2602 νόμοις
3710 2525 3809 2580 καὶ

2231 2639 2471 2712 Χριστοῦ
2505 2636 2680 2710 Ἰησοῦ
2703 2636 2780 2700 ὡς
2808 2631 3095 2706 ναυπηγοῦ
3126 2627 3465 2700 δικαιώμασι
3497 2624 3591 2677 καὶ
3623 2620 3822 2690 δόγμα·

2235 2753 2320 2791 σιν
2334 2730 2424 2790 οἷα
2438 2734 2671 2806 γόμφοις
2690 2734 2725 2803 ή
2736 2749 2765 2802 ρ
2771 2729 3047 2802 μοσμένην
3065 2726 3178 2793 (57)
3199 2723 3295 2779 καὶ
3319 2739 3383 2776 συ
3392 2716 3819 2792 μπεπηγμένην,

2234 2828 2402 2894 ὀξέως
2434 2845 2493 2882 τε
2520 2828 2616 2882 καὶ¹
2641 2824 2873 2886 εὐτόνως
2895 2821 2965 2875 τὰ
3000 2820 3110 2873 τῶν
3130 2813 3506 2887 πειραζόντων
3524 2806 3821 2864 διεκδύνων

2236 2918 2476 2989 κύματα,
2504 2915 2640 2987 πρὸς
2658 2913 2786 2969 τοὺς
2807 2909 3096 2985 γαληνίους
3123 2907 3324 2980 ὅρμους
3351 2904 3446 2959 καὶ
3472 2900 3823 2971 άκυμάντους

2239 3010 2331 3064 τοῦ
2362 3008 2578 3082 Πατρὸς
2601 3003 2940 3068 καταπαύοις
2977 3002 3166 3074 μονάς.

2345 3103 2449 3158 145
2473 3100 2599 3167 Πᾶς
2616 3099 2734 3170 μὲν
2762 3098 2841 3151 τοι
2866 3095 3245 3166 προπάροιθε,
3271 3108 3325 3144 κ.
3357 3106 3411 3143 τ.
3439 3088 3489 3142 λ.

2308 3196 2447 3268 Περὶ
2496 3193 2882 3267 προτιμήσεως
2928 3188 2962 3260 ἢ
3007 3187 3140 3260 περὶ
3194 3182 3594 3256 πρωτοκλισίας
3649 3175 3821 3238 οὐδείς,

2245 3304 2333 3359 μοι
2363 3286 2587 3357 λόγος,ὁ
2610 3284 2710 3354 τῆς
2752 3277 3252 3351 ταπεινοφροσύνης
3301 3275 3587 3343 ὑποφήτης
3627 3269 3775 3336 λέγει
3806 3282 3822 3297 ’

2241 3358 2350 3443 πᾶς
2381 3373 2687 3448 ἔμπροσθέν
2737 3389 2839 3443 μου
2885 3368 3234 3442 προτρεχέτω
3265 3366 3362 3420 καὶ
3406 3358 3828 3433 προπτιμήσοω

2243 3469 2320 3541 τῷ
2363 3467 2503 3538 Θεῷ,
2550 3466 2628 3529 ὡς
2674 3463 2742 3518 ἂν
2775 3461 3090 3533 παρασταίη
3131 3458 3385 3529 ἀρεστόν.
3428 3454 3504 3506 Οὐ
3538 3451 3646 3521 γὰρ
3676 3448 3828 3517 φιλο-

2245 3561 2545 3634 πρωτεύειν
2577 3559 2766 3630 ἔμοιγε
2802 3573 2819 3589 ·
2854 3555 3014 3627 μόνον
3041 3553 3098 3606 δὲ
3130 3549 3226 3605 τοῦ
3260 3547 3396 3603 Θεοῦ
3448 3546 3687 3606 ἀπαντες
3738 3542 3827 3605 ἐξ·

2247 3654 2479 3726 έχοισθε,
2503 3654 2703 3715 πάντες
2733 3651 2847 3704 ὅσοι
2863 3646 3003 3700 κατὰ
3019 3645 3223 3717 κόσμον
3254 3642 3428 3713 σοφοὶ,
3450 3642 3567 3693 ὅσοι
3590 3634 3827 3698 δυνατοὶ,

2247 3750 2362 3803 ὅσοι
2394 3745 2639 3801 πλούσιοι
2671 3745 2768 3798 καὶ
2796 3740 3002 3814 πτωχοί
3022 3757 3036 3770 °
3065 3739 3136 3792 τὰ
3164 3737 3384 3791 πάντων
3416 3731 3755 3804 πρυμνήσια,
3776 3727 3827 3778 οῖ

2250 3838 2359 3893 ἀπὸ
2388 3837 2491 3908 γῆς
2523 3837 2615 3890 καὶ
2644 3835 2743 3905 τῆς
2780 3833 2958 3887 αὐτῶν
3000 3828 3229 3900 καρδίας
3272 3823 3652 3883 ἀναϐαίνοντες
3684 3819 3833 3884 λογι-

2253 3930 2382 4002 σμοὶ
2402 3969 2417 3990 ,
2446 3928 2539 3982 τοῦ
2566 3925 2837 3997 ἀψεύστου
2863 3924 2957 3978 καὶ
2983 3921 3283 3975 ἀσαλεύτου
3311 3919 3551 3988 ἕρματος
3582 3914 3614 3983 ἢ
3645 3909 3831 3981 στηρί-

2252 4039 2461 4095 γματος
2492 4021 2589 4091 τῆς
2621 4018 2878 4089 ἀληθείας
2904 4008 3498 4086 ἐξήφθωσανΧριστοῦο
3521 4006 3752 4077 μάλιστα
3774 4002 3833 4054 δὲ

2254 4112 2474 4164 πάντων
2504 4107 2628 4179 ἐμοὶ
2660 4106 2816 4161 τοῦτο
2849 4105 2952 4176 ἔφη
2995 4102 3447 4174 πρεπωδέστατον
3480 4098 3593 4168 (58)
3636 4097 3830 4159 ποιεῖν,

2251 4204 2327 4268 ὡς
2355 4202 2627 4273 ὑψιθρόνῳ
2648 4199 2969 4270 τυγχάνοντι
3004 4199 3101 4251 καὶ
3153 4199 3210 4249 ἐν
3241 4193 3452 4254 θυσίαις
3502 4190 3647 4245 λαῶν
3673 4186 3836 4258 ἱερῶν

2256 4291 2544 4364 ἡγουμένῳ
2576 4289 2711 4361 πρὸς
2736 4289 2827 4342 τὸν
2858 4287 3085 4360 οὐρανὸν
3112 4286 3222 4339 ἀπὸ
3256 4285 3353 4354 τῆς
3392 4284 3503 4353 γῆς·
3523 4276 3569 4350 ᾧ
3598 4280 3837 4348 τοσούτῳ

2260 4386 2396 4456 βαρὺ
2411 4383 2504 4436 καὶ
2519 4381 2835 4444 κινδυνῶδες
2849 4377 3263 4449 ὲσκοτοσμέναις
3283 4373 3556 4443 ἐννοίαιςῆ
3576 4372 3840 4441 πράξεσιν

2261 4476 2548 4546 ἀτιμάζειν
2577 4475 2669 4526 τὸν
2714 4473 2949 4544 Χριστὸν
2968 4514 2981 4537 ,
3013 4472 3122 4541 ὅσῳ
3153 4486 3243 4541 μοι
3272 4468 3428 4530 κλέος
3452 4465 3656 4535 ἀγαθὸν
3688 4464 3841 4516 ἔσται

2263 4571 2359 4624 καὶ
2384 4570 2532 4635 δόξα,
2568 4567 2786 4621 ἐπειδὰν
2814 4566 3128 4635 ἀμωμήτως
3159 4562 3365 4630 ὲγγίσω
3391 4558 3468 4628 τῷ
3488 4555 3629 4628 Θεῷ.

2371 4662 2483 4716 Kal
2512 4661 2620 4730 γὰρ
2642 4660 2719 4727 δὴ
2744 4658 3015 4729 μέτροισι
3050 4658 3221 4716 Θεοῦ,
3244 4670 3303 4704 ⁵κ.
3327 4668 3380 4706 τ.
3409 4649 3488 4714 ἐξ.

2343 4759 2409 4809 Ὃ
2436 4755 2493 4808 δὲ
2521 4753 2701 4822 λέγει,
2738 4749 2980 4803 τοιοῦτον
3015 4742 3158 4799 εἷναί
3192 4761 3281 4815 μοι
3309 4744 3478 4801 δοκεῖ.
3512 4742 3593 4794 ὅτι
3619 4736 3760 4792 κατὰ
3780 4739 3849 4792 τὸ

2269 4851 2462 4920 μέτρον
2488 4847 2585 4916 τῆς
2609 4845 2815 4916 δωρεᾶς
2837 4841 2929 4895 τοῦ
2952 4836 3188 4911 Χριστοῦ
3210 4837 3311 4905 τῆς
3336 4838 3394 4889 ἐν
3423 4837 3565 4906 ἀρχῇ
3612 4834 3723 4901 (59)
3760 4831 3848 4883 δε·-

2267 4939 2586 5012 δωρημένης
2606 4940 2716 4999 τοῖς
2747 4934 3061 4987 πιστεύουσι
3096 4929 3190 4983 καὶ
3216 4930 3244 4980 ὁ
3274 4927 3387 4996 βίος
3409 4926 3594 4986 αὐτοῖς
3624 4922 3850 4975 ἀκολουο

2270 5034 2353 5085 θεῖ
2375 5050 2386 5061 ·
2410 5031 2504 5084 καὶ
2523 5027 2588 5083 αὖ
2613 5029 2772 5081 πάλιν
2793 5044 2804 5055 ·
2822 5025 2981 5079 Κατὰ
3000 5023 3069 5076 τὰ
3101 5025 3201 5093 μέτ
3212 5037 3279 5091 pa.
3303 5018 3395 5072 τοῦ
3428 5019 3543 5088 βίου
3570 5013 3852 5079 ἀναλόγως

2269 5127 2452 5186 αὐτοῖς
2483 5120 2664 5177 καὶτὰ
2686 5120 2824 5189 γέρα
2844 5117 2954 5170 τῶν
2983 5116 3161 5170 πόνων
3192 5111 3494 5181 ἀπαντήσει
3525 5108 3663 5176 πρὸς
3687 5102 3847 5156 Θεοῦ.

2270 5217 2425 5271 Οὕτω
2440 5215 2494 5268 δὲ
2515 5212 2728 5285 φρονῶν
2759 5209 2852 5263 καὶ
2891 5207 3031 5261 κατὰ
3055 5205 3203 5259 τόνδε
3217 5203 3308 5256 τὸν
3336 5202 3508 5255 τύπον
3542 5199 3599 5250 ὲν
3632 5196 3855 5267 ἀρεταῖς

2270 5306 2581 5369 διαὸιὼσας,
2623 5302 2836 5371 ἀσφαλῆ
2888 5299 2979 5354 καὶ
3027 5298 3318 5368 εὐάρεστον
3362 5292 3707 5362 διαπερανεῖς
3754 5285 3855 5355 τὴν

2270 5404 2326 5454 ἐν
2358 5398 2566 5466 σώματι
2597 5395 2740 5465 ζωήν
2766 5410 2778 5422 ·
2814 5392 2875 5444 οὐ
2916 5392 3073 5462 μόνον
3106 5389 3193 5451 δὲ,
3231 5385 3368 5440 ἀλλὰ
3395 5384 3490 5437 καὶ
3518 5380 3814 5453 μετέπειτα
3834 5413 3851 5438 ,

2269 5491 2362 5544 τοῦ
2397 5487 2654 5549 σκιώὸους
2686 5488 2803 5556 βίου
2840 5503 2932 5537 σου
2968 5482 3124 5536 τοῦδε
3154 5480 3248 5533 καὶ
3281 5474 3523 5548 φθαρτοῦ
3568 5475 3624 5525 ὲν
3672 5468 3857 5540 ἡμέρᾳ

2269 5583 2447 5649 ἐξόδου
2488 5580 2751 5651 λυομένου
2773 5621 2787 5645 ,
2826 5578 2922 5630 σὺν
2958 5576 3156 5647 ἀρίστῃ
3181 5573 3371 5644 πομπῇ
3401 5567 3496 5622 καὶ
3527 5562 3722 5636 όδηγίᾳ
3751 5560 3823 5624 ἀγ
3843 5586 3857 5599 ο

2349 5736 2461 5806 ('59)
2497 5734 2654 5799 Cod.,
2676 5734 2897 5806 ἐναρχή.
