4186 6372
419 451 596 525 γέλων
623 448 760 505 Θεοῦ
800 454 1073 526 κρείττονι
1116 455 1199 519 είς
1238 453 1339 519 τάς
1367 453 1479 510 τῶν
1512 457 1802 530 μακαρίων
1830 473 2002 510 κατα-

420 544 638 609 παύσας
674 545 913 615 σκηνάς,
946 548 1041 601 etv
1083 545 1297 602 ἑστῶτα
1324 549 1419 601 καὶ
1446 547 1641 603 ἄλυτον
1683 551 1780 603 σὺν
1820 550 2005 614 αὐτοῖς

421 636 708 698 διαιωνίως
729 636 789 688 ἐν
817 636 1116 710 Πνεύματι,
1140 641 1203 692 ἐν
1227 637 1448 710 Χριστῷ
1490 639 1663 709 Ἰησοῦ
1693 640 2004 705 διαὸιώσεις

425 729 537 797 βίον
564 742 577 755 °
601 720 646 794 ᾧ
667 731 700 797 ἡ
730 728 858 793 δόξα
886 730 970 793 είς
997 730 1126 794 τοὺς
1150 730 1352 794 αίῶνας
1378 731 1490 783 τῶν
1517 730 1746 786 αίὼνων.
1804 734 1998 805 Ἀμήν.

424 818 557 890 Περὶ
592 820 796 893 ἀρετῆς
821 821 1166 893 ἀνθρωπίνης
1193 822 1350 891 λόγος
1380 822 1444 879 θ’.

434 932 767 1003 Ἐἰ-ζήτησις
794 937 882 1000 είς
914 934 987 989 τὰ
1013 935 1321 1003 ἁπόρῤητα
1346 934 1457 1005 ,τοῦ
1483 935 1748 1005 μετουου
1778 938 2004 1002 Γρηγο-

486 1004 629 1078 plac
641 1005 748 1078 τοῦ
766 1006 1063 1078 Θεολόγου
1073 1009 1231 1074 Ἔπη
1244 1007 1318 1062 τὰ
1327 1004 1427 1059 διὰ
1447 1004 1848 1075 ὴρωελεγείω
1863 1005 2001 1078 (40).

496 1075 637 1143 Περὶ
668 1075 909 1143 φύσεως
930 1076 1327 1142 ἀνθρωπίνης.
1354 1078 1542 1145 Λόγος
1574 1082 1625 1129 ι’.

493 1185 864 1256 Φιλοσοφήσας
894 1189 923 1240 ὁ
951 1185 1353 1256 θεοσοφώτατος
1377 1188 1505 1258 περὶ
1532 1187 1632 1258 τῆς
1652 1186 2004 1259 ἀνθρωπίνης

425 1278 650 1350 ἀρετῆς,
678 1279 781 1333 ὃσα
821 1280 856 1350 ἠ
904 1278 1015 1334 τῶν
1066 1279 1204 1334 ὅλων
1251 1282 1484 1350 τεχνῖτις
1539 1279 1654 1350 (41)
1700 1280 2007 1350 ὑπέρσοφος

428 1370 738 1441 ἐδωρήσατο
802 1371 998 1440 σοφία,
1053 1370 1144 1425 διά
1203 1371 1311 1426 τῶν
1374 1371 1750 1443 προκειμένων
1799 1370 2006 1425 τούτων

430 1462 582 1517 ἐπῶν
614 1464 744 1535 περὶ
772 1465 944 1535 αὐτῆς
973 1464 1074 1535 τῆς
1092 1464 1201 1517 τῶν
1223 1463 1526 1539 ἀνθρώπων
1551 1462 1764 1532 φύσεως
1785 1462 2012 1534 διαλαμ-

428 1555 603 1621 6ἀνει,
635 1555 696 1610 τὸ
726 1554 966 1627 φθαρτόν
993 1572 1054 1608 τε
1077 1555 1252 1626 αὐτῆς
1282 1556 1378 1609 καὶ
1401 1555 1690 1626 οὐδαμινόν
1720 1556 1815 1608 καὶ⁵
1842 1556 2008 1626 εὐμε-

433 1645 654 1701 τάϐολον
680 1647 1037 1718 διακωμῳδού
1045 1663 1204 1716 μενος
1232 1644 1377 1699 οὕτω
1392 1647 1543 1716 λέγει
1558 1664 1575 1677 ·

432 1739 458 1793 1
498 1738 703 1800 Χθιζύν
727 1739 840 1811 (42)
869 1739 1033 1809 ἐμοῖς
1061 1738 1315 1809 ἀχέεσσι
1338 1740 1719 1808 τετρυμένος,
1744 1758 1798 1794 κ.
1828 1757 1876 1795 τ.
1898 1742 1947 1795 λ.

499 1831 642 1895 Χθές
673 1832 767 1885 καὶ
799 1830 1026 1903 πρώην,
1058 1831 1223 1902 φησὶν
1256 1832 1286 1884 ό
1322 1830 1615 1902 θεόληπτος
1648 1834 2004 1906 ἱεροφάντης,

433 1923 585 1987 ίδίοις
608 1924 789 1995 ψυχῆς
816 1924 1060 1992 ἄλγεσιν,
1126 1923 1305 1986 ἀνίαις
1345 1939 1407 1976 τε
1452 1924 1545 1979 καὶ
1585 1925 1799 1991 ὀδύναις
1835 1945 2006 1982 κατα-

430 2013 786 2083 τρυχόμενος,
838 2011 1058 2067 πάντων
1112 2013 1489 2084 ἀπομονωθεὶς
1539 2015 1634 2068 ἐπί
1684 2032 1737 2069 τι
1787 2017 2004 2088 σκιερὸν

429 2106 590 2168 ἄλσος
619 2104 850 2175 ἐκείμην
870 2146 887 2171 ,
927 2104 1259 2176 δακνόμενος
1290 2105 1390 2177 τὴν
1424 2104 1679 2176 αἴσθησιν
1717 2108 1811 2160 καὶ
1836 2124 2005 2161 κατα-

428 2193 730 2264 τηκόμενος
754 2208 770 2225 ·
793 2195 892 2247 καὶ
910 2195 1020 2265 γάρ
1047 2212 1137 2265 μοι
1169 2193 1329 2248 τοῦτο
1357 2194 1509 2264 φίλον
1536 2197 1624 2249 ἀεὶ
1651 2195 1840 2269 ὥσπερ
1866 2199 2007 2270 φάρ-

434 2303 607 2357 μακον
629 2286 895 2357 ίατήριον,
928 2288 988 2339 ἐν
1010 2286 1306 2360 αὐστηροῖς
1329 2289 1559 2342 πάθεσιν
1581 2290 1902 2362 όδυνωμένῳ
1928 2290 2009 2363 τῷ

433 2378 553 2433 καθ’
587 2378 816 2450 ἡσυχίαν
850 2378 1075 2449 ἐμαυτῷ
1124 2380 1466 2452 προσλαλεῖν.
1503 2377 1678 2453 Αὗραι
1716 2383 1772 2435 δέ
1812 2382 2010 2437 λεπταὶ

431 2470 613 2542 ἠρέμα
640 2469 1000 2541 περιηχοῦσαι
1021 2470 1115 2524 τὸν
1150 2470 1290 2541 ἀέρα
1314 2511 1329 2537 ,
1359 2470 1479 2542 ἅμα
1512 2473 1624 2536 τοῖς
1654 2471 1872 2543 ᾠδικοῖς
1910 2472 2008 2545 ὅρ-

433 2581 572 2617 νισιν
605 2560 759 2635 ᾆσμα
801 2562 1085 2617 κελαδοῦσι
1131 2564 1296 2619 καλὸν
1341 2566 1437 2619 καὶ
1470 2565 1703 2636 τερπνὸν
1747 2566 1857 2620 ἀπὸ
1900 2566 2011 2621 τῶν

433 2652 774 2726 ἀκρεμόνων,
814 2654 1018 2726 καίπερ
1041 2654 1324 2709 ἐκπνέοντί
1363 2673 1455 2723 μοι
1477 2656 1578 2727 τὴν
1608 2655 1809 2727 ψυχὴν,
1838 2655 2011 2728 ὅμως,

436 2745 602 2799 ὕπνον
646 2745 864 2814 ἥδιστον
909 2746 1228 2817 ἐχαρίζοντο
1280 2749 1374 2801 καὶ
1424 2747 1683 2819 μαλακόν.
1736 2746 1885 2803 Ἐκεῖ
1923 2748 2011 2820 δὴ,

435 2837 604 2907 φησὶ,
638 2838 732 2891 καὶ
761 2838 811 2891 οί
837 2837 1084 2907 τέττιγες
1106 2839 1155 2892 οἱ
1188 2836 1282 2892 τοῦ
1313 2839 1462 2910 ἡλίου
1500 2839 1641 2909 φίλοι
1665 2880 1680 2904 ,
1707 2842 1755 2893 οῖ
1785 2839 2015 2913 λιγυρὰν

436 2930 532 2983 καὶ
553 2929 731 2997 ὀξεῖαν
756 2930 865 2984 ἀπὸ
894 2930 989 2984 τοῦ
1023 2933 1253 3004 στήθους
1290 2934 1597 3005 μελίζοντες
1623 2933 1722 3005 τὴν
1747 2932 2011 3006 φθογγὴν,

435 3020 767 3093 ἐπηχοῦντες
806 3022 925 3076 ὅλον
957 3024 1230 3096 ἐπλήρουν
1264 3026 1328 3080 τὸ
1369 3025 1532 3089 ἄλσος
1563 3028 1739 3079 ἐκεῖνο
1769 3025 1870 3095 τῆς
1898 3043 2012 3095 φω-

434 3115 572 3184 νῆς·
600 3113 809 3185 ψυχρὸν
858 3114 916 3169 δὲ
969 3115 1114 3188 ὓδωρ
1154 3117 1338 3188 ἡρέμα
1380 3118 1450 3171 δι’
1496 3117 1618 3171 ὅλου
1674 3115 1767 3171 τοῦ
1819 3117 2017 3180 ἄλσους

435 3205 749 3278 παραρρέον
809 3207 906 3260 καὶ
945 3208 1074 3271 τοὺς
1094 3208 1263 3278 ἐμοὺς
1291 3208 1557 3273 ἐπέκλυζε
1590 3207 1755 3271 πόδας
1781 3223 1797 3239 ο
1815 3208 1939 3278 ἐμοὶ
1958 3207 2017 3259 δέ

433 3297 583 3368 ὅμως
603 3298 989 3369 ἀπαράκλητος
1012 3298 1306 3370 ἐτύγχανεν
1336 3301 1370 3369 ἡ
1403 3299 1571 3371 ψυχή.
1606 3301 1717 3353 Καὶ
1746 3299 1855 3370 γὰρ
1882 3316 2017 3371 κρα-

434 3390 603 3455 ταιῶς
629 3393 694 3461 τῇ
722 3391 868 3463 λύπῃ
897 3391 1263 3463 συνειχόμην,
1309 3392 1463 3446 οὐδὲν
1502 3385 1662 3462 ἧττον
1687 3390 1720 3463 ἢ
1761 3391 1891 3461 πρὶν
1924 3406 2019 3458 γε-

436 3482 622 3535 νέσθαι
656 3476 809 3536 ἐκεῖ·
832 3485 942 3535 τῶν
963 3482 1381 3552 κατεπᾳδόντων
1418 3483 1516 3553 μὲν
1538 3483 1648 3554 γὰρ
1678 3484 1775 3536 καὶ
1804 3482 2019 3550 θέλγειν

437 3572 743 3625 δοκούντων
767 3571 942 3635 οὐδεὶς
973 3572 1097 3642 ἐμοὶ
1134 3571 1311 3641 λόγος.
1362 3572 1507 3638 Νοῦς
1537 3572 1648 3644 γὰρ
1687 3571 1975 3644 ἀνθρώπου
2000 3610 2017 3635 ,

442 3662 655 3725 πολλοῖς
702 3662 797 3715 καὶ
850 3663 1069 3734 δριμέσι
1111 3664 1295 3727 πόνοις
1334 3663 1865 3736 καταϐαρυνόμενος,
1919 3663 2019 3717 ούκ

440 3752 611 3807 ἐθέλει
635 3752 822 3806 λοιπὸν
853 3752 1286 3824 παρακαλεῖσθαι
1316 3755 1438 3807 ούδέ
1475 3754 1721 3825 τέρψεως
1746 3754 2022 3826 ἀνθρωπί-

440 3861 537 3915 νης
574 3844 755 3914 ἔχεται
790 3845 1068 3915 οὐδεμιᾶς.
1114 3846 1241 3910 Τοῖς
1277 3845 1372 3900 τοῦ
1412 3845 1503 3898 νοῦ
1540 3846 1596 3899 δὲ
1627 3849 1890 3918 κινήμασι
1928 3849 2022 3901 καὶ

438 3938 557 4000 ⁸ιαῖς
575 3936 682 3989 τῶν
707 3936 963 3990 ἐναντίων
984 3936 1260 4007 λογισμῶν
1276 3937 1471 4001 πάλαις
1495 3939 1555 3990 ἐν
1574 3937 1773 4010 καρδίᾳ
1795 3955 2023 4009 συστρε-

446 4029 681 4099 φόμενος
704 4030 801 4082 καὶ
825 4028 1267 4100 περιδινούμενος
1288 4029 1576 4084 ἐσκόπουν.

442 4118 511 4172 Π
625 4118 722 4185 Τίς
757 4119 1051 4188 τενόμην;
1082 4119 1171 4185 τίς
1202 4119 1374 4188 δἐιμί
1392 4135 1411 4179 ;
1444 4120 1502 4172 τί
1561 4119 1910 4188 δ’ἕσσομαι;
1950 4121 2025 4173 οὐ

1360 4209 1549 4282 [σάφα
1576 4208 1728 4275 οἶδα,
1756 4229 1808 4265 κ.
1829 4228 1879 4264 τ.
1902 4211 1952 4264 λ.

509 4304 607 4367 ἰ’ίς
634 4341 650 4367 ,
688 4303 852 4374 φησὶν
875 4342 891 4367 ,
922 4301 1191 4373 ἐγενόμην
1214 4341 1229 4363 ,
1271 4304 1335 4355 ἐκ
1373 4300 1447 4372 μὴ
1474 4301 1627 4365 ὄντος
1660 4303 1741 4366 εἰς
1787 4303 1849 4355 τὸ
1884 4298 2026 4356 εἶναι

447 4392 655 4459 ἐλθών;
684 4395 769 4458 τίς
792 4395 850 4449 δὲ
888 4395 983 4448 νῦν
1013 4397 1128 4465 εἰμι
1149 4435 1164 4459 ,
1204 4396 1326 4447 ἐπεὶ
1358 4395 1685 4466 γεγενῆσθαί
1720 4413 1897 4466 φημι;
1934 4394 2027 4448 καὶ

445 4481 502 4535 τί
553 4482 694 4552 μετά
738 4484 913 4537 ταῦτα
962 4484 1190 4554 μάταιος
1233 4485 1575 4554 γενήσομαι;
1628 4484 1724 4539 καὶ
1769 4486 1878 4555 γὰρ
1914 4484 2026 4537 οὔτ’

448 4574 612 4637 αὐτὸς
643 4570 759 4629 οἶδα
781 4576 986 4645 σαφῶς,
1010 4576 1094 4639 τίς
1125 4576 1158 4646 ἡ
1193 4578 1315 4629 κατ’
1340 4576 1515 4647 ἀρχὰς
1536 4575 1739 4638 εἴσοδος
1770 4576 1906 4646 πρὸς
1936 4576 2028 4629 τὸν

452 4668 586 4739 βίον,
617 4668 649 4738 ἦ
678 4668 763 4731 τίς
786 4668 1196 4739 προ[σ]κόπτων
1224 4667 1376 4721 ἔνθεν
1408 4668 1537 4738 ἄχρι
1562 4667 1655 4720 τοῦ
1682 4667 1888 4730 τέλους.
1920 4668 2029 4719 Au-

450 4760 566 4824 θεὶς
598 4759 790 4813 ἔπειτα
822 4760 905 4823 τίς
933 4761 1274 4831 γενήσομαι,
1307 4761 1514 4830 φράσον
1555 4774 1572 4791 ’
1618 4759 1711 4811 καὶ
1753 4758 1863 4828 γάρ
1913 4756 2027 4812 οὔτ’

452 4852 615 4914 αὐτὸς
668 4851 914 4920 ἀκριϐῶς
958 4851 1299 4922 ἐπίσταμαι,
1353 4848 1469 4903 ἀλλ’
1512 4848 1622 4901 οὐδ’
1674 4852 1912 4910 ἐκεῖνος,
1967 4848 2027 4910 ὃς

452 4943 655 5014 μᾶλλον
691 4942 825 5012 ἐμοῦ
874 4941 1181 5012 σοφώτερος
1215 4942 1433 5013 εὔχεται
1457 4936 1618 4995 εἶναι’
1651 4939 1728 5010 τῷ
1758 4942 2023 5010 ἐπιπροσ-

448 5034 631 5088 θοῦντι
660 5034 719 5086 δὲ
749 5032 963 5104 σώματι
998 5035 1093 5089 καὶ
1124 5037 1189 5106 τῇ
1247 5034 1441 5105 ἀγνοίᾳ
1469 5029 1556 5086 οἶα
1586 5034 1738 5100 νέφει
1766 5032 1920 5101 βαθεῖ
1936 5032 2030 5084 τὸν

447 5126 573 5180 νοῦν
605 5126 1051 5197 κεκαλυμμένος,
1093 5119 1197 5180 ὦδε
1231 5127 1393 5179 κάκεῖ
1423 5123 1845 5195 περιπλανῶμαι
1869 5163 1885 5189 ,
1928 5141 2031 5194 μα-

522 5327 639 5398 (40)
669 5326 855 5381 Carm.
881 5328 1035 5395 XIII,
1072 5344 1125 5398 p.
1153 5327 1220 5381 86
1246 5368 1262 5394 ,
1301 5329 1389 5398 ed.
1430 5326 1625 5380 Colon.

450 5394 757 5452 Leuvencl.
788 5398 972 5453 Carm.
1011 5394 1161 5454 nunc
1215 5397 1357 5463 λιν,
1392 5413 1444 5467 p.
1473 5397 1599 5451 469.

527 5467 643 5609 (4!;
674 5467 834 5535 Cod.,
866 5470 1160 5539 τεχνηίτις.

528 5538 621 5601 (42
676 5536 1060 5608 ΒὶΙΙ.,χθιζός;
1094 5549 1160 5593 ιιι]

454 5608 551 5662 ἀπ’
596 5606 771 5663 ἄλλων
832 5606 873 5663 ξ’
906 5610 979 5661 ita
1023 5610 1188 5664 etiam
1237 5609 1453 5662 locutus
1491 5616 1576 5661 est
1625 5606 1811 5677 Apoll.
1855 5607 2034 5662 Rhod.

456 5679 500 5742 Ι,
529 5677 631 5750 60,
677 5688 731 5733 et
777 5677 1078 5750 Tryphiod.
1109 5678 1237 5742 224,
1290 5686 1366 5750 ct_
1392 5678 1627 5750 fortasse
1655 5678 1766 5750 alii

457 5749 736 5804 imitantes
755 5744 1286 5811 illtthomerirum,
1317 5744 1426 5812 οἷος
1445 5747 1624 5801 ἄνευθ’
1645 5744 1848 5811 ἄλλων,
1870 5744 2034 5802 Iliad.

458 5833 598 5888 ml,
651 5820 741 5889 59,
808 5821 864 5877 in
908 5821 1101 5877 eadem
1143 5819 1377 5877 formula
1451 5835 1501 5873 ν.
1553 5814 1663 5882 οἷος
1702 5834 1802 5890 pro
1843 5819 2035 5890 μοῦνος

1685 5341 1739 5398 p.
1775 5325 1910 5390 945,
1944 5324 2033 5380 ed.

1438 342 1506 399 IN
1539 343 1846 401 CARMINA
1881 343 2165 403 ARCANA
2199 344 2258 401 S.
2301 342 2647 401 GRLGORII.

3564 350 3670 409 7343

2111 455 2325 528 angelis
2368 453 2463 510 Dei
2505 456 2705 511 melius
2749 454 2926 511 adhuc
2954 461 3059 517 erit
3085 457 3205 524 tibi,
3228 475 3291 516 ac
3307 457 3363 516 In
3401 456 3683 515 beatorum

2109 549 2465 605 tabernacula
2505 548 2696 618 requie
2736 546 3009 603 fruiturus
3045 549 3325 609 avolabis.
3365 560 3419 607 et
3466 567 3686 623 pet-ma-

2110 640 2258 694 neuti
2277 638 2575 707 stabilique
2594 639 2903 693 aeternitate
2917 655 3040 693 cum
3064 641 3200 709 ipsis
3229 640 3283 694 in
3305 638 3689 713 Spiritu,vivt-.s

2109 730 2170 785 in
2216 728 2439 783 Christo
2480 727 2634 792 Jesu,
2671 729 2761 783 cui
2791 729 2965 800 gloria
3006 733 3058 783 iu
3101 732 3303 785 saecula
3334 734 3688 787 saeculorum.

2111 823 2310 876 Amen.
2342 819 2419 874 De
2447 821 2631 874 anima
2662 820 2901 874 humana
2935 836 3116 876 sermo
3143 822 3197 876 9.

2111 928 2919 1004 Commentariusﬁrcqnorum
2952 934 3130 1004 magni
3166 932 3403 1002 Gregorii
3444 933 3691 1004 Theologi

2183 1004 2481 1055 carminum
2537 1000 2915 1067 distichorum,
2965 1000 3279 1057 de'natura‘
3312 1005 3544 1059 humana
3581 1000 3694 1060 ser-

2176 1087 2261 1125 mo
2296 1071 2381 1127 10.

2188 1182 2258 1237 10
2283 1181 2685 1253 Philosophans
2709 1182 3154 1253 sapientissimus
3173 1186 3474 1241 secundum
3496 1185 3690 1252 Deum,

2107 1284 2175 1332 de
2192 1276 2429 1329 humana
2449 1276 2669 1342 virtute,
2685 1292 2808 1346 quat
2826 1277 3210 1332 universorum
3222 1279 3436 1334 doctrix
3452 1280 3692 1349 perfecta

2109 1366 2261 1423 dedit
2294 1367 2597 1438 sapientia,
2633 1367 2723 1421 illa
2768 1382 2864 1437 per
2905 1369 2993 1422 hic
3040 1371 3317 1439 proposita
3348 1372 3592 1424 carmina
3622 1369 3694 1424 de

2111 1468 2309 1515 natura
2330 1459 2614 1513 hominum
2642 1459 2935 1514 reassumit
2951 1468 3116 1529 atque
3136 1462 3545 1530 corruptionem
3568 1461 3694 1529 ejus

2112 1560 2169 1607 et
2195 1550 2460 1604 vilitatem
2485 1556 2542 1603 ct
2574 1548 2934 1605 mobilitatem
2965 1550 3201 1606 irridens
3235 1551 3318 1608 sic
3345 1550 3589 1622 loquitur
3621 1569 3637 1607 :

2111 1724 2138 1780 l
2233 1721 2360 1780 Heri
2388 1722 2517 1777 meis
2546 1724 2799 1777 (erumnis
2821 1724 3106 1793 conlectus,
3137 1731 3245 1778 etc.

2185 1815 2315 1871 Heri
2344 1824 2400 1870 et
2434 1815 2638 1871 nudius
2661 1816 2881 1882 tertius,
2916 1816 2993 1871 ait
3021 1817 3244 1872 divinus
3276 1817 3568 1886 interpres,
3598 1831 3695 1871 au-

2112 1909 2340 1979 goribus
2370 1909 2567 1962 anima:
2595 1908 2896 1963 comitibus
2916 1945 2932 1970 ,
2954 1909 3195 1964 miseriis
3219 1918 3381 1978 atque
3412 1910 3699 1966 doloribus

2114 2001 2451 2071 implicatus,
2473 2000 2543 2055 ab
2567 2000 2823 2056 omnibus
2843 1999 3160 2064 derelictus,
3184 2001 3444 2055 umbroso
3476 2002 3529 2054 in
3561 2017 3701 2071 quo-

2110 2091 2235 2147 dam
2271 2106 2494 2147 nemore
2523 2090 2795 2161 iacebam,
2831 2091 3028 2146 mentis
3055 2106 3294 2146 maerore
3327 2091 3614 2149 confectus
3646 2103 3701 2147 cl.

2113 2189 2457 2253 prostratus:
2498 2182 2679 2252 placet
2716 2183 2859 2237 enim
2897 2197 3114 2252 semper
3145 2184 3278 2237 mihi
3311 2186 3468 2254 quasi
3522 2202 3702 2241 reme-

2112 2276 2262 2331 dium
2290 2288 2516 2340 sanaus,
2533 2288 2657 2328 cum
2678 2272 2815 2327 dura
2843 2288 3062 2342 pascor,
3086 2274 3297 2344 placide
3322 2292 3533 2330 mecum
3562 2292 3702 2332 con-

2112 2364 2344 2420 versari.
2364 2367 2527 2417 Aurae
2556 2363 2701 2418 leves
2727 2362 2873 2417 dulci
2906 2378 3139 2419 susurro
3163 2380 3259 2434 per
3289 2381 3414 2420 aera
3442 2382 3551 2421 una
3574 2383 3701 2421 cum

2115 2452 2575 2508 modulatricibus
2591 2451 2787 2507 avibus
2800 2452 3106 2509 cantilenas
3118 2454 3419 2509 concinunt
3446 2456 3703 2524 pulchras

2114 2554 2170 2602 et
2201 2560 2449 2600 amoenas
2474 2546 2710 2601 summis
2729 2543 2786 2598 in
2813 2543 3006 2611 ramis;
3037 2544 3166 2599 inde
3186 2546 3319 2599 mihi
3343 2547 3704 2616 cogitationes

2117 2639 2315 2693 animae
2384 2638 2664 2693 exhalanti
2716 2636 3026 2707 jucundum
3073 2636 3404 2708 mollemque
3445 2654 3705 2707 procrea-

2116 2732 2252 2788 bant
2293 2744 2571 2786 somnum.
2626 2727 2728 2784 Hic
2772 2743 2925 2798 ergo,
2982 2728 3183 2799 inquit.
3227 2739 3285 2784 et
3330 2731 3466 2784 solis
3514 2732 3706 2785 amicae

2120 2822 2326 2878 cicada:
2349 2835 2617 2877 canorum
2654 2827 2991 2889 acutumque
3014 2820 3187 2875 melos
3219 2835 3249 2873 a
3286 2830 3510 2890 pectore
3542 2825 3704 2876 emit-

2121 2923 2302 2971 tentes
2349 2913 2628 2970 resonanti
2677 2921 2855 2968 totum
2896 2912 3081 2967 lucum
3121 2913 3270 2967 hunc
3297 2928 3433 2969 voce
3463 2919 3706 2983 compte-

2120 3008 2282 3073 bant;
2307 3005 2553 3078 jucunde
2576 3020 2674 3076 per
2699 3011 2873 3059 totum
2904 3004 3088 3060 lucum
3113 3003 3322 3060 ell‘usus
3352 3003 3587 3071 frigidus
3614 3019 3705 3060 ror.

2122 3100 2288 3171 pedes
2334 3114 2488 3155 meos
2531 3094 2961 3162 madefaciebat,
2992 3105 3048 3151 et
3094 3099 3150 3151 in
3210 3110 3300 3151 me
3346 3094 3707 3150 nihilominus

2123 3193 2305 3247 anima
2338 3192 2490 3246 nullo
2526 3190 2723 3244 solatio
2765 3188 3077 3256 levabatur,
3114 3189 3211 3258 qui
3253 3196 3550 3259 antequam
3599 3188 3708 3242 huc

2125 3284 2366 3337 venirem
2405 3280 2684 3337 mmstitia:
2722 3281 3028 3351 subjectus,
3068 3289 3301 3336 maestus
3338 3280 3496 3335 valde
3522 3288 3577 3335 et
3617 3279 3709 3334 hic

2119 3374 2490 3429 remanebam.
2542 3371 2691 3425 Nihil
2740 3372 2806 3426 ad
2858 3387 2947 3427 me
2990 3372 3059 3426 de
3112 3372 3533 3427 susurrantibus
3581 3386 3709 3429 uua:

2120 3462 2417 3516 mulcentia
2442 3461 2791 3528 videbantur;
2822 3477 2977 3518 meus
2998 3461 3205 3532 quippe
3235 3462 3497 3522 hominis.
3521 3471 3708 3515 muuts

2118 3562 2173 3610 et
2201 3555 2415 3611 acerbis
2447 3555 2705 3611 laborans
2737 3555 3162 3624 aegritudinibus
3192 3554 3474 3618 solatium,
3496 3553 3706 3608 nullum

2120 3643 2379 3711 admittit,
2408 3658 2509 3698 nec
2552 3644 2682 3699 ullis
2714 3643 3137 3699 oblectamentis
3166 3642 3480 3698 continetur
3517 3641 3711 3694 huma-

2122 3733 2246 3787 nis:
2278 3732 2447 3787 animi
2470 3733 2714 3788 motibus
2733 3744 2789 3787 et
2814 3731 3247 3802 cogitationibus
3288 3732 3433 3785 inter
3482 3744 3542 3785 se
3571 3730 3712 3784 relu-

2123 3823 2400 3879 ctantibus
2430 3822 2599 3878 corde
2627 3824 2929 3886 volutatus,
2962 3822 3288 3878 recollectus
3318 3821 3630 3875 manebam.

2127 4109 2192 4164 17
2228 4110 2361 4177 Quis
2401 4109 2625 4178 fuerim,
2669 4109 2787 4178 quis
2825 4109 2961 4169 sint.
3013 4105 3143 4177 quid
3181 4105 3398 4176 futurus
3428 4104 3566 4167 sim,
3605 4119 3709 4157 .ton

3023 4200 3192 4271 [clare
3215 4197 3498 4267 perspicio,
3528 4202 3638 4249 etc.

2198 4295 2333 4362 Quis
2361 4294 2541 4350 factus
2570 4309 2713 4360 sum,
2741 4293 2943 4362 inquit,
2962 4314 2990 4352 θ
3010 4307 3119 4345 non
3135 4307 3258 4346 esse
3281 4291 3338 4343 in
3369 4305 3494 4344 esse
3528 4296 3714 4342 trans-

2129 4389 2286 4444 iens?
2309 4388 2447 4455 Quis
2468 4398 2521 4443 et
2549 4403 2697 4442 nunc
2736 4402 2881 4452 sum,
2914 4386 3006 4456 qui
3029 4393 3194 4441 natus
3229 4384 3399 4440 fuisse
3426 4382 3621 4438 dicor?
3651 4380 3715 4435 Et

2132 4490 2257 4554 post
2285 4483 2401 4538 haec
2431 4498 2608 4537 vanus
2634 4481 2768 4551 quid
2790 4479 2956 4535 liam?
2985 4477 3123 4533 Nam
3146 4492 3248 4534 nec
3272 4478 3391 4548 ipse
3414 4477 3560 4531 clare
3585 4474 3714 4528 novi

2130 4593 2254 4649 qua:
2281 4577 2337 4631 in
2374 4576 2650 4646 principio
2690 4575 2781 4629 via
2838 4574 2905 4628 ad
2941 4573 3110 4627 vitam
3138 4613 3154 4637 ,
3196 4586 3385 4641 quaave
3422 4569 3550 4624 inde
3586 4582 3717 4622 cur-

2130 4685 2256 4725 rens
2291 4683 2534 4738 praeceps
2574 4682 2750 4737 usque
2782 4666 2850 4720 ad
2899 4665 3060 4719 ﬁnem
3113 4664 3237 4726 via;
3272 4663 3486 4718 solutus
3515 4660 3731 4739 deinde

2126 4762 2259 4833 quid
2290 4763 2436 4833 liam,
2461 4761 2582 4815 dic:
2615 4775 2742 4813 nam
2767 4774 2868 4814 nec
2894 4760 3011 4828 ipse
3038 4765 3296 4812 accurate
3325 4757 3461 4819 scio,
3485 4753 3580 4810 sed
3612 4769 3720 4808 nec

2128 4856 2231 4909 iste
2265 4854 2358 4923 qui
2390 4852 2692 4923 sapientior
2725 4865 2889 4919 quam
2924 4864 3026 4919 ego
3068 4850 3336 4919 gloriatur
3362 4862 3504 4902 esse.
3554 4845 3715 4899 Invo-

2133 4946 2289 4999 lucro
2338 4943 2592 5012 corporis
2638 4949 2693 4995 et
2742 4939 3125 5009 imprudentiae
3152 4938 3310 5009 quasi
3355 4937 3522 4992 densa
3567 4935 3716 4988 nube

2138 5051 2295 5090 mens
2329 5049 2451 5088 mea
2488 5033 2886 5088 obtenehratur
2931 5038 2986 5086 et
3020 5032 3101 5086 sic
3141 5046 3287 5095 erro,
3328 5028 3716 5099 insipientibus

2134 5128 2375 5197 jactatus
2412 5125 2849 5198 cogitationibus
2887 5132 2943 5179 et
2979 5123 3116 5178 nihil
3162 5123 3376 5177 ﬁrmum
3419 5123 3473 5175 in
3514 5120 3716 5175 intelli-

2143 5334 2509 5396 usurparunt,
2549 5342 2720 5395 quare
2762 5341 2871 5379 non
2908 5325 3056 5379 omni
3087 5340 3152 5378 ex
3168 5333 3553 5396 partevcntm
3592 5337 3716 5396 esse

2143 5392 2305 5463 puto,
2339 5398 2484 5466 quod
2515 5392 2863 5452 Weruickius
2896 5397 3032 5449 dixit
3063 5397 3128 5449 ad
3165 5392 3466 5466 Tryphiod.
3508 5392 3711 5466 ν.

2140 5463 2408 5522 Caeterum
2445 5469 2511 5522 ad
2559 5470 2706 5521 hunc
2737 5472 2950 5527 locum,
2987 5467 3040 5519 ni
3082 5463 3291 5522 fallor,
3327 5467 3566 5533 respexit
3604 5463 3717 5514 Mo-

676 5533 1060 5608 ΒὶΙΙ.,χθι’ζός;
1094 5549 1386 5605 utrumque
1414 5535 1789 5608 Homericum.
1816 5565 1888 5608 -ς
1907 5533 2016 5591 Οἷοι

2142 5540 2438 5607 schopolus
2470 5539 2521 5592 in
2554 5539 2779 5593 scholiis
2809 5538 2873 5591 ad
2902 5536 3128 5608 Ilcsiod.
3157 5534 3223 5608 Ο.
3252 5542 3297 5585 et
3327 5534 3389 5587 D.
3409 5536 3507 5608 All,
3538 5548 3714 5602 quan-

2143 5605 2307 5677 quam
2341 5610 2636 5677 Grcgorius
2662 5609 2851 5664 eadem
2886 5606 3115 5677 formula
3150 5606 3320 5677 utitur
3351 5605 3710 5677 etiamrarm.

1817 5694 2037 5748 quoque
2139 5671 2179 5742 Ι,
2204 5695 2347 5734 vers.
2371 5671 2508 5744 266;
2551 5678 2642 5745 IV,
2676 5679 2769 5730 HI
2797 5696 2811 5744 ε
2841 5675 3001 5741 XLV,
3033 5676 3135 5748 ‘22;
3166 5674 3251 5748 LA
3274 5675 3415 5748 205;
3438 5671 3614 5748 μίξιν,

2134 5748 2296 5875 ξιοκξῖὲ,
2326 5751 2377 5806 7.
2406 5741 2505 5807 Ed.
2543 5741 2649 5807 nov
2715 5741 2807 5822 pp.
2837 5749 2942 5803 (375
2962 5792 2982 5818 ,
3008 5741 3148 5814 559⁷,
3184 5745 3290 5801 279
3316 5784 3329 5813 ,
3368 5745 3535 5811 1057,
3565 5741 3713 5807 295p
