4182 6362
465 339 563 393 ’151

459 456 644 528 gentia
682 462 939 508 accurate
973 455 1256 510 meditanti
1301 471 1421 511 mea
1457 465 1542 512 est
1581 472 1681 512 nec
1722 456 1778 511 in
1812 456 2041 514 somniis

465 546 634 606 meis,
670 546 739 599 de
782 545 865 600 his
896 561 1012 614 quae
1067 561 1229 602 nosse
1271 547 1473 618 cupio:
1512 563 1637 602 nam
1674 546 1842 602 Deum
1875 561 2041 601 nosse

464 638 624 704 cupio
649 648 695 691 et
728 651 835 690 non
859 645 942 692 est
967 638 1060 707 qui
1086 637 1255 693 Deum
1283 640 1731 710 comprehendat.
1755 639 1909 694 Dixi:
1944 639 2045 693 Sa-

467 729 624 799 piens
646 730 876 793 el'ticiar,
916 738 973 785 et
1024 731 1292 801 sapientia
1343 733 1561 804 longius
1596 734 1827 789 recessit
1876 748 1904 786 a
1955 746 2044 786 me

466 822 640 875 multo
684 822 856 892 magis
885 836 1052 892 quam
1085 830 1227 888 erat,
1266 832 1322 880 et
1360 840 1552 880 omnes
1587 825 1678 881 isti
1713 825 2043 895 contempti-

465 913 607 968 biies'
630 922 684 968 et
716 930 934 985 semper
948 920 1194 971 errantes
1213 916 1397 980 corde,
1421 917 1623 986 quibus
1651 932 1854 977 crassa
1885 917 2043 973 istius

464 1005 649 1060 carnis
692 1008 980 1062 tenebrosa
1027 1008 1202 1063 allicit
1244 1009 1442 1063 nebuh
1488 1008 1842 1077 interjacens.
1889 1027 1913 1061 ι
1950 1006 2044 1062 Ille

464 1111 593 1150 vero
619 1112 705 1152 me
731 1105 838 1161 est,
864 1117 881 1149 ι
907 1107 961 1153 et
986 1113 1103 1168 seq.
1129 1101 1264 1169 Ego,
1291 1100 1488 1170 inquit,
1517 1099 1720 1169 optime
1747 1099 1870 1152 novi
1895 1097 2043 1167 quod

461 1201 567 1240 nec
614 1188 823 1242 entium
860 1205 962 1243 nec
998 1193 1345 1245 nascentium
1397 1194 1677 1245 notionem
1726 1197 2040 1245 accuratam

461 1287 524 1331 ut
551 1287 768 1347 oportet
802 1280 975 1335 habeo
1003 1298 1017 1334 :
1043 1288 1098 1335 et
1127 1281 1243 1336 haec
1276 1298 1394 1336 mea
1432 1283 1694 1352 sapientia
1708 1282 1872 1352 ,scire
1894 1280 2043 1350 quod

467 1370 603 1424 nihil
625 1385 821 1426 secure
852 1388 1189 1441 cognoscere
1219 1375 1451 1443 possim.
1478 1375 1668 1441 Quivis
1700 1390 1791 1429 lue
1818 1374 2041 1443 sapien-

458 1462 771 1532 tior,quem
820 1466 995 1536 magis
1024 1482 1188 1536 quam
1229 1467 1366 1522 alios
1419 1468 1615 1522 anima:
1646 1467 1849 1537 decipit
1896 1482 2045 1521 mens

464 1551 707 1616 ducittm,
743 1556 889 1624 quod
925 1564 1011 1611 est
1043 1558 1231 1626 opinio
1270 1558 1489 1622 mentis,
1524 1565 1729 1613 temere
1755 1568 1811 1612 et
1845 1558 2040 1612 incon-

463 1643 703 1701 siderate
748 1649 1006 1703 emittens
1052 1649 1258 1705 ﬂuxum
1312 1651 1537 1706 verbum
1592 1668 1702 1721 quo
1755 1666 1878 1721 qua:
1939 1666 2042 1707 nec

462 1737 598 1790 vidit
633 1753 731 1793 nec
785 1742 938 1796 novit
988 1745 1187 1799 asserit
1229 1744 1414 1799 homo.
1456 1744 1519 1797 Et
1553 1745 1633 1800 sic
1676 1744 2037 1800 considerat:

466 1842 489 1881 t
527 1827 682 1895 Sum,
716 1832 806 1887 dic
833 1835 964 1903 quid
998 1844 1103 1901 est,
1134 1855 1152 1888 ι
1179 1845 1233 1891 et
1263 1854 1382 1907 seq.
1419 1836 1655 1893 Tantum
1689 1839 1776 1893 hic
1808 1839 2044 1894 intendit

459 1919 623 1977 divus
671 1923 944 1994 interpres
992 1929 1315 1997 sapientiam
1362 1928 1710 1985 Ecclesiastae
1751 1930 2044 2000 explanare

461 2007 695 2064 dicentis
736 2014 1030 2069 vanitatem
1074 2019 1372 2071 vanitatum
1404 2026 1456 2072 et
1483 2020 1902 2089 applicationem
1925 2022 2041 2091 spi-

461 2101 600 2157 ritus
624 2105 843 2172 omnia;
878 2107 951 2160 ita
986 2123 1121 2164 sane
1152 2119 1206 2165 et
1241 2108 1458 2165 Davidis
1488 2113 1808 2182 sapientiam
1838 2128 2039 2168 vanum

461 2192 738 2249 hominem
780 2212 996 2253 omnem
1040 2209 1326 2256 canentem
1368 2218 1493 2256 cum
1544 2205 1851 2259 substantia
1896 2206 2040 2275 ejus,

462 2285 557 2352 qui
588 2302 695 2340 non
724 2288 796 2341 sit
838 2291 1199 2349 aestimandus
1229 2307 1355 2349 ante
1388 2297 1711 2365 plasmantis
1751 2312 1874 2351 eum
1904 2314 2041 2353 con-

462 2389 727 2447 spectum.
761 2382 961 2438 Eadem
995 2386 1196 2441 ﬁducia
1228 2390 1435 2446 audens
1464 2390 1816 2461 philosophat
1844 2400 1896 2445 et
1924 2392 2043 2462 ipse

462 2470 846 2542 interrogans:
886 2476 1029 2533 Dicis
1063 2479 1204 2548 quod
1251 2481 1376 2546 sim,
1419 2481 1605 2551 profer
1637 2490 1691 2536 et
1726 2483 2042 2538 demonstra

462 2565 595 2630 quid
650 2567 723 2619 sit
776 2569 955 2623 illud?
997 2570 1131 2624 Nam
1178 2572 1231 2625 in
1266 2574 1444 2628 tribus
1489 2575 1751 2644 temporis
1795 2575 2041 2643 partibus

460 2658 690 2713 omnino
739 2671 933 2715 cuncta
986 2663 1262 2730 videntur,
1313 2665 1369 2720 in
1418 2666 1676 2735 praesenti
1722 2682 1937 2736 nempe,
1984 2667 2041 2720 in

461 2747 653 2805 futuro
681 2753 812 2807 etin
843 2756 1142 2824 praeterito;
1175 2757 1270 2811 sed
1298 2760 1629 2827 praeteritum
1656 2758 1768 2827 jam
1798 2772 1904 2813 non
1934 2767 2039 2821 est,

458 2840 661 2910 quippe
691 2845 839 2914 quod
892 2849 1227 2916 praeterivit;
1275 2848 1521 2904 futurum
1557 2866 1665 2904 non
1705 2851 1953 2917 exsistit;
1988 2860 2043 2906 et

458 2933 639 3000 quoad
688 2951 951 3003 praesens,
985 2937 1337 3008 cogitationis
1388 2948 1603 3010 tempus
1648 2948 1732 2995 est
1765 2948 1819 2995 et
1862 2942 2041 2995 subito

460 3024 693 3097 aufugit,
719 3036 1010 3096 antequam
1037 3045 1191 3085 mens
1208 3032 1562 3100 contemplari
1584 3032 1836 3098 valuerit,
1861 3033 2039 3103 ipsum

459 3119 629 3173 verbo
674 3120 924 3188 rapidius
955 3121 1216 3176 avolavit.
1255 3122 1408 3177 Sicut
1456 3132 1670 3193 tempus
1712 3125 1911 3194 ipsum,
1962 3127 2043 3181 sic

462 3218 566 3272 ego
599 3205 691 3258 cui
720 3221 844 3261 sors
873 3224 979 3261 una
1004 3207 1242 3277 adigitur
1267 3224 1390 3264 cum
1420 3221 1684 3283 tempore.
1717 3214 1861 3268 idem
1896 3216 2041 3269 enim

463 3293 602 3348 ordo
626 3296 909 3364 temporis,
938 3307 991 3351 et
1013 3313 1202 3352 eorum
1224 3315 1347 3369 quae
1372 3300 1425 3353 in
1453 3309 1698 3371 tempore
1730 3311 2036 3369 versantur;

463 3385 585 3454 ipso
613 3397 895 3452 currente,
928 3390 1119 3443 eodem
1156 3406 1323 3450 cursu
1360 3393 1732 3447 involvuntur.
1777 3392 1865 3447 Sic
1890 3393 2039 3448 aliud

464 3477 800 3533 exsistentize
831 3494 963 3534 mea:
983 3496 1107 3534 cum
1138 3490 1381 3549 tempore
1404 3485 1620 3537 evanuit
1644 3492 1697 3537 ct
1727 3484 1875 3537 aliud
1895 3498 2042 3537 nunc

463 3567 746 3642 possidere
773 3569 1030 3634 arbitror,
1062 3570 1156 3624 sed
1180 3570 1327 3624 aliud
1360 3581 1414 3625 et
1435 3588 1520 3626 me
1550 3572 1864 3626 habiturum
1893 3573 2042 3627 arbi-

461 3667 641 3717 tratus
691 3662 802 3728 Fui,
854 3665 901 3719 si
952 3673 1137 3719 tamen
1184 3666 1458 3721 exsistens
1499 3667 1863 3736 permanebo;
1914 3682 2039 3720 nam

461 3753 596 3806 mihi
638 3755 771 3808 nihil
804 3764 1036 3823 certum,
1071 3757 1207 3811 nihil
1235 3758 1451 3823 stabile,
1488 3760 1624 3814 nihil
1652 3774 1901 3823 manens,
1940 3775 2045 3815 nec

463 3846 717 3901 similiter
739 3856 925 3903 certus
957 3864 1077 3905 sum
1106 3850 1223 3905 fore
1253 3858 1314 3905 ut
1342 3852 1535 3907 oculos
1575 3851 1818 3920 injiciam
1846 3851 1900 3905 in
1932 3868 2042 3907 non

463 3937 619 3990 firma
655 3953 758 3991 nec
809 3947 985 3993 certa.
1015 3937 1109 3991 sed
1161 3940 1215 3992 in
1258 3946 1523 4008 perpetuo
1566 3944 1621 3992 et
1670 3937 2046 3992 indesinenter

460 4029 704 4084 volutata
747 4030 905 4099 quasi
956 4028 1183 4084 ﬂumine
1228 4029 1449 4085 turbido
1500 4035 1555 4085 et
1600 4028 1670 4086 ad
1722 4038 2043 4100 perpetuum

459 4120 733 4175 etiluvium
761 4120 1053 4177 destinata.

463 4391 533 4447 29
574 4390 715 4455 Quid
746 4407 833 4444 me
853 4391 1043 4445 horum
1070 4407 1182 4446 esse
1208 4391 1393 4447 dices?-
1420 4400 1528 4447 etc.

541 4483 737 4539 Dicens
773 4484 1028 4553 presenti
1078 4484 1342 4553 temporis
1381 4485 1523 4554 parti
1572 4493 1628 4539 et
1669 4485 1957 4553 praeteritae
1995 4493 2049 4539 et

464 4574 664 4629 futurae
702 4583 1016 4629 consortem
1055 4573 1293 4629 hominis
1331 4585 1582 4627 naturam
1614 4574 1769 4643 quasi
1801 4574 2046 4628 eamdem

464 4682 588 4720 cum
639 4674 882 4734 tempore
929 4665 1240 4730 habentem,
1287 4676 1516 4735 utraque
1553 4665 1816 4718 continuo
1858 4662 2041 4726 efﬂua,

467 4761 609 4827 Quid
651 4757 850 4827 inquit,
881 4756 1075 4811 horum
1107 4757 1273 4808 trium
1305 4771 1427 4810 esse
1459 4771 1543 4809 me
1565 4754 1703 4809 dicis
1737 4756 1959 4808 natum?
1983 4754 2046 4808 Et

464 4860 615 4908 certe
635 4850 855 4904 transiit
882 4848 1027 4919 quod
1048 4856 1210 4903 natus
1237 4847 1362 4902 sim.
1393 4845 1498 4900 Sed
1520 4846 1805 4899 futurum?
1827 4854 1881 4899 et
1913 4844 2044 4899 illud

464 4942 616 4996 nullo
659 4940 822 4994 modo
869 4945 974 4993 est.
1015 4936 1123 4991 Sed
1171 4951 1319 4991 nunc
1363 4935 1761 4990 exsistentem?
1795 4932 1900 4988 Sed
1945 4948 2046 4988 nec

463 5033 598 5090 illud
649 5037 765 5097 est,
826 5030 1077 5096 spiritum
1131 5027 1321 5097 praeit,
1370 5033 1433 5079 ut
1464 5026 1669 5080 dictum
1713 5031 1828 5087 est,
1874 5023 2047 5093 ipsius

463 5123 690 5176 cmuum
726 5128 780 5175 et
813 5118 1216 5173 transitorium.
1265 5116 1424 5172 Dices
1460 5131 1625 5185 ergo,
1661 5112 1760 5169 llis
1793 5114 2051 5168 deiicien-

464 5215 617 5269 tibus
647 5212 779 5282 quid
814 5210 1030 5265 tandem
1062 5208 1228 5263 sum?
1275 5207 1356 5262 Tu
1400 5207 1538 5263 doce
1570 5222 1688 5272 me,
1725 5206 1772 5261 si
1796 5206 1850 5259 in
1878 5211 1932 5259 te
1964 5218 2052 5260 sa-

465 5304 685 5375 pientia:
714 5317 895 5358 sermo
917 5302 1011 5362 sit,
1058 5310 1151 5353 aut
1189 5300 1476 5353 docentem
1520 5297 1645 5351 audi
1682 5311 1882 5351 vanum
1928 5308 2051 5348 esse

468 5410 687 5449 omnem
723 5393 1003 5448 hominem
1035 5398 1089 5444 et
1135 5391 1273 5444 nihil
1319 5391 1498 5443 ultra:
1543 5397 1597 5442 et.
1641 5402 1787 5441 nunc
1828 5400 1916 5439 me
1955 5382 2046 5453 qui

470 5485 587 5539 haec
616 5485 875 5554 profero,
913 5485 1161 5553 sequaris
1204 5482 1316 5537 illic
1361 5494 1624 5545 manens;
1655 5478 1779 5532 vide
1825 5492 1893 5531 ne
1932 5491 1964 5529 a
1998 5483 2050 5528 te

474 5575 707 5629 latenter
739 5576 842 5631 sub
871 5574 1136 5643 temporis
1168 5579 1370 5640 puncto
1398 5568 1669 5623 recedam.
1700 5566 2052 5621 Abundanter

474 5665 573 5720 tibi
606 5678 912 5721 sermonem
939 5663 1192 5735 probabit
1218 5658 1458 5713 [luminis
1482 5657 1826 5728 exemplum:
1865 5668 2053 5726 quem-

554 5817 668 5887 (43)
696 5819 1121 5889 Σοφίαν-,εἵσω²
1154 5832 1206 5871 v.
1236 5815 1416 5871 Eccle.
1440 5814 1644 5882 vu,24.

1822 334 2123 395 NICETAS
2144 336 2350 396 ΠΑἫΒ

3618 322 3723 380 7δὶ

2148 456 2329 520 ταίαις
2351 456 2780 528 περιφερόμενος
2808 454 3038 516 ἐννοίαις
3063 490 3078 514 ,
3111 449 3206 505 καὶ
3237 446 3388 502 οὐδὲν
3427 442 3724 515 βέϐαιονὲν

2145 548 2367 618 ἀκριϐεῖ
2410 548 2547 618 έχων
2571 546 2875 616 καταλήψει
2906 545 3013 598 οὐδ’
3056 545 3124 597 ὲν.
3148 540 3374 611 ὀνείρῳ,
3413 531 3488 590 ὧν
3526 534 3723 589 εἰδέναι

2146 640 2317 695 ποθῶ.
2362 640 2519 693 [Ιοθῶ
2555 639 2663 710 γὰρ
2692 640 2823 692 Θεὸν
2849 637 3072 706 γνῶναι,
3119 635 3214 689 καὶ
3260 631 3422 684 αὑτὸν
3469 631 3569 682 οὑκ
3607 626 3724 679 ἔστι

2145 732 2471 799 καταλαϐεῖν
2497 748 2510 760 ·
2546 729 2737 799 σοφίαν
2771 728 2883 798 (45)
2912 766 2926 790 ,
2958 722 3089 780 εἶπα
3115 764 3131 790 ,
3158 720 3556 791 σοφισθήσομαι
3583 758 3598 781 ,
3629 713 3725 768 καὶ

2144 822 2281 894 αὑτὴ
2319 820 2636 892 ὲμακρύνθη
2683 820 2777 873 ἀπ’
2822 817 2955 889 ἐμοῦ
2990 815 3205 888 μακρὰν
3229 813 3369 883 ὑπὲρ
3400 811 3429 864 ὃ
3465 806 3533 880 ἦν
3572 806 3683 878 (44)
3706 822 3720 835 ⁸

2144 915 2239 978 καὶ
2265 915 2465 977 πάντες
2490 904 2635 966 οὑτοι
2658 913 2901 965 ταπεινοὶ⁴
2923 909 3016 963 καὶ
3037 911 3124 964 ἀεὶ
3148 905 3486 976 πλανώμενοι
3502 899 3719 970 καρδίᾳ,

2142 999 2281 1076 οἷςή
2312 1008 2409 1077 τῆς
2442 1004 2675 1075 παχείας
2709 1002 2913 1073 ταύτης
2960 1000 3161 1072 σαρκὸς
3205 994 3454 1066 σκοτεινὴ
3499 990 3724 1063 ἐπικρέ-

2146 1114 2313 1168 μαται
2338 1096 2370 1167 ἢ
2405 1095 2673 1150 ἐπίκειται
2703 1092 2887 1164 ἀχλύς.

2251 1187 2459 1253 Κεῖνος
2484 1186 2534 1239 δ’
2556 1186 2729 1240 ἐστὶν
2750 1184 2931 1254 ἐμεῖο,
2958 1200 3013 1237 κ.
3040 1200 3092 1238 τ.
3125 1181 3205 1248 ἐξ.

2225 1276 2363 1346 Ἐγὼ
2394 1278 2513 1347 μὲν,
2541 1277 2724 1347 φησὶν,
2752 1272 2869 1329 οἶδα
2897 1272 3104 1341 σαφῶς,
3135 1271 3211 1335 ὡς
3241 1269 3395 1323 οὐδὲν
3420 1267 3528 1318 τῶν
3551 1264 3724 1317 όντων

2141 1369 2175 1437 ἢ
2198 1370 2503 1440 γενομένων
2538 1367 2782 1439 ἀκριϐῶς
2804 1406 2817 1431 ,
2855 1366 2976 1420 καθ’
3003 1365 3032 1418 ὂ
3061 1365 3142 1418 δεῖ
3174 1361 3399 1431 γνῶναι.
3440 1352 3557 1409 οἶδα
3579 1371 3592 1384 ·
3628 1353 3723 1407 καὶ

2140 1460 2298 1514 τοῦτο
2321 1462 2354 1532 ἡ
2378 1459 2485 1531 ἐμὴ
2511 1459 2671 1528 σοφία
2690 1497 2705 1521 ,
2735 1457 2795 1511 τὸ
2820 1457 3016 1510 ειδέναι
3044 1455 3120 1518 ὡς
3166 1453 3266 1506 οὑκ
3291 1451 3439 1503 ἐστιν
3466 1443 3725 1514 ἀσφαλῶς

2142 1552 2336 1609 εἰδέναι
2377 1551 2567 1605 οὐδέν’
2611 1549 2748 1621 ἐμοῦ
2782 1549 2839 1602 δὲ
2896 1546 3204 1618 σοφώτερος
3245 1544 3381 1606 πᾶς,
3415 1540 3475 1592 ὃν
3522 1535 3724 1608 μᾶλλον

2141 1646 2248 1699 τῶν
2277 1645 2449 1700 ἄλλων
2475 1645 2535 1698 τὸ
2561 1646 2657 1715 τῆς
2682 1639 2848 1695 αὑτοῦ
2876 1639 3053 1709 ψυχῆς
3083 1636 3270 1705 ἀπατᾷ
3290 1632 3490 1702 ,ψεῦδος
3507 1671 3521 1694 ,
3547 1629 3576 1682 ὅ
3604 1629 3723 1680 ἐστι

2142 1734 2260 1797 νοὸς
2285 1734 2457 1804 οἴησις
2482 1732 2605 1803 εἰκῆ
2631 1749 2691 1785 τε
2725 1732 2819 1785 καὶ
2854 1725 3276 1801 ἀπερισκέπτως
3307 1724 3409 1776 ἀπε
3420 1716 3723 1791 ρευγομένη

2148 1824 2426 1896 λογὺδρια,
2464 1824 2499 1878 ἃ
2541 1825 2638 1877 οὑκ
2677 1818 2816 1876 οἶδεν
2861 1822 2955 1873 καὶ
2989 1819 3025 1873 ἃ
3069 1818 3170 1870 οὑκ
3214 1814 3501 1868 ἐπίσταται
3540 1809 3721 1863 διαϐε-

2148 1918 2462 1988 ϐαιουμένη.
2499 1916 2703 1969 Σκοπεῖ
2729 1915 2785 1968 δὲ
2815 1912 3009 1975 οὑτως·

2252 2007 2406 2077 Εἱμί.
2450 2006 2629 2075 φράζε
2657 2005 2713 2058 τι
2735 2004 2929 2068 τοῦτο,
2955 2020 3009 2055 κ.
3038 2019 3090 2055 τ.
3123 1998 3204 2066 ἐξ.

2220 2100 2381 2163 ’Ὀλος
2432 2098 2681 2153 ἐνταυθοῖ
2718 2095 2792 2166 τῷ
2818 2095 3065 2165 θεηγόρῳ
3097 2090 3298 2153 σκοπὸς
3336 2088 3434 2159 τὴν
3470 2084 3566 2139 τοῦ
3604 2084 3728 2137 Ἑκ-

2145 2192 2472 2264 κλησιαστοῦ
2504 2190 2696 2259 σοφίαν
2731 2186 3061 2257 σαφηνίσαι,
3109 2183 3445 2255 ματαιότητα
3476 2178 3728 2245 λέγοντος

2147 2285 2523 2355 ματαιοτήτων
2553 2284 2647 2335 καὶ
2681 2279 3001 2353 προαίρεσιν
3035 2276 3345 2345 πνεύματος
3392 2270 3463 2326 τὰ
3512 2269 3727 2322 πάντα-,⁸

2143 2376 2233 2429 ναὶ
2278 2375 2341 2446 δὴ
2375 2375 2468 2428 καὶ
2505 2374 2604 2445 τὴν
2643 2372 2738 2426 τοῦ
2782 2370 2978 2435 Δαϐὶδ,
3022 2367 3199 2439 μάτην
3239 2363 3396 2419 πάντ’
3440 2360 3729 2431 ἄνθρωπον

2143 2464 2281 2522 εἶναι
2335 2465 2729 2538 μελῳδοῦντος,
2770 2464 2864 2518 καὶ
2902 2464 3002 2533 τὴν
3038 2461 3334 2514 ὑπόστασιν
3376 2453 3542 2508 αὑτοῦ
3595 2451 3732 2504 ὡσεὶ

2142 2561 2293 2614 οὐδὲν
2327 2558 2663 2630 καθορᾶσθαι
2688 2559 2747 2610 ὲν
2786 2554 3063 2626 προσώπῳ
3086 2552 3180 2606 τοῦ
3207 2551 3511 2611 πλάσαντος
3541 2543 3725 2599 αὑτόν.

2156 2650 2473 2721 Ἰσοδύναμα
2495 2649 2706 2711 τούτοις
2729 2645 3033 2717 φιλοσοφῶν
3059 2642 3385 2696 πυνθάνεται
3410 2638 3505 2693 καὶ
3531 2631 3688 2698 οὗτος
3711 2648 3728 2664 ⁸

2140 2742 2338 2812 Λέγεις
2365 2743 2447 2794 ὄτι
2473 2740 2587 2811 εἰμί
2612 2756 2625 2770 ⁸
2662 2737 2897 2810 πρόσθες
2922 2736 3015 2789 καὶ
3050 2736 3100 2788 τί
3135 2733 3292 2787 τοῦτο
3327 2729 3379 2784 εἶ
3408 2731 3598 2799 φάναι.
3617 2726 3732 2781 Καὶ

2142 2839 2250 2910 γὰρ
2277 2838 2331 2890 έν
2360 2836 2505 2909 τρισὶ
2532 2836 2720 2907 μέρεσι
2752 2832 2944 2905 χρόνον
2963 2830 3181 2891 πάντως
3206 2826 3274 2880 τὰ
3298 2824 3429 2910 ὄντα
3451 2821 3730 2910 ἐνορᾶται..

2141 2903 2572 2993 ένεστῶτινδῆλον
2591 2903 2673 2976 ότι
2690 2903 2798 2975 καὶ.
2818 2918 3065 2989 μέλλοντι
3083 2914 3178 2967 καὶ
3194 2905 3618 2983 παρεληλυθότι.
3658 2903 3733 2955 Τὸ

2146 3019 2243 3090 μὲν
2281 3015 2373 3070 οὖν
2408 3013 2781 3088 παρεληλυθὸς
2821 3013 2921 3065 οὑκ
2957 3011 3070 3063 ἔστι
3094 3025 3107 3039 ο
3144 3003 3422 3077 παρῆλθεν
3466 2999 3579 3070 γάρ
3611 3014 3624 3027 ·
3672 2994 3734 3049 τὸ

2146 3108 2336 3178 μέλλον
2380 3107 2435 3159 δὲ
2482 3105 2633 3158 οὔπω
2676 3104 2907 3175 πάρεστι
2942 3118 2955 3132 ·
2990 3101 3051 3153 τὸ
3092 3095 3326 3158 ἐνεστὼς
3362 3094 3419 3147 δὲ
3454 3093 3514 3144 οὑ
3543 3090 3743 3178 φθάνω

2140 3177 2332 3270 νοῆσαι
2360 3197 2566 3268 παρὸν,
2604 3196 2699 3249 καὶ⁹
2730 3193 3081 3266 παρέδραμεν
3116 3188 3299 3250 εὐθὺς,
3329 3187 3391 3238 οὑ
3425 3183 3616 3253 φθάνω
3654 3177 3745 3247 τῷ,

2142 3287 2218 3358 νῷ
2268 3287 2596 3341 καταλαϐεῖν
2622 3303 2633 3315 ·
2672 3284 2766 3337 καὶ
2816 3284 2946 3336 αὑτὸ
3004 3282 3197 3333 θᾶττον
3241 3277 3274 3347 ἢ
3318 3274 3477 3341 λόγος
3523 3271 3746 3358 οἴχεται.

2144 3354 2412 3433 ἀποπτάν.
2457 3376 2644 3438 Οὕτως
2676 3376 2704 3427 ὁ
2742 3374 2931 3445 χρόνος
2960 3370 3141 3433 αὐτὸς,
3175 3368 3350 3429 οὓτως
3377 3362 3535 3432 κάγὼ
3556 3401 3572 3424 ,
3600 3354 3648 3428 ᾧ
3676 3359 3742 3412 τὸ

2145 3466 2284 3524 εἶναι
2330 3469 2721 3539 συμπαραῤῥεῖ
2774 3464 2852 3534 τῷ
2903 3464 3118 3534 χρόνῳ·
3156 3459 3435 3528 συστοιχεῖ
3490 3455 3603 3524 γὰρ
3659 3449 3739 3520 τῷ

2144 3561 2322 3633 χρόνῳ
2350 3561 2419 3612 τὰ
2447 3562 2503 3611 ἐν
2526 3558 2701 3630 χρόνῳ
2728 3557 2821 3610 καὶ
2845 3557 2910 3625 τῇ
2938 3556 3034 3624 ῥοῇ
3064 3552 3254 3605 τούτου
3296 3547 3590 3601 συνέπεται
3641 3542 3743 3596 καὶ

2143 3656 2210 3723 τῇ
2256 3653 2499 3723 ἁπορροῇ
2547 3650 2898 3721 συναπορρεῖ.
2954 3646 3140 3707 Οὕτως
3167 3642 3295 3696 ἄλλο
3326 3640 3424 3710 μὲν
3459 3639 3561 3708 τῆς
3594 3634 3740 3704 ἐμῆς

2147 3743 2434 3810 ὑπάρξεως
2469 3740 2546 3811 τῷ
2573 3740 2749 3811 χρόνῳ
2778 3736 3147 3807 συναπῆλθεν,
3179 3734 3310 3787 ἄλλο
3336 3731 3396 3784 δὲ
3423 3729 3520 3782 νῦν
3549 3728 3745 3797 οἴομαι

2147 3835 2414 3905 ὑπάρχειν
2438 3873 2452 3896 ,
2481 3832 2609 3885 ἄλλο
2632 3831 2675 3883 δ’
2706 3828 2926 3883 ἔσεσθαι
2961 3826 3242 3894 ὑπείληφα
3271 3864 3285 3886 ,
3326 3822 3381 3873 εῖ
3406 3837 3468 3888 γε
3504 3820 3615 3888 ἄρα
3646 3817 3748 3869 καὶ

2148 3922 2561 3994 ἔσομαι-οὐδὲν
2610 3922 2721 3990 γὰρ
2774 3920 2953 3988 ἔγωγε
3007 3915 3244 3987 βέϐαιον,
3298 3912 3450 3964 οὐδὲν
3507 3907 3754 3978 ἀραρὸς..

2146 4017 2267 4069 οὑδὲ
2304 4013 2528 4083 μόνιμον
2557 4052 2573 4077 ,
2605 4012 2725 4064 οὑδὲ
2757 4010 3018 4071 ὡσαύτως
3055 4004 3226 4068 ἑστὼς
3260 4004 3376 4055 ἔστι
3417 4000 3648 4069 θεωρεῖν
3682 3999 3744 4049 ἐν

2145 4108 2224 4179 τῷ
2256 4106 2329 4176 μὴ
2363 4104 2632 4175 ἱδρυμένῳ
2654 4146 2668 4165 ,
2706 4103 2826 4173 μηδ’
2857 4101 3051 4153 ἑστῶτι
3078 4141 3092 4164 ,
3123 4097 3240 4151 ἀλλ’
3284 4095 3497 4156 ἀενάως
3530 4094 3627 4145 καὶ
3662 4091 3747 4143 διειε

2144 4197 2359 4270 ηνεκῶς
2387 4197 2462 4259 ὼς
2490 4193 2696 4264 θολερῷ
2739 4191 2971 4261 ποταμῷ
3021 4185 3643 4257 κατεπειγομένῳ,’καὶ
3682 4183 3747 4236 τὸ

2150 4290 2265 4358 ῥεῖν
2297 4284 2537 4355 συνεχῶς
2567 4281 3117 4353 χαρακτηριζομένῳ.

2146 4378 2217 4432 29
2262 4378 2434 4431 Τίπτε
2458 4393 2535 4444 με
2561 4373 2734 4426 τῶνδ’
2764 4372 2948 4440 ἐρέεις
2964 4388 2983 4436 ;
3013 4389 3065 4424 κ.
3089 4388 3139 4422 τ.
3164 4368 3215 4422 λ.

2221 4467 2403 4521 Εἰπὼν
2457 4465 2736 4534 σύστοιχον
2778 4460 2917 4517 εἶναι
2961 4463 3038 4533 τῷ
3083 4461 3342 4516 ἐνεστῶτι
3386 4459 3485 4513 τοῦ
3546 4461 3750 4530 χρόνου

2154 4562 2311 4633 μέρει
2343 4558 2436 4610 καὶ
2466 4556 2543 4627 τῷ
2572 4554 2969 4627 παρεληλυθότι
3001 4556 3096 4607 καὶ
3119 4553 3199 4623 τῷ
3233 4553 3485 4622 μέλλοντι
3522 4552 3625 4621 τὴν
3651 4551 3752 4605 τοῦ

2151 4649 2440 4722 ἀνθρώπου
2486 4646 2684 4715 φύσιν,
2732 4645 2806 4708 ὼς
2852 4643 3119 4713 συμφυῶς
3162 4641 3311 4711 αὑτῷ
3346 4641 3604 4711 ἔχουσαν,
3650 4640 3753 4693 καὶ

2151 4742 2300 4811 αὑτῷ
2328 4738 2570 4809 συνεχῶς
2592 4735 3152 4807 συμπαραρρέουσαν,
3189 4733 3254 4785 Τί
3285 4749 3354 4803 με
3376 4772 3391 4795 ,
3418 4734 3559 4803 φησὶ
3585 4773 3600 4794 ,
3637 4733 3752 4786 τῶν

2150 4832 2320 4904 τριῶν
2352 4833 2496 4902 ἐρεῖς
2524 4825 2702 4888 εἷναι;
2746 4828 2834 4888 Ὠς
2870 4826 3171 4893 γεγονότας
3204 4827 3298 4875 καὶ
3337 4822 3449 4894 μὴν
3493 4824 3753 4895 παρῆλθε

2150 4926 2212 4977 τὸ
2256 4922 2481 4991 γεγονός
2519 4936 2532 4949 ·
2569 4919 2684 4973 ἀλλ’
2729 4918 2804 4980 ὡς
2834 4917 3231 4986 γενησόμενονς
3268 4915 3364 4968 καὶ
3396 4914 3562 4967 τοῦτο
3590 4914 3755 4968 οὔπω

2152 5017 2301 5070 ἐστιν
2331 5030 2344 5043 ·
2367 5013 2482 5066 ἀλλ’
2521 5011 2597 5074 ὡς
2635 5008 2730 5063 νῦν
2761 5007 3042 5077 ὑπάρχον;
3074 5004 3187 5058 ἀλλ’
3218 5004 3341 5056 οὑδὲ
3376 5004 3543 5057 τοῦτό
3588 5005 3713 5056 ἐστι
3736 5046 3753 5069 ,

2151 5106 2242 5160 νοῦ
2271 5106 2492 5164 θᾶττον,
2545 5102 2621 5163 ὡς
2656 5100 2910 5170 εἴρηται,
2955 5094 3271 5167 παραρρέον
3327 5112 3389 5146 τε
3450 5095 3550 5147 καὶ
3606 5111 3760 5165 παρ-

2150 5196 2354 5249 οδεῦον.
2387 5194 2562 5262 Ἐρεῖς
2589 5186 2681 5243 οὖν
2710 5205 2722 5218 ·
2750 5189 2857 5241 Καὶ
2882 5188 2935 5239 τί
2963 5187 3150 5239 λοιπόν
3168 5189 3282 5255 εἰμι
3310 5185 3459 5253 ὲγώ;
3493 5187 3568 5238 Σὺ
3600 5187 3758 5240 δίδα-

2153 5288 2262 5353 ξον,
2295 5286 2348 5339 εἴ
2371 5303 2452 5338 σοι
2478 5284 2635 5351 λόγος
2672 5281 2847 5333 ἔνεστι
2872 5279 3061 5346 σοφίας
3087 5295 3099 5307 ·
3121 5278 3155 5348 ἢ
3179 5277 3463 5343 διδάσκου,
3490 5279 3581 5330 ὅτι
3609 5277 3761 5348 πλὴν

2158 5381 2335 5452 μάτην
2373 5378 2481 5439 πᾶς
2523 5376 2809 5445 ἄνθρωπος
2839 5388 2854 5402 ·
2892 5372 2985 5424 καὶ
3014 5370 3109 5423 νῦν
3141 5370 3382 5441 πρόσεχέ
3424 5390 3518 5443 μοι
3558 5374 3763 5426 ἐνταυ-

2158 5471 2241 5523 θοῖ
2275 5468 2472 5539 μένων,
2496 5466 2571 5528 ὼς
2602 5464 2911 5533 φθέγγομαι
2940 5462 3115 5515 ταῦτα
3134 5479 3146 5491 ·
3164 5464 3265 5532 ὅρα
3292 5466 3383 5533 μὴ’
3403 5481 3465 5515 σε
3494 5464 3764 5533 διαφύγω

2160 5562 2359 5630 στιγμῇ
2405 5555 2670 5611 διαλαθὼν
2716 5555 2927 5624 χρόνου,
2989 5551 3382 5622 Ἀποχρώντως
3441 5555 3500 5607 δὲ
3543 5556 3608 5608 τὸ
3657 5555 3763 5608 τοῦ

2162 5648 2405 5719 ποταμοῦ
2442 5664 2525 5699 σοι
2556 5644 2904 5714 παράδειγμα
2932 5642 3267 5696 πιστώσεται
3294 5643 3388 5697 τὸν
3414 5644 3599 5712 λόγον.
3667 5646 3764 5709 Ὡς

2242 5808 2353 5880 (Η)
2387 5804 2549 5869 Cod.,
2573 5801 2733 5872 ὑπὲρ,
2761 5799 2789 5853 ὃ
2815 5794 2882 5868 ἦν
2914 5812 2929 5829 ⁶
2963 5796 3271 5867 ἄνθρωπον,
3304 5797 3513 5862 πάντες
3548 5811 3676 5856 can,
