4182 6362
458 381 561 440 753

464 497 565 569 γὰρ
606 497 887 568 ἀμήχανον
924 496 1015 551 τὸν
1057 494 1302 566 ποταμὸν
1348 492 1602 564 περῶντα
1643 489 1722 552 δὶς
1764 484 1842 557 τῷ
1885 481 2034 551 αύτῷ

457 584 610 639 ὕδατι
636 585 727 638 τὸν
763 585 899 639 πόδα
932 583 1098 655 βάψαι
1117 622 1132 646 ,
1167 583 1338 646 οὕτως
1363 581 1484 634 οὐδὲ
1514 580 1604 633 τὸν
1638 577 1797 633 αὐτὸν
1827 574 2034 646 ἀνθρω-

455 696 578 741 πον,
628 678 686 730 ὃν
730 678 946 750 πρῶτον
997 676 1280 748 ἑώρακας,
1328 673 1764 746 ἀπαραλλάκτως
1816 667 2036 729 ἐσαῦθις

454 771 574 841 ὕψει
604 769 694 823 τὸν
725 769 908 823 αὑτόν.
961 770 1071 825 Καὶ
1106 769 1214 838 γάρ
1245 765 1322 837 τῷ
1351 765 1427 836 νῷ
1473 765 1571 835 μὲν
1604 765 1662 816 ὲν
1708 760 2034 832 βουλεύμασι

454 864 548 917 καὶ
569 863 894 934 διανοήμασι
919 859 1157 931 συνεχῶς
1187 858 1682 930 μεταϐαλλόμενος,
1709 851 1798 906 οἷα
1829 852 2037 922 ἄνθρωσ

454 970 557 1016 πος
603 953 885 1021 ἀνίδρυτος
930 951 1358 1020 καταθεωρεῖται
1401 949 1458 1000 ὲν
1498 948 1710 1011 αὐτοῖς,
1744 945 1793 997 εί
1829 945 1900 1014 μή
1934 959 2035 994 που

455 1045 587 1107 Θεὸς
619 1047 646 1097 ό
675 1042 751 1096 ὢν
779 1043 865 1096 ἀεὶ
891 1043 984 1095 καὶ
1019 1043 1078 1094 τὸ
1118 1043 1268 1112 ῥῆμα
1303 1039 1508 1111 Κυρίου
1550 1038 1709 1108 μένον
1750 1037 1807 1089 ὲν
1852 1033 2032 1103 αὐτῷ,

456 1137 514 1189 τὸ
542 1137 712 1197 ἑστὼς
742 1133 1124 1188 καταδείκνυσι
1154 1133 1249 1185 καὶ
1281 1132 1527 1202 μόνιμον,
1552 1132 1618 1200 τῇ
1649 1129 1792 1198 ψυχῇ
1824 1127 1879 1179 δὲ
1916 1129 2036 1188 ταῖς

455 1243 513 1278 τε
553 1226 763 1290 λαλιαῖς
808 1226 903 1278 καὶ
947 1223 1265 1294 αἰσθήσεσι,
1307 1224 1425 1285 ταῖς
1476 1237 1536 1273 τε
1581 1219 1901 1289 φαντασίαις
1942 1217 2036 1270 καὶ

457 1317 577 1376 ταῖς
619 1313 862 1384 ὀρέξεσιν
898 1312 1153 1375 ἀϐέϐαιος
1197 1309 1494 1381 καθορᾶται
1537 1308 1631 1360 καὶ
1676 1307 2032 1376 άστήρικτος,

458 1407 637 1475 ἀενάῳ
658 1411 871 1475 κινήσει
889 1403 1008 1456 κατ’
1035 1401 1202 1464 αὐτάς
1229 1399 1646 1471 διαμειϐόμενος
1668 1414 1680 1427 ·
1717 1395 1795 1466 τῷ
1823 1395 2035 1466 σώματι

456 1497 512 1550 δὲ
558 1497 717 1550 πάλιν
761 1498 882 1559 ταῖς
925 1513 981 1548 τε
1033 1495 1363 1569 μεταϐάσεσι
1399 1491 1538 1545 κατά
1568 1491 1658 1542 τὸν
1689 1489 1874 1547 τόπον,
1915 1488 2035 1549 ταῖς

457 1606 517 1641 τε
547 1589 818 1641 διαθέσεσι
859 1589 953 1641 καὶ
982 1587 1128 1653 ἕξεσι
1162 1586 1258 1640 καὶ
1301 1585 1489 1655 χρόαις
1528 1581 1906 1651 ἁλλοιούμενος
1941 1577 2034 1630 καὶ

458 1681 546 1731 ἀεὶ
605 1679 1094 1750 μετατρεπόμενος,
1151 1677 1428 1730 ἄπαυστον
1487 1674 1599 1745 ἔχει
1647 1673 1746 1743 τὴν
1803 1671 2029 1739 τροπήν.

456 1765 615 1819 Οὕτω
644 1768 740 1837 μὲν
769 1767 909 1820 κατά
942 1767 1002 1820 τὸ
1040 1768 1256 1836 συνεχὲς
1283 1767 1378 1818 τοῦ
1409 1765 1598 1835 χρόνου
1625 1763 1719 1816 καὶ
1746 1762 2031 1832 ἀείρρυτον

454 1860 487 1928 ἡ
513 1859 825 1930 ἀνθρωπίνη
862 1860 1024 1929 φύσις
1060 1858 1475 1912 καταδείκνυται
1512 1855 1717 1926 ματαία
1747 1871 1759 1884 ·
1793 1853 1934 1907 κατὰ
1971 1853 2032 1905 τὸ

455 1949 755 2021 ὁλοσχερῶς
803 1950 858 2002 δὲ
901 1949 932 2021 ἢ
987 1947 1322 2019 παχυμερῶς
1373 1945 1782 2017 θεωρούμενον,
1833 1942 2032 1995 οὑτωσὶ

458 2056 743 2092 σκεπτεον.

557 2149 668 2205 Ἦν
699 2149 888 2220 πάρος
915 2151 984 2202 ἐν
1005 2151 1156 2219 χροΐ,
1191 2167 1244 2202 κ.
1270 2166 1320 2201 τ.
1352 2147 1430 2214 ἐξ.

530 2245 739 2314 Ὥσπερ
770 2246 797 2296 ὁ
824 2243 954 2295 Λευῒ
983 2243 1293 2310 γέγραπται
1328 2238 1383 2291 ὲν
1412 2241 1479 2310 τῇ
1507 2237 1670 2306 ὀσφύϊ
1702 2235 1796 2289 τοῦ
1829 2235 2036 2307 πατρὸς

455 2333 594 2387 εἶναι
634 2335 883 2404 Ἀϐραὰμ
916 2334 1047 2404 (45),
1068 2332 1208 2386 οὕτω
1237 2334 1329 2385 καὶ
1361 2333 1467 2394 πᾶς
1496 2330 1780 2401 ἄνθρωπος
1811 2328 1916 2399 πρὸ
1941 2326 2033 2380 τοῦ

456 2427 818 2497 γεννηθῆναι,
857 2428 914 2479 ὲν
946 2429 1010 2496 τῇ
1050 2425 1142 2478 τοῦ
1180 2424 1387 2495 πατρὸς
1426 2422 1590 2476 αὑτοῦ
1626 2422 1784 2492 φύσει
1812 2420 2037 2490 νοούμε-

459 2538 568 2581 νος,
605 2521 798 2571 ἔπειτα
826 2521 904 2583 εἰς
934 2520 1032 2590 τὴν
1069 2517 1474 2587 ὑποδεξαμένην
1504 2515 1666 2568 αὐτὸν
1698 2514 1911 2585 μητέρα
1948 2511 2036 2566 διὰ

457 2613 556 2680 τῆς
581 2611 868 2674 συνουσίας
903 2610 1263 2680 μεταϐαίνων,
1297 2609 1472 2662 κοινὸν
1505 2606 1641 2677 μετά
1664 2607 1837 2660 ταῦτα
1866 2605 2034 2676 κρέας

457 2703 660 2770 ἀμφοῖν
691 2704 800 2764 τοῖς
825 2701 1073 2754 τεκοῦσιν
1098 2703 1154 2754 ὲν
1181 2703 1245 2771 τῇ
1276 2699 1504 2770 μητρῲᾳ
1530 2699 1737 2770 γαστρί
1769 2697 2037 2769 βρεφουρ-

456 2794 722 2864 γούμενος
754 2793 1076 2846 καθίσταται
1109 2809 1124 2824 ⁸
1159 2795 1216 2845 ἐν
1250 2793 1388 2864 ἀρχῇ
1423 2793 1479 2845 δὲ
1509 2793 1612 2862 τῆς
1649 2789 2032 2862 βρεφουργίας,

458 2888 768 2958 ἀδιάκριτον
821 2887 914 2939 καὶ
961 2887 1332 2958 ἀδιάρθρωτον
1384 2885 1442 2938 ὃν
1487 2884 1543 2938 τὸ
1595 2885 1871 2955 κρεάδιον,
1912 2883 2035 2936 οὔτε

459 2981 665 3050 βροτὸς,
695 2977 1091 3050 οὔτ’άνθρωπος
1120 2979 1342 3031 δύναται
1368 2975 1671 3037 καλεῖσθαι,
1688 2973 1872 3045 αἶσχος
1888 2976 2034 3028 ἀνεί-

456 3075 573 3126 δεον
615 3073 673 3126 ὃν
722 3074 814 3126 καὶ
857 3073 1110 3137 ἀκαλλὲς,
1141 3070 1264 3123 οὔτε
1304 3070 1462 3138 λόγου
1511 3068 1864 3139 μετεσχηκὸς,
1911 3067 2035 3119 οὔτε

456 3168 574 3222 νοός
608 3184 621 3196 ·
655 3166 757 3220 ποῦ
810 3168 914 3238 γὰρ
963 3165 1136 3218 ταῦτα
1178 3162 1330 3231 παρὰ
1373 3161 1448 3232 τῷ
1489 3160 1713 3232 ὲμϐρύῳ
1749 3159 1826 3230 τῷ
1857 3160 1931 3222 ὡς
1977 3161 2034 3212 ἐν

455 3259 648 3330 τύμϐῳ
679 3263 744 3331 τῇ
786 3261 1023 3330 μητρικῇ
1069 3257 1221 3326 νηδύϊ
1256 3256 1605 3326 ὲνεχόμενον;
1654 3253 1730 3314 ὡς
1777 3255 1833 3304 ὲν
1879 3254 2034 3322 τάφῳ

459 3351 566 3419 γάρ
591 3350 761 3421 ταύτῃ
795 3350 1207 3422 περιείληπται’
1237 3348 1304 3400 δι’
1337 3347 1366 3399 ὃ
1401 3348 1494 3400 καὶ
1528 3345 1779 3415 ἐπιφέρει
1806 3361 1821 3374 ο
1865 3363 1882 3396 ι
1912 3347 2036 3396 Δισ-

456 3442 655 3511 ταφέες
694 3442 923 3506 ζώοντες
965 3442 1057 3494 ἐπὶ
1096 3440 1302 3512 φθοράν
1331 3457 1344 3471 ·
1387 3460 1405 3490 ι
1442 3440 1833 3503 ταλανιστικώς
1880 3439 2038 3491 τοῦτο

457 3533 633 3601 λέγων
673 3534 766 3586 καὶ
809 3533 1271 3603 ἐποικτιζόμενος,
1323 3533 1409 3595 Ὠς
1443 3532 1550 3584 ἀπὸ
1591 3533 1762 3600 τάφου
1791 3531 1899 3600 γὰρ
1929 3530 2036 3581 τῶν

463 3625 730 3696 μητρῴων
769 3626 981 3696 χωρίων
1011 3624 1264 3691 ἐξιόντες,
1299 3625 1392 3678 καὶ
1415 3624 1634 3688 ζῶντες,
1665 3623 1919 3692 ὡδεύομεν
1945 3622 2037 3674 ἐπὶ

460 3714 666 3792 φθοράν
692 3755 706 3778 ,
746 3716 779 3784 ἥ
813 3718 927 3766 ἐστι
953 3714 1201 3785 δεύτερος
1235 3716 1402 3784 τάφος
1427 3756 1441 3778 ,
1473 3716 1565 3767 καὶ
1597 3714 1690 3766 τοῦ
1725 3713 2036 3783 πεπηγότος

461 3806 712 3876 σώματος
740 3806 980 3868 διάλυσις
1016 3825 1027 3837 ·
1057 3806 1121 3876 ἣν
1161 3807 1247 3872 δὲ,
1295 3807 1460 3876 φησὶν
1485 3847 1499 3870 ,
1537 3804 1852 3876 ώδεύσαμεν
1885 3805 2033 3868 ὁδὸν,

459 3901 554 3952 καὶ
581 3898 727 3970 ζωὴν
753 3901 810 3950 ὲν
838 3897 915 3968 τῷ
953 3898 1050 3969 βίῳ
1085 3899 1246 3967 ζῆσαι
1292 3897 1429 3968 μετά
1462 3897 1711 3966 σώματος
1742 3895 2000 3964 ἐδόξαμεν
2019 3935 2034 3958 ,

458 3995 608 4047 οὐδὲν
643 3993 770 4045 ἄλλο
809 4009 898 4062 μοι
927 3991 960 4061 ἢ
996 3991 1132 4042 ἐτῶν
1162 3989 1372 4059 δαπάνη
1399 4028 1413 4050 ,
1444 3989 1535 4041 καὶ
1565 3989 1755 4059 χρόνου
1787 3989 2035 4050 κένωσις,

458 4088 578 4156 ἦτοι
607 4085 938 4156 παρέλευσις
963 4123 977 4147 ,
1007 4082 1154 4134 δοκεῖ
1187 4098 1198 4110 ·
1233 4080 1373 4150 αὕτη
1415 4081 1472 4133 δέ
1515 4098 1604 4151 μοι
1646 4082 1739 4133 καὶ
1783 4079 2039 4150 ὀδυνηρὸν

459 4177 553 4228 καὶ
585 4176 840 4226 ἐπίπονον
861 4172 1042 4243 γῆρας
1067 4172 1313 4240 καταχεῖ.
1344 4170 1578 4240 Τοιαύτη
1602 4169 1697 4238 μὲν
1718 4171 1750 4239 ἡ
1777 4168 2039 4239 ὲπίκηρος

460 4266 604 4337 ζωὴ,
639 4268 744 4319 ἀπὸ
767 4267 940 4335 τάφου
976 4264 1258 4336 ἀρξαμένη
1289 4263 1381 4317 καὶ
1421 4263 1802 4332 καταλήγουσα
1834 4264 1913 4325 εἰς
1941 4263 2038 4314 τά-

462 4381 559 4443 ιρον
586 4382 598 4393 ·
631 4363 678 4414 εἰ
717 4361 774 4414 δέ
810 4378 877 4430 με
923 4359 1078 4422 ἄλλος
1135 4357 1287 4420 αἰὼν,
1338 4358 1433 4409 καὶ
1462 4357 1574 4426 ζωὴ
1617 4357 1892 4427 ἄφθαρτος
1940 4355 2041 4408 καὶ

459 4456 672 4515 ἅλυτος,
705 4452 889 4514 καθὼς
915 4451 1245 4520 γέγραπται,
1282 4448 1509 4501 λυθέντα
1535 4447 1628 4500 τοῦ
1663 4447 1910 4518 σώματος
1930 4447 2042 4498 δια-

459 4548 673 4616 δέχεται
709 4546 842 4607 ὲκεί,
878 4541 1095 4611 σκέψαι,
1123 4535 1166 4593 ὦ
1197 4536 1372 4603 οὗτος,
1403 4543 1431 4593 ὁ
1459 4541 1600 4603 θεῖός
1635 4557 1798 4610 φησιν
1839 4539 2041 4610 ἱερολό-

461 4658 574 4707 γος,
609 4640 682 4708 μή
722 4655 852 4689 ποτε
882 4637 915 4705 ἡ
947 4635 1181 4687 δοκοῦσα
1218 4635 1314 4705 μὲν
1338 4633 1476 4703 αὕτη
1511 4633 1622 4703 ζωὴ
1651 4632 1748 4703 ἔχῃ
1776 4632 1930 4695 τέλος
1954 4632 2045 4683 τὸν

466 4733 630 4802 μόρον
666 4729 760 4783 καὶ
791 4730 880 4782 τὸν
909 4730 1136 4783 θάνατον
1157 4769 1171 4791 ,
1211 4729 1243 4797 ή
1268 4726 1494 4796 τελευτὴ
1522 4725 1578 4777 δὲ
1601 4725 1747 4795 ζωῆς
1775 4725 2042 4778 ἀθανάτου

455 4824 770 4894 ὁδοποίησίς
812 4841 893 4875 σοι
945 4824 1038 4875 καὶ
1070 4821 1328 4892 πρόξενος
1389 4820 1757 4882 καθίσταται,
1809 4817 2043 4887 ἔμπαλιν

457 4918 492 4990 ἢ
523 4920 788 4976 ὑπονοεῖς.
831 4917 900 4968 Σὺ
937 4915 1035 4983 μὲν
1073 4913 1179 4984 γὰρ
1210 4913 1459 4966 τεθνάναι
1482 4912 1697 4974 πάντως
1735 4911 1826 4964 τὸν
1866 4910 2044 4963 τελευ-

458 5010 636 5062 τῶντα
664 5005 1008 5068 ὑποπτεύεις,
1041 5009 1068 5058 ό
1093 5005 1149 5056 δὲ
1169 5003 1246 5074 τῷ
1273 5003 1498 5073 λυθῆναι
1521 5003 1618 5072 τῆς
1641 5001 1785 5072 ζωῆς
1809 5001 2032 5069 ταύτης,

459 5104 655 5172 ἄριστα
691 5098 891 5169 δηλαδὴ
937 5096 1172 5166 βιώσας,
1219 5095 1355 5166 πρὸς
1393 5093 1492 5164 τὴν
1529 5092 1791 5165 ἀληθινὴν
1834 5093 2034 5164 μετέϐη

461 5193 627 5263 ζωήν.

457 5299 528 5352 45
569 5297 759 5351 Οὐδὲν
783 5295 956 5364 ἔφυν,
981 5313 1035 5348 κ.
1063 5312 1109 5348 τ.
1137 5292 1187 5348 λ.

537 5412 851 5477 Ἀποδείξας
877 5409 1110 5482 ματαίαν
1132 5409 1227 5462 καὶ
1257 5408 1554 5480 ούδαμινὴν
1591 5408 1692 5479 τὴν
1714 5409 1810 5463 τοῦ
1840 5407 2041 5480 ἀνθρώ-

457 5522 563 5559 που
624 5503 803 5573 φύσιν,
859 5503 952 5554 καὶ
1003 5501 1135 5553 ώσεὶ
1184 5500 1341 5553 οὐθὲν
1387 5495 1553 5552 οὖσαν
1595 5499 1693 5569 τὴν
1745 5500 2040 5554 ὑπόστασιν

457 5596 643 5659 αὐτοῦ,
687 5595 1051 5648 ἀποδυσπετεί
1090 5593 1278 5646 λοιπὸν
1311 5594 1406 5645 ἐπὶ
1443 5597 1552 5656 τοῖς
1583 5593 1772 5661 άλγεσι
1803 5595 1893 5647 καὶ
1921 5597 2042 5656 ταῖς

459 5687 856 5759 ἐπερχομέναις
889 5685 1162 5757 ἀνθρώπῳ
1197 5689 1502 5757 συμφοραῖς
1521 5725 1535 5748 ,
1566 5685 1730 5737 Οὐδὲν
1761 5685 1889 5753 ἔφυν
1915 5727 1927 5748 ,
1955 5685 2041 5737 λέ-

1448 375 1514 432 IN
1552 371 1858 432 CARMINA
1897 363 2182 423 ARCANA
2241 366 2298 424 S.
2370 365 2719 423 GREGORII.

3605 355 3709 412 7M

2137 479 2427 536 admodum
2473 496 2706 551 pronum
2746 477 2944 530 flumen
2990 473 3077 530 bis
3135 471 3322 527 eadem
3358 483 3498 539 aqua
3543 473 3712 538 pedes

2139 575 2345 643 tingere
2380 572 2716 642 impossibile
2752 580 2858 636 est,
2895 568 2974 623 sic
3001 581 3101 621 nec
3142 563 3392 620 eumdem
3433 563 3708 616 hominem

2137 682 2296 737 quem
2335 667 2511 735 primo
2538 664 2721 720 vidisti
2765 678 2955 716 rursus
2984 661 3172 716 eadem
3206 657 3526 711 habitudine
3555 653 3713 708 vide-

2137 757 2241 811 bis.
2281 755 2416 808 Nam
2453 753 2634 823 quoad
2672 752 3029 814 voluntatem,
3069 745 3465 802 intentionibus
3494 750 3548 796 et
3586 756 3714 811 proa

2137 847 2330 915 positis
2361 845 2733 898 indesinenter
2773 849 3023 902 mutans,
3055 837 3411 893 immoderate
3441 835 3714 889 instabilis

2139 939 2301 992 homo
2347 939 2402 992 in
2450 938 2570 992 istis
2613 936 2891 1001 cernitur,
2933 935 3105 988 donec
3155 931 3299 984 Deus
3347 930 3401 982 in
3445 937 3708 982 aeternum

2137 1032 2411 1086 exsistens
2432 1039 2486 1084 et
2510 1031 2562 1083 in
2595 1030 2715 1099 ipso
2738 1041 2962 1081 manens
2995 1024 3228 1079 Verbum
3252 1020 3466 1074 Domini
3494 1019 3712 1072 stabilia

2137 1129 2190 1177 et
2222 1122 2574 1192 perdurantia
2594 1119 2883 1185 ostendat;
2906 1116 3084 1187 quoad
3107 1114 3342 1168 animam
3376 1111 3712 1172 sensualem,

2137 1214 2467 1284 vaniloquiis
2523 1222 2576 1268 et
2626 1210 3028 1273 affectionibus,
3083 1205 3389 1278 phantasiis
3437 1212 3492 1259 et
3548 1217 3716 1270 appe-

2137 1306 2349 1369 titibus,
2391 1306 2712 1360 inconstans
2755 1308 2978 1373 apparet
3025 1311 3078 1355 et
3121 1300 3393 1360 diversus,
3438 1295 3716 1366 perpetuis

2138 1401 2377 1456 motibus
2418 1400 2470 1452 in
2501 1399 2587 1452 his
2623 1399 2978 1458 immutatus;
3019 1389 3198 1463 quoad
3227 1404 3428 1458 corpus
3458 1387 3635 1439 adhuc
3661 1389 3718 1438 et

2137 1493 2371 1549 statibus
2423 1488 2725 1546 secundum
2764 1487 3082 1541 occasiones
3128 1490 3182 1537 et
3228 1478 3621 1534 constitutione
3662 1481 3718 1529 et

2137 1587 2323 1641 colore
2353 1584 2504 1638 vitali
2535 1588 2880 1636 commutans
2913 1587 2968 1632 et
2997 1590 3212 1645 semper
3239 1569 3716 1626 vicissitudinibus

2139 1678 2432 1740 obnoxius,
2483 1676 2845 1728 ineessantem
2895 1670 3252 1724 mobilitatem
3308 1663 3569 1719 ostendit.
3625 1661 3716 1714 Sic

2139 1787 2236 1843 per
2281 1770 2562 1824 assiduum
2607 1776 2822 1834 tempus
2867 1771 2919 1816 et
2969 1776 3186 1831 semper
3220 1758 3393 1812 fluens
3423 1755 3716 1809 vanitatem

2138 1879 2248 1934 prae
2275 1878 2335 1918 se
2378 1861 2482 1916 fert
2510 1861 2747 1912 huniana
2782 1863 2973 1908 natura
3001 1893 3016 1917 ,
3051 1855 3129 1908 sic
3160 1847 3558 1905 Consideranda
3601 1846 3718 1900 sire

2139 1956 2193 2009 in
2238 1962 2374 2016 toto,
2418 1952 2534 2007 sive
2573 1949 2778 2002 crassis
2824 1947 2879 2000 in
2915 1945 3179 2015 partibus.
3222 1963 3240 1992 ι
3279 1941 3528 1994 Praesens
3565 1951 3714 1991 eram

2135 2050 2192 2103 in
2214 2062 2400 2113 carne,
2436 2064 2455 2097 ι
2487 2053 2542 2098 et
2582 2059 2698 2112 seq.
2731 2039 3197 2107 Quemadmodum
3239 2035 3502 2103 scriptum
3546 2041 3628 2084 est
3661 2030 3716 2082 in

2137 2138 2339 2194 lumbis
2379 2135 2656 2191 Abraham
2703 2133 2875 2202 patris
2918 2130 3090 2184 fuisse
3135 2127 3294 2191 Levi,
3324 2127 3403 2180 sic
3437 2133 3490 2178 et
3533 2122 3716 2175 omnis

2138 2231 2302 2286 homo
2330 2237 2622 2297 antequam
2664 2229 2925 2279 nascatur
2955 2222 3126 2292 patris
3155 2220 3236 2274 sui
3271 2220 3325 2271 in
3358 2226 3550 2270 natura
3581 2229 3718 2267 con-

2137 2331 2363 2394 ceptus,
2395 2321 2593 2376 deinde
2635 2320 2690 2373 in
2726 2317 3120 2379 concipientem
3177 2323 3403 2365 matrem
3449 2323 3544 2378 per
3566 2321 3719 2359 com-

2138 2417 2401 2471 mercium
2435 2412 2732 2473 transiens,
2771 2409 2896 2464 inde
2931 2405 3238 2460 communis
3270 2416 3401 2456 caro
3433 2399 3719 2452 amborum
3780 2437 3788 2446 ,

2139 2510 2196 2563 fit
2223 2517 2508 2578 parentum
2529 2506 2582 2558 in
2607 2505 2764 2556 vulva
2788 2500 2978 2553 matris
3013 2499 3302 2562 feturatus;
3324 2508 3508 2548 verum
3543 2490 3716 2543 fetura

2139 2599 2194 2653 in
2219 2596 2488 2668 principio
2513 2609 2637 2648 cum
2665 2592 2736 2644 sit
2770 2587 3022 2642 informis
3039 2599 3169 2638 caro
3193 2590 3246 2638 et
3276 2595 3396 2650 quae
3421 2573 3718 2631 internosci

2138 2699 2403 2759 nequeat,
2460 2701 2562 2740 nec
2613 2680 2864 2737 mortalis
2916 2693 3014 2732 nec
3065 2677 3227 2728 homo
3281 2668 3466 2726 vocari
3516 2675 3718 2737 potest,

2138 2793 2296 2853 turpe
2330 2779 2534 2850 aliquid
2581 2777 2700 2832 sine
2733 2770 3075 2827 lineamentis
3113 2776 3170 2820 et
3221 2765 3338 2820 sine
3379 2763 3578 2817 decore
3609 2768 3717 2822 est,

2138 2889 2390 2931 sermone
2437 2884 2632 2924 carens
2679 2874 2733 2920 et
2770 2864 3082 2926 intellectu;
3114 2856 3387 2928 quomodo
3423 2854 3567 2908 enim
3605 2851 3721 2905 ham

2137 2974 2322 3023 essent
2354 2965 2406 3018 in
2445 2963 2552 3016 fetu
2591 2958 2736 3029 quod
2761 2955 2918 3027 quasi
2955 2954 3008 3006 in
3047 2952 3297 3020 sepulcro
3330 2949 3383 3001 in
3413 2947 3569 3000 vulva
3603 2959 3724 2998 ma-

2140 3061 2242 3115 tris
2275 3054 2624 3113 coarclatur?
2661 3050 2791 3104 Nam
2821 3057 3075 3117 tanquam
3113 3045 3167 3097 in
3197 3043 3407 3096 tumulo
3443 3040 3515 3093 ibi
3543 3038 3722 3092 inclu-

2137 3154 2317 3216 ditur,
2365 3149 2490 3202 inde
2531 3145 2722 3199 addit:
2781 3161 2799 3191 ι
2854 3140 2945 3194 Bis
2993 3135 3326 3206 sepulcrales
3362 3132 3606 3184 viventes
3652 3128 3719 3180 ad

2137 3244 2560 3313 corruptionem,
2583 3258 2600 3288 ι
2618 3236 2909 3304 adgemen‘s
2931 3231 3015 3285 his
3044 3229 3221 3282 verbis
3245 3234 3406 3294 atque
3434 3221 3720 3292 lugendam

2139 3338 2313 3392 vicem
2354 3335 2648 3387 miserans.
2686 3326 2821 3380 Nam
2870 3322 3027 3393 quasi
3071 3336 3101 3374 e
3150 3318 3336 3373 tumba
3380 3331 3410 3370 e
3453 3311 3719 3366 maternis

2138 3429 2352 3482 vicibus
2388 3428 2651 3478 exeuntes
2680 3428 2734 3473 et
2762 3418 3007 3470 viventes
3048 3413 3148 3465 iter
3188 3409 3402 3478 agimus
3433 3405 3498 3459 ad
3528 3419 3720 3459 corru-

2139 3521 2382 3590 ptionem
2433 3531 2554 3584 qua:
2584 3522 2668 3567 est
2712 3512 2942 3563 alterum
2981 3506 3291 3574 sepulcrum
3347 3511 3397 3554 et
3448 3495 3718 3567 coagulati

2137 3611 2384 3681 corporis
2417 3607 2653 3670 solutio;
2682 3613 2733 3656 et
2760 3616 2944 3670 quam,
2969 3597 3168 3666 inquit,
3193 3595 3334 3648 viam
3352 3591 3719 3652 eucurrimus,

2140 3717 2300 3771 quam
2349 3699 2514 3752 vitam
2567 3697 2623 3748 in
2668 3693 2869 3749 saeculo
2913 3689 3110 3758 degere
3162 3701 3284 3740 cum
3338 3696 3568 3750 corpore
3617 3677 3722 3730 visi

2141 3808 2358 3855 sumus,
2403 3789 2516 3842 inec
2561 3785 2693 3839 nihil
2736 3783 2839 3836 nisi
2886 3792 3154 3832 annorum
3201 3775 3446 3841 impensa
3487 3775 3542 3822 et
3583 3778 3721 3820 tem-

2141 3885 2290 3956 poris
2330 3880 2614 3936 evacualio
2652 3885 2741 3930 aut
2777 3870 3146 3939 Iconsumptio
3190 3882 3217 3919 a
3262 3881 3347 3918 me
3392 3863 3718 3916 :estimatur.

2141 3952 2258 4048 ipsa
2297 3974 2427 4029 mihi
2450 3970 2678 4027 effundit
2705 3965 2987 4020 doloribus
3030 3970 3085 4016 et
3125 3955 3385 4013 {erumnis
3414 3952 3717 4008 confertam

2142 4073 2499 4123 senectutem.
2543 4061 2615 4114 Ea
2649 4070 2734 4114 est
2777 4056 2960 4111 fatalis
2996 4054 3106 4108 vita
3138 4067 3167 4104 a
3206 4048 3390 4103 tumba
3426 4043 3718 4112 incipiens,

2143 4159 2209 4212 ad
2239 4157 2480 4211 tumbam
2520 4152 2810 4216 desinens;
2851 4149 2896 4201 si
2932 4160 3061 4199 vero
3109 4140 3347 4195 mundus
3381 4137 3543 4200 alius,
3583 4136 3725 4186 vita--

2142 4265 2248 4318 que
2280 4243 2716 4313 incorruptibilis
2745 4248 2798 4294 et
2827 4233 3246 4294 indissolubilis,
3283 4229 3428 4284 sicut
3457 4225 3722 4294 scriptum

2142 4351 2246 4403 est,
2283 4354 2313 4392 a
2351 4351 2582 4406 corpore
2625 4333 2864 4387 solutum
2897 4344 2984 4381 me
3028 4325 3104 4380 ibi
3143 4323 3358 4392 recipit,
3401 4319 3601 4381 vide,o
3640 4326 3720 4380 tu,

2145 4434 2292 4487 fatur
2327 4431 2486 4484 divus
2515 4433 2705 4482 sancta
2738 4422 3062 4491 praedicans,
3086 4433 3153 4472 ne
3187 4415 3324 4470 forte
3348 4427 3470 4482 qtize
3501 4419 3725 4479 apparet

2145 4527 2279 4590 vita,
2319 4523 2502 4584 finem,
2541 4517 2870 4588 supplicium
2906 4523 2960 4567 et
2984 4519 3215 4564 mortem
3249 4507 3469 4565 habeat,
3509 4510 3563 4555 et
3600 4501 3724 4553 vita:

2143 4614 2427 4688 praesentis
2459 4612 2582 4666 finis
2609 4611 2714 4663 iter
2748 4606 2846 4660 tibi
2879 4614 2930 4659 et
2967 4616 3134 4657 causa
3172 4598 3314 4652 adsit
3346 4597 3468 4648 vitae
3503 4595 3726 4646 immor-

2140 4685 2266 4764 talis
2289 4710 2446 4774 longe
2471 4704 2630 4758 aliter
2671 4714 2833 4770 quam
2881 4705 3078 4766 putas;
3121 4701 3177 4745 tu
3219 4690 3437 4759 quidem
3486 4685 3726 4737 totaliter

2144 4803 2281 4857 mori
2339 4794 2634 4866 suspicaris
2678 4791 3023 4851 morientem,
3053 4785 3146 4854 qui
3182 4790 3360 4836 autem
3393 4778 3461 4832 ab
3488 4777 3587 4829 hac
3614 4777 3723 4826 vita

2142 4892 2437 4948 solvendus
2476 4888 2679 4959 optime
2719 4882 2943 4939 omnino
2973 4878 3200 4941 vixerit,
3239 4875 3306 4928 ad
3329 4886 3510 4927 veram
3543 4879 3724 4922 trans-

2142 4987 2242 5039 ibit
2270 4985 2456 5038 vitam.

2154 5297 2214 5351 ιδ
2263 5291 2406 5346 Nihil
2443 5305 2594 5351 sum,
2624 5294 2730 5342 etc.

2215 5413 2514 5478 Postquam
2546 5416 2742 5458 vanam
2779 5407 2832 5455 et
2865 5399 3069 5453 nullius
3099 5397 3260 5468 pretii
3295 5391 3532 5448 hominis
3558 5397 3721 5444 natu-

2143 5520 2259 5560 ram
2295 5496 2692 5557 demonstravit
2723 5503 2776 5548 et
2811 5501 3072 5561 tanquam
3097 5489 3323 5543 nihilum
3360 5481 3721 5540 substantiam

2143 5598 2289 5666 ejus;_
2316 5593 2540 5647 minime
2579 5588 2708 5642 facit
2739 5586 3010 5656 reliquum
3040 5584 3108 5638 de
3132 5580 3413 5637 doloribus
3447 5586 3500 5631 et
3534 5588 3724 5644 super-

2142 5685 2489 5742 venientibus
2509 5683 2566 5738 in
2583 5680 2856 5737 hominem
2884 5676 3288 5734 calamitatibus
3310 5673 3496 5730 dicens
3521 5667 3727 5726 :Natm

533 5867 644 5938 με)
692 5867 892 5924 Alludit
937 5868 1004 5924 ad
1043 5867 1096 5922 id
1141 5881 1284 5937 quoa
1329 5866 1405 5922 aii.
1439 5866 1732 5936 Apostolus
1768 5863 1835 5918 ad
1881 5861 2046 5919 Hebr.
2087 5880 2177 5933 ω,
2212 5864 2261 5920 εἰ.
