4108 6376
441 291 550 349 Ἱξὸ

443 426 568 464 sum
600 424 760 479 quasi
793 408 1107 473 nihi|,niliil
1135 423 1294 478 sum;
1328 420 1384 466 et
1422 426 1522 467 cur
1548 419 1629 466 tot
1658 413 1818 470 malis
1845 429 2030 484 super—

446 503 792 557 abundanter
831 501 1118 558 confectus
1153 503 1471 574 opprimor,
1514 506 1671 576 quasi
1718 505 1856 561 bene
1894 520 2031 562 con-

445 598 603 646 ttans
636 608 815 647 essem
852 591 1067 647 factura
1113 600 1168 647 et
1198 593 1379 648 valida
1424 606 1480 648 et
1513 594 1739 651 robusta
1761 595 1786 647 ἲ
1812 593 2028 651 Etenim

446 686 907 754 quemadmodum
950 684 1061 741 Deo
1086 694 1140 741 et
1175 686 1489 742 caelestibus
1528 687 1672 757 quod
1733 686 1801 740 ad
1839 703 2030 743 essen-

447 777 581 829 tiam
605 786 659 831 et
686 777 983 847 potentiam
1017 785 1072 833 et
1093 777 1325 850 gloriam
1354 778 1411 832 in
1442 779 1677 834 excelsis
1710 788 1766 833 et
1791 778 2032 834 beatitu-

448 867 628 921 dinem
674 877 884 938 spectat
927 869 1309 926 indissolubile
1340 878 1427 925 est
1457 879 1516 925 et
1548 871 1919 930 immutabile:
1951 873 2032 927 sic

448 968 502 1014 et
533 959 774 1016 hominis
808 970 1019 1016 naturae
1050 962 1434 1019 indissolubile
1469 970 1523 1018 et
1546 964 1829 1019 adhaerens
1867 972 2034 1019 estet

445 1051 787 1109 immutabile
833 1054 1107 1110 infelicem
1152 1071 1277 1110 esse
1319 1071 1647 1126 semperque
1713 1052 1852 1112 alios
1910 1057 2035 1113 aliis

447 1143 573 1198 vita:
599 1144 862 1200 aerumnis
909 1155 964 1202 et
1004 1147 1244 1202 miseriis
1271 1148 1478 1217 urgeri.
1512 1146 1591 1200 Ex
1626 1162 1736 1217 quo
1795 1147 2033 1217 primum

443 1250 480 1290 e
506 1236 668 1291 vulva
697 1238 887 1292 inatris
922 1238 1113 1293 exiens
1150 1240 1206 1292 in
1242 1246 1445 1295 terram
1477 1239 1931 1308 cecidi,ploratus
1966 1240 2037 1295 ab

446 1331 627 1383 oculis
646 1331 827 1398 emisi;
847 1332 978 1386 mihi
997 1347 1127 1402 ergo
1152 1330 1498 1386 manifestum
1518 1331 1765 1401 profecto
1813 1332 2034 1403 signum

446 1420 556 1476 hoc
595 1429 701 1486 est,
736 1421 843 1477 hoc
870 1423 1273 1486 testimonium,
1308 1431 1442 1494 quot
1475 1431 1531 1478 et
1561 1423 1784 1493 quantis
1812 1423 2034 1478 obviam

450 1528 546 1569 ero
573 1515 823 1585 Iugendis
846 1525 902 1571 et
927 1516 1084 1572 malis
1113 1517 1205 1585 qui
1237 1519 1557 1587 priusquam
1585 1518 1749 1570 vitam
1772 1515 2034 1581 delibem,

453 1611 723 1678 lacrymas
750 1609 821 1664 ab
849 1611 1027 1667 oculis
1049 1610 1242 1665 fundo.
1278 1628 1298 1660 ι
1331 1608 1554 1664 Terram
1582 1608 1876 1679 quamdam
1903 1608 2037 1664 loris

453 1701 703 1758 liberam.
730 1723 744 1752 ι
768 1710 823 1757 et
853 1718 973 1773 seq.
1007 1702 1124 1766 Est,
1152 1703 1351 1772 inquit,
1377 1710 1520 1756 terra
1547 1708 1601 1757 et
1635 1702 1813 1756 insula
1841 1702 1896 1754 in
1928 1715 2035 1771 qua

452 1793 756 1846 belluarum
789 1811 962 1865 genus
996 1810 1105 1849 non
1141 1797 1291 1858 vivit,
1321 1806 1375 1851 et
1409 1804 1494 1850 est
1527 1796 1680 1850 locus
1715 1803 1893 1849 tostus
1925 1809 2037 1864 quo

452 1899 560 1937 non
589 1887 991 1955 appropinquat
1016 1885 1211 1958 frigida
1245 1903 1679 1951 nexuerumuas
1700 1897 1880 1943 autem
1914 1889 2039 1941 vitat

451 1987 505 2032 et
543 1977 757 2034 labores
786 1994 945 2033 nemo
990 1980 1315 2057 gloriabitur
1347 1981 1491 2049 quod
1527 1982 1767 2036 intactus
1795 1988 1850 2035 et
1883 1979 2040 2034 indo-

451 2071 620 2125 mitus
644 2071 735 2126 hie
758 2070 1173 2142 subterfugerit.
1201 2070 1307 2127 Sed
1340 2073 1588 2142 quaedam
1621 2072 1835 2126 misera:
1866 2071 2041 2125 homi-

448 2177 583 2215 num
614 2164 736 2216 vitae
765 2163 904 2217 dura
931 2172 1184 2217 recenset
1219 2172 1274 2217 et
1307 2163 1474 2217 dicit:
1522 2164 1666 2217 Sunt
1700 2163 1957 2218 debilitas
1983 2172 2039 2216 et

452 2261 782 2322 paupertas,
818 2254 1066 2323 corporis
1098 2254 1262 2309 varia:
1309 2255 1656 2310 infirmitates
1696 2264 1751 2309 et
1785 2256 1908 2310 vitae
1940 2272 2037 2311 ne-

449 2346 821 2399 cessariorum
864 2356 1118 2417 egestas,
1167 2359 1356 2417 partus
1397 2356 1451 2403 et
1498 2349 1658 2403 triste
1695 2349 1902 2411 latum,
1946 2358 2040 2402 aut

450 2436 671 2491 dolores
716 2438 1046 2506 parientium
1098 2445 1154 2492 et
1189 2453 1289 2508 pro
1333 2438 1661 2493 educatione
1700 2441 1870 2509 prolis
1917 2456 2039 2496 sese

450 2529 892 2583 consumentium
917 2572 932 2596 ,
962 2531 1149 2585 odium
1183 2538 1237 2585 et
1267 2531 1322 2584 in
1354 2531 1663 2601 proximum
1700 2531 1951 2595 invidiae,
1987 2542 2041 2587 et

452 2620 645 2689 injusti
677 2621 778 2675 viri
801 2630 858 2676 et
885 2623 1134 2678 scelerati
1162 2623 1233 2677 ab
1254 2625 1543 2694 egentibus
1576 2626 1890 2679 necessaria
1918 2626 2041 2681 vita:

453 2713 751 2784 rapientes,
784 2729 936 2769 more
960 2716 1264 2769 belluarum
1297 2717 1351 2770 in
1383 2716 1522 2769 mari
1551 2723 1606 2770 et
1636 2731 1803 2786 super
1837 2727 2038 2773 terram

450 2804 685 2861 miseros
725 2814 1083 2869 consumunt.
1129 2814 1183 2859 et
1211 2819 1427 2860 omnem
1463 2802 1614 2858 hanc'
1640 2806 1808 2859 vitam
1841 2822 2042 2862 aerum-

453 2908 647 2948 nosam
675 2904 730 2948 et
754 2894 1040 2950 doloribus
1066 2894 1382 2949 afﬂuentem
1404 2894 1722 2951 hominibus
1748 2896 2038 2951 inducunt.

458 3003 481 3037 ι
517 2983 723 3040 Damna
758 2985 981 3058 quidem
1009 2995 1065 3043 et
1094 2987 1342 3052 omnino,
1385 3006 1404 3040 ι
1441 3000 1497 3043 et
1528 3003 1647 3058 seq.
1672 2988 1828 3055 Quod
1859 2989 2036 3056 dicit,

459 3068 593 3122 illud
639 3079 724 3125 est
770 3088 787 3127 :
832 3073 972 3129 Mala
1001 3091 1123 3145 qua:
1165 3077 1412 3133 homines
1446 3094 1569 3133 esse
1598 3089 1789 3148 putant
1824 3097 1888 3135 ac
1918 3096 2037 3135 mo-

459 3160 631 3223 lesta,
703 3164 963 3235 pleraque
1018 3169 1265 3238 reputavi
1329 3170 1557 3225 omnino
1621 3169 1919 3240 injucunda
1978 3182 2037 3228 et

456 3268 769 3311 aerumnosa
824 3259 1086 3328 omnique
1138 3262 1334 3314 solatio
1396 3262 1701 3327 destituta;
1761 3262 2034 3318 bonorum

459 3362 582 3415 quae
649 3362 716 3402 eo
775 3351 998 3406 nomine
1059 3353 1416 3423 designantur
1484 3356 1736 3411 molestia
1794 3357 2037 3412 immune

458 3440 667 3495 nullum
717 3442 963 3511 profecto
1020 3445 1166 3509 vidi,
1215 3461 1281 3500 ex
1342 3462 1453 3516 quo
1501 3446 1751 3502 lethil'era
1804 3463 1836 3502 a
1888 3447 2036 3516 ligno

455 3534 765 3603 degustatio
803 3545 859 3592 et
902 3538 1192 3594 homicida:
1241 3539 1447 3595 invidia
1492 3556 1738 3595 amaram
1775 3548 1832 3597 et
1879 3554 2037 3595 acer-

456 3628 581 3682 bam
618 3630 750 3683 mihi
790 3634 1246 3702 transgressionis
1282 3649 1499 3704 paruam
1544 3634 1749 3689 attulit.

1786 292 2085 351 NICETAS
2146 293 2354 350 DAVID

3616 284 3728 344 ἸΝ

2131 430 2264 483 γων,
2289 412 2440 466 οὐδέν
2464 413 2600 483 είμι.
2640 411 2753 466 Καὶ
2777 410 2867 465 ῖνα
2891 409 2947 462 τί
2967 407 3242 471 τοσούτοις
3261 403 3725 477 ταλαιπωροῦμαι

2133 505 2344 570 κακοῖς,
2389 501 2858 574 ἐνδαπανώμενος,
2892 498 3037 553 ὥστε
3087 496 3336 568 πεπηγὸς
3379 495 3441 548 δν
3488 497 3729 564 πρᾶγμα

2133 598 2228 651 καὶ
2265 596 2485 667 ίσχυρὸν
2516 596 2613 649 καὶ
2653 593 2912 666 στερρόν;
2946 592 3057 646 Καὶ
3088 592 3199 661 γὰρ
3237 589 3427 660 ῶσπερ
3466 589 3587 657 Θεῷ
3629 588 3732 642 καὶ

2132 690 2245 752 τοῖς
2287 687 2451 751 θείοις
2489 688 2552 742 τὸ
2593 688 2712 741 κατ’
2742 688 2961 752 οὐσίαν,
3006 685 3102 739 καὶ
3150 683 3397 755 δύναμιν,
3437 681 3534 735 καὶ
3564 678 3728 743 δόξαν

2133 780 2234 850 τὴν
2273 778 2572 842 ἀνωτάτω,
2601 778 2697 832 καὶ
2740 777 3153 849 μακαριότητα,
3184 772 3453 844 ἀτρεπτόν
3496 771 3557 823 τέ
3606 772 3730 823 ἐστι

2137 872 2232 926 καὶ
2266 872 2602 942 ἀμετάϐολον
2624 889 2638 901 ·
2666 870 2840 934 οὕτως
2864 868 3155 941 ἀνθρώπου
3180 867 3340 938 φύσει
3363 866 3426 918 τὸ
3443 864 3730 919 ταλαιπω-

2140 963 2387 1035 ρεῖσθαι,
2417 962 2512 1015 καὶ
2539 962 2628 1016 ἀεὶ
2673 963 2785 1024 τοῖς
2817 959 2912 1015 τοῦ
2957 959 3074 1030 βίου
3118 955 3493 1012 διαπονεῖσθαι
3529 952 3729 1008 ἄλλοτε

2135 1052 2319 1116 ἄλλοις
2372 1053 2655 1115 ἐπιπόνοις
2706 1054 2802 1106 καὶ
2847 1051 3127 1124 ἀλγηροῖς,
3169 1049 3437 1121 ἄτρεπτον
3486 1046 3729 1117 ὑπάρχει

2136 1146 2232 1198 καὶ
2277 1146 2526 1215 συμφυὲς
2566 1146 2661 1198 καὶ
2700 1144 3039 1216 ἀμετάθετον
3076 1161 3089 1173 ·
3125 1142 3187 1208 ἐξ
3217 1138 3279 1196 οὗ
3307 1141 3371 1211 δὴ
3408 1139 3470 1191 τὸ
3506 1136 3729 1208 πρῶτον

2134 1236 2244 1289 τῶν
2274 1237 2558 1309 μητρικῶν
2593 1236 2833 1305 λαγόνων
2871 1235 3214 1299 ὀλισθαίνων,
3252 1234 3347 1287 καὶ
3382 1233 3463 1295 εἰς
3496 1230 3603 1301 γῆν
3630 1230 3730 1281 ἑκ-

2137 1326 2343 1392 πεσὼν,
2370 1328 2605 1400 δάκρυον
2631 1329 2820 1400 ἀφῆκα
2845 1329 2956 1383 τῶν
2991 1325 3290 1398 ὀφθαλμῶν
3315 1340 3332 1356 ·
3362 1324 3458 1377 καὶ
3490 1321 3599 1392 γάρ
3630 1336 3728 1390 μοι

2136 1421 2289 1473 τουτὶ
2346 1420 2548 1494 δηλαδὴ
2599 1419 2867 1491 σύμϐολον
2911 1412 3170 1491 ἐναργὲς,
3204 1418 3363 1472 τοῦτο
3391 1416 3600 1484 γίνεται
3635 1429 3731 1465 τε·

2139 1514 2377 1585 κμήριον
2393 1555 2407 1577 ,
2442 1515 2587 1578 ὅσοις
2608 1515 2702 1567 καὶ
2725 1514 2859 1577 οῖοις
2892 1513 3071 1583 μέλλω
3090 1509 3520 1581 συναντήσεσθαι
3547 1508 3730 1577 λυπη-

2142 1607 2256 1676 ροῖς
2291 1606 2385 1658 καὶ
2403 1608 2616 1673 κακοῖς,
2646 1605 2707 1659 τὸ
2742 1608 2870 1676 πρὶν
2898 1605 2932 1677 ἢ
2956 1604 3051 1658 τοῦ
3077 1604 3192 1676 βίου
3220 1602 3460 1674 ἅψασθαι
3488 1600 3727 1671 δάκρυον

2139 1696 2202 1763 ἐξ
2226 1698 2521 1768 ὀφθαλμῶν
2545 1699 2781 1768 ἀφεῖναι.

2248 1790 2457 1859 Χὼρην
2476 1792 2594 1861 μέν
2624 1793 2733 1845 τιν’
2762 1789 3009 1859 ἄθηρον,
3038 1806 3094 1844 κ.
3123 1805 3177 1842 τ.
3205 1786 3285 1854 ἐξ.

2218 1885 2391 1948 Ἐστι,
2421 1887 2577 1956 φησὶ,
2607 1886 2779 1957 χώρα,
2804 1886 2901 1938 καὶ
2925 1885 3119 1954 νῆσος,
3155 1875 3272 1955 ὲνῇ
3301 1878 3484 1952 θηρῶν
3516 1872 3730 1946 ἀγρίων

2138 1966 2201 2032 οὐ
2226 1978 2497 2032 διαιτᾶται
2529 1979 2693 2047 φύσις
2715 1996 2729 2010 ’
2767 1980 2861 2032 καὶ
2886 1978 3001 2031 ἔστι
3025 1978 3191 2040 τόπος
3217 1971 3724 2041 κατακεκαυμένος,

2138 2067 2200 2127 οὗ
2240 2072 2451 2144 κρυερὰ
2492 2072 2553 2124 οὐ
2591 2071 2941 2144 προσεγγίζει
2979 2069 3141 2139 νιφάς
3173 2082 3188 2096 '
3223 2066 3333 2119 τῶν
3373 2062 3632 2134 λυπηρῶν
3665 2060 3726 2113 δὲ

2138 2165 2233 2219 τοῦ
2270 2165 2385 2235 βίου
2412 2166 2507 2219 καὶ
2530 2165 2642 2219 τῶν
2677 2164 2891 2235 μόχθων
2914 2162 3090 2227 οὐδεὶς
3111 2162 3447 2231 καυχήσεται
3476 2156 3550 2219 ὼς
3589 2154 3725 2208 ἀδά·

2143 2273 2347 2327 μαστος
2384 2256 2478 2308 καὶ
2520 2256 2784 2324 ἄγευστος
2807 2253 3040 2307 ἐνταῦθα
3067 2250 3365 2321 διαφυγών.
3406 2247 3575 2301 Ἀλλά
3603 2246 3731 2299 τινά

2139 2347 2208 2400 τά
2237 2347 2473 2416 δυσχερῆ
2508 2346 2619 2416 (46)
2647 2345 2743 2399 τοῦ
2766 2342 3113 2415 ταλαιπώρου
3140 2343 3249 2396 τῶν
3274 2339 3577 2411 ἀνθρώπων
3607 2337 3727 2407 βίου

2141 2441 2259 2492 κατ’
2306 2437 2444 2502 εἶδος
2481 2438 2895 2511 ἀναριθμεῖται,
2938 2437 3031 2490 καί
3058 2454 3223 2507 φησιν
3254 2451 3267 2464 ’
3319 2432 3600 2505 Ἀδράνεια
3632 2432 3730 2485 καὶ

2142 2532 2325 2595 πενία,
2357 2531 2610 2603 σώματος
2649 2532 2952 2602 ἀρρωστίαι
2985 2530 3224 2585 ποικίλαι
3260 2529 3354 2583 καὶ
3382 2527 3577 2580 ἔνδειαι
3614 2523 3726 2577 τῶν

2140 2624 2463 2694 ἐπιτηδείων
2490 2623 2624 2695 πρὸς
2650 2622 2814 2694 ζωὴν,
2841 2622 3001 2685 τόκος
3033 2622 3127 2675 καὶ
3159 2620 3323 2692 μόρος
3349 2659 3363 2681 ,
3395 2619 3516 2688 ἦτοι
3557 2632 3729 2669 κακο-

2142 2715 2345 2768 πάθεια
2400 2718 2521 2778 ταῖς
2550 2718 2864 2780 τικτούσαις
2892 2716 2984 2767 καὶ
3011 2715 3140 2785 περὶ
3158 2713 3255 2784 τὴν
3280 2710 3592 2782 ἀνατροφὴν
3617 2707 3727 2761 τῶν

2143 2805 2381 2873 ἐκγόνων
2415 2806 2798 2877 πονουμέναις,
2827 2805 2983 2875 ἔχθος
3016 2805 3110 2858 καὶ
3143 2806 3201 2857 αἱ
3231 2804 3370 2875 πρὸς
3399 2803 3525 2864 τοὺς
3550 2816 3727 2869 γειτο-

2142 2898 2367 2961 νοῡντας
2412 2896 2743 2969 ἐχθραε,καὶ
2783 2897 2959 2951 ἄδικοι
3000 2896 3194 2965 ἄνδρες
3229 2895 3324 2947 καὶ
3378 2890 3729 2964 ἁμαρτωλοὶ,

2143 2989 2241 3053 τὰς
2267 2989 2405 3060 πρὸς
2434 2988 2496 3041 τὸ
2521 2986 2620 3059 ζῇν
2642 2987 2752 3040 τῶν
2788 2986 3191 3055 ταπεινοτέρων
3219 2982 3540 3056 ἀρπὼμενοι
3563 2982 3733 3050 ἀφορο

2148 3084 2254 3154 μάς
2277 3123 2293 3146 ,
2339 3084 2526 3154 ὅμοιον
2564 3083 2763 3154 τρόπον
2800 3084 2913 3145 τοῖς
2953 3082 3010 3134 ἐν
3044 3079 3289 3150 θαλάσσῃ
3323 3077 3488 3148 θηρσὶ
3531 3075 3624 3127 καὶ
3660 3075 3731 3144 τῇ

2145 3176 2287 3249 ξηρᾷ
2316 3176 2737 3248 κατατρίϐουσιν
2770 3176 2969 3240 αὐτοὺς
2989 3217 3003 3241 ,
3036 3176 3129 3227 καὶ
3163 3173 3341 3226 πάντα
3367 3170 3461 3224 τὸν
3491 3169 3605 3239 βίον
3632 3165 3733 3219 ἀλ-

2144 3285 2214 3339 γη
2224 3267 2313 3339 ρὸν
2343 3268 2436 3321 καὶ
2465 3266 2735 3320 ἐπώδυνον
2761 3268 2874 3329 τοῖς
2895 3263 3204 3335 ἀνθρώποις
3233 3257 3589 3315 καθιστῶσιν.

2251 3360 2502 3429 Πήματα
2521 3358 2639 3429 μὲν
2668 3358 2766 3411 καὶ
2799 3357 3072 3425 πάμπαν,
3096 3373 3132 3409 κ
3178 3371 3230 3407 τ.
3260 3351 3339 3417 ἐξ.

2226 3451 2291 3503 Ὃ
2333 3450 2389 3503 δὲ
2426 3450 2597 3515 λέγει,
2637 3449 2876 3503 τοιοῦτόν
2912 3450 3029 3500 ἐστι
3058 3464 3073 3477 ο
3108 3445 3230 3499 Τῶν
3273 3443 3401 3513 παρ’
3426 3437 3737 3511 ἀνθρώποις

2146 3541 2457 3608 λεγομένων
2504 3539 2694 3593 κακῶν
2740 3539 2835 3591 καὶ
2878 3536 3157 3607 δυσχερῶν
3208 3531 3377 3586 πολλὰ
3426 3527 3737 3597 κατενόησα

2149 3630 2430 3693 παντελῶς
2458 3624 2587 3683 ὄντα
2620 3628 2837 3701 ἀτερπῆ
2908 3628 3003 3679 καὶ
3035 3624 3293 3697 λυπηρὰ,
3338 3624 3434 3676 καὶ
3478 3617 3738 3690 οὐδεμίαν

454 3715 646 3783 ἔχοντα
676 3713 1006 3785 παραψυχὴν
1043 3714 1506 3787 παρομαρτοῦσαν
1533 3732 1547 3745 ·
1582 3717 1689 3769 τῶν
1722 3716 1945 3784 ἀγαθῶν
1991 3718 2047 3771 δὲ
2083 3720 2140 3770 ἐν
2181 3720 2280 3791 βίῳ
2311 3721 2820 3792 κατωνομασμένων
2865 3718 3018 3772 οὐδὲν
3056 3717 3283 3788 ἄμοιρον
3321 3714 3500 3785 λύπης
3532 3706 3739 3764 παντά-

456 3824 591 3861 πασι
619 3808 907 3878 τεθέαμαι,
941 3807 1034 3877 ἀφ’
1057 3800 1174 3878 οὗή
1203 3806 1424 3879 ὀλεθρία
1445 3806 1540 3859 τοῦ
1567 3807 1725 3874 ξύλου
1757 3808 1947 3877 γεῦσις
1976 3812 2069 3863 καί
2103 3813 2130 3864 ὁ
2151 3812 2245 3865 τοῦ
2274 3812 2627 3884 ἀνδροκτόνου
2658 3812 2849 3881 φθόνος
2885 3810 3090 3881 πικράν
3119 3806 3326 3879 μοικαὶ
3364 3804 3611 3875 ἀλγηράν
3636 3801 3738 3872 τὴν

451 3904 554 3972 τῆς
587 3901 951 3973 παραϐάσεως
976 3901 1249 3972 τιμωρίαν
1276 3903 1642 3972 ἐναπήμεσεν.

451 4014 523 4070 59
548 4012 678 4067 Han:
695 4014 809 4077 tibi,
837 4030 985 4075 caro,
1018 4012 1164 4066 dicta
1191 4014 1319 4077 sint.
1343 4030 1447 4067 non
1468 4012 1630 4080 facile
1653 4014 1910 4075 sanabili.
1934 4023 2040 4069 etc.

525 4106 606 4159 Ad
652 4114 705 4160 te
736 4120 901 4174 ergo,
932 4119 966 4159 o
1000 4120 1163 4169 caro,
1214 4112 1411 4160 sanatu
1447 4104 1755 4167 diﬂicilem,
1788 4106 2043 4161 immedi—

451 4196 685 4251 cabilem
722 4192 866 4254 forte
910 4200 1025 4253 haec
1058 4214 1090 4253 a
1130 4201 1331 4255 nobis:
1374 4215 1501 4253 nam
1543 4200 1701 4254 hoste
1745 4216 1959 4255 amoena
1995 4211 2047 4256 te

453 4297 579 4343 utor
604 4299 658 4344 et
685 4306 901 4360 semper
928 4292 1220 4359 militanti;
1256 4293 1432 4347 hostis
1462 4292 1649 4346 debita
1684 4308 1901 4363 semper
1937 4294 2043 4347 ini-

456 4383 600 4437 mica
634 4384 857 4452 placens
902 4400 1053 4445 caro,
1098 4394 1215 4439 tum
1247 4401 1392 4455 sape
1430 4401 1739 4454 cooperans
1772 4388 1838 4439 ad
1878 4388 2043 4451 bona,

453 4483 572 4530 tum
597 4475 874 4531 ordinarie
901 4493 1172 4549 propensa
1194 4478 1258 4532 ad
1287 4479 1552 4533 malorum
1580 4478 1860 4550 abyssum.
1895 4478 2046 4534 Ferre

452 4569 755 4626 blandienti
794 4570 928 4626 mihi
965 4571 1164 4627 similis
1200 4570 1403 4628 videris
1442 4580 1499 4628 et
1543 4572 1826 4635 adulanti.
1864 4584 1919 4628 et
1960 4575 2042 4626 in-

455 4661 671 4717 terdum
709 4662 907 4718 acerbe
944 4660 1241 4730 mordenti;
1290 4669 1345 4718 et
1375 4664 1485 4734 igni
1515 4663 1855 4721 calefacieuti
1888 4664 2043 4720 simi-

454 4757 601 4819 labo,
646 4757 740 4812 sed
768 4766 823 4813 et
867 4757 1034 4813 simul
1076 4758 1434 4816 vehementer
1467 4760 2039 4835 relrigerantipquod

453 4854 758 4920 insolitum,
789 4870 965 4924 eoque
998 4855 1174 4926 magis
1198 4855 1395 4910 mirum
1419 4864 1524 4921 est,
1549 4858 1596 4914 si
1623 4858 1762 4913 forte
1784 4858 1852 4913 ad
1879 4859 2039 4913 linem

450 4955 625 5001 totum
656 4947 790 5001 mihi
833 4947 1099 5003 benevola
1142 4950 1299 5004 lieres
1336 4965 1637 5023 pacemque
1704 4951 1903 5019 dares;
1942 4950 2044 5004 tibi

452 5052 605 5106 ergo,
639 5052 672 5089 o
695 5051 847 5113 caro,
872 5037 986 5091 haec
1011 5038 1160 5092 dicta
1195 5039 1327 5105 sint,
1361 5041 1454 5094 sed
1484 5049 1540 5094 et
1566 5040 1661 5094 tibi
1689 5041 1884 5095 anima:
1938 5035 2042 5107 ipsi

454 5131 713 5183 dicentur
771 5139 935 5199 prout
989 5131 1202 5200 justum
1260 5142 1366 5192 est.
1423 5153 1440 5184 ι
1487 5134 1664 5199 Quis?
1709 5133 1910 5189 Unde?
1955 5144 2050 5187 aut

454 5223 585 5292 quid
615 5239 674 5277 es
694 5224 717 5277 ?
748 5243 767 5276 ι
790 5231 845 5278 et
867 5239 986 5293 seq.
1014 5222 1151 5289 Quis
1168 5231 1222 5278 et
1246 5227 1411 5289 unde,
1437 5235 1491 5280 et
1515 5226 1643 5295 quid
1664 5242 1723 5281 es
1742 5226 2047 5281 secundum

457 5322 735 5380 naturam,
775 5315 865 5369 dic
904 5315 950 5370 si
998 5315 1200 5382 babes;
1232 5317 1357 5386 quis
1392 5325 1444 5372 te
1477 5324 1752 5372 mortuum
1785 5317 2046 5372 ferentem

459 5417 555 5461 aut
582 5424 786 5478 corpus
821 5409 1083 5464 ferentem
1134 5410 1459 5480 plasmavit?
1506 5410 1641 5477 Quis
1683 5410 2049 5479 undequaquc

460 5511 746 5556 nneratam
795 5511 851 5557 et
894 5502 961 5555 ad
1009 5512 1213 5557 terram
1254 5505 1540 5574 religatam
1589 5505 1801 5559 catenis
1853 5502 2048 5556 validis

462 5594 590 5649 vita:
628 5594 911 5665 religavit?
946 5596 1234 5661 Quomodo
1279 5598 1571 5650 ronuuista
1615 5596 1714 5652 es?
1763 5595 2049 5663 Quomodo

527 5779 643 5852 (56)
672 5780 857 5837 Codex
890 5781 1033 5838 ἀλλά
1056 5783 1177 5838 τίνα
1205 5781 1275 5837 τά
1300 5783 1565 5853 δυσχερεῖ.

2146 4024 2212 4077 59
2249 4020 2349 4075 Σοὶ
2368 4019 2487 4089 μὲν
2515 4019 2614 4086 δὴ,
2641 4017 2819 4086 σὰρξ,
2844 4017 2972 4071 τοῖα
3001 4015 3314 4080 δυσαλθέἵ,
3350 4033 3403 4068 κ.
3433 4034 3482 4069 τ.
3505 4016 3556 4067 λ.

2219 4114 2362 4183 Πρός
2405 4129 2465 4164 σε
2507 4112 2606 4182 μὲν
2636 4107 2729 4164 οὖν
2749 4151 2763 4174 ,
2800 4104 2845 4162 ὦ
2880 4110 3038 4180 σάρξ,
3070 4109 3309 4180 δυσαλθῆ
3340 4126 3400 4161 τε
3431 4110 3525 4161 καὶ
3547 4107 3736 4162 δυσία-

2146 4222 2235 4259 τον
2272 4205 2623 4275 ὑπάρχουσαν
2646 4203 2872 4257 τοιαῦτα
2907 4205 3040 4275 παρ’
3069 4203 3225 4275 ἡμῶν
3247 4220 3260 4232 ·
3300 4201 3397 4255 καὶ
3421 4200 3530 4271 γὰρ
3556 4199 3736 4271 ἐχθρῷ

2148 4314 2229 4352 σοι
2279 4298 2499 4369 εὐμενεῖ
2555 4297 2773 4367 χρῶμαι
2806 4297 2900 4351 καὶ
2956 4294 3408 4366 φιλοπολεμοῦντι
3471 4296 3579 4348 ἀεί.
3612 4293 3738 4345 Φίλ-

2153 4388 2347 4459 εχθρος
2374 4388 2483 4441 αἰεὶ
2513 4388 2810 4459 δυσμενὴς,
2834 4390 2867 4457 ὴ
2904 4388 3039 4459 σάρξ
3070 4386 3240 4455 φίλος,
3270 4384 3331 4439 τὸ
3358 4386 3459 4459 μὲν
3479 4383 3738 4456 συνεργὸς

2152 4482 2291 4551 πρὸς
2340 4480 2411 4533 τά
2464 4481 2604 4533 καλά
2635 4479 2925 4543 πολλάκις,
2980 4478 3041 4531 τὸ
3088 4480 3131 4532 δ’
3182 4479 3429 4542 ἐκτόπως
3476 4478 3737 4549 βρίθουσα

2152 4573 2287 4643 πρὸς
2334 4571 2520 4625 κακῶν
2575 4572 2768 4642 βάθος·
2807 4572 2981 4643 θηρίῳ
3025 4572 3135 4643 γὰρ
3167 4571 3402 4624 ἑοικέναι
3444 4587 3535 4641 μοι
3560 4572 3736 4634 δοκεῖς

2150 4661 2531 4733 προσσαίνοντι
2574 4662 2671 4731 μὲν
2705 4660 3013 4725 κολακικῶς
3032 4702 3047 4726 ,
3092 4660 3340 4714 δάκνοντι
3370 4661 3417 4714 δ’
3448 4661 3619 4715 ἐνίοτε
3649 4680 3737 4715 πι-

2150 4755 2329 4827 κρῶς,
2361 4755 2456 4809 καὶ⁵
2487 4755 2622 4825 πυρὶ
2644 4754 2992 4826 θερμαίνοντι
3017 4754 3396 4825 παρομοιάσω,
3437 4754 3553 4807 ἀλλ’
3585 4755 3736 4824 αὐτῷ

2150 4850 2327 4921 τούτῳ
2359 4851 2454 4903 καὶ
2484 4849 2709 4920 ψύχοντι
2744 4848 3016 4920 σφοδρῶς·
3058 4848 3088 4901 ὃ
3116 4848 3208 4901 καὶ
3240 4848 3542 4919 παράδοξον
3562 4891 3578 4915 ,
3616 4851 3735 4918 μεῖ-

2153 4945 2244 5009 ζον
2283 4945 2339 4997 δὲ
2370 4943 2589 5013 θαῦμα,
2639 4943 2693 4996 εῖ
2722 4960 2850 4995 ποτε
2890 4940 2991 4994 κᾶν
3038 4943 3094 5005 ἐς
3146 4941 3373 5012 ὕστερον
3403 4940 3463 4993 τὸ
3490 4940 3611 4993 ὅλον
3646 4957 3736 5010 μοι

2152 5034 2384 5104 εὐμενὴς
2432 5035 2603 5102 γένοιο
2649 5034 2744 5087 καὶ
2789 5033 3110 5103 είρηνεύοις.
3164 5033 3256 5085 Σοὶ
3302 5033 3400 5103 μὲν
3429 5029 3524 5086 οὖν
3553 5032 3651 5103 δὴ,
3684 5026 3730 5084 ὧ

2154 5127 2324 5198 σὰρξ,
2374 5126 2545 5180 ταῦτα
2598 5126 3007 5197 προσειρήσθω“
3055 5126 3191 5179 ἀλλά
3221 5126 3315 5180 καὶ
3363 5126 3446 5178 σοὶ
3492 5128 3558 5197 τῇ
3590 5126 3733 5198 ψυχῇ

2153 5221 2292 5292 αὐτῇ
2322 5219 2393 5272 τὰ
2428 5218 2736 5289 καθήκοντα
2766 5217 3083 5289 ῥηθήσεται.

2300 5313 2430 5377 Τίς;
2458 5311 2674 5374 πόθεν;
2705 5309 2742 5378 ᾖ
2774 5310 2832 5362 τί
2863 5309 3099 5375 πέλειςς
3126 5327 3180 5363 κ.
3211 5327 3262 5362 τ.
3298 5308 3377 5373 ἐξ.

2224 5406 2321 5469 Τίς
2355 5405 2447 5459 καὶ
2496 5404 2657 5458 πόθεν
2715 5404 2806 5456 καὶ
2842 5404 2894 5456 τί
2946 5403 3086 5455 κατά
3123 5404 3223 5474 τὴν
3268 5403 3430 5472 φύσιν
3460 5403 3629 5475 αὐτὴν
3661 5398 3733 5469 εἴ,

2157 5498 2365 5569 φράσον
2387 5538 2401 5561 ,
2450 5497 2503 5549 εἴ
2536 5513 2618 5549 σοι
2664 5496 2864 5566 παρόν·
2896 5495 2979 5558 τίς
3024 5496 3081 5548 δέ
3116 5513 3174 5547 σε
3202 5496 3567 5566 νεκροφόρον,
3617 5496 3735 5567 ἦτοι

2161 5588 2545 5661 σωματοφὸρον
2564 5628 2580 5655 ,
2637 5589 2930 5657 ἐποιήσατο
2951 5626 2964 5651 ,
3019 5589 3258 5658 στερεοῖς
3290 5588 3349 5640 ἐν
3375 5586 3598 5658 δεσμοῖς
3640 5586 3736 5639 τοῦ
