4108 6376
337 466 438 520 737

339 582 456 655 βίου
511 579 824 652 καταδήσας
876 577 1210 649 πανταχόθεν
1265 575 1638 648 βαρυνομένην
1673 573 1766 627 καὶ
1793 587 1918 625 συν-

339 673 700 744 ειλκυσμένην
750 675 829 736 εἰς
873 672 1006 742 γῆνς
1039 670 1155 734 πῶς
1204 670 1441 740 ὲμίγης;
1485 667 1602 731 πῶς
1644 664 1917 738 ὲκράθης,

342 767 559 838 πνεῦμα
606 762 763 834 οὖσα,
787 764 864 836 τῷ
915 764 1069 836 βάρει
1110 760 1204 815 τοῦ
1239 761 1518 829 σώματος;
1553 758 1669 821 πῶς
1705 758 1760 808 δὲ
1797 755 1921 818 νοῦς

341 861 618 922 πέλουσα,
690 859 852 928 σαρκὶ
916 857 1186 928 κραθῆναι
1248 853 1553 917 κατεδέξως
1626 849 1803 920 κούφη
1863 847 1921 900 δὲ

339 956 684 1026 τυγχάνουσα
728 951 845 1014 πῶς
883 950 1046 1020 ἄχθος
1075 950 1294 1019 φέρεις;
1321 945 1505 1000 Ταῦτα
1547 943 1656 1014 γὰρ
1687 941 1923 998 ἀντικεί-

346 1066 482 1119 μενα
514 1047 590 1109 ὡς
612 1044 826 1098 ἐναντία
857 1043 1105 1113 ἀλλήλοις
1139 1041 1485 1111 διαμάχεται.

344 1137 411 1194 69
452 1138 519 1190 Εἰ
540 1135 657 1205 μὲν
685 1132 760 1201 δὴ
791 1132 1130 1199 σάρκεσσιν
1160 1127 1595 1274 όμόσποροῖθές
1629 1126 1776 1192 ,βίον
1801 1121 1925 1248 {7.1-

1536 1217 1619 1263 ες,
1644 1216 1696 1250 κ.
1725 1213 1774 1250 τ.
1839 1236 1851 1248 .

1536 1217 1619 1263 ες,
1644 1216 1696 1250 κ.
1725 1213 1774 1250 τ.
1803 1213 1851 1248 Α.

419 1297 808 1370 Προσλαλήσας
854 1299 920 1366 τῇ
969 1295 1132 1367 σαρκὶ
1178 1293 1426 1366 πρῶτον,
1464 1289 1583 1346 εἷτα
1627 1293 1694 1361 τῇ
1742 1289 1923 1359 ψυχῇ,

345 1392 444 1444 ὅσα
489 1389 957 1462 θεοληπτούμενον
989 1389 1157 1459 ἄνδρα
1187 1385 1508 1457 προσλαλεῖν
1541 1383 1739 1454 ἐχρῆν,
1772 1377 1928 1442 αὖθις

348 1485 484 1556 πρὸς
523 1485 622 1555 τὴν
672 1482 850 1554 ψυχὴν
881 1482 1127 1553 περὶτῆς
1177 1481 1297 1534 κατ’
1325 1479 1493 1549 αὐτὴν
1522 1477 1788 1546 γενέσεως
1834 1473 1928 1528 καὶ¹

351 1577 488 1649 πρὸς
539 1577 600 1630 τὸ
663 1575 824 1644 σῶμα
881 1575 1234 1644 συγκράσεως
1284 1571 1588 1639 διαλέγεται
1644 1565 1930 1637 θεοφορού-

356 1685 515 1739 μενος
537 1709 550 1730 ,
585 1669 648 1721 Εἰ
678 1668 775 1736 μὲν
809 1668 923 1738 ἅμα
946 1705 959 1728 ,
1003 1666 1178 1733 λέγων
1200 1705 1216 1729 ,
1259 1663 1336 1733 τῷ
1371 1663 1584 1733 σώματι
1635 1661 1729 1713 καὶ
1757 1658 1927 1729 αὑτὴ,

351 1753 398 1812 ὧ
440 1761 614 1832 ψυχὴ,
644 1759 1079 1830 συσπειρομένη,
1110 1759 1175 1827 τῇ
1215 1754 1442 1826 μητρῴᾳ
1475 1753 1674 1822 γαστρὶ
1722 1768 1931 1819 συγκα-

353 1852 620 1923 τεσλήθης
641 1894 654 1915 ,
703 1851 797 1904 καὶ
847 1850 990 1903 οὕτω
1051 1847 1330 1920 παρῆλθες
1371 1848 1450 1910 εἰς
1474 1846 1567 1898 τὸν
1599 1845 1734 1916 βίον,
1761 1842 1807 1895 ὥ
1838 1860 1931 1914 μοι

354 1945 455 2014 τῆς
513 1944 774 2012 συζυγίας
825 1943 914 1995 διὰ
979 1941 1190 2013 μακροῦ
1241 1939 1610 2010 ἀπολομένηςε
1663 1939 1772 1992 Καὶ
1826 1937 1932 2007 γὰρ

356 2033 520 2087 εἰκὼν
555 2031 696 2085 εἶναι
738 2031 874 2085 Θεοῦ
929 2030 1142 2102 φρονῶν
1185 2031 1280 2083 καὶ
1311 2027 1703 2100 μεγαλαυχῶν,
1734 2042 1938 2097 μαργο-

358 2125 523 2194 σύνης
576 2125 810 2194 αἰσχρᾶς
851 2124 944 2176 καὶ
975 2125 1170 2194 ἀτίμου
1220 2123 1458 2193 ῥεύσεως
1505 2120 1936 2188 ἀποτετέλεσμαι

358 2215 491 2277 υἱός.
525 2215 863 2285 Αἰσχύνομαι
892 2215 956 2286 δὴ
985 2211 1077 2268 οῦν
1112 2215 1325 2286 μητέρα
1360 2214 1544 2284 τιμῆς,
1579 2213 1723 2283 φημί
1749 2210 1814 2282 δὴ
1839 2209 1938 2280 τῆς

357 2308 562 2370 εἰκόνος
583 2347 596 2370 ,
633 2309 732 2378 τὴν
765 2308 866 2376 τῆς
898 2307 1098 2378 σαρκὸς
1131 2307 1426 2360 ἀκόλαστον
1453 2304 1676 2375 λέγωνῆ
1697 2302 1938 2356 ὑπονοῶν

359 2400 684 2472 ἐπιθυμίαν’
719 2400 1056 2471 εὐλαϐοῦμαι
1091 2401 1186 2453 καὶ
1218 2401 1362 2453 δέδια
1398 2398 1612 2469 μητέρα
1635 2397 1733 2466 τῆς
1761 2395 1940 2465 ψυχῆς

358 2493 458 2563 τὴν
489 2493 673 2564 ρεῦσιν
701 2495 901 2556 εἰπεῖν,
937 2493 1018 2544 ὃτι
1063 2491 1200 2562 αὐτὴ
1233 2493 1329 2561 μὲν
1360 2490 1626 2562 ἔφθαρται
1656 2489 1736 2552 είς
1781 2487 1941 2556 σῶμα

362 2591 598 2657 παγεῖσα
627 2587 840 2661 βροτοῦ,
866 2589 924 2651 ὃς
953 2588 1048 2641 νῦν
1079 2588 1179 2658 μὲν
1207 2587 1399 2658 ὁρᾶται
1429 2584 1614 2656 βροτὸς
1636 2597 1944 2649 γενεσιουρ-

362 2682 572 2752 γηθεὶς,
605 2677 762 2744 αὖθις
785 2681 842 2732 δὲ
864 2679 984 2733 οὐδὲ
1010 2679 1220 2750 βροτὸς,
1252 2678 1387 2730 ἀλλά
1425 2677 1572 2738 κόνις
1599 2674 1856 2743 ἐσόμενος
1882 2670 1944 2722 τὸ

362 2774 692 2827 τελευταῖον.
728 2774 792 2826 Ei
834 2769 956 2836 οῦν,
1006 2771 1051 2823 ὦ
1081 2770 1246 2841 ψυχὴ,
1275 2772 1340 2840 τῇ
1372 2767 1536 2839 σαρκὶ
1563 2762 1944 2834 συγκατεσπᾶ-

368 2883 498 2938 ρης,
533 2867 606 2937 μή
636 2882 765 2919 ποτε
799 2864 892 2918 καὶ
928 2860 1463 2932 συγκαταφθαρῇιίςᾞ

436 2962 505 3013 Εἰ
533 2959 601 3012 δὲ
632 2959 712 3011 σύ
738 2960 790 3027 γ’
821 2957 1067 3026 οὐρανίη
1095 2973 1213 3021 τίς,
1237 2973 1289 3008 κ.
1326 2972 1371 3009 τ.
1411 2953 1490 3018 ἐξ.

435 3052 628 3122 Εἴπερ,
666 3051 832 3120 φησὶν
850 3089 864 3111 ,
889 3049 986 3118 οὐχ
1001 3049 1329 3118 ὁμόσπορος,
1359 3041 1404 3100 ὧ
1430 3044 1598 3116 ψυχὴ,
1619 3043 1848 3112 γέγονας
1871 3040 1948 3112 τῷ

367 3143 614 3213 σώματι,
647 3140 836 3211 ὥσπερ
865 3140 972 3193 οὐδ’
1009 3141 1258 3210 ὁμοφυὴς
1295 3137 1446 3205 (πῶς
1475 3137 1617 3207 γάρ;
1647 3137 1730 3189 ὅτι
1761 3135 1822 3187 τὸ
1853 3135 1948 3204 μὲν

368 3235 496 3305 χοῦς
535 3235 626 3287 καὶ⁸
673 3233 856 3302 ἐπάγη
889 3235 952 3285 ὲκ
989 3232 1133 3301 χοὸς,
1162 3233 1226 3284 σὺ
1259 3231 1314 3282 δὲ
1345 3228 1603 3301 οὐρανίας
1647 3225 1952 3296 κομπάζεις

370 3324 584 3394 φύσεως
617 3318 754 3376 εἶναι
804 3323 899 3374 καὶ
933 3320 1274 3390 ἀφθάρτου),
1311 3318 1432 3371 ὅθεν
1465 3317 1618 3385 ἔφυς,
1656 3317 1952 3386 σαφήνισον

372 3420 503 3489 ἡμῖν
526 3433 542 3448 ·
575 3418 623 3469 εί
659 3415 758 3485 μὲν
788 3413 923 3467 Θεοῦ
956 3413 1111 3485 ἄημα
1138 3413 1172 3483 ἢ
1205 3411 1450 3477 πνεῦμα,
1493 3411 1586 3463 καὶ
1615 3409 1797 3478 λάχος,
1835 3409 1952 3476 ἤτοι

371 3509 602 3578 κλῆρος,
634 3506 709 3569 ὡς
737 3505 870 3567 οἴει,
903 3504 996 3557 καὶ
1032 3503 1210 3573 μερὶς,
1238 3500 1390 3571 ῥῖψον
1421 3497 1750 3552 ἀτασθαλίαν
1776 3498 1954 3548 πᾶσαν

373 3602 587 3663 ἀδικίας
624 3617 683 3652 τε
710 3600 802 3652 καὶ
836 3597 1130 3668 πονηρίαν,
1163 3596 1256 3648 καὶ
1300 3594 1669 3663 συνθήσομαι’
1718 3592 1815 3645 καὶ
1848 3590 1956 3660 γὰρ

373 3693 696 3757 οὐδὲ-ἔξεστι
721 3691 816 3743 τοῦ
861 3689 1067 3756 ἀγαθοῦ
1096 3688 1190 3744 καὶ
1220 3685 1464 3756 καθαροῦ
1504 3685 1665 3753 φύσει
1700 3687 1892 3754 μοῖραν
1922 3681 1954 3751 ἢ

376 3784 672 3855 ἀπόρροιαν
731 3782 1114 3852 ὑπάρχουσαν,
1164 3778 1341 3848 κακὴν
1395 3773 1534 3829 εἶναι
1576 3777 1608 3845 ἢ
1650 3774 1821 3846 ῥύπου
1855 3772 1957 3826 κᾶν

375 3875 625 3928 ὁπωσοῦν
667 3876 724 3925 ἐν
756 3872 970 3944 μεθέξει
1023 3871 1387 3925 καθεστάναι·
1441 3869 1560 3922 οὐδὲ
1612 3869 1720 3937 γὰρ
1768 3865 1959 3928 σκότος

377 3969 528 4040 ἡλίου
579 3967 822 4036 πέφυκεν
868 3964 1182 4034 ἐνέργημα,
1214 3963 1335 4015 οὔτε
1381 3960 1617 4032 πονηροῦ
1649 3960 1742 4012 καὶ
1783 3957 1959 4026 ζοφώ-

376 4059 498 4122 δους
541 4057 848 4127 πνεύματος
893 4055 1180 4123 φώταυγον
1213 4054 1322 4123 (4⁸1)
1357 4051 1572 4122 πνεῦμα
1611 4050 1644 4122 ἢ
1692 4049 1961 4119 ἀγαθουρ-

378 4151 474 4217 γὸν
505 4149 701 4218 ἐξέφυ·
749 4147 808 4201 τὸ
839 4149 1023 4217 ὅμοιον
1053 4146 1162 4215 γὰρ
1196 4144 1337 4197 κατά
1367 4143 1529 4212 φύσιν
1557 4144 1742 4213 ὅμοιον
1771 4141 1958 4210 γεννᾷ.

381 4241 506 4304 Πῶς
534 4237 625 4294 οῦν
656 4239 718 4292 σὺ
739 4279 754 4300 ,
782 4233 827 4292 ὦ
858 4237 1026 4308 ψυχὴ,
1058 4239 1178 4296 ταῖς
1208 4235 1304 4288 τοῦ
1337 4235 1581 4305 Πονηροῦ
1613 4236 1811 4296 κακαῖς
1842 4235 1960 4285 ἐπιο

383 4329 568 4382 θέσεσι
609 4326 862 4380 τοσοῦτον
915 4324 1012 4376 τοῦ
1057 4322 1220 4393 ὀρθοῦ
1254 4323 1412 4390 λόγου
1465 4321 1562 4373 καὶ
1610 4319 1704 4372 τοῦ
1754 4318 1960 4387 ἀγαθοῦ

385 4418 711 4490 παρατρέπη
741 4416 836 4470 καὶ
878 4413 1250 4486 παρεξελαύνῃ
1275 4453 1288 4476 ,
1341 4413 1563 4483 καίπερ,
1601 4411 1676 4474 ὼς
1715 4412 1841 4478 φῂς,
1867 4409 1964 4461 ού-

387 4509 555 4581 ρανίῳ
582 4508 677 4561 καλ⁵
709 4504 899 4574 ἀγαθῷ
929 4503 1197 4572 πνεύματι
1237 4499 1656 4571 συγκεκραμένη
1680 4514 1692 4560 ;
1720 4498 1831 4550 Καὶ
1856 4495 1962 4567 γὰρ

384 4604 433 4655 εί
467 4600 656 4671 βοηθὸν
675 4599 882 4668 ’ἔχουσα
911 4595 1173 4656 τοιοῦτον,
1199 4593 1292 4645 ἐπὶ
1315 4591 1568 4645 τοσοῦτον
1599 4589 1803 4660 βρίθεις
1829 4587 1964 4657 πρὸς

385 4694 484 4765 τὴν
510 4693 612 4761 γῆν
641 4691 736 4744 καὶ
767 4689 938 4752 οὕτως
959 4689 1050 4740 ἐπὶ
1077 4687 1135 4739 τὸ
1160 4689 1342 4757 χεῖρον
1364 4684 1753 4755 καταρρέπεις,
1787 4681 1868 4744 τίς
1899 4681 1966 4734 ἂν

386 4788 506 4856 εἴης
557 4782 895 4853 ἐστερημένη
943 4779 1231 4851 βοηθείας;
1277 4776 1344 4830 Ai
1391 4776 1448 4828 αἳ
1480 4775 1580 4844 τῆς
1618 4771 1966 4843 πανωλέθρου

386 4880 584 4940 κακίας
618 4875 866 4947 ἀμικτῶς
899 4875 1034 4947 πρὸς
1060 4875 1120 4926 τὸ
1142 4872 1345 4941 ἀγαθὸν
1371 4868 1751 4940 διακειμένηςὲ

459 4971 601 5025 Εὶδ’
634 4969 705 5022 οὔ
727 4985 826 5036 μοι
860 4969 1066 5020 θεόθεν
1085 4965 1187 5028 σὺ,
1218 4981 1271 5018 κ.
1307 4981 1358 5015 τ.
1393 4961 1472 5028 ἐξ.

458 5064 520 5115 Εἰ
562 5062 637 5132 μὴ
677 5059 901 5131 οὐρανία
937 5059 1031 5110 καὶ
1086 5059 1149 5110 ὲκ
1179 5055 1273 5108 τοῦ
1323 5052 1718 5126 ὑπερουρανίου
1768 5048 1969 5120 Θεοῦή

391 5155 459 5226 σὴ
490 5155 652 5224 φύσις
676 5155 770 5207 καὶ
792 5152 1068 5215 ούσίωσις,
1097 5144 1141 5202 ὧ
1163 5147 1332 5219 ψυχὴ,
1364 5147 1538 5211 πέλει,
1567 5145 1682 5208 δέος
1722 5161 1811 5214 μοι
1844 5143 1972 5211 σφό-

389 5247 493 5317 δρα
522 5245 683 5316 μέγα,
705 5244 800 5297 καὶ
821 5242 1030 5310 ἀγωνία
1048 5281 1062 5305 ,
1089 5241 1181 5294 καὶ
1210 5239 1373 5308 φόϐος
1389 5237 1697 5309 ὑποτρέχει,
1740 5237 1814 5306 μή
1841 5250 1973 5286 ποτε

389 5338 532 5408 κενῷ
551 5337 781 5409 δοξαρίῳ
811 5334 1127 5404 φυσιοῦμαι,
1153 5333 1244 5386 καὶ
1267 5331 1606 5402 γαυριάματι
1641 5327 1971 5400 μετεωρίζο-

394 5445 514 5498 μαι,
539 5428 658 5497 εἰκῆ
686 5426 909 5492 πλάσμα
937 5425 1031 5476 καὶ
1057 5422 1220 5476 εἰκὼν
1249 5421 1386 5475 Θεοῦ
1418 5417 1556 5473 εἶναι
1589 5415 1970 5489 μεγαλαυχῶν.

393 5540 458 5596 87
500 5541 758 5610 Πλάονμα
783 5541 931 5594 Θεοῦ
965 5538 1351 5608 παράδεισος,
1383 5536 1571 5606 Ἐδὲμ,
1605 5554 1656 5588 κ,
1677 5551 1726 5587 τ.
1746 5533 1801 5588 λ.

467 5655 653 5708 Εἰπὼν
705 5655 958 5726 οὐρανίαν
1011 5650 1155 5709 εἶναι
1213 5653 1311 5724 τὴν
1361 5652 1573 5722 ψυχὴν,
1627 5649 1702 5711 ὡς
1752 5646 1978 5716 πλάσμα

395 5747 532 5801 Θεοῦ
573 5747 668 5802 τοῦ
709 5749 1138 5821 ὑπερουρανίου,
1168 5747 1235 5800 δι’
1283 5747 1311 5799 ὃ
1340 5746 1434 5799 καὶ¹
1470 5742 1839 5814 βοηθουμένην
1885 5739 1978 5792 ὑπ’

1361 454 1428 511 ΙΝ
1469 454 1778 513 CARMINA
1815 448 2097 507 ARCA‘NA
2135 447 2192 501 S.
2232 442 2580 501 GREGORII.

3505 432 3616 489 738

2025 564 2251 636 spiritus
2280 577 2405 617 cum
2449 561 2560 624 sis,
2601 569 2767 612 onere
2792 554 3042 626 corporis
3083 551 3289 607 domita
3332 549 3432 605 es?
3465 547 3608 614 Quo-

2025 654 2190 710 modo
2223 655 2440 706 animus
2473 665 2596 704 cum
2627 648 2737 712 sis,
2771 646 3058 716 imperium
3084 643 3270 698 carnis
3308 647 3499 694 coacta
3551 653 3613 692 es

2025 745 2307 815 recipere?
2328 741 2576 796 Pondere
2605 738 2864 794 immunis
2886 737 3014 807 quid
3047 735 3262 806 pondus
3291 732 3445 787 fers?
3472 730 3613 784 Nam

2027 838 2145 893 haec
2174 833 2275 893 sibi
2323 835 2556 889 invicem
2586 831 2870 886 contraria
2908 829 3051 883 inter
3080 843 3140 882 se
3172 832 3504 896 repugnant.

2031 1107 2100 1164 69
2140 1105 2294 1172 Quod
2329 1119 2376 1158 st
2404 1117 2524 1156 cum
2557 1097 2808 1153 carnibus
2842 1107 2963 1150 sata
2992 1096 3047 1148 in
3076 1095 3236 1149 vitam
3266 1093 3474 1157 venisti,
3501 1098 3611 1148 etc.

2103 1198 2402 1266 Postquam
2438 1194 2592 1248 carni
2624 1191 2882 1261 primum,
2918 1187 3043 1242 dein
3078 1187 3294 1250 animae,
3327 1185 3473 1240 sicut
3503 1183 3619 1237 Deo

2035 1290 2352 1346 concitante
2397 1286 2546 1356 loqui
2593 1284 2828 1338 decebat
2870 1280 3074 1343 virum,
3105 1279 3322 1333 loculus
3354 1286 3459 1342 est,
3509 1277 3614 1330 ite--

2033 1397 2158 1438 rum
2188 1396 2313 1434 cum
2354 1380 2536 1433 anima
2573 1377 2639 1431 de
2682 1375 2860 1446 ipsius
2898 1379 3095 1426 natura
3127 1377 3182 1424 et
3226 1383 3348 1424 cum
3387 1381 3621 1437 corpore

2035 1476 2103 1530 de
2129 1473 2251 1543 ejus
2277 1473 2510 1527 mistura
2537 1476 2898 1524 conversatur
2922 1465 3110 1519 divino
3139 1462 3335 1532 spiritu
3369 1461 3617 1514 aﬂlatus:

2038 1567 2343 1639 Siquidem,
2393 1563 2596 1634 inquit,
2629 1577 2752 1616 cum
2791 1573 3024 1628 corpore
3066 1565 3122 1610 et
3161 1557 3302 1624 ipsa,
3348 1569 3382 1607 ο
3413 1552 3618 1613 anima,

2038 1663 2308 1733 inspirata
2339 1676 2368 1715 e
2401 1657 2594 1713 matris
2624 1654 2835 1726 gremio
2865 1651 3051 1706 exiisti
3081 1659 3137 1704 et
3169 1649 3235 1702 ad
3257 1648 3424 1701 vitam
3464 1645 3619 1699 veni-

2039 1757 2130 1821 sti,
2164 1769 2244 1808 va:
2291 1751 2426 1806 mihi
2479 1747 2551 1801 nh
2593 1743 3040 1815 conjunctionem
3086 1742 3232 1795 lente
3268 1733 3623 1809 pereuntem!

2041 1847 2176 1901 Nam
2210 1847 2389 1913 imago
2417 1840 2510 1895 Dei
2542 1836 2686 1907 quod
2719 1835 2822 1890 sim
2858 1835 3112 1904 cogitans
3148 1839 3202 1886 et
3234 1831 3499 1909 glorians,
3530 1829 3625 1883 de-

2040 1938 2261 1994 mentia:
2315 1932 2494 2002 turpis
2531 1937 2586 1984 et
2637 1927 3020 1996 ignominiosa
3080 1921 3314 1992 originis
3370 1921 3625 1991 perl‘icior

2043 2032 2213 2086 ﬁlius.
2262 2026 2542 2080 Erubesce
2581 2035 2714 2091 ergo
2759 2027 2989 2072 matrem
3038 2015 3284 2077 honoris,
3319 2013 3442 2066 dico
3491 2013 3624 2066 ima.

2043 2124 2224 2195 ginis,
2282 2118 2614 2172 infrenatam
2659 2112 2838 2165 dicere
2911 2113 3004 2162 aut
3025 2105 3291 2174 suspicari
3312 2088 3498 2159 carnis
3529 2119 3625 2157 cu-

2039 2215 2338 2283 piditatem;
2382 2210 2470 2280 pio
2520 2205 2718 2260 aiIectu
2753 2212 2807 2257 et
2840 2207 3109 2254 tremente
3159 2212 3351 2250 vereor
3396 2203 3630 2249 matrem

2042 2307 2238 2360 animm
2315 2298 2673 2355 inﬂuxionem
2738 2307 3084 2357 memorare,
3145 2290 3272 2360 quia
3331 2289 3450 2358 ipsa
3510 2288 3631 2359 qni-

2042 2401 2165 2453 dem
2204 2410 2330 2450 cum
2377 2391 2738 2460 corruptione
2788 2386 3092 2441 seminatur
3138 2383 3192 2436 in
3237 2396 3440 2452 corpus
3479 2395 3628 2434 mor-

2042 2491 2170 2545 talis
2223 2486 2531 2557 coagulata,
2574 2483 2666 2553 qui
2712 2494 2860 2533 nunc
2903 2479 3120 2532 videtur
3171 2475 3424 2530 mortalis
3478 2488 3634 2528 creao

2042 2591 2155 2642 tus,
2183 2587 2372 2650 postea
2408 2575 2666 2644 verojam
2703 2588 2812 2625 non
2844 2569 3114 2630 mortalis,
3149 2569 3240 2623 sed
3273 2567 3451 2637 pulvis
3483 2565 3637 2619 futu.

2045 2691 2141 2729 rus
2171 2675 2225 2728 in
2258 2673 2444 2726 linem.
2479 2666 2537 2724 Si
2564 2684 2718 2739 ergo,
2761 2681 2795 2721 ο
2824 2666 3030 2730 anima,
3075 2663 3130 2716 in
3160 2676 3327 2714 carne
3362 2658 3635 2714 seminata

2045 2770 2145 2832 sis,
2183 2767 2308 2820 vide
2342 2781 2409 2818 ne
2449 2763 2612 2816 simul
2650 2760 3049 2828 corrumpat-is.
3096 2776 3113 2807 ι
3148 2754 3204 2808 Si
3240 2769 3367 2808 vero
3394 2753 3638 2807 caelestis

2048 2868 2174 2925 tu..,
2211 2877 2228 2908 ο
2264 2867 2319 2910 et
2358 2871 2474 2925 seq;
2513 2854 2594 2916 Si,
2627 2851 2829 2921 inquit,
2868 2866 2977 2904 non
3018 2864 3084 2902 ex
3129 2847 3295 2901 simili
3333 2845 3568 2916 origine,
3603 2860 3639 2894 ιι

2049 2952 2255 3014 anima,
2286 2947 2564 3018 prodiisti,
2597 2960 2662 2998 ac
2701 2959 2928 3013 corpus,
2974 2956 3074 2994 nec
3106 2953 3136 2992 a
3181 2938 3346 2993 simili
3389 2938 3512 2990 loco
3541 2952 3637 3005 ge-

2049 3046 2166 3097 nita
2191 3058 2273 3106 es,
2305 3040 2476 3111 quid?
2510 3037 2646 3092 Illud
2677 3036 2899 3107 quidem
2928 3042 3074 3087 terra
3105 3039 3157 3086 et
3189 3038 3467 3099 sumptum
3494 3037 3579 3082 est
3610 3043 3644 3078 θ

2049 3147 2218 3197 terra,
2255 3145 2308 3186 lu
2352 3144 2532 3186 tamen
2568 3126 2781 3182 cmlesti
2830 3135 3027 3180 natura
3061 3131 3117 3176 et
3159 3123 3481 3188 incorrupta
3527 3119 3641 3187 ειυ-

2053 3227 2252 3282 riaris?
2289 3225 2442 3280 Unde
2471 3232 2590 3277 orta
2620 3236 2700 3284 cs,
2733 3219 2918 3274 indica
2962 3216 3093 3270 mihi
3134 3234 3148 3268 :
3179 3215 3225 3269 si
3261 3229 3290 3265 a
3327 3211 3441 3266 Deo
3500 3212 3642 3267 bali-

2055 3333 2143 3376 tus
2170 3329 2224 3375 ct
2255 3319 2482 3388 spiritus
2509 3333 2590 3378 es,
2621 3323 2673 3370 et
2707 3328 2837 3383 pars
2875 3319 2968 3364 aut
3007 3307 3403 3373 haereditas,ut
3447 3309 3644 3374 opina-

2057 3417 2225 3482 ris,et
2257 3415 2456 3484 portio,
2498 3423 2714 3464 omnem
2750 3405 2974 3460 malitiae
3021 3403 3345 3456 thesaurum
3394 3408 3446 3452 et
3491 3397 3647 3451 mali-

2057 3505 2317 3574 gnitatem
2353 3501 2587 3572 projice,
2616 3506 2672 3553 et
2713 3495 3078 3551 consentiam.
3110 3491 3322 3545 Etenim
3369 3504 3477 3544 non
3519 3488 3648 3541 licet

2070 3595 2201 3650 boni
2246 3601 2301 3647 et
2333 3593 2454 3662 puri
2486 3597 2696 3661 partem
2729 3585 3059 3641 naturaliter
3104 3590 3199 3636 aut
3244 3579 3646 3634 emanationein

2057 3699 2183 3738 esse
2222 3683 2419 3736 malam
2457 3688 2552 3733 aut
2588 3676 2860 3748 quantulo
2901 3675 3031 3728 libet
3063 3672 3226 3726 modo
3260 3670 3394 3725 fecis
3421 3669 3646 3738 partici—

2062 3792 2184 3847 pem
2214 3791 2362 3830 esse.
2384 3773 2518 3826 Nam
2556 3785 2659 3824 nec
2701 3767 2962 3823 tenebras
3003 3764 3193 3834 genuit
3222 3762 3355 3817 solis
3385 3759 3649 3822 ellicacia,

2061 3886 2163 3926 nec
2191 3869 2319 3922 mali
2354 3874 2409 3921 et
2440 3863 2792 3919 tenebrarum
2848 3859 3081 3927 Spiritus
3109 3854 3349 3910 cllicacia
3392 3852 3649 3922 spiritum

2062 3963 2465 4019 illuminantcm
2497 3965 2550 4012 et
2586 3957 2729 4010 bona
2763 3959 3083 4021 operantem
3133 3947 3322 4018 genuit
3351 3965 3363 3999 :
3395 3961 3521 4000 nam
3573 3943 3652 3998 si-

2061 4059 2189 4112 mile
2224 4054 2329 4109 sibi
2378 4049 2680 4107 secundum
2718 4054 2972 4102 naturam
3006 4041 3260 4112 quaalibet
3307 4054 3396 4094 res
3428 4037 3602 4108 gignit
3636 4056 3647 4090 :

2063 4146 2341 4220 quomodo
2371 4157 2504 4214 ergo
2533 4150 2614 4205 tu,
2652 4155 2685 4194 ο
2713 4139 2918 4199 anima,
2953 4136 3010 4188 in
3052 4134 3226 4188 malos
3264 4128 3389 4185 Mali
3421 4140 3653 4184 conatus

2063 4240 2199 4294 adeo
2237 4252 2267 4290 a
2305 4244 2456 4289 recta
2507 4231 2721 4285 ratione
2766 4237 2819 4282 et
2861 4243 2890 4281 a
2943 4227 3088 4280 bono
3119 4223 3435 4278 declinares
3466 4228 3522 4275 et
3577 4220 3654 4274 ir-

2064 4345 2372 4402 rumperes,
2421 4326 2574 4385 licet,
2611 4331 2670 4377 ut
2700 4321 2860 4385 dicis,
2901 4318 3115 4374 cmlesti
3147 4324 3202 4371 et
3245 4316 3392 4370 bono
3428 4312 3653 4384 spiritui

2065 4419 2511 4479 commiscearis‘!
2561 4415 2810 4484 Namque
2863 4414 2956 4466 tali
3013 4409 3202 4464 fruens
3259 4407 3560 4462 auxiliante
3607 4406 3655 4462 si

2067 4522 2277 4570 tantum
2313 4509 2687 4582 prosternaris
2728 4509 2782 4560 in
2828 4513 3069 4567 terram,
3119 4502 3312 4572 sicque
3362 4499 3430 4553 ad
3467 4498 3655 4570 pejora

2067 4616 2122 4662 te
2152 4604 2441 4667 extendas,
2472 4601 2606 4672 quid
2649 4601 2855 4654 auxilio
2891 4598 3086 4650 orbata
3132 4593 3478 4649 remanebis?
3505 4591 3655 4645 Eheu

2068 4700 2250 4754 letalis
2281 4696 2502 4750 malitiae
2547 4695 2751 4760 ahsqne
2787 4691 3022 4745 mistura
3070 4703 3169 4758 pro
3201 4687 3348 4740 bono
3381 4685 3657 4752 impoten-

2068 4802 2157 4847 ter
2185 4790 2458 4860 jacentis!
2495 4807 2513 4839 ι
2546 4787 2604 4840 Si
2653 4801 2760 4838 non
2807 4799 2837 4837 a
2876 4782 2986 4836 Deo
3020 4790 3075 4835 tu
3112 4779 3268 4842 mihi,
3299 4797 3318 4829 ι
3357 4785 3412 4831 et
3441 4793 3560 4847 seq.
3600 4775 3658 4830 Si

2076 4899 2182 4939 non
2223 4891 2306 4936 cst
2338 4879 2582 4934 caelestis
2618 4891 2716 4930 nec
2753 4876 2822 4930 ab
2873 4873 3144 4928 altissimo
3175 4870 3290 4924 Deo
3321 4876 3516 4922 natura
3563 4875 3657 4921 tua

2073 4987 2127 5032 et
2155 4974 2486 5033 substantia,
2512 4987 2545 5024 ο
2577 4969 2781 5030 anima,
2813 4982 3042 5036 magnus
3073 4962 3233 5016 valde
3257 4961 3424 5014 timor
3461 4967 3516 5014 et
3545 4968 3661 5013 tre-

2080 5083 2199 5122 mor
2224 5076 2277 5119 et
2302 5067 2445 5118 lucta
2471 5063 2736 5122 occurrit,
2766 5075 2835 5114 ne
2865 5058 3004 5112 forte
3037 5071 3178 5110 vana
3222 5056 3393 5125 gloria
3424 5063 3659 5107 tumeant

2082 5168 2134 5214 et
2165 5156 2472 5226 arrogantia
2508 5171 2591 5208 me
2630 5153 2889 5215 cxaltem,
2923 5157 3234 5205 creaturam
3276 5154 3331 5201 et
3367 5147 3662 5216 imaginem

2083 5249 2178 5304 Dei
2224 5264 2309 5302 me
2335 5248 2572 5316 jactans.

2087 5531 2152 5585 87
2196 5528 2534 5598 Figmentum
2571 5525 2668 5579 Dei
2695 5522 3002 5594 paradisus,
3034 5520 3206 5587 Eden,
3234 5527 3344 5574 etc.

2160 5641 2357 5695 Dicens
2387 5641 2668 5694 codestcm
2700 5639 2938 5690 animam
2965 5645 3230 5705 tanquam
3265 5631 3358 5687 Dci
3410 5629 3671 5685 altissimi

2087 5739 2318 5809 plasma,
2365 5735 2594 5804 ideoque
2640 5731 2706 5786 ab
2752 5730 2872 5801 ipso
2920 5713 3183 5799 adjntam,
3231 5725 3481 5798 quaedam
3527 5723 3672 5778 inter

470 5925 585 5998 (εἳ)
627 5926 965 5999 Φὼταιιγον,
1002 5927 1082 5984 sic
1116 5925 1277 5992 cod.;
1310 5922 1648 5981 addubitavit
1677 5923 1819 5977 hanc
1864 5919 1947 5977 for

2052 5934 2093 5974 m
2132 5916 2520 5974 Schneiderus.
