4108 6376
493 419 598 476 759

494 540 738 597 maxima
786 540 992 597 auxilia
1027 556 1148 612 qua:
1180 556 1281 613 pro
1322 541 1440 612 ipsa
1490 541 1747 614 praestitit
1794 550 2077 599 memorat.

492 630 683 687 Primo
718 646 851 704 ergo
874 632 1195 702 paradisum
1233 633 1289 688 in
1337 631 1487 688 Eden
1534 633 1589 687 in
1621 634 1817 688 animae
1841 634 2080 688 hominis

492 724 740 779 favorem
792 725 1096 795 plantavit;
1139 732 1193 779 et
1239 725 1479 796 primum
1525 725 1695 782 decus
1740 725 2081 796 gloriamque

492 815 738 887 perfudit
781 816 838 870 in
884 817 1065 886 ipsum
1116 832 1279 887 quem
1327 818 1396 873 ad
1432 818 1725 888 imaginem
1772 817 2081 874 similitudi-

489 921 730 977 nemque
761 922 918 962 suam
952 909 1280 978 plasmavit;
1324 908 1526 964 deinde
1557 910 1612 964 in
1657 909 1922 964 auxilium
1973 909 2078 980 ipsi

487 998 640 1054 dedit
699 1001 1020 1056 mandatum
1075 1015 1181 1071 quo
1218 1001 1512 1056 observato
1548 999 1979 1055 immortalitatis
2024 1007 2080 1054 et

486 1088 860 1147 deiﬁcationis
917 1106 1046 1162 spes
1119 1090 1564 1161 promittebatur.
1625 1092 1882 1147 Admissa
1948 1107 2078 1146 vero

485 1185 937 1254 transgressione
983 1185 1038 1238 in
1077 1183 1431 1254 irrequietam
1460 1184 1631 1238 vitam
1658 1185 1847 1248 istam,
1884 1198 2078 1254 pecca-

489 1271 563 1327 tis
590 1273 964 1329 abundantem
997 1283 1054 1329 et
1096 1275 1385 1330 mortalem
1422 1275 1550 1330 inde
1582 1276 1794 1346 lapsum
1826 1278 2074 1340 noxium,

487 1366 572 1420 sic
617 1368 737 1422 sine
769 1368 1046 1436 adjutorio
1082 1384 1190 1424 non
1231 1370 1472 1439 neglexit
1507 1371 1794 1425 hominum
1839 1379 2073 1426 amator.

485 1456 733 1516 Diversis
786 1462 1171 1516 institutorum
1217 1461 1517 1533 generibus
1564 1463 1679 1518 sive
1725 1462 2079 1533 generaliori-

487 1550 618 1615 bus,
657 1555 774 1608 sive
799 1556 976 1624 magis
998 1556 1335 1625 specialibus
1362 1557 1670 1628 impietates
1696 1566 1751 1610 et
1781 1555 2073 1626 impiorum

486 1647 545 1700 in
586 1647 764 1717 ipsum
814 1647 1038 1718 indigne
1091 1657 1212 1702 acta
1269 1649 1423 1719 juxta
1474 1649 1748 1718 justitiam
1796 1648 2074 1702 insecutus

484 1750 570 1795 est
605 1759 619 1794 :
654 1740 734 1794 sic
786 1741 1048 1810 paulatim
1103 1741 1189 1795 sui
1250 1743 1427 1812 ipsius
1474 1741 1771 1811 agnitionis
1822 1740 2075 1795 instituta

484 1833 689 1899 dabat;
724 1842 777 1888 et
813 1842 955 1904 aqua
996 1836 1161 1889 morti
1193 1835 1440 1891 deditum
1472 1833 1761 1890 inundavit
1806 1834 2073 1889 mundum

483 1934 541 1981 et
564 1925 875 1996 fulguribus
916 1926 1232 1982 incendium
1280 1928 1668 1997 spargentibus
1713 1925 2073 1981 Sodomorum

485 2019 776 2075 lasciviam
810 2021 865 2075 in
892 2020 1129 2075 cinerem
1156 2020 1385 2091 redegit.
1412 2019 1619 2076 Deinde
1642 2026 1766 2089 post
1788 2020 1904 2075 haec
1928 2018 2075 2074 aliud

482 2110 785 2167 remedium
842 2119 937 2166 aut
982 2112 1249 2166 auxilium
1298 2113 1688 2181 peccatoribus
1731 2112 1819 2167 lex
1869 2112 2074 2182 scripta

480 2218 581 2274 per
617 2201 857 2273 Moysem
907 2203 1232 2259 insinuavit.
1268 2203 1517 2269 Quorum
1548 2204 1792 2257 omnium
1832 2201 2074 2258 fortissi-

480 2310 656 2359 mum,
695 2294 932 2351 Domino
977 2295 1369 2367 dignissimum
1399 2305 1454 2350 et
1500 2295 1763 2365 pietatem
1794 2310 1927 2365 erga
1971 2294 2074 2349 ho-

482 2386 667 2441 mines
720 2388 962 2456 spirans,
1005 2387 1125 2456 ipse
1156 2387 1211 2441 in
1249 2396 1557 2458 temporum
1584 2387 1956 2457 plenitudine,
2001 2387 2075 2442 si-

482 2494 615 2534 num
652 2477 834 2534 Patris
871 2495 979 2534 non
1025 2481 1342 2550 relinquens
1386 2478 1560 2534 Filius
1591 2479 1906 2550 unigenitus
1953 2478 2069 2543 Dei,

481 2567 753 2636 Verbum,
806 2585 1123 2641 supremam
1174 2568 1271 2624 Dei
1322 2577 1574 2622 naturam
1631 2568 1885 2623 humana:
1936 2582 2073 2622 con-

484 2662 684 2729 iunxit,
738 2671 888 2718 totus
946 2661 1255 2718 secundum
1319 2656 1663 2733 liypostasim
1707 2668 1822 2715 tota
1875 2668 2073 2715 natura

482 2755 726 2809 humana
777 2770 899 2811 sese
950 2754 1244 2810 includens
1289 2754 1663 2820 ineil'abiliter,
1711 2756 1787 2810 ita
1831 2768 1891 2811 ut
1928 2755 2073 2812 Deus

482 2846 844 2916 impassibilis
875 2863 1126 2910 manens,
1165 2847 1522 2918 passionibus
1556 2849 1695 2904 meis
1726 2863 1757 2902 a
1786 2857 1941 2919 parte
1966 2849 2072 2902 hu—

483 2952 645 2992 mana
684 2939 924 3009 patiens,
971 2937 1354 2994 fortitudinem
1411 2950 1465 2994 et
1495 2940 1641 2994 vires
1690 2939 1826 2994 mihi
1869 2941 2073 3010 praebe-

483 3037 587 3093 ret,
632 3040 686 3085 et
720 3047 807 3085 me
841 3032 1132 3086 mortalem
1183 3032 1305 3103 ipso
1339 3041 1760 3088 consummante
1792 3033 1954 3087 deum
1992 3032 2073 3088 ef-

485 3122 695 3178 ﬁceret.
729 3122 882 3177 Adeo
927 3139 1081 3194 ergo,
1115 3123 1192 3178 ait
1231 3124 1412 3179 anima
1458 3141 1488 3179 a
1522 3125 1634 3180 Deo
1667 3126 1975 3180 illuminata
2019 3132 2074 3182 et

481 3217 668 3272 divina
718 3216 995 3282 revelans,
1055 3217 1189 3271 mihi
1244 3218 1501 3287 praestitis
1555 3220 1624 3274 ab
1680 3219 1890 3288 optimo
1940 3219 2073 3273 boni

480 3317 736 3362 amat-ore
799 3308 1124 3370 beneﬁciis,
1174 3316 1565 3379 praepotentem
1623 3317 1684 3362 ut
1738 3317 1794 3365 et
1851 3309 2075 3378 perillu-

483 3409 655 3454 strem
714 3398 888 3452 habeo
934 3400 1202 3452 animam.
1237 3398 1440 3454 Verum
1479 3415 1641 3454 suum
1691 3415 1843 3455 more
1883 3402 1975 3470 qui
2016 3415 2076 3456 se

482 3490 742 3544 occidere
795 3490 953 3559 quasi
1020 3489 1232 3555 furunt,
1282 3490 1446 3546 corde
1503 3490 1709 3545 volenti
1761 3491 1817 3545 in
1867 3491 2073 3545 ferrum

482 3591 729 3640 ruentes.
766 3582 830 3636 ad
877 3592 1109 3638 mortem
1148 3600 1273 3654 quae
1294 3587 1364 3643 oh
1379 3595 1659 3658 peccatum
1678 3582 1837 3641 nobis
1866 3584 2075 3655 impen-

482 3677 576 3730 det
614 3677 922 3746 praccipites
967 3677 1315 3732 festinamus.

483 3766 703 3837 Ecqnod
731 3769 852 3823 vita:
888 3769 1083 3822 bonum
1112 3767 1210 3823 Dei
1230 3768 1369 3824 lux?
1394 3778 1449 3823 et
1487 3785 1605 3840 seq.

562 3859 621 3913 lu
654 3860 725 3915 iis
767 3874 888 3929 qum
923 3861 1276 3930 reperiuntur
1321 3861 1375 3915 in
1429 3862 1533 3916 hac
1568 3863 1677 3917 vita
1709 3863 1837 3933 quid
1874 3861 2073 3919 testiﬁ-

482 3950 721 4005 cundum
772 3960 857 4007 est
902 3953 1154 4007 bonum?
1213 3951 1566 4008 Unanimiter
1610 3955 2070 4024 respondebitur,

484 4043 671 4098 lumen
707 4039 905 4104 :Nam,
933 4043 1133 4112 inquit,
1165 4043 1307 4097 vidit
1338 4043 1481 4099 Deus
1528 4044 1713 4098 lumen
1742 4045 1889 4114 quod
1929 4052 2075 4101 esset

483 4138 690 4193 bonum
718 4155 731 4204 ;
763 4149 816 4192 et
859 4139 993 4208 quid
1050 4139 1197 4193 aliud
1241 4140 1441 4195 melius
1486 4139 1900 4209 autjucundius
1930 4149 2075 4195 esset

485 4245 680 4284 eorum
704 4244 835 4305 (qua:
874 4240 1002 4285 sunt
1034 4231 1089 4285 in
1125 4231 1279 4285 vita?
1325 4230 1432 4285 Sed
1464 4240 1518 4285 et
1554 4247 1623 4286 ne
1652 4232 1771 4302 ipse
1802 4233 2073 4304 particeps

486 4325 593 4379 sim
639 4322 930 4403 aut-(fruar
979 4325 1175 4394 majori
1226 4332 1383 4394 parte
1432 4320 1611 4394 ipsius
1660 4340 1747 4380 me
1783 4326 1981 4380 invidae
2017 4337 2071 4382 et

484 4415 695 4470 odiose
724 4402 953 4484 'privant
1001 4417 1265 4481 tenebrae,
1318 4418 1495 4473 aciem
1541 4416 1829 4471 oculorum
1865 4418 2068 4474 obscu-

486 4517 712 4575 rantes,
770 4524 870 4563 nec
911 4510 1043 4564 mihi
1082 4510 1206 4580 plus
1244 4510 1409 4579 hujus
1459 4520 1707 4566 remanet
1762 4512 1989 4568 luminis
2023 4512 2068 4568 si

486 4602 577 4672 pie
597 4604 783 4655 vivere
822 4610 1071 4671 reputor.
1107 4601 1368 4668 Quinimo
1400 4602 1583 4671 majus
1629 4603 1811 4657 lumen
1852 4602 2070 4659 videtur

488 4692 632 4763 apud
659 4692 881 4763 impios,
915 4692 1059 4747 unde
1089 4709 1176 4749 me
1200 4694 1483 4749 oculorum
1514 4695 1634 4748 acie
1664 4694 1911 4749 hebetem
1943 4711 2067 4766 pre-

488 4793 646 4839 catur
681 4783 821 4840 idem
853 4800 979 4839 cum
1034 4785 1144 4840 illis
1189 4788 1311 4840 visu
1355 4800 1617 4856 prospere
1662 4786 1905 4856 assequi,
1944 4786 2070 4841 licet

488 4878 598 4933 alia
659 4892 725 4932 ex
782 4887 938 4948 parte
1000 4877 1319 4932 inﬁrmitate
1366 4877 1608 4933 laborem
1663 4886 1719 4933 et
1768 4892 1966 4932 onerer
2016 4887 2071 4933 et

486 4978 760 5040 aegrotans
783 4968 888 5022 sim
919 4978 976 5023 et
1011 4968 1206 5039 jacens
1245 4977 1299 5022 et
1325 4968 1571 5037 abjectus
1605 4987 1617 5023 :
1649 4984 1842 5024 verum
1873 4967 1967 5024 Dei
2002 4972 2071 5024 ti—

485 5076 608 5116 mor
637 5076 725 5116 me
754 5061 1021 5115 humilem
1046 5061 1141 5115 ditt
1170 5068 1451 5130 noctuque
1476 5060 1907 5131 cogitationibus
1935 5078 2071 5117 con-

486 5154 767 5208 turbatum
794 5161 846 5208 et
871 5163 1262 5221 consumptum
1292 5153 1445 5208 facit.

489 5244 593 5300 Ille
615 5262 695 5300 me
731 5247 983 5316 superbus
1013 5248 1260 5315 supinum
1285 5246 1495 5317 impulit
1529 5255 1692 5312 retro,
1726 5253 1782 5299 et
1802 5261 1917 5316 seq.

562 5398 654 5453 Illa
685 5400 921 5470 superba
953 5403 1062 5454 vita
1091 5409 1145 5456 et
1174 5402 1415 5469 excelsa,
1452 5402 1545 5456 illa
1572 5402 1756 5457 mollis
1791 5408 1846 5457 et
1880 5402 2075 5456 crude-

487 5493 558 5549 lis
586 5504 641 5548 et
673 5494 929 5565 languida
977 5495 1030 5548 in
1064 5495 1458 5565 voluptatibus,
1493 5494 1628 5564 pede
1662 5504 1845 5550 terens
1884 5494 1975 5548 illa
2018 5501 2074 5547 et

489 5598 519 5637 a
552 5585 918 5653 propensione
951 5584 1005 5639 in
1054 5600 1404 5656 progressum
1454 5586 1762 5654 reprimens
1792 5599 1880 5638 me
1925 5594 2074 5638 rctro

489 5674 703 5742 rejuzllit
733 5669 909 5738 :D;xi,
957 5676 1155 5746 inquit,
1190 5686 1240 5730 et
1292 5678 1518 5731 timores
1549 5686 1602 5730 et
1644 5686 1825 5731 metus
1863 5682 1918 5730 et
1957 5683 2070 5730 tre-

492 5778 674 5818 mores
715 5765 915 5829 quibus
964 5776 1015 5820 te
1059 5775 1300 5836 torquet,
1347 5766 1639 5822 Tartarum
1690 5765 2067 5830 tenebrosum,

563 5898 674 5967 (48)
713 5896 847 5954 Cod.
880 5899 1301 5971 νοσιλειόμενος.

1859 421 1900 476 Ν
1908 418 2153 478 ICETAS
2190 418 2401 476 DAVID

3657 421 3767 480 780

2185 542 2382 609 αὑτοῦ,
2417 541 2721 613 ὑπόμνησιν
2775 540 2842 594 δι’
2894 540 3089 611 ὀλίγων
3124 541 3234 595 τῶν
3269 538 3541 612 μεγίστων
3589 543 3764 599 αὑτοῦ

2182 634 2581 707 βοηθημάτων,
2618 627 2694 687 ὧν
2738 622 2878 706 ὑπὲρ
2917 634 3086 705 αὐτῆς
3131 632 3455 705 εἰργάσατο,
3501 638 3761 691 ποιεῖται.

2183 725 2406 798 Πρῶτον
2435 721 2528 780 οὖν
2560 725 2651 779 τὸν
2672 725 2999 796 παράδεισον
3018 727 3109 779 τὸν
3133 727 3191 780 ἐν
3234 725 3394 796 Ἐδὲμ
3421 724 3510 779 διὰ
3537 726 3636 798 τὴν
3663 726 3762 780 τοῦ

2181 819 2469 891 ἀνθρώπου
2515 818 2779 888 ἐφύτευσε
2824 818 3004 889 ψυχήν
3026 835 3040 850 ο
3074 817 3168 871 καὶ
3215 817 3432 889 πρῶτον
3463 817 3561 888 μὲν
3602 819 3767 881 κλέος

2181 910 2332 981 αὑτῷ
2363 909 2588 982 κατέχεε
2632 911 2726 964 καὶ
2770 909 2960 976 δόξαν,
2996 911 3117 963 κατ’
3145 910 3330 962 είκόνα
3373 908 3587 975 πλάσας
3620 909 3765 962 ίδίαν

2179 1005 2274 1060 καὶ
2302 1004 2561 1075 ὁμοίωσιν
2585 1022 2600 1036 ο
2628 1004 2819 1059 ἔπειτα
2844 1003 3068 1075 ἐντολὴν
3093 1002 3243 1074 αὑτῷ
3269 1003 3490 1061 δεδώκει
3516 1007 3597 1068 είς
3631 1001 3764 1078 βοή-

2181 1097 2350 1160 θειαν,
2371 1093 2439 1169 ἧς
2454 1097 2553 1168 τῆς
2570 1097 2866 1160 ἀθανασίας
2881 1096 3035 1160 ἐλπὶς
3058 1096 3151 1149 καὶ
3167 1095 3412 1159 θεώσεως
3428 1097 3762 1168 ὲπήγγελτοθ

2181 1189 2547 1261 παραϐάσεως
2577 1189 2634 1243 δὲ
2662 1188 2962 1260 γενομένης
2981 1228 2997 1251 ,
3045 1190 3136 1242 καὶ
3162 1191 3241 1252 είς
3270 1189 3360 1242 τὸν
3387 1182 3609 1259 ἐμπαθῆ
3634 1207 3764 1243 του-

2177 1284 2292 1337 τονὶ
2332 1283 2446 1354 βίον
2483 1281 2577 1336 καὶ
2612 1281 2983 1353 ἁμαρτητικὸν
3015 1282 3111 1336 καὶ
3143 1280 3337 1352 θνητὸν
3365 1279 3462 1334 τοῦ
3508 1282 3762 1351 παραϐε-

2178 1375 2408 1447 ϐηκότος
2456 1375 2665 1428 ἐκεῖθεν
2707 1374 3123 1443 ὁλισθήσαντος,
3172 1374 3282 1426 οὐδ’
3325 1371 3500 1436 οὑτως
3532 1373 3697 1427 αὑτὸν
3732 1374 3763 1426 6

2179 1465 2559 1536 φιλάνθρωπος
2608 1464 2911 1536 ἀϐοήθητον
2941 1463 3218 1535 παρεῖδεν,
3245 1463 3522 1535 διαφόροις
3547 1467 3605 1519 δὲ
3634 1468 3764 1535 τρό-

2178 1574 2300 1619 ποις
2325 1556 2574 1619 παιδείας
2622 1554 3077 1627 καθολικωτέροις
3107 1554 3202 1607 καὶ
3231 1556 3623 1626 μερικωτέροις
3656 1558 3762 1622 τὰς

2176 1647 2431 1710 ἀσεϐείας
2459 1647 2553 1699 καὶ
2581 1646 2808 1712 ἀθεσίας
2821 1645 2925 1699 τῶν
2944 1647 3025 1709 είς
3049 1646 3212 1700 αὑτὸν
3239 1647 3579 1701 ἀσεϐούντων
3600 1651 3657 1701 ἐν
3677 1650 3761 1702 δι-

2182 1739 2439 1811 καιοσύνῃ
2474 1739 2891 1810 μετερχόμενος,
2914 1738 3055 1793 οὕτω
3094 1732 3238 1793 κο.τά
3268 1742 3462 1813 μικρὸν
3491 1742 3629 1813 πρὸς
3656 1743 3759 1813 τὴν

2194 1834 2329 1888 ίδίαν
2357 1830 2522 1886 αὑτοῦ
2555 1831 2846 1900 ἐπίγνωσιν
2889 1831 3291 1900 ἐπαιδαγώγει·
3329 1833 3426 1886 καὶ
3464 1833 3617 1887 ὕδατι
3656 1835 3759 1905 μὲν

2175 1923 2523 1987 κατακλύσας
2553 1924 2638 1978 τὸν
2670 1923 2872 1995 κόσμον
2891 1922 3103 1994 ὀλέθρῳ
3136 1924 3488 1995 παραδέδωκε
3507 1966 3523 1989 ,
3560 1942 3761 1997 κεραυ-

2177 2014 2287 2075 νοῖς
2309 2011 2367 2064 δὲ
2394 2012 2755 2084 πρηστηρίοις
2778 2013 2879 2082 τὴν
2903 2011 3012 2066 τῶν
3038 2012 3358 2085 Σοδομηνῶν
3385 2015 3758 2088 ἐξετέφρωσεν

2174 2105 2461 2174 ἀσέλγειαν
2481 2122 2495 2135 '
2523 2105 2714 2159 ἔπειτα
2749 2105 2886 2177 μετά
2925 2105 3099 2161 ταῦτα
3124 2106 3251 2160 ἀλλο
3285 2108 3441 2178 ίαμα,
3472 2109 3593 2181 ἦτοι
3620 2109 3751 2182 βοή-

2176 2198 2328 2270 θημα
2347 2240 2361 2263 ,
2395 2201 2507 2262 τοῖς
2537 2199 2943 2270 ἁμαρτάνουσιν
2977 2202 3007 2253 ό
3039 2201 3284 2271 γραπτὺς
3308 2200 3472 2271 νόμος
3503 2202 3590 2255 διὰ
3621 2202 3751 2256 Moo-

2178 2294 2315 2357 σέως
2344 2291 2709 2365 παρεισῆλθεν
2731 2309 2744 2322 ⁶
2778 2296 2840 2346 τὸ
2879 2293 3099 2348 πάντων
3128 2293 3422 2365 κράτιστον
3440 2336 3454 2359 ,
3481 2294 3755 2367 κυριώτα-

2173 2385 2264 2438 τόν
2294 2402 2354 2438 τε
2389 2385 2483 2438 καὶ¹
2509 2382 3021 2455 φιλανθρωπότατον
3042 2425 3056 2449 ,
3091 2385 3253 2449 αὐτὸς
3282 2387 3342 2438 ἐν
3379 2385 3458 2456 τῷ
3479 2386 3586 2440 τῶν
3620 2388 3753 2458 χρό-

2174 2495 2280 2531 νων
2315 2475 2642 2548 πληρώματι
2686 2475 2796 2529 τῶν
2826 2476 3111 2548 πατρικῶν
3144 2477 3205 2530 οὑ
3245 2477 3469 2542 διαστὰς
3487 2482 3701 2535 κόλπων
3725 2481 3755 2533 6

2176 2568 2472 2639 μονογενὴς
2503 2566 2635 2630 Θεὸς
2680 2568 2851 2637 Λόγος
2896 2570 2995 2638 τὴν
3028 2568 3321 2640 θεαρχικὴν
3353 2569 3517 2639 φύσιν
3558 2573 3623 2641 τῇ
3654 2572 3755 2624 ἀν-

2175 2658 2421 2729 θρωπίνῃ
2478 2659 2873 2729 συνεκέρασεν,
2922 2660 3043 2723 ὅλος
3103 2660 3201 2733 ὅλῃ
3265 2659 3389 2714 καθ’
3456 2662 3756 2717 ὑπόστασιν

2174 2749 2498 2820 ἀπορῤήτως
2562 2749 2980 2818 συνενούμενος,
3033 2749 3177 2813 ὅπως
3235 2749 3301 2804 ἂν
3344 2751 3478 2815 Θεὸς
3534 2753 3756 2824 ἀπαθὴς

2177 2841 2389 2911 μένων,
2437 2842 2550 2904 τοῖς
2596 2841 2748 2910 ἐμοῖς
2794 2839 2852 2894 δὲ
2880 2841 3078 2895 πάθεσι
3118 2841 3197 2912 τῷ
3232 2842 3560 2915 ἀνθρωπίνῳ
3594 2844 3755 2915 μέρει

2175 2932 2397 2997 παθὼν,
2449 2934 2601 3005 ίσχύν
2642 2935 2705 2986 τέ
2741 2950 2831 3004 μοι
2862 2935 2956 2987 καὶ
2993 2933 3221 3007 δύναμιν
3258 2936 3565 3008 παράσχοι,
3609 2937 3753 3008 κάμὲ

2173 3025 2264 3079 τὸν
2293 3026 2502 3098 βροτὸν,
2522 3025 2641 3079 θεὸν
2657 3025 2959 3091 ἀποδείξειε
2976 3026 3328 3097 τελεσιουργή
3338 3042 3457 3089 σας.
3485 3026 3755 3079 Τοσοῦτον

2173 3114 2266 3172 οὖν
2295 3136 2403 3189 μοι,
2432 3119 2596 3189 φησὶν
2617 3121 2650 3189 ἡ
2672 3118 3080 3189 θεοπτικωτάτη
3107 3117 3254 3188 ψυχὴ
3288 3119 3381 3171 καὶ
3406 3117 3753 3190 θεορρήμων,

2172 3212 2282 3267 τῶν
2313 3213 2417 3267 ὑπὸ
2439 3211 2533 3265 τοῦ
2556 3212 2852 3280 φιλαγάθου
2876 3211 3308 3282 παρεσχημένων
3335 3212 3752 3282 εὑεργημάτων,

2172 3305 2323 3376 ὅμως
2342 3306 2655 3375 ἀδάμαστον
2678 3305 2757 3357 ἔτι
2785 3304 2881 3358 καί¹
2907 3305 3257 3374 ὑπερήφανον
3288 3302 3396 3373 ἔχω
3417 3302 3515 3373 τὴν
3544 3303 3720 3372 ψυχήν
3739 3320 3753 3333 ”

2175 3398 2322 3451 συῶν
2353 3398 2411 3451 δὲ
2434 3398 2634 3469 τρόπον
2677 3396 2958 3467 αὑτοφόνῳ
2994 3396 3159 3467 μανίᾳ
3186 3396 3281 3448 καὶ
3308 3395 3538 3467 καρδίας
3566 3396 3760 3449 αὐθαι-

2175 3491 2316 3562 ρέτῳ
2349 3491 2488 3562 ῥοπῇ
2533 3489 2668 3560 πρὸς
2713 3489 2805 3542 τὸν
2849 3489 3096 3558 σίδηρον,
3130 3489 3308 3542 εῖτουν
3347 3488 3438 3542 τὸν
3470 3488 3540 3541 δι’
3573 3491 3759 3558 ἀμαρ-

2172 3583 2293 3647 τίας
2320 3582 2712 3652 ἀπειλούμενον
2744 3583 2874 3653 ἡμῖν
2908 3580 3137 3635 θάνατον
3157 3623 3172 3648 ,
3207 3582 3411 3652 σπουδῇ
3445 3582 3753 3654 χωροῦμεν.

2179 3766 2335 3819 Τίπτ’
2363 3764 2589 3834 ἀγαθὸν
2611 3765 2877 3830 βιότοιο;
2909 3763 3056 3819 Θεοῦ
3080 3763 3252 3834 φάος,
3278 3781 3330 3818 κ.
3356 3781 3408 3818 τ.
3447 3763 3529 3828 ἐξ.

2245 3856 2311 3908 Τί
2346 3858 2477 3909 ποτέ
2508 3859 2623 3909 ἐστι
2668 3855 2777 3909 τῶν
2810 3857 2868 3909 ἐν
2896 3857 3031 3927 τῷδε
3069 3854 3147 3925 τῷ
3181 3855 3280 3925 βίῳ
3308 3854 3756 3927 μαρτυρούμενον

2174 3952 2368 4018 καλόν;
2406 3951 2631 4013 Πάντως
2673 3949 3128 4020 συνομολογήσεις
3156 3948 3215 4001 τὸ
3255 3948 3390 4016 φῶς.
3430 3944 3591 4001 Εἷδεν
3621 3948 3754 4017 γὰρ,

2174 4043 2339 4113 φησὶν
2362 4084 2377 4107 ,
2428 4043 2457 4093 6
2487 4040 2619 4104 Θεὸς
2664 4040 2724 4092 τὸ
2758 4039 2874 4108 φῶς
2921 4040 3001 4092 ὅτι
3035 4039 3236 4091 καλόν·
3282 4038 3402 4091 τίδ’
3433 4039 3499 4092 ἂν
3538 4038 3634 4093 καὶ
3665 4039 3756 4111 εἴη

2174 4137 2300 4191 ἄλλο
2339 4135 2604 4206 βέλτιονῆ
2646 4133 2793 4205 ἥδιον
2822 4136 2934 4196 τοῖς
2979 4134 3037 4184 ἐν
3074 4132 3152 4202 τῷ
3184 4130 3320 4202 βίῳ;
3354 4131 3490 4185 ἀλλά
3531 4133 3624 4185 καὶ
3654 4132 3758 4203 τῆς

2173 4227 2338 4281 αὑτοῦ
2375 4225 2789 4297 μεταλήψεωςῆ
2838 4223 3193 4288 ἀπολαύσεως
3248 4222 3310 4276 τὸ
3359 4224 3541 4276 πλεῖον
3588 4224 3759 4294 μέρος

2177 4321 2211 4389 ή
2247 4317 2483 4389 φθονερά
2512 4334 2578 4387 με
2605 4317 2699 4370 καὶ
2724 4315 2964 4386 στυγητὴ
2990 4316 3286 4387 ἀποστερεῖ
3306 4314 3513 4381 σκοτία,
3542 4315 3605 4367 τδ
3632 4315 3759 4380 ὀξυ-

2175 4403 2366 4475 δερκὲς
2404 4404 2503 4475 τῆς
2536 4403 2775 4472 βλέψεως
2812 4402 3153 4471 ἐξείργουσα,
3188 4402 3285 4455 καὶ
3316 4403 3466 4456 οὐδὲν
3501 4403 3625 4474 ἐμοὶ
3658 4405 3757 4457 τοῦ

2177 4495 2353 4565 φωτὸς
2378 4493 2529 4547 τοῦδε
2564 4493 2724 4547 πλέον
2754 4493 2828 4556 ὡς
2860 4494 3100 4546 εὐσεϐεῖν
3143 4491 3483 4564 νομιζομένῳ
3504 4512 3519 4525 ο
3556 4495 3757 4565 μᾶλλον

2181 4588 2278 4658 μὲν
2306 4582 2398 4640 οὖν
2427 4586 2490 4639 τὸ
2524 4586 2706 4639 πλεῖον
2739 4589 2851 4650 τοῖς
2878 4585 3167 4639 ἀσεϐοῦσιν
3201 4586 3588 4656 ἐνορᾶσθαι,ὼς
3611 4588 3759 4656 κάμὲ

2176 4679 2595 4751 ἀμϐλυώττοντα
2635 4677 2925 4746 ἐπεύχεται
2955 4677 3049 4730 τοῦ
3086 4675 3201 4730 ῖσου
3232 4677 3416 4740 αὐτοῖς
3443 4681 3545 4747 τῆς
3577 4677 3759 4748 ὅψεως

2176 4773 2581 4841 κατευστοχεῖν,
2618 4770 2822 4840 καίπερ
2876 4769 3042 4823 τᾶλλα
3092 4770 3375 4841 ἀρρωστίᾳ
3422 4788 3482 4824 τε
3529 4771 3756 4841 κάμνων

2175 4864 2269 4916 καὶ
2292 4863 2712 4934 νοσηλευόμενος
2742 4861 2877 4933 (48),
2906 4864 2998 4915 καὶ
3022 4863 3434 4933 κατακείμενος,
3460 4865 3555 4917 καὶ
3579 4863 3757 4930 ὀλιγο-

2174 4956 2361 5028 ψυχῶν
2379 4972 2391 4985 ·
2422 4955 2585 5025 φόϐος
2610 4955 2664 5008 δέ
2692 4973 2758 5024 με
2779 4954 2913 5007 Θεοῦ
2938 4957 3347 5026 κατακάμπτει,
3383 4957 3670 5027 ήμεριναίς
3689 4973 3755 5008 τε

2177 5046 2421 5118 φροντίσι
2456 5048 2547 5100 καὶ
2572 5048 2911 5110 νυκτεριναῖς
2936 5045 3325 5115 δαπανώμενον
3354 5046 3449 5099 καὶ
3492 5063 3756 5120 κατατρυ-

2175 5142 2422 5212 χύμενον.

2179 5233 2375 5302 Οὗτος
2401 5238 2433 5290 o'
2457 5236 2809 5303 ,ϐρισαύχην
2830 5251 2901 5304 με
2935 5234 3035 5288 καὶ
3058 5234 3271 5301 ὕπτιος
3292 5230 3455 5378 ὦσεῖ-
3480 5237 3719 5359 (ix/egena
3736 5277 3753 5303 ,

3443 5323 3497 5367 κ,
3521 5325 3569 5359 τ.
3632 5328 3678 5373 ς.

3443 5323 3497 5367 κ,
3521 5325 3569 5359 τ.
3602 5323 3678 5373 ες.

2243 5391 2409 5459 Οὗτος
2430 5399 2458 5450 6
2486 5395 2733 5466 ὑψαύχην
2762 5396 2873 5466 βίος
2918 5398 3012 5451 καὶ
3049 5397 3344 5469 μετέωρος,
3369 5401 3398 5451 6
3441 5397 3629 5461 ὕπτιος
3661 5400 3758 5453 καὶ

2173 5490 2472 5560 ἀνάλγητος
2512 5490 2607 5542 καὶ
2641 5490 3056 5555 ἀναπεπτωκὼς
3082 5494 3202 5554 ταῖς
3241 5491 3478 5562 ἡδοναῖς,
3519 5491 3617 5557 λὰξ
3642 5494 3760 5545 ἐπι-

2174 5580 2273 5642 ϐὰς
2306 5577 2457 5647 οὗτος
2488 5582 2580 5635 καὶ
2619 5582 2718 5653 τῆς
2745 5583 2825 5646 είς
2854 5582 2916 5635 τὸ
2946 5584 3135 5654 πρόσω
3164 5584 3335 5652 φορᾶς
3365 5583 3642 5652 ἀνακύψας
3673 5584 3758 5648 είς

2174 5673 2418 5728 τούπίσω
2461 5692 2529 5744 με
2581 5674 2871 5729 ἀπώσατοο
2911 5674 3076 5728 Εἶπον
3121 5675 3205 5738 δὲ,
3240 5676 3400 5747 φησὶ,
3438 5675 3622 5730 καὶτὰ
3646 5675 3759 5729 δεί-

2180 5783 2327 5838 ματα
2369 5767 2462 5821 καὶ
2505 5768 2631 5831 τοὺς
2684 5767 2883 5836 φόϐους
2928 5768 3021 5822 καὶ
3063 5769 3319 5839 τρόμους,
3377 5762 3459 5832 οἷς
3485 5784 3544 5821 σε
3588 5785 3757 5823 κατα-
