4108 6376
381 437 469 491 ιιι
1363 435 1432 492 IN
1473 436 1785 492 CARMINA
1823 437 2109 495 ABCANA
2146 437 2205 495 S.
2263 436 2611 494 GREGORII.

372 557 636 625 κάμπτει,
663 556 946 630 Τάρταρον
983 555 1262 628 ἠερόεντα,
1285 557 1558 610 σκοτεινὸν
1585 556 1746 628 ᾋδου
1780 557 1961 630 χῶρον

373 649 466 701 καὶ
502 649 729 719 ἀλαμπῆ
779 648 897 702 λίαν
940 649 1306 717 φαντάζεσθαι
1330 646 1758 719 παρασκευάζει,
1789 650 1959 720 Πυρι-

373 737 739 807 φλεγέθοντας
769 738 863 802 οὒς
891 739 954 808 δή
1000 755 1167 808 φασιν
1202 739 1482 808 Ἕλληνες,
1522 739 1746 808 γέενναν
1777 739 1833 792 δὲ
1865 740 1960 792 καὶ

374 828 488 901 πῦρ
537 829 799 884 ἄσϐεστον
840 829 906 883 τὰ
953 829 1220 902 θεαρχικά
1249 830 1360 901 (49)
1409 831 1566 899 λόγια
1598 832 1789 894 καλεῖ,
1833 832 1962 902 ίμά-

376 921 542 983 σθλας
578 938 638 974 τε
674 921 811 992 πρὸς
837 923 1050 985 αὐτοῖς,
1097 923 1366 994 τιμωρίας
1413 924 1556 994 φημὶ
1583 925 1677 977 καὶ
1709 924 1960 988 κολάσεις

376 1015 471 1067 καὶ
519 1013 802 1083 δαίμονας,
862 1013 1244 1083 τιμωρητικάς
1299 1011 1450 1083 οἶμαι
1499 1015 1796 1084 δυνάμεις,
1853 1015 1960 1068 τῶν

377 1106 662 1177 ἡμετέρων
703 1107 1024 1178 πράκτορας
1072 1106 1294 1176 ψυχῶν,
1321 1107 1419 1169 τὰς
1466 1108 1598 1177 ἡμῖν
1633 1107 1732 1177 μὲν
1766 1124 1957 1177 συνερ-

375 1199 578 1264 γούσας
608 1199 733 1268 άρτι
776 1198 911 1269 πρὸς
943 1200 1042 1268 τὴν
1081 1199 1356 1269 ἁμαρτίαν
1378 1237 1392 1261 ,
1424 1199 1481 1251 έν
1526 1199 1702 1269 καιρῷ
1736 1200 1792 1252 δὲ
1839 1199 1964 1270 κρί-

377 1305 514 1351 σεως
563 1289 860 1360 τιμωροῦσι
898 1290 994 1359 μὲν
1025 1289 1250 1352 ἐνδίκως
1271 1331 1286 1354 ,
1313 1289 1387 1353 ώς
1416 1291 1962 1360 ἐπακολουθήσαντας

379 1381 558 1434 αὐτῶν
596 1384 716 1444 ταῖς
761 1381 1052 1444 ὑποϐολαῖς
1074 1422 1088 1444 ,
1138 1383 1231 1434 καὶ
1277 1382 1437 1434 αὑταὶ
1464 1383 1519 1434 δὲ
1557 1383 1649 1434 ἐπὶ
1679 1383 1740 1435 τὸ
1781 1383 1964 1436 διπλά-

383 1489 498 1524 σιον
558 1473 1135 1543 συντιμωρήθήσονται
1179 1476 1294 1536 τοῖς
1335 1472 1691 1536 ὑπευθύνοις,
1741 1473 1817 1536 ὡς
1869 1475 1963 1526 καὶ

385 1563 933 1634 συμϐουλευσάμεναι
967 1566 1036 1618 τά
1064 1564 1140 1635 τῷ
1181 1564 1300 1634 Θεῷ
1332 1565 1574 1635 στυγητά
1603 1566 1696 1617 καὶ
1720 1583 1964 1635 συμπρα-

380 1655 629 1726 ξάμεναι,
659 1657 724 1708 δι’
745 1657 773 1708 ὃ
802 1659 897 1710 καὶ
937 1658 1248 1729 πράκτορες
1276 1658 1383 1710 τῶν
1405 1657 1691 1728 ἡμετέρων
1719 1658 1964 1728 εἴρηνται

378 1747 588 1817 ψυχῶν.
635 1747 820 1801 Ταῦτα
847 1748 923 1810 δὲ,
957 1751 1111 1818 φησὶ,
1149 1749 1325 1802 πάντα
1357 1749 1525 1818 μῦθος
1555 1750 1652 1818 μὲν
1673 1749 1960 1818 λεγόμενα,

379 1844 470 1894 καὶ
495 1841 745 1904 ὑπόθεσις
768 1842 1001 1909 γέλωτος
1030 1843 1354 1896 καθίσταται
1376 1844 1485 1903 τοῖς
1512 1841 1733 1893 ἀσεϐέσι
1753 1855 1768 1872 ⁸
1801 1840 1960 1910 μόνον

377 1932 434 1984 δὲ
474 1931 536 1983 τὸ
569 1930 707 1983 κατά
737 1931 796 1982 τὸ
846 1931 1020 2002 παρὸν
1065 1932 1162 2001 ἡδὺ
1192 1931 1286 1984 κα¹ι
1321 1931 1582 2000 ἐράσμιον
1609 1931 1791 1992 αὐτοῖς
1818 1948 1963 2000 νομι-

380 2025 505 2076 σθὲν
548 2025 716 2094 ἀπρὶξ
743 2025 1064 2091 ἀγαπῶντες
1096 2023 1190 2076 καὶ
1222 2022 1622 2094 περιεχόμενοι,
1659 2023 1758 2091 τῆς
1785 2025 1842 2074 ἐν
1883 2024 1962 2076 ἐλ-

378 2117 498 2169 πίσι
534 2115 767 2184 βασάνου
797 2116 903 2168 οὐδ’
930 2115 1178 2186 ἡντινοῦν
1200 2115 1476 2168 ποιοῦνται
1510 2116 1865 2185 ἐπιστροφήν.

521 2206 709 2260 Λώϊοιν
732 2203 809 2276 ἦν
829 2209 1120 2276 ἀλιτροῖς,
1154 2226 1205 2261 κ.
1246 2227 1295 2262 τ.
1329 2209 1373 2263 ὲ.

449 2299 620 2352 Τοῦτο
653 2297 805 2369 οἶμαι
852 2300 943 2352 τὸν
989 2300 1245 2370 θεοφόρον
1275 2300 1444 2370 ἄνδρα
1486 2300 1571 2353 διὰ
1599 2299 1750 2352 τοῦδε
1785 2315 1965 2368 παρα-

375 2391 569 2462 δηλοῦν
598 2393 692 2444 τοῦ
727 2393 910 2455 ἔπους,
947 2393 1023 2455 ώς
1054 2392 1259 2462 βέλτιον
1293 2388 1360 2461 ἦν
1395 2393 1501 2464 ἀρα
1537 2394 1630 2446 καὶ
1663 2392 1939 2453 λυσιτελὲς

377 2487 488 2546 τοῖς
518 2484 859 2554 ἁμαρτωλοῖς
884 2484 983 2554 μὲν
1013 2483 1335 2554 ἀτιμώρητα
1357 2479 1496 2536 εἶναι
1518 2483 1658 2536 κατά
1681 2483 1772 2536 τὸν
1795 2484 1966 2537 αίῶνα

377 2574 468 2626 τὸν
505 2575 766 2643 μέλλοντα
814 2576 909 2627 καὶ
944 2577 1138 2645 πεῖραν
1172 2575 1269 2645 τῆς
1305 2577 1420 2627 ἐκεῖ
1446 2575 1722 2638 κολάσεως
1763 2575 1836 2646 μὴ
1870 2575 1967 2628 λα-

381 2667 518 2730 δεῖν,
571 2669 731 2737 εἴπερ
770 2669 869 2738 ἐμὲ
897 2669 1036 2720 κατὰ
1065 2667 1153 2719 τδν
1209 2668 1450 2738 παρόντα
1483 2671 1604 2730 ταῖς
1636 2669 1733 2736 τῆς
1767 2669 1966 2732 κακίας

377 2759 471 2812 τοῦ
510 2759 623 2830 βίου
653 2759 992 2830 δυσχερείαις
1039 2759 1328 2830 ἀσχάλλειν
1375 2762 1470 2812 καὶ
1500 2759 1782 2812 ἀνιᾶσθαι·
1813 2759 1960 2829 ἢοῦ-

377 2869 515 2914 τως’
546 2852 812 2921 Συνέφερε
837 2854 947 2913 τοῖς
979 2851 1183 2922 ἐνόχοις
1203 2892 1216 2915 ,
1241 2852 1340 2921 τῆς
1370 2851 1643 2921 ἁμαρτίας
1663 2851 1962 2920 ἁφεθεῖσιν,

378 2942 722 3012 ἀπηλλάχθαι
751 2943 848 3012 τῆς
881 2941 1115 3010 βασάνου
1137 2983 1151 3005 ,
1184 2941 1278 2994 καὶ
1304 2941 1402 3010 ἐμὲ
1435 2940 1546 3011 (50)
1576 2943 1688 3002 τοῖς
1722 2940 1815 2993 τοῦ
1849 2941 1965 3011 βίου

378 3037 567 3096 κακοῖς
595 3033 795 3086 οὑτωσὶ
823 3030 1310 3101 ταλαιπωρεῖσθαι.

380 3128 484 3183 109
538 3125 714 3179 Ἀλλὰ
736 3125 792 3177 τί
815 3141 916 3191 μοι
945 3122 1234 3190 βροτέων,
1269 3122 1326 3174 τί
1359 3121 1427 3176 δέ
1444 3139 1544 3189 μοι
1578 3123 1766 3174 τόσον
1803 3121 1966 3191 ἄλγε’

1387 3191 1654 3263 [ἀείδεινκ
1692 3209 1744 3244 κ.
1767 3209 1819 3245 τ.
1842 3192 1891 3244 λ.

451 3286 814 3358 Παραμυθίαν
861 3288 982 3348 ταῖς
1017 3283 1182 3338 αὑτοῦ
1237 3286 1543 3354 συμφοραῖς
1582 3284 1676 3335 καὶ
1718 3285 1831 3346 τοῖς
1871 3283 1965 3336 τοῦ

383 3379 634 3450 σώματος
678 3380 896 3447 ἄλγεσιν
945 3380 973 3430 ό
1025 3377 1314 3448 ἱερώτατος
1349 3375 1578 3428 ἐπινοῶν
1619 3376 1965 3446 πρεσϐύτης,

384 3476 502 3527 Ἵνα
548 3474 599 3525 τί
632 3491 752 3542 μοι,
788 3471 922 3540 ἔφη,
970 3471 1062 3521 ἐπὶ
1101 3469 1352 3521 τοσοῦτον
1400 3468 1468 3520 τά
1505 3467 1612 3520 τῶν
1667 3468 1970 3538 ἀνθρώπων

383 3565 750 3637 ἐκτραγῳδεῖν
788 3562 1026 3632 ὀδυνηρά
1070 3562 1163 3614 καὶ
1195 3560 1294 3624 τὰς
1338 3558 1752 3628 συμπιπτούσας
1784 3560 1969 3613 ταλαι-

383 3658 595 3727 πωρίας
624 3655 944 3722 καταλέγειν
965 3671 978 3714 ;

526 3749 724 3803 Πᾶσιν
745 3749 996 3802 ἔπεστιν
1023 3745 1192 3813 ἄχος.

455 3843 595 3895 Πᾶσι
627 3839 786 3904 ζώοις
820 3841 914 3892 καὶ
967 3840 1098 3890 πᾶσι
1149 3839 1260 3899 τοῖς
1297 3833 1387 3888 τοῦ
1441 3835 1648 3906 κόσμου
1685 3834 1972 3904 στοιχείοις

382 3933 526 4002 λύπη
559 3933 673 3999 (51)
713 3932 804 3984 καὶ
852 3930 1166 3991 ἐναντίωσις
1198 3928 1564 3998 παρίσταται,
1600 3928 1660 3978 ού
1703 3926 1861 3996 μόνον
1891 3926 1968 3989 δὲ,

382 4023 518 4076 ἀλλά
567 4024 662 4074 καὶ
702 4025 814 4085 τοῖς
845 4021 1156 4090 ἀσωμάτοις
1196 4019 1412 4082 αὐτοῖς’
1467 4019 1558 4072 καὶ
1589 4020 1724 4090 αὐτῇ
1751 4019 1862 4088 (5‘2)
1901 4020 1968 4089 τῇ

384 4112 807 4182 ὑπερασωμάτῳ
838 4109 1029 4180 Τριάδι
1081 4110 1143 4160 τὸ
1187 4108 1434 4174 ἀντίξουν
1479 4109 1572 4161 καὶ
1598 4109 1971 4177 ἀντικείμενον

384 4205 750 4273 παρομαρτεῖ.
798 4201 908 4253 Καὶ
940 4200 1048 4270 γὰρ
1089 4199 1176 4251 ἵνα
1215 4199 1313 4260 τὰς
1360 4197 1467 4250 τῶν
1516 4197 1670 4260 ζώων
1720 4200 1812 4250 καὶ
1861 4197 1972 4250 τῶν

383 4292 558 4345 ἄλλων
589 4290 748 4361 παρῶ
773 4289 1069 4360 διαφθοράς
1089 4329 1103 4352 ,
1136 4288 1273 4358 αὑτὴ
1305 4290 1336 4358 ἠ
1376 4288 1448 4357 γῆ
1479 4288 1539 4340 τὸ
1577 4291 1836 4358 στοιχεῖον
1870 4289 1972 4342 οὐκ

385 4383 676 4444 ἀτίνακτος
733 4380 842 4433 οὐδ’
907 4381 1157 4443 άσειστος
1217 4379 1496 4440 παντελῶς
1546 4380 1640 4431 καὶ
1689 4380 1967 4451 ἀτρεμής·

385 4474 674 4542 πνεύματα
723 4472 781 4525 δὲ
827 4471 1109 4543 κρυφαίως
1140 4471 1308 4542 αὐτὴν
1336 4470 1801 4541 διαλαμϐάνοντα,
1843 4473 1972 4524 ὅταν

384 4571 589 4624 ἀνωθεν
619 4569 760 4641 λάϐῃ
792 4569 852 4621 τὸ
900 4569 1195 4638 ἐνδόσιμον,
1253 4568 1667 4620 ᾱνατινὰσσουσί
1699 4585 1758 4620 τε
1801 4568 1970 4637 αὐτὴν

385 4663 480 4715 καὶ
510 4663 586 4724 ὡς
628 4660 708 4730 τῷ
751 4661 1100 4732 έπιτρέποντι
1137 4660 1286 4728 φίλον
1323 4660 1750 4712 ὲντινάσσουσιν·
1789 4661 1882 4713 καὶ
1913 4662 1970 4712 αἱ

383 4748 522 4822 ὧραι
549 4753 605 4806 δὲ
642 4752 737 4806 τοῦ
771 4754 925 4813 ἔτους
955 4752 1186 4822 ταχινῶς
1215 4751 1473 4822 ἀλλήλαις
1502 4750 1882 4822 ὑποχωροῦσαί
1913 4769 1972 4803 τε

385 4848 480 4900 καὶ
517 4845 889 4908 ὑπαπιοῦσαι,
933 4847 1136 4916 τρόπον
1169 4843 1290 4897 τινά
1335 4845 1424 4896 ὑπ’
1469 4843 1711 4912 ἀλλήλων
1748 4843 1976 4913 ἀνατρέ-

386 4955 581 4991 πονται
599 4982 614 5004 ,
643 4939 911 5008 χειμῶνος
957 4938 1054 5006 μὲν
1085 4937 1190 4989 ὑπὸ
1215 4937 1410 5007 θέρους
1435 4935 1526 4987 διά
1555 4934 1648 4987 τοῦ
1695 4934 1854 5005 ἔαρος
1883 4952 1976 5004 με-

389 5030 744 5093 σολαὸοὖντος
789 5030 1077 5099 λυομένου,
1110 5029 1303 5098 θέρους
1329 5027 1385 5080 δὲ
1419 5024 1486 5080 αὖ
1516 5027 1605 5080 διὰ
1639 5027 1732 5079 τοῦ
1766 5028 1973 5096 μεταξὺ

387 5121 738 5193 φθινοπώρου
793 5121 1222 5192 ἀφανιζομένουο
1291 5120 1479 5190 ὥσπερ
1532 5137 1594 5188 γε
1629 5121 1723 5172 καὶ
1764 5122 1975 5192 ἡμέραν

391 5215 488 5284 μὲν
540 5216 855 5268 κατέπαυσε
918 5214 1049 5278 νὺξ,
1121 5213 1292 5266 νύκτα
1349 5213 1391 5266 δ’
1449 5211 1725 5264 ἀπώλεσεν
1789 5214 1817 5281 ἡ
1872 5213 1976 5275 ’έως

388 5309 686 5378 ἀνίσχουσα
703 5326 715 5338 ·
742 5308 905 5360 πάλιν
919 5324 932 5336 ·
962 5306 1181 5378 Χειμὼν
1206 5307 1302 5377 μὲν
1319 5305 1700 5376 ἐπιγενόμενος
1719 5304 1872 5372 ξοφοῖ
1886 5305 1978 5358 τὸν

388 5402 526 5472 ἀέρα
556 5400 652 5453 καὶ
695 5400 966 5465 ποτάζει,
998 5401 1148 5470 ἥλιος
1185 5400 1242 5452 δὲ
1273 5399 1492 5469 λάμψας
1527 5399 1763 5470 ἀστέρας
1802 5400 1979 5468 ἀμαυ-

392 5493 503 5561 ροῖο
549 5492 642 5544 καὶ
680 5491 816 5561 ήλίῳ
851 5491 948 5558 μὲν
994 5489 1153 5558 νέφος
1183 5489 1548 5558 ἐπιπροσθοῦν
1575 5488 1854 5540 διακόπτει
1880 5488 1978 5558 τὴν

390 5583 585 5655 αῐγλην
614 5584 748 5655 (55),
804 5584 1002 5655 σελήνη
1051 5582 1108 5634 δὲ
1156 5581 1416 5651 φθίνουσα
1470 5581 1564 5632 καὶ
1610 5581 1689 5644 εἰς
1739 5580 1976 5650 παντελῆ

465 5723 575 5793 (49)
615 5723 752 5780 Cod.
790 5724 1048 5795 θεάρχια,
1082 5739 1134 5775 v.
1165 5735 1330 5795 supra
1361 5727 1476 5772 not.
1512 5720 1603 5795 2οτ

469 5789 582 5860 (50⁷)
625 5795 746 5849 Bill.
793 5797 848 5848 in
891 5789 1293 5848 commentario
1333 5805 1430 5860 pro
1463 5791 1555 5841 καὶ
1590 5789 1688 5860 ἐμέ
1733 5804 1978 5846 scribere

397 5859 512 5918 vult
545 5865 577 5934 ἢ
626 5865 756 5935 ὲμέ,
789 5864 881 5918 scd
915 5865 1081 5918 etiam
1133 5877 1299 5934 supra
1345 5859 1562 5916 Nicetas
1605 5859 1744 5916 dixit
1781 5861 1976 5933 εἴπερ,

397 5935 544 6008 quod
578 5951 688 5990 non
717 5935 979 6006 intelligo.

3543 441 3650 497 74?.

2063 559 2361 614 obscurum
2394 557 2516 611 Orci
2552 558 2729 612 locum
2763 566 2818 612 et
2848 558 3058 629 absque
3103 560 3306 615 lumine
3346 559 3647 614 fantasma-

2063 649 2212 703 tibus
2261 649 2540 701 abundare
2587 656 2875 716 prmparat,
2923 649 3080 719 ignea
3134 648 3359 702 flumina
3412 664 3646 719 quorum

2063 740 2434 793 meminerunt
2478 738 2675 804 Gnaei,
2709 740 3013 808 gehennam
3065 747 3117 794 et
3169 740 3346 810 ignem
3383 744 3651 796 inexstin-

2061 829 2324 899 guibilem
2376 837 2575 883 vocant
2622 831 2920 899 prophetia:
2967 832 3185 897 divinae,
3239 841 3294 887 ct
3341 831 3546 903 ﬂagella
3591 835 3651 889 in

2064 923 2238 992 ipsis,
2292 937 2482 992 pinnas
2527 922 2653 976 dico
2701 931 2754 977 et
2797 925 3298 981 animadversiones
3345 935 3400 979 et
3445 928 3650 980 daemo-

2064 1033 2185 1080 nes,
2216 1018 2507 1086 punientcs
2539 1025 2672 1086 pulo
2717 1025 3041 1087 potestates,
3077 1030 3390 1073 nostrarum
3420 1035 3651 1074 exsecu-

2066 1118 2216 1165 tores
2277 1111 2608 1173 animarum,
2663 1126 2786 1180 qua:
2829 1111 3114 1165 nobiscum
3169 1121 3472 1181 cooperatae
3519 1123 3649 1167 sunt

2067 1209 2317 1256 recenter
2342 1202 2409 1254 ad
2443 1212 2752 1271 peccatum,
2787 1202 2838 1254 in
2865 1211 3109 1273 tempore
3133 1219 3264 1257 vero
3283 1205 3474 1273 judicii
3503 1205 3650 1273 juste

2067 1291 2286 1360 quidem
2323 1292 2560 1360 puniunt
2594 1307 2688 1346 eas
2712 1308 2832 1361 quae
2866 1308 2962 1362 per
2996 1293 3376 1364 instigationes
3407 1294 3648 1361 ipsarum

2067 1384 2342 1437 comitataa
2373 1391 2538 1448 sunt;
2591 1394 2645 1438 et
2693 1384 2825 1453 ipsa!
2856 1384 3243 1439 damnatormn
3282 1384 3528 1454 duplices
3562 1385 3652 1438 da-

2067 1477 2203 1529 bunt
2237 1491 2427 1545 pmnas
2459 1492 2582 1546 quae
2617 1487 2914 1529 suaserunt
2941 1477 3130 1530 odiosa
3169 1475 3280 1531 Deo
3324 1493 3539 1545 unaque
3575 1478 3652 1530 fc-

2049 1574 2283 1631 'eerunt,
2331 1568 2473 1620 unde
2508 1577 2822 1622 nostrarum
2856 1569 3160 1621 animarum
3187 1578 3541 1623 exsecutores
3567 1570 3645 1622 di-

2065 1669 2165 1712 cta:
2211 1665 2360 1713 sunt.
2413 1657 2537 1713 llaec
2579 1660 2782 1722 omnia,
2830 1659 3029 1728 inquit,
3081 1659 3264 1714 fabula
3299 1661 3560 1714 dicuntur
3597 1669 3652 1715 et

2071 1748 2187 1803 risu
2214 1749 2376 1818 digna
2403 1760 2748 1819 reponuntur
2777 1750 2847 1804 ab
2875 1751 3091 1819 impiis;
3125 1760 3333 1804 tantum
3357 1766 3485 1806 vero
3505 1755 3651 1821 quod

2068 1857 2309 1910 praesens
2337 1851 2421 1897 est
2456 1842 2617 1898 dulce
2657 1851 2710 1896 et
2741 1843 3046 1911 jucundum
3089 1843 3404 1911 judicantes
3437 1843 3653 1899 fortiter

2067 1937 2254 1984 amant
2304 1942 2358 1984 et
2405 1932 2620 1993 ardent,
2675 1933 2805 1986 dum
2853 1934 3112 1987 tormenti
3166 1949 3196 1986 a
3237 1949 3332 2002 spe
3375 1934 3649 2003 designati

2067 2023 2271 2076 nullam
2309 2038 2498 2078 curam
2547 2023 2768 2079 habent.
2813 2044 2829 2075 ι
2864 2024 3058 2080 Melius
3095 2034 3211 2079 erat
3240 2027 3511 2091 sontibus,
3543 2047 3561 2081 ι
3597 2037 3652 2088 et

2071 2131 2188 2183 seq.
2227 2113 2279 2167 ld
2323 2116 2498 2168 virum
2529 2116 2774 2169 divinum
2814 2115 3226 2172 demonstrasse
3252 2134 3349 2186 per
3377 2120 3490 2173 lucc
3530 2133 3655 2175 car-

2068 2206 2213 2259 mina
2248 2215 2376 2274 puto
2409 2224 2421 2259 :
2454 2205 2647 2259 Melius
2681 2215 2797 2259 erat
2823 2215 2875 2260 et
2913 2208 3088 2277 magis
3117 2208 3434 2276 expediebat
3461 2225 3654 2277 perc..-

2067 2299 2280 2352 toribus
2303 2299 2572 2368 impunita
2603 2314 2725 2352 esse
2757 2299 2810 2351 in
2839 2299 2949 2352 vita
2981 2298 3161 2352 futura
3196 2301 3334 2352 mala
3369 2317 3466 2353 nec
3494 2300 3655 2370 quid-

2071 2405 2238 2460 quam
2269 2390 2336 2444 de
2369 2390 2660 2444 tormentis
2689 2390 2842 2444 hisee
2869 2391 3127 2460 experiri,
3164 2391 3290 2445 licet
3321 2393 3371 2445 in
3401 2395 3658 2462 pra-senti

2069 2484 2272 2538 szeculo
2312 2483 2577 2537 :erumnis
2614 2483 2959 2535 miseriarum
3007 2483 3132 2535 vita:
3167 2498 3336 2552 angar
3366 2492 3418 2536 et
3450 2485 3659 2554 afﬂigar

2067 2590 2190 2643 ego.
2227 2574 2334 2626 Aut
2367 2574 2447 2628 sic.
2475 2593 2486 2627 :
2517 2573 2746 2642 Expedit
2780 2573 3030 2627 sontibus
3057 2574 3150 2642 qui
3185 2589 3212 2625 a
3249 2583 3470 2644 peccato
3493 2577 3660 2630 soluti

2069 2675 2220 2725 sunt,
2254 2681 2281 2717 a
2316 2667 2609 2718 tormentis
2646 2666 2919 2719 innnunes
2946 2665 3204 2728 transire,
3231 2682 3316 2721 me
3342 2668 3422 2722 sic
3455 2667 3508 2720 in
3544 2681 3658 2722 nta-

2069 2759 2136 2813 lis
2167 2759 2289 2812 vitze
2325 2758 2538 2812 relicto.

2071 3124 2173 3180 109
2216 3122 2318 3178 Sed
2358 3123 2484 3193 quid
2520 3121 2668 3183 mihi,
2698 3119 2835 3193 quid
2871 3129 3144 3188 tantopere
3175 3135 3382 3172 necesse
3413 3129 3489 3172 est
3519 3136 3662 3172 mur-

2695 3191 2915 3263 [talium
2941 3207 3210 3244 rerunmas
3233 3193 3456 3243 canere."
3484 3199 3588 3242 etc.

2145 3285 2566 3340 Consolationcs
2623 3283 2768 3336 inter
2807 3283 3034 3336 adversa
3084 3291 3246 3351 atque
3286 3282 3504 3334 dolores
3548 3299 3663 3334 eor-

2073 3377 2226 3447 poris
2260 3377 2530 3430 meditans
2564 3375 2949 3430 sanctissimus
2972 3374 3234 3428 sacerdos
3261 3390 3275 3426 :
3305 3372 3437 3436 Cur,
3466 3373 3661 3443 inquit,

2073 3471 2212 3524 adeo
2249 3467 2551 3538 grandibus
2594 3468 2768 3522 tristia
2817 3466 3101 3518 hominum
3143 3465 3440 3520 condolere
3481 3469 3663 3520 verbis

2071 3572 2126 3617 et
2154 3561 2410 3616 miserias
2435 3561 2805 3629 opprimentes
2837 3559 3126 3628 repetere?
3159 3577 3177 3608 (
3209 3556 3479 3612 Omnibus
3511 3559 3666 3612 adest

2072 3655 2319 3709 aﬂlictio:
2351 3653 2636 3705 »οηιιιίιηιε
2668 3652 3042 3705 animantibus
3071 3657 3125 3704 et
3156 3650 3416 3704 omnibus
3454 3665 3574 3719 quae
3609 3651 3664 3703 in

2072 3746 2279 3800 mundo
2317 3744 2673 3798 continentur
2707 3742 2931 3796 alllictio
2974 3750 3028 3795 et
3070 3741 3352 3810 apposilio
3385 3744 3657 3804 occurrit,

2073 3845 2128 3890 et
2215 3851 2322 3888 non
2372 3835 2544 3890 solum
2588 3833 2703 3897 his,
2750 3834 2845 3887 sed
2888 3841 2943 3885 et
2975 3838 3109 3890 item
3145 3832 3489 3900 incorporeis
3523 3833 3666 3885 ensi-

2073 3928 2198 3981 bus.
2235 3927 2292 3979 In
2333 3926 2506 3995 ipsam
2551 3925 2713 3979 etiam
2753 3923 3075 3992 incorporea
3117 3937 3349 3990 quzeqne
3399 3939 3666 3991 superan-

2074 4029 2181 4072 tem
2220 4017 2546 4071 Trinitatem
2586 4015 2824 4085 insurgit
2869 4014 3148 4068 contrarie
3174 4014 3464 4068 incurrens
3499 4023 3549 4067 et
3580 4013 3666 4083 ja-

2073 4127 2206 4164 cens
2257 4129 2271 4163 :
2322 4109 2368 4164 si
2429 4109 2574 4162 enim
2632 4106 2994 4160 animantium
3048 4106 3396 4174 aliorumque
3438 4115 3664 4174 praue:-

2074 4204 2278 4258 misero
2341 4200 2776 4268 corruptiones,
2870 4208 3011 4251 terra
3078 4198 3191 4266 ipsa
3261 4198 3314 4251 in
3381 4198 3666 4250 elementis

2075 4295 2191 4349 suis
2242 4307 2342 4346 nec
2389 4293 2718 4344 inconcussa
2790 4303 2892 4342 nec
2943 4290 3152 4358 absque
3213 4288 3319 4341 ulla
3371 4288 3668 4358 agitatione

2075 4395 2127 4440 et
2209 4386 2392 4455 quiete
2467 4391 2651 4436 manet
2695 4399 2709 4436 :
2752 4382 2980 4451 spiritus
3054 4382 3226 4449 ipsam
3305 4382 3450 4433 clam
3514 4382 3668 4434 invu-

2074 4479 2233 4542 dunt,
2268 4475 2488 4546 quando
2526 4490 2589 4528 ex
2627 4474 2736 4526 alto
2775 4474 2916 4526 dona
2954 4473 3198 4542 suscepit
3238 4472 3412 4541 ipsam
3457 4474 3669 4542 agitant

2075 4577 2163 4630 et,
2219 4567 2376 4636 quasi
2427 4565 2479 4618 id
2533 4563 2870 4634 permitleuli
2920 4563 3167 4631 placeat,
3220 4564 3553 4634 peragitant.
3605 4564 3669 4616 Iit

2080 4661 2340 4715 velociter
2395 4674 2454 4713 se
2504 4657 2738 4710 invicem
2794 4656 3163 4725 propellentes
3224 4664 3276 4709 et
3334 4671 3672 4724 pmSequen-

2081 4763 2164 4807 tes
2220 4753 2370 4806 horae
2436 4749 2565 4802 anni
2617 4747 2852 4817 quodam
2900 4747 3063 4800 modo
3123 4749 3266 4801 inter
3328 4764 3386 4801 se
3437 4749 3667 4800 invicem

2082 4847 2501 4905 subvertantur,
2547 4842 2776 4910 expulso
2817 4840 2883 4893 ab
2921 4848 3111 4894 aestate
3167 4839 3346 4892 hieme
3395 4838 3670 4892 mediante

2083 4953 2245 4998 vere,
2288 4942 2475 4989 testate
2515 4948 2734 4986 rursum
2783 4946 2879 4998 per
2915 4930 3154 4983 medium
3207 4938 3532 4982 autumnum
3575 4928 3672 4983 de-

2085 5031 2348 5094 cedente;
2401 5027 2655 5082 similiter
2710 5033 2763 5079 et
2820 5025 2964 5078 diem
3051 5037 3272 5078 cessare
3337 5022 3466 5076 fecit
3518 5037 3670 5090 nox;

2083 5131 2301 5177 noctem
2345 5119 2618 5174 destruxit
2648 5132 2846 5170 aurora
2881 5131 3112 5185 surgens
3139 5132 3152 5181 ;
3211 5129 3427 5167 rursum
3455 5112 3674 5170 :lliems

2085 5213 2484 5284 superveniens
2519 5211 2783 5289 obsequ-at
2822 5223 2947 5261 aera
2992 5216 3045 5260 et
3075 5206 3354 5266 tenebrat.
3391 5206 3471 5259 sol
3512 5207 3674 5259 reful-

2085 5321 2219 5376 gens
2268 5312 2419 5358 astra
2479 5302 2776 5371 pallescere
2834 5300 2964 5353 facit
3011 5307 3064 5353 et
3127 5299 3226 5352 soli
3276 5298 3672 5368 superveniens

2087 5397 2262 5452 nubes
2307 5394 2656 5464 splendorem
2709 5393 2829 5461 ejus
2883 5392 3116 5460 frangit;
3166 5391 3295 5444 luna
3343 5391 3672 5444 decrescens

2086 5491 2142 5537 et
2173 5482 2240 5536 ad
2278 5483 2502 5552 plenum
2528 5481 2746 5535 senium
2777 5480 3054 5533 inclinans
3087 5494 3282 5534 rursus
3326 5479 3439 5533 vita
3470 5478 3673 5532 creScit

2088 5593 2188 5632 sua
2218 5584 2272 5630 et
2306 5575 2450 5631 sicut
2483 5589 2675 5629 recens
2707 5583 2838 5628 nata
2885 5576 3289 5645 contemplatur
3336 5574 3569 5640 lucens;
3615 5577 3673 5626 et

2159 5715 2270 5788 (δι)
2310 5716 2444 5770 Cod.
2475 5715 2688 5768 λλύπει.

2159 5789 2271 5855 (5-2)
2314 5788 2450 5841 Cod.
2489 5788 2646 5857 αύτή.

2162 5860 2272 5930 (55)
2311 5859 2446 5916 Cod.
2480 5859 2668 5930 αίγήν.
