4108 6376
532 401 640 459 763

536 520 718 590 ipsum
749 514 916 571 astris
947 511 1258 569 scintillans
1304 511 1502 565 cmlum
1557 524 1666 563 non
1714 516 1891 561 totum
1945 519 2122 575 qnano

536 619 654 665 tum
688 618 772 663 est
804 620 1045 676 unquam
1076 601 1442 671 contemplari
1503 607 1610 661 est,
1670 611 1888 665 semper
1937 595 2119 650 media

539 712 691 772 parte
717 708 934 753 tantum
967 696 1187 752 visibile
1216 701 1324 757 est,
1356 701 1411 748 et
1444 690 1832 761 hemisphaerio
1865 689 2116 771 occulta-

536 800 663 853 tur;
696 798 752 843 et
785 787 1027 843 visibilia
1054 785 1247 839 mundi
1282 784 1552 838 elementa
1577 781 1769 835 eodem
1806 779 1969 834 modo
1998 794 2118 831 mu-

537 888 725 934 tantur
749 897 764 942 ;
787 887 842 934 et
871 890 952 940 tu,
987 877 1187 947 inquit,
1214 876 1514 930 fascinator
1539 873 1709 927 draco
1735 871 1875 942 ipse,
1905 871 2126 925 invidia:

537 980 695 1043 pater
716 981 771 1027 et
792 971 1006 1043 peccati
1030 969 1187 1025 radix
1214 983 1279 1023 ac
1309 968 1451 1031 fons,
1483 974 1537 1022 et
1559 973 1637 1033 tn,
1656 981 1689 1018 ο
1714 965 1916 1018 Satana
1949 962 2126 1016 homi—

541 1063 685 1127 cida,
710 1064 856 1118 inter
884 1062 1167 1133 angelicas
1196 1060 1403 1115 choros
1448 1058 1595 1113 sicut
1623 1057 1768 1111 inter
1814 1064 1960 1109 astra
1998 1053 2127 1107 luci-

544 1153 627 1211 fer
648 1157 854 1211 lumine
878 1161 1154 1225 priestans
1189 1166 1486 1223 apparens,
1516 1148 1714 1204 deinde
1736 1161 1833 1217 per
1854 1157 2123 1200 tumorem

543 1248 602 1304 in
632 1250 891 1304 tenebras
925 1261 1117 1301 versus
1146 1260 1229 1307 es,
1281 1242 1589 1298 caalestium
1627 1249 1887 1309 tanquam
1929 1248 2130 1306 oppro-

540 1341 749 1405 brium,
779 1350 1042 1412 tanquam
1072 1335 1410 1392 abominatio
1432 1332 1807 1412 habitantium
1852 1329 2078 1385 evasisti
2107 1345 2123 1396 ;

540 1433 674 1489 hinc
695 1445 828 1502 ergo
856 1408 970 1489 sint
1004 1431 1107 1484 ista
1138 1428 1205 1483 de
1238 1408 1453 1483 natura.
1470 1434 1697 1482 creata:
1730 1423 1861 1479 inde
1877 1422 2010 1493 quid
2043 1423 2125 1476 in-

540 1533 729 1581 creata
772 1523 1128 1593 ingenitaque
1178 1519 1446 1582 Trinitas,
1479 1516 1785 1573 secundum
1824 1515 2123 1570 essentiam

544 1630 701 1672 suam
727 1612 1192 1672 incommutabilis
1222 1620 1277 1668 et
1318 1612 1582 1675 immota;
1621 1608 1870 1678 nunquid
1908 1607 2025 1678 ipsa
2072 1616 2127 1661 et

544 1705 770 1760 omnino
801 1719 1018 1758 omnem
1049 1701 1328 1773 praeclusit
1362 1698 1806 1772 oppositionem?
1853 1695 1960 1752 Sed
2000 1712 2128 1769 pro-

545 1797 679 1868 pitia
708 1796 863 1859 mihi,
894 1795 1127 1870 propitia
1158 1795 1258 1858 sis.
1292 1776 1541 1848 Trinitas
1566 1799 1756 1847 sancta
1784 1798 1880 1844 aut
1905 1805 2126 1846 summe

547 1898 762 1952 sancta,
811 1887 991 1958 inquit
1043 1896 1171 1941 tuus
1214 1884 1603 1942 sanctissimus
1663 1883 1898 1951 piusque
1940 1882 2127 1936 divina

546 1982 817 2042 clamans,
849 1994 972 2048 qua:
1002 1993 1102 2033 nec
1125 1979 1239 2048 ipsa
1272 1977 1490 2047 penitus
1520 1974 1904 2045 insipientium
1945 1972 2127 2027 homi-

546 2062 677 2127 nnin
712 2070 935 2127 evasisti
965 2070 1353 2140 loquacitatem
1399 2085 1412 2122 :
1446 2066 1642 2121 dicunt
1685 2066 1832 2120 enim
1864 2066 2007 2120 male
2039 2073 2127 2117 tu-

547 2171 760 2219 mentes
799 2162 1075 2218 temerarii
1109 2161 1331 2231 quidam
1372 2159 1476 2214 :ln
1517 2158 1792 2228 principio
1848 2166 1969 2212 erat
2015 2155 2125 2209 Pa-

544 2262 652 2320 ter,
684 2254 883 2310 deinde
927 2268 1185 2324 magnum
1237 2252 1427 2323 genuit
1455 2248 1675 2315 Filium,
1707 2249 1905 2305 deinde
1945 2248 2130 2319 magni

547 2346 641 2402 Dei
677 2347 964 2418 Spiritum,
995 2347 1156 2416 quasi
1192 2347 1246 2400 in
1298 2344 1567 2417 graduum
1625 2342 2017 2412 inaequalitate,
2044 2356 2131 2395 se-

546 2439 792 2493 cundum
827 2437 1155 2492 substantiae
1192 2436 1574 2490 mutationem.
1611 2434 1701 2490 Sic
1741 2433 2031 2490 diversiter
2060 2433 2132 2488 ab

551 2528 818 2582 lnereticis
863 2528 1294 2597 blasphematur.
1348 2547 1367 2578 ‹
1410 2528 1531 2594 Quo
1581 2527 1827 2581 stabilies
1895 2540 1981 2580 me
2027 2540 2129 2579 au-

549 2615 752 2680 ferens,
797 2635 816 2669 ι
851 2625 906 2672 et
935 2631 1052 2686 seq.
1082 2614 1127 2671 0
1154 2617 1393 2687 pessima
1424 2618 1658 2687 loquens
1690 2617 2036 2686 lingua,qua3
2064 2612 2133 2669 ad

550 2708 705 2763 nefas
734 2716 786 2768 et
814 2708 1209 2779 blasphemiam
1238 2710 1351 2763 otio
1381 2710 1579 2774 uteris,
1613 2723 1722 2779 quo
1760 2724 1848 2763 me
1872 2708 2133 2763 auferens

550 2793 722 2855 st:.b?s
750 2813 785 2853 a
813 2801 953 2854 male
983 2799 1190 2855 dictis?
1216 2801 1307 2856 ubi
1342 2801 1656 2856 sollicitudo
1686 2809 1743 2857 et
1787 2801 2013 2871 grandis
2041 2814 2135 2856 co-

550 2892 877 2962 gitationum
915 2891 1084 2945 stabit
1116 2892 1489 2961 perplexitas;
1528 2892 1663 2953 siste
1688 2901 1744 2947 et
1779 2892 2133 2948 irrationales

551 2995 844 3050 compesce
871 2981 1130 3049 impetus,
1166 2982 1249 3034 ori
1283 2988 1378 3035 tuo
1410 2997 1553 3051 pone
1581 2981 1893 3038 custodiam
1926 2992 1981 3038 et
2010 2982 2135 3038 vide

552 3079 821 3141 quantum
852 3072 1107 3127 essentiae
1137 3087 1251 3152 suae
1275 3071 1540 3128 ﬁrmitate
1580 3090 1747 3145 super
1790 3076 1973 3129 omnia
2004 3091 2135 3146 prte-

552 3169 662 3217 stet
715 3160 896 3229 Dens;
942 3170 999 3218 et
1063 3177 1250 3217 coram
1308 3164 1481 3233 ipsius
1540 3166 1827 3235 majestate
1871 3168 2134 3223 inferiora

552 3262 750 3309 cuncta
785 3269 1040 3324 reponas,
1079 3254 1358 3326 indignam
1387 3257 1556 3311 verbo
1579 3258 1829 3313 veritatis
1886 3267 1938 3315 te
1966 3273 2136 3328 agno-

554 3363 752 3414 scens;
795 3357 849 3401 et
875 3363 1013 3403 cave
1038 3363 1107 3402 ne
1148 3349 1263 3403 ullo
1286 3348 1448 3404 modo
1493 3351 1765 3406 creaturis
1815 3349 2133 3407 Creatorem

553 3439 850 3503 assimiles,
888 3455 1023 3495 neve
1063 3440 1369 3511 suspicaris
1392 3457 1533 3498 vane
1559 3453 1807 3498 creatum
1856 3459 1981 3500 esse
2028 3444 2133 3499 ho-

553 3533 755 3587 minem
795 3549 808 3585 :
867 3531 1069 3587 etenim
1101 3532 1434 3601 palinodiam
1465 3544 1699 3590 cantans
1720 3544 1774 3590 et
1805 3536 1990 3605 priora
2013 3550 2134 3590 car-

551 3624 724 3684 mina,
750 3623 836 3677 his
862 3624 917 3677 in
946 3624 1297 3681 sermonibus
1317 3624 1551 3682 ﬁrmiter
1586 3637 1770 3697 persto
1792 3628 2134 3684 contendens

551 3730 641 3769 me
670 3713 897 3769 minime
922 3730 953 3768 a
1003 3714 1112 3769 Deo
1149 3714 1204 3769 in
1243 3732 1445 3770 vanum
1495 3718 1848 3787 plasmatum.
1895 3717 2133 3774 Verbum

551 3805 697 3859 enim
720 3815 775 3861 et
803 3806 1154 3861 ratiocinium
1184 3807 1655 3876 pusillanimitatis
1684 3817 1738 3863 et
1767 3809 1994 3864 vilitatis
2028 3813 2132 3865 hu-

550 3907 730 3949 manae
766 3902 872 3950 cst.
927 3893 1177 3964 Namque
1221 3910 1373 3950 nunc
1415 3896 1664 3967 quidem,
1716 3897 1915 3968 inquit,
1977 3898 2135 3968 igno-

550 3988 746 4042 rantia:
800 3989 1111 4044 obscuritas
1183 3998 1240 4045 et
1293 3987 1734 4044 sollicitudinum
1787 3990 1913 4047 vitae
1961 3993 2134 4048 nubes

550 4078 749 4132 diffusa
797 4093 904 4132 non
956 4078 1089 4133 sinit
1143 4080 1424 4134 veritatem
1472 4088 1528 4136 et
1569 4081 1965 4136 vicissitudinis
2005 4096 2130 4135 mu-

551 4165 885 4234 tationisqne
931 4183 1157 4222 causam
1192 4170 1369 4225 lucide
1417 4171 1757 4226 considerari
1796 4189 1812 4228 :
1856 4181 1981 4242 post
2012 4172 2130 4228 haec

551 4272 683 4311 vero
711 4258 951 4313 scientiae
980 4275 1162 4315 sermo
1188 4261 1333 4316 sicut
1367 4262 1458 4317 lux
1488 4263 1777 4318 veritatem
1807 4262 2130 4319 desideran-

550 4350 699 4405 tibus
742 4352 1023 4422 exsurgit,
1056 4353 1215 4423 cnjus
1253 4355 1494 4415 lumine.
1528 4355 1740 4425 inquit,
1781 4356 1928 4411 clare
1969 4356 2129 4411 intel-

548 4440 689 4513 liges
754 4458 920 4514 quam
998 4445 1224 4512 pulchre
1287 4454 1341 4501 et
1409 4446 1686 4516 sapienter
1756 4447 2130 4518 gubernantur

553 4532 814 4587 universa
854 4532 923 4585 ab
976 4536 1221 4585 omnium
1272 4532 1643 4602 gubernatore
1686 4543 1742 4590 et
1787 4537 2127 4604 providente.

548 4619 662 4674 Aut
687 4620 834 4674 sicut
871 4622 1047 4677 lucem
1074 4623 1265 4679 videns
1309 4623 1500 4690 Deum,
1534 4625 1589 4679 in
1635 4625 1756 4696 ipso
1782 4628 1948 4683 etiam
1998 4630 2128 4685 illu-

551 4719 697 4767 stres
763 4711 972 4769 habens
1054 4728 1239 4769 rerum
1302 4714 1579 4779 notiones,
1649 4727 1744 4771 aut
1809 4718 1954 4773 sicut
2006 4721 2131 4791 igne

551 4804 659 4859 isto
700 4814 1077 4877 consumptus.
1111 4814 1166 4861 et
1215 4815 1419 4871 tactus,
1470 4810 1612 4864 scies
1657 4811 1847 4865 omnia
1884 4813 1953 4868 ab
2007 4814 2130 4883 ipso

550 4896 671 4952 fieri
696 4905 750 4953 et
773 4898 927 4968 jnsta
957 4910 1011 4955 et
1058 4915 1188 4955 vera
1234 4910 1290 4957 et
1340 4902 1497 4957 utilia
1546 4910 1602 4957 et
1649 4903 1852 4960 ﬁdelia.
1925 4925 1945 4959 ι
1987 4907 2128 4964 Dum

548 4992 683 5047 mihi
713 4993 828 5049 haec
854 4996 1180 5052 concinebat
1204 4999 1437 5070 spiritus
1472 5015 1652 5068 meus,
1685 5019 1705 5053 ι
1738 5009 1793 5057 et
1817 5017 1936 5073 seq.
1983 5001 2125 5058 Dum

549 5090 681 5145 talia
708 5093 999 5148 ratiocinia
1025 5095 1079 5148 in
1128 5097 1447 5166 supradicto
1492 5098 1617 5152 luco
1664 5098 1773 5153 isto
1824 5101 2127 5156 concinens

549 5186 778 5255 spiritus
807 5204 961 5245 meus
995 5206 1079 5246 me
1103 5200 1443 5261 prostratum
1474 5202 1528 5248 et
1548 5193 1809 5250 afﬂictum
1839 5196 2124 5265 mulceret,

548 5290 605 5335 et
632 5297 835 5354 corpus
879 5285 1129 5340 sedatum
1177 5287 1450 5351 reficeret,
1499 5304 1624 5361 ego,
1688 5291 1886 5360 inquit,
1944 5295 2129 5349 serius

548 5387 674 5448 post
701 5379 891 5434 horam
922 5381 992 5436 ab
1025 5382 1184 5437 horto
1211 5399 1444 5454 surgens
1485 5386 1543 5440 in
1573 5387 1800 5441 domum
1834 5388 2081 5445 redibam
2117 5410 2129 5445 :

547 5483 605 5532 et
636 5469 910 5533 interdum
945 5478 1127 5535 ridere
1166 5498 1253 5538 me
1284 5484 1655 5555 contingebat,
1705 5488 1754 5543 si
1803 5488 1930 5559 quis
1981 5489 2139 5545 aliter

549 5587 714 5641 quam
762 5591 928 5646 supra
978 5576 1090 5633 dixi
1130 5580 1373 5636 sentiat:
1416 5582 1617 5637 etenim
1675 5584 1831 5640 aliter
1886 5586 2135 5642 sentiens

549 5669 731 5738 quivis
780 5674 954 5728 unicae
1014 5686 1068 5729 et
1131 5676 1322 5745 prima:
1366 5692 1476 5732 non
1531 5679 1783 5750 sequitur
1838 5683 2128 5739 ratiocinia

548 5766 819 5830 veritatis,
853 5784 954 5824 nec
986 5771 1040 5825 in
1087 5772 1223 5841 ipsis
1267 5774 1622 5830 stabilitatem
1666 5783 1723 5831 et
1772 5779 2124 5835 securitatem

550 5857 733 5913 habet.
761 5858 919 5922 Nunc
952 5862 1117 5930 igitur
1145 5864 1335 5920 talium
1384 5868 1777 5925 rommiserans
1814 5870 2120 5927 caecitatem

1893 382 2190 442 NICETAS
2229 384 2316 440 DA
2326 385 2439 443 VII)

3699 366 3797 423 7M

2230 486 2410 576 φθίσιν
2470 504 2653 565 ἰοῦσα.
2707 501 2879 572 ἀναζῇ
2926 498 3087 554 πάλιν
3148 493 3244 549 καὶ
3291 491 3367 554 ὡς
3419 484 3794 561 ἀρτιγέννητος

2231 596 2486 668 βλέπεται
2533 592 2878 664 φωτιζομένη
2897 607 2911 620 ·
2963 587 3127 650 αὐτὸς
3154 585 3212 638 δὲ
3238 586 3265 637 ό
3314 577 3687 651 ἀστεροφανὴς
3711 578 3795 668 ob.

2232 666 2390 756 ρανὸς
2422 685 2521 755 οὐχ
2551 683 2670 746 ὅλος
2700 683 2824 743 ὅσος
2867 678 2986 733 ἐστι
3024 675 3244 730 πώποτε
3287 671 3594 734 κατῶπται,
3622 668 3710 723 ἀεὶ
3743 666 3796 721 δὲ

2227 777 2503 850 ἡμιφανὴς
2523 777 2716 848 ὁρᾶται
2737 775 2833 828 καὶ
2851 771 2927 842 τῷ
2954 767 3296 842 ἡμισφαιρίῳ
3321 763 3792 834 κατακέκρυπται·

2226 873 2321 925 καὶ
2347 870 2415 925 τὰ
2443 869 2541 941 μὲν
2567 866 2821 939 ὁρώμενα
2851 864 2945 918 τοῦ
2995 863 3201 932 κόσμου
3232 860 3470 941 στοιχεῖα
3515 854 3661 909 τόνδε
3713 851 3798 941 τὸν

2224 963 2425 1034 τρόπον
2462 959 2892 1033 μετατρέπεται,
2934 956 3029 1010 καὶ
3071 956 3135 1008 σὺ
3168 953 3225 1007 δὲ
3247 994 3263 1019 ,
3298 952 3464 1023 φησὶν
3487 991 3502 1015 ,
3536 947 3721 1010 αὐτὸς,
3757 939 3799 997 ὦ

2228 1055 2467 1126 βάσκανε
2494 1053 2711 1124 δράκον,
2741 1044 2786 1104 ὦ
2820 1050 2995 1121 πάτερ
3024 1047 3218 1118 φθόνου
3256 1045 3351 1098 καὶ
3380 1040 3650 1113 ἁμαρτίας
3681 1037 3799 1110 ῥίζα

2227 1149 2322 1202 καὶ
2358 1146 2540 1217 πηγὴ,
2570 1145 2664 1198 καὶ
2694 1145 2759 1198 σὺ
2782 1184 2797 1208 ,
2829 1136 2875 1197 ὦ
2909 1142 3085 1195 Σατᾶν
3129 1135 3540 1210 ἀνθρωποκτόνε
3560 1175 3576 1199 ,
3609 1136 3668 1187 ὲν
3695 1134 3801 1192 τοῖς

2226 1239 2536 1308 ἀγγελικοῖς
2577 1238 2755 1309 χοροῖς
2805 1233 2994 1305 ὥσπερ
3024 1234 3082 1285 ὲν
3109 1229 3369 1299 ἀστιάσιν
3394 1225 3672 1296 ἑωσφόρος
3701 1223 3802 1277 δειο

2228 1332 2493 1402 κνῦμενος
2519 1330 2921 1400 λαμπρότατος,
2960 1321 3080 1378 εἶτα
3113 1321 3302 1384 σκότος
3336 1319 3425 1374 διὰ
3450 1319 3550 1391 τὴν
3573 1316 3801 1387 ἔπαρσιν

2229 1425 2550 1494 γενόμενος,
2597 1420 2704 1473 τῶν
2747 1417 3033 1491 οὐρανίων,
3066 1414 3141 1477 ὡς
3171 1407 3381 1484 αἶσχος,
3418 1411 3494 1474 ὡς
3529 1409 3804 1481 βδέλυγμα

2227 1514 2594 1586 ὲξωλίσθησας
2633 1508 2982 1583 οἰκητηρίων.
3015 1508 3126 1562 Καὶ
3156 1504 3227 1559 τά
3255 1505 3355 1576 μὲν
3387 1505 3515 1575 περὶ
3545 1501 3647 1572 τῆς
3689 1519 3803 1555 κτι-

2230 1610 2359 1678 στῆς
2391 1606 2602 1673 φύσεως
2623 1605 2795 1675 ἐχέτω
2813 1601 2988 1674 ταύτῃ
3006 1616 3020 1631 ·
3045 1599 3099 1652 τί
3118 1599 3175 1651 δὲ
3205 1598 3238 1668 ἡ
3268 1597 3522 1658 ἄκτιστος
3560 1595 3658 1648 καὶ
3687 1593 3806 1661 ἀγέ-

2226 1717 2385 1766 νητος
2407 1699 2574 1769 Τριάς
2592 1697 2683 1749 καὶ
2704 1694 2844 1748 κατά
2868 1710 2933 1762 γε
2956 1692 3055 1760 τὴν
3074 1691 3245 1759 αὐτῆς
3269 1687 3430 1757 φύσιν
3454 1684 3805 1747 ἀναλλοίωτος

2231 1791 2324 1845 καὶ
2360 1791 2626 1862 ἄτρεπτος
2645 1827 2660 1850 ,
2693 1782 2803 1857 ἆρά
2831 1800 2896 1853 γε
2944 1782 3258 1836 παντάπασι
3299 1778 3402 1833 κᾶν
3448 1777 3587 1849 αὔτη
3628 1777 3807 1830 πᾶσαν

2227 1882 2540 1951 διεξέφυγεν
2566 1878 2908 1946 ἀντιλογίαν;
2950 1875 3091 1929 Ἀλλ’
3114 1874 3269 1937 ἵλεώς
3299 1891 3411 1944 μοι,
3434 1871 3589 1934 ἵλεως
3609 1870 3812 1938 γένοιο,

2229 1973 2399 2044 Τριάς
2417 1972 2546 2040 ἀγία
2566 1970 2599 2041 ἢ
2616 1970 2907 2039 ὑπεραγία,
2925 1969 2954 2021 6
2980 1964 3280 2035 ἀγιώτατός
3308 1980 3400 2015 σου
3417 1959 3645 2014 εὐλαϐοῦ
3654 1975 3808 2029 μενος

2229 2064 2622 2134 ἐπιφθέγγεται
2642 2060 2932 2129 ἱερολόγος,
2956 2057 3032 2120 ὡς
3051 2055 3159 2109 οὐδ’
3177 2054 3313 2125 αὐτὴ
3334 2051 3509 2121 πάντη
3529 2049 3632 2102 τῶν
3652 2047 3805 2118 ἀφρόν

2230 2172 2337 2209 νων
2365 2152 2667 2225 ἀνθρώπιον
2689 2150 2973 2221 διέδρασας
2999 2148 3099 2218 τὴν
3126 2143 3525 2214 γλωσσαλγίαν.
3552 2140 3690 2193 Φασὶ
3706 2138 3809 2209 γὰρ

2230 2244 2516 2316 τολμητίαι
2548 2240 2737 2303 κακῶς
2785 2238 3231 2308 αὐθαδιζόμενοιο
3285 2233 3508 2305 Πρῶτον
3537 2227 3605 2302 ἦν
3634 2231 3665 2282 6
3698 2231 3808 2282 Πα-

2229 2336 2357 2408 τὴρ,
2386 2330 2504 2389 εἶτα
2530 2333 2622 2387 τὸν
2666 2332 2844 2403 μέγαν
2885 2330 3173 2399 ἐγέννησεν
3206 2326 3334 2380 Υίὸν
3352 2367 3368 2391 ,
3408 2324 3600 2377 ἔπειτα
3626 2321 3692 2375 τὸ
3718 2320 3809 2373 τοῦ

2235 2426 2469 2498 μεγάλου
2499 2424 2634 2478 Θεοῦ
2661 2423 2905 2495 Πνεῦμα,
2936 2421 3011 2485 ὡς
3040 2421 3099 2474 ὲν
3133 2417 3357 2489 βαθμῶν
3391 2414 3669 2484 ἀνισότητι
3695 2411 3810 2466 κατ’

2232 2518 2421 2581 οὐσίας
2462 2516 2726 2570 ὑπόϐασιν
2758 2517 2870 2579 τοῖς
2900 2512 3250 2585 αἱρεσιώταις
3278 2509 3539 2573 ποικίλως
3573 2509 3813 2579 βλασφη-

2235 2612 2442 2681 μείται.

2376 2699 2494 2755 Ποῖ
2513 2698 2767 2767 στήσεις
2785 2715 2863 2769 με
2894 2697 3193 2767 φέρουσα,
3223 2713 3277 2749 κ.
3312 2712 3359 2749 τ.
3393 2695 3477 2760 ἐξ.

2304 2786 2377 2844 Ὦ
2405 2791 2629 2861 γλῶσσα
2654 2790 3017 2861 κακοφραδὲς,
3052 2788 3349 2860 κακόσχολε
3379 2789 3474 2843 καὶ
3503 2786 3811 2858 βλάσφημες

2235 2882 2339 2935 ποῦ
2401 2900 2468 2954 με
2519 2883 2761 2953 φέρουσα
2809 2882 3025 2953 στήσεις
3069 2880 3177 2933 τῶν
3227 2880 3583 2950 δυσφημιῶν;
3640 2879 3812 2932 ’Ὅπου

2238 2974 2511 3046 μέριμνα,
2542 2973 2635 3027 καὶ
2664 2973 2833 3044 βαθὺς
2876 2973 3163 3043 νοημάτων
3192 2972 3400 3041 ἴλιγγος
3435 2973 3811 3043 προσίσταται.

2238 3068 2459 3121 Ἵστασο
2492 3067 2590 3138 τῆς
2638 3066 2923 3134 ἀλογίστου
2958 3066 3137 3136 ῥύμης
3167 3064 3437 3135 ἐπέχουσα
3471 3064 3708 3134 σαυτὴν,
3739 3062 3815 3133 τῷ

2238 3159 2467 3229 στόματί
2495 3176 2588 3212 σου
2614 3157 2874 3228 τιθεμένη
2905 3156 3151 3227 φυλακὴν
3179 3157 3273 3211 καὶ
3302 3156 3503 3220 εἰδυῖα,
3535 3156 3611 3219 ὡς
3644 3156 3815 3226 ὑπερ-

2235 3252 2434 3315 ουσίως
2479 3251 2588 3304 τῶν
2631 3250 2801 3304 ὄντων
2834 3251 3188 3322 ὑπερίδρυται
3232 3248 3375 3303 κατά
3404 3248 3565 3317 φύσιν
3590 3250 3617 3300 6
3648 3248 3816 3312 Θεόςο

2237 3344 2330 3399 καὶ
2357 3343 2587 3415 δεύτερα
2629 3342 2808 3396 πάντα
2846 3343 2946 3413 τῆς
2994 3341 3159 3395 αὑτοῦ
3212 3341 3630 3411 μεγαλειότητος
3686 3342 3817 3394 ὑπο-

2237 3438 2402 3507 χώρει
2427 3476 2442 3498 ,
2476 3434 2554 3506 τῷ
2599 3435 2741 3506 λόγῳ
2780 3434 2882 3504 τῆς
2920 3433 3178 3505 ἀληθείας
3214 3431 3541 3504 ἡττωμένη,
3582 3432 3818 3494 καὶτοῖς

2236 3531 2497 3601 κτίσμασι
2537 3529 2628 3583 τὸν
2655 3529 2893 3597 Κτίστην
2930 3526 3207 3589 παντελῶς
3263 3525 3338 3596 μὴ
3368 3523 3816 3595 παρεικάζουσα,

2236 3621 2371 3675 ἀλλὰ
2409 3621 2533 3693 μηδ’
2571 3620 2653 3673 ὃτι
2698 3620 2942 3689 ματαίως
2984 3619 3078 3671 τὸν
3128 3618 3410 3689 ἄνθρωπον
3440 3616 3655 3670 ἔκτισεν
3685 3618 3816 3669 ὑπο-

2235 3715 2470 3786 νοήσῃς·
2515 3712 2613 3766 καὶ
2662 3711 2772 3783 γὰρ
2823 3710 3186 3781 παλινῳδίαν,
3261 3711 3323 3764 τὸ
3371 3710 3435 3780 δὴ
3493 3709 3817 3779 λεγόμενον,

2235 3806 2378 3877 ᾄδων
2440 3805 2696 3874 ἵσταμαι,
2750 3803 2924 3857 τοῖσδε
2974 3805 3085 3866 τοῖς
3139 3802 3318 3870 λόγοις
3378 3802 3677 3870 ἐρεισθεὶς,
3744 3801 3820 3865 ὡς

2236 3899 2437 3971 ἥκιστά
2476 3916 2546 3970 με
2590 3899 2671 3962 είς
2703 3899 2858 3951 κενὸν
2902 3897 3334 3969 ἐδημιούργησεν
3384 3899 3413 3951 ό
3459 3898 3625 3962 Θεός·
3661 3899 3820 3952 τοῦτο

2236 3994 2343 4065 γὰρ
2372 3990 2718 4061 όλιγοψυχίας
2738 3992 2832 4044 καὶ
2857 3991 3281 4064 ὀλιγοφροσύνης
3298 3991 3644 4064 ἀνθρωπίνης
3669 3993 3821 4065 ῥῆμά

2236 4086 2352 4138 ἐστι
2378 4086 2472 4139 καὶ
2493 4085 2773 4157 λογισμός.
2804 4082 2918 4137 Νῦν
2948 4084 3047 4154 μὲν
3075 4084 3206 4155 γὰρ,
3230 4085 3385 4154 φησι,
3412 4086 3571 4153 ζόφος
3594 4087 3820 4154 ἀγνοίας

2237 4176 2331 4229 καί¹
2356 4175 2522 4245 ἀχλὺς
2543 4174 2651 4227 τῶν
2681 4174 3023 4245 πραγμάτων
3049 4172 3465 4243 κατακεχυμένη
3497 4172 3598 4225 οὐκ
3635 4174 3703 4243 ἐρᾷ
3723 4172 3821 4239 τὴν

2236 4266 2493 4337 ἀλήθειαν
2522 4267 2619 4319 καὶ
2667 4264 2766 4336 τὴν
2794 4265 2973 4317 αἰτίαν
3002 4264 3103 4334 τῆς
3144 4264 3325 4318 αὐτῶν
3375 4263 3681 4335 μεταϐολῆς
3727 4264 3820 4316 καὶ

2235 4359 2445 4430 τροπῆς
2493 4358 2750 4429 καθαρῶς
2806 4354 3134 4426 καταθρείν·
3186 4355 3326 4426 μετά
3356 4354 3529 4409 ταῦτα
3565 4355 3624 4407 δὲ
3663 4354 3819 4423 λόγος

2236 4451 2489 4521 γνώσεως
2519 4453 2593 4515 ὡς
2620 4450 2736 4519 φῶς
2772 4452 2884 4513 τοῖς
2908 4449 3005 4519 τῆς
3046 4448 3301 4518 ἀληθείας
3329 4447 3638 4518 ἐφιεμένοις
3692 4449 3819 4502 dva-

2237 4542 2411 4607 τελεῖ,
2442 4545 2539 4596 καὶ
2586 4542 2798 4605 πάντα,
2847 4542 3017 4611 φησὶ,
3059 4539 3274 4612 τρανῶς
3315 4541 3674 4610 κατανοήσεις
3697 4580 3712 4603 ,
3746 4541 3820 4601 ὡς

2237 4636 2421 4698 καλῶς
2447 4635 2541 4688 καὶ
2575 4634 2754 4704 σοφῶς
2778 4635 3139 4702 οἰκονομεῖται
3167 4631 3244 4702 τῷ
3268 4632 3376 4684 τῶν
3400 4633 3655 4686 ἁπάντων
3682 4649 3820 4702 προ-

2241 4727 2403 4797 μηθεῖ
2442 4727 2537 4780 καὶ
2568 4730 2868 4799 προνοητῇο
2903 4728 2936 4798 ἢ
2971 4726 3047 4789 ὡς
3093 4725 3210 4795 φῶς
3256 4726 3400 4796 όρῶν
3429 4725 3519 4779 τὸν
3559 4724 3695 4778 Θεὸν
3729 4729 3821 4778 καὶ

2239 4820 2298 4872 ἐν
2324 4820 2474 4890 αὑτῷ
2508 4821 2632 4882 τοὺς
2653 4819 2844 4887 λόγους
2888 4819 2996 4872 τῶν
3039 4817 3341 4888 γινομένων
3373 4816 3822 4895 καταφωτιζόμε-

2238 4931 2350 4979 νος,
2382 4913 2416 4982 ἢ
2450 4913 2526 4975 ὡς
2554 4913 2690 4983 πυρ)⁸
2711 4912 2885 4983 τούτῳ
2927 4912 3264 4982 δαπτόμενος
3305 4911 3398 4963 καὶ
3422 4910 3783 4981 κολαζόμενος
3802 4952 3815 4975 ,

2240 5004 2361 5076 εἴσῃ
2410 5004 2586 5057 πάντα
2628 5004 2693 5057 δι’
2737 5006 2902 5058 αὐτοῦ
2951 5003 3196 5074 γίνεσθαι
3225 5004 3321 5058 καὶ
3347 5004 3532 5058 δίκαια
3561 5008 3657 5058 καὶ
3685 5004 3817 5075 ἀλη-

2241 5096 2362 5151 θινὰ
2387 5094 2479 5150 καὶ
2506 5098 2758 5168 λυσιτελῆ
2788 5099 2884 5151 καὶ
2914 5098 3101 5153 πιστά.

2345 5213 2452 5279 ’Ὧς
2477 5231 2577 5282 μοι
2601 5212 2764 5265 ταῦτ’
2785 5212 3028 5265 ἐπάεισε
3055 5213 3234 5281 φίλος
3260 5213 3424 5277 νόος,
3458 5229 3514 5265 κ.
3540 5229 3592 5265 τ.
3626 5211 3710 5277 ἐξ.

2322 5326 2409 5390 Ὠς
2434 5326 2559 5390 τοὺς
2610 5326 2882 5391 τοιούτους
2914 5327 3210 5397 λογισμοὺς
3247 5325 3391 5380 κατά
3429 5324 3492 5378 s6
3528 5322 3821 5395 εἰρημένον

2237 5418 2399 5482 ἄλσος
2439 5418 2617 5471 ἐκεῖνο
2668 5419 3077 5489 ἀνακεκλιμένῳ
3106 5419 3200 5472 καὶ
3244 5418 3582 5488 τρυχωμένῳ
3604 5418 3632 5470 6
3668 5413 3822 5484 φίλος

2236 5508 2360 5572 νοῦς
2395 5509 2713 5579 κατεπᾴδων
2739 5526 2827 5579 μοι
2854 5509 3222 5581 παρεμυθεῖτο
3242 5509 3336 5562 καὶ
3360 5508 3421 5561 τὸ
3442 5507 3537 5562 τοῦ
3566 5506 3822 5576 σώματος

2237 5597 2406 5668 ἔπεψε
2465 5598 2759 5669 πραῦνθὲν,
2797 5598 2972 5668 κάγὼ,
3004 5600 3158 5670 φησὶ,
3202 5598 3305 5669 τῆς
3341 5599 3490 5670 ὥρας
3513 5598 3611 5668 ὀψὲ
3631 5599 3819 5651 διανα·

2241 5689 2373 5754 στὰς
2400 5689 2494 5742 τοῦ
2517 5691 2846 5761 παραδείσου
2876 5692 2957 5754 είς
2983 5692 3082 5763 τὴν
3105 5691 3283 5745 οἰκίαν
3315 5693 3594 5763 ἐπανῄειν,
3625 5690 3819 5743 ἄλλοτε

2241 5782 2340 5854 μὲν
2368 5778 2461 5836 οὖν
2498 5783 2660 5853 γελᾷν
2699 5801 2787 5855 μοι
2823 5784 2916 5836 τὸν
2947 5783 3178 5853 ἄλλωςῆ
3218 5783 3413 5847 οὕτως,
3441 5784 3515 5847 ὡς
3551 5784 3819 5854 προείρη-

2234 5891 2358 5942 ται,
2404 5873 2703 5947 φρονοῦντα
2745 5873 2942 5945 ἐπῄει·
2979 5876 3073 5929 καὶ
3117 5876 3226 5950 γὰρ
3261 5876 3572 5949 ἐτερόφρων
3605 5873 3754 5939 ἄπας
3790 5872 3819 5925 ό
