4108 6376
313 368 417 425 745

316 486 392 558 μὴ
423 488 533 550 τοῖς
562 485 661 557 τῆς
702 486 832 556 μιᾶς
858 485 952 540 καὶ
993 485 1216 558 πρώτης
1255 485 1515 556 ἀληθείας
1549 486 1772 557 στοιχῶν
1797 486 1884 538 λό-

311 592 450 646 γοις,
480 577 574 630 καὶ
614 576 797 640 αὐτοῖς
839 577 1097 646 ἀσφαλῶς
1139 577 1503 648 ἐνιδρυμένος.
1536 577 1620 647 Πὴ
1665 578 1762 647 μὲν
1793 575 1886 630 οὖν

308 669 420 722 τῶν
472 669 726 723 τοιούτων
775 671 1074 734 ταλανίζων
1121 670 1218 742 τὴν
1256 670 1438 724 ἄνοιαν
1467 670 1689 739 ἐγέλων,
1724 671 1799 740 πὴ
1829 669 1886 724 δὲ

310 761 406 814 καὶ
432 763 496 830 τῇ
520 760 666 831 λύπῃ
694 761 792 831 τὴν
823 761 1001 831 ψυχὴν
1034 761 1458 832 ὲπυρπολούμην
1478 779 1490 791 ·
1520 762 1581 814 οὐ
1605 759 1713 832 γὰρ
1743 760 1887 814 κατά

310 849 402 901 τὸν
423 851 760 920 Δημόκριτον
786 851 1024 923 ἄκρατος
1049 854 1078 904 ό
1105 851 1298 920 γέλως,
1334 851 1469 905 ἀλλὰ
1490 850 1632 905 κατὰ
1655 852 1746 904 τὸν
1768 852 1885 920 φιλ-

310 941 595 1010 άνθρωπον
635 942 842 1012 Ἰησοῦν
890 944 983 996 καὶ
1018 944 1115 1014 τῆς
1139 943 1307 1006 ὅντως
1358 942 1674 1011 φιλοσοφίας
1707 931 1883 1014 ἀρχηέ

310 1035 424 1102 γόν.
443 1034 598 1088 Οὕτω
623 1053 712 1106 μοι
741 1036 834 1090 τοῦ
873 1037 965 1090 νοῦ
992 1039 1106 1100 τοῖς
1131 1036 1430 1108 λογισμοῖς,
1462 1035 1540 1107 τῷ
1567 1036 1760 1105 γέλωτι
1791 1035 1884 1087 καὶ

308 1129 376 1196 ’τῇ
421 1127 565 1200 λύπῃ
611 1128 1009 1198 ἀγαθοπρεπῶς
1057 1118 1349 1199 μαχομένῳ
1399 1129 1492 1182 καὶ
1545 1126 1884 1198 μεριζομένῳ

307 1217 600 1287 ἐπανῆκον.
643 1217 860 1288 Ταύτης
885 1222 984 1290 τῆς
1024 1219 1342 1288 φιλοσοφίας
1369 1219 1465 1272 καὶ
1495 1221 1644 1288 ἡμᾶς
1672 1217 1758 1270 διὰ
1787 1213 1883 1268 τοῦ

309 1307 556 1376 θεολόγου
598 1290 713 1373 σου,
766 1311 967 1381 Χριστὲ
1008 1312 1181 1380 Ἰησοῦ
1205 1351 1220 1373 ,
1247 1310 1607 1374 καταξιώσας,
1632 1308 1727 1363 καὶ
1772 1309 1885 1368 τοῖς

1300 369 1366 422 IN
1405 367 1712 423 CARMINA
1754 367 2032 425 ARCANA
2093 369 2151 424 S.
2181 369 2527 426 GREGORII.

3456 374 3560 430 746

1997 487 2260 548 ridebam.
2297 506 2440 544 nunc
2477 505 2710 545 mmrore
2734 491 2786 545 in
2823 491 3003 546 anima
3039 492 3385 548 conﬁciebar.
3437 495 3557 550 Non

1992 578 2141 631 enim
2194 577 2487 634 Democriti
2520 596 2672 636 more
2713 597 2895 636 merus
2919 583 3085 646 risus,
3131 583 3224 637 sed
3261 583 3422 652 juxta
3459 584 3561 639 hoc

1991 669 2200 720 minum
2227 680 2529 723 amatorem
2561 667 2746 724 Jesum
2776 681 2829 724 et
2866 686 3006 725 verae
3035 671 3396 741 philosophiae
3440 686 3559 724 ma-

1987 758 2246 826 gistrum.
2280 757 2373 814 Sic
2403 761 2472 814 ab
2498 761 2700 832 agitato
2735 761 3055 825 ratiociniis,
3087 761 3210 816 visu
3233 772 3286 816 et
3309 761 3560 815 alliictio-

1989 850 2154 905 nibus
2190 851 2576 907 convenienter
2622 861 2804 906 tamen
2844 862 3007 924 atque
3040 853 3216 907 diviso
3254 854 3448 923 spiritu
3485 851 3562 921 ait

1992 953 2078 993 me
2110 939 2378 996 redibam.
2413 941 2525 997 [lac
2560 943 2900 1014 philosophia
2927 951 2980 998 et
3009 959 3111 998 nos
3139 945 3558 1015 perthcologum

1987 1038 2163 1097 tuum,
2201 1032 2419 1089 Christe
2456 1033 2608 1101 Jesu,
2645 1035 2904 1108 dignatus
2951 1052 3028 1102 es,
3062 1044 3116 1091 et
3154 1037 3344 1092 iisdem
3385 1037 3559 1091 ratio-

1986 1121 2167 1193 ciniis,
2200 1125 2546 1181 sermonibus
2580 1134 2633 1181 et
2662 1128 3012 1198 dogmatibus
3039 1129 3337 1200 colligasti,
3372 1139 3426 1184 et
3463 1144 3559 1186 v6-

1985 1212 2161 1269 ritatis
2210 1222 2320 1270 tute
2375 1223 2542 1286 atque
2580 1219 2864 1287 sapientiae
2911 1218 3186 1287 periecisti
3229 1219 3556 1290 participes,

1988 1317 2092 1358 nos
2139 1307 2318 1362 adhuc
2366 1308 2546 1377 recipe
2580 1310 2633 1362 in
2659 1311 2878 1365 saecula.
2907 1310 3103 1364 Amen.

307 1403 492 1465 αὐτοῖς
543 1402 819 1472 λογισμοῖς
860 1405 954 1456 καὶ
1001 1403 1180 1473 λόγοις
1216 1406 1307 1458 καὶ
1369 1405 1627 1474 δόγμασιν
1675 1395 1997 1471 ἐμπεδώσεις
2034 1395 2128 1448 καὶ
2179 1399 2662 1470 καταρτισάμενος,
2709 1403 2808 1474 τῆς
2847 1401 2946 1473 σῆς
2996 1402 3251 1466 ἀληθείας
3297 1403 3391 1457 καὶ
3436 1403 3556 1457 θεο-

310 1495 501 1561 σοφίας
539 1495 801 1565 μετόχους
845 1493 1119 1560 ἀνάδειξον
1151 1499 1230 1560 εἰς
1256 1498 1382 1561 τοὺς
1408 1497 1628 1558 αἰῶνας.
1671 1491 1864 1562 Ἀμήν.
1894 1485 2029 1556 Περὶ
2055 1486 2269 1554 φύσεως
2288 1489 2631 1564 ἀνθρωπίνης
2662 1494 2813 1564 λόγος
2838 1503 2888 1552 ι’.

322 1608 646 1689 Ἐξῄγησις
692 1609 825 1689 ςῶνῄ
855 1611 1208 1689 ᾀποργόήζων
1237 1612 1342 1689 τοῦ
1361 1611 1624 1689 pit-374.101}
1652 1612 1884 1689 fpnro;

370 1679 510 1750 ρίου
539 1680 640 1732 τοῦ
681 1679 981 1750 Θεολόγουί
1020 1681 1184 1734 ἐπῶν
1209 1701 1220 1712 ·
1254 1683 1392 1750 Περὶ
1438 1679 1743 1743 εὐτελείας
1781 1679 1887 1732 τοῦ

377 1749 551 1814 ἐκτὸς
581 1749 892 1817 ἀνθρώπου
923 1752 1019 1803 καὶ
1040 1751 1152 1820 τῆς
1170 1751 1289 1805 τῶν
1310 1749 1622 1821 παρόντων
1644 1749 1883 1820 ματαιό-

377 1835 577 1887 τητος,
613 1824 795 1888 λόγος
832 1827 904 1874 ια’
941 1821 1076 1892 (54).

378 1928 513 1998 Περὶ
545 1928 645 1999 τῆς
682 1930 1028 2003 ἀνθρωπίνης
1066 1929 1280 2001 φύσεως
1312 1931 1399 1985 διὰ
1427 1930 1536 1984 τῶν
1567 1930 1885 2000 φθασάντων

304 2018 374 2072 τὰ
409 2019 594 2073 εἰκότα
625 2022 1022 2093 φυσιολογήσας
1053 2026 1081 2076 ὁ
1106 2023 1560 2093 φιλοσοφώτατος,
1587 2022 1680 2075 νῦν
1701 2022 1764 2093 δὴ
1788 2022 1884 2086 τὰς

304 2112 700 2182 παρεπομένας
744 2114 880 2185 αὐτῇ
927 2114 1331 2186 ταλαιπωρίας,
1366 2115 1641 2178 εὐτελείας
1682 2131 1742 2167 τε
1790 2115 1885 2167 καὶ

301 2201 636 2267 δυσπαθείας
666 2204 973 2268 εὐτελίζων,
1006 2207 1109 2260 κάν
1139 2207 1347 2269 τούτοις
1383 2207 1489 2259 τῶν
1519 2205 1878 2277 ὑψαυχενούν-

305 2308 413 2345 των
433 2294 495 2344 τὸ
519 2294 749 2364 φύσημα
777 2298 1098 2361 συστέλλων,
1130 2297 1274 2351 οὕτω
1305 2298 1404 2361 τὰς
1429 2298 1671 2362 ούδενίας
1703 2297 1882 2352 αὐτῶν

304 2383 639 2456 ἑκτραγῳδεῖ
667 2387 836 2456 λέγων
863 2402 876 2417 ·

305 2497 332 2551 1
381 2499 476 2564 Τίς
510 2501 800 2569 rer-ditur;
839 2501 929 2567 τίς
950 2501 1002 2554 δ’
1021 2502 1141 2570 εἰμί
1152 2520 1168 2564 ;
1192 2519 1311 2556 κ.τ.
1331 2502 1380 2557 λ.

389 2610 676 2683 Ἑννοήσας
695 2615 722 2664 ὁ
743 2613 1200 2683 διορατικώτατος
1225 2615 1285 2668 τὸ
1318 2617 1570 2686 ἀείρυτον
1592 2618 1686 2671 καὶ
1713 2618 1878 2688 εὐμε-

304 2701 584 2755 τάπτωτον
611 2707 709 2775 τῆς
740 2705 1088 2777 ἀνθρωπίνης
1110 2707 1296 2772 οὐσίας
1323 2711 1417 2761 καὶ
1442 2710 1775 2780 εὑρίπιστον,
1792 2709 1879 2761 ναὶ

300 2793 368 2863 δὴ
397 2794 491 2846 καὶ
533 2794 593 2846 τὸ
629 2795 974 2848 ἁκιδνότατον
1026 2798 1117 2851 καὶ
1163 2799 1553 2870 ἁδρανέστατον
1592 2801 1759 2870 αὐτῆς
1785 2817 1878 2852 τα·

303 2881 555 2949 λανίζων,
587 2885 949 2938 ἀποδυσπετεῖ
1003 2889 1090 2941 καὶ
1145 2887 1335 2956 λέγει·
1366 2885 1435 2940 Ὦ
1479 2891 1562 2951 τίς
1612 2890 1878 2960 ἐγενόμην

301 2974 426 3027 κατ’
458 2977 666 3045 ἀρχάς;
702 2976 783 3040 τίς
813 2977 869 3028 δὲ
901 2977 994 3030 νῦν
1019 2982 1132 3049 εἰμι
1158 2997 1172 3044 ;
1208 2981 1301 3032 καὶ
1333 2980 1385 3032 τί
1418 2981 1556 3050 μετὰ
1585 2979 1692 3052 [ob]
1714 2982 1876 3034 πολὺν

301 3065 494 3136 ἔσομαι
529 3067 746 3137 χρόνον;
786 3068 888 3121 ποῦ
934 3069 990 3121 δὲ
1023 3070 1315 3141 καταλήξει
1356 3073 1447 3123 καὶ
1489 3074 1579 3124 ποῖ
1623 3072 1876 3142 στήσεταί

305 3174 386 3210 σοι
419 3159 479 3211 τὸ
504 3159 645 3228 μέγα
673 3160 829 3212 τοῦτο
869 3162 1113 3232 πλάσμα,
1154 3157 1198 3214 ὦ
1243 3164 1509 3227 Δέσποτα,
1543 3167 1591 3217 εί
1638 3163 1746 3234 ἄρα
1782 3164 1876 3216 καὶ

303 3251 447 3318 μέγα
471 3251 616 3303 ἐστίν
645 3270 658 3317 ;
711 3253 865 3322 Ἐμοὶ
899 3254 1007 3325 γὰρ
1043 3255 1247 3318 δοκεῖν,
1280 3259 1306 3309 ὁ
1336 3256 1653 3320 διδάσκαλός
1688 3273 1873 3327 φησιν,

295 3341 376 3404 ὡς
397 3342 548 3394 οὐδὲν
569 3343 720 3406 ὄντες
754 3347 801 3396 oi
845 3345 1141 3416 ἄνθρωποι,
1183 3347 1359 3418 μάτην
1393 3347 1749 3418 ὠφρυωμένοι
1778 3349 1876 3399 ὲπ-

299 3433 587 3504 αιρόμεθα,
624 3437 782 3507 εἴπερ
806 3437 963 3490 τοῦτο
999 3439 1158 3507 μόνον
1198 3440 1362 3508 ἐσμὲν
1381 3440 1515 3510 ὅπερ
1547 3441 1736 3511 ὁρᾶται
1763 3443 1874 3502 τοῖς

302 3524 534 3588 πολλοῖς,
571 3528 664 3579 καὶ
702 3529 828 3582 ἄλλο
872 3529 1029 3581 πλέον
1068 3530 1218 3583 οὐδὲν
1250 3530 1350 3599 τῆς
1384 3533 1611 3602 ῥεούσης
1658 3531 1874 3602 ἔχοιμεν

299 3617 396 3669 καὶ
417 3614 778 3689 φθειρομένης
819 3617 984 3691 ζωῆς.

298 3718 512 3785 Πόρτις
543 3720 679 3786 μὲν,
723 3737 776 3772 κ.
807 3737 856 3772 τ.
895 3719 972 3784 ἐξ.

372 3810 472 3862 Διά
507 3810 960 3880 παραδειγμάτων
985 3812 1244 3865 πλειόνων
1283 3814 1756 3885 ταλαιπωροτέραν
1779 3812 1870 3883 τὴν

296 3898 446 3970 ςωὴν
489 3899 599 3952 τῶν
636 3899 937 3970 ἀνθρώπων
983 3902 1082 3971 τῆς
1132 3903 1238 3956 τῶν
1274 3903 1487 3974 κτηνῶν
1529 3904 1622 3955 καὶ
1671 3903 1875 3974 θηρίων

297 3989 394 4043 καὶ
426 3989 604 4043 αὐτῶν
640 3989 983 4042 ἀποδείκνυσι
1030 3991 1273 4062 πτηνῶν·
1306 3992 1454 4061 λέγει
1485 3993 1543 4046 δέ
1569 4009 1582 4023 ·
1613 3988 1703 4054 Ὠς
1724 3995 1752 4045 ό
1778 3993 1875 4063 μό-

298 4098 428 4152 σχος
469 4081 569 4151 μὲν
597 4081 696 4152 τὴν
727 4082 967 4151 γαστέρα
1011 4083 1108 4152 τῆς
1150 4084 1312 4137 αὑτὸν
1347 4084 1610 4154 τεκούσης
1639 4083 1870 4147 διεκδὺς,

297 4172 516 4224 ἅλλεται
550 4173 648 4242 μὲν
691 4172 852 4236 εὐθὺς
880 4174 972 4228 ἐπὶ
1010 4174 1138 4242 γῆς,
1171 4177 1262 4227 καὶ
1290 4176 1381 4228 τὸν
1406 4175 1670 4246 γλυκερὸν
1693 4175 1748 4228 δὲ
1775 4177 1874 4246 τῆς

297 4264 638 4334 γεννησάσης
676 4265 878 4334 μαστὸν
928 4265 1143 4336 ὲκμυζᾷ
1188 4268 1443 4339 παραυτά
1481 4268 1575 4320 καὶ
1605 4265 1871 4332 ἐκπιέζει,

295 4355 517 4425 τριέτης
540 4355 596 4408 δὲ
621 4356 858 4424 γεγονὼς
893 4357 983 4410 τὸν
1009 4359 1170 4426 ζυγὸν
1193 4359 1580 4430 ἀναλαμϐάνει,
1598 4361 1691 4412 καὶ
1710 4360 1873 4431 σκλη-

294 4447 392 4519 ρὸν
416 4448 579 4518 ἄχθος
607 4451 700 4502 καὶ
733 4450 1010 4504 δύσοιστον
1043 4452 1500 4523 ἐφελκυσάμενος,
1539 4454 1755 4526 ἀμάξης
1780 4457 1870 4509 τὸν

297 4537 501 4607 αὐχένα
546 4539 636 4592 τὸν
692 4540 881 4609 μέγαν,
924 4541 1015 4592 τὸν
1063 4540 1485 4612 ἐπιϐαλλόμενον
1528 4544 1677 4614 αὐτῷ
1728 4545 1870 4612 λέγω

297 4627 480 4696 ζυγὸν.
512 4629 589 4698 τῷ
610 4631 724 4701 ίδίῳ
751 4631 920 4683 αὐτοῦ
953 4632 1189 4706 στιϐαρῷ
1212 4634 1418 4704 αὐχένι,
1445 4635 1562 4704 ἦτοι
1592 4637 1866 4708 τραχήλῳ,

297 4721 552 4791 συνέμιξε
597 4725 691 4776 καὶ
743 4724 1060 4793 συνέδησενο
1093 4727 1189 4776 καὶ
1220 4726 1248 4776 ὀ
1276 4726 1375 4795 μὲν
1415 4726 1605 4789 οὕτως.
1642 4727 1870 4795 Ἐλὰφου

288 4809 350 4862 δὲ
386 4809 584 4881 μόσχος
615 4812 1050 4884 ποικιλόόερμος,
1079 4814 1219 4884 ἡνίκ’
1259 4815 1324 4868 ἂν
1364 4817 1463 4886 τῆς
1497 4816 1754 4888 μητρῴας
1775 4817 1868 4883 ἐξ·-

291 4900 584 4972 ολισθήσας
613 4905 872 4978 διεκπέσῃ
914 4908 1168 4978 γαστρὸς,
1185 4908 1353 4970 εὐθὺς
1375 4910 1524 4981 παρά
1549 4910 1626 4980 τῷ
1658 4911 1757 4980 τῆς
1785 4929 1871 4963 τε-

293 4993 497 5064 κούσης
537 4996 656 5049 ποδὶ
697 4997 784 5049 τὸν
823 4999 956 5052 ἴδιον
1004 5001 1138 5054 πόδα
1187 5001 1540 5072 παρατίθησι,
1575 5003 1666 5054 καί
1706 5003 1868 5056 ποθεν

295 5087 606 5156 κυνηγετῶν
639 5088 1025 5156 ὑποφανέντων
1049 5091 1244 5144 αὐτίκα
1276 5092 1445 5154 κύνας
1464 5111 1521 5144 τε
1553 5093 1867 5164 ὠμοϐόρους

293 5178 388 5230 καὶ
416 5178 617 5246 δρόμον
641 5180 823 5234 ἵππων
850 5181 1128 5235 ὠκύτατον
1151 5183 1266 5252 ἅμα
1291 5184 1459 5254 μητρὶ
1481 5185 1868 5256 διαδιδράσκων

291 5269 321 5321 ὁ
353 5269 568 5336 νεογνὸς
589 5310 602 5331 ,
635 5273 691 5323 ἐν
736 5275 856 5336 ταῖς
889 5274 1080 5342 λαγόσι
1120 5274 1219 5342 τῆς
1265 5274 1471 5346 λόχμης
1505 5277 1816 5349 κατεκρύὸη
1850 5295 1864 5309 ·

291 5363 554 5427 ὡσαύτως
587 5363 643 5416 δὲ
671 5366 765 5418 καὶ
807 5365 1018 5436 ἀρκτοι,
1043 5369 1168 5432 σύες
1202 5388 1261 5424 τε
1289 5373 1468 5441 ἄγριοι
1513 5371 1605 5424 καὶ
1633 5371 1863 5435 λέοντες,

294 5455 588 5526 παρδάλεις
613 5459 709 5510 καὶ
738 5458 996 5528 τίγρητες
1025 5461 1161 5532 (55),
1195 5463 1416 5532 ἀνέμοις
1447 5466 1511 5534 τῇ
1543 5465 1652 5517 τῶν
1687 5465 1864 5518 ποδῶν

291 5547 558 5614 ταχυτῆτι
602 5548 874 5612 ἐοικότες,
937 5551 1074 5621 ὁμοῦ
1107 5569 1167 5604 τε
1210 5555 1503 5621 γεννῶνται
1531 5557 1625 5609 καὶ
1665 5556 1862 5608 αὐτίκα

366 5701 476 5769 (54)
515 5704 696 5783 Qarn't.
745 5706 860 5766 XV,
906 5725 958 5776 p.
996 5710 1106 5783 _8_8_,
1139 5711 1228 5766 ed.
1277 5710 1504 5776 Colon.;
1549 5729 1604 5783 p.
1643 5713 1746 5768 946
1775 5715 1861 5770 ed.

289 5766 582 5846 Leitveucl.
616 5776 702 5828 ed.
749 5793 872 5830 nov.
981 5766 1107 5832 477.

363 5842 477 5910 (55)
518 5845 816 5915 Τίγρητες,
853 5842 933 5902 sic
987 5851 1158 5903 codex
1213 5865 1312 5919 pro
1359 5851 1564 5923 τίγρεις
1595 5869 1642 5909 s.
1692 5853 1864 5925 τίγρι-

589 5939 858 6001 Ριτιιοι..
906 5942 1026 6004 Gn.
1074 5943 1432 6004 XXXVIII.

1988 1601 2409 1680 Commentarius
2445 1609 2775 1680 {lrcanorum
2809 1611 2985 1680 magni
3015 1611 3255 1678 Gregorii
3305 1609 3558 1679 Tlieologi

2056 1675 2351 1727 carminum
2383 1691 2401 1729 :
2431 1676 2494 1730 de
2522 1679 2721 1731 vilitate
2752 1675 3026 1735 exterioris
3068 1675 3296 1734 hominis
3326 1691 3373 1734 et
3410 1675 3560 1734 vani-

2058 1750 2163 1796 tate
2189 1748 2550 1812 praesentium,
2583 1764 2754 1801 sermo
2786 1747 2887 1804 XI.

2055 1920 2132 1976 De
2162 1923 2398 1977 humana
2423 1932 2619 1979 natura
2650 1941 2748 1996 per
2771 1928 3016 1998 apprime
3045 1945 3211 1999 supra
3235 1929 3381 1984 dicta
3409 1935 3557 1999 post-

1981 2027 2148 2082 quam
2205 2016 2443 2069 studium
2505 2017 2756 2072 adhibuit
2821 2027 3008 2074 noster
3043 2019 3280 2074 eximius
3309 2020 3556 2088 philoso-

1981 2105 2152 2176 pbus,
2213 2122 2360 2162 nunc
2417 2111 2790 2164 conseCtarias
2825 2109 3097 2173 miserias,
3131 2119 3184 2165 et
3221 2110 3460 2166 vilitates
3498 2117 3556 2166 et

1981 2211 2260 2253 aerumnas
2290 2200 2692 2269 parvipendens
2724 2216 2819 2270 per
2856 2202 2970 2255 haec
3006 2202 3438 2271 superbientium
3464 2211 3555 2257 tu-

1982 2303 2187 2344 morem
2223 2291 2486 2354 retundit,
2528 2293 2941 2362 nullitatemque
2961 2292 3206 2362 ipsorum
3234 2294 3314 2351 sic
3337 2295 3552 2366 empha-

1981 2381 2088 2436 tice
2118 2382 2390 2451 deplorat,
2414 2383 2605 2438 dicens
2638 2403 2651 2438 :

1981 2492 2006 2545 ‘l
2053 2493 2185 2558 Quis
2224 2503 2381 2548 natus
2407 2511 2524 2548 sum
2551 2495 2575 2548 .’
2599 2497 2716 2566 quis
2738 2513 2852 2550 sum
2877 2499 2902 2553 ?
2923 2505 3030 2553 etc.

2051 2605 2341 2661 Mcditatus
2360 2607 2870 2678 perspicacissimus
2897 2619 3056 2682 poeta
3109 2619 3365 2666 naturam
3427 2627 3554 2682 qua

1980 2713 2194 2768 semper
2227 2701 2425 2756 transit
2447 2701 2664 2756 mobilis
2688 2710 2740 2755 et
2763 2703 3047 2758 mutationi
3072 2704 3306 2758 obnoxia
3334 2712 3550 2761 etcerte

1983 2791 2050 2844 de
2081 2791 2253 2860 ipsius
2283 2792 2547 2847 vilissima
2569 2801 2622 2848 et
2652 2794 2986 2850 debilissima
3009 2807 3157 2851 sorte
3177 2811 3416 2866 gemens,
3438 2813 3552 2852 mo-

1988 2885 2122 2940 leste
2154 2885 2259 2938 fert
2291 2893 2345 2939 et
2370 2886 2503 2940 dicit
2537 2906 2550 2940 :
2584 2886 2628 2941 Ο
2664 2903 2768 2952 me,
2810 2888 2932 2960 quis
2979 2887 3059 2943 fui
3117 2889 3175 2943 in
3229 2889 3552 2960 principio?

1983 2977 2184 3044 etquis
2217 2991 2362 3030 nunc
2402 2979 2575 3032 sum?
2620 2986 2673 3032 et
2719 2980 2948 3033 multum
2991 2989 3114 3049 post
3164 2987 3378 3050 tempus
3423 2982 3549 3053 quis

1976 3067 2104 3121 ero?
2129 3066 2360 3132 Quando
2381 3083 2510 3123 vero
2558 3069 2795 3124 cessabit
2847 3079 2900 3125 et
2931 3071 3022 3125 ubi
3073 3070 3239 3126 stabit
3273 3073 3371 3126 tibi
3415 3074 3549 3130 illud

1975 3175 2232 3230 magnum
2261 3175 2420 3230 opus.
2452 3159 2800 3216 Dominator?
2837 3162 2886 3215 si
2915 3170 3100 3217 tamen
3131 3177 3384 3234 magnum
3435 3170 3542 3218 est.

1972 3251 2090 3308 Meo
2115 3252 2258 3306 enim
2277 3252 2503 3322 judicio,
2528 3253 2602 3306 ait
2627 3253 2905 3323 magister,
2937 3253 2990 3307 in
3018 3269 3217 3309 vanum
3252 3255 3554 3311 insolenter

1975 3343 2097 3396 elati
2130 3343 2221 3414 qui
2251 3344 2383 3398 nihil
2417 3359 2608 3399 sumus
2637 3345 2881 3399 homines
2913 3343 3194 3413 inﬂantur;
3226 3347 3318 3416 qui
3347 3362 3406 3401 rc
3435 3348 3553 3416 ipsa

1975 3438 2103 3491 illud
2145 3445 2354 3491 tantum
2401 3452 2594 3493 sumus
2640 3437 2786 3506 quod
2830 3437 3075 3507 plerique
3122 3439 3308 3493 vident
3332 3449 3388 3491 et
3415 3439 3552 3492 nihil

1975 3530 2211 3599 amplius
2251 3530 2304 3582 in
2345 3530 2544 3584 ﬂuente
2577 3538 2632 3584 ct
2675 3531 2739 3583 ad
2774 3521 3181 3599 corruptionem
3218 3541 3551 3600 properante

1973 3623 2080 3676 vita
2121 3623 2404 3678 habemus.

1985 3713 2165 3766 Vitula
2191 3715 2422 3784 quidem,
2452 3726 2558 3770 etc.

2043 3803 2147 3858 Per
2181 3807 2338 3874 plura
2386 3807 2631 3877 exempla
2673 3807 3008 3862 miseriorem
3060 3807 3225 3860 vitam
3262 3807 3550 3861 hominum

1973 3912 2133 3966 quam
2198 3899 2563 3968 jumentorum
2630 3909 2682 3953 et
2761 3901 3063 3954 belluarum
3122 3907 3178 3953 et
3242 3899 3549 3956 volucrium

1971 3988 2218 4057 ipsorum
2266 3991 2527 4043 ostendit.
2590 3987 2732 4042 Dicit
2775 4002 2788 4038 :
2824 3988 3044 4045 Vitulus
3082 3991 3302 4058 quidem
3349 4007 3380 4046 e
3423 4007 3549 4048 ma-

1972 4079 2072 4131 tris
2115 4088 2271 4134 utero
2316 4079 2608 4149 prodiens,
2663 4084 2910 4150 protinus
2961 4097 3127 4153 super
3174 4092 3372 4138 terram
3421 4086 3547 4139 salit

1969 4179 2024 4224 et
2074 4171 2446 4227 delectabilem
2491 4175 2682 4229 matris
2730 4189 3023 4228 mammam
3071 4177 3253 4231 statim
3305 4178 3450 4248 sugit
3494 4187 3549 4233 et

1976 4273 2228 4331 pressat;
2283 4265 2516 4319 trienuis
2557 4280 2686 4319 vero
2738 4265 2944 4330 factus,
2993 4265 3183 4336 jugum
3244 4268 3443 4338 accipit
3492 4275 3549 4324 et

1971 4358 2172 4426 durum
2202 4371 2342 4410 onus
2385 4365 2439 4410 et
2485 4357 2713 4410 arduum
2744 4358 3015 4424 trahens,
3059 4373 3255 4413 currus
3289 4374 3547 4431 magnum

1976 4450 2274 4511 timenem,
2336 4450 2742 4518 Superpositum
2801 4448 2924 4502 dico
2965 4449 3153 4519 jugum
3219 4450 3347 4504 forti
3406 4453 3548 4507 collo

1974 4552 2076 4592 suo
2111 4544 2221 4591 .aut
2268 4541 2428 4606 capiti
2475 4538 2658 4606 junxit
2695 4550 2749 4592 et
2782 4540 3098 4609 colligatum
3165 4541 3354 4596 habuit
3403 4560 3416 4596 :
3463 4543 3547 4598 sic

1973 4626 2096 4680 iste.
2146 4627 2413 4682 hinnulus
2455 4637 2635 4682 autem
2683 4630 2910 4683 maculis
2961 4629 3250 4684 distinctus
3304 4643 3428 4685 cum
3476 4647 3544 4686 ex

1973 4728 2129 4774 utero
2201 4721 2392 4775 matris
2463 4721 2697 4790 prodiit,
2767 4724 2950 4778 statim
3024 4723 3181 4792 juxta
3261 4725 3543 4794 genitricis

1972 4811 2162 4881 pedem
2200 4828 2360 4866 suum
2394 4813 2891 4883 constituit,eljam
2927 4815 3316 4884 apparentibus
3380 4831 3545 4871 vena-

1974 4900 2221 4963 toribus,
2264 4902 2514 4971 protinus
2546 4917 2710 4956 canes
2747 4902 2960 4958 feroces
2987 4912 3041 4960 et
3082 4919 3346 4974 equorum
3377 4921 3542 4976 quam

1973 4993 2208 5048 maxime
2260 4995 2564 5063 pernicium
2620 5009 2842 5048 cursum
2893 5010 2996 5049 una
3043 5011 3167 5049 cum
3217 5007 3390 5051 matre
3446 4999 3538 5053 ’νὶ-

1973 5098 2116 5149 tans.
2157 5103 2352 5142 recens
2378 5098 2538 5141 natus
2566 5087 2621 5140 in
2645 5088 2876 5143 saltibus
2902 5089 3089 5158 opacis
3120 5104 3242 5143 sese
3270 5090 3531 5145 occultat.

1971 5177 2238 5234 Similiter
2260 5187 2314 5232 et
2349 5179 2484 5244 ursi,
2515 5188 2569 5233 et
2595 5177 2712 5248 apri
2739 5187 2792 5233 et
2818 5179 3024 5246 leones,
3061 5179 3338 5248 panthera:
3378 5191 3433 5236 et
3463 5182 3535 5236 ti-

1967 5286 2093 5341 gres
2119 5273 2296 5325 ventis
2349 5285 2460 5338 prin
2513 5270 2710 5340 pedum
2752 5271 3046 5326 velocitate
3093 5273 3534 5342 aequiparabilcs.

1970 5363 2062 5417 ubi
2110 5363 2346 5432 primum
2391 5370 2715 5426 nascuntur,
2767 5362 2854 5415 vix
2908 5361 3112 5418 ferrum
3162 5365 3438 5428 viderunt,
3483 5375 3542 5427 et

1967 5454 2153 5509 statim
2183 5455 2359 5524 rigent
2385 5455 2568 5507 crines
2595 5461 2649 5506 et
2681 5462 2797 5507 toto
2849 5454 2992 5509 collo
3029 5455 3196 5524 jubaz,
3243 5465 3298 5510 et
3352 5458 3540 5514 subito

1969 5546 2026 5599 in
2056 5559 2153 5599 eos
2185 5547 2276 5614 qui
2301 5545 2488 5600 venari
2529 5545 2801 5611 volebant,
2839 5555 3029 5601 ruunt.
3066 5546 3132 5600 Et
3182 5548 3274 5602 isti
3319 5549 3540 5621 quidem

1966 5711 2074 5775 δες,
2113 5717 2307 5783 contra
2329 5726 2486 5783 usum
2519 5710 2717 5783 linguae
2762 5719 2818 5783 et
2849 5721 3114 5783 praecepta
3148 5718 3531 5783 grammatico-

1968 5797 2130 5851 rum;
2167 5797 2218 5834 v.
2262 5779 2495 5851 Etgmot.
2531 5779 2765 5837 Gu‘dian.
2805 5779 2938 5841 528.
2988 5779 3058 5836 29
3087 5779 3430 5844 ρι’ωιωιθυι).
3464 5787 3536 5842 ω

1971 5849 2227 5907 Theodas.
2257 5851 2310 5906 in
2337 5849 2570 5908 'Beklieri
2604 5851 2799 5908 Anccd.
2833 5869 2887 5923 p.
2918 5855 3077 5911 1423.

3223 5954 3298 6014 2's
