4108 6376
526 331 637 391 ξω

525 452 622 506 sic
669 449 738 504 ab
782 447 1011 503 infantia
1067 444 1122 500 in
1184 443 1444 501 robustos
1517 452 1810 500 venatores
1873 443 2111 499 irruuut.

1882 321 2182 380 NICETAS
2253 319 2465 377 DAVlD

3709 308 3814 366 748

2221 440 2320 513 τὴν
2337 439 2554 510 ἔθειραν
2577 431 2669 491 καὶ
2695 448 2787 490 του
2809 433 3082 508 τραχήλου
3110 432 3209 504 τὴν
3229 430 3442 502 λοφιὰν,
3462 428 3622 500 εῐπερ
3651 427 3822 481 ἴδοιεν

537 542 781 611 σίδηρον.
815 538 1122 610 φρίξαντες,
1157 538 1296 592 κατὰ
1327 535 1434 591 τῶν
1457 535 1709 608 θηρεύειν
1739 535 2021 607 ἐφορμῶσι
2045 531 2475 605 βεὸουλημένων·
2509 529 2604 584 καὶ
2634 531 2683 582 ol
2715 529 2812 599 μὲν
2835 524 2976 581 οὕτω
3005 523 3264 596 νηπιόθεν
3290 523 3384 577 ἐπὶ
3410 523 3537 586 τοὺς
3561 517 3820 591 ἰσχυροὺς

539 635 858 706 ὲφάλλονται
881 633 1138 704 θηρατάς.

542 733 612 787 19
649 731 777 784 Avis
808 729 1035 798 primum
1065 727 1354 799 implumis,
1384 739 1489 782 etc.

617 819 721 876 Sed
752 820 884 891 quid
911 819 1274 874 aves?nonne
1301 829 1358 872 et
1383 818 1460 872 illi
1489 817 1662 872 multo
1686 816 1986 872 faciliorem
2011 828 2130 868 ma-

543 915 739 985 gisque
783 911 1047 967 aerumnis
1090 911 1401 981 expeditam
1444 925 1609 981 quam
1655 909 1906 963 homines
1947 905 2128 962 sortiti

545 1016 676 1060 sunt
709 1003 921 1058 vitam?
947 1001 1196 1072 Namque
1221 1002 1411 1058 statim
1441 1016 1505 1055 ac
1539 1016 1641 1054 ova
1688 999 1973 1070 fregerunt
2026 997 2129 1052 im-

533 1098 783 1169 .plumes,
809 1102 936 1166 post
961 1101 1175 1164 tempus
1221 1108 1334 1148 non
1366 1094 1587 1165 longum
1633 1093 1750 1147 alas
1795 1090 2033 1146 induunt
2075 1094 2131 1142 et

535 1190 782 1244 multum
816 1188 870 1241 in
901 1187 1072 1240 altum
1111 1200 1140 1238 υ
1177 1186 1459 1240 mansione
1483 1200 1607 1239 aera
1639 1185 1886 1238 volitant.
1915 1181 1983 1235 Et
2010 1180 2130 1250 ipsa

546 1277 692 1335 ﬂava
742 1278 1023 1332 celebrata
1059 1277 1179 1347 apis
1217 1285 1425 1346 petram
1455 1276 1509 1330 in
1540 1290 1646 1346 qua
1682 1275 1936 1328 manebat
1964 1273 2132 1327 relin-

546 1372 670 1442 quit
699 1379 755 1426 et
794 1370 848 1424 in
875 1384 1002 1425 aere
1031 1368 1174 1423 inter
1207 1367 1370 1423 flores
1402 1367 1811 1421 circumvolitat
1831 1365 1971 1438 agri,
2014 1364 2134 1418 ido-

549 1478 652 1518 nea
686 1461 899 1533 colligit
926 1461 1262 1530 domumque
1306 1458 1413 1514 sibi
1445 1458 1913 1513 accommodatam
1947 1464 2129 1528 parat,

550 1566 607 1610 et
671 1556 993 1625 hexagonos
1036 1552 1282 1608 alveolos
1337 1551 1600 1606 ineffabili
1655 1550 1930 1621 sapientia
1987 1549 2134 1605 ceris

551 1655 851 1718 coaptat'et
890 1654 1255 1718 coagmentat,
1299 1645 1631 1698 suavissimo
1677 1642 1862 1697 fructu
1908 1644 2132 1695 domum

552 1756 708 1796 suam
752 1740 1004 1810 implens.
1054 1736 1265 1792 Cuncta
1287 1738 1422 1800 haec,
1449 1737 1652 1806 inquit,
1678 1736 1841 1790 unius
1875 1742 1961 1789 est
1990 1736 2135 1788 veris

551 1846 711 1901 opus.
744 1830 809 1884 Et
835 1829 1093 1884 omnibus
1133 1827 1509 1880 animantibus
1546 1826 1690 1878 ultro
1723 1823 1992 1894 producta
2017 1822 2137 1877 sine

555 1925 742 1978 labore
770 1936 801 1975 a
831 1931 977 1976 terra
1006 1927 1060 1974 et
1091 1917 1380 1973 abundans
1415 1916 1649 1973 offertur
1680 1931 1808 1972 esca
1845 1934 1860 1970 :
1907 1930 2012 1970 nec
2052 1915 2138 1968 ul-

553 2025 639 2068 tra
670 2013 843 2068 maria
870 2013 1148 2068 lassantur
1190 2011 1294 2065 iter
1333 2009 1603 2065 facientes
1655 2024 1909 2065 escarum
1953 2007 2132 2078 gratia

551 2108 765 2173 belluas,
803 2108 949 2163 sicut
971 2105 1242 2169 homines,
1287 2120 1390 2159 nec
1415 2113 1623 2160 terram
1656 2105 1871 2165 colunt,
1903 2116 2006 2155 nec
2046 2100 2131 2170 ip-

551 2201 632 2256 sis
662 2208 792 2256 sunt
829 2197 1069 2270 praefecti
1097 2213 1138 2251 -a
1163 2200 1331 2260 victu,
1361 2211 1517 2253 escas
1555 2202 1998 2266 transportantes
2040 2198 2135 2245 aut

551 2301 836 2349 servantes
857 2334 872 2359 ,
906 2306 1008 2347 nec
1059 2292 1340 2361 pincernae
1377 2289 1602 2360 scyphis
1633 2303 1843 2342 merum
1892 2286 2135 2340 miscen-

551 2394 636 2440 tes
674 2402 688 2438 :
718 2384 804 2437 ala
839 2397 946 2453 qua
978 2382 1068 2436 hic
1094 2384 1241 2436 volat
1271 2383 1412 2446 avis,
1442 2381 1782 2452 aptum,sine
1817 2379 2006 2434 labore
2037 2393 2136 2433 su-

552 2472 1056 2546 perabundantem,
1123 2481 1178 2528 et
1238 2474 1492 2527 idoneum
1546 2470 1705 2524 affert
1754 2471 1962 2524 cibum.
2030 2466 2137 2523 Sed

552 2575 610 2621 et
671 2565 853 2636 quoad
911 2564 1122 2619 belluas
1184 2564 1366 2633 ipsas,
1419 2562 1696 2633 sylvarum
1767 2575 2021 2616 recessus
2085 2571 2140 2616 et

557 2657 830 2712 montium
869 2657 1040 2711 latera
1096 2665 1151 2711 et
1177 2657 1396 2711 dumeta
1422 2655 1805 2724 quotidianum
1855 2655 2137 2726 paululum

555 2750 944 2806 laborantibus
997 2749 1241 2820 praebent
1280 2749 1524 2816 victum;
1565 2748 1760 2802 dicunt
1821 2757 1876 2802 et
1919 2748 2137 2802 leonem

556 2841 653 2912 qui
680 2855 937 2910 magnam
974 2841 1143 2895 feram
1171 2840 1320 2893 illico
1347 2839 1579 2902 voravit,
1613 2843 1657 2892 si
1692 2838 1827 2909 quid
1867 2837 2009 2893 forte
2055 2852 2141 2893 re-

560 2933 831 2988 manserit
853 2933 924 3002 ,in
972 2939 1271 3002 posterum,
1317 2931 1630 2987 hesternam
1675 2930 2014 2985 manducare
2047 2930 2142 2984 de-

561 3027 807 3100 dignari;
841 3026 1172 3098 quandoque
1205 3028 1263 3080 fit
1289 3037 1347 3081 ut
1384 3028 1625 3097 reposita
1651 3027 1720 3081 ab
1758 3025 2025 3080 anteriori
2054 3025 2143 3080 die

561 3123 836 3178 veraciter
861 3121 1153 3178 manducet
1179 3129 1232 3175 et
1271 3123 1425 3177 avide
1469 3131 1656 3192 potum
1690 3123 1930 3186 hauriat,
1956 3123 2138 3177 ventri

563 3217 645 3271 sic
692 3215 1108 3286 temperantiam
1153 3213 1405 3270 alferens.
1444 3214 1558 3269 lmo
1602 3215 1785 3270 minus
1832 3229 2144 3269 aerumnosa

564 3319 650 3365 est
689 3324 791 3380 pro
833 3307 1208 3362 animantibus
1261 3307 1375 3361 vita
1443 3323 1609 3377 quam
1661 3323 1768 3378 pro
1804 3301 2146 3364 hominibus,

563 3401 711 3470 quod
751 3399 888 3471 ipsis
913 3413 1128 3468 semper
1157 3398 1227 3452 ad
1253 3397 1472 3452 libitum
1509 3406 1564 3452 et
1593 3397 1647 3450 in
1672 3397 1855 3450 vicino
1906 3404 1993 3450 est
2051 3396 2150 3449 do-

565 3510 689 3549 mus
719 3493 835 3548 sive
875 3506 1041 3561 rupes
1088 3491 1204 3544 sive
1253 3505 1462 3553 ramus.
1508 3498 1563 3544 et
1616 3489 1839 3559 quidem
1893 3489 2052 3544 bona:
2095 3496 2150 3544 et

565 3601 736 3653 sanae,
768 3583 961 3641 solidae
983 3593 1038 3638 et
1070 3591 1223 3646 tutae,
1250 3583 1494 3652 pulchrae
1544 3590 1599 3637 ct
1641 3583 1903 3652 jucunda:
1949 3584 2150 3640 domus

567 3687 728 3745 sunt;
769 3692 893 3732 cum
919 3685 1097 3730 autem
1128 3675 1271 3730 forte
1297 3676 1525 3730 morbus
1567 3677 1850 3746 opprimit,
1894 3677 2151 3730 indefleta

569 3771 780 3842 placide
824 3769 1131 3835 decedunt,
1173 3784 1285 3823 non
1322 3771 1466 3824 enim
1497 3769 1592 3824 alii
1617 3771 1771 3824 circa
1821 3771 1960 3826 alios
2001 3779 2154 3825 stan-

571 3877 651 3920 tes
667 3862 992 3935 lacrymosis
1006 3868 1060 3915 et
1079 3861 1328 3917 tristibus
1343 3861 1684 3915 carminibus
1702 3862 1910 3926 dolent,
1924 3879 2030 3916 non
2051 3878 2155 3916 cae-

569 3956 794 4020 sariem,
823 3955 965 4010 sicut
987 3969 1107 4008 mos
1129 3963 1214 4008 est
1242 3955 1582 4017 hominibus,
1604 3966 1827 4025 propter
1850 3957 2152 4010 amicorum

569 4056 803 4105 mortem
846 4045 1100 4110 tondent,
1135 4054 1189 4100 et
1224 4047 1370 4116 quod
1406 4047 1638 4117 exprimi
1674 4047 1762 4102 vix
1797 4056 1999 4117 potest,
2034 4049 2154 4102 sine

567 4141 934 4213 trepidatione
973 4147 1028 4194 ct
1076 4140 1283 4208 absque
1319 4151 1464 4193 metu
1509 4156 1540 4195 e
1586 4141 1698 4194 vita
1741 4141 2014 4196 decedunt
2048 4141 2155 4194 bel-

570 4235 694 4292 lua}.
715 4230 1108 4301 nullasjudicii
1137 4239 1230 4283 aut
1256 4246 1540 4299 pcrnarum
1569 4231 1928 4285 formidantes
1954 4233 2153 4286 minas.

3328 637 3338 663 I

2235 720 2300 776 l9
2342 720 2509 788 Ἀρτι
2542 716 2612 771 δὲ
2640 716 2899 784 ἄπτερος
2929 713 3114 784 ὄρνις,
3151 729 3206 765 κ.
3236 729 3286 765 τ.
3323 711 3373 765 λ.

2301 810 2368 863 Τί
2395 810 2485 864 δαὶ
2516 810 2565 862 οἱ
2604 807 2851 881 δρνιθεςς
2892 803 2981 878 ἆρ’
3015 805 3076 858 οὐ
3117 802 3300 874 πολλῷ
3323 804 3418 857 καὶ
3447 797 3590 857 οὗτοι
3621 816 3824 869 κουφο-

2229 903 2395 975 τέραν
2423 901 2530 956 τῶν
2549 901 2648 956 ἀνθ
2657 901 2854 973 ρώπων
2871 899 2965 952 καὶ
2979 894 3351 969 ἀμοχθοτέραν
3374 895 3622 965 εἰλήχασι
3639 893 3823 964 (ζωήνς

2231 999 2295 1051 Οἱ
2330 997 2438 1068 γὰρ
2463 997 2588 1066 ἄρτι
2615 993 2724 1049 τῶν
2755 992 2878 1047 ώῶν
2922 991 3252 1062 ἐκραγέντες
3295 989 3523 1060 ἄπτεροι
3543 987 3638 1051 ,οὐ
3681 985 3828 1056 μετὰ

2232 1090 2368 1145 πολὺ
2413 1085 2848 1160 πτεροφυοῦντες
2881 1086 3096 1156 χρόνον,
3131 1083 3271 1137 κατά
3323 1081 3458 1135 πολὺ
3494 1081 3596 1151 τῆς
3643 1078 3829 1141 οἰκίας

2233 1181 2439 1254 ὕπερθε
2487 1180 2578 1234 τὸν
2617 1179 2756 1250 ἀέρα
2801 1175 3153 1231 διαπέτανται
3178 1193 3192 1207 ο
3217 1175 3312 1228 καὶ
3333 1173 3472 1244 αὐτὴ
3506 1169 3563 1225 δὲ
3593 1174 3628 1243 ἡ
3657 1170 3832 1243 ξουθὴ

2234 1269 2669 1342 ἐπωνομασμένη
2718 1268 2969 1339 μέλισσα,
2998 1267 3060 1321 τὸ
3089 1266 3382 1339 πετρίδιον,
3406 1267 3464 1317 ὲν
3579 1263 3829 1334 μεμενὴ-

2234 1381 2342 1426 κει,
2360 1361 2767 1417 καταλείπουσα
2798 1359 2932 1431 (56),
2952 1359 3048 1413 καλ¹
3078 1361 3136 1412 ἐν
3165 1354 3260 1429 ἦρι
3280 1357 3349 1410 τά
3376 1355 3511 1424 ἄνθη
3536 1370 3832 1426 septima.-

2238 1453 2375 1525 μένη
2431 1451 2526 1506 τοῦ
2577 1451 2752 1523 ἀγροῦ
2789 1451 2884 1505 καὶ
2933 1451 2999 1504 τὰ
3053 1449 3335 1520 ἐπιτήδεια
3388 1446 3605 1500 συλῶσα
3630 1487 3644 1509 ,
3674 1442 3832 1498 οἷκον

2236 1543 2512 1598 ἀντίθετον
2551 1545 2718 1615 ἑαυτῇ
2754 1542 3188 1607 κατασκευάζει,
3229 1541 3324 1594 καὶ
3373 1539 3473 1601 τὰς
3517 1536 3835 1606 ἐξαγώνους

2239 1636 2506 1709 σύριγγας
2536 1638 2595 1690 ἐν
2625 1637 2788 1707 σοφίᾳ
2817 1636 3042 1708 ἀρρήτῳ
3063 1636 3177 1698 τοῖς
3193 1633 3404 1706 κηρίοις
3427 1631 3834 1700 συνυφαίνουσσ.

2237 1729 2333 1782 καὶ
2393 1727 2868 1799 συμπηγνύουσα,
2902 1726 3243 1796 γλυκυτάτου
3302 1725 3394 1779 τὸν
3446 1724 3619 1794 αὐτῆς
3663 1723 3832 1792 δόμον

2237 1821 2591 1892 ἐμπίμπλησι
2618 1820 2734 1892 (57)
2765 1819 2980 1892 καρποῦ
2999 1835 3013 1848 '
3030 1819 3202 1872 ταῦτα
3221 1819 3278 1872 δέ
3305 1836 3436 1890 φησι
3466 1819 3644 1872 πάντα
3668 1815 3838 1886 ἔαρος

2238 1914 2358 1978 ἐνὸς
2404 1914 2562 1987 ἔργα.
2599 1913 2712 1967 Καὶ
2765 1916 2900 1968 πᾶσι
2944 1914 3002 1967 δὲ
3049 1912 3209 1978 ζώοις
3240 1913 3524 1984 αὐτομάτη
3569 1912 3662 1968 καὶ
3686 1911 3836 1981 ἀμο-

2242 2007 2370 2078 χθος
2413 2009 2522 2062 ἀπὸ
2554 2008 2654 2079 τῆς
2704 2007 2810 2076 γῆς
2851 2007 2944 2060 καὶ
2987 2005 3215 2076 δαψιλὴς
3249 2006 3582 2078 παρίσταται
3615 2004 3791 2075 τροφή
3813 2018 3830 2032 ⁸

2242 2102 2338 2154 καί¹
2392 2101 2454 2154 οὐ
2493 2101 2835 2162 διαποντίους
2889 2099 3202 2169 ἀποδημίας
3257 2097 3609 2152 πονοῦσινοί
3666 2095 3838 2164 θῆρες

2242 2192 2451 2263 τροφῆς
2482 2192 2639 2263 χάριν
2677 2191 2929 2263 καθάπερ
2971 2191 3269 2262 ἄνθρωποι,
3303 2191 3364 2242 οὐ
3397 2186 3704 2260 γεωργοῦσι
3731 2186 3839 2255 τὴν

2243 2282 2368 2352 γῆν,
2403 2282 2465 2335 οὐ
2509 2281 2706 2350 ταμίαι
2746 2280 2893 2333 σίτου
2935 2280 3119 2343 αὐτοῖς
3151 2281 3245 2332 καὶ
3291 2278 3514 2331 σιτῶναι
3549 2278 3642 2331 καὶ
3683 2292 3841 2330 σιτα-

2244 2371 2436 2439 γωγοὶ,
2477 2370 2578 2423 οὐκ
2607 2369 2833 2441 οἰνοχόοι
2874 2369 3159 2433 κυπέλλοις
3205 2369 3297 2422 τὸν
3323 2363 3466 2422 οἶνον
3494 2367 3792 2438 ἐγκιρνῶσι
3817 2381 3833 2393 °

2246 2465 2343 2518 καὶ
2372 2465 2570 2536 πτερὸν
2617 2463 2674 2516 δὲ
2719 2464 2809 2516 τὸν
2851 2463 3001 2535 ὄρνιν
3055 2456 3158 2516 ὦδε
3191 2463 3354 2516 κακεϊ
3401 2461 3842 2532 περιπετόμενον

2246 2558 2345 2628 τὴν
2373 2557 2631 2629 ἁρμόδιον
2659 2556 2874 2621 ἀπόνως
2903 2554 3337 2627 προσεπορίσατο
3374 2552 3452 2623 τῷ
3485 2551 3667 2623 πτηνῷ
3692 2550 3844 2622 βρώ-

2250 2666 2334 2703 σιν
2364 2666 2379 2712 ;
2411 2649 2550 2702 ἀλλὰ
2583 2651 2678 2704 καὶ
2711 2651 2837 2712 τοὺς
2881 2647 3053 2718 θῆρας
3095 2647 3293 2710 αὐτοὺς
3327 2647 3384 2699 αἱ
3410 2645 3609 2716 λόχμαι
3643 2645 3739 2698 καὶ
3765 2645 3844 2699 τὰ

2247 2742 2356 2795 τῶν
2381 2741 2525 2815 ὀρῶν
2555 2741 2711 2796 κοῖλα
2746 2741 2842 2794 καὶ
2874 2740 3036 2794 λάσια
3067 2740 3166 2810 τὴν
3198 2740 3500 2810 ἡμερήσιον
3529 2737 3699 2810 μικρὰ
3735 2754 3842 2790 πο-

2247 2833 2578 2906 ’νησαμένοις
2628 2833 2928 2905 παρέχεται
2961 2830 3193 2901 τροφήν.
3222 2828 3362 2882 Φασὶ
3397 2828 3456 2883 δέ
3491 2827 3586 2882 καὶ
3619 2825 3835 2887 λέοντα,

2249 2927 2340 2980 τὸν
2382 2925 2553 2997 μέγαν
2584 2924 2749 2996 θῆρα,
2775 2925 2834 2978 ὃν
2865 2923 3194 2996 προσφάτως
3224 2921 3670 2993 κατεθοινήσατο,
3705 2917 3760 2969 εἴ
3783 2917 3844 2969 τί

2253 3037 2383 3073 ποτε
2413 3019 2605 3072 τούτου
2644 3018 2893 3088 λείψανον
2924 3019 3002 3080 είς
3040 3016 3139 3088 τὴν
3182 3013 3308 3085 ἑξῆς
3341 3012 3715 3082 ὑπολειφθείη,
3735 3009 3848 3062 ἓω-

2251 3112 2343 3165 λον
2373 3112 2646 3182 ἐμφαγεῖν
2680 3111 2754 3182 μὴ
2785 3108 3208 3180 καταδέχεσθαι·
3242 3107 3359 3160 ἐστι
3397 3106 3443 3158 δ’
3478 3106 3566 3158 ὅτε
3591 3106 3683 3158 καὶ
3707 3103 3850 3156 ἐτε-

2256 3205 2494 3276 ρήμερον
2525 3203 2741 3266 ἐσθίων,
2771 3201 3010 3275 βριαρῶς
3034 3202 3130 3255 καὶ
3163 3201 3383 3271 λάϐρως
3413 3197 3492 3268 τῷ
3523 3197 3671 3267 ποτῲ
3704 3196 3848 3268 χρῆ-

2251 3315 2362 3361 ται,
2400 3298 2573 3368 μέτρα
2603 3295 2646 3348 δ’
2671 3291 2765 3350 οὗν
2796 3297 2946 3366 ὅμως
2978 3293 3260 3347 ἐπιϐάλλει
3286 3295 3352 3363 τῇ
3384 3290 3583 3362 γαστρί
3612 3307 3626 3320 ν
3654 3287 3853 3342 τοσοῦ-

2255 3405 2345 3442 τον
2378 3387 2436 3442 δὲ
2477 3391 2588 3451 τοῖς
2618 3387 2800 3452 ἄλλοις
2840 3386 3001 3452 ζώοις
3037 3385 3377 3455 ἀπονώτερος
3411 3384 3439 3436 ὁ
3461 3383 3576 3454 βίος
3608 3381 3700 3436 τοῦ
3735 3381 3851 3434 τῶν

2253 3481 2561 3554 ἀνθρώπων
2609 3469 2782 3546 πέλει,
2818 3480 2939 3534 καθ’
2990 3480 3114 3532 ὅσον
3168 3478 3266 3532 καὶ
3301 3472 3449 3541 οἶκος
3491 3477 3723 3539 ἐκείνοις
3761 3477 3854 3530 ἀεὶ

2257 3575 2465 3645 σχέδιος
2495 3574 2592 3627 καὶ
2638 3574 2954 3643 αὐτόματος
2979 3572 3013 3640 ἢ
3056 3571 3230 3640 πέτρα
3269 3569 3302 3640 ἢ
3335 3568 3594 3632 κλαδέων,
3622 3569 3716 3622 καὶ
3749 3570 3856 3621 αὐ-

2253 3668 2338 3720 τοὶ
2389 3669 2656 3738 ἀτρεμεῖς
2705 3665 2798 3718 καὶ
2841 3665 3014 3733 ὑγιεῖς
3041 3703 3056 3726 ,
3083 3663 3344 3736 κρατεροί
3382 3662 3478 3714 καὶ
3530 3660 3851 3727 εὐσθενεῖς,

2257 3761 2609 3833 περικαλλεῖς
2656 3760 2751 3812 καὶ
2797 3757 3023 3820 εὐειδεῖς
3051 3773 3065 3786 ⁸
3097 3759 3226 3810 ὃταν
3265 3757 3323 3808 δέ
3367 3772 3497 3808 ποτε
3555 3756 3649 3808 καὶ
3690 3755 3856 3818 νόσος

2258 3850 2955 3923 κατακάμῴῃ,ἀθρήνητοι
3010 3845 3339 3912 ἐξέπνευσαν
3397 3846 3596 3918 ἡσυχῆ,
3649 3845 3854 3900 οὔκουν

2259 3946 2418 4009 ἀλλος
2461 3943 2681 3997 ἄλλοθεν
2719 3941 3136 4015 περιιστάμενοι
3181 3939 3404 4004 τούτους
3437 3939 3719 4009 πενθίμοις
3753 3941 3855 3992 καὶ

2260 4039 2472 4107 γοεροῖς
2523 4035 2738 4107 μέλεσιν
2789 4032 3244 4104 ἀπολοφύρονται,
3284 4032 3344 4085 οὐ
3397 4031 3731 4102 πλοκάμους,
3773 4032 3856 4096 ὡς

2262 4127 2574 4202 ἀνθρώποις
2605 4125 2745 4189 ἔθος,
2775 4125 2867 4176 ἐπὶ
2896 4126 2962 4194 τῇ
2993 4121 3103 4176 τῶν
3142 4123 3309 4192 φίλων
3343 4123 3728 4192 ἀποκείρονται
3759 4131 3857 4174 τε-

2262 4223 2426 4291 λευτῇ
2459 4236 2474 4252 ο
2508 4218 2600 4271 καὶ
2631 4216 2692 4269 τὸ
2730 4215 2838 4267 τῶν
2884 4213 3194 4284 εἰρημένων
3245 4214 3428 4282 μεῖζον
3463 4215 3543 4266 ὅτι
3590 4211 3856 4284 ἀταρϐεῐς

572 4325 822 4380 ἐντεῦθεν
870 4327 920 4376 οἱ
973 4323 1138 4394 θῆρες
1186 4324 1280 4375 καὶ
1326 4324 1516 4393 ἄφοϐοι
1562 4325 1659 4394 τὴν
1697 4325 1817 4377 κατ’
1873 4324 2069 4388 αὐτοὺς
2115 4320 2475 4376 ὐπεκδύνουσι
2524 4310 2693 4382 ζωὴν,
2744 4302 3004 4375 οὐδεμίαν
3053 4303 3289 4374 κρίσεως
3343 4303 3376 4373 ἢ
3424 4302 3698 4366 κολάσεως
3741 4303 3856 4360 ὑπ-

570 4422 889 4484 οπτεύοντες
925 4421 1031 4473 ἀπε
1040 4418 1176 4488 ιλήν.

570 4518 633 4573 Μ
673 4515 880 4583 Inspice
918 4513 1189 4566 hominum
1225 4509 1477 4561 miserum
1511 4521 1692 4574 genus,
1733 4512 1839 4559 etc.

643 4605 804 4667 Cum,
840 4604 1042 4674 inquit,
1071 4601 1202 4654 dicti
1233 4599 1286 4652 in
1327 4595 1742 4651 irrationalibus
1773 4594 2152 4649 animantibus

573 4695 996 4767 conspiciuntur
1023 4706 1226 4753 mores,
1267 4687 1536 4754 reliquum
1564 4683 2025 4739 considerandum
2044 4692 2151 4746 est,

571 4798 624 4843 ct
679 4785 903 4856 quantis
965 4777 1300 4851 deploranda
1369 4777 1650 4832 hominum
1703 4776 1874 4844 figura
1926 4775 2155 4829 exerci-

572 4890 720 4934 tatur
749 4876 930 4939 malis,
973 4874 1048 4927 ita
1079 4881 1139 4925 ut
1167 4871 1283 4940 ipse
1309 4877 1436 4922 ante
1479 4875 1841 4937 conspectum
1883 4866 2152 4921 creatoris

573 4982 846 5040 apparens
896 4964 1052 5018 dicas
1108 4960 1247 5015 nihil
1293 4959 1553 5018 debilius.
1581 4957 1717 5010 nihil
1771 4958 2152 5012 miserabilius

575 5063 721 5115 alere
738 5067 939 5114 terram
968 5070 1130 5126 quam
1146 5053 1440 5106 hominem.
1469 5049 1649 5102 Prima
1666 5065 1796 5119 ergo
1815 5049 2039 5104 vilitatis
2055 5051 2153 5104 de-

574 5151 902 5207 monstratio
935 5147 1080 5219 quod
1104 5147 1160 5200 in
1199 5144 1471 5215 principio
1498 5141 1882 5212 coagulatione
1919 5157 2155 5211 concep-

575 5245 746 5300 tionis
781 5242 1179 5310 lit,multisque
1199 5237 1483 5291 doloribus
1502 5234 1823 5302 subjacente
1846 5235 2154 5304 parturitur

577 5338 890 5394 etnutritur
913 5351 942 5388 a
982 5341 1155 5387 matre
1181 5328 1409 5397 ;deinde
1436 5328 1693 5381 lactatum
1722 5342 1884 5394 super
1913 5325 2154 5380 brachiis

576 5441 799 5504 gestans
827 5436 1001 5482 mater
1022 5424 1382 5480 circumducit
1416 5422 1559 5476 sicut
1591 5419 1737 5474 dulci
1780 5419 1932 5472 oneri
1969 5415 2154 5472 adhae-

577 5540 707 5580 rens
749 5520 978 5585 infanti;
1015 5515 1209 5572 moxin
1232 5523 1406 5570 strato
1441 5514 1650 5585 positus
1677 5511 1966 5582 supplodo,
2001 5511 2158 5581 vagio

578 5613 865 5670 doloribus
884 5624 1128 5681 pressus;
1146 5605 1270 5661 inde
1285 5603 1705 5677 quadrupedum
1723 5618 1875 5658 more
1896 5603 2152 5657 manibus

651 5762 762 5833 (56)
801 5758 953 5833 Cod._
996 5756 1442 5833 καταλειποῦσα,
1493 5756 1637 5814 unde
1693 5756 1926 5813 fortasse
1987 5753 2155 5813 scribi

583 5827 760 5892 uutest
796 5827 1193 5886 καταλιποῦσα.

2278 4498 2331 4553 Η
2383 4496 2583 4562 ’Ᾱθρει
2623 4491 2720 4545 καί
2765 4491 3048 4560 μερόπων
3078 4489 3284 4545 δειλόν
3308 4490 3504 4560 γένος,
3537 4509 3587 4545 κ.
3615 4508 3664 4545 τ.
3690 4491 3743 4544 λ.

2332 4585 2573 4656 Ἐπειδὴ,
2600 4583 2756 4654 φησὶ,
2795 4584 2864 4637 τά
2886 4582 3152 4654 εἰρημένα
3198 4583 3256 4635 ὲν
3289 4585 3402 4646 τοῖς
3433 4582 3650 4650 ἀλόγοις
3676 4582 3850 4636 ἐθεώ-

2263 4680 2402 4753 ρήθη
2440 4677 2598 4744 ζώοις
2636 4676 2904 4747 ἰδιώματα
2926 4715 2940 4736 ,
2973 4673 3234 4728 σκεπτέον
3276 4675 3368 4726 ἐπὶ
3401 4673 3610 4738 τούτοις
3643 4675 3853 4742 λοιπὸν,

2261 4773 2355 4824 καὶ
2394 4769 2524 4830 οἵοις
2559 4769 2591 4838 ἡ
2619 4766 2827 4819 δειλαία
2871 4765 2979 4818 τῶν
3021 4763 3330 4838 ἀνθρώπων
3359 4765 3542 4836 μορφὴ
3573 4765 3857 4818 ταλαιπω-

2265 4868 2436 4936 ρεῖται
2484 4863 2695 4922 κακοῖς,
2725 4859 2800 4920 ώς
2843 4858 2909 4911 ἂν
2958 4857 3052 4910 καὶ
3092 4855 3254 4918 αὐτὸς
3293 4857 3437 4908 κατά
3485 4856 3575 4908 τὸν
3622 4858 3858 4928 ποιητὴν

2262 4954 2682 5025 ἀποφηνάμενος
2717 4951 2895 5023 εἴπῃς,
2925 4947 3001 5014 ὡς
3015 4951 3167 5004 οὐδὲν
3199 4949 3544 5020 ἀκιδνότερον
3592 4949 3626 5016 ἢ
3653 4947 3856 5003 ἀθλιώα

2262 5049 2476 5118 τερονή
2511 5046 2583 5115 γῆ
2632 5041 2725 5096 τοῦ
2765 5040 3059 5113 ἀνθρώπου
3093 5041 3310 5114 τρέφει.
3357 5041 3555 5111 Πρώτη
3611 5040 3712 5111 μὲν
3759 5037 3858 5095 οὖν

2262 5140 2540 5201 εὐτελείας
2572 5135 2828 5200 ἔνδειξις,
2853 5134 2915 5188 τὸ
2954 5137 3108 5206 ροιῆς
3148 5133 3528 5206 πηγνυμένης,
3565 5135 3685 5203 ἢτοι
3724 5133 3856 5204 ῥεύ-

2265 5249 2420 5294 σεως,
2455 5225 2593 5281 εἶναι
2639 5226 2797 5296 γόνον
2843 5229 2901 5279 ὲν
2932 5227 3168 5296 ἀρχαῖς,
3205 5227 3360 5295 μόγῳ
3394 5223 3451 5278 δὲ
3491 5225 3586 5277 καὶ
3630 5223 3859 5288 πολλαῖς

2265 5322 2657 5384 κακοπαθείαις
2697 5319 2989 5388 γεννᾶσθαι
3022 5319 3115 5372 καὶ
3161 5317 3566 5389 ἀνατρέφεσθαι
3606 5317 3708 5386 τῆς
3746 5333 3856 5386 μη-

2263 5416 2392 5486 τρός
2413 5433 2427 5445 θ
2460 5408 2577 5466 εἶτα
2618 5412 3232 5483 γαλακτοτροφούμενον
3271 5410 3358 5462 ἐπ’
3387 5407 3646 5478 ἀγκαλῶν
3690 5411 3725 5480 ἡ
3753 5410 3860 5480 μή-

2263 5525 2370 5579 τηρ
2398 5508 2599 5577 ὀχοῦσα
2642 5507 2921 5576 περιάγει,
2955 5505 3029 5567 ὡς
3079 5502 3272 5571 γλυκεῖ
3330 5501 3480 5571 πόνῳ
3505 5501 3857 5572 προσέχουσα

2264 5599 2343 5670 τῷ
2379 5598 2567 5670 βρέφει
2599 5616 2611 5627 .
2642 5597 2834 5651 ἔπειτα
2873 5596 3011 5668 πρὸς
3058 5594 3134 5666 τῷ
3189 5593 3375 5664 ἐδάφει
3414 5592 3697 5656 τιθέμενος
3738 5594 3857 5645 ἑπι-

2338 5756 2451 5825 (57)
2503 5755 2928 5829 Ἐμπίμπλησι,
2970 5754 3050 5812 sic
3106 5753 3306 5812 codex.
3364 5765 3418 5808 v.
3477 5749 3733 5817 Lobeik,
3783 5748 3854 5803 ad

2264 5824 2474 5895 Ph'ri/n.
2506 5842 2559 5890 υ.
2583 5826 2675 5883 95.
