4108 6376
299 347 402 408 759

1283 346 1349 406 IN
1387 349 1691 409 CARMINX
1734 348 2013 410 ARCANA
2056 348 2113 410 S.
2156 350 2507 413 GREGORII.
3435 356 3538 419 730

296 468 466 541 τρίὸω
494 465 590 538 τὴν
616 468 720 538 γῆν
749 465 844 520 καὶ
872 466 1281 537 κλαυθμυρίζω,
1313 472 1428 533 τοῖς
1457 469 1647 539 ἄλγεσι
1679 470 1872 524 πονούο

1973 486 2036 527 ac
2058 471 2295 541 pedibus
2325 488 2491 545 super
2518 472 2636 528 solo
2679 481 2867 545 repto;
2910 484 3125 529 rursum
3158 473 3282 531 inde
3308 491 3542 550 surgens

300 579 458 633 μενος
496 577 509 591 ·
539 558 788 615 ἐντεῦθεν
840 558 1183 630 τετραπόδων
1234 561 1509 633 ὁμοιότητι
1564 564 1720 633 χερσὶ
1777 564 1868 617 καὶ

1974 570 2024 617 et
2064 565 2294 619 tremulo
2328 564 2461 634 pede
2488 565 2707 634 gradive
2734 575 2972 630 tentaus,
3001 582 3112 637 pra:
3172 582 3337 624 casus
3387 582 3537 625 metu

297 636 425 703 ποσὶ
453 650 596 702 κατὰ
628 647 723 700 τοῦ
756 647 984 716 ἐδάφους
1015 646 1349 719 ὲπισύρομαι
1384 665 1399 679 ο
1431 650 1869 704 πάλινὲντεῦθεν

294 739 506 811 ἀρθεὶς,
534 739 629 792 καὶ
653 741 941 810 τρομεροῖς
977 738 1146 808 ῐχνεσι
1188 738 1515 809 βηματίζειν
1550 740 1867 811 ἐπιχειρῶν,

292 830 465 901 δειλίᾳ
523 830 622 900 τῆς
672 828 935 892 πτώσεως
977 830 1075 891 τὰς
1116 830 1376 900 παλάμας
1412 831 1866 901 διακλεπτόμενος

294 924 594 977 ὲκτέτακα·
632 921 770 993 μετά
808 920 984 975 ταῦτα
1026 923 1209 991 φωνῆς
1236 922 1509 994 ἀνάρθρου
1539 923 1865 993 ψελλίσμασι

294 1014 412 1075 νοὸς
436 1010 777 1082 ἀνθρωπίνου
819 1012 964 1081 ἴχνος
986 1012 1331 1080 ἐπιφαίνεται
1363 1030 1375 1043 ·
1410 1014 1549 1082 μετά
1569 1012 1743 1066 ταῦτα
1775 1014 1869 1066 καὶ

293 1106 452 1174 λόγος
494 1103 573 1174 τῷ
615 1103 767 1157 παιδὶ
814 1102 1259 1173 διαρθρούμενος,
1305 1104 1406 1157 οὐκ
1457 1104 1753 1173 ἀδακρυτὶ,
1782 1105 1869 1173 ὑφ’

294 1208 527 1278 ἡγεμόσι
564 1206 619 1258 δὲ
665 1208 776 1269 τοῖς
822 1206 1051 1277 δάκρυσι
1085 1209 1229 1262 κατά
1262 1208 1458 1281 μικρὸν
1500 1210 1600 1280 τῆς
1645 1208 1868 1279 πρώτης

295 1317 602 1374 τρανουται.

286 1438 614 1506 Εἱκοσέτης
649 1439 980 1510 συνάγειρα
1016 1441 1224 1510 μένος,
1254 1460 1307 1495 κ.
1342 1459 1392 1494 τ.
1425 1442 1502 1509 ἑξ.

362 1551 551 1614 Μόλις,
610 1552 794 1621 φησὶν,
849 1555 1167 1624 εἰκοσαέτης
1216 1556 1527 1624 γενόμενος,
1581 1555 1678 1627 τὴν
1717 1556 1870 1626 ἀνδρὶ

291 1642 645 1711 καθήκουσαν
664 1642 893 1713 δύναμιν
915 1644 1265 1715 συνήθροισα·
1286 1646 1380 1699 καὶ
1398 1645 1585 1718 ὥσπερ
1606 1664 1690 1710 τις
1711 1646 1871 1717 ἀθλη-

289 1735 389 1805 τὴς
416 1737 474 1787 ὲν
496 1734 710 1805 θεάτρῳ
736 1735 815 1805 τῷ
839 1735 937 1806 βίῳ
960 1737 1255 1799 καταστὰς,
1282 1737 1499 1801 πολλοῖς
1518 1741 1599 1792 ὅτι
1633 1739 1865 1808 μάλιστα

291 1825 476 1889 πόνοις
522 1826 616 1878 καὶ
664 1826 855 1887 κόποις
887 1827 1029 1880 κατά
1052 1828 1345 1897 πρόσωπον
1367 1829 1707 1883 ἀντιϐολοῦσι
1740 1846 1865 1882 συν-

291 1917 538 1988 εκύρησα
559 1935 572 1949 ο
601 1917 730 1972 ἄλλο
781 1919 879 1989 μὲν
908 1915 1001 1972 οὖν
1048 1937 1105 1971 σε
1138 1919 1245 1972 τῶν
1278 1920 1591 1975 λυπούντων
1638 1923 1779 1976 κατά
1807 1923 1868 1975 τὸ

291 2008 386 2061 νῦν
440 2008 623 2062 θλίϐον
665 2010 1000 2073 ἐπιτίθεται,
1045 2012 1171 2065 ἄλλο
1211 2012 1255 2065 δ’
1299 2013 1507 2083 ἀπῆλθε
1560 2014 1639 2083 τῷ

294 2099 759 2170 συμπαρῳχηκὸς,
792 2100 970 2164 ἄλλοις
996 2100 1072 2163 δὲ,
1104 2094 1148 2153 ὧ
1180 2100 1346 2174 ψυχὴ,
1373 2100 1433 2155 εὖ
1475 2103 1607 2166 ῐσθι,
1633 2104 1722 2157 τὸν
1755 2104 1867 2175 βίον

294 2186 520 2257 περῶσα
555 2190 910 2258 συναντήσεις
946 2192 1001 2251 ἐς
1026 2188 1087 2242 τὸ
1118 2188 1271 2244 ἐπιὸν
1307 2191 1619 2265 μοχθηροῖς,
1647 2196 1736 2246 καὶ
1762 2196 1867 2263 γὰρ

296 2277 411 2349 βίον
436 2280 608 2349 περᾷς
632 2278 820 2350 ῶσπερ
846 2278 968 2333 τινά
1001 2280 1157 2334 ὁλκὸν
1190 2282 1435 2351 ποταμοῦ
1466 2285 1736 2356 ἀνάρῤουν
1774 2286 1867 2336 αύ-

292 2369 383 2421 τὸν
428 2369 838 2439 ἐκϐιαζόμενος,
862 2370 1154 2441 ἐμπαλινῆ
1191 2371 1352 2435 αὐτὸς
1389 2374 1567 2443 βούλει
1596 2392 1653 2427 σε
1688 2376 1869 2428 συνέλ-

292 2461 539 2531 κοντα,ἣ
588 2460 663 2523 ὦς
692 2478 743 2513 τι
793 2461 972 2531 ῥεῦμα
1021 2464 1293 2535 θαλάσσης
1333 2462 1533 2535 βίαιον,
1566 2460 1667 2519 ὦδε
1709 2471 1870 2520 κακεῑ

291 2551 580 2622 περιέλκον
621 2552 713 2603 καὶ
762 2552 1065 2622 περισπῶν,
1094 2554 1121 2605 ὃ
1169 2556 1231 2625 δὴ
1274 2559 1503 2621 πυκναῖς
1543 2557 1868 2628 πνευμάτων

291 2642 608 2713 ἑμπτὼσεσι
653 2645 1054 2715 ἀναϐράττεται
1090 2645 1182 2698 καὶ
1232 2647 1524 2717 ῥιπίζεται.
1561 2649 1739 2702 Πολλά
1771 2651 1868 2719 μὲν

289 2733 406 2799 οὖν,
453 2737 618 2808 φησὶν
646 2737 675 2788 ό
701 2737 1039 2802 διδάσκαλος,
1086 2742 1206 2802 ταίς
1261 2733 1468 2793 ἑαυτῶν
1517 2742 1721 2804 ἀνοίαις
1777 2743 1870 2795 καὶ

291 2829 624 2900 ἀφροσύναις
662 2830 916 2901 ἑπόμενοι
946 2832 1321 2902 πειραζόμεθα
1343 2846 1356 2860 ⁸
1392 2832 1491 2885 ὅσα
1520 2832 1718 2903 δηλαδὴ
1753 2832 1869 2896 ταῖς

289 2922 538 2990 ἀνοήτοις
600 2922 918 2992 ἐπιθυμίαις
982 2918 1071 2976 καὶ
1137 2922 1429 2995 βλαὸεραίς
1496 2922 1869 2996 ύπηρετούμε-

291 3027 373 3065 νοι
417 3013 795 3085 ἑκτρυχόμεθα
825 3030 844 3044 τ
881 3011 1109 3067 πλείστα
1151 3015 1194 3068 δ’
1226 3016 1328 3068 ὅσα
1376 3016 1467 3068 καὶ
1513 3012 1541 3069 ὀ
1583 3017 1682 3086 τῆς
1728 3018 1867 3088 ήμεο

289 3105 459 3176 τέρας
498 3106 635 3177 πρὸς
686 3102 817 3159 Θεὸν
868 3106 1103 3168 νεύσεως
1156 3107 1385 3176 καὶτῆς
1436 3108 1579 3161 κατά
1635 3106 1866 3178 Χριστὸν

293 3195 441 3267 ζωῆς
482 3197 882 3266 Ἀντικείμενος
912 3199 974 3251 ἐκ
1000 3198 1189 3265 φθόνου
1220 3195 1312 3251 καὶ
1343 3199 1639 3269 βασκανίας
1666 3204 1870 3255 ἐπινοεῖ

291 3288 352 3340 δυ
364 3305 449 3357 σχε
460 3289 540 3359 ρῆ.

294 3389 361 3444 59
395 3392 461 3444 El
649 3407 758 3443 κεν
796 3385 913 3445 ὅσα
956 3393 1177 3460 τερπνὰ
1224 3394 1319 3445 καὶ
1376 3387 1869 3535 όππόσα[ϐ.λίυγρά

1637 3514 1653 3527 ,
1687 3483 1798 3519 ιοιο

1637 3483 1798 3527 ,σιοιο

292 3530 362 3585 60
414 3532 971 3596 Ἁντιταλανιτεύοις,
1009 3550 1061 3585 κ.
1089 3550 1140 3586 τ.
1172 3534 1221 3586 λ.

368 3651 539 3722 Εἴπερ
578 3650 643 3721 δὴ
682 3646 797 3717 οὖν,
833 3652 996 3721 φησὶν
1030 3654 1058 3704 ὁ
1098 3652 1197 3722 τῆς
1228 3650 1485 3724 ἀληθείας
1529 3651 1865 3725 καθηγητὴς.

294 3743 363 3793 τὰ
417 3742 627 3813 χρηστά
672 3742 766 3795 τού
821 3744 937 3812 βίου
975 3743 1128 3796 τοῦδε
1174 3747 1287 3808 τοῖς
1338 3740 1603 3815 λυπηροῖς
1654 3748 1869 3799 ἀντιτα-

294 3834 573 3897 λαντεύοις
616 3834 1003 3904 σταθμώμενος
1051 3836 1126 3899 ὡς
1174 3838 1230 3889 ἐν
1261 3836 1427 3906 ζυγῷ,
1456 3838 1597 3889 κατά
1631 3837 1765 3890 πολὺ
1803 3832 1868 3890 ἂν

296 3929 328 3995 ἡ
370 3926 476 3978 τῶν
506 3927 691 3979 κακῶν
724 3925 989 3994 πλάστιγξ
1021 3927 1349 3997 βαρυνθεῖσα
1393 3928 1745 4000 κατενεχθείη
1776 3931 1869 3982 ἐπὶ

295 4022 419 4089 γῆν,
457 4022 489 4089 ή
525 4019 582 4072 δὲ
612 4020 721 4071 τῶν
758 4018 978 4087 ἀγαθῶν
1028 4021 1120 4072 καὶ
1167 4020 1411 4089 τερπνῶν
1448 4021 1533 4086 ἐφ’
1582 4019 1713 4089 ὕψος
1755 4038 1872 4075 κου-

296 4111 512 4182 φισθείή
540 4111 677 4180 πρὸς
710 4111 965 4180 οὐρανόν·
1000 4111 1191 4173 οὕτως,
1226 4109 1415 4171 εἰπὼν,
1441 4112 1560 4163 κατ’
1589 4105 1726 4174 εἶδος
1752 4112 1871 4182 ἀρι-

294 4204 512 4273 θμεῖται
541 4204 753 4274 πρῶτον
776 4204 842 4255 τὰ
873 4204 1110 4275 λυπηρὰ,
1141 4204 1296 4275 δῆρις
1328 4204 1422 4256 καὶ
1452 4205 1620 4273 μάχαι
1643 4207 1759 4267 τοῖς
1782 4203 1871 4257 τὸν

294 4299 494 4368 τρόπον
539 4298 875 4368 πολεμικοῖς,
914 4297 1106 4359 πόντος
1136 4297 1230 4349 καὶ
1262 4297 1492 4350 κίνδυνοι
1516 4300 1629 4359 τοῖς
1655 4297 1869 4350 ναυτιλκ

294 4388 560 4457 λομένοις,
612 4389 822 4459 ἄρουρα
869 4389 963 4441 καλ⁸
1008 4389 1248 4449 κόπωσις
1288 4391 1397 4451 τοῖς
1440 4389 1726 4458 γεωργοῖς,
1756 4392 1869 4452 τοῖς

294 4478 755 4547 ἐμπορευομένοις
809 4479 900 4529 καὶ
962 4478 1211 4530 πλουτεῖν
1269 4476 1542 4530 ἐθέλουσιν
1596 4477 1869 4533 ἐπίϐουλοι

294 4570 485 4637 ἄνδρες
518 4569 856 4636 παρέπονται
906 4568 1001 4620 καὶ
1051 4568 1368 4640 λῃστρικοί·
1428 4569 1522 4620 καὶ
1564 4572 1674 4633 τοῖς
1708 4570 1867 4641 εὐρυ-

296 4664 447 4723 ϐόαις
496 4662 592 4732 μὲν
638 4664 731 4714 καί
774 4660 1163 4729 πολυκτησίαις
1204 4662 1454 4730 χαίρουσι
1496 4660 1868 4732 δασμογράφοι

294 4756 388 4808 καὶ
424 4755 695 4818 ἐξισωταὶ,
720 4754 811 4806 καὶ
834 4754 941 4805 τῶν
966 4754 1145 4825 φόρων
1176 4755 1478 4823 πράκτορες
1509 4753 1869 4824 ἀπαραίτητοι

297 4847 658 4916 παρίστανται
680 4862 693 4874 ⁸
717 4848 827 4907 τοῖς
849 4845 1279 4916 πολιτευομένοις
1301 4844 1355 4897 δὲ
1383 4848 1476 4898 καὶ
1506 4848 1631 4917 περὶ
1657 4846 1868 4914 βίϐλους

293 4940 387 4992 καὶ
416 4938 605 5005 λόγους
640 4937 957 5006 σχολάζουσι
990 4938 1217 5009 ῥήτορες
1256 4937 1402 4989 ἔστιν
1436 4938 1523 4989 ὅτε
1572 4938 1733 4989 δεινοὶ
1777 4940 1870 4990 καὶ

296 5031 627 5095 συκοᾳάνται
655 5028 749 5081 καὶ
773 5028 962 5098 κριτὴς
992 5029 1175 5091 ἄδικος
1215 5030 1307 5081 καὶ
1329 5030 1511 5099 ἄρχων
1537 5029 1634 5091 τὰς
1657 5031 1869 5099 ψήφους

292 5123 392 5173 οὐκ
419 5120 633 5183 εὐθείας
652 5119 930 5181 διατιθείς.
960 5120 1069 5171 Καὶ
1091 5120 1261 5173 ταῦτα
1291 5120 1387 5188 μὲν
1407 5120 1473 5171 τὰ
1504 5119 1753 5174 ἐπώδυνα
1774 5122 1867 5172 τοῦ

292 5212 524 5265 ἐλεεινοῦ
558 5211 672 5281 βίου
710 5212 960 5279 παίγνια,
1000 5212 1106 5263 τῶν
1141 5212 1381 5280 ματαίων
1406 5212 1708 5281 ἀνθρώπων
1739 5229 1870 5264 κατα

291 5304 600 5374 ορχούμενα
624 5303 723 5372 τῆς
757 5304 921 5372 ζωῆς.
952 5304 1181 5356 Σκοπεῖν
1206 5302 1268 5373 δή
1295 5298 1387 5355 οὖν
1418 5302 1565 5369 ἄξιον
1594 5304 1688 5355 καὶ
1711 5303 1869 5356 ὁποῖά

288 5397 406 5448 ἐστι
431 5396 498 5448 τὰ
538 5395 769 5465 τερπνὰ,
799 5395 960 5465 κόρος
1004 5397 1097 5447 καὶ
1122 5396 1355 5465 γαστρὸς
1391 5394 1673 5465 πλησμονή
1704 5413 1716 5425 ι
1776 5396 1870 5447 καὶ

288 5486 449 5538 τοῦτο
486 5486 623 5557 βαρύ
660 5504 718 5538 τε
747 5488 839 5539 καὶ
874 5487 1109 5555 ἐπαχθές
1127 5502 1138 5515 ·
1164 5483 1315 5557 ᾆσμα
1342 5487 1434 5540 καὶ
1455 5486 1710 5554 γέλωτες·
1742 5486 1871 5538 ἄλλο

291 5580 541 5644 παίγνιον
569 5593 583 5606 ’
637 5576 889 5648 λαμπραὶ
929 5577 1149 5648 τύμϐων
1200 5575 1571 5631 κατασκευαί·
1624 5578 1785 5631 αὑταὶ
1812 5578 1870 5630 δὲ

292 5668 522 5739 πλήρεις
565 5669 838 5721 ὀδωδότων
868 5669 1100 5739 ὁρῶνται
1130 5669 1369 5739 νεκρῶν·
1410 5669 1534 5720 ἕδνα
1568 5669 1869 5737 περισπού-

289 5762 459 5811 δαστα
490 5761 585 5813 καὶ
608 5764 969 5833 προγαμιαίαι
995 5760 1215 5829 δωρεαὶ,
1241 5761 1335 5812 καὶ
1352 5760 1528 5830 προὶξ,
1555 5760 1645 5811 καὶ
1672 5761 1866 5828 γάμος,

293 5853 385 5905 καὶ
424 5851 675 5919 δεύτερος
707 5852 965 5915 πολλάκις
1014 5851 1106 5904 τοῦ
1150 5850 1366 5923 πρώτου
1404 5850 1746 5913 διακοπέντος
1795 5851 1869 5921 τῷ

1970 670 2168 712 manus
2200 659 2532 728 protendens
2564 668 2852 729 pertento;
2887 670 3146 730 praeterea
3165 658 3367 733 linguae
3409 665 3545 720 titu-

1968 747 2149 803 bantis
2193 750 2334 804 male
2378 751 2676 805 articulatae
2716 753 3001 822 vestigium
3045 754 3273 822 spiritus
3316 755 3545 812 humani

1973 837 2287 902 ostendunt,
2315 848 2499 909 postea
2530 849 2583 894 et
2608 856 2788 895 sermo
2815 843 2867 895 in
2900 857 3067 911 puero
3091 844 3412 911 emendatus
3432 862 3545 901 non

1975 929 2097 984 sine
2133 929 2409 999 lacrymis,
2439 932 2575 1002 ipsis
2603 933 2910 988 rectoribus
2942 934 3220 1005 lacrymis,
3253 942 3546 991 transeun-

1975 1022 2125 1079 tibus
2163 1030 2366 1079 tenera:
2404 1026 2582 1081 :ctatis
2614 1026 2806 1097 primis
2837 1034 2890 1081 et
2916 1028 3175 1084 secundis
3204 1028 3366 1083 annis
3405 1030 3547 1084 inci-

1978 1116 2057 1185 plt
2090 1117 2238 1171 clare
2267 1117 2630 1174 manifestari.

1919 1227 1979 1261 τε
2032 1213 2128 1265 καὶ
2176 1209 2437 1285 δευτέρας
2495 1214 2710 1285 ἡλικίας
2760 1213 3165 1286 παροδευούσης
3209 1214 3396 1285 σαφῶς
3428 1215 3547 1271 δια-

1981 1442 2289 1498 Vicesimum
2322 1449 2580 1517 attingens
2606 1464 2803 1501 annum
2826 1447 3190 1517 fortitudinem
3214 1448 3420 1519 collegi,
3437 1459 3544 1505 etc.

2050 1556 2172 1621 Vix,
2192 1559 2386 1627 inquit,
2406 1560 2596 1628 viginti
2616 1576 2790 1616 annos
2811 1569 2996 1623 natus.
3027 1560 3406 1616 fortitudinem
3426 1561 3548 1615 viro

1968 1652 2381 1705 convenientem
2417 1662 2705 1707 assecutus
2735 1668 2880 1711 sum.
2910 1660 2964 1707 et
2996 1652 3141 1706 sicut
3186 1651 3389 1706 athleta
3430 1652 3553 1721 qui-

1968 1743 2093 1796 dam
2120 1742 2174 1795 in
2200 1743 2323 1796 vita:
2353 1743 2567 1797 theatro
2598 1758 2867 1815 apparens
2887 1744 3078 1799 multis
3098 1752 3153 1799 et
3182 1759 3347 1814 quam
3373 1744 3549 1798 maxi-

1971 1836 2078 1889 mis
2104 1833 2387 1888 laboribus
2416 1842 2472 1887 et
2512 1833 2777 1888 aerumnis
2806 1834 3023 1889 obviam
3075 1834 3415 1889 irruentibus
3452 1848 3549 1888 oc-

1969 1926 2146 1991 curri;
2179 1924 2327 1978 aliud
2358 1925 2580 1994 quidem
2631 1923 2821 1979 dolore
2858 1932 2912 1978 te
2964 1925 3019 1978 in
3064 1925 3320 1995 prasenti
3367 1932 3550 1978 conte-

1972 2030 2099 2070 rens
2146 2016 2477 2085 apponitur,
2535 2015 2685 2069 aliud
2739 2030 2868 2071 vero
2945 2030 3052 2069 una
3114 2030 3241 2070 cum
3302 2024 3551 2085 tempore

1970 2109 2135 2162 simul
2164 2108 2319 2178 fugit,
2356 2108 2479 2163 aliis
2509 2109 2710 2173 adhuc,
2749 2123 2781 2160 0
2822 2107 3027 2173 anima,
3086 2115 3235 2161 certe
3277 2106 3329 2160 id
3376 2107 3547 2167 scias.

1970 2216 2067 2269 per
2104 2201 2269 2254 vitam
2307 2200 2580 2253 transiens
2616 2199 2671 2253 in
2701 2198 2946 2253 futurum
2998 2193 3155 2251 duris
3186 2198 3347 2251 obvia
3395 2198 3547 2263 eris;

1976 2307 2212 2360 namque
2242 2307 2339 2363 per
2363 2293 2533 2345 vitam
2566 2292 2773 2347 transis
2799 2291 2960 2362 quasi
2992 2305 3088 2360 per
3114 2291 3291 2346 amnis
3320 2304 3548 2345 cursum

1976 2393 2029 2437 te
2088 2384 2139 2436 vi
2188 2399 2382 2455 magna
2432 2385 2772 2453 abripientis.
2835 2382 2901 2436 Et
2954 2397 3173 2437 rursum
3261 2379 3349 2437 vel
3429 2382 3549 2452 ipse

1971 2484 2025 2527 te
2068 2474 2302 2529 trahenti
2364 2476 2631 2539 assentis,
2693 2476 2779 2530 Vel
2854 2476 2998 2529 sicut
3068 2472 3267 2528 ﬂuctus
3322 2472 3547 2543 quidam

1972 2568 2138 2621 maris
2184 2576 2454 2631 coactus,
2522 2569 2603 2623 sic
2680 2567 2958 2637 abripiens
3020 2574 3076 2621 et
3144 2565 3391 2619 avellens
3454 2564 3552 2633 qui

1975 2663 2176 2715 iterum
2239 2671 2402 2730 atque
2464 2663 2662 2715 iterum
2730 2669 3016 2714 ventorum
3093 2658 3317 2712 flatibus
3361 2656 3551 2710 turba-

1973 2765 2061 2808 tur
2094 2765 2149 2809 et
2184 2756 2428 2809 tumidus
2457 2756 2538 2811 lit.
2567 2754 2793 2808 Multum
2841 2767 2993 2823 ergo,
3040 2750 3216 2819 inquit
3262 2749 3550 2819 magister,

1974 2845 2177 2899 nostris
2207 2844 2453 2913 profanis
2482 2843 2913 2915 cogitationibus
2940 2853 2995 2899 et
3041 2841 3427 2897 deliramentis
3469 2840 3550 2893 in-

1974 2937 2331 3006 sequentibus
2368 2945 2647 2989 tentamur
2685 2954 2697 2989 :
2739 2950 2905 3007 quam
2960 2934 3151 2988 multis
3176 2931 3422 3003 profecto
3451 2929 3546 2984 in-

1977 3030 2126 3084 sanis
2153 3038 2205 3082 et
2243 3029 2458 3083 nocivis
2506 3025 2795 3082 desideriis
2834 3025 3213 3081 consumimur
3249 3030 3459 3078 tantum
3495 3030 3553 3076 et

1979 3122 2099 3191 plus
2130 3121 2305 3177 nostri
2342 3136 2474 3190 erga
2507 3119 2676 3175 Deum
2711 3118 2961 3187 obsequii
2993 3124 3157 3186 atque
3188 3116 3314 3170 vita;
3346 3130 3551 3169 secun-

1976 3213 2103 3266 dum
2142 3210 2426 3267 Christum
2450 3210 2810 3265 Adversarius
2842 3224 2951 3279 pra:
2982 3208 3188 3263 invidia
3235 3206 3546 3278 suggestio-

1978 3303 2144 3358 nibus
2183 3302 2392 3357 dolosis
2416 3300 2655 3356 dimcilia
2677 3302 2933 3357 suscitat.

1976 3404 2042 3472 59
2085 3403 2296 3458 Etenim
2319 3406 2365 3457 si
2399 3405 2577 3458 omnia
2607 3404 2743 3457 bona
2767 3403 3047 3472 omniaque
3067 3402 3188 3455 vita:
3213 3402 3359 3453 mala

1977 3470 2044 3527 60
2087 3475 2431 3543 Appenderis,
2459 3483 2563 3527 etc.

2050 3659 2106 3711 Si
2155 3674 2319 3727 ergo,
2375 3657 2552 3727 inquit
2596 3664 2781 3710 orator
2821 3656 2974 3725 juxta
3027 3655 3351 3717 veritatem,
3408 3668 3554 3707 com-

1978 3751 2138 3804 moda
2175 3750 2298 3804 vitae
2333 3748 2495 3818 hujus
2539 3748 2875 3803 calamitosis
2914 3746 3341 3817 a'quiparaveris
3392 3748 3551 3815 quasi

1978 3843 2032 3896 in
2060 3843 2296 3905 bilance,
2331 3843 2601 3896 malorum
2628 3840 2841 3893 lancula
2889 3849 3166 3909 premente
3199 3840 3445 3910 pondere
3480 3838 3553 3892 fe-

1979 3947 2129 3991 retur
2173 3934 2237 3987 ad
2282 3942 2507 3997 terram,
2574 3932 2841 3986 bonorum
2898 3944 3028 3987 vero
3075 3938 3129 3983 et
3178 3929 3550 4000 jucundorum

1979 4027 2195 4081 lancula
2225 4027 2277 4080 in
2309 4026 2477 4079 altum
2535 4023 2788 4077 alleviata
2827 4022 2894 4075 ad
2927 4022 3125 4077 malum
3142 4020 3438 4075 attolletur.
3460 4017 3553 4075 Sic

1979 4118 2171 4174 dicens
2184 4134 2280 4188 per
2307 4118 2517 4187 species
2547 4118 2806 4185 supputat
2837 4113 3012 4185 primo
3038 4112 3391 4179 calamitosa;
3419 4113 3554 4167 rixas

1978 4214 2033 4261 et
2057 4205 2248 4275 prmlia
2274 4220 2374 4275 pro
2410 4203 2760 4259 bellatoribus
2807 4220 2872 4257 ex
2926 4202 3171 4272 ipsorum
3211 4200 3552 4264 conditione,

1980 4314 2130 4352 mare
2162 4304 2216 4351 et
2243 4296 2481 4365 pericula
2523 4310 2618 4365 pro
2658 4294 3064 4364 navigantibus,
3113 4293 3287 4349 aratio
3323 4298 3376 4346 ct
3424 4288 3553 4345 fati-

1975 4391 2122 4460 gatio
2141 4406 2237 4459 pro
2280 4387 2571 4456 agricolis,
2618 4400 2717 4456 pro
2768 4385 3199 4454 negotiatoribus
3234 4393 3289 4439 et
3350 4384 3417 4437 iis
3457 4385 3553 4455 qui

1977 4478 2176 4535 divites
2206 4481 2396 4533 volunt
2427 4477 2541 4533 fieri
2600 4488 2730 4531 sunt
2780 4474 3106 4531 insidiantes
3160 4476 3259 4528 viri
3312 4485 3364 4529 et
3390 4477 3557 4530 latro.

1978 4589 2107 4638 nes;
2139 4580 2192 4626 et
2222 4580 2540 4642 arroganter
2591 4569 2943 4639 loquentibus
2996 4578 3050 4622 et
3106 4569 3558 4637 possessionibus

1978 4668 2168 4721 multis
2231 4667 2596 4735 gaudentibus
2659 4664 3101 4715 circumcurrunt
3161 4672 3447 4717 exactores
3498 4670 3556 4715 et

1978 4760 2264 4829 Vectigalia
2298 4760 2625 4826 imperantes
2672 4764 2724 4810 ct
2766 4754 3098 4806 tributorum
3159 4768 3387 4805 censum
3446 4753 3553 4805 ini-

1980 4858 2244 4921 ponentes
2280 4865 2417 4919 quos
2446 4849 2593 4902 nullo
2618 4846 2778 4900 modo
2800 4844 3049 4907 flexeris;
3101 4843 3358 4910 sulijectit
3394 4851 3448 4895 et
3494 4851 3555 4896 ut

1980 4942 2070 5010 qui
2097 4942 2251 4995 libris
2290 4943 2344 4992 ct
2393 4934 2724 5005 eloquentiae
2769 4936 2948 4988 studia
2986 4933 3249 4987 adhibent
3298 4932 3554 4987 doctores

1980 5030 2250 5099 contingit
2278 5039 2337 5082 ut
2360 5028 2469 5081 sint
2502 5024 2830 5080 formidandi
2861 5032 2915 5078 et
2935 5022 3387 5087 calumniatores,
3424 5034 3553 5077 sunt

1978 5132 2031 5175 et
2062 5121 2228 5190 judex
2259 5117 2497 5188 iniustus
2528 5126 2581 5169 et
2608 5116 2863 5185 princeps
2888 5128 3089 5168 causas
3113 5129 3222 5167 non
3258 5121 3403 5168 recte
3430 5131 3553 5185 pro-

1980 5212 2323 5275 nuntians;et
2357 5210 2462 5264 ista
2487 5209 2705 5278 quidem
2753 5221 3063 5262 azrumnosa
3114 5206 3439 5262 miseranda:
3476 5211 3555 5261 vi-

1979 5313 2048 5358 tae
2102 5302 2419 5371 crepundia,
2460 5302 2660 5370 quibus
2690 5301 2843 5355 stulti
2878 5299 3125 5354 homines
3174 5300 3231 5353 in
3284 5314 3401 5353 aivo
3437 5300 3558 5356 dis-

1979 5398 2244 5449 tinentur.
2276 5392 2638 5447 Considerare
2674 5398 2728 5444 et
2758 5391 2985 5460 dignum
3011 5398 3096 5443 est
3136 5405 3257 5458 quin
3292 5392 3402 5444 sint
3456 5391 3551 5459 jur-

1981 5487 2181 5551 cunda,
2220 5486 2484 5540 saturitas
2513 5494 2569 5537 et
2596 5483 2805 5536 ventris
2831 5481 3093 5551 cxpletio,
3115 5498 3281 5551 grave
3328 5498 3556 5553 quoque

1979 5574 2031 5627 id
2064 5582 2147 5628 est
2175 5582 2341 5641 atque
2372 5572 2603 5625 toleratu
2637 5570 2874 5634 dillicile;
2899 5578 3102 5625 cantus
3145 5584 3199 5625 et
3244 5572 3387 5627 risus
3444 5574 3553 5627 alia

1983 5666 2309 5735 crepundia;
2343 5662 2641 5733 splendidae
2689 5663 3067 5731 sepulcrorum
3118 5671 3447 5724 structurae,
3498 5678 3554 5717 rt

1982 5761 2112 5829 ipsae
2138 5758 2507 5812 redundantes
2541 5756 2799 5809 videntur
2846 5767 3182 5809 mortuorum
3226 5758 3549 5825 putoribirs;

1985 5851 2309 5907 munuscula
2336 5846 2619 5905 amatoriis
2647 5849 2843 5904 studiis
2873 5850 3068 5915 oblata,
3114 5849 3365 5919 donaque
3409 5867 3553 5921 unp-
