4108 6376
548 315 666 374 ’⁸151

567 432 680 487 tias
712 428 1061 500 aucttpantia,
1094 435 1148 483 et
1172 425 1273 483 dos
1308 432 1364 481 et
1398 423 1829 488 matrimonium,
1871 430 1926 478 et
1947 421 2142 494 primis

571 531 748 577 morte
767 521 984 577 abolitis
1000 519 1254 577 secundae
1272 518 1499 589 nuptiae,
1523 517 1671 586 ipsas
1688 521 1994 586 sequuntur
2004 514 2144 567 adul-

570 612 709 669 teria
722 611 1143 667 etadulterarum
1157 601 2053 674 venalores;-infantes,sollicitndo
2066 603 2146 659 in-

572 704 755 776 quieta
769 719 866 775 pro
887 704 1405 776 patribus,namque
1429 697 1801 755 sollicitudine
1820 712 2036 767 semper
2050 711 2146 751 ur-

573 804 771 865 gentur
806 803 1061 865 parentes
1087 801 1140 850 et
1166 794 1440 847 anxietate
1470 807 1545 846 ne
1569 789 1697 860 quid
1724 788 1854 843 mali
1881 787 2026 843 natis
2053 801 2148 843 oc-

572 894 790 953 currat;
810 894 864 941 et
894 895 1151 940 venustas
1169 891 1349 938 amata
1367 881 1587 952 quidem
1607 880 1701 934 sed
1717 877 1882 933 inlida
1902 896 1914 932 :
1934 890 2149 947 semper

570 979 718 1034 enim
746 977 1004 1034 habentis
1027 976 1278 1031 anxietas
1308 983 1416 1030 est.
1469 972 1720 1028 Dedecus
1759 986 1891 1026 vero
1941 985 2043 1024 nec
2093 968 2147 1023 in

571 1072 909 1143 suspicione,
942 1085 1043 1127 nec
1073 1070 1128 1124 in
1159 1069 1379 1129 timore,
1438 1065 1690 1121 odiosum
1737 1063 1895 1129 illud,
1945 1070 2002 1118 et
2049 1076 2150 1133 pro

568 1162 790 1233 egregia
827 1161 986 1232 prole
1017 1159 1195 1215 anxiae
1214 1157 1604 1228 COgitationes,
1629 1168 1847 1224 semper
1864 1153 2009 1208 enim
2038 1151 2150 1207 sol-

569 1253 799 1310 licitudo
823 1241 1091 1308 cruciabit
1121 1256 1305 1321 patres
1340 1244 1618 1319 quomodo
1649 1245 1741 1300 filii
1773 1245 1911 1299 bene
1950 1243 2149 1298 victuri

570 1350 707 1414 sint,
741 1360 911 1416 angor
933 1352 1112 1400 autem
1141 1351 1197 1399 et
1217 1341 1374 1397 dolor
1396 1341 1466 1396 ob
1483 1340 1726 1395 deditam
1764 1337 1909 1393 malo
1940 1336 2149 1406 prolem

573 1436 1016 1511 insequetur.‘Et
1068 1449 1313 1498 rursum,
1363 1434 1564 1489 divitiae
1595 1442 1648 1487 et
1682 1437 1979 1502 paupertas
2028 1440 2152 1496 quae

573 1532 776 1603 duplex
807 1536 1070 1602 generant
1104 1527 1306 1581 malum
1328 1563 1345 1589 ,
1388 1524 1594 1580 divitias
1630 1521 1964 1579 contumelia
2010 1518 2153 1573 male

575 1625 776 1688 tuenti,
810 1629 1127 1694 paupertas,
1169 1617 1452 1674 tribulatio
1493 1625 1551 1673 et
1600 1615 1748 1686 jugis
1811 1613 1988 1671 labor.
2044 1610 2152 1664 Ista

555 1718 759 1775 .omnia
786 1717 1047 1779 humana,
1081 1714 1280 1783 inquit,
1304 1710 1504 1767 similia
1537 1708 1659 1779 pilae
1703 1721 1867 1777 quam
1910 1702 2151 1775 pueriles

573 1822 772 1865 manus
796 1806 1041 1864 vicissim
1075 1804 1166 1858 alii
1206 1803 1275 1858 ad
1300 1802 1439 1858 alios
1483 1799 1621 1855 dant
1666 1806 1721 1854 et
1769 1795 1983 1866 iaciunt
2031 1803 2147 1850 tor-

573 1910 804 1973 quentes
828 1909 883 1956 et
911 1896 1284 1969 projicientes.

574 1995 646 2049 75
721 1991 850 2048 ch
876 1991 1040 2060 igitur
1068 1988 1350 2057 inspiciens
1378 1993 1546 2039 mente
1574 1981 1895 2047 discrucior,
1914 1978 1962 2034 si
1978 1979 2095 2050 quis

571 2135 642 2189 76
717 2073 1170 2201 quod
1199 2129 1318 2195 plus
1352 2122 1646 2179 habetboni
1672 2136 1832 2193 quam
1864 2117 2018 2173 mali.

642 2224 771 2281 Haec
799 2222 1003 2284 omnia,
1038 2221 1215 2290 inquit
1247 2215 1589 2273 admirabilis
1619 2212 1932 2282 theologus,
1967 2214 2155 2264 mente

570 2317 682 2371 alta
717 2313 1053 2385 recogitans,
1086 2319 1141 2366 et
1170 2307 1316 2380 quod
1348 2306 1523 2361 multo
1546 2303 1702 2374 plura
1741 2301 1918 2356 tristia
1955 2299 2012 2353 in
2062 2297 2157 2352 ho-

570 2403 822 2463 minibus
850 2418 1015 2476 quam
1050 2407 1290 2471 amoena,
1318 2398 1444 2471 quia
1473 2412 1595 2467 quae
1632 2391 2038 2465 jucundissima
2080 2389 2158 2443 vi-

573 2500 776 2556 dentur
802 2498 925 2569 plus
956 2500 1217 2551 aerumna:
1237 2498 1402 2563 quam
1428 2498 1618 2545 eOrum
1638 2502 1761 2558 quae
1793 2500 1931 2540 vane
1950 2484 2155 2539 bonum

574 2600 964 2662 nuncupantur
1023 2586 1247 2650 habent,
1281 2584 1396 2638 haec
1429 2581 1621 2637 videns
1653 2588 1833 2634 mente
1855 2589 2159 2633 consumor

576 2674 742 2756 super
794 2681 883 2736 bis
923 2677 1019 2750 qui
1084 2677 1292 2748 Optima
1332 2672 1565 2728 credunt
1621 2685 1684 2725 ea
1748 2670 1952 2736 quibus
2010 2669 2156 2725 bona

575 2777 779 2834 malum
836 2770 901 2829 et'
946 2768 1192 2841 jucunda
1239 2763 1534 2819 dolendum
1595 2764 1879 2831 superant.
1904 2757 1987 2816 Tu
2023 2774 2157 2832 ergo

578 2867 835 2941 quisquis
869 2864 969 2929 sis,
996 2860 1178 2931 arguit
1211 2858 1308 2913 tibi
1333 2853 1660 2925 Gregorius,
1694 2864 1802 2905 non
1841 2852 2024 2921 ploras
2053 2867 2158 2905 au-

580 2962 739 3017 diens
797 2961 932 3027 quot
990 2953 1046 3007 in
1095 2958 1309 3005 veteres
1366 2945 1677 3001 inciderunt
1734 2943 1918 2996 mala?
1957 2941 2156 2997 Nescio

580 3053 753 3115 enim,
796 3045 999 3117 inquit,
1031 3050 1216 3097 utrum
1263 3036 1504 3109 plorabis
1550 3051 1620 3089 an
1668 3033 1876 3089 ridebis
1924 3031 2156 3087 audiens

581 3156 706 3212 quae
726 3146 783 3194 et
812 3149 972 3208 agere
1006 3129 1212 3204 placuit
1249 3126 1492 3197 antiquis
1522 3124 1736 3179 duobus
1764 3123 1898 3177 viris
1923 3120 2160 3192 philoso-

583 3233 711 3306 phis
743 3237 798 3288 et
821 3226 1005 3290 doctis
1030 3236 1265 3295 quorum
1296 3220 1435 3274 alter
1465 3233 1682 3288 semper
1721 3216 1966 3285 lugebat,
1995 3214 2160 3270 ﬂera-

584 3327 748 3381 clitus
768 3333 985 3387 nempe,
1013 3314 1172 3379 alter,
1199 3312 1565 3372 Democritus,
1594 3308 1973 3363 indesinenter
2011 3307 2163 3362 ride—

582 3417 697 3483 bat,
734 3413 936 3485 quippe
974 3407 1067 3480 qui
1099 3405 1356 3477 lacrymis
1384 3416 1518 3457 sane
1545 3410 1599 3455 et
1635 3401 1843 3456 risibus
1868 3400 2032 3471 digna
2066 3414 2164 3485 aes-

581 3480 1014 3575 timabant—quae
1041 3497 1287 3570 plerique
1338 3493 1553 3551 studiis
1587 3496 1949 3548 insectantur.
2007 3480 2160 3558 Quo-

580 3598 746 3658 modo
773 3596 919 3654 enim
949 3593 1111 3664 digna
1142 3586 1625 3644 lamentationibus
1670 3592 1763 3638 aut
1799 3585 2005 3640 risibus
2051 3600 2159 3639 non

581 3675 1044 3766 gemuissentaut
1063 3679 1522 3739 mstimavissent?
1543 3678 1631 3732 hic
1659 3677 1852 3732 Achivi
1884 3686 1935 3730 et
1981 3672 2148 3733 Troes

583 3786 676 3841 alii
708 3785 762 3840 in
786 3772 925 3837 alios
954 3777 1278 3851 prmliantes
1317 3782 1480 3844 atque
1521 3768 1693 3825 multo
1729 3780 1976 3840 tempore
2022 3769 2161 3822 invi-

583 3891 702 3934 cem
751 3889 875 3929 sese
917 3872 1329 3925 internecantes
1380 3863 1543 3918 unius
1591 3859 1810 3916 Helena:
1853 3854 2162 3914 meretrix-is

584 3967 780 4040 gratia.
828 3964 1057 4020 Curetes
1085 3968 1139 4015 et
1165 3952 1333 4013 Altoli
1369 3970 1469 4026 pro
1500 3952 1678 4023 capite
1704 3961 1757 4006 et
1810 3951 1943 4006 setis
1981 3950 2163 4005 snillis

583 4065 894 4131 pugnantes
938 4064 994 4110 et
1025 4068 1148 4108 sese
1192 4049 1424 4104 invicem
1473 4045 1843 4107 occidentes,
1882 4041 1997 4097 illic
2039 4058 2162 4095 ma-

587 4164 758 4222 gnum
780 4144 1071 4202 Eacidum
1097 4143 1484 4209 decus,nempe
1509 4135 1691 4207 Aiacis
1717 4142 1771 4189 et
1795 4133 2160 4198 Achillis,sed

586 4251 643 4299 et
690 4239 886 4295 famosi
929 4237 1020 4291 isti
1047 4246 1289 4306 quorum
1372 4229 1510 4282 alter
1568 4227 1622 4280 in
1682 4225 1859 4280 medio
1919 4223 2157 4278 hostium

591 4312 1074 4385 furente'sua‘se
1123 4337 1289 4378 manu
1346 4316 1588 4383 occidit,
1642 4315 1856 4369 alterin
1884 4316 2160 4369 luxuriam

586 4430 648 4473 se
681 4402 1026 4485 ingurgitans
1058 4406 1268 4482 periit;
1300 4408 1431 4477 quid
1464 4416 1519 4463 et
1555 4407 1789 4463 illustris
1818 4408 2163 4481 Amphitryo-

585 4504 677 4563 nis
708 4493 873 4566 ﬁlius,
892 4490 1154 4558 Hercules
1166 4500 1410 4553 omnium
1429 4498 1687 4562 domitor,
1711 4499 1922 4556 viribus
1944 4502 2163 4557 belluas

584 4597 950 4666 hominesque
1001 4592 1306 4663 superans?
1345 4589 1408 4645 Et
1445 4589 1583 4661 ipse,
1621 4598 1681 4644 ut
1710 4589 1884 4652 aiunt,
1925 4580 2160 4647 venena.

585 4700 698 4746 tam
727 4689 965 4745 tunicam
998 4700 1124 4739 cum
1155 4682 1446 4746 induisset,
1475 4682 1719 4738 domitus
1745 4691 1830 4738 est
1863 4684 2160 4741 introrsum

585 4778 894 4838 crematus?
922 4776 990 4830 Et
1019 4775 1150 4846 quid
1175 4776 1253 4836 hi,
1297 4776 1474 4845 Cyrus
1502 4784 1558 4829 et
1597 4773 1824 4830 Croesus
1864 4791 2041 4847 reges,
2077 4779 2163 4832 in-

585 4888 772 4946 quam,
810 4869 1100 4925 Persarum
1145 4875 1200 4921 et
1240 4866 1550 4939 Lydorum“!
1590 4866 1706 4922 Non
1752 4868 1806 4921 hi
1847 4869 2160 4945 solum,sed

583 4966 749 5022 etiam
786 4963 877 5019 isti
897 4967 1166 5032 quotquot
1190 4959 1306 5013 heri
1336 4969 1391 5013 et
1444 4957 1644 5013 nudius
1664 4960 1858 5014 tertius
1883 4958 2161 5014 Romano-

585 5072 709 5113 rum
753 5064 808 5112 et
851 5055 1028 5110 nostri
1070 5068 1250 5124 reges,
1299 5056 1423 5122 quis
1466 5050 1668 5106 odibile
1710 5048 1881 5106 fatum
1929 5036 2161 5123 vitavit?

682 5215 772 5285 58)
809 5214 925 5270 Cod
934 5256 953 5285 .7
988 5212 1349 5285 ᾀνύπτοπτον.

680 5279 772 5352 59)
824 5284 1102 5352 ’Δχιλέως.
1136 5282 1230 5338 Sic
1267 5281 1435 5352 codex
1477 5295 1586 5352 uno
1627 5279 1861 5352 lanitbtla.
1888 5279 1953 5352 Υ.
1988 5281 2167 5336 Zona-

585 5349 725 5415 ram.
744 5349 1214 5410 Lefoudianum
1237 5361 1293 5408 et
1324 5350 1576 5406 Eustatb.
1602 5350 1670 5405 ad
1696 5349 1853 5406 Hom.
1886 5350 2054 5406 Iliad.
2091 5353 2164 5419 A,

588 5428 766 5491 13,15
787 5428 877 5482 ed.
909 5423 1059 5495 Lips.

658 5490 772 5569 (60)
811 5497 932 5569 Bill.
962 5490 1126 5569 verba
1157 5491 1466 5569 μαχλοσύνῃ
1499 5490 1756 5554 ἑαλωκώς
1815 5490 2167 5569 interpreta-

589 5563 679 5622 tur
719 5563 826 5622 {in
858 5565 1122 5619 adulterio
1152 5563 1548 5634 deprehensus,
1592 5574 1754 5634 atque
1799 5565 2166 5631 Agamemno-

589 5654 716 5693 nem
744 5637 1030 5707 intelligit;
1069 5634 1420 5707 sedpegregie
1435 5632 1683 5707 _fa_ll_itur,
1717 5646 1840 5685 nam
1873 5642 1926 5687 et
1960 5634 2163 5706 μαχλο-

593 5709 749 5779 σύνη,
782 5707 850 5762 de
881 5701 990 5779 qfto
1020 5701 1299 5779 vocabulo
1339 5701 1651 5779 'v_.ASuidas,
1685 5711 1895 5779 tantum
1929 5701 2165 5776 propen-

593 5772 805 5835 sionem
838 5772 914 5834 ad
936 5774 1203 5834 Venerem
1248 5772 1521 5845 signiﬁcat
1545 5815 1562 5843 ,
1613 5787 1791 5846 neque
1824 5772 2163 5848 Agamemno

1924 303 2222 363 NICETAS
2244 298 2449 359 DAVID

3731 291 3843 349 753

2247 419 2483 491 θανάτῳ.
2505 415 2725 481 Τούτοις
2739 414 2967 470 ἕπονται
2987 414 3221 487 μοιχεῖαι
3242 410 3338 466 καὶ
3358 408 3560 481 μοιχῶν
3576 408 3840 481 θηραταί*

2248 509 2439 573 παῖδες
2488 506 2728 561 ὕποπτον
2770 506 2901 576 ἄχος
2945 506 3057 568 τοῖς
3085 503 3388 574 πατράσιν·
3429 502 3527 554 καὶ
3550 498 3663 572 γὰρ
3703 500 3847 553 duo-

2250 600 2540 655 πτεύουσιν
2576 597 2667 653 ἀεὶ
2693 598 2742 651 οἱ
2770 595 3025 659 τεκόντες
3049 594 3148 649 καὶ
3173 592 3472 661 ἀγωνιῶσι,
3511 592 3589 664 μή
3628 609 3685 645 τι
3725 594 3846 656 τοῖς

2249 694 2461 757 τέκνοις
2483 690 2806 762 συναντήσοι
2829 687 3084 760 πονηρόν·
3119 686 3213 740 καὶ
3240 686 3301 738 τὸ
3322 684 3517 747 κάλλος
3545 684 3646 753 μὲν
3676 684 3847 754 φιλη-

2249 782 2364 847 τὸν,
2389 780 2618 836 ἄπιστον
2651 778 2728 832 δέ·
2769 777 2858 831 ἀεὶ
2895 775 3005 847 γὰρ
3038 772 3409 827 ὑποπτεύεται
3437 771 3749 841 τῷιέχονει·
3778 769 3849 825 τὺ

2251 869 2444 943 αἶσχος
2481 871 2539 925 δὲ
2602 868 2728 943 [τὸ]
2784 867 3091 922 ἀνύποπτον
3130 863 3244 935 (58)
3295 863 3394 933 μὲν
3437 862 3532 916 κα)⁸
3589 860 3801 930 ἄφοϐον
3827 900 3846 925 ,

2255 962 2483 1034 μισητὸν
2512 959 2571 1014 δέ
2595 977 2609 990 ο
2660 958 2758 1013 καὶ
2794 961 2863 1029 τῇ
2892 957 3143 1027 εὐτεκνίᾳ
3178 954 3275 1025 μὲν
3304 952 3583 1024 φροντίδες
3624 949 3715 1004 ἀεὶ
3746 951 3852 1004 καὶ

2250 1055 2597 1126 διαπονήσεις
2635 1055 2749 1116 τοῖς
2784 1049 3025 1113 τοκεῦσι,
3068 1050 3186 1111 πῶς
3220 1046 3287 1100 ἂν
3330 1047 3379 1098 οἱ
3413 1045 3602 1109 παῖδες
3627 1040 3690 1097 εὗ
3724 1043 3852 1096 δια-

2252 1147 2539 1201 ϐιώσκοιεν
2567 1163 2583 1176 ο
2629 1145 2770 1215 ἄλγη
2813 1143 2872 1197 δὲ
2902 1141 2999 1196 καὶ
3022 1140 3204 1194 ὀδύναι
3245 1143 3311 1211 τῇ
3340 1139 3629 1211 δυσ-τεκνία
3660 1154 3856 1210 παρα-

2253 1236 2592 1292 κολουθοῦσι·
2626 1235 2857 1298 πλοῦτος
2874 1233 2931 1287 δὲ
2964 1227 3031 1286 αὖ
3063 1231 3158 1285 καὶ
3200 1231 3363 1283 πενία
3408 1228 3591 1282 δισσὸν
3628 1229 3855 1296 πέφυκε

2253 1329 2444 1393 κακὸν,
2471 1327 2700 1391 πλοῦτος
2733 1327 2832 1397 μὲν
2866 1325 3023 1396 ῦϐρις
3046 1323 3126 1394 τῷ
3157 1321 3342 1386 κακῶς
3367 1319 3659 1392 χρωμένῳ,
3685 1316 3859 1373 πενία

2257 1421 2437 1489 θλίψις
2471 1419 2567 1474 καὶ
2614 1417 2867 1490 διηνεκὴς
2910 1417 3092 1479 πόνος.
3131 1414 3316 1468 Ταῦτα
3340 1414 3400 1466 δὲ
3424 1413 3519 1466 xa'l.
3564 1412 3751 1466 πάντα
3778 1411 3859 1466 τὰ

2255 1512 2573 1586 ἀνθρώπινα
2621 1511 2764 1565 ἔοικε
2790 1550 2806 1575 ,
2851 1509 3026 1580 φησι,
3075 1509 3279 1578 σφαῖρα
3327 1505 3610 1577 νεωτέρων
3655 1504 3857 1575 χερσὶν

2254 1605 2552 1678 ἀμοιϐαδὸν
2575 1604 2637 1669 ἐξ
2660 1604 2837 1659 ἄλλων
2865 1605 2945 1665 εἰς
2966 1600 3160 1663 ἄλλους
3178 1595 3729 1660 ἀνταποπειιποαένη
3751 1596 3859 1650 καὶ

2257 1697 2603 1770 μεταπίπτου
2613 1712 2702 1753 σα.

2256 1980 2327 2035 75
2384 1976 2552 2032 Ταῦτ’
2585 1969 2699 2028 οὖν
2737 1972 3025 2040 εἰσορόων
3057 1968 3249 2040 ,φρένα
3279 1966 3577 2040 δάπτομαι
3598 2005 3614 2030 ,
3649 1965 3713 2019 ετ
3753 1982 3859 2031 τις

2865 2037 2879 2040 ⁷
3060 2037 3072 2040 ’
3100 2037 3109 2038 ί
3469 2037 3502 2160 ἑ
3523 2037 3779 2105 ἄριστον

2255 2118 2327 2174 76
2390 2112 2609 2177 Οίεται,
2644 2103 2692 2181 ᾧ
2719 2113 2787 2167 τὸ
2813 2112 3004 2167 κακόν
3030 2109 3244 2165 πλεῖον
3268 2109 3464 2178 ἁρειοτ
3492 2124 3628 2175 pou.

2328 2210 2518 2264 Ταῦτα
2558 2209 2757 2272 πάντα,
2796 2208 2825 2258 ὁ
2868 2203 3158 2268 θεσπέσιός
3200 2220 3336 2273 φησι
3385 2200 3657 2268 θεολόγος,
3709 2198 3857 2251 ἀνα-

2258 2303 2480 2374 θεωρῶν
2506 2305 2573 2374 τῇ
2599 2300 2828 2372 διανοίᾳ,
2855 2300 2949 2354 καὶ
2973 2299 3048 2361 ὡς
3070 2288 3250 2367 πολλῷ
3280 2293 3448 2349 πλείω
3464 2292 3533 2347 τὰ
3561 2290 3764 2361 ἀνιαρὰ
3790 2291 3861 2344 ὲν

2256 2392 2563 2467 ἀνθρώποις
2602 2392 2636 2463 ἢ
2664 2391 2734 2444 τὰ
2761 2389 2993 2462 τερπνὰ,
3028 2389 3109 2442 ὃτι
3160 2387 3253 2440 καί
3279 2384 3421 2440 αὐτὰ
3446 2385 3517 2438 τὰ
3540 2384 3734 2455 ἥδιστα
3760 2382 3859 2436 δο-

2259 2482 2461 2539 κοῦντα
2493 2480 2654 2536 πλέον
2680 2480 2776 2534 τοῦ
2804 2478 3159 2551 νομιζομένου
3195 2476 3361 2530 καλοῦ
3393 2477 3454 2530 τὸ
3480 2475 3682 2529 λυποῦν
3711 2475 3857 2545 ἔχει,

2258 2574 2355 2629 καὶ
2398 2573 2572 2628 ταῦτα
2607 2573 2819 2644 βλέπων
2856 2572 3155 2641 ἐκτήκομαι
3190 2568 3289 2632 τὰς
3336 2570 3538 2641 φρένας
3581 2570 3675 2621 ἐπὶ
3714 2570 3852 2632 τοὺς

2258 2666 2543 2738 οἰομένους
2571 2664 2771 2735 ἄριστα
2806 2660 2967 2727 εἶναι,
2999 2657 3078 2725 οἷς
3114 2660 3443 2732 ὑπερϐάλλει
3468 2661 3529 2714 τὸ
3553 2661 3724 2715 κακὸν
3750 2661 3856 2716 τοῦ

2259 2758 2469 2831 ἀγαθοῦ
2514 2759 2609 2813 καὶ
2652 2757 2714 2810 τὸ
2760 2756 3004 2827 λυπηρὸν
3059 2753 3148 2807 τοῦ
3202 2754 3462 2825 τερπνοῦ.
3521 2754 3592 2806 Σὺ
3628 2751 3763 2821 οῦν,
3805 2748 3860 2811 ὦ

2260 2851 2438 2916 οὗτος,
2470 2848 2949 2919 διακατελέγχεταί
2980 2865 3061 2900 σοι
3094 2849 3122 2899 ὁ
3154 2846 3478 2918 Γρηγόριος,
3510 2847 3570 2899 ού
3593 2845 3862 2917 δακρύεις

2261 2944 2478 3000 ἀκούων
2517 2939 2606 2997 οἷα
2641 2942 2733 2997 καὶ
2765 2944 2877 3004 τοῖς
2909 2940 3078 2993 πάλαι
3101 2940 3431 2993 συνέπιπτεν
3452 2938 3705 3010 ἀληράς
3740 2941 3862 2994 Καὶ

2261 3034 2372 3106 γὰρ
2390 3033 2491 3087 οὐκ
2518 3028 2656 3099 οἶδα,
2687 3033 2874 3104 φησιν,
2897 3032 3004 3084 εἴτε
3033 3028 3322 3102 δακρύσεις
3344 3030 3455 3082 εἷ’τε
3480 3031 3570 3083 καὶ
3595 3030 3863 3098 γελάσεις

2263 3127 2499 3192 ἀκούων,
2541 3122 2578 3180 ἃ.
2622 3127 2717 3179 καὶ
2762 3128 2873 3189 τοῖς
2912 3122 3178 3195 πρότερον
3224 3124 3399 3174 ποιεῖν
3434 3122 3633 3192 ἤρεσεν
3682 3122 3865 3192 ἄμφω

2263 3219 2491 3289 ἀνδράσι
2522 3216 2830 3288 φιλοσόφοις
2880 3216 2972 3268 καὶ
3022 3216 3281 3277 συνετοῖς,
3308 3211 3452 3265 ὥστε
3493 3213 3584 3265 τὸν
3628 3210 3730 3283 μὲν
3761 3214 3863 3267 ἀεὶ

2264 3310 2510 3375 κλαίειν,
2557 3309 2650 3362 τὸν
2695 3307 3048 3378 Ἠράκλειτον
3075 3346 3090 3367 ,
3137 3305 3224 3358 dei.
3274 3304 3332 3357 δὲ
3370 3305 3462 3357 τὸν
3506 3306 3863 3375 Δημόκριτον

2264 3401 2450 3474 γελᾷν,
2495 3400 2777 3470 κλαυθμοῦ
2825 3417 2885 3451 τε
2924 3397 3000 3468 τῷ
3049 3397 3162 3450 δντι
3214 3396 3306 3450 καὶ
3339 3395 3574 3464 γέλωτος
3619 3396 3745 3463 ἄξια
3779 3396 3865 3451 τὰ

2263 3495 2376 3556 τοῖς
2414 3488 2630 3555 πολλοῖς
2656 3488 3101 3561 περισπούδαστα
3145 3488 3552 3558 λογιζομένους.
3589 3490 3698 3541 Καὶ
3731 3488 3863 3553 πῶς

2265 3581 2374 3655 γὰρ
2412 3583 2513 3636 οὐκ
2582 3581 2709 3648 ἄξια
2761 3581 2975 3652 θρήνων
3020 3580 3116 3633 καὶ
3169 3580 3405 3648 γέλωτος
3466 3579 3705 3650 ἔπασχον
3755 3580 3865 3637 καὶ

2265 3673 2434 3746 ἔδρων
2459 3691 2473 3739 ;
2513 3673 2719 3744 ’Δχαιοὶ
2746 3673 2846 3741 μὲν
2872 3672 2966 3725 καὶ
2993 3671 3181 3744 Τρῶες
3204 3671 3454 3742 ἀλλήλοις
3474 3674 3859 3744 ὲφορμῶντεε,

2264 3765 2356 3820 καὶ
2405 3767 2499 3819 ἐπὶ
2547 3765 2767 3827 πλείους
2811 3763 3036 3834 χρόνους
3072 3764 3277 3817 εἵνεκεν
3325 3763 3532 3835 πόρνης
3576 3767 3707 3835 μιᾶς
3749 3765 3861 3836 τῆς

2276 3859 2494 3930 Ἑλένης
2517 3854 3033 3929 ἀλληλοκτονοῦντες
3052 3867 3068 3884 ⁶
3100 3855 3382 3927 Κουρῆτές
3410 3874 3470 3909 τε
3496 3858 3591 3910 καί
3619 3857 3861 3912 Αἰτωλοὶ

2266 3954 2394 4027 περὶ
2421 3953 2631 4025 κεφαλῇ
2663 3953 2757 4006 καὶ
2786 3951 2930 4022 θριξὶ
2960 3949 3224 4021 χοιρείαις
3255 3951 3721 4023 ἐκμεμαχωμένοι
3752 3957 3859 4007 καὶ

2266 4047 2357 4100 ὑπ’
2384 4046 2629 4119 ἀλλήλων
2673 4043 3089 4116 ἀναιρούμενον
3135 4043 3277 4114 μέγα
3307 4043 3364 4097 δὲ
3413 4044 3573 4108 κῦδος
3608 4044 3719 4099 τῶν
3754 4047 3860 4099 Δί-

2264 4137 2486 4203 ακιδῶν,
2510 4137 2738 4201 Αἴαντός
2771 4154 2910 4207 φημι
2934 4136 3029 4190 καὶ
3063 4135 3317 4207 ’Δχιλέως
3354 4137 3486 4205 (59),
3518 4136 3652 4190 ἀλλὰ
3679 4139 3774 4192 καὶ
3799 4141 3860 4192 οἱ

2265 4230 2582 4302 περιϐόητοι
2622 4224 2782 4294 οὗτοι,
2804 4229 2832 4281 ὀ
2856 4229 2955 4299 μὲν
2984 4231 3041 4283 ὲν
3074 4231 3225 4301 μέσῳ
3277 4229 3386 4283 τῶν
3413 4211 3698 4302 δυσμενῶν
3725 4249 3859 4304 μαι-

2267 4320 2470 4391 νομένῃ
2509 4320 2576 4389 τῇ
2621 4316 2787 4370 αὑτοῦ
2818 4318 3075 4390 ἀνῃρεῖτο
3102 4320 3265 4391 χειρὶ,
3296 4322 3324 4373 ό
3348 4319 3407 4372 δὲ
3428 4319 3743 4392 μαχλοσύνη
3774 4320 3859 4374 δι-

2264 4408 2478 4479 εφθάρη
2503 4405 2759 4470 ἑαλωκώς
2786 4406 2921 4478 (60).
2964 4407 3027 4460 Τί
3047 4407 3103 4461 δὲ
3129 4411 3157 4461 ό
3182 4409 3494 4481 περίφημος
3524 4409 3617 4463 τοῦ
3656 4412 3859 4482 Ἁμφι..

2256 4500 2505 4579 ,τρύωνος
2548 4502 2697 4563 παῖς,
2742 4499 3016 4572 Ἡρακλῆς
3062 4501 3091 4554 ὁ
3126 4503 3481 4573 παντολέτης,
3524 4503 3618 4557 καὶ
3667 4503 3859 4576 θηρῶν

2266 4594 2361 4648 καὶ
2399 4593 2702 4667 ἀνθρώπων
2750 4595 3211 4665 κατευμεγεθῶν;
3264 4595 3500 4665 καύτὸς,
3544 4595 3622 4660 ὥς
3660 4614 3851 4666 φασιν,

2269 4687 2484 4756 ἱμάτιον
2520 4687 3054 4758 πεφαρμακευμένον
3088 4686 3549 4758 περιϐαλλόμενος
3604 4689 3663 4741 ἐν
3699 4689 3857 4761 αὐτῷ

2267 4777 2545 4850 ὲδαμάσθη
2582 4776 2950 4848 καταφλεγείς
2971 4797 2985 4808 ·
3017 4778 3069 4831 τί
3096 4777 3187 4831 δαὶ
3214 4779 3262 4830 οἱ
3293 4778 3469 4852 Κῦροι
3495 4777 3849 4851 καὶίἰροῖσοι,

2266 4870 2518 4936 ἄνακτες,
2550 4871 2714 4943 φημὶ,
2749 4869 2975 4942 Περσῶν
3005 4871 3103 4924 καὶ
3136 4870 3358 4937 Λυδῶν;
3408 4870 3469 4924 ού
3498 4870 3604 4941 μὴν
3629 4872 3686 4924 δὲ
3715 4872 3858 4927 ἀλλὰ

2268 4967 2361 5019 καὶ
2410 4965 2564 5019 αὐτοὶ
2606 4965 2723 5017 ὅσοι
2762 4962 2936 5034 χθιζοί
2964 4979 3024 5016 τε
3053 4962 3152 5016 καὶ
3192 4960 3421 5034 πρὼῖξοι
3475 4963 3764 5034 Ῥωμαίων
3790 4980 3857 5018 τε

2266 5060 2361 5112 καὶ
2413 5057 2570 5130 ἡμῶν
2614 5055 2889 5128 βασιλεῖς,
2928 5054 3012 5118 τίς
3057 5054 3150 5107 τὸν
3192 5055 3461 5131 στυγητδν
3510 5055 3857 5128 ὑπεξέφυγεν

2266 5221 2374 5274 dici
2407 5228 2583 5289 potest
2615 5218 2669 5271 in
2698 5214 2966 5289 adulterio
2999 5216 3396 5289 deprehensus,
3431 5232 3610 5288 neque
3641 5217 3855 5285 Grego-

2267 5293 2385 5344 rius
2410 5287 2694 5344 'tnentoria
2739 5287 2927 5355 lapsus
2974 5292 3080 5346 est,
3113 5295 3172 5339 ut
3205 5287 3283 5339 ait
3316 5287 3534 5351 Billius,
3563 5290 3657 5343 sed
3700 5291 3851 5343 illam

2266 5359 2504 5430 fabulam
2553 5356 2922 5430 sequitur_d-e
2976 5364 3152 5430 morte
3204 5356 3463 5430 _At:lti|lis,
3515 5374 3681 5429 quam
3734 5361 3857 5430 ipse

2266 5429 2462 5484 Billius
2490 5424 2651 5483 nosse
2679 5426 2910 5480 debebat
2940 5440 3008 5479 ex
3038 5424 3215 5480 Nonni
3247 5430 3502 5483 monachi
3527 5424 3857 5485 collectione

2272 5511 2328 5557 et
2354 5499 2699 5570 expositione
2729 5496 3079 5570 historiarum
3101 5536 3116 5559 ,
3151 5511 3384 5570 quarum
3410 5499 3684 5570 meminit
3717 5498 3857 5553 Gre-

2270 5566 2459 5641 gorius
2504 5570 2558 5622 in
2586 5568 2780 5641 priore
2801 5566 3069 5619 inveCtiv-a
3107 5566 3374 5641 adversus
3401 5566 3676 5641 lulianum
3703 5570 3857 5641 Apo-

2269 5635 2500 5705 statam;
2524 5635 2735 5693 vfedit.
2762 5635 3033 5690 Leuvenc.
3053 5651 3112 5705 p.
3137 5636 3263 5691 807.
3296 5636 3413 5693 Cl‘r.
3446 5640 3514 5695 de
3533 5639 3636 5696 hac
3665 5635 3852 5695 tabida

2267 5713 2432 5770 etiam
2465 5710 2688 5768 Servius
2712 5707 2780 5766 ad
2810 5705 2959 5777 Virg.
2992 5705 3127 5763 Αἰη.
3156 5722 3234 5776 γι,
3262 5706 3356 5763 57.

3028 5894 3059 5915 θ’
