4108 6376
248 448 352 505 753

253 563 446 635 μόρον;
473 566 634 623 Ἀλλὰ
646 569 734 625 καὶ
758 568 838 637 σὲ,
870 572 1055 644 φησιν,
1080 570 1128 628 ὦ
1166 574 1500 649 Ἀλέξανδρε,
1528 580 1820 652 δράκοντος

244 654 304 719 ὓς
333 657 637 728 κομπάζεις
666 662 778 727 υἱὸς
823 660 985 729 εἶναι,
1016 666 1093 738 τῷ
1131 668 1502 740 ἀκατάσχετος
1543 668 1680 727 εἶναι
1721 672 1820 745 τὴν

241 746 418 818 ἀλκὴν
445 751 538 804 καὶ
563 751 951 821 ἀνυπόστατος,
978 760 1072 814 καὶ
1099 759 1159 813 σὲ
1187 760 1324 831 μετὰ
1347 763 1406 816 τὸ
1434 765 1612 819 πᾶσαν
1634 766 1819 836 σχεδὸν

238 839 336 909 τὴν
364 840 470 912 γῆν
497 844 764 911 ἐπελθεῖν,
804 843 946 912 οἶνος
974 851 1227 924 ἀμέτρως
1254 856 1577 922 ἐναπέπνιξε
1602 859 1813 924 ποθείς.

241 928 308 987 Τί
335 929 391 984 δὲ
421 932 581 990 πλέον
601 936 659 988 ἐν
681 941 894 1008 νεκροῖς
924 938 1233 1010 βασιλεῦσιν
1250 945 1281 1015 ἢ
1300 946 1525 1017 πένησι;
1560 949 1658 1018 μία
1684 952 1816 1003 πᾶσι

241 1019 424 1090 κόνις,
474 1023 585 1088 ἴσος
616 1027 747 1080 πᾶσι
779 1029 873 1081 καὶ
901 1030 1084 1100 ὅμοιος
1108 1034 1136 1085 ὁ
1168 1035 1436 1099 σκελετὸς,
1463 1039 1597 1093 ὀστᾶ
1636 1039 1819 1109 γυμνὰ

243 1111 404 1180 μόνον
438 1115 589 1187 αὐτῷ
612 1134 671 1173 τε
696 1117 773 1190 τῷ
793 1120 936 1191 ἥρωϊ
958 1124 1199 1197 Ἀτρείδη
1229 1128 1321 1180 καὶ
1355 1129 1484 1200 Ἴρῳ
1512 1130 1588 1201 τῷ
1621 1132 1816 1203 ἀλητο-

240 1204 386 1275 ϐόρῳ
436 1208 530 1263 καὶ
574 1210 859 1281 ἐπαιτήσει
916 1214 1083 1285 ἄρτου
1140 1216 1393 1282 διαζῶντι
1433 1237 1446 1251 ο
1500 1222 1662 1285 αὐτός
1733 1241 1813 1287 τε,

241 1296 425 1366 φησὶν,
468 1299 495 1350 ό
539 1299 712 1369 μέγας
750 1304 1158 1367 Κωνσταντῖνος
1196 1311 1288 1363 καὶ
1318 1311 1571 1382 θεράπων
1601 1316 1817 1383 οἰκέτης

240 1386 393 1456 ἐμὸς,
421 1389 567 1453 ὅστις
587 1408 647 1443 τε
675 1393 896 1458 ἄνολϐος
923 1397 1015 1449 καὶ
1043 1399 1190 1462 ὅστις
1218 1400 1511 1466 πολύολὸος
1542 1405 1633 1457 καὶ
1654 1405 1816 1477 βαρυ-

239 1483 486 1553 κτήμων,
539 1484 690 1538 οὐδὲν
740 1486 867 1540 ἄλλο
920 1487 1173 1554 θανόντες
1216 1492 1396 1563 ἔχουσι
1440 1495 1598 1549 πλέον
1643 1497 1675 1568 ἢ
1726 1499 1816 1551 τὸν

237 1571 427 1641 τάφον.

236 1661 304 1718 97
344 1663 455 1720 Καὶ
484 1666 556 1720 τὰ
583 1665 701 1734 μὲν
729 1668 946 1731 ἐνθάδε
966 1672 1114 1737 τοῖα,
1160 1675 1236 1747 τί(
1262 1676 1314 1728 δ’
1343 1678 1557 1734 ἄλλοθι
1587 1680 1677 1747 τίς
1710 1699 1816 1737 κεν

1222 1745 1499 1816 [ἐνίσποι.
1526 1768 1576 1802 κ.
1608 1745 1664 1803 τζ
1690 1750 1741 1805 λ.

310 1825 447 1877 Ὅσα
498 1827 596 1896 μὲν
646 1831 746 1901 τῆς
792 1831 850 1887 ἐν
903 1833 1093 1907 κόσμῳ
1151 1837 1297 1907 ζωῆς
1359 1839 1497 1909 μετὰ
1564 1841 1814 1913 σώματος

234 1914 472 1987 ὀδυνηρά
508 1922 601 1973 καὶ
625 1924 855 1993 τερπνά,
888 1927 1129 1992 τοιαῦτα,
1161 1930 1462 2003 ὁλοσχερῶς
1492 1934 1685 1995 εἰπεῖν,
1720 1939 1814 1989 καὶ

233 2006 407 2071 οὕτως
431 2010 622 2081 ἔχοντα
648 2032 658 2046 -
706 2015 787 2079 τίς
813 2016 857 2068 δ’
891 2017 957 2071 ἂν
986 2020 1304 2092 ἐκλαλήσαι,
1339 2025 1491 2093 φησὶ,
1528 2026 1599 2079 τὰ
1631 2027 1814 2081 ἄλλοθι

232 2099 347 2162 τοῖς
371 2101 575 2167 ἀδίκοις
597 2105 980 2178 άπειλούμενα,
1006 2110 1040 2165 ἃ
1061 2114 1092 2181 ή
1115 2113 1315 2183 ἐσχάτη
1341 2115 1519 2187 ήμέρα
1542 2117 1814 2171 άποκαλυ-

233 2193 476 2264 πτομένη
524 2195 814 2263 ἐπιδείξει;
865 2201 976 2271 πῦρ
1026 2203 1135 2273 γὰρ
1180 2206 1295 2257 ἐκεῖ
1345 2206 1603 2277 βρόμεον,
1646 2210 1811 2280 ἧγουν

233 2282 483 2355 φοϐερὸν,
516 2289 609 2340 καὶ
637 2289 829 2355 γέεννα
857 2293 1145 2364 ἠπείληται
1180 2296 1273 2348 καὶ
1322 2298 1508 2360 σκότος
1546 2297 1810 2374 ἐξώτερον

230 2378 346 2436 τοῖς
376 2380 809 2449 μακρυνομένοις
839 2384 932 2436 καὶ
968 2386 1156 2456 πόρρω
1182 2386 1438 2443 πίπτουσι
1469 2390 1564 2442 τοῦ
1592 2393 1767 2459 φωτός
1792 2411 1806 2426 °

232 2465 349 2518 ἐκεῖ
396 2470 490 2520 καὶ
533 2469 746 2541 σκώληξ
793 2474 1111 2548 ἀκοίμητος,
1138 2478 1236 2547 τῆς
1288 2480 1563 2552 ἡμετέρας
1610 2485 1809 2551 κακίας

230 2556 536 2628 ὑπόμνησις
584 2564 676 2616 καὶ
730 2565 823 2617 τοῦ
882 2569 1181 2633 συνειδότος
1230 2573 1263 2642 ἡ
1311 2572 1459 2637 νύξις
1496 2576 1589 2629 καὶ
1641 2577 1810 2639 κατά·-

229 2664 451 2713 γνωσις,

230 2739 440 2805 Λώῑον,
471 2745 521 2795 el
543 2745 791 2809 βιότοιο,
823 2764 875 2802 κ.
902 2765 950 2800 τ.
984 2749 1063 2812 ἐξ.

301 2832 517 2887 Βέλτιον
566 2832 636 2907 ἦν
687 2855 768 2890 σοι
822 2841 914 2893 καὶ
966 2841 1276 2896 λυσιτελοῦν
1331 2846 1563 2915 μᾶλλον,
1616 2841 1660 2900 ὦ
1709 2852 1808 2922 τῆς

230 2922 504 2991 κολάσεως
553 2929 769 2999 ἐκείνης
801 2933 1043 3000 ύπόδικε,
1085 2937 1133 2988 εἰ
1178 2937 1251 3007 μὴ
1293 2939 1390 3001 τὰς
1439 2942 1518 3004 είς
1556 2942 1647 2995 τὸν
1694 2942 1807 3012 βίον

230 3017 502 3087 φερούσας
540 3022 811 3094 ἐπέρασας
841 3026 991 3091 ὁδούς
1012 3046 1025 3058 ο
1064 3028 1226 3081 καλόν
1261 3047 1341 3083 σοι
1378 3030 1451 3102 μὴ
1480 3033 1807 3105 γεννηθῆναι

227 3110 327 3178 τὴν
362 3111 535 3181 ἀρχὴν
583 3113 614 3184 ἢ
668 3118 980 3186 γεννηθέντι
1034 3123 1127 3174 καὶ
1181 3124 1514 3193 πεπερακότι
1564 3126 1654 3179 τὸν
1695 3128 1805 3197 βίον

227 3200 429 3269 ὁμοίως
477 3202 670 3274 θηρσὶν
706 3207 737 3277 ἢ
770 3211 989 3279 κτήνεσι
1017 3210 1245 3280 λυθῆναι
1284 3214 1378 3266 καὶ
1417 3214 1616 3279 θανεῖν,
1650 3217 1681 3287 ἢ
1722 3218 1806 3271 ἵνα

229 3293 332 3344 κάν
359 3293 436 3363 τῷ
473 3294 572 3364 βίῳ
605 3297 740 3366 τῷδε
782 3301 1056 3366 τοσούτοις
1103 3307 1291 3366 κακοῖς
1336 3304 1656 3378 ταλαιπωρῇ
1712 3310 1806 3363 καὶ

228 3382 454 3455 ὕστερον
491 3388 650 3442 πάλιν
678 3391 855 3462 πολλῷ
883 3393 992 3447 τῶν
1022 3395 1251 3449 ἐνταῦθα
1275 3397 1493 3466 χείρονα
1514 3397 1804 3473 προσδέχῃ,

227 3476 350 3528 καθ’
381 3478 503 3530 ὅσον
529 3479 597 3533 τά
631 3482 728 3550 μὲν
754 3483 907 3547 τέλος
936 3484 1081 3555 ἔχειν
1116 3489 1497 3557 προσδοκᾶται,
1524 3492 1590 3543 τὰ
1619 3491 1662 3543 δ’
1688 3494 1808 3544 ἁτε-

226 3564 483 3639 λεύτητον
508 3571 733 3639 ἐπάγειν
756 3577 866 3638 τοῖς
894 3575 1272 3647 κολαζομένοις
1302 3582 1511 3651 ποινήν.
1548 3581 1657 3634 Ποῦ
1693 3601 1803 3653 μοι,

226 3656 390 3711 πάλιν
430 3661 592 3729 φησὶν
624 3663 652 3714 ὁ
681 3663 993 3734 θεόληπτος,
1027 3670 1059 3739 ἡ
1103 3670 1313 3740 μεγάλη
1349 3671 1440 3723 τοῦ
1480 3673 1805 3742 πρωτοπλά-

227 3766 354 3801 στου
383 3751 531 3817 δόξα,
570 3754 652 3806 ὅτι
682 3758 825 3827 χειρὶ
854 3758 988 3811 Θεοῦ
1015 3762 1107 3813 καὶ
1138 3762 1280 3814 κατὰ
1307 3764 1405 3834 τὴν
1431 3764 1596 3817 αὑτοῦ
1623 3766 1805 3818 εἰκόνα

226 3843 322 3894 καὶ
351 3843 609 3912 ὁμοίωσιν
659 3846 924 3918 ἐπλάσθη,
962 3851 1055 3902 καὶ
1100 3851 1238 3922 αῦτη
1283 3854 1381 3923 μιᾷ
1420 3853 1605 3921 γεύσει
1648 3854 1803 3919 ξύλου

225 3934 572 4007 ἁπειρημένη
604 3938 909 4007 άπολώλει;
950 3941 1053 3994 ποῦ
1086 3943 1140 3995 δὲ
1169 3944 1263 3996 τοῦ
1294 3944 1550 4015 Σαλομὼν
1582 3948 1614 4016 ἡ
1645 3947 1804 4015 σοφία

226 4022 319 4075 καὶ
346 4024 406 4076 τὸ
434 4025 593 4090 κῦδος
620 4027 721 4097 τῆς
749 4032 1061 4100 φρονήσεως
1084 4050 1096 4097 ;
1140 4035 1472 4104 δεδάμασται
1503 4036 1557 4088 δὲ
1584 4038 1676 4090 καὶ
1710 4031 1803 4090 οῦ-

222 4132 314 4179 τος
351 4118 447 4170 καὶ
500 4120 770 4189 ἠτίμωται
805 4124 1069 4191 γυναιξίν.
1123 4126 1232 4178 Ποῦ
1279 4128 1335 4178 δὲ
1400 4127 1596 4190 Ἰούδας
1639 4131 1667 4180 ὁ
1712 4130 1803 4183 τὸν

222 4206 628 4280 δωδεκάριθμόν
657 4212 767 4284 (61)
801 4231 930 4267 ποτε
970 4216 1080 4268 τῶν
1119 4218 1431 4271 ἀποστόλων
1476 4220 1635 4291 χορὸν
1664 4238 1802 4291 συμ-

223 4298 482 4371 πληρῶν;
542 4303 676 4357 ἀλλὰ
726 4309 818 4358 καὶ
878 4307 1039 4370 αὐτὸς
1096 4308 1324 4379 βραχέος
1367 4310 1522 4364 ’έκατι
1579 4313 1803 4384 κέρδους

221 4390 440 4444 αἰώνιον
480 4395 669 4447 σκότον
704 4397 1093 4467 ἀντηλλάξατο.

226 4481 327 4535 109
364 4484 579 4549 Χριστὲ
604 4484 779 4552 ἅναξ,
817 4505 870 4539 κ.
902 4504 951 4540 τ.
978 4490 1024 4544 ἑ.

188 4584 191 4605 ί
309 4573 511 4643 Δέομαί
554 4594 666 4639 σου,
721 4581 884 4649 φησὶν
938 4582 967 4633 ὁ
1024 4581 1410 4647 θεόπνευστος,
1460 4579 1505 4637 ὦ
1564 4586 1798 4656 μακάριε

219 4666 423 4736 Χριστὲ
469 4668 561 4720 καὶ
602 4670 981 4740 παμϐασιλεῦ,
1029 4674 1227 4727 αὐτίκα
1262 4676 1357 4728 νῦν
1405 4679 1719 4747 ἀναστήσας
1767 4678 1799 4748 ἢ

224 4759 573 4829 μεταστήσας
599 4777 666 4830 με
695 4761 803 4814 τῶν
831 4762 924 4815 τοῦ
950 4764 1065 4834 βίου
1089 4768 1404 4838 συμφορῶν,
1426 4768 1502 4838 τῷ
1531 4769 1606 4839 σῷ
1629 4769 1800 4838 δούλῳ

218 4848 320 4919 τὴν
359 4850 498 4903 ἴασιν
538 4853 823 4924 παράσχου
847 4871 859 4883 ·
909 4859 999 4910 καὶ
1026 4858 1133 4930 γάρ
1158 4860 1317 4912 τοῦτο
1343 4862 1503 4931 μόνον
1538 4862 1701 4914 καλὸν
1724 4862 1802 4932 τῷ

216 4942 334 4994 ὄντι
357 4944 450 4995 καὶ
473 4942 689 5013 βέϐαιον
718 4946 1023 5018 ἀνθρώποις
1049 4952 1283 5023 ὑπάρχει
1308 4952 1457 5024 παρὰ
1489 4953 1602 5017 σοῦ,
1630 4956 1683 5007 αἱ
1705 4957 1800 5023 τῆς

215 5033 477 5102 οὐρανίας
510 5035 722 5100 ἐλπίδες
766 5038 1063 5107 βασιλείας,
1095 5045 1152 5095 ἐν
1198 5037 1285 5106 αἷς
1326 5044 1469 5112 κάμὲ
1509 5043 1705 5113 μικρόν
1738 5060 1802 5094 τε

214 5125 556 5181 ἁναπνέοντα
595 5128 780 5197 ζῆσον,
829 5133 890 5185 τὸ
919 5133 1271 5205 ἐλπιζόμενον
1315 5135 1644 5207 παρασχών·
1692 5136 1799 5188 τῶν

213 5216 393 5271 ἄλλων
417 5218 473 5271 δὲ
502 5220 595 5273 τοῦ
638 5220 755 5290 βίου
799 5224 1063 5279 ποθεινῶν
1090 5230 1185 5280 καὶ
1212 5228 1479 5299 ἐραστῶν,
1522 5221 1598 5281 ὦν
1634 5228 1801 5291 πολὺς

214 5310 247 5361 ὁ
275 5308 452 5380 κόρος,
480 5313 648 5383 πολλὴ
672 5316 705 5385 ή
731 5314 836 5385 πλη
845 5316 1037 5387 μμύρα
1066 5318 1160 5371 καὶ
1188 5320 1220 5389 ἡ
1249 5318 1556 5390 πλησμονὴ,
1587 5321 1685 5373 ὅσα
1707 5320 1800 5373 ἐπὶ

215 5400 322 5469 γῆς
360 5401 416 5452 ὲν
474 5401 786 5475 ἀνθρώποις
853 5406 1207 5478 περισύρεται
1261 5407 1355 5460 καὶ
1413 5408 1660 5463 ποθεῖται
1706 5409 1800 5462 καὶ

213 5490 459 5561 ζητεῖται
484 5492 673 5547 ἄλλοτε
695 5498 773 5559 είς
793 5495 985 5559 ἄλλους
1013 5500 1493 5570 μεταριπτούμενα
1519 5500 1613 5553 καὶ
1636 5516 1799 5571 μετα-

215 5581 505 5649 πίπτοντα,
543 5586 721 5640 πάντα
761 5590 1081 5644 καταλιπεῖν
1124 5591 1312 5657 ἐθέλω,
1350 5592 1527 5645 πάντα
1567 5594 1797 5663 ἀφήσειν

213 5674 467 5745 εὔχομαι,
499 5672 612 5731 οἷον
640 5680 736 5751 τὴν
778 5682 1119 5754 καλουμένην
1151 5684 1244 5737 ἐπὶ
1273 5684 1379 5753 γῆς
1409 5684 1668 5755 πατρίδα,
1701 5685 1797 5739 καὶ

209 5768 384 5839 αὑτὴν
408 5770 507 5842 τὴν
534 5773 803 5848 ἀλλοδαπῆ
829 5778 922 5830 καὶ
947 5776 1123 5846 ξένην,
1153 5777 1279 5841 τούς
1299 5794 1357 5830 τε
1388 5780 1795 5850 περιμαχήτους

1263 460 1329 514 ΙΝ
1363 461 1674 518 CARMINA
1713 466 1991 529 ARCAN’A
2032 469 2087 522 S.
2121 469 2473 526 GREGORII.

3393 482 3517 540 756.

1925 581 2033 639 Sed
2057 585 2222 639 etiam
2252 593 2325 655 te,
2346 589 2445 654 ait,
2474 601 2508 640 ο
2526 586 2855 657 Alexander,
2883 590 3052 661 quite
3075 592 3348 652 eﬂerebas-
3364 600 3494 654 dra-

1922 677 2078 733 conis
2103 676 2460 749 ﬁlium,quasi
2497 681 2740 738 invictus
2775 691 2829 737 et
2875 682 3226 743 indomabilis
3276 689 3492 747 fortitu-

1924 768 2359 833 dinehabendus
2376 788 2555 839 esses;
2608 781 2660 829 te
2701 791 2920 845 quoque
2963 793 3101 847 pene
3142 782 3290 836 omni
3333 800 3491 853 pera-

1919 869 2069 931 grata
2098 863 2467 923 terra,vinum
2498 865 2927 922 immoderatiter
2944 869 3183 925 domavit
3210 878 3486 942 potatuntz

1921 952 1989 1011 Et.
2027 954 2157 1024 quid
2196 955 2433 1023 amplius
2478 965 2563 1012 est
2598 959 2829 1013 mortuis
2867 958 3086 1027 regibus
3140 977 3300 1030 quam
3355 981 3493 1035 pau-

1927 1044 2198 1113 peribus?
2246 1045 2363 1100 Una
2398 1046 2653 1102 omnibus
2681 1048 2880 1117 pulvis,
2922 1050 3100 1104 simile
3145 1054 3401 1111 clunibus
3439 1066 3492 1111 et

1920 1136 2128 1205 aequale
2151 1137 2406 1203 cadaver,
2434 1152 2560 1193 ossa
2584 1139 2730 1192 nuda
2756 1147 2964 1194 tantum
2995 1140 3178 1197 herois
3204 1144 3406 1201 Atrida:
3439 1158 3493 1201 et

1919 1227 1987 1283 lri
2014 1229 2155 1285 victu
2185 1230 2334 1299 parci
2359 1240 2411 1284 et
2468 1230 2781 1286 mendicato
2838 1231 3073 1287 viventis
3134 1250 3292 1303 pane.
3344 1236 3487 1306 Ipse,

1918 1320 2116 1389 inquit,
2146 1321 2373 1390 Magnus
2401 1322 2802 1377 Constantinus
2832 1332 2888 1377 et
2919 1324 3013 1394 qui
3039 1324 3171 1378 mihi
3212 1328 3491 1384 ministrat

1918 1426 2131 1475 servus,
2162 1420 2215 1464 et
2242 1411 2555 1481 quicunque
2584 1428 2791 1483 egenus
2818 1414 2933 1469 sive
2962 1418 3253 1486 opulentus
3281 1429 3335 1474 et
3374 1436 3491 1474 ma-

1915 1509 2050 1564 gnas
2072 1496 2456 1562 possessiones
2503 1498 2737 1565 habens,
2781 1517 2972 1559 omnes
3014 1508 3311 1563 morientes
3354 1510 3503 1565 nihil.

1918 1585 2086 1649 aliud,
2120 1587 2255 1640 nihil
2283 1589 2520 1657 amplius
2548 1589 2752 1645 habent
2775 1593 2878 1649 nisi
2906 1596 3237 1665 sepulcrum.

1918 1675 1985 1729 97
2009 1674 2077 1729 Et
2107 1677 2315 1746 quidem
2348 1694 2430 1733 res
2473 1681 2528 1733 in
2567 1679 2667 1734 hac
2705 1683 3014 1757 vitavales;
3059 1687 3239 1757 quales
3278 1702 3396 1740 vero
3436 1691 3493 1743 in

2826 1753 3017 1821 [altera
3047 1753 3162 1826 quis
3190 1758 3381 1811 dixerit
3400 1758 3425 1809 ἶ)

1990 1857 2161 1926 Quam
2189 1862 2356 1916 multa
2395 1862 2615 1932 quidem
2643 1864 2695 1917 in
2723 1865 2826 1920 hoc
2856 1868 3060 1922 mundo
3084 1868 3213 1923 dum
3262 1870 3319 1924 in
3364 1884 3493 1924 cor-

1923 1965 2054 2020 pore
2087 1952 2322 2007 vivimus
2352 1953 2609 2009 dolorosa
2634 1965 2762 2010 sunt
2798 1966 2851 2012 et
2900 1974 3134 2026 amoena,
3168 1970 3277 2015 tam
3323 1960 3492 2023 multa

1922 2041 2170 2098 absolute
2192 2043 2337 2098 dicta
2366 2054 2495 2100 sunt
2525 2047 2606 2102 sic
2636 2062 2694 2100 se
2721 2047 2976 2103 habentia
3011 2049 3167 2120 :quis
3208 2066 3355 2116 vero,
3404 2052 3492 2105 in-

1918 2132 2057 2200 quit,
2108 2136 2356 2190 narrabit
2398 2152 2519 2206 quae
2557 2136 2779 2206 injustis
2827 2140 2883 2193 in
2934 2141 3104 2194 altero
3150 2141 3488 2211 impendent,

1917 2240 2039 2294 quae
2071 2228 2261 2282 ultima
2287 2228 2405 2284 dies
2435 2230 2697 2285 revelabit
2718 2230 2742 2283 ?
2761 2228 2897 2284 Nam
2946 2232 3019 2286 ibi
3045 2232 3190 2303 ignis
3213 2233 3490 2289 devorans

1915 2316 2176 2373 terribilis
2200 2319 2567 2386 vehementer,
2614 2329 2667 2375 et
2706 2321 2951 2391 gehenna
2999 2322 3273 2392 impendet
3312 2333 3367 2379 et
3408 2333 3489 2380 te-

1916 2410 2102 2463 nebrae
2131 2412 2434 2466 exteriores
2465 2428 2565 2481 pro
2591 2412 2678 2468 his
2714 2414 2805 2483 qui
2828 2413 3150 2485 elongantur
3167 2422 3222 2471 et
3270 2416 3429 2488 longe
3455 2432 3487 2477 a

1914 2498 2121 2554 lumine
2144 2501 2381 2568 cadunt;
2415 2503 2490 2557 ibi
2520 2514 2573 2559 et
2602 2506 2697 2574 qui
2726 2521 2833 2559 non
2867 2505 3070 2560 dormit
3102 2509 3328 2571 vermis,
3361 2522 3487 2563 nos-

1915 2599 2013 2646 trae
2037 2594 2261 2651 malitiae
2311 2596 2619 2652 recordatio
2660 2604 2714 2653 et
2749 2598 3103 2655 conscientia:
3149 2599 3378 2659 aculeus
3432 2611 3487 2657 et

1914 2696 2186 2747 accusans
2208 2700 2444 2742 morsus.

1911 2771 2107 2828 Melius
2138 2772 2251 2828 erat
2274 2777 2321 2829 si
2346 2778 2485 2843 vitw,
2522 2790 2626 2832 etc.

1985 2865 2176 2922 Melius
2202 2867 2391 2924 fuisset
2424 2871 2517 2924 tibi
2552 2880 2606 2925 et
2637 2874 2815 2942 magni
2862 2875 3249 2943 expedivisset,
3304 2890 3338 2929 0
3388 2876 3483 2947 qui

1913 2951 2015 3007 hac
2045 2955 2519 3013 animadversione
2548 2959 2745 3029 (lignus
2774 2978 2855 3027 es,
2893 2964 2939 3017 si
2971 2964 3088 3018 vias
3121 2979 3240 3039 quae
3283 2965 3353 3018 ad
3397 2967 3477 3018 vi-

1911 3052 2020 3098 tam
2051 3047 2260 3101 ducunt
2307 3064 2415 3103 non
2470 3049 2754 3120 ingressus
2806 3068 2979 3109 esses.
3034 3054 3243 3117 Bonum
3294 3056 3389 3111 tibi
3433 3057 3479 3113 si

1904 3137 2067 3183 natus
2120 3143 2228 3183 non
2270 3127 2471 3184 fuisses
2521 3132 2574 3183 in
2615 3132 2793 3197 initio,
2849 3143 2945 3187 aut
2982 3144 3168 3187 natum
3219 3144 3273 3190 et
3314 3137 3478 3193 vitam

1900 3219 2207 3290 ingressum
2242 3220 2386 3275 sicut
2434 3221 2646 3276 belluas
2699 3236 2755 3279 et
2796 3224 3044 3291 jumenta
3093 3228 3232 3281 mori
3279 3236 3333 3282 et
3378 3244 3481 3298 pu-

1899 3324 2156 3381 trescere,
2196 3331 2363 3387 quam
2405 3326 2464 3371 ut
2503 3316 2607 3372 hoc
2652 3318 2705 3372 in
2750 3335 2865 3373 aevo
2906 3331 2983 3376 tot
3012 3331 3065 3377 et
3100 3324 3265 3379 tantis
3321 3326 3485 3379 malis

1896 3407 2256 3476 opprimaris,
2298 3419 2352 3464 et
2403 3410 2703 3466 novissime
2758 3414 2934 3467 multo
2967 3415 3249 3485 pejoribus
3299 3417 3480 3473 adhuc

1894 3501 2161 3568 patiendis
2190 3502 2491 3572 sulijaceas,
2526 3505 2706 3571 quoad
2738 3505 2900 3559 finem
2929 3507 3044 3561 haec
3081 3507 3332 3564 habitura
3356 3524 3482 3578 spe-

1895 3601 2106 3657 rantur,
2155 3593 2243 3646 illa
2277 3611 2403 3650 vero
2453 3612 2669 3665 poenam
2725 3598 2999 3654 damnatis
3046 3609 3303 3657 aeternam
3347 3613 3479 3656 sunt

1893 3680 2215 3735 adduetura.
2274 3684 2395 3749 Quo
2454 3687 2626 3752 mihi,
2690 3687 2866 3751 inquit
2910 3689 3127 3742 divinus
3186 3689 3476 3760 interpres,

1905 3779 2103 3835 magna
2133 3768 2296 3836 primi
2328 3769 2568 3839 parentis
2607 3770 2801 3839 gloria,
2846 3772 2941 3842 qui
2984 3787 3151 3827 manu
3176 3772 3273 3827 Dei
3312 3782 3366 3827 et
3408 3774 3476 3827 ad

1904 3870 2024 3924 CJUS
2076 3856 2370 3927 imaginem
2419 3866 2470 3912 et
2516 3859 2927 3914 similitudinem
2993 3862 3295 3932 plasmatus
3351 3872 3474 3929 est,

1906 3960 2028 4013 qua:
2061 3945 2233 4014 gloria
2267 3946 2431 4000 unica
2463 3961 2492 4001 e
2520 3947 2667 4017 ligno
2707 3950 3019 4018 gustatione
3070 3960 3330 4023 corrupta
3377 3969 3477 4023 pe-

1905 4036 2041 4089 riit?
2071 4036 2189 4102 Quo
2222 4037 2530 4093 Salomonis
2553 4041 2821 4108 sapientia
2855 4051 2908 4093 et
2937 4042 3237 4110 prudentiae
3260 4044 3429 4100 decus
3454 4044 3477 4097 ἒ

1907 4126 2156 4183 Βοηιὶιιιε
2192 4136 2353 4183 estet
2386 4130 2504 4199 ipse
2563 4132 3106 4204 contemptibilisque
3152 4135 3331 4192 factus
3379 4151 3479 4208 per

1905 4219 2180 4272 mulieres.
2215 4218 2333 4283 Quo
2381 4218 2551 4274 Judas
2599 4219 2692 4289 qui
2741 4221 3140 4277 duodenarium
3189 4226 3480 4293 Apostolo-

1904 4325 2023 4363 rum
2055 4325 2344 4363 numerum
2384 4312 2733 4381 complebat?
2764 4312 2945 4368 Sedet
2970 4313 3085 4386 ipse
3131 4316 3299 4386 parvi.
3338 4316 3477 4372 lucri

1904 4416 2070 4455 causa
2105 4410 2338 4455 mternas
2365 4402 2605 4475 obtinuit
2631 4403 2906 4459 tenebras.

1909 4493 2006 4547 109
2037 4491 2244 4546 Christe
2273 4508 2383 4555 rex,
2418 4500 2526 4547 etc.

1974 4583 2215 4639 Obsecro
2248 4591 2320 4652 te,
2344 4587 2420 4637 ait
2450 4586 2749 4654 inspiratus
2772 4602 2801 4640 a
2828 4586 2958 4651 Deo,
2991 4603 3025 4641 0
3049 4589 3207 4645 beate
3227 4589 3443 4646 Christe
3460 4632 3474 4655 ,

1903 4691 1997 4730 rex
2028 4674 2298 4739 omnium,
2325 4689 2557 4745 propera
2609 4691 2759 4731 nunc
2801 4678 3019 4747 erigens
3065 4687 3160 4731 aut
3213 4679 3477 4734 allevians

1903 4783 1988 4821 me
2009 4783 2039 4822 e
2059 4768 2182 4821 vitm
2209 4766 2648 4833 calamitatibus;
2680 4783 2838 4823 servo
2868 4770 2963 4823 tuo
2996 4769 3261 4824 medelam
3306 4768 3469 4835 aﬁer;

1904 4875 2141 4930 namque
2173 4859 2305 4914 illud
2347 4868 2559 4913 tantum
2593 4875 2782 4914 revera
2835 4862 3038 4915 bonum
3088 4836 3146 4916 iit
3191 4861 3407 4916 ﬁrmum
3444 4877 3477 4916 a

1902 4957 1955 5001 te
1979 4946 2032 5000 in
2066 4947 2383 5001 hominibus
2412 4955 2603 5010 restat,
2638 4963 2763 5016 spes
2788 4949 2940 5017 regni
2967 4948 3213 5003 cmlestis
3242 4947 3476 5023 adquod

1904 5040 2183 5109 paululum
2212 5039 2544 5107 aspirantem
2575 5053 2661 5093 me
2696 5038 2878 5094 vivere
2923 5039 3030 5103 fac,
3078 5051 3295 5109 sperata
3344 5056 3478 5096 con-

1900 5131 2130 5190 eedens;
2165 5129 2345 5199 quoad
2368 5130 2473 5184 alia
2501 5146 2632 5185 vero
2666 5130 2791 5183 vita:
2824 5131 3213 5186 desiderabilia
3242 5140 3297 5188 et
3320 5148 3475 5188 ama-

1900 5221 2053 5288 bilia,
2082 5221 2149 5275 de
2178 5222 2378 5291 quibus
2409 5223 2637 5278 satietas
2675 5224 2845 5277 multa
2868 5264 2882 5289 ,
2928 5226 3092 5278 multa
3122 5227 3477 5296 superﬂuitas

1899 5321 1954 5368 et
1976 5315 2357 5379 exuberantia,
2393 5325 2661 5387 quotquot
2694 5332 2860 5387 super
2910 5325 3057 5372 terra
3097 5320 3245 5381 circa
3291 5320 3474 5374 homi-

1900 5422 1997 5462 nes
2023 5406 2361 5471 volutantur,
2384 5415 2437 5463 et
2470 5408 2746 5464 desiderio
2799 5410 3164 5481 quaesituique
3189 5421 3340 5478 sunt,
3364 5411 3475 5466 alio

1899 5499 1957 5552 in
2010 5499 2152 5553 alios
2192 5500 2403 5567 jactata
2454 5508 2509 5555 et
2557 5500 2879 5564 incidentia,
2924 5504 3123 5557 Cuncta
3158 5503 3477 5573 relinquere

1899 5590 2065 5657 volo,
2120 5598 2319 5646 cuncta
2374 5593 2792 5661 praetermittere
2843 5608 3062 5662 precor,
3082 5610 3276 5664 nempe
3323 5585 3505 5649 illam!

1899 5699 2062 5753 quam
2107 5683 2165 5737 in
2195 5691 2340 5737 terra
2382 5686 2612 5754 patriam
2646 5700 2931 5751 vocamus,
2981 5692 3035 5739 et
3073 5685 3245 5754 ipsam
3290 5686 3473 5757 hospi-

1900 5777 2065 5832 talem
2095 5784 2149 5831 et
2176 5776 2407 5831 alienam
2444 5777 2740 5847 plagam,et
2771 5777 2997 5832 thronos
3032 5778 3177 5833 circa
3195 5794 3333 5850 quos
3369 5796 3485 5851 put

289 5890 403 5965 (61)
442 5895 860 5971 Δωδεκάριθμος
894 5899 1049 5957 tinxit
1073 5898 1298 5957 Nonnus
1327 5898 1588 5971 Paraphr.
1620 5916 1669 5956 c.
1700 5900 1787 5967 15,

1908 5896 2082 5964 Β,ἀλλ’
2112 5898 2200 5952 ὅτε
2233 5897 2388 5967 νόσφι
2416 5894 2852 5967 δυωδεκάριθμος
2891 5896 3108 5961 Ἰούδας,
3138 5905 3195 5953 et.
3221 5897 3276 5965 2,
3304 5898 3393 5954 θλ
