4182 6362
577 470 682 530 755

567 611 600 664 κ
631 610 674 643 ιιι
712 607 851 662 opus
873 599 1042 652 cst.et
1071 592 1456 662 gloriationem
1495 608 1526 648 e
1559 593 1699 648 solio
1737 591 2144 662 procedentem,

567 700 692 737 cum
725 684 962 739 elatione
991 693 1046 739 et
1082 684 1280 740 decore
1321 701 1445 755 qua:
1493 701 1557 738 ex
1609 699 1800 739 eorum
1849 683 2150 738 ambitione

572 775 722 836 ltuit,
762 774 1017 830 similiter
1043 783 1098 830 et
1122 789 1218 831 eos
1247 776 1342 844 qui
1379 774 1613 845 proximi
1649 783 1776 830 sunt
1813 788 1878 828 ex
1925 787 2146 843 genere,

567 875 621 922 et
653 867 745 934 qui
780 867 978 932 alieno,
1005 876 1059 920 et
1086 867 1178 938 qui
1211 869 1284 938 pii
1317 868 1664 922 aestimantur
1697 875 1750 921 et
1793 865 1965 934 impii,
2010 865 2148 920 sim-

568 959 738 1027 plices
761 967 814 1013 et
841 973 938 1014 eos
969 959 1064 1029 qui
1098 961 1293 1028 spiritu
1335 958 1535 1015 sinceri
1577 967 1706 1014 sunt
1736 968 1790 1013 et
1818 957 2074 1023 candidi,
2096 963 2150 1012 et

568 1056 743 1104 tectos
775 1051 1030 1120 malaque
1067 1051 1260 1106 dolose
1310 1059 1570 1122 agentes;
1617 1051 1886 1114 omnium,
1933 1063 2146 1118 precor,

533 1141 822 1210 _invcniar
861 1142 1134 1211 superior,
1159 1151 1214 1198 et
1239 1144 1455 1198 illorum
1481 1143 1576 1212 qui
1627 1143 1748 1198 sine
1797 1142 2001 1196 iuvitlia
2052 1141 2150 1195 bo-

569 1249 700 1287 num
735 1235 954 1287 oculum
985 1235 1039 1288 in
1083 1250 1182 1289 nos
1215 1234 1527 1299 intendunt,
1565 1242 1619 1290 et
1655 1235 1884 1289 istorum
1929 1235 2023 1304 qui
2065 1236 2149 1289 iu-

569 1325 1544 1396 vidiatabescunt,malitiaipsismet
1594 1327 1661 1381 ad
1711 1336 1944 1382 mortem
1974 1343 2149 1398 usque

569 1420 790 1481 nociva,
824 1417 975 1473 intus
1005 1417 1294 1473 adversum
1330 1434 1431 1474 nos
1470 1419 1793 1474 sentientes.

567 1507 706 1568 Aliis
740 1524 946 1562 amoma
971 1511 1110 1573 vim,
1144 1519 1250 1564 etc.

641 1599 780 1655 Aliis
804 1602 915 1656 sint
952 1603 1330 1657 amantissima
1375 1603 1562 1658 mundi
1594 1603 2148 1675 magnipendentibus

566 1679 694 1762 qua
721 1693 903 1748 dulcia
935 1703 1063 1748 sunt
1089 1696 1242 1749 carni
1269 1713 1284 1761 ;
1322 1711 1424 1766 ego
1469 1711 1600 1751 vero
1626 1697 1840 1752 fortiter
1873 1696 1990 1751 haec
2017 1696 2149 1765 reji-

566 1786 714 1839 ciam
755 1795 1017 1856 tanquam
1067 1787 1263 1842 animas
1307 1788 1548 1843 vincula.
1590 1788 1686 1844 l‘lei
1733 1790 1900 1843 mihi!
1949 1789 2150 1860 Longae

567 1882 694 1930 vita
739 1874 1017 1931 diuturnis
1084 1878 1367 1933 doloribus
1419 1879 1656 1935 amictus
1713 1895 2018 1951 usquequo.
2063 1882 2148 1936 in-

567 1966 706 2034 quit,
746 1967 799 2020 in
855 1967 1135 2022 alimentis
1183 1970 1392 2025 ventris
1437 1978 1492 2025 et
1529 1971 1583 2024 in
1621 1970 1748 2026 timo
1795 1973 2150 2028 delectabar?

567 2069 862 2125 usqueqno
897 2057 1160 2127 recipiam
1187 2066 1240 2111 et
1263 2059 1530 2127 ejiciam?
1576 2076 1812 2131 namque
1860 2064 2006 2132 quod
2051 2079 2146 2120 su-

567 2149 740 2207 mitur
767 2151 834 2206 ad
872 2151 1038 2205 vitam
1092 2151 1380 2214 hominum
1433 2154 1661 2219 bonum,
1710 2156 2005 2212 obiectatio
2047 2157 2148 2212 du-

566 2241 693 2309 ple:
717 2252 824 2306 est,
860 2245 1098 2313 primum
1129 2246 1182 2299 in
1204 2246 1494 2310 sumendo,
1517 2248 1714 2303 deinde
1738 2248 1793 2304 in
1827 2250 2146 2320 rejiciendo,

565 2333 771 2402 repleri
803 2337 1104 2400 alimentis,
1148 2337 1345 2394 deinde
1377 2341 1692 2417 expurgari,
1726 2341 1798 2396 ita
1841 2353 1898 2396 ut
1931 2344 2149 2398 cellaria

567 2426 853 2482 fructuum
895 2430 1172 2498 complere
1215 2441 1269 2485 et
1317 2447 1587 2488 evacuare
1624 2434 1916 2488 oblectatio
1947 2434 2020 2490 sit
2049 2436 2152 2490 du-

570 2518 718 2588 plex,
745 2519 814 2572 de
841 2519 932 2574 die
963 2520 1018 2574 in
1045 2521 1192 2576 diem
1237 2532 1446 2577 mutata
1476 2533 1532 2578 et
1578 2525 1819 2580 vicissim
1853 2527 2148 2584 transiens.

567 2609 885 2674 Paululum,
932 2611 1134 2682 inquit,
1181 2622 1440 2684 tanquam
1490 2616 1543 2670 in
1593 2617 1828 2672 transitu
1870 2617 2151 2677 titillatuni

567 2709 796 2770 guttur,
861 2705 1006 2759 sicut
1069 2705 1325 2760 vehiculo
1383 2708 1469 2762 vel
1543 2710 1905 2780 aquaeductu,
1974 2711 2152 2766 ventri

567 2801 770 2855 cuncta
789 2803 840 2848 et
871 2794 1086 2852 latrinis
1109 2797 1299 2851 mittit.
1334 2797 1527 2855 Postea
1564 2801 1854 2874 perpendit
1879 2810 1933 2857 et
1963 2817 2150 2857 verum

568 2891 626 2938 et
659 2887 892 2956 congrui
943 2888 1211 2957 temporis
1257 2890 1670 2948 vicissitudines
1714 2902 1769 2948 et
1808 2896 2102 2950 varietates
2135 2912 2148 2948 :

570 2975 748 3032 hiems
802 2976 978 3049 frigus
1027 2979 1203 3050 affert,
1247 2993 1413 3038 testas
1457 3000 1588 3038 vero
1633 2985 1874 3042 calorem
1921 2990 2151 3061 spargit,

569 3082 670 3125 ver
721 3067 920 3123 hiemis
968 3071 1115 3127 vices
1169 3075 1404 3145 supplet,
1464 3087 1520 3130 et
1571 3079 1782 3137 aestatis
1834 3093 2149 3148 autumnus,

571 3160 720 3218 sicut
748 3159 947 3218 diebus
976 3172 1168 3218 noctes
1198 3173 1254 3219 ct
1295 3167 1551 3221 noctibus
1591 3170 1789 3224 iterum
1817 3171 1938 3227 dies
1963 3188 2154 3230 succe-

569 3248 732 3314 dunt,
785 3249 1106 3328 duplicibus
1158 3255 1445 3330 praesentis
1499 3258 1623 3315 vitaz
1672 3259 1860 3330 ﬁguris
1909 3262 2152 3318 vicissim

571 3341 880 3403 immutatis
927 3350 982 3398 et
1031 3344 1373 3400 substitutis.
1404 3347 1515 3401 Cur
1569 3349 1681 3403 haec
1733 3351 1898 3412 dico?
1940 3351 2152 3408 Caelum

574 3429 742 3503 idem,
807 3440 974 3498 terra,
1007 3449 1181 3498 mare,
1213 3443 1267 3488 et
1306 3436 1442 3490 nihil
1473 3453 1672 3492 novum
1703 3447 1758 3498 et
1783 3441 1918 3495 nihil
1940 3457 2152 3508 recens,

573 3518 874 3581 tuihi,dicit
913 3522 1294 3591 Ecclesiastes,
1340 3527 1444 3584 sub
1479 3529 1616 3588 sole,
1665 3545 1764 3584 nec
1813 3547 2157 3603 quaecunque

573 3612 862 3680 eoagulata
898 3625 1026 3670 sunt
1065 3623 1121 3671 et.
1163 3625 1309 3671 stant
1342 3617 1706 3676 immutabilia
1753 3622 1892 3677 sicut
1931 3630 2073 3678 terra
2101 3631 2156 3677 et

573 3719 698 3774 qua:
732 3704 786 3760 in
828 3720 890 3760 ca
941 3716 1092 3772 sunt,
1125 3725 1222 3764 nec
1257 3727 1602 3780 quaecunque
1628 3717 1680 3767 in
1713 3714 1900 3769 orbem
1933 3731 2157 3774 moven-

575 3805 688 3862 tur,
725 3797 873 3857 sicut
910 3801 1112 3859 cmlum
1162 3809 1217 3856 et
1254 3803 1359 3857 hoc
1403 3805 1551 3873 quod
1589 3805 1851 3876 continet,
1878 3806 1933 3861 in
1974 3807 2156 3865 circu-

574 3889 689 3944 ium
723 3889 930 3964 jugiter
960 3900 1103 3947 acta.

577 4073 647 4128 10
681 4071 886 4127 Harum
923 4075 1163 4138 taedium,
1197 4076 1365 4131 aliam
1410 4076 1538 4136 milii
1572 4078 1757 4142 vitam,
1791 4087 1896 4133 etc.

649 4162 881 4227 Horum,
908 4164 1107 4234 inquit,
1157 4167 1439 4222 subiciens
1473 4167 1638 4223 fuerit
1680 4169 1968 4239 hucusque
1999 4186 2154 4235 usus,

576 4256 900 4318 transitoria
926 4255 1111 4320 videre
1129 4273 1214 4313 me
1232 4260 1418 4326 taedet,
1437 4260 1574 4314 satis
1590 4261 1932 4330 corruptibili
1954 4263 2160 4317 mundo

580 4348 788 4404 fruitus
829 4363 953 4404 sum
989 4369 1003 4404 :
1034 4350 1199 4404 aliam
1252 4351 1385 4405 mihi
1429 4353 1623 4416 vitam,
1655 4351 1825 4411 alium
1869 4355 2158 4422 mundum,

581 4459 616 4495 υ
660 4441 898 4504 Christe,
937 4443 1138 4506 tribue,
1192 4453 1417 4513 propter
1451 4459 1616 4514 quam
1661 4445 1825 4502 vitam
1869 4445 2057 4503 laboro
2107 4456 2163 4503 et

581 4535 766 4614 patior
821 4533 1041 4595 fortiter
1090 4544 1289 4591 cuncta
1343 4534 1527 4591 ferens
1582 4551 1911 4600 mrumnosa,
1961 4547 2162 4594 cuncta

581 4629 738 4680 iturae
771 4626 896 4681 vitae
945 4624 1174 4684 adversa
1216 4624 1440 4689 suﬂ‘ero,
1493 4625 1560 4685 ad
1607 4625 2079 4697 incorruptibilem
2112 4637 2164 4684 et

578 4718 883 4780 solutionis
938 4719 1239 4775 immunem
1301 4717 1555 4776 tendens.
1616 4715 1834 4776 Utinam
1913 4719 2046 4773 mihi
2110 4727 2165 4776 et

579 4813 725 4867 mori
748 4810 1072 4882 contigisset
1103 4825 1228 4868 cum
1280 4810 1543 4868 maternis
1582 4810 1886 4866 visceribus
1921 4811 2159 4880 ligabarl

581 4903 721 4960 Nam
769 4903 957 4959 statim
1006 4911 1216 4964 natum,
1263 4901 1724 4970 quemadmodum
1801 4903 2039 4963 tenebrae
2109 4911 2165 4960 et

582 4995 897 5060 tribulatio,
928 4994 1003 5048 ita
1032 4994 1286 5060 lacrymae
1313 4992 1732 5053 comitabantur.

586 5090 692 5152 155
729 5089 863 5156 Qua:
891 5088 1037 5144 vita?
1069 5096 1171 5143 etc.

658 5179 792 5246 Quae
821 5179 976 5232 vita?
1001 5175 1133 5247 quid
1171 5176 1228 5230 in
1269 5176 1410 5246 ipsa,
1453 5175 1653 5246 inquit,
1691 5176 2058 5236 desiderabile
2081 5189 2169 5235 est

583 5281 642 5327 et
670 5269 942 5330 amabile?
990 5267 1184 5325 Nonne
1223 5269 1381 5339 quasi
1433 5283 1464 5323 e
1509 5269 1784 5338 sepulcro,
1827 5285 1859 5324 e
1900 5271 2167 5328 maternis

584 5364 897 5420 visceribus
928 5363 1142 5430 exiens,
1179 5361 1248 5422 ad
1286 5361 1520 5418 alterum
1561 5362 1875 5432 sepulcrum
1908 5362 2067 5429 vado,
2101 5361 2168 5417 ad

588 5457 858 5512 mortem?
886 5453 930 5510 E
965 5453 1210 5515 secundo
1254 5460 1436 5508 autem
1471 5452 1566 5507 illo
1596 5467 1781 5508 nonne
1811 5453 1867 5509 in
1901 5453 2026 5523 igne
2066 5453 2169 5509 ite-

589 5560 715 5606 tum
771 5541 1010 5616 sepeliar
1061 5541 1571 5604 immisericorditer
1624 5557 1818 5612 ptenas
1872 5543 2170 5612 impietatis

589 5638 882 5710 praesentis
906 5639 1004 5694 aevi
1043 5636 1316 5694 daturus?
1345 5635 1410 5689 Et
1449 5643 1712 5704 quantum
1755 5635 1937 5689 vivere
1981 5634 2036 5688 in
2074 5648 2170 5689 vo-

595 5728 805 5797 luptate
836 5729 971 5783 mihi
1005 5730 1205 5799 placet,
1239 5733 1452 5782 tantum
1487 5725 1597 5780 illic
1634 5727 1739 5780 frui
1785 5741 1890 5780 non
1926 5724 2168 5782 ﬂuminis

595 5825 842 5880 torrente
856 5834 1018 5889 quam
1040 5821 1387 5888 rapidissima
1420 5818 1680 5894 fugientis
1701 5819 1922 5876 omnino
1952 5834 2166 5890 aequum

667 5925 778 5999 (εἳ)
816 5929 949 5986 Cod.
986 5931 1190 6005 ὁπῶρα.

1921 472 2214 530 NICETAS
2276 473 2486 531 DAVID

3724 471 3829 528 756

2256 592 2480 663 θρόνους
2511 591 2604 647 καὶ
2641 593 2702 646 τὸ
2740 591 3034 665 ἀπόθρονον
3066 587 3240 663 εῦχος,
3270 593 3386 662 ἢτοι
3415 589 3475 643 τὸ
3503 589 3596 642 ἐπὶ
3633 591 3697 659 τῇ
3733 591 3831 643 αύο

2253 685 2361 738 τῶν
2384 685 2713 757 παραιτήσει
2747 685 3006 756 καύχημα
3030 686 3124 739 καὶ
3153 684 3331 747 κλέος,
3363 682 3564 752 ὁμοίως
3591 682 3682 734 καὶ
3707 683 3831 744 τοὺς

2255 779 2424 847 ἐγγὺς
2463 777 2604 832 κατά
2629 777 2784 848 γένος
2831 779 2926 832 καὶ
2947 777 3270 846 ἀλλογενεῖς,
3289 776 3385 828 καὶ
3415 774 3542 837 τοὺς
3589 771 3831 835 εὐσεϐεῖς

2256 888 2330 943 φη
2340 871 2663 943 μιξομένους
2690 871 2784 924 καὶ
2816 870 3054 936 ἀσεϐεῖς,
3077 869 3203 931 τούς
3225 886 3284 920 τε
3309 865 3513 930 ἁπλοῦς
3529 866 3625 920 καὶ
3655 865 3831 928 εύθεῖς

2255 963 2346 1017 τὸν
2382 963 2508 1017 νοῦν
2552 965 2646 1018 καὶ
2677 964 2946 1034 φανεροὺς
2970 1003 2984 1026 ,
3006 962 3132 1025 τούς
3152 977 3210 1013 τε
3231 960 3506 1031 κρυπτοὺς
3528 958 3624 1010 καὶ
3644 955 3832 1020 δολίως

2255 1055 2716 1126 κακουργοῦντας·
2741 1056 2959 1110 πάντων
2981 1054 3280 1126 ὑπέρτερος
3301 1050 3527 1121 εὔχομαι
3551 1045 3829 1117 γενέσθαι,

2256 1150 2366 1204 τῶν
2412 1152 2460 1203 τ’
2492 1149 2804 1204 ἀϐάσκανον
2831 1149 2986 1220 ὄμμα
3035 1147 3131 1200 καὶ
3156 1143 3398 1207 ἐπιεικὲς
3453 1143 3586 1214 ἡμῖν
3614 1141 3832 1210 ἐπερει-

2253 1243 2476 1305 δόντων,
2512 1241 2621 1294 τῶν
2665 1259 2726 1295 τε
2775 1240 3013 1312 φθονερᾷ
3066 1239 3158 1292 καὶ
3207 1236 3486 1307 αύτοφόνῳ
3527 1231 3698 1303 κακίᾳ
3737 1233 3830 1284 ὲκ-

2254 1333 2571 1404 τηκομένων
2594 1332 2738 1386 ἔνδον
2765 1335 2833 1404 τῇ
2861 1330 3067 1402 διανοίᾳ
3093 1329 3212 1384 καθ’
3243 1326 3425 1400 ἡμῶν.

2260 1509 2496 1574 Ἄλλως
2526 1509 2750 1576 τερπνὰ
2771 1507 2952 1572 βίοιο,
2982 1522 3036 1560 κ.
3060 1523 3110 1560 τ.
3136 1504 3216 1571 ἐξ.

2330 1602 2547 1664 Ἀλλοις
2574 1600 2715 1654 ἔστω
2757 1601 2824 1654 τὰ
2870 1599 3063 1670 ἥδιστα
3107 1595 3202 1650 τοῦ
3239 1596 3447 1667 κόσμου
3490 1595 3603 1657 τοῖς
3636 1587 3832 1646 πολλοῦ

2253 1693 2586 1765 τιμωμένοις
2631 1691 2732 1762 τῆς
2766 1691 2965 1762 σαρκὸς
3007 1689 3104 1760 τὴν
3133 1687 3326 1760 ἡδονὴν
3346 1726 3361 1751 ,
3404 1685 3516 1755 ἐγὼ
3545 1685 3603 1738 δὲ
3628 1683 3833 1754 ταύτην

2257 1785 2552 1859 προθύμως
2576 1785 2650 1849 ὼς
2684 1784 2881 1855 δεσμὸν
2905 1781 3281 1854 ἀποφεύξομαι
3315 1779 3514 1850 ψυχῆς.
3545 1776 3708 1848 Οῖμοι
3734 1775 3829 1830 τοῦ

2259 1876 2471 1948 μακροῦ
2497 1876 2638 1946 βίουί
2675 1878 2902 1947 μακροῖς
2923 1875 3108 1942 ἄλγεσι
3133 1871 3458 1942 πονούμενος
3487 1871 3648 1942 μέχρι
3666 1869 3828 1933 τινος.

2256 1971 2413 2042 φησὶ,
2445 1972 2556 2034 τοῖς
2578 1987 2636 2023 τε
2669 1967 2920 2041 βρώμασι
2949 1969 3048 2039 τῆς
3074 1966 3308 2038 γαστρὸς
3341 1966 3433 2019 καὶ
3462 1967 3581 2028 ταῖς
3609 1964 3832 2034 κόπροις

2256 2064 2744 2137 ἑμφιλοχωρήσω;
2807 2062 2968 2133 μέχρι
3024 2060 3166 2124 τίνος
3227 2059 3446 2130 δέξομαι
3516 2059 3610 2112 καὶ
3661 2057 3833 2126 ἀπορ-

2259 2157 2520 2231 ρίψομαις
2572 2155 2684 2210 Καὶ
2722 2155 2831 2226 γὰρ
2867 2155 2928 2208 τὸ
2969 2154 3157 2207 δοκοῦν
3183 2153 3326 2206 ἅπαν
3355 2154 3420 2222 τῇ
3456 2149 3568 2220 ζωῇ
3597 2147 3705 2201 τῶν
3739 2150 3834 2200 ἀν-

2258 2248 2490 2322 θρώπων
2517 2246 2786 2318 ὑπάρχειν
2807 2244 3008 2314 ἀγαθὸν
3036 2244 3286 2314 δίστομος
3315 2242 3472 2313 χάρις
3494 2241 3632 2303 ἐστὶ,
3655 2238 3835 2294 λαϐεῖν

2258 2337 2494 2411 πρῶτον,
2553 2335 2674 2391 εἶτα
2723 2336 2901 2408 ῥίψαι,
2959 2335 3309 2407 πληρωθῆναι
3371 2332 3664 2404 βρώσεως,
3717 2325 3837 2382 εἶτα

2259 2431 2601 2502 κενωθῆναι,
2663 2429 2852 2499 ὥσπερ
2927 2428 3021 2481 καὶ
3079 2426 3148 2478 τὰ
3199 2427 3398 2496 ταμεῖα
3442 2423 3550 2476 τῶν
3611 2421 3837 2492 καρπῶν

2259 2521 2502 2596 πληροῦν
2537 2521 2633 2575 καὶ
2663 2519 2851 2574 κενοῦν
2885 2519 3130 2589 δίστομός
3161 2521 3276 2571 ἐστι
3301 2517 3480 2588 χάρις,
3509 2515 3725 2587 ἡμέραν
3751 2515 3835 2582 ἐφ’

2261 2615 2473 2687 ἡμέρας
2508 2617 2566 2668 ὲν
2623 2614 2807 2685 μέτρῳ
2853 2610 3299 2682 ύπαλλαττομένη
3351 2611 3444 2663 καὶ
3483 2607 3822 2662 ὑπαπιοῦσα.

2258 2706 2444 2774 Μικρά
2465 2705 2587 2777 μὲν,
2617 2705 2804 2775 φησὶν,
2837 2703 2913 2768 ὡς
2949 2705 3006 2756 ὲν
3039 2702 3255 2774 παρόδῳ
3287 2700 3538 2770 τερφθεὶς
3566 2701 3595 2753 ὁ
3623 2697 3835 2767 λαιμὸς,

2259 2796 2334 2864 ὼς
2375 2797 2433 2850 έν
2475 2797 2666 2869 ἀμάρᾳ
2700 2797 2792 2850 καὶ
2829 2794 3032 2865 ἀγωγῷ
3073 2797 3140 2867 τῇ
3184 2794 3379 2865 γαστρὶ
3411 2793 3589 2846 πάντα
3622 2791 3717 2847 καὶ
3762 2787 3839 2858 τῷ

2259 2888 2529 2962 ἀφεδρῶνι
2569 2888 2957 2959 παραπέμπει·
3005 2886 3195 2940 σκόπει
3239 2885 3296 2940 δὲ
3326 2885 3462 2956 πρὸς
3491 2883 3700 2946 τούτοις
3747 2885 3840 2936 καὶ

2260 2984 2320 3037 τὸ
2349 2982 2459 3036 τῶν
2486 2981 2763 3051 στοιχείων
2795 2980 2889 3034 καὶ
2916 2979 3024 3032 τῶν
3051 2978 3257 3051 καιρῶν
3286 2976 3573 3035 ἀλλοιωτὸν
3602 2976 3694 3031 καὶ
3715 2993 3840 3046 τρε-

2262 3075 2423 3128 πτόν·
2456 3071 2664 3144 χειμὼν
2704 3072 2801 3142 μὲν
2840 3071 3164 3141 καταψύχει,
3217 3070 3373 3142 θέρος
3425 3069 3484 3124 δὲ
3516 3063 3671 3131 αὖθις
3705 3069 3837 3121 ἀνα-

2264 3166 2486 3235 φλέγει,
2529 3164 2630 3236 ἔαρ
2669 3164 2765 3234 μὲν
2813 3163 3030 3234 ἀμείϐει
3072 3164 3164 3215 τὸν
3197 3162 3460 3233 χειμῶνα,
3489 3158 3682 3231 ὀπώρα
3728 3159 3839 3223 (6'2)

2262 3257 2319 3314 δὲ
2346 3257 2406 3310 τὸ
2437 3256 2614 3327 θέρος,
2644 3254 2834 3326 ὥσπερ
2862 3254 2960 3318 τὰς
2988 3255 3200 3326 ἡμέρας
3250 3255 3347 3325 μὲν
3392 3256 3450 3308 αἱ
3494 3255 3707 3318 νύκτες,
3741 3254 3841 3316 τὰς

2263 3348 2462 3412 νύκτας
2484 3347 2540 3400 δὲ
2571 3343 2636 3400 αῦ
2665 3348 2721 3401 αἱ
2756 3346 2982 3420 ἡμέραι,
3016 3347 3085 3400 τὰ
3110 3346 3269 3400 δισσὰ
3298 3345 3391 3399 τοῦ
3421 3346 3688 3417 παρόντος
3724 3343 3840 3414 βίου

2264 3441 2523 3511 φάσματα
2569 3439 2908 3510 διαμείϐουσι
2957 3439 3050 3492 xui.
3097 3439 3513 3493 ύπαλλὰττουσι.
3566 3438 3632 3489 Τί
3672 3435 3844 3493 ταῦτά

2264 3547 2440 3601 φημι;
2491 3529 2732 3602 Οὐρανὸς
2777 3530 2806 3582 ὁ
2853 3529 3052 3594 αὐτὸς,
3090 3531 3182 3599 γῆ,
3218 3529 3482 3592 θάλασσα,
3535 3529 3630 3584 καὶ
3690 3527 3844 3582 οὐδὲν

2266 3623 2528 3694 νεώτερον
2590 3623 2683 3676 καὶ
2731 3621 2884 3675 οὐδὲν
2933 3621 3120 3675 καινὸν
3173 3620 3384 3692 ἔμοιγε,
3426 3620 3591 3691 φησὶν
3635 3621 3666 3672 ὀ
3723 3620 3844 3671 Ἐκ-

2264 3713 2729 3786 κλησιαστὴς,ύπὸ
2751 3714 2842 3772 τὸν
2870 3712 3041 3785 ἥλιον,
3074 3711 3187 3766 οὗθ’
3221 3713 3320 3770 ὅσα
3354 3714 3535 3783 πηκτὰ
3569 3713 3721 3766 πέλει
3751 3711 3846 3765 καὶ

2267 3807 2498 3879 βέϐηκεν
2525 3805 2756 3875 ἀκίνητα
2783 3805 2973 3875 ὥσπερ
3003 3805 3074 3874 γῆ
3109 3806 3204 3857 καὶ⁵
3231 3803 3301 3860 τὰ
3341 3806 3469 3874 περὶ
3501 3805 3694 3876 αὐτὴν,
3730 3802 3844 3855 οὔθ’

2264 3903 2364 3958 ὅσα
2405 3899 2814 3970 περιτρέπεται,
2864 3897 3054 3969 ὥσπερ
3099 3895 3327 3967 οὐρανὸς
3370 3896 3460 3951 καὶ
3488 3895 3557 3948 τὰ
3601 3897 3660 3948 ὲν
3697 3895 3848 3966 αύτῳ

2264 3992 2505 4054 ἀεννάως
2539 3990 2632 4044 καὶ
2662 3987 2937 4052 κυκλικῶς
2971 3986 3406 4059 περιδινούμενα.

2270 4082 2337 4138 10
2368 4081 2491 4140 Τῶν
2516 4081 2693 4145 κόρος
2733 4078 2844 4149 (65)
2880 4096 2892 4109 ·
2937 4079 3133 4132 ἄλλον
3165 4077 3363 4147 ἔμοιγε
3394 4077 3559 4141 βίον,
3595 4093 3650 4132 κ.
3676 4092 3728 4131 τ.
3758 4073 3808 4127 λ.

2338 4173 2578 4236 Τούτων,
2612 4171 2799 4240 φησὶν,
2840 4169 2959 4232 ἀλις
2984 4169 3171 4240 ἔμοιγε
3217 4167 3326 4222 τῶν
3347 4166 3720 4230 ἀπολαύσεων,
3757 4181 3846 4218 κε-

2269 4267 2534 4336 κόρεσμαι
2555 4261 2663 4315 τῶν
2689 4261 3038 4332 τερπομένων
3060 4264 3157 4332 τῆς
3181 4257 3422 4330 ὁράσεως
3442 4301 3458 4325 ,
3484 4256 3850 4330 ἀποχρώντως

2267 4354 2362 4409 τοῦ
2402 4353 2642 4425 φθαρτοῦ
2673 4351 2880 4422 κόσμου
2911 4348 3330 4423 κατετρύφησα·
3378 4350 3534 4404 ἀλλον
3572 4351 3696 4420 ἐμοὶ
3734 4348 3850 4419 βίον

2271 4449 2366 4504 καὶ
2397 4447 2601 4518 κόσμον
2625 4485 2640 4511 ,
2665 4439 2711 4499 ὣ
2737 4444 2939 4516 Χριστὲ
2957 4484 2971 4508 ,
3011 4443 3159 4497 δίδου
3183 4483 3198 4509 ,
3235 4443 3302 4497 δι’
3335 4442 3392 4496 ὃν
3418 4441 3596 4496 πονῶν
3623 4441 3717 4497 καὶ
3749 4459 3848 4497 καί

2273 4539 2525 4598 κοπαθῶν
2554 4537 2850 4610 προθύμως
2880 4537 3057 4593 πάντα
3098 4536 3248 4608 φέρω
3285 4537 3353 4590 τὰ
3382 4535 3636 4606 ἀλγεινὰ,
3669 4533 3847 4598 πάσας

2273 4631 2487 4689 ἀνατλῶ
2527 4630 2812 4703 συμφορὰς
2843 4628 3080 4700 σκληροῦ
3109 4629 3224 4698 βίου
3249 4668 3264 4692 ,
3297 4628 3434 4698 πρὸς
3458 4628 3548 4682 τὸν
3574 4626 3848 4698 ἄφθαρτον

2273 4727 2369 4780 καὶ
2405 4724 2609 4780 ἄλυπον
2646 4720 2893 4792 ἀφορῶν·
2927 4721 3044 4774 αἴθε
3070 4720 3180 4790 γάρ
3217 4738 3305 4790 μοι
3343 4721 3435 4776 καὶ
3463 4718 3644 4776 θανεῖν
3664 4717 3848 4786 ἐξεγέ-

2271 4833 2391 4870 νετο
2415 4853 2430 4879 ,
2482 4813 2648 4886 ἡνίκα
2682 4810 2953 4883 μητρῴοις
2993 4809 3296 4880 ὲνεδέσμεις
3345 4809 3707 4878 σπλάγχνοις·
3757 4809 3851 4861 καὶ

2272 4907 2383 4978 γὰρ
2410 4905 2570 4970 εὐθὺς
2623 4903 2936 4974 γεννηθέντι
2986 4901 3175 4972 ὥσπερ
3225 4902 3413 4957 σκοτία
3452 4901 3547 4955 καὶ
3574 4899 3754 4970 θλίψις
3792 4899 3853 4954 τὸ

2273 4999 2508 5070 δάκρυον
2537 4994 2915 5068 ἐπηκολούθει.

2274 5093 2378 5148 155
2415 5089 2514 5157 Τίς
2533 5089 2673 5155 ,βίος
2698 5103 2714 5154 ;
2759 5106 2812 5141 κ.
2847 5105 2898 5140 τ.
2923 5088 2974 5139 λ.

2346 5181 2443 5244 Τίς
2483 5182 2512 5233 ὁ
2549 5179 2660 5250 βίος
2689 5196 2703 5244 ;
2735 5179 2790 5232 τί
2837 5177 2892 5230 δὲ
2923 5178 2986 5229 τὸ
3018 5176 3207 5230 τούτου
3232 5216 3247 5238 ,
3281 5176 3411 5247 φησὶ
3432 5216 3446 5239 ,
3486 5173 3730 5228 ποθεινὸν
3758 5174 3854 5226 καὶ

2273 5272 2539 5345 ὲραστόνς
2594 5272 2706 5342 Ούχ
2734 5269 2922 5341 ὥσπερ
2966 5271 3031 5322 ἐκ
3058 5263 3230 5336 τάφου
3281 5269 3379 5339 τῆς
3412 5267 3671 5338 μητρῴας
3695 5263 3856 5333 ἐξιὼν

2274 5361 2510 5435 γαστρὸς
2547 5362 2634 5431 ἐφ’
2665 5361 2850 5433 ἕτερον
2879 5361 3046 5429 τάφον
3078 5359 3246 5416 ὁδεύω
3266 5359 3356 5417 τὸν
3393 5358 3532 5430 μετά
3555 5359 3655 5429 τὴν
3671 5357 3856 5411 τελευ-

2274 5455 2374 5525 τήν
2399 5470 2414 5520 ;
2449 5454 2515 5507 ὲκ
2541 5452 2633 5506 τοῦ
2666 5451 2917 5522 δευτέρου
2945 5451 3003 5504 δὲ
3031 5450 3220 5504 τούτου
3257 5445 3345 5521 ἆρ’
3387 5451 3487 5505 οὐκ
3517 5452 3574 5503 έν
3600 5449 3679 5519 τῷ
3720 5451 3857 5522 πυρὶ

2277 5544 2591 5615 ταφήσομαι
2622 5541 2782 5596 πάλιν
2833 5540 3238 5611 ἀνελεημόνως,
3288 5539 3443 5605 δίκας
3483 5543 3582 5612 τῆς
3621 5540 3858 5595 ἐνταῦθα

2276 5635 2532 5699 ἀσεϐείας
2564 5633 2886 5701 ἀποτιννύςς
2915 5633 3049 5686 αὐτὸ
3075 5633 3120 5686 δ’
3150 5633 3273 5686 ὅσον
3298 5632 3646 5687 διαϐιώσκειν
3675 5635 3732 5687 ἐν
3760 5632 3855 5686 εὐ-

2278 5726 2478 5798 παθείᾳ
2507 5744 2596 5796 μοι
2626 5725 2788 5788 δοκῶ,
2822 5727 2947 5779 ὅσον
2970 5724 3218 5779 ἐνταυθοῖ
3247 5727 3602 5797 κατατρυφᾷν
3621 5767 3635 5791 ,
3661 5725 3723 5778 ού
3755 5741 3859 5778 πο-

2279 5818 2453 5889 ταμοῦ
2488 5817 2720 5889 ῥεύματι
2763 5816 2996 5884 ὀξύτατα
3039 5815 3253 5887 ῥέοντος
3294 5817 3486 5888 κομιδῇ
3520 5815 3853 5889 παρομοιοῦ-

2355 5927 2466 6004 (63)
2488 5926 2629 5990 Cod.
2657 5927 2760 5986 hoc
2790 5926 2910 5981 loco
2933 5924 3132 5978 τούτων
3161 5918 3335 5993 κόρος.
