4182 6362
368 430 479 488 ’157

367 567 491 614 ται,
524 548 770 618 ποταμοῦ
812 546 1023 610 ἀενάως
1051 548 1333 617 τρέχοντος
1365 547 1459 599 καὶ
1495 546 1582 599 ἀεὶ
1606 546 1670 597 ἐκ
1693 544 1800 597 τῶν
1834 543 1954 596 om.

371 643 496 693 σθεν
546 638 1017 709 ίόντος,διηνεκῶς
1066 641 1391 706 κινουμένου
1419 639 1513 689 καὶ
1546 636 1700 690 οὐδὲν
1738 635 1955 705 ἔχοντος

369 729 543 793 ἑστὼς
564 770 581 794 ,
609 730 758 783 οὐδὲν
784 731 947 801 μέρος
976 730 1140 782 αὐτοῦ
1172 731 1365 797 πάγιον
1395 728 1799 791 ἐπιδεικνύντος
1819 745 1831 757 ·
1866 726 1957 780 v.6-

370 841 451 887 νις
483 822 603 886 ὅλος
637 821 972 890 καθέστηκεν
999 824 1027 874 ὁ
1056 821 1200 891 βίος,
1244 824 1356 884 τοῖς
1388 823 1541 891 ἐμοῖς
1581 820 1824 890 ὄμμασιν
1858 822 1956 889 ἐμ-

370 917 648 969 πίπτουσα
678 915 770 967 καὶ
795 914 986 967 σκότον
1010 913 1356 984 ἐμϐάλλουσα
1383 914 1461 981 τῷ
1491 912 1588 982 νῷ,
1621 912 1697 975 ὡς
1730 912 1795 965 ἂν
1824 912 1957 981 πόρ-

374 1010 454 1079 ρω
473 1006 609 1061 Θεοῦ
641 1006 750 1059 τῶν
777 1006 1077 1077 φωτισμῶν
1101 1004 1371 1067 ἐκπεσὼν,
1399 1005 1493 1057 καὶ
1514 1001 1731 1070 τυφλῶν
1756 1002 1958 1071 τρόπον

371 1102 500 1165 τοὺς
525 1100 740 1170 τοίχους
764 1099 1052 1169 ψηλαφῶν,
1086 1100 1179 1152 καὶ
1205 1092 1305 1152 ὧδε
1342 1099 1503 1152 κάκεί
1537 1101 1651 1158 τοῖς
1678 1095 1959 1165 λογισμοῖς

373 1189 859 1262 περιπλανώμενος
913 1189 1015 1261 τῆς
1067 1189 1311 1260 μεγάλης
1346 1190 1405 1243 ἐν
1452 1186 1673 1259 Χριστῷ
1703 1186 1960 1255 άποτύχω

374 1281 540 1352 ζωῆς.

381 1372 670 1442 Τολμήσω
698 1373 831 1428 τινὰ
858 1374 1080 1440 μῦθον,
1107 1392 1160 1427 κ.
1192 1391 1244 1427 τ.
1275 1371 1351 1438 ἐξ.

446 1467 728 1540 Τολμηρόν
752 1485 874 1521 τινα
902 1468 1059 1536 λόγον
1085 1468 1267 1522 ἔπεισί
1305 1485 1395 1539 μοι
1427 1468 1675 1531 διειπεῖν,
1709 1464 1964 1537 ἀληθινὸν
2044 1502 2047 1505 λ

374 1558 421 1611 δ’
463 1554 556 1611 οῦν
600 1559 749 1629 ὅμως
778 1597 793 1621 ,
832 1557 899 1612 δι’
933 1558 962 1611 ὃ
986 1558 1081 1611 καὶ
1113 1558 1391 1629 τολμήσας
1433 1557 1806 1628 ἀποφαίνομαι
1831 1599 1846 1623 ,
1887 1557 1964 1620 ῶς

374 1650 511 1703 Θεοῦ
552 1650 803 1719 παίγνιον
834 1649 947 1719 (64)
994 1651 1023 1703 ὁ
1070 1649 1393 1721 ἄνθρωπος,
1444 1650 1537 1703 καὶ
1578 1648 1818 1702 τοιοῦτον
1852 1646 1963 1702 οἷον

372 1743 487 1803 τοῖς
519 1741 686 1794 πάλαι
720 1741 863 1795 κατά
895 1740 1080 1803 πόλεις
1110 1740 1264 1804 τινὰς
1311 1740 1691 1811 ἐπιτετήδευτο
1711 1759 1724 1772 ·
1790 1757 1963 1811 προσ-

377 1836 556 1885 ωπεῖα
574 1832 682 1905 γὰρ
707 1832 1157 1897 διασκευάζοντες
1185 1832 1477 1890 πλουσίων.
1505 1834 1771 1903 πενήτων,
1809 1832 1963 1901 βασι-

374 1923 513 1977 λέων
551 1926 646 1977 καὶ
694 1924 1016 1995 στρατηγῶν
1047 1963 1061 1987 ,
1092 1924 1272 1993 σοφῶν
1319 1924 1412 1976 καὶ
1445 1923 1668 1976 ἰδιωτῶν
1691 1963 1706 1986 ,
1757 1922 1967 1995 ἀνδρῶν

374 2014 577 2083 ὁμοίως
604 2016 699 2069 καὶ
725 2014 1023 2083 γυναικῶν,
1059 2016 1153 2069 καὶ
1184 2017 1241 2068 ἐν
1273 2014 1527 2086 Θεάτροις
1557 2014 1845 2085 παριόντες
1872 2015 1968 2067 καὶ

376 2108 435 2160 ἐν
472 2110 730 2178 σκηναῖς,
775 2106 951 2161 ταῦτα
989 2110 1037 2160 oi
1066 2107 1575 2178 προμελετήσαντες
1614 2105 1968 2177 περιτιθέμεο

379 2215 480 2261 von,
516 2200 610 2251 καὶ
639 2198 740 2267 τὴν
769 2199 892 2250 κατ’
918 2198 1117 2261 αὐτοὺς
1144 2197 1287 2251 καθά
1321 2198 1743 2270 προησκήσαντο
1770 2197 1968 2268 πρᾶξιν

378 2287 711 2360 ἐπίπροσθεν
741 2289 960 2344 πάντων
996 2290 1420 2361 ὑποκριθέντες,
1474 2292 1566 2344 καὶ
1605 2289 1849 2362 ἀκριϐῶς
1893 2290 1969 2354 ὡς

378 2380 490 2436 οἶόν
534 2399 595 2435 τε
628 2382 772 2437 κατὰ
802 2381 904 2454 τὴν
945 2382 1054 2438 τῶν
1096 2382 1345 2436 παλαιῶν
1384 2382 1627 2455 ἱστορίαν
1670 2382 1759 2436 διὰ
1792 2384 1970 2453 μιμή-

383 2493 522 2539 σεως
563 2474 663 2546 τὴν
692 2473 1140 2547 δραματουργίαν
1182 2472 1550 2546 ἀποχρώντως
1578 2472 1969 2544 ἐνδειξάμενοι,

380 2568 524 2621 οὕτω
578 2567 680 2637 τῆς
714 2567 915 2638 σκευῆς
949 2567 1042 2620 ἀπ’
1078 2564 1260 2619 αὐτῶν
1294 2565 1556 2637 ἀρθείσης
1583 2606 1599 2629 ,
1652 2566 1802 2628 ὅστις
1850 2565 1969 2616 ποτ’

380 2657 450 2732 ῆν
499 2660 681 2716 αὐτῶν
739 2659 972 2724 ἕκαστος
1043 2650 1411 2729 ἀναφανέντες
1467 2658 1647 2713 οἴκαδε
1706 2656 1969 2728 ἐχώρουν.

396 2754 671 2817 Ὡσαύτως
703 2752 883 2806 τοίνυν
923 2753 1026 2805 κάν
1057 2751 1137 2822 τῷ
1178 2750 1277 2822 βίῳ
1307 2751 1466 2814 ἄλλος
1510 2751 1640 2805 ἄλλο
1687 2767 1744 2802 τι
1776 2749 1971 2819 ἐπιτή-

381 2847 582 2919 δευμα,
613 2846 749 2918 πρὸς
785 2844 814 2897 ὃ
845 2844 1061 2914 εὐφυῶς
1093 2844 1331 2915 ἔχουσιν,
1375 2841 1725 2913 ἀσκούμενοι,
1764 2841 1858 2894 καὶ
1897 2841 1973 2903 ὡς

388 2942 447 2994 ἐν
487 2941 659 3011 σκηνῇ
711 2940 807 2993 καὶ
850 2938 1065 3009 θεάτρῳ
1104 2937 1203 3007 τὴν
1236 2937 1357 2989 κατ’
1405 2935 1602 2997 αὐτοὺς
1633 2932 1833 3006 πρᾶξιν
1872 2932 1975 3001 τῆς

383 3033 586 3105 ἀρετῆς
617 3032 650 3104 ἢ
685 3031 884 3096 κακίας
908 3030 999 3084 διὰ
1030 3030 1319 3100 μιμήσεως
1353 3025 1793 3097 ἐπιδειξάμενοι,
1822 3026 1976 3078 ἐπει-

382 3127 481 3179 δᾶν
506 3126 568 3180 τὸ
609 3125 798 3196 σχῆμα
844 3123 1058 3187 τούτοις
1091 3121 1186 3176 τοῦ
1224 3123 1430 3192 κόσμου
1469 3120 1548 3191 τῷ
1602 3119 1821 3188 Θανάτῳ
1877 3134 1975 3170 πε-

388 3217 637 3291 ριαιρεθῇ
658 3257 673 3283 ,
704 3216 968 3287 ἐξαπίνης
994 3216 1172 3268 ὁποῖοι
1200 3212 1343 3267 κατὰ
1377 3212 1538 3282 φύσιν
1570 3211 1708 3264 εἰσιν
1734 3209 1977 3271 ἅπαντες

385 3310 753 3381 ἁναφανέντες
780 3349 796 3374 ,
838 3307 981 3362 οὕτω
1012 3306 1212 3378 γυμνοὶ
1248 3305 1430 3375 πάσης
1479 3301 1830 3375 ἐπικρύψεως
1886 3300 1976 3353 ἐν·

385 3388 579 3458 τεῦθεν
609 3402 1026 3474 ἀποχωροῦντες
1069 3398 1297 3454 ἀπίασιν
1341 3399 1476 3452 ἐκεῖ.
1508 3395 1765 3458 Τοιοῦτος
1804 3396 1833 3447 ό
1864 3392 1979 3463 βίος

386 3494 495 3547 τῶν
526 3491 890 3562 ταλαιπώρων
932 3490 1169 3561 βροτῶνο
1200 3489 1296 3542 καὶ
1324 3482 1406 3551 οἷς
1436 3489 1470 3559 ἡ
1498 3486 1594 3539 τοῦ
1628 3484 1859 3556 ματαίου
1885 3482 1980 3536 καὶ

390 3584 711 3657 ὁνειρώδους
731 3584 940 3655 κόσμου
968 3582 1123 3635 τοῦδε
1154 3581 1307 3644 ἐλπὶς
1337 3578 1543 3653 ἐραστὴ
1570 3578 1664 3631 καὶ
1688 3574 1983 3648 περισπούο

388 3676 586 3739 δαστος
612 3714 630 3739 ,
678 3673 805 3737 τούς
834 3689 895 3726 τε
927 3671 1298 3741 καλουμένους
1346 3666 1641 3728 πλούτους,
1673 3663 1867 3735 ἡδονάς
1918 3677 1981 3714 τε

392 3766 488 3821 καὶ
512 3764 724 3838 τρυφὰς
752 3762 847 3819 καὶ
869 3761 1026 3828 δόξας
1049 3761 1135 3813 ἐπ’
1164 3759 1342 3827 ὀλίγον
1368 3757 1459 3811 τὸν
1479 3756 1580 3826 τῆς
1612 3753 1758 3823 ζωῆς
1788 3751 1982 3823 χρόνον

381 3848 850 3932 ’κατατρυφῶντες
879 3854 987 3925 (65)
1018 3852 1361 3915 παιζέτωσαν
1387 3850 1480 3903 καὶ
1503 3844 1909 3912 παιζέσθωσαν.

394 3952 498 4006 ΗἹ
526 3948 728 4018 Αὐτὰρ
763 3946 880 4018 ἐγὼ
908 3942 1184 4013 Χριστοῖο
1216 3939 1643 4010 δεδραγμένος,
1674 3945 1780 3991 etc.

467 4046 529 4098 Οἱ
566 4045 665 4117 μὲν
693 4042 764 4095 τὰ
798 4038 1017 4107 ἐπίγεια
1067 4033 1393 4106 φρονοῦντες
1415 4072 1429 4095 ,
1470 4030 1567 4083 καὶ
1598 4026 1708 4081 τῶν
1754 4025 1986 4097 ῥεόντων

393 4138 565 4210 ἀπρὶξ
595 4132 1055 4203 ἀντιποιούμενοι,
1080 4129 1171 4182 τὸν
1198 4125 1490 4198 εἰρημένον
1514 4122 1715 4193 τρόπον
1736 4117 1834 4189 τὴν
1862 4116 1985 4171 κατ’

394 4208 593 4293 αὐτοὺς
632 4225 1056 4301 πορευέσθωσαν
1092 4220 1212 4273 ὁδόν
1236 4235 1250 4249 ο
1280 4215 1392 4285 ἐγὼ
1428 4215 1517 4278 δέ,
1565 4214 1598 4283 ἡ
1631 4208 1989 4283 χριστοφόρος

396 4321 544 4392 ψυχὴ
575 4319 763 4388 λέγει,
798 4313 1039 4388 Χριστοῦ
1085 4312 1186 4383 τῆς
1219 4310 1441 4379 ἀγάπης
1476 4301 1988 4375 καταδεδραγμένος

396 4398 591 4466 οὔποτε
643 4410 795 4481 λήξω
824 4408 1025 4480 δεσμὸν
1073 4405 1166 4458 ἐπὶ
1218 4400 1405 4472 δεσμῷ
1440 4397 1755 4470 προστιθεὶς
1777 4435 1792 4457 ,
1824 4394 1984 4463 ἄχρις

399 4506 466 4558 ἂν
496 4502 591 4556 τοῦ
625 4500 880 4573 σαρκίνου
904 4497 1059 4552 τοῦδε
1092 4496 1206 4567 βίου
1240 4494 1501 4564 λυόμενος
1530 4530 1545 4554 ,
1591 4487 1670 4559 τῷ
1709 4485 1820 4539 τῶν
1862 4484 1990 4554 ὀρε-

400 4596 546 4651 κτῶν
584 4593 871 4667 ἀκροτάτῳ
908 4590 1108 4653 τελέως
1134 4583 1439 4660 προσδεθῶ.
1472 4582 1585 4635 Καὶ
1630 4580 1737 4650 γὰρ
1765 4573 1991 4637 διπλοῦς

401 4691 477 4752 ῶν
514 4688 613 4761 τὴν
636 4686 818 4757 φύσιν,
854 4685 1100 4752 ἐπίγειος
1130 4681 1247 4753 ἅμα
1280 4679 1375 4731 καὶ
1403 4675 1653 4747 οὐράνιος
1672 4712 1687 4736 ,
1734 4670 1796 4723 τδ
1827 4667 1989 4738 σῶμα

406 4784 504 4855 μέν
538 4757 789 4833 ἐντεῦθεν
819 4776 928 4831 ἀπὸ
955 4775 1057 4845 τῆς
1077 4775 1181 4843 γῆς
1214 4770 1321 4841 ἔχω
1347 4764 1679 4839 διαρτισθέν,
1726 4763 1792 4855 δι’
1818 4759 1847 4812 ὃ
1895 4757 1994 4811 καὶ

403 4850 503 4945 τῆς
536 4866 704 4924 αὑτοῦ
731 4865 1052 4935 συγγενείας
1079 4861 1365 4931 ἐφιέμενον
1388 4856 1535 4910 νεύει
1565 4853 1702 4926 πρὸς
1731 4850 1832 4922 τὴν
1864 4850 1988 4919 γῆνο

399 4939 501 5039 τῆν
534 4963 716 5035 ψυχὴν
748 4962 807 5016 δέ
829 4958 965 5013 Θεοῦ
999 4955 1315 5025 πνεύματος
1341 4950 1646 5021 ἀπόρροιαν
1676 4943 1772 4998 καὶ
1796 4939 1994 5039 μερίδα

402 5061 644 5131 κρείσσω
700 5055 1055 5127 ὑπάρχουσαν
1083 5087 1098 5111 ,
1142 5047 1238 5101 καὶ
1300 5044 1469 5115 αὐτὴν
1507 5042 1583 5105 ὡς
1621 5037 1839 5092 οἰκείων
1881 5032 1994 5086 τῶν

403 5154 565 5207 θείων
602 5150 747 5221 ἔχειν
931 5143 1118 5211 ἔφεσιν
1162 5137 1257 5192 καὶ
1302 5137 1390 5190 ἀεὶ
1438 5134 1548 5189 τῶν
1600 5123 1990 5199 πνευματικῶν

404 5243 502 5306 καὶ
547 5220 815 5313 οὐρανίων
846 5234 1057 5289 ὠδίνειν
1090 5229 1189 5302 τὴν
1230 5225 1529 5297 ἐπιθυμίαν
1563 5220 1806 5292 ἀγαθῶν.

416 5336 514 5402 Ὠς
539 5331 737 5403 πηγῆς
755 5330 901 5400 ῥόος
924 5325 1098 5380 ἐστίν
1120 5364 1135 5388 ,
1168 5340 1224 5377 κ.
1256 5338 1308 5375 τ.
1345 5318 1422 5384 ἐξ.

479 5427 691 5495 Ὥσπερ
723 5424 753 5475 ὁ
794 5419 978 5492 πηγῆς
1024 5415 1379 5483 ἐξαλλόμενος
1426 5409 1521 5465 τοῦ
1575 5407 1766 5471 ὓδατος
1857 5408 1990 5481 ῥοῦς

408 5517 551 5574 κατὰ
578 5514 820 5593 πρανοῦς
843 5513 1028 5585 τρέχει
1059 5508 1304 5579 φυσικῶς
1336 5504 1431 5558 ἐπὶ
1460 5503 1523 5557 τδ
1556 5502 1844 5566 κάταντες,
1879 5498 1993 5570 πῦρ

481 5717 737 5792 (64)Βί11.
768 5711 1156 5792 animadvertit
1183 5704 1517 5792 Gregorium
1537 5703 1631 5792 hic
1658 5695 1992 5792 alludere

411 5767 736 5856 Platdnem:
753 5767 1157 5856 qui—hominem
1177 5767 1375 5856 vocet
1385 5774 1654 5856 παίγνιον.
1675 5768 1843 5856 θεῶΥζ
1863 5767 1994 5856 L‘oci

412 5836 847 5928 ἓιὶῖιίνὶὶῖἱὶᾱὲιῖέ
862 5836 911 5911 ιζ’
924 5836 1197 5928 ἱῖιὲέβιέ
1229 5851 1314 5928 (ι)-
1332 5848 1483 5928 2¹.9.ν
1497 5836 1692 5928 ’.διτθάι
1718 5836 1997 5928 θελκτὶέἶὲ

414 5909 1024 6001 Ῐ.”ἶιι,”ί)ίὸδὲ
1043 5924 1134 5992 5‘2,
1160 5923 1192 5979 5
1218 5909 1303 5979 ed.
1332 5917 1522 5987 Bekk.)
1549 5909 1788 5971 V.etiam
1820 5924 1987 5981 supra

1401 426 1469 481 IN
1489 423 1805 480 CARMINA
1842 422 2123 480 ARCANA
2164 419 2222 474 S.
2260 414 2610 475 GREGOlill.

3536 410 3646 467 759

2056 539 2295 602 videtur,
2336 534 2581 590 ﬂuminis
2631 539 2896 602 perpetuo
2946 528 3225 583 currentis
3276 534 3329 580 et
3367 542 3582 598 semper
3610 544 3642 581 a

2058 629 2341 702 praeterito
2376 623 2916 693 redeuntis,-jugitcr
2957 621 3146 692 agitati
3179 628 3236 676 et
3268 619 3403 673 nihil
3445 620 3646 676 stabile

2059 719 2336 782 habentis,
2370 718 2576 772 nullam
2602 714 2778 785 ipsius
2805 720 3019 783 partem
3051 711 3260 766 ﬁrmam
3277 711 3643 767 ostendentis.

2058 812 2248 867 Pulvis
2292 808 2615 867 aestimanda
2662 814 2748 863 est
2808 811 2923 860 tota
2965 805 3101 867 vita,
3154 820 3307 859 meos
3357 804 3648 859 obcaecans

2062 905 2257 959 oculos
2307 912 2363 957 et
2410 901 2668 955 tenebras
2710 898 3087 967 intelligentiae
3144 897 3417 967 ingerens,
3470 897 3543 950 ita
3589 903 3654 950 ut

2059 998 2222 1067 longe
2248 1010 2278 1049 a
2307 994 2404 1050 Dei
2438 992 2833 1063 splendoribus
2869 991 3074 1045 cadens
3110 998 3164 1043 et
3197 1004 3465 1043 esteorum
3499 1003 3651 1042 more

2060 1104 2252 1144 muros
2285 1095 2607 1158 pertentans
2652 1093 2707 1140 et
2746 1083 2828 1139 sic
2858 1082 2931 1137 ibi
2978 1084 3035 1137 in
3079 1082 3387 1136 ratiociniis
3432 1097 3647 1144 ενι-τηις,

2062 1196 2260 1252 magna
2290 1180 2345 1233 in
2376 1178 2602 1233 Christo
2634 1175 2744 1229 vita
2783 1172 3139 1229 frustrandus
3170 1172 3297 1227 sim.

2065 1360 2283 1414 Audebo
2309 1357 2626 1428 allegoriam
2654 1353 2965 1425 quamdam,
2996 1359 3051 1407 et
3076 1366 3196 1421 seq.

2138 1451 2422 1507 Excedens
2453 1447 2729 1519 quoddam
2768 1446 2999 1501 verbum
3044 1442 3295 1514 proferre
3337 1440 3471 1496 mihi
3519 1455 3653 1495 con—

2064 1545 2215 1600 venit
2258 1552 2314 1599 et
2344 1558 2577 1605 verum;
2622 1539 2834 1594 idcirco
2878 1538 3091 1593 audens
3135 1549 3409 1604 exponam
3448 1552 3461 1589 :
3500 1534 3657 1603 quasi

2066 1635 2367 1690 ludibrium
2392 1632 2489 1686 Dei
2519 1632 2708 1695 homo,
2739 1640 2794 1685 et
2830 1626 3296 1699 quemadmodum
3330 1625 3473 1679 inter
3506 1631 3659 1679 vete-

2066 1742 2157 1783 res
2176 1724 2506 1797 quibusdam
2535 1723 2590 1777 in
2620 1720 2939 1775 civitatibus
2959 1716 3282 1773 exercitatio
3315 1725 3455 1781 erat,
3476 1730 3659 1785 perso-

2070 1835 2171 1875 nas
2196 1821 2340 1875 enim
2363 1816 2699 1873 exhibebant
2728 1814 2983 1877 divitum,
3020 1828 3345 1883 pauperum,
3381 1825 3573 1881 regum
3606 1817 3660 1865 et

2069 1914 2297 1977 ducum,
2331 1912 2663 1981 sapientium
2697 1916 2753 1964 et
2782 1908 3186 1978 insipientium,
3217 1906 3466 1958 virorum
3501 1902 3660 1958 simi—

2070 2005 2192 2059 liter
2223 2010 2279 2058 et
2320 2001 2637 2065 mulierum,
2669 2000 2836 2054 etiam
2872 1997 3108 2053 theatris
3151 1996 3489 2051 assistebant
3521 2001 3575 2048 et
3603 1997 3661 2047 in

2071 2096 2289 2163 scenis;
2337 2094 2455 2150 haec
2500 2094 2595 2160 qui
2643 2091 2944 2155 curabant,
2995 2105 3288 2161 personam
3338 2088 3576 2159 agebant
3606 2094 3662 2141 et

2072 2189 2397 2245 destinatam
2484 2190 2633 2241 sicut
2726 2183 2955 2241 exerciti
3002 2183 3225 2238 fuerant
3265 2182 3539 2237 actionem
3566 2196 3661 2234 co-

2072 2299 2189 2339 ram
2224 2281 2486 2338 omnibus
2540 2278 2851 2332 tractabant
2892 2285 2949 2332 et
2997 2285 3256 2331 accurate
3285 2274 3432 2330 sicut
3479 2273 3657 2337 decet;

2068 2376 2225 2445 juxta
2252 2380 2493 2428 veterem
2524 2369 2817 2424 historiam
2868 2376 2987 2423 arte
3027 2366 3253 2438 prapria
3295 2374 3665 2436 repraesenta-

2074 2467 2278 2521 tionem
2297 2462 2630 2519 suﬂicienter
2646 2458 3112 2530 exsequebantur,
3138 2458 3219 2512 sic
3236 2456 3473 2512 oﬂicium
3499 2457 3568 2511 ah
3590 2456 3665 2526 ip-

2075 2560 2152 2615 sis
2187 2563 2504 2627 susceptum
2534 2562 2698 2625 prout
2727 2554 2972 2623 ipsorum
3010 2551 3284 2621 cujusque
3318 2557 3436 2604 crat
3465 2564 3576 2619 prie.
3602 2564 3671 2604 se

2076 2650 2358 2712 ferebant,
2398 2646 2599 2703 deinde
2642 2645 2698 2699 in
2748 2646 2979 2699 domum
3011 2642 3368 2699 recedebant.
3401 2640 3495 2695 Sic
3531 2654 3677 2710 ergo

2074 2753 2130 2800 et
2156 2744 2212 2797 in
2240 2743 2350 2797 vita
2381 2741 2525 2795 alius
2557 2738 2704 2793 aliud
2739 2737 2981 2793 studium
3025 2736 3092 2791 ad
3138 2734 3294 2807 quod
3317 2734 3422 2789 l‘ert
3452 2732 3667 2789 indoles

2075 2842 2293 2891 exercet
2317 2843 2371 2888 et
2394 2831 2552 2902 quasi
2589 2832 2643 2885 in
2673 2844 2836 2887 scena
2864 2838 2931 2885 et
2961 2829 3200 2891 theatro,
3233 2835 3499 2898 quantum
3524 2829 3673 2883 in-sc

2076 2932 2162 2981 est
2193 2925 2469 2980 actionem
2497 2924 2722 2979 virtutis
2747 2932 2841 2977 aut
2868 2922 3130 2991 nequitiae
3156 2920 3668 2990 reprzescntationis

2080 3019 2257 3074 instar
2287 3017 2612 3081 ostendit,et
2643 3025 2935 3086 postquam
2977 3014 3168 3069 mundi
3204 3014 3373 3084 ﬁgura
3402 3028 3500 3083 pro
3532 3013 3670 3083 ipsis

2079 3121 2258 3167 morte
2317 3109 2602 3181 praeteriit,
2655 3108 2839 3164 subito
2876 3108 3015 3161 tales
3067 3106 3260 3177 quales
3302 3112 3501 3158 natura
3533 3115 3670 3160 sunt

2080 3220 2274 3260 omnes
2296 3210 2650 3273 apparentes,
2679 3203 2761 3257 sic
2795 3201 2930 3257 nudi
2962 3201 3032 3255 ab
3070 3200 3222 3255 omni
3256 3199 3382 3254 fuco
3412 3197 3542 3254 inde
3575 3213 3670 3253 ce-

2081 3297 2219 3351 dunt
2250 3302 2304 3349 et
2334 3295 2390 3348 in
2430 3294 2613 3348 locum
2659 3291 2999 3347 destinatum
3056 3289 3291 3355 abeunt;
3337 3302 3402 3343 ea
3435 3286 3672 3341 misero-

2079 3404 2201 3444 rum
2237 3387 2552 3444 mortalium
2584 3385 2718 3449 vita,
2742 3384 2869 3440 cthi
2893 3381 3428 3455 quibusinsipientis
3461 3388 3517 3436 et
3550 3381 3673 3435 ina-

2082 3483 2170 3539 nis
2198 3480 2388 3536 mundi
2424 3479 2591 3549 hujus
2622 3494 2751 3548 spes
2785 3477 3129 3533 delcctahilis
3158 3482 3244 3530 est
3284 3483 3337 3531 et
3375 3474 3526 3530 omni
3570 3488 3675 3543 ope

2083 3589 2332 3646 curaque
2387 3572 2747 3644 exquirenda,
2795 3585 2858 3626 ea
2899 3585 3023 3642 qua:
3068 3576 3344 3623 vocantur
3385 3565 3590 3621 divitia:
3619 3574 3676 3619 et.

2084 3667 2394 3736 voluptates
2448 3673 2503 3720 et
2559 3663 2793 3719 delicias
2845 3674 2902 3717 et
2956 3661 3161 3732 glorias
3216 3658 3495 3714 modicum
3548 3658 3677 3713 vita:

2086 3771 2306 3831 tempus
2334 3759 2662 3822 exaltantes,
2694 3755 2886 3811 ludant
2913 3764 2967 3809 et
3001 3753 3280 3808 ludantur.

2089 3942 2193 3997 M7
2233 3940 2346 4012 Ego
2380 3956 2525 4008 vero,
2568 3937 2843 3993 Christum
2879 3934 3182 4004 amplexus,
3213 3939 3321 3987 etc.

2159 4031 2265 4098 Qui
2296 4030 2519 4101 quidem
2559 4045 2681 4100 quae
2736 4042 2904 4097 super
2943 4033 3149 4080 terram
3199 4030 3330 4081 sunt
3371 4022 3597 4092 sapiunt
3625 4028 3683 4075 et

2090 4125 2237 4178 ﬂuxa
2260 4122 2477 4176 fortiter
2508 4121 2759 4175 ambiunt
2794 4119 2944 4173 dicto
2993 4132 3172 4183 more,
3225 4115 3363 4185 ipsis
3415 4113 3679 4184 placitum

2090 4216 2195 4270 iter
2227 4221 2479 4283 pergant.
2544 4211 2660 4282 Ego
2725 4226 2893 4275 vero,
2953 4210 3031 4263 ait
3095 4208 3381 4263 Christum
3451 4211 3682 4276 portans

2094 4304 2297 4367 anima,
2325 4302 2536 4357 Christi
2568 4301 2741 4357 amori
2789 4300 3103 4365 adlimrens,
3142 4314 3254 4354 non
3292 4297 3527 4353 cessabo
3558 4297 3684 4350 vin-

2093 4398 2280 4452 culum
2320 4396 2544 4452 vinculo
2591 4395 2923 4466 adjungens,
2967 4395 3102 4464 quin
3140 4391 3357 4447 carnali
3406 4390 3520 4445 vita
3576 4389 3683 4445 ista

2095 4489 2276 4543 soluta
2315 4502 2533 4543 summo
2570 4497 2704 4542 voto
2737 4489 2963 4541 omnino
2991 4482 3259 4555 conﬁgar.
3306 4480 3553 4552 Namque
3583 4481 3686 4536 du~

2094 4581 2219 4651 plex
2248 4582 2341 4651 qui
2374 4597 2496 4637 sum
2542 4591 2762 4645 natura,
2810 4586 3069 4635 terrenus
3108 4578 3271 4633 simul
3318 4584 3373 4632 et
3414 4574 3684 4639 caelestis,

2093 4689 2299 4746 corpus
2335 4676 2555 4746 quidem
2604 4674 2737 4727 hinc
2785 4688 2817 4728 e
2880 4680 3030 4727 terra
3086 4671 3264 4725 habeo
3318 4669 3685 4739 plasmatum;

2090 4768 2325 4839 ideoque
2385 4767 2648 4821 atﬁnitate
2689 4765 2917 4836 prepria
2964 4763 3197 4834 cupiens
3234 4761 3412 4817 tendit
3456 4760 3523 4813 ad
3575 4766 3692 4812 ter-

2090 4875 2246 4928 ram;
2284 4860 2525 4915 animam
2576 4875 2710 4915 vero
2758 4860 2849 4914 Dei
2899 4858 3132 4928 spiritus
3178 4852 3586 4910 emanationem
3631 4858 3689 4905 et

2090 4959 2299 5023 partem
2346 4952 2775 5022 praecellentem,
2828 4965 2997 5021 quam
3044 4947 3361 5003 divinorum
3394 4944 3549 5014 quasi
3580 4942 3689 5013 ipsi

2096 5043 2447 5115 propriorum
2479 5041 2759 5097 desideria
2792 5048 3003 5104 tenent,
3040 5050 3371 5108 semperque
3425 5033 3689 5104 spiritua-

2097 5133 2231 5188 lium
2264 5142 2430 5203 atque
2456 5132 2768 5188 cmleslium
2814 5129 3076 5202 appetitio
3120 5130 3391 5184 bonorum
3418 5124 3684 5181 incendit.

2101 5310 2253 5367 Sicut
2284 5308 2446 5378 fontis
2479 5308 2681 5393 rivulus
2708 5313 2875 5370 est,et
2910 5320 3027 5377 seq.

2172 5402 2329 5458 Sicut
2353 5400 2521 5455 fontis
2559 5399 2809 5457 salientis
2851 5398 3011 5453 undae
3044 5397 3257 5454 rivulus
3297 5407 3541 5466 praeceps
3585 5405 3685 5445 na-

2099 5495 2353 5551 turaliter
2384 5492 2451 5548 ad
2480 5491 2846 5548 declivitatem
2877 5490 3081 5555 currit,
3110 5497 3165 5545 et
3192 5486 3339 5560 ignis
3368 5498 3535 5540 urens
3556 5497 3686 5552 pro-

2103 5692 2401 5768 nuperi};
2435 5709 2488 5768 ν.
2532 5690 2722 5768 lQ3_et
2746 5684 3071 5768 poissonad.
3112 5684 3177 5741 ad
3224 5680 3551 5755 Gregorium
3577 5675 3684 5753 Cy-

2106 5757 2285 5838 prium
2320 5757 2391 5838 in
2411 5760 2615 5838 ᾼηεοά.
2632 5760 2796 5838 σπι,
2822 5757 2959 5813 545.

2177 5837 2287 5907 (65‘
2312 5836 2446 5894 Cod.
2486 5829 2940 5903 κατατρυφόντες.
