4182 6362
511 403 618 455 759

511 519 686 587 prium
721 514 1135 570 immutabiliter
1163 516 1317 571 novit
1354 517 1498 572 viam
1533 518 1762 574 saeviens
1799 521 1856 576 in
1893 523 2087 590 altum,

511 606 594 662 sic
615 615 669 660 et
701 605 863 660 homo
891 619 1124 676 magnus
1155 607 1247 676 qui
1289 609 1464 680 magis
1491 625 1614 679 qua
1651 609 1741 666 Dei
1769 621 1898 667 sunt
1927 629 2091 684 quam

512 715 637 767 qua:
665 715 695 752 e
741 699 916 753 rnnris
958 706 1090 754 sunt
1139 700 1301 771 sapit,
1349 709 1403 755 et
1437 705 1665 773 angelus
1699 713 1864 769 esset,
1893 706 1940 759 si
1971 722 2091 761 ser-

511 793 693 865 pentis
715 793 911 855 instar,
943 791 1102 862 quasi
1139 801 1478 848 senectutem
1513 796 1850 852 maculosam
1877 800 2090 867 passio-

513 900 643 938 num
686 884 740 938 in
771 894 921 938 arcta
949 894 1001 939 et
1027 892 1260 955 angusta
1294 886 1381 940 via
1425 896 1604 944 cutem
1647 899 1740 944 aut
1768 890 2090 946 deformita-

510 984 621 1030 tem
677 976 921 1045 apprime
977 976 1237 1047 rejicieus
1275 987 1330 1034 et
1363 980 1702 1049 spiritualem
1749 982 2091 1052 juventutem

511 1084 810 1133 renovatis,
855 1069 936 1124 sic
976 1068 1041 1123 ad
1100 1071 1274 1125 cmlos
1321 1072 1702 1128 ascensionem
1754 1073 1904 1128 nullo
1931 1073 2093 1129 modo

511 1161 950 1231 retrospiciendo
979 1160 1289 1232 perfecerit.

519 1347 564 1403 Ο
594 1346 918 1412 sacerdotes,
944 1356 1167 1413 σωρεία,
1192 1355 1302 1401 etc.

586 1438 632 1496 0
653 1437 918 1509 episc0pi,
934 1439 1090 1494 vobis
1108 1440 1325 1508 loquor,
1343 1439 1438 1509 qui
1462 1440 1736 1494 vocamini
1756 1440 2092 1507 sacerdotes,

515 1545 620 1586 nec
649 1546 778 1586 vere
807 1531 943 1586 estis
997 1531 1068 1586 ob
1103 1530 1364 1585 invidiam
1406 1531 1465 1585 in
1506 1531 1662 1585 vobis
1691 1531 2092 1596 dominantem,

516 1633 572 1677 et
603 1637 637 1678 ο
663 1623 826 1678 vicini
861 1624 1072 1689 miseri,
1105 1625 1196 1694 qui
1227 1623 1370 1679 dona
1395 1625 1725 1680 aversamini
1748 1631 1803 1680 et
1834 1640 1934 1680 nos
1951 1625 2093 1678 mala

514 1730 678 1786 agere
710 1717 951 1772 volentes
990 1717 1344 1787 suspicamini
1407 1717 1720 1786 frustraque
1756 1724 1810 1772 et
1836 1725 2094 1788 tanquam

517 1806 746 1862 fortuito
791 1807 1018 1873 timetis,
1066 1809 1335 1864 exsultate
1367 1816 1421 1862 et
1464 1815 1700 1878 stupete,
1746 1808 2097 1864 vehementer

517 1900 753 1969 gaudete
789 1916 800 1952 :
832 1914 900 1953 en
933 1899 1140 1953 morior
1176 1900 1325 1953 omni
1358 1900 1582 1965 saaculo,
1617 1914 1717 1954 nec
1749 1899 1988 1969 amplius
2010 1914 2097 1954 me

518 1999 580 2046 ut
611 1991 768 2061 prius
819 1990 1105 2046 timebitis.
1146 1990 1252 2046 Vos
1301 2007 1431 2061 ergo
1475 2007 1571 2062 per
1600 1991 1715 2046 haec
1759 2006 1878 2060 quae
1918 1989 2098 2044 facitis

518 2090 686 2153 atque
709 2083 777 2139 de
809 2082 970 2138 nobis
1001 2083 1277 2153 cogitatis,
1324 2085 1479 2139 vobis
1525 2084 1660 2155 ipsis
1708 2083 1874 2154 Regis
1905 2097 2093 2154 regum

517 2170 615 2228 Dei
664 2173 1102 2228 misericordiam
1165 2173 1531 2230 intercluditis
1569 2184 1620 2230 et
1660 2176 1951 2246 oppilatis;
1995 2189 2098 2245 ego

522 2279 651 2320 vero
685 2265 852 2334 hujus
884 2266 1074 2321 mundi
1105 2277 1304 2320 cuncta
1351 2283 1562 2337 vosque
1601 2283 1793 2322 omnes
1845 2267 2098 2336 linquens

518 2371 685 2411 unam
743 2356 914 2412 habeo
968 2373 1104 2413 mea;
1149 2360 1274 2414 vita:
1322 2359 1638 2414 columnam
1697 2359 2097 2412 illuminantem

518 2449 726 2505 Christi
747 2466 990 2506 crucem.
1017 2452 1074 2508 Si
1099 2453 1264 2523 igitur
1288 2463 1343 2508 et
1371 2453 1495 2509 inde
1520 2455 1676 2509 exsul
1707 2453 1866 2524 longe
1885 2469 1916 2506 a
1943 2451 2100 2507 vobis

520 2541 633 2596 alio
675 2543 947 2614 relegatus
992 2543 1190 2600 fuerim
1237 2554 1293 2601 et
1350 2546 1744 2602 sacriﬁciorum
1791 2545 2098 2601 caelestium

520 2636 741 2706 superis
806 2636 863 2690 in
917 2637 1234 2706 regionibus
1287 2634 1555 2710 tetigerini
1599 2639 1792 2703 altare,
1834 2651 1945 2708 quo
1989 2650 2100 2690 non

521 2730 810 2800 appropiat
847 2732 1050 2785 malum
1084 2731 1257 2788 latens
1293 2731 1518 2796 invidia,
1554 2731 1628 2786 ibi
1652 2746 1782 2800 ergo
1797 2729 2100 2784 collocatus

522 2830 578 2875 et
606 2835 708 2892 pro
742 2822 1108 2877 invidentibus
1145 2823 1302 2891 ipsis,
1353 2823 1398 2878 si
1442 2823 1516 2876 ita
1563 2823 1711 2892 loqui
1737 2821 1950 2891 justum
2001 2819 2097 2884 sit,

522 2913 787 2968 invidiam
820 2915 1070 2968 nesciens
1102 2915 1294 2968 orabo.

525 3006 552 3060 ί
596 3005 729 3072 Quis
753 3006 908 3060 sum?
940 3004 1078 3060 unde
1120 3008 1174 3060 in
1219 3018 1378 3059 vitam
1408 3007 1563 3060 veni?
1590 3014 1696 3060 etc.

594 3095 792 3151 Adhuc
819 3106 875 3152 et
912 3112 1009 3167 per
1039 3097 1319 3167 expositos
1351 3097 1451 3151 hos
1487 3111 1702 3164 versus,
1729 3097 1888 3153 valde
1917 3098 2099 3170 philo-

523 3187 770 3257 sOphans
802 3198 996 3242 sancta
1053 3189 1256 3252 anima,
1291 3186 1576 3242 stultitiam
1623 3197 1680 3242 et
1727 3187 2099 3259 insipientiam

523 3281 744 3334 illorum
777 3281 872 3349 qui
912 3280 1286 3334 indesinenter
1332 3279 1779 3350 possessionibus
1817 3281 2102 3337 defuncto-

525 3389 650 3429 rum
685 3375 841 3429 avide
876 3373 1089 3428 inhiant
1111 3411 1127 3436 ,
1154 3371 1453 3442 reprimere
1482 3377 1655 3424 tentat
1696 3378 1750 3423 et
1788 3367 1984 3422 docere
2010 3382 2106 3422 eos

526 3466 622 3534 qui
681 3466 871 3520 audire
929 3466 1154 3530 volunt,
1215 3464 1341 3518 vitae
1391 3461 1679 3534 praesentis
1733 3459 2106 3514 transitorium

525 3568 584 3613 et
636 3558 888 3613 instabile
925 3565 975 3611 et
1008 3556 1298 3611 vilitatem.
1353 3571 1372 3604 ι
1422 3551 1596 3619 Quis?
1635 3548 1789 3604 Unde
1817 3549 2000 3604 oriens
2050 3547 2106 3602 in

527 3652 697 3706 vitam
731 3650 894 3705 veni?
934 3668 953 3700 ›
990 3649 1213 3718 dignum
1237 3687 1252 3712 ,
1284 3647 1482 3717 inquit,
1526 3643 1672 3714 quod
1725 3643 1901 3712 primo
1931 3641 2107 3696 medi-

531 3748 615 3794 ter
643 3742 772 3808 quia
816 3739 952 3793 nihil
996 3755 1140 3802 sum,
1174 3738 1368 3793 deinde
1396 3752 1504 3791 uno
1532 3735 1703 3791 verbo
1734 3733 1909 3788 dicam
1931 3771 1948 3797 ,
1979 3733 2108 3802 quia

529 3824 626 3894 qui
666 3840 776 3878 non
825 3840 974 3878 eram
1017 3841 1114 3894 per
1162 3825 1256 3881 Dei
1308 3825 1561 3880 altissimi
1608 3827 2001 3894 providentiam
2037 3825 2105 3878 ad

527 3915 904 3969 conditionem
937 3917 1257 3971 exsistentis
1283 3932 1378 3987 per
1402 3918 1738 3971 nativitatem
1767 3917 1920 3984 veni;
1943 3933 2108 3987 opor-

529 4014 610 4060 tet
639 4005 805 4071 et_iam
833 4005 1227 4074 subsequentia
1246 4021 1474 4076 prorsus
1502 4004 1884 4067 considerare,
1911 4020 2108 4075 nempe

529 4113 658 4153 cum
692 4105 839 4152 terra
884 4097 1175 4163 ellluxerit,
1230 4098 1357 4166 quis
1397 4099 1596 4151 iterum
1642 4112 1738 4151 ero
1788 4104 2109 4168 resurgente

527 4192 753 4263 pulvere
800 4206 922 4245 meo
971 4190 1115 4245 sicut
1154 4205 1332 4260 spero,
1389 4206 1500 4260 quo
1549 4199 1697 4245 statu
1757 4206 1843 4244 me
1875 4193 2109 4248 Creator

528 4299 700 4355 agens
737 4283 938 4353 ponet?
983 4282 1122 4337 Num
1189 4283 1334 4336 sicut
1381 4297 1412 4336 a
1462 4283 1598 4336 mari
1661 4290 1716 4336 et
1767 4281 2045 4344 ﬂuctibus.
2078 4297 2108 4335 a

527 4377 657 4431 vitae
691 4375 1100 4446 impedimentis
1144 4375 1412 4430 liberatus
1462 4383 1516 4430 et
1566 4377 1824 4438 tmnultu,
1864 4375 2024 4446 quasi
2051 4374 2109 4428 in

529 4478 750 4543 portum
808 4470 1014 4526 bonum
1082 4485 1168 4524 me
1239 4469 1502 4524 invehens
1549 4469 1818 4523 salvabit?
1863 4467 2111 4538 Namque

529 4561 718 4616 multa
750 4561 918 4630 hujus
947 4560 1073 4616 vitae
1127 4558 1382 4629 plurimis
1433 4558 1673 4614 miseriis
1717 4558 1967 4614 obnoxia:
2009 4558 2112 4614 viae

531 4663 686 4719 sunt,
711 4663 767 4710 et
797 4655 956 4709 multi
984 4655 1039 4709 in
1068 4654 1176 4708 vita
1208 4652 1479 4722 corporali
1513 4666 1727 4718 mores;
1765 4651 1856 4705 alii
1891 4651 1945 4706 in
1972 4651 2112 4709 alios

528 4746 752 4801 dolores
781 4753 837 4799 et
867 4760 1142 4800 aerumnas
1170 4744 1307 4797 alias
1332 4741 1649 4796 inciderunt
1675 4749 1728 4796 et
1752 4741 1890 4795 nihil
1917 4755 2111 4795 eorum

528 4853 654 4909 quae
685 4837 826 4909 apud
867 4837 1118 4892 homines
1161 4835 1503 4891 aestimantur
1536 4835 1676 4888 bona
1718 4834 1961 4888 immune
1992 4848 2112 4888 om-

529 4931 664 4986 nino
694 4930 901 4984 malitia
929 4939 983 4984 et
1034 4927 1347 4983 calamitate
1395 4927 1704 4990 invenitur;
1732 4924 1999 4995 optimum
2023 4939 2112 4979 es-

531 5031 618 5079 set
647 5030 703 5078 et
728 5023 872 5078 votis
903 5019 1231 5091 dignum,.si
1269 5034 1376 5072 non
1413 5025 1700 5087 pt'aastaret
1750 5017 2107 5072 molestorum

531 5133 663 5189 pars
696 5126 852 5188 parte
880 5115 1147 5170 dulcium.
1175 5111 1312 5167 Nam
1347 5112 1427 5167 sic
1455 5111 1748 5182 indagatur
1776 5129 1789 5166 :

604 5299 719 5369 ‘66)
745 5297 952 5352 Alludit
971 5296 1048 5369 ad
1069 5293 1216 5348 illam
1245 5291 1765 5369 nubiscolumnam,
1797 5307 1920 5361 quae
1943 5289 2113 5369 Israe-

532 5361 649 5423 liti's
691 5361 820 5424 olim
853 5384 918 5424 ex
949 5365 1183 5436 Egypto
1215 5361 1456 5434 egressis
1497 5362 1602 5415 iter
1633 5363 2107 5431 praemonstrabat,

532 5454 587 5494 ν,
619 5439 793 5492 Exod.
825 5455 874 5492 c.
904 5435 1043 5491 xm.
1070 5435 1220 5488 BILL.

607 5510 720 5580 (67)
757 5511 818 5580 tn
851 5507 1039 5561 codice
1087 5505 1236 5560 nulla
1280 5501 1569 5580 inscriptio
1609 5507 1693 5555 est
1721 5500 1885 5580 hujus
1911 5500 2112 5580 carmi-

535 5570 624 5632 nis
653 5570 713 5630 et'
750 5577 970 5630 Nicetas
1003 5589 1224 5643 quoque
1277 5575 1382 5626 hoc
1429 5570 1554 5624 cum
1599 5570 1925 5640 praecedenti
1979 5584 2112 5643 con-

533 5645 785 5714 junctum
823 5639 1084 5714 tanquam
1117 5639 1284 5698 unum
1310 5656 1556 5714 carmen
1578 5639 2012 5714 interpretatur.
2051 5639 2110 5691 ln

538 5709 822 5769 cod.Gud.
851 5709 949 5769 fol:
974 5714 1042 5768 56
1073 5729 1122 5768 ι’.
1155 5711 1474 5766 inscribitur
1501 5727 1515 5764 :
1550 5710 1685 5779 [Ier
1713 5711 1812 5779 τῆς
1841 5709 1948 5762 τῶν
1970 5725 2112 5779 παρ-

538 5725 822 5769 (ξοσΛάυιι.
851 5725 942 5769 toi.
974 5725 1042 5768 56
1073 5729 1122 5768 ι’.
1155 5725 1474 5766 inscribitur
1501 5727 1515 5764 :
1550 5725 1685 5780 Περὶ
1713 5727 1812 5779 της
1841 5727 1948 5762 των
1970 5726 2046 5760 πα
2089 5737 2105 5747 -

538 5783 710 5866 έγτιρν
751 5779 1696 5866 ματαιρτςηςτοςςμεξιρυιιῆβὶηἰμῐηξει
1741 5795 1963 5866 eat'ttten
2005 5725 2105 5866 1ξὲ

542 5849 680 5910 Περὶ
709 5848 818 5905 τῶν
846 5854 936 5906 τοῦ
975 5848 1090 5918 βίου
1123 5848 1254 5906 ὁδῶν
1275 5869 1289 5882 ο
1317 5849 1395 5905 De
1429 5851 1549 5906 vitae
1582 5850 1856 5904 itincribus
1909 5850 1984 5920 (p.
2005 5848 2109 5903 945

1893 404 2190 462 NICETAS
2218 407 2426 463 DAV'ID

3663 403 3765 462 76’)

2191 525 2247 578 δὲ
2274 525 2526 595 φλογίζον
2564 515 2662 598 τὴν
2694 524 2828 580 ἰδίειν
2858 523 3260 596 άμετατρόπως
3285 522 3403 577 ὁδὸν
3439 518 3583 577 οἶδεν
3607 520 3760 576 ἀλλό-

2194 635 2352 688 μενον
2377 618 2470 672 ἐπὶ
2494 618 2554 671 τὸ
2583 618 2808 683 ἄναντες
2825 636 2838 648 ·
2869 617 3010 672 οῦτω
3033 619 3127 670 καὶ
3155 616 3439 689 ἄνθρωπος
3469 615 3643 686 μέγας
3663 655 3676 675 ,
3706 613 3764 678 ὃς

2193 712 2392 780 μᾶλλον
2412 712 2479 764 τὰ
2505 712 2598 764 τοῦ
2638 711 2772 764 Θεοῦ
2803 711 2836 782 ἢ
2868 712 2936 764 τὰ
2967 711 3062 763 τοῦ
3090 709 3340 779 σώματος
3374 711 3582 778 φρονεῖ,
3612 700 3764 769 οὗτος

2191 804 2286 857 καὶ
2325 804 2553 872 ἄγγελος
2603 803 2668 856 ἂν
2702 802 2784 872 εἴη
2808 842 2822 864 ,
2862 803 2974 870 εἴγε
3015 801 3266 870 καθάπερ
3296 801 3420 868 ὄφις
3451 794 3539 852 οἶα
3586 798 3764 868 γῆρας

2191 896 2552 950 κατάστικτον
2582 895 2677 966 τὴν
2706 895 2813 948 τῶν
2844 893 3031 946 παθῶν
3054 893 3140 946 διὰ
3166 893 3265 962 τῆς
3304 895 3494 962 στενῆς
3520 889 3640 942 ὁδοῦ
3672 887 3765 942 καὶ

2188 986 2553 1058 τεθλιμμένης
2579 985 2868 1056 λεϐηρίδα,
2902 985 3018 1055 ἦτοι
3051 982 3251 1045 κιλίδα,
3283 981 3463 1043 καλῶς
3490 979 3764 1043 ἀποξυσάη

2195 1096 2355 1150 μενος
2387 1079 2481 1131 καὶ
2519 1077 2618 1148 τὴν
2665 1077 3040 1147 πνευματικὴν
3091 1074 3304 1145 ἡλικίαν
3337 1069 3761 1133 ἁνακαινισθεὶς,

2190 1171 2333 1227 οὕτω
2383 1173 2483 1243 τὴν
2538 1173 2618 1236 είς
2674 1170 2938 1241 οὐρανοὺς
2993 1168 3404 1239 ἀμεταστρεπτὶ
3461 1164 3765 1230 ἐξανύσειεν

2192 1265 2472 1320 ἀνάϐασιν.

2192 1352 2261 1410 Ὦ
2294 1356 2588 1412 πάλλεσθ’
2622 1355 2815 1424 ἱερῆες
2838 1394 2853 1419 ,
2899 1373 2952 1408 κ.
2985 1373 3034 1409 τ.
3065 1354 3144 1420 ἐξ.

2257 1445 2327 1502 Ὦ
2358 1449 2664 1513 ἐπίσκοποι,
2690 1450 2816 1519 ὑμῖν
2837 1449 2978 1516 λέγω
3003 1450 3112 1509 τοῖς
3131 1445 3482 1516 καλουμένοις
3505 1442 3766 1514 ἱερεῦσιν,

2192 1542 2292 1595 οὐκ
2321 1540 2537 1611 ἀληθῶς
2558 1540 2612 1593 δὲ
2642 1534 2759 1593 οὖσι
2790 1537 2870 1610 τῷ
2902 1538 3005 1590 ὑπὸ
3033 1537 3226 1606 φθόνου
3264 1532 3680 1606 τυραννεῖσθαι,
3721 1525 3768 1584 ὦ

2195 1635 2289 1687 καὶ
2337 1632 2577 1702 γείτονες
2611 1630 2870 1700 πονηροὶ,
2901 1632 2948 1682 οἱ
2996 1628 3202 1701 δωρεὰν
3231 1626 3514 1697 μισοῦντες
3551 1624 3644 1677 καὶ
3692 1622 3768 1685 ὡς

2195 1723 2507 1776 κακοποιεῖν
2529 1721 2676 1791 ἡμᾶς
2701 1718 3055 1788 βουλομένους
3079 1715 3476 1778 ὑποπτεύοντες
3499 1714 3591 1767 καὶ
3612 1711 3769 1765 δεδιό-

2193 1833 2284 1879 τες
2317 1815 2440 1885 είκῆ
2474 1815 2567 1867 καὶ
2602 1813 2798 1884 μάτην,
2829 1810 3053 1865 ἆλλεσθε
3083 1811 3176 1862 καὶ
3208 1808 3472 1862 πάλλεσθε
3497 1847 3511 1868 ,
3547 1805 3768 1876 χαίρετε

2198 1909 2398 1980 σφόδρα
2418 1925 2430 1939 ·
2468 1907 2575 1960 ἰδοῦ
2603 1904 2713 1974 ἐγὼ
2752 1904 2988 1972 τέθνηκα
3021 1902 3184 1955 παντὶ
3211 1901 3287 1972 τῷ
3323 1901 3422 1970 βίῳ
3453 1900 3546 1952 καὶ
3587 1897 3770 1951 οὐκέτι

2199 2020 2267 2074 με
2295 2003 2368 2065 ὡς
2395 2000 2455 2054 τὸ
2484 1999 2699 2070 πρῶτον
2721 1995 3118 2067 φοϐηθήσεσθε.
3167 1995 3356 2064 Ὑμεῖς
3391 1994 3487 2063 μὲν
3523 1987 3616 2044 οῦν
3639 2033 3653 2056 ,
3689 1983 3770 2052 οἷς

2198 2094 2470 2167 πράσσετε
2499 2092 2594 2144 καὶ
2621 2087 2702 2154 οἷς
2733 2089 2854 2142 καθ’
2877 2087 3034 2160 ἡμῶν
3066 2085 3385 2147 διανοεῖσθε,
3421 2084 3515 2137 τοῦ
3551 2081 3770 2152 παμϐα-

2199 2188 2388 2251 σιλέως
2412 2185 2548 2240 Θεοῦ
2574 2185 2664 2238 τὸν
2689 2183 2834 2236 ἔλεον
2864 2183 3074 2243 ἑαυτοῖς
3104 2179 3488 2250 ἁποφράσσετε
3511 2177 3606 2229 καὶ
3635 2176 3770 2228 άποο

2196 2284 2402 2338 κλείετε
2430 2280 2588 2350 ,ἐγὼ
2636 2280 2694 2333 δὲ
2748 2276 2975 2331 τάνθάδε
3023 2276 3201 2329 πάντα
3234 2274 3330 2326 καὶ
3384 2271 3594 2331 πάντας
3627 2270 3770 2338 ὑμᾶς

2196 2373 2498 2434 ἀπολιπὼν,
2531 2373 2689 2444 μόνον
2718 2371 2826 2441 ἔχω
2851 2371 2947 2440 τῆς
2981 2369 3118 2440 ἐμῆς
3147 2367 3292 2436 ζωῆς
3333 2364 3521 2417 στύλον
3555 2359 3772 2430 φαεινὸν

2197 2467 2436 2540 Χριστοῦ
2466 2467 2554 2521 τὸν
2587 2463 2817 2535 σταυρόν
2851 2462 2963 2528 (66)
2991 2477 3005 2491 °
3046 2462 3094 2512 ei
3126 2459 3183 2512 δὲ
3225 2458 3320 2511 καὶ
3369 2451 3641 2524 μεταστάς
3687 2451 3774 2502 ἐν·

2195 2561 2386 2616 τεῦθεν
2408 2560 2499 2628 ἀφ’
2535 2559 2564 2610 ὑ
2574 2557 2687 2628 μῶν
2713 2550 3229 2626 μεταναστεύσαιμι,
3263 2549 3359 2601 καὶ
3381 2543 3582 2598 θυσιῶν
3606 2543 3772 2612 οὐρα-

2198 2654 2325 2708 νίων
2355 2624 2542 2705 ἐπὶ-τὸ
2566 2624 2678 2701 άνω
2705 2624 3055 2718 προσάψομαι
3086 2639 3470 2708 θυσιαστήριον
3496 2673 3512 2697 ,
3543 2634 3600 2685 ἐν
3641 2624 3686 2698 ᾧ
3715 2629 3774 2682 τὸ

2198 2745 2461 2800 λανθάνον
2498 2742 2668 2797 κακὸν
2691 2742 2718 2792 ὁ
2752 2737 2942 2808 φθόνος
2974 2734 3076 2786 οὐκ
3110 2732 3336 2800 ἐγγίζει,
3372 2729 3488 2781 ἐκεῖ
3525 2725 3588 2796 δὴ
3617 2737 3775 2792 γεγο-

2199 2839 2304 2902 νὼς
2326 2837 2423 2892 καὶ
2456 2834 2596 2904 ὑπὲρ
2627 2833 2736 2886 τῶν
2767 2828 3104 2900 φθονούντων
3145 2823 3322 2878 αὐτῶν
3346 2861 3361 2888 ,
3410 2820 3526 2889 εἴγε
3555 2813 3776 2888 θεμιτὸν

2197 2928 2356 2984 τοῦτο
2380 2927 2566 2996 φάναι,
2593 2921 2839 2992 ἀφθόνως
2864 2916 3250 2989 ὑπερεύξομαι.

2203 3025 2225 3078 1
2270 3023 2406 3088 Τίς;
2433 3022 2618 3074 πόθεν
2645 3017 2709 3082 ἐς
2738 3016 2882 3080 ,βίον
2912 3013 3103 3079 ’ἧλοον
3134 3009 3243 3078 (67)
3264 3025 3282 3073 ;
3304 3024 3357 3059 κ.
3383 3023 3434 3058 τ.
3465 3004 3516 3058 λ.

2274 3116 2395 3168 Ἔτι
2421 3113 2517 3166 καὶ
2552 3110 2641 3162 διὰ
2660 3108 2764 3160 τῶν
2803 3103 3179 3176 προκειμένων
3210 3101 3414 3153 τούτων
3444 3095 3592 3149 ἐπῶν
3625 3095 3659 3163 ἡ
3691 3109 3778 3160 φι-

2199 3203 2550 3275 λοσοφαντάτη
2600 3198 2747 3269 ψυχὴ
2806 3197 2896 3250 καὶ
2952 3194 3084 3261 ἁγία
3140 3193 3239 3264 τὴν
3291 3188 3631 3261 ματαιότητα
3683 3183 3780 3236 καὶ

2201 3297 2385 3352 άνοιαν
2413 3293 2524 3346 τῶν
2551 3291 2680 3358 περὶ
2725 3288 2823 3361 τὴν
2871 3288 3061 3356 κτῆσιν
3092 3283 3198 3338 τῶν
3228 3279 3615 3350 ἀπολλυμένων
3644 3277 3781 3331 ἀκα-

2201 3389 2481 3460 τασχέτως
2511 3382 2829 3454 μεμηνότων
2852 3379 3179 3434 ἀνακόπτειν
3205 3415 3220 3436 ,
3255 3375 3348 3428 καὶ
3380 3372 3440 3424 τὺ
3469 3368 3777 3440 οὐδαμινὺν,

2203 3481 2299 3535 καὶ
2343 3477 2599 3550 ρευστὸν,
2631 3475 2727 3528 καὶ⁷
2777 3470 3029 3526 άσέὁαιον
3059 3468 3150 3523 τοῦ
3184 3466 3448 3538 παρόντος
3502 3463 3618 3534 βίου
3657 3479 3783 3515 παι-

2203 3573 2376 3626 δεύειν
2405 3570 2533 3630 τοὺς
2571 3565 2787 3620 ἀκούειν
2832 3562 3112 3624 ἐθέλοντας
3143 3560 3454 3630 πειρᾶται.‹
3473 3553 3569 3618 Τίς
3590 3553 3782 3618 ιπόθεν

2203 3662 2261 3724 ἐς
2289 3660 2399 3730 βίον
2424 3655 2613 3730 ἧλθονς
2629 3675 2646 3708 ι
2667 3653 3029 3723 άξιον,φησὶν,
3066 3653 3268 3705 ἐννοεῖν
3309 3647 3523 3719 πρῶτον
3546 3686 3561 3709 ,
3587 3645 3664 3708 ὼς
3692 3644 3784 3696 οῦ-

2202 3753 2291 3806 δὲν
2317 3751 2392 3805 ὣν
2419 3791 2434 3814 ,
2468 3751 2562 3804 καὶ
2585 3788 2599 3810 ,
2624 3745 2876 3811 καθάπαξ
2901 3746 3074 3796 εἰπεῖν
3097 3781 3111 3804 ,
3141 3742 3242 3794 οὐκ
3263 3739 3336 3791 ὣν
3356 3779 3370 3801 ,
3405 3737 3494 3790 διὰ
3527 3733 3785 3804 προνοίας

2205 3843 2339 3898 Θεοῦ
2364 3843 2586 3913 ὑψίστου
2647 3843 2726 3900 είς
2756 3839 2816 3892 τὸ
2847 3833 2984 3890 εἶναι
3029 3836 3116 3888 διά
3155 3832 3420 3901 γενέσεως
3471 3828 3740 3902 προῆλθον
3767 3842 3778 3854 ·

2204 3934 2308 4006 χρὴ
2336 3933 2394 3986 δὲ
2424 3933 2516 3984 καὶ
2547 3931 2614 3984 τά
2651 3929 2943 4000 μετέπειτα
2971 3927 3188 3986 πάντως
3220 3923 3442 3976 σκοπεῖν
3463 3961 3478 3983 ,
3525 3919 3600 3981 ὡς
3630 3919 3784 3969 ἐπει-

2205 4025 2357 4094 δάνή
2386 4023 2459 4094 γῆ
2499 4023 2558 4075 τὸ
2590 4021 2719 4073 ίδιον
2753 4019 3002 4088 κατάσχῃ
3027 4013 3283 4085 διαρρυὲν
3307 4052 3321 4075 ,
3357 4011 3440 4074 τίς
3469 4009 3632 4063 πάλιν
3665 4007 3786 4059 ἐσο-

2211 4130 2309 4184 μαι
2331 4113 2431 4182 τῆς
2461 4111 2660 4172 κόνεως
2709 4107 3074 4176 ἀνισταμένης
3119 4121 3209 4172 μοι
3242 4143 3256 4166 ,
3286 4101 3429 4155 καθὰ
3458 4096 3784 4171 προσδοκῶ;

2208 4203 2287 4266 είς
2317 4205 2476 4255 ποῖαν
2495 4201 2551 4252 δέ
2587 4217 2651 4269 με
2689 4199 3018 4252 κατάστασιν
3047 4196 3196 4262 ἄγων
3227 4196 3256 4248 ὁ
3280 4191 3622 4262 Δημιουργὸς
3657 4189 3786 4259 στή-

2211 4310 2326 4358 σει;
2356 4289 2468 4363 ἆρα
2498 4290 2606 4360 γὰρ
2645 4291 2834 4359 ὥσπερ
2863 4291 2927 4340 ἐκ
2953 4285 3226 4356 θαλάσσης
3274 4285 3367 4338 καὶ
3397 4283 3665 4344 κλύδωνος
3692 4278 3784 4333 τοῦ

2211 4385 2325 4456 βίου
2352 4386 2449 4454 τῆς
2467 4381 2759 4454 περιολκῆς
2798 4378 3165 4449 ἐλευθερώσας
3203 4375 3298 4429 καὶ
3330 4375 3634 4444 περιφορᾶς
3661 4411 3676 4437 ,
3711 4371 3786 4434 ὡς

2210 4477 2289 4538 εἰς
2315 4473 2508 4542 λιμένα
2549 4469 2721 4524 εὖδιον
2772 4467 3152 4522 άποκαθιστῶν
3187 4464 3482 4528 διασώσει;
3519 4463 3631 4518 Καὶ
3677 4462 3785 4532 γὰρ

2209 4564 2404 4619 πολλαὶ
2443 4563 2544 4634 μὲν
2572 4562 2668 4615 τοῦ
2703 4559 3044 4621 πολυπαθοῦς
3088 4557 3241 4610 τοῦδε
3278 4556 3396 4627 βίου
3438 4556 3496 4609 αἱ
3546 4555 3655 4609 ὁδοὶ
3694 4553 3787 4607 καὶ

2209 4655 2283 4712 τὰ
2311 4655 2447 4727 πρὸς
2463 4656 2572 4728 τὴν
2617 4651 2760 4707 κατὰ
2789 4651 2945 4721 σῶμα
2980 4650 3124 4720 ζωὴν
3163 4649 3608 4718 ἐπιτηδεύματα·
3651 4645 3786 4715 άλλη

2207 4747 2253 4801 δ’
2310 4745 2542 4808 ἀλλοίοις
2573 4744 2763 4812 ἄλγεσι
2815 4744 2908 4795 καὶ
2942 4740 3230 4810 παθήμασι
3277 4738 3658 4810 συμφέρεται,
3693 4737 3788 4789 καὶ

2209 4835 2359 4889 οὐδὲν
2377 4834 2486 4888 τῶν
2514 4834 2644 4903 παρ’
2671 4830 2974 4902 ἀνθρώποις
3004 4827 3374 4898 νομιζομένων
3409 4826 3590 4879 καλῶν
3624 4825 3788 4895 άμοι-

2212 4945 2303 5001 ρον
2333 4926 2508 4996 πάντη
2531 4923 2728 4987 κακίας
2760 4924 2853 4975 καὶ
2888 4920 3186 4992 μοχθηρίας
3210 4919 3596 4973 ἀποδείκνυται
3615 4937 3628 4948 ·
3652 4919 3788 4985 ἀγαι-

2209 5020 2380 5090 πητὸν
2404 5019 2449 5072 δ’
2480 5017 2546 5071 ἂν
2573 5017 2657 5086 εἴη
2685 5016 2778 5068 καὶ
2803 5013 2958 5083 ἔργον
2983 5012 3147 5081 εὐχῆς
3167 5053 3180 5075 ,
3214 5013 3262 5063 εί
3297 5009 3371 5082 μὴ
3398 5009 3570 5062 πλείω
3593 5011 3788 5080 μοῖραν

2209 5111 2276 5166 τὰ
2303 5108 2521 5180 λυπηρά
2545 5107 2654 5160 τῶν
2684 5106 2851 5177 ἡδέων
2881 5104 3010 5175 ἔχοι.
3037 5103 3236 5156 Σκόπει
3263 5104 3373 5173 γὰρ
3401 5101 3609 5164 οῦτωςσ

2209 5290 2300 5346 ed.
2331 5285 2624 5345 Leuvencl.
2645 5284 2732 5341 ed.
2765 5300 2895 5339 nov.
2925 5300 2979 5354 p.
3013 5282 3166 5345 485).
3202 5280 3364 5354 Putat
3390 5286 3572 5333 autem
3595 5275 3790 5354 Billius

2208 5345 2532 5430 Gregorium
2589 5365 2801 5430 certare
2833 5345 2985 5430 _cu_'m
3033 5354 3127 5430 illo
3164 5350 3559 5430 epigrammate
3583 5389 3606 5430 ..
3643 5345 3790 5416 quod

2210 5417 2502 5498 Posidippo
2535 5427 2621 5481 vel
2643 5425 2846 5498 Crateti
2876 5417 3241 5498 adscribitur—7,
3262 5417 3348 5474 'in
3380 5434 3492 5498 quo
3519 5417 3792 5498 cujusque

2209 5503 2336 5556 vitae
2397 5490 2620 5570 generis
2675 5493 3020 5570 incommoda
3075 5493 3315 5546 breviter
3372 5490 3786 5570 describuntur.

2210 5572 2327 5624 Duo
2355 5557 2487 5624 vero
2513 5573 2642 5622 sunt
2667 5566 3081 5634 epigrammata:
3111 5576 3233 5634 quae
3255 5573 3380 5634 cum
3409 5560 3518 5634 hoc
3542 5557 3792 5634 carmine

2211 5640 2519 5710 comparari
2551 5626 3002 5710 possint',.unt_i_r_n
3043 5626 3325 5710 Roéidippi
3378 5631 3510 5710 sive.
3542 5626 3791 5710 Platonis

2211 5696 2438 5770 Comici.
2477 5696 2670 5762 ΑηίΙιο.
2709 5704 2891 5760 Palat.
2917 5703 3010 5769 lx,
3043 5702 3170 5767 359.
3197 5696 3431 5758 alterum
3464 5696 3790 5761 Metrodori,

2212 5781 2344 5837 ibid.
2385 5778 2508 5834 560.
