4108 6376
378 502 435 557 Ὀ
476 502 741 571 πλοῦτος
792 504 908 574 μὲν
954 506 1243 579 ἄπιστος,
1293 513 1326 565 ὁ
1381 513 1450 566 δὲ
1493 514 1943 589 θρριτος-ὀφρὺς

1564 584 1583 657 [
1606 584 1871 652 ὀνείρων.

442 667 703 732 Ἀπιστος
750 670 846 740 μὲν
898 673 926 724 6
979 673 1237 738 πλοῦτος,
1269 676 1350 727 δτι
1409 676 1481 746 μὴ
1518 678 1744 747 μόνιμος
1769 718 1782 741 ,
1821 677 1943 748 μηδ’

369 757 456 812 ἀεὶ
480 762 592 823 τοῖς
618 760 799 831 ἔχουσι
825 763 1041 835 προσὼν
1063 806 1076 829 ,
1108 764 1223 818 ἀλλ’
1265 764 1589 832 ἐξαπιναίως
1621 770 1747 831 τοὺς
1795 768 1943 839 αὑτῷ

370 854 697 918 πεποιθότας
723 856 981 920 πολλάκις
1007 858 1350 912 καταλείπων
1375 900 1388 923 ,
1428 862 1506 923 εἰς
1528 860 1719 925 ἄλλους
1748 864 1942 932 μετερ-

369 944 505 1016 ῥύη·
548 947 576 998 6
604 946 787 1017 θρόνος
821 948 876 1001 δὲ
908 950 1001 1002 καὶ
1030 950 1089 1002 τὸ
1135 951 1380 1021 δοξάριον
1430 953 1600 1024 ὀφρῦς
1652 952 1944 1025 ὁνειρῶδης

370 1036 515 1087 ἐστίν
539 1054 552 1067 ·
594 1038 858 1107 ὑπόληψις
885 1041 996 1111 γὰρ
1034 1041 1164 1111 κενὴ
1194 1043 1288 1095 καὶ
1318 1044 1491 1114 οἴησις
1533 1044 1771 1114 ματαία,
1801 1045 1940 1098 κατὰ

369 1129 475 1179 τῶν
502 1128 605 1181 ὑπὸ
630 1133 785 1199 χεῖρα
815 1131 906 1183 τὸν
947 1131 1070 1184 νοῦν
1103 1132 1228 1203 ἄχρι
1268 1134 1412 1197 τινὸς
1445 1135 1807 1200 διαπαίζουσα
1845 1135 1937 1189 τοῦ

367 1219 624 1288 ἄρχοντος
649 1220 740 1274 καὶ
765 1221 1049 1289 φυσιοῦσα,
1086 1224 1479 1293 παραρριπίζει
1507 1224 1605 1293 μὲν
1638 1226 1799 1277 αὑτὸν
1842 1225 1936 1279 τοῦ

365 1309 526 1380 ὀρθοῦ
553 1310 730 1379 λόγου,
757 1312 832 1375 ὼς
860 1312 919 1376 ἐξ
941 1312 1107 1365 ὕπνου
1132 1314 1187 1366 δὲ
1216 1318 1314 1385 τῆς
1339 1314 1670 1385 ὀνειρώξεως
1696 1316 1788 1368 καὶ
1814 1333 1939 1383 φαν-

363 1407 556 1468 τασίας
580 1407 677 1477 τῆς
706 1406 880 1476 ἀρχῆς
920 1406 1199 1470 ἐκπεσὼν,
1240 1408 1337 1476 οὑχ
1367 1402 1521 1477 εὗρεν
1572 1407 1723 1459 οὐδὲν
1748 1448 1762 1468 ,
1798 1406 1938 1461 κατὰ

362 1498 463 1567 τὴν
486 1498 725 1567 Γραφὴν,
760 1499 816 1550 ἐν
842 1501 960 1562 ταῖς
981 1499 1167 1569 χερσὶ·.⁶
1202 1499 1387 1553 αὑτοῦ.
1412 1500 1582 1552 Τοῦτο
1623 1499 1722 1569 μὲν
1750 1499 1809 1552 τὸ
1840 1500 1937 1570 ἆρ-

363 1606 479 1658 χειν
502 1591 639 1643 κατὰ
666 1590 761 1659 τὴν
801 1592 1072 1661 κοσμικὴν
1100 1592 1454 1662 παραφορὰν·
1488 1590 1547 1643 τὸ
1584 1590 1840 1661 ἄρχεσθαι
1880 1590 1936 1643 δὲ

363 1677 525 1728 πάλιν
559 1677 755 1746 μόγος,
792 1680 885 1730 καὶ
930 1679 1169 1743 κόπωσις
1195 1720 1208 1741 ,
1256 1681 1349 1733 καὶ
1386 1680 1563 1742 πόνος.
1604 1681 1715 1749 Τὴν
1747 1680 1935 1733 πενίαν

359 1768 416 1820 δὲ
444 1769 525 1832 τίς
553 1771 652 1821 οὑκ
674 1765 779 1821 οἶδε
799 1771 1119 1842 δουλοσύνην
1146 1768 1308 1825 οὖσαν
1333 1770 1555 1841 πικρὰν,
1575 1773 1665 1824 καὶ
1687 1772 1931 1841 εἱργμὸν,

361 1863 455 1912 καὶ
481 1860 676 1931 δεσμὸν
706 1864 957 1933 ἀνιαρὸν;
994 1865 1058 1916 Τί
1098 1866 1153 1917 δὲ
1181 1865 1241 1917 τὸ
1274 1864 1465 1927 κάλλος
1513 1865 1605 1917 τοῦ
1643 1864 1891 1934 σώματος
1918 1880 1931 1926 ;

356 1950 547 2021 Μικρὰ
576 1953 669 2004 καὶ
693 1952 847 2022 ὀλίγη
875 1953 1029 2006 τοῦτο
1060 1956 1218 2024 χάρις
1259 1954 1546 2025 ἀστραπῆς
1573 1995 1585 2016 ,
1614 1953 1771 2020 λόγου
1803 1954 1933 2005 θάτ-

356 2058 448 2095 τον
494 2042 587 2113 τὴν
638 2043 759 2111 ὄψιν
801 2045 894 2097 τοῦ
943 2045 1228 2113 βλέποντος
1261 2045 1635 2116 παροδεύουσα
1667 2046 1760 2097 καὶ
1806 2044 1935 2113 φεύ-

355 2152 546 2203 γουσα.
590 2136 654 2188 Τί
686 2137 741 2189 δὲ
786 2140 817 2208 ὴ
861 2138 1081 2209 νεότηςς
1126 2140 1177 2192 τί
1229 2141 1284 2192 δὲ
1318 2145 1350 2210 ἡ
1396 2140 1591 2207 πολιά;
1624 2143 1793 2210 Οὑχὴ
1834 2142 1932 2210 μὲν

356 2226 555 2295 χρόνου
589 2226 832 2296 βράσμα.
849 2228 946 2297 τὴν
970 2227 1152 2297 ἀκμὴν
1182 2228 1255 2292 ὡς
1278 2229 1433 2292 ἄνθος
1456 2230 1794 2299 εὑμάραντον
1820 2232 1931 2291 τοῖς

357 2320 500 2381 νέοις
535 2321 828 2387 ὑποφαῖνον
856 2360 869 2380 ,
902 2323 934 2391 ἡ
972 2320 1128 2374 πολιὰ
1160 2321 1215 2374 δὲ
1258 2322 1409 2384 δύσις
1440 2322 1551 2392 βίου
1574 2364 1588 2387 ,
1622 2323 1787 2392 ἤγουν
1837 2320 1929 2374 τοῦ

356 2411 457 2481 τῆς
494 2413 742 2483 νεότητος
767 2413 959 2475 ἄνθους
988 2415 1221 2485 ὑπάρχει
1267 2417 1588 2486 μαρασμὸςς
1634 2414 1792 2467 Ἀλλά
1838 2415 1931 2467 καὶ

354 2504 404 2555 οἱ
430 2503 595 2571 λόγοι,
628 2506 784 2575 φησὶ,
820 2506 1141 2575 πτερόεντες
1172 2508 1246 2570 ὼς
1286 2508 1499 2579 πτερῶν
1532 2508 1687 2578 δίκην
1723 2509 1804 2561 ὅτι
1834 2508 1931 2561 τά-

358 2610 517 2663 χιστα
546 2594 757 2662 ῥέοντες
787 2598 878 2649 καὶ
908 2597 1273 2666 ὰφιπτάμενοι
1294 2636 1307 2655 ,
1340 2596 1493 2660 κλέος
1533 2596 1587 2649 δὲ
1622 2598 1800 2660 αὑτοῖς
1824 2597 1929 2649 τίνι

352 2683 496 2756 λόγῳ
528 2687 761 2756 ὑπάρχει
790 2689 817 2739 6
842 2689 979 2759 ἁήρς
1013 2689 1104 2739 καὶ
1145 2685 1251 2757 γὰρ
1274 2680 1425 2748 οὗτος
1455 2685 1640 2755 ῶσπερ
1672 2686 1930 2756 διαφανὴς

353 2778 494 2830 κατὰ
526 2777 686 2847 φύσιν
706 2774 883 2829 πέλων
898 2779 992 2831 καὶ
1021 2779 1240 2848 δίοσμος
1261 2817 1274 2839 ,
1306 2778 1366 2830 τὸ
1398 2779 1512 2847 φῶς
1539 2778 1637 2847 μὲν
1668 2778 1761 2830 καὶ
1794 2777 1932 2848 χρῶ-

356 2886 499 2939 ματα
528 2869 704 2922 πάντα
734 2871 866 2941 πρὸς
897 2870 994 2939 τὴν
1028 2870 1215 2940 ὅρασιν
1236 2909 1249 2931 ,
1283 2868 1456 2938 ὀσμὰς
1490 2869 1543 2921 δὲ
1584 2869 1763 2931 πάσας
1794 2869 1930 2938 πρὸς

350 2960 411 3013 τὸ
451 2962 549 3031 τῆς
596 2964 912 3032 ὀσφρήσεως
946 2962 1297 3033 αἰσθητήριον
1332 2961 1754 3033 διαπορθμεύει·
1787 2962 1927 3017 οὑτω

349 3048 445 3099 καὶ
476 3047 663 3118 διηχὴς
692 3048 767 3099 ῶν
796 3050 930 3120 πρὸς
963 3050 1062 3119 τὴν
1097 3051 1283 3118 ἀκοὴν,
1322 3050 1412 3101 τόν
1436 3067 1493 3100 τε
1521 3050 1676 3117 λόγον
1704 3052 1796 3103 καὶ
1824 3054 1926 3104 πᾶ-

350 3156 447 3192 σαν
478 3141 657 3209 φωνὴν
682 3140 773 3193 καὶ
792 3140 963 3210 ψόφον
988 3142 1349 3212 παραπέμπει
1368 3143 1395 3193 6
1425 3143 1551 3210 ἀήρ,
1588 3144 1650 3193 Οἱ
1687 3144 1923 3209 εὐγενεῖς

344 3231 401 3283 δὲ
428 3232 711 3301 λεγόμενοι
739 3233 832 3284 καὶ
860 3235 892 3302 ἡ
936 3233 1183 3300 εὐγένεια
1216 3232 1269 3283 τί
1302 3231 1430 3284 ἄλλο
1470 3233 1501 3302 ἣ
1537 3232 1757 3285 παλαιὸν
1784 3228 1921 3302 αἷμα

344 3323 487 3375 ἕωλα
519 3324 612 3375 καὶ
646 3324 953 3396 πρόσκαιρα
978 3324 1206 3394 τιμηθὲν
1228 3323 1411 3387 πέλει;
1444 3323 1604 3395 ῥώμη
1635 3324 1690 3376 δὲ
1725 3325 1926 3395 σαρκὸς

346 3415 442 3467 καὶ
476 3416 660 3485 ἰσχὺς,
714 3416 870 3468 τοῦτο
921 3416 1015 3467 καὶ
1054 3415 1180 3477 συὸς
1211 3416 1405 3484 ἀγρίου
1442 3417 1724 3485 γαυρίαμα
1764 3417 1925 3469 καθέ-

347 3523 545 3574 στηκε·
582 3508 729 3559 καὶὸ
767 3507 926 3576 κόρος
962 3506 1061 3575 μὲν
1102 3506 1362 3577 ὑϐριστὴς
1388 3547 1400 3569 ,
1430 3509 1541 3568 τοῖς
1588 3506 1924 3569 ἀπαιδεύτως

344 3595 519 3665 τούτῳ
552 3598 911 3667 κεχρημένοις
962 3596 1218 3659 ὑπόθεσις
1266 3598 1475 3665 γίνεται
1528 3596 1857 3666 θεομαχίας·
1897 3600 1925 3649 6

340 3686 517 3755 γάμος
537 3686 592 3737 δὲ
616 3686 811 3756 δεσμὸς
836 3729 850 3752 ,
882 3689 974 3739 καὶ
1002 3688 1103 3756 τῆς
1130 3687 1269 3740 κατὰ
1303 3687 1463 3756 φύσιν
1495 3688 1806 3760 ἐλευθερίας
1831 3690 1925 3742 ἀλ-

341 3775 629 3846 λοτρίωσις
650 3796 661 3807 ·
690 3779 782 3829 καὶ
814 3781 846 3848 ἡ
881 3778 1133 3831 εὐτεκνία
1166 3780 1263 3850 μὲν
1293 3779 1565 3847 ἀναγκαία
1590 3782 1809 3850 φροντὶς
1832 3783 1925 3835 καὶ

342 3864 752 3935 ἀπαραίτητος,
794 3868 826 3936 ἡ
861 3866 1145 3919 δυστεκνία
1192 3866 1248 3919 δὲ
1293 3868 1574 3940 ἀρρωστία
1626 3869 1719 3920 καὶ
1769 3868 1923 3930 νόσος

339 3957 456 4010 ἐστὶ
480 3959 660 4028 ψυχῆς
685 3960 1107 4030 ἀπαρηγόρητος
1132 3977 1144 3990 ·
1189 3960 1282 4013 καὶ
1311 3954 1377 4013 αὖ
1410 3960 1569 4013 πάλιν
1594 4001 1607 4025 ,
1643 3961 1699 4013 αἱ
1728 3961 1922 4031 ἀγοραὶ⁴

341 4050 440 4119 μὲν
469 4053 667 4114 κακίας
697 4052 1046 4122 μελεδήματα
1091 4053 1185 4105 καὶ
1214 4050 1589 4123 φροντίσματα
1630 4054 1923 4122 τυγχάνου-

339 4156 423 4193 σιν
449 4182 462 4204 ,
495 4144 551 4194 αἱ
579 4142 700 4194 καθ’
739 4142 970 4213 ἡσυχίαν
992 4143 1047 4196 δὲ
1077 4143 1170 4195 καὶ
1196 4143 1429 4212 μόνωσιν
1455 4143 1727 4213 διατριϐαὶ
1762 4144 1922 4215 ἁδρά-

336 4235 477 4287 νειαί
523 4235 582 4287 τέ
614 4236 716 4288 εἱσι
744 4238 839 4288 καὶ
873 4237 1135 4307 ἀπορίαι·
1166 4237 1347 4297 πάλιν,
1386 4237 1439 4287 αξ
1471 4235 1655 4306 τέχναι
1689 4236 1787 4305 μὲν
1812 4238 1920 4289 τῶν

336 4327 476 4393 ἄγαν
531 4328 801 4380 ταπεινῶν
831 4328 923 4380 καὶ
955 4330 1129 4397 χαμαὶ
1174 4329 1482 4398 ἐρχομένων
1523 4328 1916 4399 καθεστήκασι,

339 4420 499 4491 στενὴ
531 4420 585 4473 δὲ
614 4423 646 4491 ἡ
697 4420 851 4491 παρὰ
876 4421 985 4474 τῶν
1017 4422 1313 4490 ἀλλοτρίων
1338 4418 1695 4491 ὲρανιζομὲνη
1720 4420 1914 4492 τροφὴ,

335 4510 525 4581 ὥσπερ
573 4513 667 4564 καὶ
704 4512 764 4565 τὸ
803 4516 1125 4583 παρασιτεῖν
1158 4514 1435 4582 αἴσχιστον
1461 4529 1474 4542 ·
1504 4514 1597 4565 καὶ
1644 4512 1703 4564 τὸ
1752 4512 1918 4583 ἀροῦν

339 4602 436 4672 μὲν
458 4602 555 4673 τὴν
590 4603 694 4672 γῆν
716 4604 809 4656 καὶ
841 4606 1105 4672 γεωργεῖν
1129 4604 1372 4667 κοπῶδες
1399 4606 1493 4656 καὶ
1534 4603 1825 4675 μοχθηρὸν,
1856 4604 1917 4656 τὸ

335 4696 691 4763 ποντοπορεῖν
722 4694 777 4745 δὲ
806 4694 1289 4746 κινδυνωδέπατον
1313 4693 1487 4746 καὶτὸ
1518 4695 1615 4764 τῆς
1648 4695 1791 4765 ζωῆς
1815 4694 1913 4746 αὑ-

333 4791 447 4850 τοῖς
480 4786 663 4839 πλεῖον
699 4789 756 4839 ὲν
796 4787 872 4857 τῷ

329 4879 394 4933 21
431 4881 501 4933 Ἠ
526 4879 716 4948 πάτρη
737 4880 804 4933 δὲ
825 4880 1113 4949 βέρεθρον
1138 4880 1262 4934 ἐόν·
1298 4881 1465 4949 ξείνη
1499 4879 1566 4933 δέ
1588 4880 1637 4932 τ’
1662 4879 1911 4946 ὄνειδος.

402 5036 468 5090 Τί
492 5037 572 5090 ἔτι
610 5037 748 5107 πρὸς
773 5041 885 5101 τοῖς
906 5039 1247 5109 εἰρημένοις
1280 5037 1333 5090 τί
1353 5037 1576 5105 γλύκιον
1604 5035 1915 5108 ἀνθρώποις

328 5126 367 5200 ἢ
400 5128 810 5199 θυμηρέστερον
838 5127 1298 5197 πατρίδος;“ᾼλλὰ
1322 5129 1417 5181 καὶ
1440 5127 1600 5197 αὑτὴ,
1636 5126 1790 5196 φησὶ,
1826 5126 1914 5194 βέ-

336 5215 526 5288 ρεθρον
555 5218 707 5283 τδιον,
734 5219 851 5288 ἦτοι
882 5217 1122 5286 βόθυνος,
1148 5216 1492 5277 καθίσταται,
1522 5212 1633 5290 ὲνῇ
1665 5234 1913 5270 καταπα-

328 5311 504 5360 τεῖται
535 5310 629 5362 καὶ
653 5308 1026 5373 ὲξουδενοῧται
1054 5310 1148 5362 καὶ
1184 5311 1212 5362 6
1241 5308 1362 5362 λίαν
1395 5308 1685 5373 σπουδαῖος
1713 5307 1910 5369 δοκῶν,

330 5398 407 5469 τῷ
431 5400 716 5471 γειτονικῴ
765 5398 912 5471 ζήλῳ
947 5400 1041 5452 καὶ
1076 5398 1255 5468 φθόνῳ
1288 5398 1603 5470 προδοθείς·
1648 5398 1786 5453 ἀλλὰ
1817 5398 1914 5451 καλ⁹

326 5490 390 5545 τὸ
418 5493 512 5544 ἐπὶ
546 5492 707 5562 ξένης
762 5494 858 5545 καὶ
911 5493 1215 5562 ἀλλοδαπῆς
1263 5491 1412 5561 βιοῦν
1464 5491 1555 5544 τὸν
1595 5490 1797 5545 δνειδον
1850 5492 1908 5542 οὑ

329 5582 727 5653 διαπέφευγεν·
777 5584 920 5637 οὑτω
962 5586 1159 5644 πάντα,
1208 5583 1459 5649 καθάπαξ
1516 5584 1711 5648 εἰπεῖν,
1748 5583 1817 5635 τὰ
1854 5583 1911 5634 ὲν

329 5674 637 5743 ἀνθρώποις
671 5677 910 5747 ὲράσμια
947 5678 1039 5730 καὶ
1073 5676 1287 5745 ζηλωτὰ
1319 5675 1670 5745 νομιζόμενα,
1699 5675 1778 5737 είς
1809 5673 1912 5744 μά-

329 5783 480 5821 ταιον
536 5769 879 5839 περιίσταται
934 5771 1027 5821 καὶ
1080 5770 1158 5831 είς
1223 5768 1605 5838 περισπασμὸν
1651 5768 1911 5838 πονηρὸν,

333 5860 475 5915 κατὰ
500 5861 590 5915 τὸν
628 5862 1076 5927 Ἑκκλησιαστήν.
1113 5861 1220 5915 Καὶ
1250 5860 1357 5930 γάρ
1395 5859 1551 5930 χνοῦς
1594 5858 1679 5913 διὰ
1720 5860 1781 5913 τὸ
1820 5860 1906 5912 εὑ-

1382 393 1452 449 ῙΝ
1485 394 1795 450 CARMINA
1830 395 2110 451 ARCANA
2151 396 2207 451 S.
2250 396 2602 453 GRECORII.

3526 404 3633 462 763

2054 514 2265 571 Divitiw
2291 516 2557 587 male/ida:
2583 528 2634 572 et
2662 517 2878 573 thronus
2907 520 3233 573 somniorum
3257 520 3555 593 fastigium.

2116 674 2377 731 Maletidae
2417 678 2638 747 quidem
2665 680 2892 745 divitiae,
2920 680 3049 750 quia
3081 696 3183 735 nec
3214 692 3625 752 permanentes,

2046 778 2146 815 nec
2173 779 2387 833 semper
2418 766 2505 819 his
2534 768 2625 837 qui
2646 781 2740 823 eas
2760 769 3041 836 possident
3086 772 3139 824 in
3185 781 3440 843 promptu
3473 782 3624 835 sunt,

2044 853 2137 908 sed
2169 856 2446 924 inopinate
2474 873 2618 927 saepe
2656 860 2755 911 hos
2796 860 2889 928 qui
2935 862 2988 914 in
3034 860 3169 930 ipsis
3204 864 3488 918 confidunt
3527 865 3626 921 de-

2043 953 2285 999 serentes
2320 946 2386 999 ad
2421 948 2558 1003 alios
2598 948 2966 1017 transﬂuunt;
3003 953 3240 1008 thronus
3264 971 3397 1009 vero
3426 965 3481 1010 et
3510 957 3628 1027 glo-

2042 1034 2181 1087 riola
2224 1035 2503 1105 fastigium
2553 1048 2681 1092 sunt
2732 1043 2949 1095 somnio
2977 1044 3157 1097 simile
3205 1063 3218 1098 :
3272 1060 3395 1099 nam
3432 1047 3628 1101 existi-

2040 1128 2207 1180 matio
2241 1144 2414 1183 vacua
2451 1140 2505 1184 et
2538 1130 2679 1184 fama
2708 1148 2843 1185 vana
2890 1148 2920 1185 a
2958 1134 3224 1203 subjectis
3274 1138 3624 1205 praedicatur,

2040 1219 2278 1273 animum
2316 1220 2554 1289 quodam
2596 1224 2651 1295 ip
2694 1224 2867 1293 gradu
2898 1224 3132 1281 illudens
3156 1227 3423 1297 principis
3449 1236 3505 1283 et
3533 1245 3628 1283 su-

2042 1309 2255 1377 perbire
2313 1310 2555 1379 faciens;
2608 1320 2661 1367 et
2689 1315 2885 1367 avertit
2925 1330 3049 1368 eum
3108 1331 3137 1370 a
3189 1325 3336 1372 recta
3387 1321 3621 1375 ratione.

2040 1399 2169 1454 Inde
2198 1402 2355 1470 quasi
2392 1420 2419 1456 a
2451 1404 2804 1460 domuitionis
2841 1407 3072 1461 somniis
3120 1420 3173 1463 et
3208 1425 3237 1463 a
3275 1412 3623 1482 principatus

2038 1490 2346 1554 phantasiis
2392 1493 2810 1563 expergefactus
2857 1496 2997 1549 nihil
3044 1497 3277 1561 invenit,
3314 1500 3622 1554 secundum

2040 1580 2380 1649 Scripturam
2407 1622 2421 1643 ,
2473 1583 2525 1635 in
2576 1586 2826 1637 manibus
2872 1586 3022 1651 suis;
3062 1587 3193 1640 illud
3234 1590 3489 1658 quidem,
3520 1592 3619 1647 d0-

2038 1671 2233 1723 minari
2276 1672 2431 1740 juxta
2484 1674 2814 1728 mundanam
2866 1680 3265 1747 arrogantiam,
3338 1684 3617 1737 subditum

2037 1776 2159 1815 esse
2191 1778 2221 1815 e
2260 1773 2448 1816 contra
2496 1764 2647 1819 labor
2692 1778 2744 1820 et
2778 1782 3022 1820 terumna
3061 1778 3115 1823 et
3163 1772 3432 1827 molestia.
3474 1773 3617 1827 Pau-

2036 1858 2298 1918 pertatem
2334 1862 2514 1906 autem
2539 1855 2663 1922 quis
2697 1871 2806 1909 non
2852 1858 3003 1909 novit
3046 1859 3294 1911 servituti
3338 1877 3536 1914 amarae
3568 1871 3622 1916 et

2034 1944 2243 1997 carceri
2278 1944 2329 1996 in
2362 1946 2581 1999 vinculo
2607 1948 2804 2001 acerbo
2837 1948 2980 2003 haud
3013 1950 3469 2019 imparem?Quid
3500 1969 3623 2008 cor-

2033 2033 2181 2102 poris
2208 2034 2595 2102 pulchritudo?
2638 2039 2820 2092 tenuis
2858 2046 2911 2092 et
2963 2038 3145 2093 brevis
3188 2040 3304 2094 lucc
3363 2043 3622 2110 splendor

2035 2125 2290 2193 fulguris,
2328 2127 2494 2181 verbo
2519 2129 2683 2183 citius
2709 2131 2899 2186 oculos
2941 2133 3176 2186 videntis
3219 2135 3534 2202 praeteriens
3567 2145 3622 2189 et

2034 2216 2268 2284 fugiens.
2305 2216 2443 2282 Quid
2476 2226 2529 2271 et
2577 2220 2878 2287 juventus?
2922 2223 3051 2293 quid
3098 2225 3396 2277 senectus?
3424 2223 3620 2282 Nonne

2032 2305 2125 2359 illa
2156 2311 2420 2377 temporis
2463 2310 2685 2379 agitatio
2716 2313 2831 2365 acie
2864 2329 2961 2367 sua
2986 2314 3143 2383 quasi
3180 2313 3278 2368 llos
3314 2328 3440 2366 mox
3474 2330 3624 2367 mar-

2032 2412 2264 2452 cescens
2292 2398 2587 2466 juvenibus
2618 2401 2871 2470 refulget,
2902 2414 3157 2459 senectus
3189 2420 3317 2458 vero
3349 2406 3469 2459 vita:
3494 2422 3623 2476 spo-

2032 2489 2388 2551 liatio,ﬂoris
2427 2493 2665 2561 juventa:
2722 2486 3006 2549 defloratio
3063 2498 3186 2551 est?
3241 2496 3345 2551 Sed
3398 2506 3452 2551 el
3502 2515 3621 2553 ser-

2033 2592 2246 2639 mones,
2287 2582 2623 2655 inqttit,:ilati
2656 2588 2810 2654 quasi
2848 2600 3148 2655 pennarum
3192 2605 3294 2658 ope
3336 2606 3497 2660 quam
3538 2593 3621 2644 ei-

2036 2669 2251 2724 tissime
2283 2673 2467 2724 volant
2498 2684 2551 2725 et
2580 2678 2952 2738 transierunt;
3000 2686 3052 2730 et
3082 2679 3271 2732 decori
3316 2681 3448 2749 ipsis
3475 2698 3618 2750 quo-

2030 2760 2193 2813 modo
2242 2770 2324 2816 est
2354 2762 2483 2815 aer?
2529 2762 2741 2817 Etenim
2783 2767 2885 2820 iste
2928 2776 3125 2821 natura
3167 2770 3455 2837 perlucens
3490 2787 3617 2825 cum

2031 2851 2101 2905 sit
2160 2860 2213 2904 et
2273 2854 2535 2909 odoribus
2587 2858 3019 2924 transmeabilis,
3072 2861 3253 2913 lumen
3300 2871 3353 2914 et
3400 2864 3618 2919 colores

2031 2958 2220 2998 omnes
2247 2946 2312 2998 ad
2346 2947 2549 3007 visum.
2598 2956 2649 3002 et
2702 2951 2904 3004 odores
2954 2960 3186 3006 cunctos
3241 2952 3308 3005 ad
3354 2954 3617 3008 olfactum

2031 3038 2287 3091 traducit.
2325 3037 2415 3091 Sic
2458 3049 2511 3092 et
2556 3056 2749 3094 sonum
2791 3044 3168 3097 transmittens
3216 3045 3283 3097 ad
3337 3046 3613 3112 auditum,

2030 3142 2338 3183 SCI‘IIIOIIEID
2408 3142 2775 3202 cunctamque
2838 3150 3027 3211 VOCCm
3109 3145 3273 3205 atque
3345 3137 3616 3206 fragorem

2028 3218 2256 3273 adducit
2292 3235 2406 3275 aer.
2440 3222 2770 3279 Liberaliter
2802 3229 2935 3291 nati,
2972 3236 3031 3281 ut
3078 3229 3250 3292 aiunt,
3294 3231 3422 3299 quid
3461 3239 3612 3295 sunt,

2028 3310 2158 3378 quid
2182 3312 2328 3365 aliud
2362 3323 2447 3368 est
2471 3316 2621 3369 clara
2660 3320 2813 3388 origo
2854 3321 2957 3372 nisi
2992 3321 3211 3388 priscus
3242 3325 3466 3393 sanguis
3501 3324 3615 3379 heri

2026 3410 2080 3457 et
2102 3403 2167 3456 ad
2216 3412 2431 3473 tempus
2480 3407 3015 3463 houoratus?[{ol)ur
3038 3412 3226 3466 carnis
3258 3420 3311 3466 et
3344 3415 3533 3482 vigor?
3561 3416 3614 3469 id

2026 3502 2079 3545 et
2111 3493 2229 3561 apri
2278 3496 2535 3560 gloriatio
2569 3498 2774 3551 factum
2827 3508 2931 3554 est.
2976 3498 3042 3553 Et
3089 3501 3309 3570 juvenis
3346 3519 3613 3573 arrogans

2026 3586 2096 3639 iis
2123 3588 2215 3654 qui
2242 3588 2336 3640 illo
2380 3588 2630 3657 imperite
2683 3598 2914 3645 utuntur
2948 3594 3075 3647 belli
3126 3594 3394 3650 adversus
3442 3596 3612 3651 Deum

2028 3679 2086 3730 lit
2114 3681 2353 3732 occasio.
2399 3679 2804 3735 Matrimonium
2856 3696 3037 3738 autem
3079 3687 3355 3739 vinculum
3385 3699 3469 3741 est
3503 3699 3554 3742 et
3584 3706 3613 3743 a

2025 3769 2278 3824 libertate
2309 3774 2547 3825 naturali
2596 3773 2939 3841 immutatio;
2969 3784 3022 3829 ct
3064 3779 3283 3847 egregia
3316 3780 3495 3847 proles
3522 3797 3615 3833 nc-

2025 3865 2269 3916 cessaria
2300 3863 2625 3918 sollicitudo
2651 3881 2771 3934 qua-
2797 3867 2955 3920 vitari
2987 3871 3196 3937 nequit,
3227 3883 3273 3923 et
3303 3874 3485 3939 proles
3521 3890 3614 3927 ne-

2024 3967 2185 4021 quam
2220 3956 2478 4008 mmstitia
2518 3956 2852 4027 morbusque
2879 3967 2963 4013 est
3006 3961 3202 4014 animae
3231 3966 3613 4019 consolatione

2025 4059 2133 4097 non
2170 4045 2455 4099 levandus.
2488 4045 2554 4099 Et
2578 4063 2798 4101 rursum
2820 4087 2836 4111 ,
2891 4049 3152 4105 nundinae
3185 4054 3405 4107 malitia:
3439 4056 3613 4108 medi-

2022 4136 2265 4189 tationes
2291 4144 2346 4190 et
2367 4138 2732 4205 cogitationes
2764 4146 2914 4202 sunt,
2940 4141 2996 4193 in
3025 4142 3209 4211 quiete
3232 4153 3284 4195 et
3309 4145 3610 4199 solitudine

2024 4226 2206 4279 studia
2229 4227 2535 4282 debilitates
2590 4236 2721 4281 sunt
2763 4237 2817 4283 et
2852 4231 3099 4299 penuria.
3133 4229 3412 4295 Rursum,
3461 4241 3610 4288 artes

2022 4317 2167 4386 apud
2194 4317 2356 4371 nimis
2381 4326 2725 4387 eontemptos
2751 4328 2803 4373 et
2830 4320 2980 4374 humi
3008 4322 3256 4389 jacentes
3275 4324 3609 4389 consistunt,

2022 4420 2234 4463 arctum
2270 4421 2323 4462 et
2347 4426 2375 4464 a
2406 4412 2663 4480 proximo
2685 4412 3059 4469 mendicatum
3090 4418 3429 4482 alimentum,
3464 4420 3610 4473 sicut

2019 4512 2074 4556 et
2106 4502 2396 4571 parasitari
2447 4512 2607 4572 turpe
2641 4506 2834 4572 valde;
2885 4515 2937 4559 et
2993 4524 3152 4564 arare
3198 4519 3403 4564 terram
3446 4522 3611 4581 atque

2019 4595 2201 4648 colere
2236 4592 2559 4665 fatigatione
2590 4597 2834 4651 abundat
2880 4607 2933 4652 et
2975 4599 3296 4664 sudoribus,
3347 4603 3610 4673 navigare

2017 4701 2148 4740 vero
2173 4688 2707 4755 periculosissimum
2733 4698 2787 4744 et
2815 4692 3191 4761 navigantium
3222 4695 3332 4747 vita
3368 4696 3606 4764 plurima

2022 4776 2237 4833 inferno
2276 4781 2545 4847 proxima.

2014 4871 2079 4925 21
2126 4870 2316 4924 Patria
2354 4871 2539 4939 tellus,
2580 4874 2853 4942 proprium
2888 4875 3235 5017 barathrumi
3277 4887 3458 4999 exlt’era
3509 4896 3603 4949 op-

3240 4965 3333 5013 pro
3373 4964 3533 5001 rium.

3240 4964 3533 5013 proortum.

2086 5032 2227 5099 Quid
2268 5032 2469 5095 adhuc,
2504 5034 2591 5089 his
2621 5035 2821 5091 dictis?
2867 5033 2999 5105 quid
3031 5038 3348 5093 hominibus
3382 5039 3603 5094 dulcius

2016 5130 2112 5175 aut
2151 5121 2444 5177 amabilius
2486 5137 2650 5190 quam
2688 5124 2904 5192 patria?
2955 5123 3064 5179 Sed
3110 5136 3163 5180 et
3215 5126 3357 5197 ipsa,
3400 5129 3600 5197 inquit,

2016 5212 2174 5267 fovea
2212 5222 2299 5268 est
2327 5228 2459 5267 vera
2495 5222 2550 5268 et
2584 5214 2756 5279 fossa,
2802 5216 2855 5269 in
2900 5232 3008 5285 qua
3058 5217 3287 5287 pedibus
3316 5220 3512 5275 teritur
3548 5229 3602 5275 et

2012 5305 2373 5374 vilipenditur
2400 5306 2565 5360 etiam
2595 5306 2688 5375 qui
2720 5307 2876 5362 valde
2914 5310 3199 5366 studiosus
3238 5310 3451 5365 videtur
3469 5327 3599 5381 erga

2014 5413 2158 5462 eam,
2198 5398 2507 5452 vicinorum
2554 5399 2901 5455 aemulatione
2955 5410 3011 5456 et
3070 5402 3271 5457 invidia
3330 5404 3597 5465 traditus;

2014 5492 2113 5549 sed
2143 5500 2198 5547 et
2234 5492 2384 5545 vivat
2420 5492 2562 5548 alius
2591 5492 2648 5546 in
2684 5500 2830 5548 terra
2858 5494 3121 5565 hospitali
3169 5505 3223 5549 et
3270 5498 3597 5569 alienigena,

2012 5587 2454 5658 objurgationem
2484 5602 2595 5640 non
2624 5587 2838 5640 vitavit.
2867 5586 2959 5641 Sic
2989 5604 3054 5643 cu
3068 5596 3215 5653 ncta,
3250 5595 3309 5642 ut
3339 5604 3445 5643 una
3475 5591 3599 5647 vice

2013 5677 2213 5739 dicam,
2255 5691 2376 5745 qua:
2406 5675 2722 5731 hominibus
2752 5678 3005 5731 amabilia
3047 5686 3102 5732 et
3139 5678 3596 5748 concupiscibilia

2014 5776 2357 5837 reputantur,
2393 5766 2450 5819 in
2473 5764 2774 5820 vanitatem
2818 5766 3072 5820 recidunt
3115 5776 3171 5822 et
3226 5767 3281 5822 in
3359 5784 3597 5836 occupa-

2016 5861 2220 5916 tionem
2255 5856 2571 5931 pessimam,
2618 5858 2762 5929 apud
2810 5857 3223 5922 Ecclesiasten).
3260 5857 3396 5913 Nam
3436 5863 3594 5931 quasi
