4164 6350
451 368 557 424 785

445 499 646 553 spuma
678 499 742 538 ex
774 499 839 538 eo
865 485 1013 554 quod
1063 487 1442 557 cerruptibilia
1489 486 1751 544 facillime
1792 488 2037 556 eﬂluant,

446 576 804 642 deridentur;
835 578 995 648 quasi
1029 578 1377 648 phantasma,
1411 581 1541 651 quia
1579 581 1788 636 erranti
1819 580 2038 637 cuidam

447 675 508 723 ct
541 667 830 722 oculorum
883 669 1135 724 ludibriis
1182 671 1420 735 similia;
1469 671 1630 741 quasi
1679 687 1796 736 ros,
1854 680 2041 742 utpote

453 774 580 830 quae
617 758 778 814 facile
809 761 1165 816 exsiccentur
1210 771 1264 817 et
1307 763 1590 832 paululum
1625 764 1889 834 temporis
1925 779 2042 818 ma-

454 858 654 916 neant;
682 853 843 921 quasi
874 852 1080 920 lentim,
1113 856 1241 925 quia
1289 857 1442 910 brevi
1487 855 1812 912 ﬂaccescere
1850 855 2041 910 viden-

455 951 582 1010 sur;
622 946 782 1014 quasi
826 947 911 1000 ala
961 949 1032 1002 ob
1087 948 1332 1018 ipsorum
1377 950 1559 1019 fugam
1615 960 1670 1005 et
1716 949 2041 1010 citissimam

458 1039 856 1100 mutationem;
884 1041 1040 1108 quasi
1075 1056 1228 1106 aura,
1262 1057 1328 1095 eo
1359 1041 1507 1112 quod
1533 1050 1656 1112 post
1685 1043 1904 1098 brevem
1935 1040 2044 1094 ful-

459 1142 647 1197 gorem
697 1129 965 1184 citissime
1021 1142 1389 1198 evanescant;
1454 1135 1728 1188 somnium
1780 1141 2044 1203 praeterea

459 1216 726 1274 dicuntur
753 1219 884 1290 quia
917 1221 1196 1277 instabilia
1211 1228 1265 1274 et
1282 1220 1434 1276 nullo
1447 1222 1611 1278 modo
1627 1224 1779 1276 lirma
1797 1231 1853 1277 et
1873 1238 2043 1278 vacua

461 1318 593 1364 sunt
616 1325 679 1365 ea
694 1310 762 1366 de
782 1312 984 1381 quibus
1013 1313 1340 1384 superbiunt
1363 1313 1632 1370 homines.
1658 1315 1714 1368 lu
1740 1313 2045 1383 Scripturis

465 1401 791 1458 deridentur
820 1413 875 1459 et
908 1404 1325 1474 vilipenduntur
1350 1410 1458 1462 ista
1492 1415 1548 1462 et
1585 1407 1754 1463 maris
1786 1405 2046 1462 ﬂuctibus

462 1497 520 1542 et
549 1488 841 1546 ﬂuviorum
900 1493 1109 1562 rapidis
1142 1495 1304 1550 undis
1340 1502 1396 1550 et
1440 1497 1686 1566 vestigiis
1725 1498 1882 1552 navis
1926 1511 2049 1567 qua:

466 1598 620 1637 mare
671 1592 1004 1650 transnatat,
1044 1597 1100 1643 et
1136 1598 1425 1644 ventorum
1474 1589 1696 1647 ﬂatibus
1743 1598 1798 1645 et
1837 1587 2046 1660 pulveri

463 1673 880 1741 wquiparantur
907 1676 1034 1742 ista,
1058 1678 1261 1748 quippe
1285 1695 1408 1749 quae
1440 1695 1657 1750 semper
1682 1679 1848 1744 ﬂuxa,
1873 1679 2047 1734 insta-

467 1765 624 1834 bilia,
671 1767 837 1822 inﬁda
889 1777 944 1824 et
1017 1771 1223 1826 caduca
1282 1787 1312 1826 a
1371 1788 1499 1828 vere
1549 1772 1784 1843 sapienti
1855 1773 2051 1842 quovis

468 1859 835 1915 aestimentur.
872 1861 1126 1920 Circulus
1163 1864 1308 1920 enim
1345 1880 1564 1936 semper
1599 1874 1849 1921 movetur
1883 1865 2052 1920 volvi-

470 1953 674 2018 turque
708 1952 839 2018 vita,
877 1953 1079 2007 similia
1111 1964 1310 2009 cuncta
1354 1955 1720 2027 undequaque
1765 1968 2051 2030 torquens,

467 2040 637 2096 simul
702 2051 856 2099 stans
894 2055 946 2099 et
985 2063 1237 2113 currens,
1283 2049 1445 2125 quale
1493 2051 1692 2104 uelum
1748 2068 1915 2122 super
1954 2067 2056 2109 nos

471 2133 678 2188 moveri
711 2133 1165 2203 philosophantur
1195 2135 1464 2198 nonnulli,
1485 2135 1722 2188 solutum
1757 2151 1948 2205 nempe
1972 2137 2051 2192 si-

469 2224 582 2278 mul
599 2240 663 2280 ac
676 2224 933 2283 solidum.
957 2234 1145 2294 utpote
1160 2226 1306 2295 quod
1321 2227 1372 2278 in
1397 2241 1500 2280 suo
1517 2234 1625 2280 stet
1643 2226 1863 2281 volubili
1885 2243 2050 2282 cursu

470 2315 729 2370 solidum.
758 2312 1005 2385 Namque
1028 2316 1082 2369 in
1113 2316 1216 2372 hoc
1240 2325 1389 2371 stant
1412 2326 1468 2371 et
1497 2326 1871 2386 coagmentata
1899 2326 2048 2386 sunt,

470 2403 620 2471 quod
650 2405 940 2461 solvuntur
972 2416 1026 2463 et
1057 2419 1344 2465 moventur
1373 2428 1470 2482 per
1493 2413 1620 2466 anni
1657 2415 1902 2484 tempora
1931 2429 2054 2485 qua

474 2491 636 2547 aliter
677 2495 782 2550 alia
825 2497 1030 2565 ferunt,
1067 2501 1526 2570 quemadmodum
1573 2511 1628 2558 et
1666 2518 1884 2574 semper
1924 2519 2051 2559 cor-

475 2595 738 2654 rumpunt
765 2597 819 2657 et
858 2589 923 2642 ad
951 2589 1112 2645 linem
1142 2602 1310 2663 agunt
1346 2593 1464 2649 sive
1503 2610 1602 2664 per
1645 2595 1762 2650 dies
1800 2596 1918 2651 sive
1956 2611 2055 2667 per

1808 372 2108 428 NLCILTAS
2146 373 2361 429 DAVZD‘

3610 366 3712 424 Ὶω

2140 489 2391 544 διάλυτον
2419 489 2765 561 κωμῳδεῖται
2796 488 2892 542 καὶ
2919 486 3192 559 φθαρτὸν,
3231 483 3420 554 φάσμα
3453 483 3509 536 δὲ
3535 483 3622 536 διὰ
3651 483 3714 537 τὸ

2143 581 2340 634 πλάνον
2371 581 2466 634 καὶ
2496 580 2863 650 φαντασιῶδες
2883 619 2898 640 ,
2933 578 3122 650 δρόσος
3152 576 3208 632 δὲ
3238 575 3326 629 διὰ
3359 574 3420 628 τὸ
3451 573 3713 644 εὐξήραν-

2140 689 2232 725 τον
2255 673 2288 742 ἢ
2314 671 2697 743 ὀλιγοχρόνιον,
2719 671 2855 741 πνοὴ
2880 670 2937 722 δὲ
2964 668 3052 724 διά
3073 668 3131 722 τὸ
3152 666 3286 738 πρὸς
3310 664 3489 732 ὀλίγον
3510 661 3713 732 ἀναψύ-

2141 781 2256 835 χειν
2285 764 2492 823 δοκεῖν,
2525 765 2725 835 πτερὸν
2756 763 2811 816 δὲ
2841 762 2928 816 διὰ
2963 764 3061 832 τὴν
3116 760 3408 830 ἀπόδρασιν
3439 756 3532 811 καὶΙ
3562 753 3714 825 ταχίο

2145 869 2275 922 στην
2301 851 2639 922 ἀπαλλαγὴν,
2666 851 2828 923 ἀτμὶς
2859 850 2916 904 δὲ
2942 849 3103 905 διὰτὸ
3124 847 3258 920 πρὸς
3281 846 3451 918 βραχὺ
3479 843 3716 914 φανέντα

2144 945 2338 999 θᾶττον
2374 943 2753 1013 ἀφανίζεσθαι,
2791 942 3000 1013 ϐνειρος
3035 941 3093 994 δὲ
3136 938 3272 1010 πρὸς
3300 936 3507 998 τούτοις
3540 933 3627 987 διὰ
3655 935 3716 984 τὸ

2143 1036 2403 1108 ἀνίδρυτα
2450 1034 2544 1088 καὶ
2594 1033 2940 1088 ἀνυπόστατα
2983 1032 3078 1085 καὶ
3103 1030 3237 1084 κενὰ
3262 1029 3331 1082 τὰ
3363 1028 3481 1083 κατ’
3509 1022 3715 1096 ἀνθρώ·

2146 1142 2279 1189 πους
2335 1119 2475 1178 εἶναι
2525 1123 2880 1193 φρυάγματα.
2931 1121 3061 1184 Ταῖς
3089 1118 3334 1190 Γραφαϊς
3376 1114 3719 1186 κωμῳδεῖται

2145 1217 2240 1272 καὶ
2265 1213 2630 1280 ὲξουδενοῦται
2670 1212 2876 1276 ταῦτα,
2919 1212 3014 1265 καὶ
3063 1209 3268 1280 κύμασι
3299 1207 3593 1276 θαλάσσης,
3627 1204 3721 1258 καὶ

2148 1307 2383 1381 ῥεύμασι
2411 1307 2732 1378 ποταμίοις,
2770 1305 2865 1358 καὶ
2894 1305 3064 1374 τχνεσι
3096 1300 3533 1372 ποντοπορούσης
3571 1297 3720 1366 νηὸς,

2147 1383 2241 1455 καὶ
2275 1399 2470 1470 αὐραις
2502 1399 2740 1469 ἀνέμων,
2770 1399 2865 1452 κα)⁵
2893 1395 3197 1462 κόνεσι,διά
3226 1395 3288 1448 τὸ
3317 1392 3565 1463 ἀείρυτον
3592 1389 3719 1442 ἀϐέ-

2147 1492 2300 1550 ϐαιόν
2341 1508 2400 1543 τε
2446 1490 2542 1543 καὶ
2597 1491 2824 1544 ἄπιστον
2870 1487 2962 1542 καὶ
2995 1488 3222 1541 ἄστατον
3270 1487 3335 1555 τῇ
3393 1478 3723 1550 ἀληθοσοφία

2149 1582 2515 1655 παρεικάσθη.
2557 1582 2769 1644 Κύκλος
2798 1581 2904 1651 γὰρ
2939 1579 3246 1649 ἀεικίνητος
3281 1576 3376 1629 καλ⁸
3405 1574 3723 1643 ἀείστροφος

2148 1681 2176 1732 ὀ
2204 1679 2317 1748 βίος
2365 1677 2534 1739 ἐστὶν,
2584 1675 2747 1745 ὅμοια
2791 1674 2968 1727 πάντα
3018 1672 3110 1728 καὶ
3164 1670 3394 1722 πάντοτε
3444 1664 3722 1727 κυλίνδων,

2147 1767 2319 1831 ἑστὼς
2347 1767 2465 1838 ἅμα
2507 1767 2598 1825 καὶ
2629 1766 2862 1837 τρέχων,
2893 1757 3003 1816 οἷον
3040 1761 3130 1814 τὸν
3165 1761 3278 1814 ἄνω
3310 1757 3536 1830 οὐρανὸν
3579 1754 3726 1824 φιλο-

2149 1859 2397 1931 σοφοῦσι,
2425 1859 2684 1928 λυόμενον
2715 1857 2828 1927 ἅμα
2868 1856 2960 1909 καὶ
3003 1854 3196 1919 πάγιον
3246 1852 3323 1923 τῷ
3351 1853 3409 1905 ὲν
3447 1849 3526 1920 τῷ
3559 1850 3725 1901 κινεῖ-

2151 1950 2277 2004 σθαι
2307 1950 2637 2021 πεπηγέναι.
2663 1948 2773 2000 Kal
2797 1947 2904 2016 γὰρ
2936 1948 2994 1999 ὲν
3017 1945 3194 2016 τούτῳ
3227 1944 3377 2015 μένει
3419 1941 3514 1994 καί
3557 1941 3730 2012 πέπη-

2151 2059 2267 2113 γεν,
2301 2043 2357 2093 ὲν
2415 2041 2484 2112 τῷ
2513 2039 2733 2097 λύεσθαί
2766 2054 2826 2090 τε
2866 2038 2956 2090 καὶ
2993 2034 3258 2090 κινεῖσθαι
3305 2035 3426 2096 ταῖς
3463 2049 3524 2085 τε
3558 2030 3730 2103 ὥραις

2158 2134 2251 2189 τοῦ
2289 2132 2538 2187 ἐνιαυτοῦ
2578 2132 2766 2192 ἄλλοτε
2807 2131 2941 2186 ἄλλα
2989 2129 3304 2199 φερούσαις,
3344 2125 3607 2189 ὡσαύτως
3643 2126 3730 2178 ἀεὶ

2157 2225 2255 2280 καὶ
2282 2223 2630 2295 φθειρούσαις
2655 2222 2749 2278 καὶ
2773 2221 3247 2293 τελεσφορούσαις,
3265 2223 3385 2284 ταῖς
3410 2237 3470 2273 τε
3497 2219 3732 2290 ἡμέραις

2158 2318 2254 2372 καὶ
2291 2317 2408 2381 νυξὶ
2439 2317 2507 2370 τά
2545 2315 2666 2372 καθ’
2713 2315 2941 2368 ἕκαστον
2975 2311 3313 2375 ἀλλοιούσαις
3346 2311 3380 2381 ἢ
3414 2307 3732 2363 ἀνακαινούη

2159 2431 2280 2478 σαις
2307 2415 2365 2466 ὲν
2395 2413 2580 2476 πόνοις
2602 2412 2696 2466 καὶ
2735 2410 2944 2475 κόποις,
2968 2412 3025 2462 ὲν
3050 2409 3223 2472 νόσοις
3250 2408 3344 2461 κα)⁵
3367 2406 3637 2470 θανάτοις,
3675 2405 3735 2456 ὲν

2130 2576 2132 2578 τ
2157 2503 2396 2557 πτώσεσι
2429 2504 2524 2560 καὶ
2545 2503 2886 2576 εὐδρομίαις,
2917 2503 2974 2557 ὲν
3002 2500 3360 2556 ταπεινώσεσι
3399 2499 3494 2552 καὶ
3512 2498 3731 2563 λύπαις,

2158 2597 2216 2650 ὲν
2245 2594 2487 2666 ὐψώσεσι
2514 2596 2608 2649 καὶ
2632 2594 3014 2666 εὐφροσύναις.

477 2684 668 2733 noctes
702 2678 948 2735 vicissim
985 2681 1337 2738 immutantes
1382 2695 1477 2738 aut
1520 2694 1848 2742 renovantes
1879 2687 1932 2740 in
1969 2686 2251 2742 laboribus
2294 2696 2348 2742 et
2391 2686 2798 2757 fatigationibus
2822 2726 2847 2750 ,,
2875 2685 2930 2741 in
2971 2684 3181 2742 morbis
3217 2691 3273 2738 et
3322 2683 3592 2742 mortibus
3615 2723 3635 2749 ι
3674 2683 3732 2736 in

475 2769 698 2824 casibus
718 2776 772 2824 et
801 2771 1080 2839 cursibus,
1104 2774 1159 2829 in
1185 2775 1586 2844 abjectionibus
1614 2787 1668 2833 et
1689 2779 1980 2844 molestiis,
2009 2779 2064 2834 in
2091 2779 2348 2849 superbia
2378 2786 2432 2834 et
2461 2779 2851 2851 cogitationum
2886 2778 3244 2833 moderantia.

479 2860 547 2917 Et
573 2863 670 2915 hoc
701 2872 804 2916 tua:
833 2863 952 2932 [ous
979 2868 1275 2948 sapientiae,
1305 2885 1334 2921 ο
1371 2868 1616 2934 Verbum,
1647 2879 1702 2925 et
1725 2886 1843 2941 seq.

548 2953 616 3006 Et
644 2956 747 3010 hoc
775 2963 901 3019 tua,
929 2973 962 3010 ο
995 2956 1157 3012 Pater
1181 2967 1238 3014 et
1267 2959 1533 3027 Verbum,
1565 2962 1846 3032 sapientiae
1876 2965 2061 3033 tuique

479 3046 579 3100 zeli
633 3046 858 3117 dignum
906 3057 1025 3104 erat
1076 3058 1276 3105 cuncta
1327 3053 1629 3117 instabilis,
1684 3054 1960 3108 versatilia
2008 3063 2063 3108 et

479 3141 702 3198 mobilia
739 3156 864 3196 esse
912 3156 1258 3212 quacunque
1312 3146 1562 3213 corporis
1612 3146 1665 3200 in
1713 3147 1817 3201 hoc
1858 3147 2064 3201 mundo

481 3231 742 3302 optabilia
789 3232 1155 3298 aestimantur,
1202 3234 1278 3287 ita
1316 3242 1374 3287 ut
1421 3234 1526 3290 hoc
1572 3245 1972 3306 cognoscentes
2009 3246 2062 3294 et

482 3326 576 3379 illa
627 3322 983 3392 aspicientes,
1039 3322 1319 3378 ﬂrmorum
1373 3333 1429 3380 ct
1489 3327 1631 3396 apud
1687 3335 1741 3383 te
1797 3329 2065 3385 stabiliter

481 3413 819 3471 manentium
856 3413 1126 3467 bonorum
1165 3413 1219 3467 in
1263 3413 1461 3483 spiritu
1499 3416 1892 3485 amplectamur
1919 3417 2066 3471 desi-

483 3505 720 3559 derium.
748 3503 978 3566 Cuncta,
1009 3502 1186 3573 inquit
1221 3504 1466 3574 sapiens,
1491 3506 1790 3560 secundum
1828 3509 2064 3576 speciem

484 3596 861 3668 intelligentia:
885 3597 987 3650 alis
1017 3595 1240 3665 adjutus
1278 3596 1642 3668 investigatus
1675 3615 1820 3666 sum,
1847 3599 1915 3655 de
1939 3599 2066 3669 qui-

485 3690 589 3745 bus
641 3689 813 3760 prisci
863 3697 918 3744 et
974 3690 1224 3758 iuniores
1280 3691 1653 3762 philosophati
1701 3700 1830 3748 sunt
1875 3711 1889 3747 :
1931 3693 2067 3747 nihil

486 3781 726 3838 miseriis
758 3781 1066 3846 hominum,
1103 3782 1157 3837 id
1199 3793 1285 3838 est
1315 3783 1424 3838 vita
1451 3785 1755 3850 hominum,
1791 3801 2066 3841 aerumno-

487 3877 606 3932 sius
671 3883 768 3930 aut
824 3875 1156 3933 laboriosius
1212 3876 1348 3931 vidi.
1401 3875 1459 3931 lu
1499 3876 1587 3933 his
1651 3879 1899 3935 carnales
1967 3895 2065 3934 co-

489 3968 785 4037 gitationes
849 3969 1250 4039 parvipendens
1287 3984 1415 4024 vere
1458 3969 1766 4038 spiritualis
1796 3979 1852 4026 et
1883 3971 2068 4041 despi-

487 4061 642 4115 ciens
673 4059 984 4130 Theologus
1016 4059 1244 4128 spiritus
1276 4059 1639 4129 cogitationes
1674 4060 1989 4131 magniﬁcat
2015 4068 2070 4116 et

489 4152 603 4210 Deo
629 4153 825 4224 dignas
857 4151 1072 4208 extollit
1121 4168 1138 4208 :
1188 4166 1425 4222 quorum
1462 4153 1680 4222 signum
1725 4163 1810 4207 est
1845 4168 2068 4208 crucem

490 4245 698 4302 Christi
734 4245 931 4299 tollere
963 4251 1017 4298 ct
1041 4251 1166 4314 post
1210 4243 1390 4314 ipsum
1432 4242 1487 4297 in
1533 4243 1986 4300 tribulationibus
2017 4253 2072 4298 et

492 4339 776 4394 laboribus
807 4336 991 4407 sequi;
1028 4337 1083 4391 in
1137 4336 1395 4407 lacrymis
1419 4343 1474 4391 et
1519 4335 1814 4406 gemitibus
1848 4337 1940 4394 Dei
1976 4353 2073 4408 spe

493 4429 758 4501 liqueﬁeri
810 4438 866 4485 et
914 4445 1080 4499 super
1120 4429 1364 4484 caelestis
1407 4427 1628 4485 Triadis
1683 4428 2067 4499 splendoribus

490 4521 768 4580 conﬁdere
803 4529 859 4576 et
892 4536 922 4575 a
955 4521 1192 4577 terrenis
1231 4519 1660 4591 cogitationibus
1711 4520 1928 4576 liberari
1976 4536 2072 4592 per

493 4614 750 4685 nnaginis
778 4613 1070 4684 puritatem
1101 4621 1156 4668 et
1178 4613 1675 4684 incorruptionem.
1709 4613 1880 4670 Porro
1907 4615 2071 4670 vitam

494 4721 654 4777 agere
680 4705 915 4760 alienam
964 4705 1034 4759 ab
1077 4703 1337 4768 humana,
1371 4713 1426 4759 et
1478 4721 1578 4776 pro
1623 4706 1943 4762 cmlestibus
1973 4709 2074 4760 hu-

494 4811 655 4852 mana
687 4796 1018 4867 relinquere,
1070 4797 1125 4851 in
1160 4803 1421 4868 promptu
1466 4797 1520 4852 id
1568 4806 1649 4854 est
1697 4799 1908 4868 optimo
1945 4795 2069 4850 cui-

493 4906 601 4959 que
656 4891 888 4954 homini,
927 4890 1141 4945 lirmum
1190 4895 1246 4943 et
1303 4904 1493 4943 verum
1561 4891 1692 4945 illud
1748 4892 1800 4945 in
1853 4889 2074 4945 Christo

491 4980 622 5035 .lesu
656 4981 926 5037 bonorum
962 4979 1249 5051 principis.
1287 4981 1481 5034 Amen.

2157 2871 2265 2925 Kal
2297 2872 2432 2925 τόδε
2460 2868 2578 2941 σῆς
2611 2869 2860 2939 γενέτωρ
2884 2868 3304 2940 σοφίης,Λόγε,
3330 2885 3386 2921 κ.
3418 2884 3470 2920 τ.
3507 2868 3571 2920 ἐς

2230 2963 2338 3015 Καὶ
2365 2961 2520 3015 τοῦτο
2548 2961 2646 3032 τῆς
2677 2961 2794 3031 σῆς,
2820 2954 2864 3014 ὦ
2896 2960 3075 3030 Πάτερ
3107 2958 3203 3012 καὶ
3220 2959 3381 3028 Λόγε,
3419 2959 3613 3028 σοφίας
3644 2958 3740 3012 καὶ

2160 3053 2488 3125 κηδεμονίας
2528 3052 2678 3119 ἀξιον
2703 3048 2792 3123 ἦν,
2835 3051 3014 3105 πάντα
3047 3051 3258 3104 ἄστατα
3287 3050 3381 3103 καὶ
3413 3050 3738 3121 εὐπερίτρε-

2165 3163 2272 3198 πτα
2302 3141 2439 3198 εἶναι
2487 3145 2582 3198 καὶ
2616 3143 2852 3198 ἀϐέϐαια
2896 3141 2965 3195 τὰ
2997 3141 3100 3196 τοῦ.
3127 3139 3378 3212 σώματος
3409 3142 3467 3194 ὲν
3499 3141 3635 3211 τῷδε
3662 3141 3746 3213 τῷ

2164 3238 2354 3308 κόσμῳ
2388 3236 2636 3308 ποθητά,
2691 3236 2768 3299 ώς
2818 3235 2885 3289 ἂν
2940 3234 3099 3288 τοῦτο
3150 3235 3397 3302 γνόντες,
3430 3233 3524 3293 καὶ
3569 3234 3742 3289 ταῦτα

2164 3331 2500 3401 παριδόντες,
2555 3329 2662 3383 τῶν
2716 3328 2968 3382 ἑστώτων
3017 3326 3110 3380 καὶ¹
3155 3325 3315 3396 παρὰ,
3341 3325 3423 3378 σοὶ
3457 3326 3740 3396 ἀραρότως

2169 3423 2438 3492 μενόντων
2470 3421 2690 3490 ἀγαθῶν
2723 3422 2780 3473 ὲν
2825 3419 2902 3490 τῷ
2931 3420 3202 3490 πνεύματι
3232 3419 3610 3489 ἀσπασώμεθα
3643 3419 3746 3488 τὴν

2165 3513 2373 3582 ἔφεσιν.
2429 3513 2633 3578 Πάντα,
2661 3512 2826 3582 φησὶν
2857 3515 2886 3565 ὀ
2909 3511 3288 3574 θεόπνευστος,
3320 3513 3442 3563 κατ’
3486 3507 3624 3573 εἶδος
3648 3509 3745 3565 τοῦ

2166 3604 2259 3659 νοῦ
2277 3603 2502 3676 πτέρυξι
2531 3606 2946 3676 ἐπεσκεψάμην,
2975 3605 3076 3658 ὅσα
3096 3620 3154 3657 τε
3185 3607 3299 3668 τοῖς
3329 3604 3494 3658 πάλαι
3526 3593 3623 3657 καὶ
3646 3605 3746 3661 ὅσα

2165 3700 2278 3761 τοῖς
2309 3697 2451 3760 νέοις
2479 3696 2843 3767 ὲφιλοσοφήθη
2862 3712 2878 3728 ο
2908 3695 3059 3750 οὐδὲν
3087 3696 3144 3750 δὲ
3175 3695 3284 3749 τῶν
3327 3694 3628 3767 ἀνθρώπων
3651 3713 3748 3748 τα-

2166 3789 2592 3860 λαιπωρότερον,
2620 3787 2766 3841 τοῦτ’
2814 3787 2928 3840 ἐστι
2969 3785 3063 3842 τοῦ
3109 3786 3445 3857 ἀνθρωπίνου
3489 3786 3604 3857 βίου
3649 3803 3746 3858 μσς·

2167 3881 2497 3954 χθηρότερον
2527 3881 2560 3952 ἢ
2615 3872 3036 3951 ἐπιπονώτερον,
3059 3880 3157 3951 οὐχ
3189 3878 3412 3943 ἑώρακα
3443 3879 3617 3947 οὐδέν.
3658 3879 3747 3936 Ἐν

2167 3975 2380 4037 τούτοις
2407 3973 2468 4027 τὸ
2503 3973 2758 4045 σάρκινον
2791 3972 3047 4045 φρόνημα
3065 3973 3509 4045 κατασμικρύνας
3527 3974 3556 4026 ὀ
3585 3990 3748 4030 mss.-

2173 4067 2399 4138 ματικὺς
2431 4065 2510 4137 τῷ
2554 4065 2668 4119 ὄντι
2701 4065 2796 4119 καὶ
2824 4065 3512 4134 κατευτελίσαςΘεολόγος,
3554 4065 3616 4119 τὸ
3657 4065 3749 4119 τοῦ

2170 4158 2480 4230 πνεύματος
2509 4157 2765 4228 φρόνημα
2794 4156 3086 4227 μεγαλύνει
3118 4157 3214 4210 καὶ
3257 4155 3488 4219 θειάζων
3521 4157 3745 4226 ἀνυψοῖο

2170 4250 2238 4303 τὰ
2264 4249 2454 4302 τούτου
2479 4248 2533 4301 δὲ
2568 4245 2709 4301 εἶναι
2731 4249 3110 4319 γνωρίσματα,
3143 4247 3206 4302 τὸ
3229 4248 3322 4302 τὸν
3361 4248 3592 4320 σταυρὸν
3619 4245 3751 4320 ἆραι

2173 4339 2430 4412 Χριστοῦ,
2480 4341 2574 4393 καὶ
2624 4339 2799 4393 ὀπίσω
2835 4338 2998 4392 αὐτοῦ
3037 4339 3096 4391 ὲν
3145 4337 3357 4409 Θλίψεσι
3415 4339 3512 4393 καὶ
3569 4339 3752 4403 πόνοις

2173 4429 2486 4484 ἀκολουθεῖν
2503 4445 2516 4459 ·
2541 4429 2601 4483 τὸ
2625 4432 2682 4482 ὲν
2703 4429 2934 4500 δάκρυσι
2962 4428 3058 4482 καὶ
3084 4431 3407 4501 στεναγμοῖς
3423 4432 3543 4494 ταῖς
3571 4430 3751 4488 ἐλπίσι

2177 4521 2602 4594 προστετηκέναι
2648 4521 2742 4575 τοῦ
2796 4521 2955 4585 Θεοῦ,
3009 4523 3103 4575 καὶ
3156 4525 3222 4593 τῇ
3274 4523 3374 4592 τῆς
3424 4522 3752 4594 ἐπουρανίας

2177 4612 2407 4685 Τριάδος
2453 4612 2656 4685 λάμψει
2705 4611 3054 4668 πεποιθέναι’
3109 4613 3205 4667 καὶ
3250 4613 3474 4666 λύεσθαι
3527 4613 3626 4683 μὲν
3658 4610 3753 4666 τοῦ

2175 4705 2366 4776 γητνου
2415 4706 2763 4776 φρονήματος
2813 4707 2876 4776 τῇ
2927 4704 3183 4774 ἁγνότητι
3230 4705 3326 4757 καὶ
3376 4704 3615 4776 ἀφθορίᾳ
3654 4703 3755 4771 τῆς

2175 4797 2402 4860 εἰκόνος,
2444 4796 2543 4868 ζῇν
2571 4797 2629 4850 δὲ
2667 4797 2765 4866 τῆς
2793 4796 3140 4869 ἀνθρωπίνης
3177 4796 3322 4865 ζωῆς
3345 4795 3494 4862 ξένον
3524 4794 3659 4864 βίον,
3686 4792 3757 4847 τὰ

2178 4886 2494 4960 ἀνθρώπινα
2520 4887 2631 4942 τῶν
2667 4887 2936 4959 οὐρανίων
2970 4887 3436 4959 διαμειϐομένους,
3466 4886 3626 4939 τοῦτο
3659 4885 3758 4956 ἑμ-

2181 4980 2340 5033 πεδον
2374 4978 2565 5050 ἀγαθῷ
2591 4979 2863 5051 ἀνθρώπῳ
2896 4979 2988 5033 καὶ
3025 4978 3243 5050 βέϐαιον
3282 4980 3376 5033 καὶ
3413 4977 3668 5048 ἀληθινὸν
3701 4978 3759 5029 ὲν

494 5073 715 5146 Χριστῷ
759 5073 933 5146 Ἰησοῦ
963 5072 1041 5144 τῷ
1061 5072 1170 5127 τῶν
1203 5072 1423 5141 ἀγαθῶν
1455 5072 1695 5144 χορηγῷ.
1733 5074 1923 5144 Ἀμήν.
1956 5074 2092 5146 Περὶ
2148 5076 2248 5146 τῆς
2311 5073 2417 5129 τῶν
2461 5075 2738 5144 παρόντων
2788 5071 3060 5135 εὐτελείας
3116 5071 3213 5125 καὶ
3263 5069 3624 5142 ματαιότητος
3675 5067 3762 5120 λό-

493 5185 591 5236 γος
629 5173 716 5221 ια’.

498 5261 796 5316 Comment.
851 5258 1188 5331 Arcquorum
1251 5258 1439 5329 Magni
1509 5259 1755 5331 Gregorii
1817 5259 2070 5329 Theologi

567 5332 867 5400 czriuinum
906 5345 925 5383 :
961 5329 1328 5384 Beatitudines
1379 5341 1430 5385 et
1475 5331 1596 5385 vitae
1622 5329 1943 5400 'spirilualis
1989 5346 2075 5383 re-

567 5401 726 5471 quie.
762 5399 945 5455 Sermo
974 5400 1337 5454 duodecimus.

572 5495 872 5562 Postquam
909 5493 1329 5548 commiseratus
1355 5500 1439 5545 est
1460 5504 1514 5547 et
1533 5491 1783 5563 despexit
1809 5493 2073 5558 humana,

2189 5257 2516 5327 Ἐξήγησις
2554 5255 2673 5308 τῶν
2703 5253 3192 5327 ἀπορῤήτειιν-τοῦ
3224 5250 3496 5327 μεγάλου
3530 5250 3761 5327 Γρηγοτ

2241 5317 2516 5396 ῥίὸὺὶοῧ
2551 5317 3037 5396 Θεολόγοὺᾎέτῶν
3061 5324 3195 5396 (68).
3224 5317 3616 5396 ’Μακαρισμοὶ
3657 5317 3757 5371 καὶ

2252 5393 2377 5464 ὅροι
2411 5393 2824 5465 πνευματικοῦ
2840 5395 3229 5464 βίου..Λόγος
3261 5393 3358 5457 ιβ’.

2252 5488 2558 5552 Ταλανίσας
2591 5488 2684 5543 καὶ
2711 5484 3167 5558 κατασμικρύνας
3196 5485 3265 5538 τά
3295 5481 3636 5554 ἀνθρώπινα,
3663 5480 3760 5534 καὶ

503 5595 556 5639 et
581 5586 746 5654 hujus
769 5587 868 5642 aevi
887 5586 1130 5656 jucunda
1152 5594 1354 5641 cuncta
1371 5585 1787 5656 parvipependit
1815 5595 2056 5656 tanquan

2180 5581 2248 5636 τὰ
2286 5579 2379 5636 τοῦ
2427 5580 2624 5643 αἰῶνος
2668 5577 2860 5632 τούτου
2889 5575 3102 5650 τερπνά
3141 5575 3318 5630 πάντα
3364 5572 3632 5642 φαυλίσας
3680 5569 3759 5633 ὡς

506 5675 784 5732 instabiha
818 5687 872 5734 et
914 5679 1160 5748 mobilia,
1203 5680 1259 5734 in
1309 5679 1512 5750 quibus
1561 5677 1849 5749 prudentia
1887 5677 2056 5733 carni:

2167 5674 2413 5756 ,ἀϐέϐαια
2449 5673 2542 5726 καὶ
2575 5671 3008 5743 εὐπερίτρεπτα,
3057 5671 3113 5724 ὲν
3143 5661 3223 5733 οἷς
3269 5667 3328 5720 τὺ
3359 5665 3614 5737 φρόνημα
3660 5660 3761 5734 τῆς

586 5829 698 5902 (68)
737 5834 916 5892 Carm.
958 5835 1049 5903 l6,
1085 5852 1137 5908 p.
1180 5836 1242 5892 9l
1277 5834 1361 5892 ed.
1392 5815 1610 5906 Co1.;p.
1649 5833 1752 5890 918
1792 5832 1876 5891 ed.
1908 5832 2241 5903 Leuvencl.;
2281 5833 2365 5890 od.
2411 5847 2535 5888 nov.
2580 5845 2632 5902 p.
2673 5827 2793 5883 487.
