4108 6376
427 417 531 473 765

426 534 629 608 σαρκὸς
655 532 916 605 κραταιού
928 547 1107 601 μενον,
1142 527 1221 599 τῷ
1240 526 1359 598 Θεῷ
1392 526 1812 581 ἀντιτάσσεσθαι
1838 527 2014 579 ἀπαυ-

425 627 723 692 θαδίζεται,
763 624 850 679 διὰ
884 623 993 676 τῶν
1024 619 1402 694 προκειμένων
1427 619 1633 673 τούτων
1667 619 1815 672 ἐπῶν
1847 620 1875 672 6
1916 635 2016 689 μα-

423 717 762 789 καριώτατος
793 713 1068 783 ίερολόγος
1106 710 1200 764 τοῦ
1230 707 1586 779 εὐαγγελικοῦ
1618 708 1785 778 νόμου
1816 708 1882 761 τὰ
1925 723 2014 763 κε-

422 812 626 880 φάλαια
667 810 763 861 καὶ
802 806 897 859 τοῦ
936 805 1280 876 φρονήματος
1309 802 1405 855 τοῦ
1453 801 1766 872 πνεύματος
1799 800 1898 870 τὴν
1933 801 2015 862 εἰς

428 902 515 955 ἀεὶ
543 899 905 970 διαμένουσαν
933 896 1089 959 δόξαν
1129 891 1437 962 ὑπαυγάζει
1472 892 1565 946 καὶ
1598 891 1695 961 τὴν
1733 891 1907 961 ἰσχὺν,
1934 886 2013 959 τῷ

425 988 847 1061 θεαρχικωτάτῳ
886 987 984 1057 μὲν
1026 984 1206 1055 Ἰησοῦ
1237 983 1558 1055 όμοφρόνως
1590 983 1686 1035 καὶ
1711 980 2013 1052 ὁμοφώνως

427 1080 770 1153 μακαρίζων,
812 1080 908 1132 καὶ
937 1077 1166 1149 πλήρεις
1195 1076 1419 1145 ἀγαθῶν
1460 1073 1853 1146 ἀνακηρύττων
1884 1073 2013 1135 τοὺς

422 1175 482 1227 ὲν
530 1172 759 1243 ἀληθείᾳ
798 1168 1009 1234 ζῶντας
1054 1169 1088 1240 ἢ
1132 1168 1398 1239 ζήσοντας
1441 1166 1558 1238 (οὒς
1605 1167 1860 1230 κάκεῖνος
1912 1162 2009 1219 τοῦ

428 1262 760 1334 Εὐαγγελίου
810 1260 1220 1331 καταρχόμενος
1266 1259 1603 1328 ὲμακάρισεν
1647 1259 1675 1310 6
1728 1256 2010 1326 Χριστὸς),

424 1357 583 1427 ὅρους
613 1356 669 1408 δὲ
701 1354 777 1425 τῷ
805 1354 919 1408 ὄντι
949 1351 1319 1422 πνευματικοῦ
1345 1350 1459 1421 βίου
1488 1352 1582 1404 καὶ
1611 1351 1814 1404 τελείου
1844 1349 2011 1413 τιθεὶς

427 1443 607 1514 ἑαυτῷ
638 1443 739 1514 τῆς
786 1445 844 1496 ὲν
886 1442 1077 1511 κόσμῳ
1121 1439 1216 1493 καὶ
1256 1440 1335 1510 τῷ
1376 1439 1588 1510 σώματι
1619 1439 1794 1509 τούτῳ
1826 1438 2007 1510 ζωῆς,

428 1536 516 1589 ἴνα
548 1536 643 1588 καὶ
670 1535 768 1605 τὴν
808 1534 1025 1605 ποίησιν
1050 1534 1145 1586 καὶ
1182 1532 1280 1603 τὴν
1313 1532 1514 1595 δίδαξιν
1545 1533 1642 1602 τῆς
1673 1534 2010 1604 Δεσποτικῆς

426 1629 805 1700 παραδείξειεν
859 1626 1101 1696 ἐντολῆς,
1139 1620 1221 1689 οἷς
1267 1627 1295 1679 ὁ
1340 1626 1529 1694 Μέγας
1578 1625 1799 1696 κληθεὶς
1843 1628 1900 1679 ὲν
1939 1630 2005 1698 τῇ

422 1721 531 1773 τῶν
558 1720 805 1792 οὐρανῶν
847 1720 1097 1790 βασιλεία
1133 1718 1317 1787 σαφῶς
1352 1720 1853 1790 χαρακτηρίζεται·
1890 1719 2010 1773 ἴδω-

426 1831 526 1885 μεν
565 1811 621 1865 δὲ
669 1810 1095 1882 κεκομψευμένῃ
1144 1808 1285 1873 λέξει
1318 1808 1417 1881 τὴν
1443 1810 1804 1882 εὐαγγελικὴν
1834 1810 2007 1864 θεολο-

422 1906 568 1979 γίαν,

427 2024 686 2087 Ὄλϐιος,
712 2019 883 2085 ὅστις
914 2016 1140 2086 ἔρημον
1166 2017 1292 2087 ἔχει
1310 2018 1477 2082 βίον,
1508 2036 1562 2072 κ.
1595 2035 1644 2071 τ.
1675 2018 1722 2071 λ.

493 2128 663 2199 Οὗτος
694 2134 881 2205 ἔμοιγε
913 2130 1146 2207 πρώτως
1178 2133 1415 2204 ὑπάρχει
1449 2132 1807 2204 μακαριστὸς,
1836 2135 1864 2185 ό
1888 2132 2006 2185 θεο-

428 2225 897 2298 μακαριστότατος·
973 2223 1326 2293 θεοφθόγγοις
1399 2222 1588 2276 ἔπεσιν
1651 2223 2011 2290 ἀποφαίνεται

426 2320 747 2390 Γρηγόριος,
778 2316 837 2381 ὃς
866 2316 959 2371 τοῦ
994 2316 1224 2388 ματαίου
1255 2316 1365 2369 τῶν
1395 2314 1696 2388 ἀνθρώπων
1728 2316 1841 2385 βίου
1874 2316 2011 2369 ὑπα-

424 2409 846 2482 νακεχωρηκὼς,
872 2409 1104 2480 ἄμικτόν
1128 2426 1188 2461 τε
1213 2407 1307 2462 καὶ
1334 2406 1695 2477 ἀκοινώνητον
1720 2408 1857 2479 πρὸς
1884 2408 2011 2461 ἀσε-

426 2502 543 2565 ϐεῖς
575 2502 668 2555 καὶ
699 2502 1059 2572 ἁμαρτωλοὺς
1087 2499 1329 2563 διαϐιοὺς
1359 2498 1491 2569 βίον,
1525 2499 1727 2552 ὲθέωσε
1760 2499 1851 2553 τὸν
1883 2500 2009 2552 ἐαυ-

425 2595 522 2649 τοῦ
559 2595 683 2648 νοῦν
717 2594 1005 2664 ἀκράντοις
1042 2592 1260 2662 ἐφέσεσι
1286 2595 1406 2656 ταῖς
1444 2592 1582 2663 πρὸς
1624 2592 1713 2645 τὸν
1745 2591 1878 2645 Θεὸν
1916 2592 2010 2645 καὶ

423 2686 665 2757 ὁμιλίαις
690 2702 705 2717 ⁸
738 2686 1008 2756 μακάριος
1041 2684 1099 2736 δὲ
1132 2685 1225 2738 καὶ
1253 2684 1311 2747 ὃς
1341 2684 1543 2754 μεταξὺ
1574 2684 1682 2735 τῶν
1707 2683 2010 2754 ἀνθρώπων

425 2778 504 2849 τῷ
528 2778 679 2849 τόπῳ
704 2779 798 2831 καὶ
823 2777 901 2847 τῷ
930 2776 1145 2847 σώματι
1173 2775 1645 2846 ἀναστρεφόμενος
1668 2816 1683 2840 ,
1711 2777 1777 2846 τῇ
1818 2776 2010 2828 εὐστα-

426 2872 549 2943 θείᾳ
596 2870 691 2925 τοῦ
734 2870 826 2925 νοῦ
867 2872 928 2923 τὸ
982 2870 1236 2941 μονάζειν
1278 2867 1716 2938 κατωρθώσατο,
1766 2869 1860 2923 καὶ
1901 2870 2010 2922 τῶν

427 2966 689 3038 μυσαρῶν
721 2966 1172 3037 ἐπιτηδευμάτων
1195 2964 1725 3035 ἀπαλλοτριούμενος
1751 2965 1879 3035 ὃλην
1920 2966 2011 3018 αὐ-

422 3059 517 3113 τοῦ
543 3058 643 3130 τὴν
664 3059 893 3130 καρδίαν
921 3058 1009 3112 διὰ
1038 3058 1347 3128 προσευχῆς
1384 3057 1587 3128 συνῆψε
1617 3057 1694 3128 τῷ
1721 3057 1858 3129 Θεῷ.
1891 3060 2012 3112 Μα-

425 3156 634 3225 κάριος,
669 3152 727 3215 ὃς
750 3152 970 3205 πάντων
992 3145 1067 3204 ὧν
1093 3168 1222 3203 ποτε
1258 3147 1370 3220 εἶχε
1398 3150 1696 3220 κτημάτων
1727 3151 1759 3222 ἢ
1794 3151 2012 3222 χρημά-

420 3265 530 3302 των
571 3247 922 3316 ἀντωνήσατο
966 3243 1233 3315 Χριστὸν,
1268 3244 1365 3297 καὶ
1407 3243 1568 3314 μόνον
1611 3243 1788 3313 ἑαυτῷ
1820 3243 2009 3297 ὑπελί-

424 3354 556 3391 πετο
606 3336 795 3406 κτῆμα
843 3333 935 3387 τὸν
986 3334 1242 3404 σταυρὸν,
1287 3326 1333 3400 ᾧ
1377 3333 1470 3387 καὶ
1514 3334 1597 3404 ζῇ,
1639 3335 1734 3388 καὶ
1779 3334 2012 3387 ἐπὶτῶν

421 3426 587 3497 ὤμων
620 3425 758 3496 ἄρας
789 3422 926 3492 ὑψοῦ
950 3462 963 3487 ,
1007 3424 1447 3493 ἀμεταστρεπτεὶ
1486 3424 1564 3494 τῷ
1606 3426 2011 3496 ὲσταυρωμένῳ

423 3517 727 3575 ἀκολουθεῖ.
761 3516 1051 3586 Μακάριος
1078 3516 1172 3568 καὶ
1203 3515 1259 3579 ὃς
1293 3516 1401 3567 τῶν
1430 3515 1688 3585 καθαρῶς
1725 3516 1876 3587 αὑτῴ
1916 3518 2011 3571 καὶ

421 3610 648 3672 δικαίως
677 3607 1209 3679 προσγεγενημένων
1238 3608 1484 3679 κτήσεων
1516 3606 1703 3676 κύριος
1732 3607 1829 3672 ῶν,
1854 3612 2013 3681 χεῖρα

421 3700 559 3755 Θεοῦ
605 3700 985 3769 φιλάνθρωπον
1021 3701 1312 3769 μιμεῖται,
1354 3702 1468 3762 τοῖς
1519 3699 1754 3754 ἐνδεέσιν
1811 3702 2011 3773 ἱλαρῶς

422 3793 940 3863 ἐπιδαψιλευόμενος
970 3833 984 3857 ,
1037 3793 1134 3845 καὶ
1186 3793 1246 3844 ὲν
1295 3795 1408 3855 τοῖς
1463 3792 1768 3863 ἀλλοτρίοις
1820 3795 2011 3858 πιστὸς

422 3880 909 3953 ἀποδεικνύμενος,
938 3880 1035 3934 καὶ
1056 3881 1133 3944 ῶς
1163 3881 1427 3951 φρόνιμος
1456 3882 1739 3951 οἰκονόμος
1765 3885 2014 3937 ἐπαινού-

421 3992 603 4046 μενος.
656 3973 802 4045 Πρὸς
826 3972 1038 4036 τούτοις
1073 3973 1346 4043 μακάριος
1386 3974 1415 4026 6
1457 3973 1549 4026 τὸν
1592 3974 1923 4045 παρθενικὸν
1954 3994 2012 4029 τε

419 4069 516 4120 καὶ
546 4068 723 4135 ἄζυγα
757 4065 867 4119 τῶν
910 4065 1281 4136 μακαρτάτων
1331 4066 1720 4136 μεμιμημένος
1783 4067 2008 4136 τρόπον⁹

419 4160 470 4213 οἳ
497 4159 599 4229 τῆς
638 4157 842 4229 σαρκὸς
872 4159 1054 4211 πᾶσαν
1080 4157 1379 4211 εὐπάθειαν
1409 4158 1504 4210 καὶ
1532 4158 1743 4229 τρυφὴν
1782 4160 2011 4213 ἀποσει-

421 4248 677 4320 σάμενοι,
722 4250 791 4318 τῇ
841 4246 950 4299 τῶν
991 4246 1181 4300 παθῶν
1228 4248 1399 4318 αὐτῆς
1435 4248 1812 4321 ἀπονεκρώσει
1844 4252 2007 4319 ἐγγὺς

415 4341 519 4411 τῆς
555 4338 716 4407 ἁγίας
734 4338 1002 4409 Θεότητος
1031 4339 1089 4391 ἐν
1111 4336 1189 4409 τῷ
1215 4337 1489 4409 πνεύματι
1513 4340 1858 4411 γεγένηνται.
1891 4344 2012 4396 Μα-

417 4431 607 4500 κάριος
654 4430 749 4481 καὶ
795 4419 953 4489 οὗτος
992 4427 1111 4497 μετ’
1158 4427 1405 4491 ἐκείνους
1447 4430 1476 4481 6
1518 4428 1740 4499 θεσμοῖς
1782 4432 1880 4499 μὲν
1913 4430 2008 4482 τοῦ

415 4520 596 4589 γάμου
644 4517 739 4570 καὶ
781 4517 967 4586 νόμοις
1015 4517 1152 4587 πρὸς
1184 4517 1365 4585 ὀλίγον
1400 4517 1682 4583 ύπενδοὺς,
1716 4519 1810 4573 καί
1837 4537 1902 4588 γε
1947 4519 2010 4573 τὸ

415 4612 578 4683 χρέος
611 4610 716 4679 τῆς
755 4609 1107 4673 παιδοποιίας
1156 4609 1640 4679 ἀφοσιωσάμενος,
1688 4611 1788 4681 τὴν
1838 4613 2008 4666 πλείω

414 4705 471 4759 δὲ
510 4704 706 4774 μοῖραν
739 4700 831 4755 τοῦ
863 4700 1062 4774 ἔρωτος
1088 4700 1396 4772 θυσάμενος
1420 4702 1664 4773 Χριστῷ.
1692 4703 2005 4773 Μακάριος,

414 4794 472 4857 ὃς
515 4793 577 4846 τὸ
614 4792 815 4863 κράτος
858 4792 953 4845 καὶ
995 4791 1097 4861 τὴν
1131 4791 1389 4857 ἐξουσίαν
1434 4793 1857 4863 ἀναδεδεγμένος
1911 4797 2005 4850 τοῦ

413 4885 545 4939 λαοῦ
578 4883 669 4939 διὰ
698 4882 792 4936 τοῦ
825 4883 924 4953 τῆς
949 4882 1101 4948 θείας
1140 4885 1423 4957 ἱεραρχίας
1458 4885 1851 4956 καθηγεῖσθαι,
1887 4892 2007 4953 ταῖς

415 4977 813 5046 εὐαγεστάταις
848 4977 943 5030 καὶ
971 4978 1146 5048 ἱεραῖς
1185 4977 1591 5048 τελετουργίαις
1633 4979 1724 5033 τὸν
1773 4982 2007 5052 Χριστὸν

413 5072 526 5132 τοῖς
553 5068 865 5139 ἀνθρώποις
894 5070 1253 5123 καταλλάττει
1275 5068 1369 5121 καὶ
1389 5069 2005 5145 ἐξιλεοῦται.Μακάριος

410 5161 468 5217 δέ
490 5162 584 5215 καὶ
611 5156 787 5224 οὗτος,
817 5160 877 5225 ὃς
900 5161 961 5213 ού
993 5161 1250 5230 ποιμένος
1282 5160 1314 5231 ἢ
1350 5161 1559 5233 πατρὸς
1592 5161 1747 5232 λόγον
1769 5164 2002 5235 ἐπέχων,

411 5255 601 5307 τέκνον
629 5254 687 5307 δὲ
710 5256 812 5325 τῆς
859 5252 1187 5323 Ἐκκλησίας
1218 5253 1313 5305 καὶ
1340 5254 1438 5324 τῆς
1469 5255 1707 5325 ποίμνης
1736 5257 2003 5328 ἐξοχώτα-

413 5364 503 5410 τος
545 5346 621 5399 ῶν
648 5387 664 5413 ,
703 5346 781 5409 ὡς
830 5346 934 5416 τὴν
965 5345 1071 5398 τῶν
1116 5345 1405 5416 προνόμων
1453 5345 1639 5417 χώραν
1680 5346 1860 5418 λαχὼν
1912 5348 2005 5401 καὶ

412 5441 522 5493 τῶν
550 5440 860 5511 ὑφειμένων
910 5439 1356 5511 καθηγούμενος,
1401 5439 1627 5511 θρέμμα
1667 5440 2003 5497 τελειότατον

414 5531 651 5604 ὑπάρχει
675 5531 938 5602 Χριστοῦ.
965 5531 1239 5603 Ἐτιπρὸς
1260 5534 1375 5595 τοῖς
1397 5532 1708 5604 εἰρημένοις
1734 5534 2005 5606 μακάριος

414 5624 493 5698 τῷ
513 5625 629 5681 ὄντι
653 5625 749 5677 καὶ
782 5622 1045 5694 ζηλωτὸς,
1075 5624 1132 5688 ὃς
1164 5624 1556 5695 καθαρωτάτου
1588 5626 1681 5677 καὶ
1706 5625 2002 5693 ἀγνοτάτου

417 5717 535 5787 νοὸς
569 5721 769 5789 ὲρωαῖς
804 5718 899 5772 καὶ
929 5720 1269 5790 ὁρμημασιν,
1297 5721 1416 5791 ἤτοι
1447 5722 1661 5791 νοεραῖς
1697 5719 1954 5790 θεωρίαις
1986 5760 2000 5787 ,

413 5813 524 5865 τῶν
550 5813 958 5885 ύπερουρανίων
988 5812 1082 5867 καὶ
1107 5811 1403 5884 ἁφράστων
1427 5814 1522 5882 τῆς
1544 5812 1774 5884 Τριάδος
1799 5813 2001 5884 ἐλλάμ-

414 5906 560 5980 ψεωθ
585 5906 652 5962 τὰ
685 5907 854 5981 κάλλη
882 5907 974 5964 καὶ
999 5906 1095 5971 τὰς
1111 5907 1500 5981 λαμπρότητας
1522 5908 1998 5982 καταστράπτεται

1450 402 1517 458 IN
1557 402 1862 459 CARMINA
1902 400 2177 459 Ali‘CANA
2220 399 2279 455 S’.
2321 394 2674 454 GREGORII.

3601 382 3707 443 766

2119 523 2419 594 praevalens
2479 520 2591 575 Deo
2646 516 2909 572 resistere
2953 512 3187 584 superbe
3240 511 3552 576 contendit,
3611 528 3708 583 pr:

2116 613 2285 666 allata
2320 610 2567 665 carmina
2614 607 2718 662 ista
2772 604 3129 660 beatissimus
3173 616 3271 673 pro
3306 601 3417 655 Deo
3441 604 3709 657 sermoci-

2115 713 2281 761 nator
2310 700 2652 771 Evangelicm
2680 698 2817 769 legis
2846 696 3027 767 capita
3058 702 3114 750 et
3143 693 3448 764 prudentiae
3476 693 3707 763 spiritus

2116 797 2348 869 gloriam
2382 795 2438 849 in
2476 802 2744 849 aeternum
2780 797 3092 844 manentem
3121 787 3377 855 illustrat
3415 792 3471 839 et
3512 786 3705 848 robur,

2114 889 2451 959 cogitatione
2480 885 2701 957 quidem
2736 881 2929 937 eadem
2965 888 3019 935 et
3043 894 3177 934 voce
3222 892 3330 948 qua
3375 891 3590 932 summe
3620 877 3706 930 di-

2110 983 2276 1037 vinus
2308 980 2494 1042 Jesus,
2528 975 2804 1033 beatiticat
2834 987 2886 1030 et
2921 974 3083 1029 bonis
3121 970 3468 1027 abundantes
3502 968 3705 1040 pracdi-

2112 1083 2203 1128 eat
2231 1073 2357 1129 illos
2393 1071 2493 1142 qui
2540 1072 2600 1124 in
2642 1069 2872 1122 veritate
2904 1065 3190 1119 ambulant
3218 1071 3272 1118 et
3322 1062 3702 1124 ambulabunt,

2112 1181 2251 1237 quos
2308 1172 2363 1220 et
2423 1165 2542 1234 ipse
2610 1160 2963 1231 Evangelium
3040 1156 3308 1210 inchoans
3373 1153 3705 1209 beatifi‘cavit

2111 1258 2389 1319 Christus,
2425 1254 2646 1326 regulas
2685 1267 2813 1307 vere
2857 1249 3160 1320 spiritualis
3204 1256 3259 1302 et
3302 1247 3556 1317 perfecta:
3581 1246 3706 1300 vitae

2111 1365 2428 1423 proponens
2460 1348 2561 1403 sibi
2596 1347 2650 1400 in
2686 1345 2884 1400 diebus
2913 1342 3079 1412 hujus
3111 1339 3299 1394 mundi
3334 1347 3389 1395 et
3420 1337 3696 1407 corporis.

2114 1453 2176 1500 ut
2217 1443 2507 1498 facientem
2554 1440 2954 1508 docentemque
3006 1434 3293 1491 Dominica
3339 1432 3599 1488 mandata
3642 1447 3704 1486 se

2110 1536 2425 1594 ostenderet
2455 1555 2467 1589 :
2507 1534 2591 1588 his
2616 1531 2846 1601 Magnus
2877 1538 3107 1585 vocatus
3136 1529 3203 1582 ad
3235 1542 3404 1597 regna
3433 1525 3702 1580 cmlorum

2110 1637 2299 1697 aperte
2331 1626 2693 1695 significatur.
2726 1620 3025 1677 Videamus
3054 1620 3222 1693 igitur
3245 1625 3468 1687 compto
3482 1614 3703 1686 eloquio

2109 1719 2486 1790 evangelicum
2527 1728 2856 1771 sermonem.

2119 2024 2315 2079 Beatus
2344 2025 2433 2094 qui
2462 2023 2519 2077 in
2544 2022 2834 2077 solitudine
2863 2020 3026 2093 degit,
3058 2029 3164 2077 etc.

2184 2137 2277 2191 Ille
2318 2135 2451 2189 mihi
2498 2134 2677 2206 primo
2722 2134 2916 2189 beatus
2962 2139 3211 2203 apparet,
3267 2130 3509 2185 declarat
3570 2142 3705 2184 voce

2113 2229 2224 2284 Deo
2258 2229 2421 2300 digna
2457 2227 2778 2297 Gregorius,
2820 2226 3137 2281 beatudinis
3170 2223 3372 2278 divinae
3391 2222 3551 2277 valde
3574 2238 3702 2291 par-

2113 2323 2310 2391 ticeps,
2342 2320 2435 2391 qui
2465 2334 2496 2372 a
2529 2334 2669 2372 vana
2694 2317 2982 2372 hominum
3016 2317 3125 2369 vita
3157 2314 3428 2385 gradatim
3460 2320 3701 2366 retroce-

2111 2415 2269 2481 dens,
2304 2429 2365 2469 se
2408 2428 2517 2467 non
2560 2411 2819 2481 iungens,
2871 2410 3122 2480 nihilque
3164 2422 3457 2463 commune
3493 2406 3702 2461 habens

2111 2523 2235 2563 cum
2284 2505 2471 2576 impiis
2528 2512 2694 2574 atque
2753 2502 3160 2574 peccatoribus,
3203 2500 3371 2554 vitam
3426 2498 3603 2562 duxit,
3649 2506 3703 2552 et

2112 2601 2264 2672 puris
2303 2599 2595 2656 desideriis
2642 2598 2709 2653 ad
2765 2596 2932 2653 Deum
2990 2604 3158 2666 atque
3213 2592 3494 2649 consortio
3544 2606 3699 2647 suam

2109 2694 2387 2750 deiﬁcavit
2418 2701 2679 2748 mentem.
2718 2692 2918 2747 Beatus
2950 2701 3004 2746 et
3041 2689 3132 2759 qui
3186 2688 3329 2743 inter
3379 2686 3631 2741 homines
3671 2699 3700 2736 a

2111 2790 2232 2842 loco
2258 2796 2313 2843 et
2342 2801 2577 2856 corpore
2608 2801 2668 2841 se
2707 2783 3041 2841 subtrahens
3072 2781 3138 2835 ad
3181 2781 3325 2835 bona
3356 2779 3584 2849 spiritus
3615 2778 3701 2830 in-

2110 2879 2307 2944 tendit,
2363 2875 2717 2932 solitudinem
2770 2873 3002 2928 feliciter
3054 2868 3295 2924 obtinuit
3343 2875 3397 2923 et
3450 2882 3481 2921 a
3545 2865 3703 2920 dete-

2110 2971 2327 3028 standis
2354 2968 2711 3039 apparatibus
2734 2966 2949 3019 alienus
2983 2962 3183 3027 factus,
3211 2968 3381 3015 totum
3417 2975 3514 3013 cor
3537 2973 3699 3012 suum

2110 3080 2206 3133 per
2230 3076 2424 3132 preces
2463 3059 2572 3114 Deo
2602 3057 2910 3128 conjunxit.
2947 3053 3148 3108 Beatus
3180 3053 3273 3122 qui
3306 3050 3552 3105 omnium
3582 3063 3704 3117 quae

2110 3153 2305 3211 habuit
2330 3151 2747 3222 possessionum
2788 3156 2882 3201 aut
2915 3146 3185 3199 bonorum
3220 3143 3395 3214 pretio
3418 3143 3700 3195 Christum

2109 3242 2404 3313 acquisivit
2435 3249 2492 3295 et
2522 3240 2628 3295 sibi
2669 3238 2771 3307 ipsi
2809 3237 2982 3291 solam
3026 3234 3432 3306 possessionem
3477 3245 3700 3285 crucem

2111 3333 2355 3402 reliquit,
2391 3331 2480 3385 cui
2512 3338 2567 3385 et
2611 3329 2764 3393 vivit,
2799 3342 2964 3395 quam
3012 3333 3065 3379 et
3115 3339 3280 3394 super
3305 3324 3564 3377 humeros
3591 3321 3701 3375 alte

2112 3427 2311 3480 tollens
2350 3438 2451 3478 nec
2506 3430 2653 3476 retro
2702 3420 2981 3489 aspiciens
3025 3418 3351 3472 crucilixum
3412 3415 3698 3484 sequitur.

2110 3519 2312 3573 Beatus
2368 3524 2423 3571 et
2474 3514 2570 3584 qui
2620 3514 2890 3567 bonorum
2931 3525 3055 3579 qua:
3124 3509 3230 3579 ipsi
3273 3508 3595 3576 incorrupte
3646 3513 3701 3560 et

2103 3611 2253 3679 juste
2277 3606 2585 3679 superadjet
2606 3614 2658 3658 ta
2691 3612 2820 3659 sunt
2852 3603 3113 3656 dominus
3134 3641 3149 3664 ,
3193 3615 3414 3654 mamnn
3448 3598 3541 3654 Dei
3569 3614 3699 3669 erga

2108 3701 2365 3756 homines
2409 3698 2721 3752 munificam
2772 3695 3042 3757 imitatur,
3084 3692 3377 3763 egentibus
3421 3690 3613 3745 hilaris
3645 3699 3701 3744 et

2110 3796 2294 3866 largus
2329 3793 2490 3847 dator
2520 3798 2574 3845 et
2618 3790 2673 3843 in
2710 3788 2905 3843 alienis
2949 3787 3123 3841 fidelis
3159 3786 3441 3847 inventus,
3489 3792 3543 3837 et
3575 3790 3700 3837 tan-

2110 3902 2272 3957 qnam
2298 3884 2541 3955 prudens
2581 3881 2803 3937 villicus
2850 3880 3127 3934 laudatus.
3164 3879 3343 3947 Super
3375 3878 3460 3931 his
3506 3878 3699 3932 beatus

2108 3980 2203 4050 qui
2234 3976 2558 4046 virginalem
2590 3983 2646 4029 et
2680 3973 2934 4028 cmlibem
2971 3972 3418 4027 beatissimorum
3453 3971 3699 4024 imitatus

2106 4080 2194 4127 est
2222 4084 2454 4133 morem,
2487 4067 2584 4137 qni
2618 4066 2805 4120 carnis
2844 4065 3302 4120 consuetudinem
3345 4079 3563 4117 omnem
3601 4062 3701 4116 de-

2107 4158 2375 4228 liciasque
2421 4156 2762 4225 abiecerunt,
2809 4163 2863 4211 et
2910 4155 3097 4210 carnis
3136 4156 3471 4224 voluptatem
3507 4151 3699 4207 morti-

2111 4250 2362 4305 ficatione
2386 4248 2619 4319 proximi
2653 4247 2966 4302 Divinitatis
3010 4249 3316 4302 castitatem
3356 4246 3595 4300 amantis
3640 4245 3695 4298 in

2110 4344 2305 4412 Spiritu
2337 4340 2469 4395 facti
2502 4351 2651 4396 sunt.
2679 4339 2880 4397 Beatus
2907 4348 2960 4396 et
2986 4349 3110 4410 post
3141 4341 3277 4396 istos
3300 4342 3392 4409 qui
3422 4354 3453 4392 a
3486 4337 3696 4408 legibus

2108 4436 2468 4505 moribusque
2512 4435 2845 4489 matrimonii
2882 4433 2952 4489 ad
2990 4434 3264 4489 modicum
3293 4442 3511 4503 tempus
3546 4446 3697 4486 rece-

2107 4527 2266 4589 dens,
2304 4528 2548 4582 debitum
2599 4527 2808 4597 prolem
2862 4527 3157 4597 generandi
3207 4526 3435 4581 remittit
3475 4535 3530 4579 et
3578 4541 3696 4579 ma-

2102 4622 2281 4691 jorem
2313 4620 2521 4675 amoris
2552 4627 2762 4688 partem
2789 4620 3011 4676 Christo
3034 4628 3343 4675 consecrat.
3375 4620 3573 4675 Beatus
3600 4619 3694 4689 qui

2107 4713 2434 4769 auctoritate
2467 4723 2522 4767 et
2553 4721 2827 4780 potestate
2860 4729 3027 4783 super
3072 4714 3334 4783 populum
3377 4722 3602 4783 accepta
3634 4720 3695 4766 ut

2106 4804 2270 4859 ducat
2324 4820 2421 4874 per
2472 4804 2856 4860 sanctissimas
2904 4806 3278 4876 mysticasque
3328 4805 3526 4859 divinae
3581 4805 3695 4857 bie-

2105 4895 2339 4951 rarchia:
2386 4895 2734 4965 disciplinas,
2781 4895 3004 4950 Christo
3066 4896 3383 4950 reconciliat
3418 4895 3692 4958 homines,

2109 4987 2559 5057 Salvatoremque
2622 4987 2914 5057 propitium
2973 4985 3172 5042 reddit.
3240 4987 3439 5042 Beatus
3488 4995 3541 5042 et
3605 4988 3695 5042 ille

2105 5081 2196 5150 qui
2235 5078 2475 5150 pastoris
2520 5086 2614 5131 aut
2653 5078 2827 5146 patris
2863 5093 3068 5133 morem
3108 5095 3215 5133 non
3257 5081 3521 5143 retinens,
3548 5079 3695 5134 tilius

2105 5168 2365 5225 Ecclesiae
2389 5175 2445 5223 et
2465 5167 2629 5224 ovilis
2655 5169 2971 5239 prmcellens
2994 5178 3103 5235 est,
3132 5171 3462 5241 optimarum
3488 5186 3694 5240 pascua

2105 5263 2290 5317 ovium
2324 5261 2535 5316 invenit
2579 5267 2635 5315 et
2682 5261 2987 5317 imbecilles
3034 5263 3206 5328 ducit,
3256 5262 3695 5334 perfectissimus

2106 5352 2223 5422 ipse
2254 5351 2513 5406 alumnus
2541 5350 2773 5406 Christi.
2815 5350 2912 5407 His
2941 5353 3104 5408 dictis
3128 5354 3323 5409 beatus
3354 5353 3537 5408 adhuc
3564 5368 3694 5408 vere

2103 5451 2159 5499 et
2187 5442 2388 5513 dignus
2416 5443 2508 5497 cui
2557 5442 2889 5507 invideatur,
2929 5446 3024 5512 qui
3076 5444 3449 5509 mundissimi,
3484 5456 3537 5500 et
3567 5461 3692 5502 cas-

2102 5534 2304 5590 tissimi
2332 5534 2559 5605 spiritus
2594 5536 2888 5592 ardoribus
2908 5545 2963 5594 et
2987 5539 3278 5596 conatibus
3308 5548 3404 5593 aut
3433 5540 3692 5609 spiritua-

2103 5628 2248 5684 libus
2303 5627 2752 5684 meditationibus
2822 5629 3111 5687 Trinitatis
3158 5631 3689 5703 magnificentiarunt

2104 5734 2271 5790 super
2292 5720 2464 5775 caelos
2494 5728 2548 5775 et
2583 5736 2749 5790 super
2786 5738 3004 5778 omnem
3037 5738 3343 5779 sermonem
3380 5723 3692 5793 pulchritu-

2106 5813 2264 5867 dines
2312 5820 2367 5866 et
2420 5811 2742 5882 splendores
2780 5822 3058 5871 scrutatur
3101 5824 3156 5868 ct
3206 5824 3454 5886 penetrat
3487 5816 3691 5869 lumine

2105 5907 2290 5965 divino
2344 5906 2737 5965 circumfusus.
2766 5909 2972 5967 Beatus
3006 5918 3056 5965 ct
3111 5911 3201 5980 qui
3249 5924 3475 5982 operose
3527 5912 3687 5970 bene.
