  <div class='ocr_page' id='page_1' title='image "/cluster/home/n/w/nwhite01/storage/ocr_20150623/38/nnc1.0046978500/407.png"; bbox 0 0 4164 6350; ppageno 0'>
   <div class='ocr_carea' id='block_1_1' title="bbox 394 365 501 424">
    <p class='ocr_par' dir='ltr' id='par_1_1' title="bbox 394 365 501 424">
     <span class='ocr_line' id='line_1_1' title="bbox 394 365 501 424; baseline -0.028 0"><span class='ocrx_word' id='word_1_1' title='bbox 394 365 501 424; x_wconf 77' lang='grc'><strong>⁸167</strong></span> 
     </span>
    </p>
   </div>
   <div class='ocr_carea' id='block_1_2' title="bbox 394 490 1977 557">
    <p class='ocr_par' dir='ltr' id='par_1_2' title="bbox 394 490 1977 557">
     <span class='ocr_line' id='line_1_2' title="bbox 394 490 1977 557; baseline 0.009 -17"><span class='ocrx_word' id='word_1_2' title='bbox 394 503 504 557; x_wconf 81' lang='lat' dir='ltr'><strong>que</strong></span> <span class='ocrx_word' id='word_1_3' title='bbox 532 490 783 544; x_wconf 84' lang='lat' dir='ltr'><strong>mandata</strong></span> <span class='ocrx_word' id='word_1_4' title='bbox 828 507 1054 549; x_wconf 87' lang='lat' dir='ltr'><strong>servans</strong></span> <span class='ocrx_word' id='word_1_5' title='bbox 1085 494 1338 550; x_wconf 86' lang='lat' dir='ltr'><strong>manibus</strong></span> <span class='ocrx_word' id='word_1_6' title='bbox 1383 495 1724 552; x_wconf 68' lang='lat' dir='ltr'><strong>incessanter</strong></span> <span class='ocrx_word' id='word_1_7' title='bbox 1766 496 1977 555; x_wconf 81' lang='lat' dir='ltr'><strong>laborat</strong></span> 
     </span>
    </p>
   </div>
   <div class='ocr_carea' id='block_1_3' title="bbox 396 578 1978 657">
    <p class='ocr_par' dir='ltr' id='par_1_3' title="bbox 396 578 1978 657">
     <span class='ocr_line' id='line_1_3' title="bbox 396 578 1978 657; baseline 0.008 -27"><span class='ocrx_word' id='word_1_8' title='bbox 396 587 451 630; x_wconf 90' lang='lat' dir='ltr'><strong>et</strong></span> <span class='ocrx_word' id='word_1_9' title='bbox 490 578 667 646; x_wconf 84' lang='lat' dir='ltr'><strong>ipsum</strong></span> <span class='ocrx_word' id='word_1_10' title='bbox 703 595 978 634; x_wconf 78' lang='lat' dir='ltr'><strong>sumntum</strong></span> <span class='ocrx_word' id='word_1_11' title='bbox 1029 599 1211 652; x_wconf 76' lang='lat' dir='ltr'><strong>regem</strong></span> <span class='ocrx_word' id='word_1_12' title='bbox 1257 585 1536 640; x_wconf 85' lang='lat' dir='ltr'><strong>Christum</strong></span> <span class='ocrx_word' id='word_1_13' title='bbox 1562 587 1820 657; x_wconf 78' lang='lat' dir='ltr'><strong>operibus</strong></span> <span class='ocrx_word' id='word_1_14' title='bbox 1862 586 1978 642; x_wconf 82' lang='lat' dir='ltr'><strong>suis</strong></span> 
     </span>
    </p>
   </div>
   <div class='ocr_carea' id='block_1_4' title="bbox 396 667 1978 749">
    <p class='ocr_par' dir='ltr' id='par_1_4' title="bbox 396 667 1978 749">
     <span class='ocr_line' id='line_1_4' title="bbox 396 667 1978 749; baseline 0.011 -32"><span class='ocrx_word' id='word_1_15' title='bbox 396 667 670 736; x_wconf 67' lang='lat' dir='ltr'><strong>glorilicat</strong></span> <span class='ocrx_word' id='word_1_16' title='bbox 693 678 748 724; x_wconf 86' lang='lat' dir='ltr'><strong>et</strong></span> <span class='ocrx_word' id='word_1_17' title='bbox 783 673 970 731; x_wconf 80' lang='lat' dir='ltr'><strong>multis</strong></span> <span class='ocrx_word' id='word_1_18' title='bbox 999 677 1260 732; x_wconf 79' lang='lat' dir='ltr'><strong>statuitur</strong></span> <span class='ocrx_word' id='word_1_19' title='bbox 1298 679 1602 749; x_wconf 89' lang='lat' dir='ltr'><strong>spiritualls</strong></span> <span class='ocrx_word' id='word_1_20' title='bbox 1640 680 1766 736; x_wconf 70' lang='lat' dir='ltr'><strong>vita:</strong></span> <span class='ocrx_word' id='word_1_21' title='bbox 1803 682 1978 736; x_wconf 76' lang='lat' dir='ltr'><strong>ferina</strong></span> 
     </span>
    </p>
   </div>
   <div class='ocr_carea' id='block_1_5' title="bbox 397 763 805 830">
    <p class='ocr_par' dir='ltr' id='par_1_5' title="bbox 397 763 805 830">
     <span class='ocr_line' id='line_1_5' title="bbox 397 763 805 830; baseline 0.01 -18"><span class='ocrx_word' id='word_1_22' title='bbox 397 766 454 814; x_wconf 86' lang='lat' dir='ltr'><strong>et</strong></span> <span class='ocrx_word' id='word_1_23' title='bbox 474 763 805 830; x_wconf 73' lang='lat' dir='ltr'><strong>exemplum.</strong></span> 
     </span>
    </p>
   </div>
   <div class='ocr_carea' id='block_1_6' title="bbox 397 938 1980 1092">
    <p class='ocr_par' dir='ltr' id='par_1_6' title="bbox 397 938 1980 1092">
     <span class='ocr_line' id='line_1_6' title="bbox 397 938 1980 1092; baseline 0.009 -96"><span class='ocrx_word' id='word_1_24' title='bbox 397 938 463 996; x_wconf 74' lang='lat'><strong>2|</strong></span> <span class='ocrx_word' id='word_1_25' title='bbox 517 938 652 998; x_wconf 80' lang='lat' dir='ltr'><strong>Sunt</strong></span> <span class='ocrx_word' id='word_1_26' title='bbox 704 940 816 998; x_wconf 77' lang='lat' dir='ltr'><strong>Im</strong></span> <span class='ocrx_word' id='word_1_27' title='bbox 867 947 1046 1001; x_wconf 76' lang='lat' dir='ltr'><strong>omnia</strong></span> <span class='ocrx_word' id='word_1_28' title='bbox 1091 946 1365 1017; x_wconf 78' lang='lat' dir='ltr'><strong>plenitudo</strong></span> <span class='ocrx_word' id='word_1_29' title='bbox 1411 949 1698 1092; x_wconf 53' lang='lat' dir='ltr'><strong>caelestium</strong></span> <span class='ocrx_word' id='word_1_30' title='bbox 1746 953 1980 1075; x_wconf 64' lang='grc' dir='ltr'>ιονῗιιίατ</span> 
     </span>
     <span class='ocr_line' id='line_1_7' title="bbox 1616 1037 1908 1084; baseline 0.003 -8"><span class='ocrx_word' id='word_1_31' title='bbox 1616 1037 1773 1084; x_wconf 83' lang='lat' dir='ltr'><strong>num,</strong></span> <span class='ocrx_word' id='word_1_32' title='bbox 1802 1039 1831 1073; x_wconf 72' lang='grc' dir='ltr'><strong>ρ</strong></span> <span class='ocrx_word' id='word_1_33' title='bbox 1859 1039 1908 1077; x_wconf 92' lang='lat' dir='ltr'><strong>c.</strong></span> 
     </span>
    </p>
   </div>
   <div class='ocr_carea' id='block_1_7' title="bbox 1616 1037 1908 1084">
    <p class='ocr_par' dir='ltr' id='par_1_7' title="bbox 1616 1037 1908 1084">
     <span class='ocr_line' id='line_1_8' title="bbox 1616 1037 1908 1084; baseline 0.021 -12"><span class='ocrx_word' id='word_1_34' title='bbox 1616 1037 1773 1084; x_wconf 82' lang='lat' dir='ltr'><strong>num,</strong></span> <span class='ocrx_word' id='word_1_35' title='bbox 1802 1037 1908 1077; x_wconf 71' lang='lat' dir='ltr'><strong>etc.</strong></span> 
     </span>
    </p>
   </div>
   <div class='ocr_carea' id='block_1_8' title="bbox 471 1097 1982 1181">
    <p class='ocr_par' dir='ltr' id='par_1_8' title="bbox 471 1097 1982 1181">
     <span class='ocr_line' id='line_1_9' title="bbox 471 1097 1982 1181; baseline 0.009 -23"><span class='ocrx_word' id='word_1_36' title='bbox 471 1097 721 1167; x_wconf 76' lang='lat' dir='ltr'><strong>Cunctae,</strong></span> <span class='ocrx_word' id='word_1_37' title='bbox 779 1102 956 1174; x_wconf 86' lang='lat' dir='ltr'><strong>inquit</strong></span> <span class='ocrx_word' id='word_1_38' title='bbox 1005 1105 1226 1166; x_wconf 89' lang='lat' dir='ltr'><strong>divinus</strong></span> <span class='ocrx_word' id='word_1_39' title='bbox 1263 1107 1617 1181; x_wconf 66' lang='lat' dir='ltr'><strong>Pardagogus.</strong></span> <span class='ocrx_word' id='word_1_40' title='bbox 1673 1113 1982 1172; x_wconf 87' lang='lat' dir='ltr'><strong>animarum</strong></span> 
     </span>
    </p>
   </div>
   <div class='ocr_carea' id='block_1_9' title="bbox 403 1193 1982 1276">
    <p class='ocr_par' dir='ltr' id='par_1_9' title="bbox 403 1193 1982 1276">
     <span class='ocr_line' id='line_1_10' title="bbox 403 1193 1982 1276; baseline 0.011 -29"><span class='ocrx_word' id='word_1_41' title='bbox 403 1209 525 1262; x_wconf 75' lang='lat' dir='ltr'><strong>qua:</strong></span> <span class='ocrx_word' id='word_1_42' title='bbox 556 1193 727 1250; x_wconf 69' lang='lat' dir='ltr'><strong>beata:</strong></span> <span class='ocrx_word' id='word_1_43' title='bbox 775 1198 1031 1255; x_wconf 89' lang='lat' dir='ltr'><strong>dicuntur</strong></span> <span class='ocrx_word' id='word_1_44' title='bbox 1070 1202 1302 1270; x_wconf 82' lang='lat' dir='ltr'><strong>species,</strong></span> <span class='ocrx_word' id='word_1_45' title='bbox 1343 1201 1684 1261; x_wconf 80' lang='lat' dir='ltr'><strong>destinantur</strong></span> <span class='ocrx_word' id='word_1_46' title='bbox 1712 1221 1832 1276; x_wconf 65' lang='lat' dir='ltr'><strong>quae</strong></span> <span class='ocrx_word' id='word_1_47' title='bbox 1868 1222 1982 1264; x_wconf 64' lang='grc' dir='ltr'>(τως</span> 
     </span>
    </p>
   </div>
   <div class='ocr_carea' id='block_1_10' title="bbox 404 1284 1981 1367">
    <p class='ocr_par' dir='ltr' id='par_1_10' title="bbox 404 1284 1981 1367">
     <span class='ocr_line' id='line_1_11' title="bbox 404 1284 1981 1367; baseline 0.013 -30"><span class='ocrx_word' id='word_1_48' title='bbox 404 1284 564 1340; x_wconf 81' lang='lat' dir='ltr'><strong>testia</strong></span> <span class='ocrx_word' id='word_1_49' title='bbox 605 1286 697 1341; x_wconf 88' lang='lat' dir='ltr'><strong>illa</strong></span> <span class='ocrx_word' id='word_1_50' title='bbox 726 1291 972 1358; x_wconf 82' lang='lat' dir='ltr'><strong>repleant</strong></span> <span class='ocrx_word' id='word_1_51' title='bbox 1006 1291 1227 1347; x_wconf 88' lang='lat' dir='ltr'><strong>cellaria</strong></span> <span class='ocrx_word' id='word_1_52' title='bbox 1257 1302 1310 1355; x_wconf 87' lang='lat' dir='ltr'><strong>et</strong></span> <span class='ocrx_word' id='word_1_53' title='bbox 1362 1297 1756 1367; x_wconf 90' lang='lat' dir='ltr'><strong>promptuaria,</strong></span> <span class='ocrx_word' id='word_1_54' title='bbox 1805 1297 1859 1352; x_wconf 92' lang='lat' dir='ltr'><strong>id</strong></span> <span class='ocrx_word' id='word_1_55' title='bbox 1897 1307 1981 1358; x_wconf 83' lang='lat' dir='ltr'><strong>est</strong></span> 
     </span>
    </p>
   </div>
   <div class='ocr_carea' id='block_1_11' title="bbox 387 1365 1986 1456">
    <p class='ocr_par' dir='ltr' id='par_1_11' title="bbox 387 1365 1986 1456">
     <span class='ocr_line' id='line_1_12' title="bbox 387 1365 1986 1456; baseline 0.007 -23"><span class='ocrx_word' id='word_1_56' title='bbox 387 1365 725 1435; x_wconf 31' lang='lat' dir='ltr'><strong>‘mansiones</strong></span> <span class='ocrx_word' id='word_1_57' title='bbox 759 1381 900 1450; x_wconf 90' lang='lat' dir='ltr'><strong>apud</strong></span> <span class='ocrx_word' id='word_1_58' title='bbox 931 1382 1096 1438; x_wconf 88' lang='lat' dir='ltr'><strong>Deum</strong></span> <span class='ocrx_word' id='word_1_59' title='bbox 1126 1399 1266 1454; x_wconf 88' lang='lat' dir='ltr'><strong>quas</strong></span> <span class='ocrx_word' id='word_1_60' title='bbox 1301 1365 1369 1439; x_wconf 86' lang='lat' dir='ltr'><strong>ad</strong></span> <span class='ocrx_word' id='word_1_61' title='bbox 1401 1386 1744 1456; x_wconf 88' lang='lat' dir='ltr'><strong>recipiendos</strong></span> <span class='ocrx_word' id='word_1_62' title='bbox 1773 1388 1986 1444; x_wconf 80' lang='lat' dir='ltr'><strong>anima-</strong></span> 
     </span>
    </p>
   </div>
   <div class='ocr_carea' id='block_1_12' title="bbox 406 1473 1981 1548">
    <p class='ocr_par' dir='ltr' id='par_1_12' title="bbox 406 1473 1981 1548">
     <span class='ocr_line' id='line_1_13' title="bbox 406 1473 1981 1548; baseline 0.011 -26"><span class='ocrx_word' id='word_1_63' title='bbox 406 1483 530 1522; x_wconf 82' lang='lat' dir='ltr'><strong>rum</strong></span> <span class='ocrx_word' id='word_1_64' title='bbox 576 1478 888 1526; x_wconf 86' lang='lat' dir='ltr'><strong>nostrarum</strong></span> <span class='ocrx_word' id='word_1_65' title='bbox 919 1473 1134 1530; x_wconf 81' lang='lat' dir='ltr'><strong>fructus</strong></span> <span class='ocrx_word' id='word_1_66' title='bbox 1179 1477 1506 1548; x_wconf 64' lang='lat' dir='ltr'><strong>pricparavit</strong></span> <span class='ocrx_word' id='word_1_67' title='bbox 1541 1475 1724 1544; x_wconf 86' lang='lat' dir='ltr'><strong>Pater,</strong></span> <span class='ocrx_word' id='word_1_68' title='bbox 1773 1480 1878 1533; x_wconf 90' lang='lat' dir='ltr'><strong>alia</strong></span> <span class='ocrx_word' id='word_1_69' title='bbox 1928 1482 1981 1539; x_wconf 92' lang='lat' dir='ltr'><strong>in</strong></span> 
     </span>
    </p>
   </div>
   <div class='ocr_carea' id='block_1_13' title="bbox 408 1556 1982 1638">
    <p class='ocr_par' dir='ltr' id='par_1_13' title="bbox 408 1556 1982 1638">
     <span class='ocr_line' id='line_1_14' title="bbox 408 1556 1982 1638; baseline 0.013 -32"><span class='ocrx_word' id='word_1_70' title='bbox 408 1556 574 1613; x_wconf 78' lang='lat' dir='ltr'><strong>aliam</strong></span> <span class='ocrx_word' id='word_1_71' title='bbox 622 1559 964 1616; x_wconf 86' lang='lat' dir='ltr'><strong>mansionem</strong></span> <span class='ocrx_word' id='word_1_72' title='bbox 1019 1571 1072 1618; x_wconf 91' lang='lat' dir='ltr'><strong>et</strong></span> <span class='ocrx_word' id='word_1_73' title='bbox 1123 1565 1364 1636; x_wconf 85' lang='lat' dir='ltr'><strong>requiem</strong></span> <span class='ocrx_word' id='word_1_74' title='bbox 1410 1565 1716 1622; x_wconf 88' lang='lat' dir='ltr'><strong>adducente</strong></span> <span class='ocrx_word' id='word_1_75' title='bbox 1753 1570 1982 1638; x_wconf 84' lang='lat' dir='ltr'><strong>virtute;</strong></span> 
     </span>
    </p>
   </div>
   <div class='ocr_carea' id='block_1_14' title="bbox 409 1650 1987 1734">
    <p class='ocr_par' dir='ltr' id='par_1_14' title="bbox 409 1650 1987 1734">
     <span class='ocr_line' id='line_1_15' title="bbox 409 1650 1987 1734; baseline 0.013 -37"><span class='ocrx_word' id='word_1_76' title='bbox 409 1661 537 1699; x_wconf 81' lang='lat' dir='ltr'><strong>nam</strong></span> <span class='ocrx_word' id='word_1_77' title='bbox 569 1650 820 1717; x_wconf 86' lang='lat' dir='ltr'><strong>pluribus</strong></span> <span class='ocrx_word' id='word_1_78' title='bbox 852 1650 962 1706; x_wconf 84' lang='lat' dir='ltr'><strong>Deo</strong></span> <span class='ocrx_word' id='word_1_79' title='bbox 992 1651 1172 1723; x_wconf 80' lang='lat' dir='ltr'><strong>dignis</strong></span> <span class='ocrx_word' id='word_1_80' title='bbox 1207 1655 1424 1716; x_wconf 75' lang='lat' dir='ltr'><strong>vivendi</strong></span> <span class='ocrx_word' id='word_1_81' title='bbox 1471 1658 1778 1718; x_wconf 82' lang='lat' dir='ltr'><strong>rationibus</strong></span> <span class='ocrx_word' id='word_1_82' title='bbox 1803 1662 1987 1734; x_wconf 86' lang='lat' dir='ltr'><strong>plures</strong></span> 
     </span>
    </p>
   </div>
   <div class='ocr_carea' id='block_1_15' title="bbox 407 1746 1132 1808">
    <p class='ocr_par' dir='ltr' id='par_1_15' title="bbox 407 1746 1132 1808">
     <span class='ocr_line' id='line_1_16' title="bbox 407 1746 1132 1808; baseline 0.015 -19"><span class='ocrx_word' id='word_1_83' title='bbox 407 1749 617 1808; x_wconf 67' lang='lat' dir='ltr'><strong>paratae</strong></span> <span class='ocrx_word' id='word_1_84' title='bbox 648 1753 775 1796; x_wconf 85' lang='lat' dir='ltr'><strong>sunt</strong></span> <span class='ocrx_word' id='word_1_85' title='bbox 801 1746 1132 1800; x_wconf 76' lang='lat' dir='ltr'><strong>mansiones.</strong></span> 
     </span>
    </p>
   </div>
   <div class='ocr_carea' id='block_1_16' title="bbox 408 1830 1378 1907">
    <p class='ocr_par' dir='ltr' id='par_1_16' title="bbox 408 1830 1378 1907">
     <span class='ocr_line' id='line_1_17' title="bbox 408 1830 1378 1907; baseline 0.01 -21"><span class='ocrx_word' id='word_1_86' title='bbox 408 1830 606 1887; x_wconf 76' lang='lat' dir='ltr'><strong>Beatus</strong></span> <span class='ocrx_word' id='word_1_87' title='bbox 635 1834 726 1888; x_wconf 85' lang='lat' dir='ltr'><strong>ille</strong></span> <span class='ocrx_word' id='word_1_88' title='bbox 752 1853 903 1906; x_wconf 84' lang='lat' dir='ltr'><strong>quem</strong></span> <span class='ocrx_word' id='word_1_89' title='bbox 939 1855 1240 1907; x_wconf 82' lang='lat' dir='ltr'><strong>pauperem,</strong></span> <span class='ocrx_word' id='word_1_90' title='bbox 1273 1850 1378 1896; x_wconf 92' lang='lat' dir='ltr'><strong>etc.</strong></span> 
     </span>
    </p>
   </div>
   <div class='ocr_carea' id='block_1_17' title="bbox 484 1923 1986 2012">
    <p class='ocr_par' dir='ltr' id='par_1_17' title="bbox 484 1923 1986 2012">
     <span class='ocr_line' id='line_1_18' title="bbox 484 1923 1986 2012; baseline 0.015 -36"><span class='ocrx_word' id='word_1_91' title='bbox 484 1923 694 1980; x_wconf 79' lang='lat' dir='ltr'><strong>Exinde</strong></span> <span class='ocrx_word' id='word_1_92' title='bbox 749 1927 1118 1984; x_wconf 87' lang='lat' dir='ltr'><strong>beatitudincs</strong></span> <span class='ocrx_word' id='word_1_93' title='bbox 1162 1933 1304 2004; x_wconf 88' lang='lat' dir='ltr'><strong>apud</strong></span> <span class='ocrx_word' id='word_1_94' title='bbox 1358 1935 1710 2007; x_wconf 81' lang='lat' dir='ltr'><strong>Evangelium</strong></span> <span class='ocrx_word' id='word_1_95' title='bbox 1743 1941 1986 2012; x_wconf 75' lang='lat' dir='ltr'><strong>singulas</strong></span> 
     </span>
    </p>
   </div>
   <div class='ocr_carea' id='block_1_18' title="bbox 406 2018 1988 2104">
    <p class='ocr_par' dir='ltr' id='par_1_18' title="bbox 406 2018 1988 2104">
     <span class='ocr_line' id='line_1_19' title="bbox 406 2018 1988 2104; baseline 0.011 -35"><span class='ocrx_word' id='word_1_96' title='bbox 406 2018 707 2086; x_wconf 81' lang='lat' dir='ltr'><strong>percurrit,</strong></span> <span class='ocrx_word' id='word_1_97' title='bbox 742 2019 960 2073; x_wconf 88' lang='lat' dir='ltr'><strong>beatum</strong></span> <span class='ocrx_word' id='word_1_98' title='bbox 1002 2038 1125 2077; x_wconf 85' lang='lat' dir='ltr'><strong>esse</strong></span> <span class='ocrx_word' id='word_1_99' title='bbox 1174 2025 1361 2081; x_wconf 85' lang='lat' dir='ltr'><strong>dicens</strong></span> <span class='ocrx_word' id='word_1_100' title='bbox 1405 2029 1554 2082; x_wconf 90' lang='lat' dir='ltr'><strong>illum</strong></span> <span class='ocrx_word' id='word_1_101' title='bbox 1588 2047 1746 2100; x_wconf 88' lang='lat' dir='ltr'><strong>quem</strong></span> <span class='ocrx_word' id='word_1_102' title='bbox 1784 2049 1988 2104; x_wconf 87' lang='lat' dir='ltr'><strong>paupe-</strong></span> 
     </span>
    </p>
   </div>
   <div class='ocr_carea' id='block_1_19' title="bbox 407 2110 1986 2194">
    <p class='ocr_par' dir='ltr' id='par_1_19' title="bbox 407 2110 1986 2194">
     <span class='ocr_line' id='line_1_20' title="bbox 407 2110 1986 2194; baseline 0.011 -32"><span class='ocrx_word' id='word_1_103' title='bbox 407 2123 526 2164; x_wconf 83' lang='lat' dir='ltr'><strong>rem</strong></span> <span class='ocrx_word' id='word_1_104' title='bbox 581 2110 997 2179; x_wconf 86' lang='lat' dir='ltr'><strong>cupiditatibus,</strong></span> <span class='ocrx_word' id='word_1_105' title='bbox 1054 2113 1105 2172; x_wconf 82' lang='lat' dir='ltr'><strong>id</strong></span> <span class='ocrx_word' id='word_1_106' title='bbox 1168 2124 1252 2170; x_wconf 87' lang='lat' dir='ltr'><strong>cst</strong></span> <span class='ocrx_word' id='word_1_107' title='bbox 1301 2121 1661 2188; x_wconf 84' lang='lat' dir='ltr'><strong>cupiditatum</strong></span> <span class='ocrx_word' id='word_1_108' title='bbox 1708 2134 1986 2194; x_wconf 80' lang='lat' dir='ltr'><strong>expertem</strong></span> 
     </span>
    </p>
   </div>
   <div class='ocr_carea' id='block_1_20' title="bbox 404 2201 1989 2277">
    <p class='ocr_par' dir='ltr' id='par_1_20' title="bbox 404 2201 1989 2277">
     <span class='ocr_line' id='line_1_21' title="bbox 404 2201 1989 2277; baseline 0.013 -24"><span class='ocrx_word' id='word_1_109' title='bbox 404 2201 651 2256; x_wconf 81' lang='lat' dir='ltr'><strong>ostendit</strong></span> <span class='ocrx_word' id='word_1_110' title='bbox 680 2202 922 2271; x_wconf 77' lang='lat' dir='ltr'><strong>Spiritus</strong></span> <span class='ocrx_word' id='word_1_111' title='bbox 961 2215 1208 2269; x_wconf 67' lang='lat' dir='ltr'><strong>sanctus.</strong></span> <span class='ocrx_word' id='word_1_112' title='bbox 1242 2208 1483 2277; x_wconf 85' lang='lat' dir='ltr'><strong>ipsorum</strong></span> <span class='ocrx_word' id='word_1_113' title='bbox 1523 2215 1668 2268; x_wconf 89' lang='lat' dir='ltr'><strong>enim</strong></span> <span class='ocrx_word' id='word_1_114' title='bbox 1708 2231 1840 2272; x_wconf 84' lang='lat' dir='ltr'><strong>sane</strong></span> <span class='ocrx_word' id='word_1_115' title='bbox 1865 2233 1989 2274; x_wconf 83' lang='lat' dir='ltr'><strong>esse</strong></span> 
     </span>
    </p>
   </div>
   <div class='ocr_carea' id='block_1_21' title="bbox 408 2297 1988 2363">
    <p class='ocr_par' dir='ltr' id='par_1_21' title="bbox 408 2297 1988 2363">
     <span class='ocr_line' id='line_1_22' title="bbox 408 2297 1988 2363; baseline 0.012 -19"><span class='ocrx_word' id='word_1_116' title='bbox 408 2306 638 2362; x_wconf 64' lang='lat' dir='ltr'><strong>regnum</strong></span> <span class='ocrx_word' id='word_1_117' title='bbox 685 2297 985 2362; x_wconf 62' lang='lat' dir='ltr'><strong>calorum;</strong></span> <span class='ocrx_word' id='word_1_118' title='bbox 1033 2299 1276 2354; x_wconf 85' lang='lat' dir='ltr'><strong>secundo</strong></span> <span class='ocrx_word' id='word_1_119' title='bbox 1349 2316 1531 2358; x_wconf 83' lang='lat' dir='ltr'><strong>sermo</strong></span> <span class='ocrx_word' id='word_1_120' title='bbox 1605 2307 1822 2362; x_wconf 90' lang='lat' dir='ltr'><strong>beatum</strong></span> <span class='ocrx_word' id='word_1_121' title='bbox 1853 2309 1988 2363; x_wconf 88' lang='lat' dir='ltr'><strong>dicit</strong></span> 
     </span>
    </p>
   </div>
   <div class='ocr_carea' id='block_1_22' title="bbox 413 2386 1989 2472">
    <p class='ocr_par' dir='ltr' id='par_1_22' title="bbox 413 2386 1989 2472">
     <span class='ocr_line' id='line_1_23' title="bbox 413 2386 1989 2472; baseline 0.012 -36"><span class='ocrx_word' id='word_1_122' title='bbox 413 2386 504 2454; x_wconf 81' lang='lat' dir='ltr'><strong>qui</strong></span> <span class='ocrx_word' id='word_1_123' title='bbox 543 2397 866 2455; x_wconf 60' lang='lat' dir='ltr'><strong>prasentem</strong></span> <span class='ocrx_word' id='word_1_124' title='bbox 911 2389 1075 2444; x_wconf 89' lang='lat' dir='ltr'><strong>vitam</strong></span> <span class='ocrx_word' id='word_1_125' title='bbox 1120 2400 1289 2446; x_wconf 84' lang='lat' dir='ltr'><strong>totam</strong></span> <span class='ocrx_word' id='word_1_126' title='bbox 1319 2395 1688 2454; x_wconf 85' lang='lat' dir='ltr'><strong>laudabilibus</strong></span> <span class='ocrx_word' id='word_1_127' title='bbox 1734 2401 1989 2472; x_wconf 87' lang='lat' dir='ltr'><strong>lacrymis</strong></span> 
     </span>
    </p>
   </div>
   <div class='ocr_carea' id='block_1_23' title="bbox 412 2475 1988 2560">
    <p class='ocr_par' dir='ltr' id='par_1_23' title="bbox 412 2475 1988 2560">
     <span class='ocr_line' id='line_1_24' title="bbox 412 2475 1988 2560; baseline 0.013 -33"><span class='ocrx_word' id='word_1_128' title='bbox 412 2475 654 2546; x_wconf 77' lang='lat' dir='ltr'><strong>ailligens</strong></span> <span class='ocrx_word' id='word_1_129' title='bbox 689 2486 743 2530; x_wconf 90' lang='lat' dir='ltr'><strong>et</strong></span> <span class='ocrx_word' id='word_1_130' title='bbox 775 2479 1023 2546; x_wconf 80' lang='lat' dir='ltr'><strong>ahjactus</strong></span> <span class='ocrx_word' id='word_1_131' title='bbox 1053 2488 1107 2534; x_wconf 85' lang='lat' dir='ltr'><strong>et</strong></span> <span class='ocrx_word' id='word_1_132' title='bbox 1154 2482 1469 2540; x_wconf 82' lang='lat' dir='ltr'><strong>humiliatus</strong></span> <span class='ocrx_word' id='word_1_133' title='bbox 1515 2490 1647 2558; x_wconf 72' lang='lat' dir='ltr'><strong>agit,</strong></span> <span class='ocrx_word' id='word_1_134' title='bbox 1694 2491 1811 2560; x_wconf 91' lang='lat' dir='ltr'><strong>ipse</strong></span> <span class='ocrx_word' id='word_1_135' title='bbox 1843 2493 1988 2546; x_wconf 87' lang='lat' dir='ltr'><strong>enim</strong></span> 
     </span>
    </p>
   </div>
   <div class='ocr_carea' id='block_1_24' title="bbox 410 2568 1991 2645">
    <p class='ocr_par' dir='ltr' id='par_1_24' title="bbox 410 2568 1991 2645">
     <span class='ocr_line' id='line_1_25' title="bbox 410 2568 1991 2645; baseline 0.011 -25"><span class='ocrx_word' id='word_1_136' title='bbox 410 2568 846 2622; x_wconf 83' lang='lat' dir='ltr'><strong>consolationem</strong></span> <span class='ocrx_word' id='word_1_137' title='bbox 882 2570 952 2625; x_wconf 85' lang='lat' dir='ltr'><strong>ab</strong></span> <span class='ocrx_word' id='word_1_138' title='bbox 1000 2573 1112 2626; x_wconf 89' lang='lat' dir='ltr'><strong>alto</strong></span> <span class='ocrx_word' id='word_1_139' title='bbox 1147 2574 1396 2631; x_wconf 86' lang='lat' dir='ltr'><strong>obtinere</strong></span> <span class='ocrx_word' id='word_1_140' title='bbox 1434 2580 1759 2645; x_wconf 88' lang='lat' dir='ltr'><strong>merebitur;</strong></span> <span class='ocrx_word' id='word_1_141' title='bbox 1793 2582 1991 2644; x_wconf 79' lang='lat' dir='ltr'><strong>deinde</strong></span> 
     </span>
    </p>
   </div>
   <div class='ocr_carea' id='block_1_25' title="bbox 409 2660 1992 2735">
    <p class='ocr_par' dir='ltr' id='par_1_25' title="bbox 409 2660 1992 2735">
     <span class='ocr_line' id='line_1_26' title="bbox 409 2660 1992 2735; baseline 0.012 -24"><span class='ocrx_word' id='word_1_142' title='bbox 409 2668 464 2712; x_wconf 86' lang='lat' dir='ltr'><strong>et</strong></span> <span class='ocrx_word' id='word_1_143' title='bbox 497 2660 591 2729; x_wconf 88' lang='lat' dir='ltr'><strong>qui</strong></span> <span class='ocrx_word' id='word_1_144' title='bbox 622 2660 902 2716; x_wconf 73' lang='lat' dir='ltr'><strong>caelestem</strong></span> <span class='ocrx_word' id='word_1_145' title='bbox 939 2678 1122 2718; x_wconf 89' lang='lat' dir='ltr'><strong>escam</strong></span> <span class='ocrx_word' id='word_1_146' title='bbox 1149 2667 1265 2719; x_wconf 88' lang='lat' dir='ltr'><strong>sive</strong></span> <span class='ocrx_word' id='word_1_147' title='bbox 1297 2667 1571 2735; x_wconf 85' lang='lat' dir='ltr'><strong>justitiam</strong></span> <span class='ocrx_word' id='word_1_148' title='bbox 1602 2672 1992 2730; x_wconf 77' lang='lat' dir='ltr'><strong>insatiabiliter</strong></span> 
     </span>
    </p>
   </div>
   <div class='ocr_carea' id='block_1_26' title="bbox 409 2752 1991 2837">
    <p class='ocr_par' dir='ltr' id='par_1_26' title="bbox 409 2752 1991 2837">
     <span class='ocr_line' id='line_1_27' title="bbox 409 2752 1991 2837; baseline 0.011 -31"><span class='ocrx_word' id='word_1_149' title='bbox 409 2752 831 2817; x_wconf 82' lang='lat' dir='ltr'><strong>esurit,beatus,</strong></span> <span class='ocrx_word' id='word_1_150' title='bbox 874 2756 1000 2824; x_wconf 88' lang='lat' dir='ltr'><strong>quia</strong></span> <span class='ocrx_word' id='word_1_151' title='bbox 1031 2772 1093 2810; x_wconf 89' lang='lat' dir='ltr'><strong>ea</strong></span> <span class='ocrx_word' id='word_1_152' title='bbox 1138 2760 1451 2816; x_wconf 81' lang='lat' dir='ltr'><strong>satiabitur.</strong></span> <span class='ocrx_word' id='word_1_153' title='bbox 1513 2760 1716 2818; x_wconf 88' lang='lat' dir='ltr'><strong>Deinde</strong></span> <span class='ocrx_word' id='word_1_154' title='bbox 1757 2775 1812 2820; x_wconf 93' lang='lat' dir='ltr'><strong>et</strong></span> <span class='ocrx_word' id='word_1_155' title='bbox 1863 2769 1991 2837; x_wconf 87' lang='lat' dir='ltr'><strong>qui-</strong></span> 
     </span>
    </p>
   </div>
   <div class='ocr_carea' id='block_1_27' title="bbox 409 2846 1993 2914">
    <p class='ocr_par' dir='ltr' id='par_1_27' title="bbox 409 2846 1993 2914">
     <span class='ocr_line' id='line_1_28' title="bbox 409 2846 1993 2914; baseline 0.011 -17"><span class='ocrx_word' id='word_1_156' title='bbox 409 2859 628 2913; x_wconf 89' lang='lat' dir='ltr'><strong>cunque</strong></span> <span class='ocrx_word' id='word_1_157' title='bbox 691 2846 746 2899; x_wconf 92' lang='lat' dir='ltr'><strong>in</strong></span> <span class='ocrx_word' id='word_1_158' title='bbox 796 2849 1217 2904; x_wconf 88' lang='lat' dir='ltr'><strong>mansuetudine</strong></span> <span class='ocrx_word' id='word_1_159' title='bbox 1257 2861 1311 2905; x_wconf 84' lang='lat' dir='ltr'><strong>et</strong></span> <span class='ocrx_word' id='word_1_160' title='bbox 1351 2851 1582 2908; x_wconf 82' lang='lat' dir='ltr'><strong>lenitate</strong></span> <span class='ocrx_word' id='word_1_161' title='bbox 1623 2863 1678 2909; x_wconf 84' lang='lat' dir='ltr'><strong>et</strong></span> <span class='ocrx_word' id='word_1_162' title='bbox 1724 2860 1993 2914; x_wconf 78' lang='lat' dir='ltr'><strong>suavitate</strong></span> 
     </span>
    </p>
   </div>
   <div class='ocr_carea' id='block_1_28' title="bbox 407 2935 1992 3006">
    <p class='ocr_par' dir='ltr' id='par_1_28' title="bbox 407 2935 1992 3006">
     <span class='ocr_line' id='line_1_29' title="bbox 407 2935 1992 3006; baseline 0.011 -18"><span class='ocrx_word' id='word_1_163' title='bbox 407 2937 564 3004; x_wconf 77' lang='lat' dir='ltr'><strong>juxta</strong></span> <span class='ocrx_word' id='word_1_164' title='bbox 617 2935 747 2992; x_wconf 84' lang='lat' dir='ltr'><strong>Jesu</strong></span> <span class='ocrx_word' id='word_1_165' title='bbox 793 2941 1268 2997; x_wconf 86' lang='lat' dir='ltr'><strong>mansuetudinem</strong></span> <span class='ocrx_word' id='word_1_166' title='bbox 1312 2951 1367 2998; x_wconf 91' lang='lat' dir='ltr'><strong>et</strong></span> <span class='ocrx_word' id='word_1_167' title='bbox 1417 2945 1778 3002; x_wconf 82' lang='lat' dir='ltr'><strong>humilitatem</strong></span> <span class='ocrx_word' id='word_1_168' title='bbox 1827 2951 1992 3006; x_wconf 87' lang='lat' dir='ltr'><strong>corde</strong></span> 
     </span>
    </p>
   </div>
   <div class='ocr_carea' id='block_1_29' title="bbox 411 3027 1991 3108">
    <p class='ocr_par' dir='ltr' id='par_1_29' title="bbox 411 3027 1991 3108">
     <span class='ocr_line' id='line_1_30' title="bbox 411 3027 1991 3108; baseline 0.013 -30"><span class='ocrx_word' id='word_1_169' title='bbox 411 3027 595 3081; x_wconf 80' lang='lat' dir='ltr'><strong>vivere</strong></span> <span class='ocrx_word' id='word_1_170' title='bbox 648 3044 706 3083; x_wconf 89' lang='lat' dir='ltr'><strong>se</strong></span> <span class='ocrx_word' id='word_1_171' title='bbox 759 3041 973 3086; x_wconf 75' lang='lat' dir='ltr'><strong>exercet</strong></span> <span class='ocrx_word' id='word_1_172' title='bbox 1030 3033 1244 3095; x_wconf 76' lang='lat' dir='ltr'><strong>beatus,</strong></span> <span class='ocrx_word' id='word_1_173' title='bbox 1293 3043 1479 3104; x_wconf 85' lang='lat' dir='ltr'><strong>utpote</strong></span> <span class='ocrx_word' id='word_1_174' title='bbox 1525 3038 1618 3106; x_wconf 85' lang='lat' dir='ltr'><strong>qui</strong></span> <span class='ocrx_word' id='word_1_175' title='bbox 1669 3055 1991 3108; x_wconf 75' lang='lat' dir='ltr'><strong>magnorum</strong></span> 
     </span>
    </p>
   </div>
   <div class='ocr_carea' id='block_1_30' title="bbox 414 3118 1990 3194">
    <p class='ocr_par' dir='ltr' id='par_1_30' title="bbox 414 3118 1990 3194">
     <span class='ocr_line' id='line_1_31' title="bbox 414 3118 1990 3194; baseline 0.01 -22"><span class='ocrx_word' id='word_1_176' title='bbox 414 3118 590 3174; x_wconf 67' lang='lat' dir='ltr'><strong>limi-es</strong></span> <span class='ocrx_word' id='word_1_177' title='bbox 642 3121 882 3176; x_wconf 70' lang='lat' dir='ltr'><strong>cmlcstis</strong></span> <span class='ocrx_word' id='word_1_178' title='bbox 956 3131 1010 3176; x_wconf 90' lang='lat' dir='ltr'><strong>et</strong></span> <span class='ocrx_word' id='word_1_179' title='bbox 1076 3125 1406 3194; x_wconf 67' lang='lat' dir='ltr'><strong>incorrupta:</strong></span> <span class='ocrx_word' id='word_1_180' title='bbox 1468 3136 1628 3184; x_wconf 65' lang='lat' dir='ltr'><strong>terrae</strong></span> <span class='ocrx_word' id='word_1_181' title='bbox 1689 3132 1990 3193; x_wconf 84' lang='lat' dir='ltr'><strong>bonorum.</strong></span> 
     </span>
    </p>
   </div>
   <div class='ocr_carea' id='block_1_31' title="bbox 413 3207 1993 3294">
    <p class='ocr_par' dir='ltr' id='par_1_31' title="bbox 413 3207 1993 3294">
     <span class='ocr_line' id='line_1_32' title="bbox 413 3207 1993 3294; baseline 0.011 -32"><span class='ocrx_word' id='word_1_182' title='bbox 413 3207 680 3264; x_wconf 71' lang='lat' dir='ltr'><strong>Prseterea</strong></span> <span class='ocrx_word' id='word_1_183' title='bbox 714 3211 904 3266; x_wconf 86' lang='lat' dir='ltr'><strong>beatus</strong></span> <span class='ocrx_word' id='word_1_184' title='bbox 931 3221 984 3267; x_wconf 89' lang='lat' dir='ltr'><strong>et</strong></span> <span class='ocrx_word' id='word_1_185' title='bbox 1027 3215 1121 3283; x_wconf 85' lang='lat' dir='ltr'><strong>qui</strong></span> <span class='ocrx_word' id='word_1_186' title='bbox 1153 3218 1269 3270; x_wconf 87' lang='lat' dir='ltr'><strong>suis</strong></span> <span class='ocrx_word' id='word_1_187' title='bbox 1310 3218 1364 3270; x_wconf 90' lang='lat' dir='ltr'><strong>in</strong></span> <span class='ocrx_word' id='word_1_188' title='bbox 1407 3219 1713 3276; x_wconf 87' lang='lat' dir='ltr'><strong>visceribus</strong></span> <span class='ocrx_word' id='word_1_189' title='bbox 1743 3239 1993 3294; x_wconf 78' lang='lat' dir='ltr'><strong>magnam</strong></span> 
     </span>
    </p>
   </div>
   <div class='ocr_carea' id='block_1_32' title="bbox 415 3296 1994 3380">
    <p class='ocr_par' dir='ltr' id='par_1_32' title="bbox 415 3296 1994 3380">
     <span class='ocr_line' id='line_1_33' title="bbox 415 3296 1994 3380; baseline 0.012 -30"><span class='ocrx_word' id='word_1_190' title='bbox 415 3296 514 3352; x_wconf 85' lang='lat' dir='ltr'><strong>Dei</strong></span> <span class='ocrx_word' id='word_1_191' title='bbox 543 3299 977 3354; x_wconf 85' lang='lat' dir='ltr'><strong>misericordiam</strong></span> <span class='ocrx_word' id='word_1_192' title='bbox 1031 3318 1128 3371; x_wconf 85' lang='lat' dir='ltr'><strong>per</strong></span> <span class='ocrx_word' id='word_1_193' title='bbox 1170 3302 1525 3362; x_wconf 87' lang='lat' dir='ltr'><strong>imitationem</strong></span> <span class='ocrx_word' id='word_1_194' title='bbox 1558 3319 1612 3364; x_wconf 88' lang='lat' dir='ltr'><strong>et</strong></span> <span class='ocrx_word' id='word_1_195' title='bbox 1650 3312 1994 3380; x_wconf 82' lang='lat' dir='ltr'><strong>pliilanthro-</strong></span> 
     </span>
    </p>
   </div>
   <div class='ocr_carea' id='block_1_33' title="bbox 416 3392 1993 3470">
    <p class='ocr_par' dir='ltr' id='par_1_33' title="bbox 416 3392 1993 3470">
     <span class='ocr_line' id='line_1_34' title="bbox 416 3392 1993 3470; baseline 0.014 -31"><span class='ocrx_word' id='word_1_196' title='bbox 416 3392 561 3460; x_wconf 68' lang='lat' dir='ltr'><strong>picum</strong></span> <span class='ocrx_word' id='word_1_197' title='bbox 597 3392 650 3444; x_wconf 93' lang='lat' dir='ltr'><strong>in</strong></span> <span class='ocrx_word' id='word_1_198' title='bbox 683 3394 991 3460; x_wconf 83' lang='lat' dir='ltr'><strong>proximum</strong></span> <span class='ocrx_word' id='word_1_199' title='bbox 1025 3396 1156 3462; x_wconf 88' lang='lat' dir='ltr'><strong>alit;</strong></span> <span class='ocrx_word' id='word_1_200' title='bbox 1193 3397 1386 3454; x_wconf 87' lang='lat' dir='ltr'><strong>beatus</strong></span> <span class='ocrx_word' id='word_1_201' title='bbox 1420 3409 1474 3454; x_wconf 88' lang='lat' dir='ltr'><strong>et</strong></span> <span class='ocrx_word' id='word_1_202' title='bbox 1503 3404 1595 3470; x_wconf 90' lang='lat' dir='ltr'><strong>qui</strong></span> <span class='ocrx_word' id='word_1_203' title='bbox 1631 3419 1726 3457; x_wconf 90' lang='lat' dir='ltr'><strong>cor</strong></span> <span class='ocrx_word' id='word_1_204' title='bbox 1748 3406 1816 3460; x_wconf 90' lang='lat' dir='ltr'><strong>ah</strong></span> <span class='ocrx_word' id='word_1_205' title='bbox 1845 3409 1993 3462; x_wconf 93' lang='lat' dir='ltr'><strong>omni</strong></span> 
     </span>
    </p>
   </div>
   <div class='ocr_carea' id='block_1_34' title="bbox 416 3480 1995 3559">
    <p class='ocr_par' dir='ltr' id='par_1_34' title="bbox 416 3480 1995 3559">
     <span class='ocr_line' id='line_1_35' title="bbox 416 3480 1995 3559; baseline 0.011 -25"><span class='ocrx_word' id='word_1_206' title='bbox 416 3480 835 3548; x_wconf 82' lang='lat' dir='ltr'><strong>inquinamento</strong></span> <span class='ocrx_word' id='word_1_207' title='bbox 893 3484 1075 3538; x_wconf 87' lang='lat' dir='ltr'><strong>carnis</strong></span> <span class='ocrx_word' id='word_1_208' title='bbox 1114 3501 1178 3540; x_wconf 85' lang='lat' dir='ltr'><strong>ac</strong></span> <span class='ocrx_word' id='word_1_209' title='bbox 1217 3488 1443 3555; x_wconf 84' lang='lat' dir='ltr'><strong>spiritus</strong></span> <span class='ocrx_word' id='word_1_210' title='bbox 1497 3494 1742 3559; x_wconf 89' lang='lat' dir='ltr'><strong>mundat,</strong></span> <span class='ocrx_word' id='word_1_211' title='bbox 1813 3497 1995 3554; x_wconf 80' lang='lat' dir='ltr'><strong>videre</strong></span> 
     </span>
    </p>
   </div>
   <div class='ocr_carea' id='block_1_35' title="bbox 415 3571 1992 3656">
    <p class='ocr_par' dir='ltr' id='par_1_35' title="bbox 415 3571 1992 3656">
     <span class='ocr_line' id='line_1_36' title="bbox 415 3571 1992 3656; baseline 0.013 -32"><span class='ocrx_word' id='word_1_212' title='bbox 415 3571 717 3625; x_wconf 85' lang='lat' dir='ltr'><strong>merebitur</strong></span> <span class='ocrx_word' id='word_1_213' title='bbox 747 3572 937 3638; x_wconf 88' lang='lat' dir='ltr'><strong>Deum,</strong></span> <span class='ocrx_word' id='word_1_214' title='bbox 976 3576 1120 3630; x_wconf 88' lang='lat' dir='ltr'><strong>sicut</strong></span> <span class='ocrx_word' id='word_1_215' title='bbox 1154 3579 1337 3633; x_wconf 82' lang='lat' dir='ltr'><strong>videre</strong></span> <span class='ocrx_word' id='word_1_216' title='bbox 1376 3581 1580 3637; x_wconf 87' lang='lat' dir='ltr'><strong>homini</strong></span> <span class='ocrx_word' id='word_1_217' title='bbox 1628 3602 1842 3654; x_wconf 54' lang='lat' dir='ltr'><strong>a‘qnum</strong></span> <span class='ocrx_word' id='word_1_218' title='bbox 1870 3601 1992 3656; x_wconf 88' lang='lat' dir='ltr'><strong>est;</strong></span> 
     </span>
    </p>
   </div>
   <div class='ocr_carea' id='block_1_36' title="bbox 415 3661 1992 3740">
    <p class='ocr_par' dir='ltr' id='par_1_36' title="bbox 415 3661 1992 3740">
     <span class='ocr_line' id='line_1_37' title="bbox 415 3661 1992 3740; baseline 0.014 -26"><span class='ocrx_word' id='word_1_219' title='bbox 415 3661 619 3715; x_wconf 83' lang='lat' dir='ltr'><strong>etenim</strong></span> <span class='ocrx_word' id='word_1_220' title='bbox 648 3664 807 3732; x_wconf 87' lang='lat' dir='ltr'><strong>quasi</strong></span> <span class='ocrx_word' id='word_1_221' title='bbox 839 3679 933 3733; x_wconf 89' lang='lat' dir='ltr'><strong>per</strong></span> <span class='ocrx_word' id='word_1_222' title='bbox 980 3669 1283 3736; x_wconf 87' lang='lat' dir='ltr'><strong>speculum,</strong></span> <span class='ocrx_word' id='word_1_223' title='bbox 1319 3687 1415 3740; x_wconf 89' lang='lat' dir='ltr'><strong>per</strong></span> <span class='ocrx_word' id='word_1_224' title='bbox 1439 3676 1636 3732; x_wconf 89' lang='lat' dir='ltr'><strong>mentis</strong></span> <span class='ocrx_word' id='word_1_225' title='bbox 1670 3681 1992 3735; x_wconf 88' lang='lat' dir='ltr'><strong>munditiam</strong></span> 
     </span>
    </p>
   </div>
   <div class='ocr_carea' id='block_1_37' title="bbox 418 3753 1993 3837">
    <p class='ocr_par' dir='ltr' id='par_1_37' title="bbox 418 3753 1993 3837">
     <span class='ocr_line' id='line_1_38' title="bbox 418 3753 1993 3837; baseline 0.011 -29"><span class='ocrx_word' id='word_1_226' title='bbox 418 3753 751 3810; x_wconf 85' lang='lat' dir='ltr'><strong>invisibilem</strong></span> <span class='ocrx_word' id='word_1_227' title='bbox 779 3757 1003 3810; x_wconf 85' lang='lat' dir='ltr'><strong>videbit.</strong></span> <span class='ocrx_word' id='word_1_228' title='bbox 1044 3757 1174 3813; x_wconf 82' lang='lat' dir='ltr'><strong>Post</strong></span> <span class='ocrx_word' id='word_1_229' title='bbox 1221 3761 1320 3818; x_wconf 88' lang='lat' dir='ltr'><strong>hos</strong></span> <span class='ocrx_word' id='word_1_230' title='bbox 1365 3769 1556 3820; x_wconf 87' lang='lat' dir='ltr'><strong>beatus</strong></span> <span class='ocrx_word' id='word_1_231' title='bbox 1600 3775 1655 3821; x_wconf 89' lang='lat' dir='ltr'><strong>et</strong></span> <span class='ocrx_word' id='word_1_232' title='bbox 1689 3770 1780 3837; x_wconf 91' lang='lat' dir='ltr'><strong>qui</strong></span> <span class='ocrx_word' id='word_1_233' title='bbox 1811 3787 1993 3825; x_wconf 87' lang='lat' dir='ltr'><strong>veram</strong></span> 
     </span>
    </p>
   </div>
   <div class='ocr_carea' id='block_1_38' title="bbox 414 3841 1994 3933">
    <p class='ocr_par' dir='ltr' id='par_1_38' title="bbox 414 3841 1994 3933">
     <span class='ocr_line' id='line_1_39' title="bbox 414 3841 1994 3933; baseline 0.011 -33"><span class='ocrx_word' id='word_1_234' title='bbox 414 3841 549 3900; x_wconf 80' lang='lat' dir='ltr'><strong>Jesu</strong></span> <span class='ocrx_word' id='word_1_235' title='bbox 593 3861 781 3914; x_wconf 89' lang='lat' dir='ltr'><strong>pacem</strong></span> <span class='ocrx_word' id='word_1_236' title='bbox 831 3849 1076 3906; x_wconf 85' lang='lat' dir='ltr'><strong>veritatis</strong></span> <span class='ocrx_word' id='word_1_237' title='bbox 1123 3853 1379 3918; x_wconf 88' lang='lat' dir='ltr'><strong>operibus</strong></span> <span class='ocrx_word' id='word_1_238' title='bbox 1424 3859 1641 3924; x_wconf 76' lang='lat' dir='ltr'><strong>quan-it,</strong></span> <span class='ocrx_word' id='word_1_239' title='bbox 1685 3877 1848 3928; x_wconf 88' lang='lat' dir='ltr'><strong>quam</strong></span> <span class='ocrx_word' id='word_1_240' title='bbox 1899 3865 1994 3933; x_wconf 90' lang='lat' dir='ltr'><strong>qui</strong></span> 
     </span>
    </p>
   </div>
   <div class='ocr_carea' id='block_1_39' title="bbox 419 3937 1995 4020">
    <p class='ocr_par' dir='ltr' id='par_1_39' title="bbox 419 3937 1995 4020">
     <span class='ocr_line' id='line_1_40' title="bbox 419 3937 1995 4020; baseline 0.01 -26"><span class='ocrx_word' id='word_1_241' title='bbox 419 3952 530 3994; x_wconf 85' lang='lat' dir='ltr'><strong>non</strong></span> <span class='ocrx_word' id='word_1_242' title='bbox 561 3937 843 3994; x_wconf 87' lang='lat' dir='ltr'><strong>declinans</strong></span> <span class='ocrx_word' id='word_1_243' title='bbox 892 3940 1202 4010; x_wconf 85' lang='lat' dir='ltr'><strong>insequitur</strong></span> <span class='ocrx_word' id='word_1_244' title='bbox 1255 3952 1310 3997; x_wconf 85' lang='lat' dir='ltr'><strong>et</strong></span> <span class='ocrx_word' id='word_1_245' title='bbox 1353 3956 1617 4014; x_wconf 83' lang='lat' dir='ltr'><strong>quantum</strong></span> <span class='ocrx_word' id='word_1_246' title='bbox 1671 3957 1846 4020; x_wconf 87' lang='lat' dir='ltr'><strong>potuit</strong></span> <span class='ocrx_word' id='word_1_247' title='bbox 1877 3970 1995 4009; x_wconf 79' lang='lat' dir='ltr'><strong>am-</strong></span> 
     </span>
    </p>
   </div>
   <div class='ocr_carea' id='block_1_40' title="bbox 422 4031 1996 4112">
    <p class='ocr_par' dir='ltr' id='par_1_40' title="bbox 422 4031 1996 4112">
     <span class='ocr_line' id='line_1_41' title="bbox 422 4031 1996 4112; baseline 0.011 -28"><span class='ocrx_word' id='word_1_248' title='bbox 422 4031 616 4101; x_wconf 78' lang='lat' dir='ltr'><strong>plcxus</strong></span> <span class='ocrx_word' id='word_1_249' title='bbox 640 4038 749 4094; x_wconf 89' lang='lat' dir='ltr'><strong>est,</strong></span> <span class='ocrx_word' id='word_1_250' title='bbox 781 4040 942 4101; x_wconf 88' lang='lat' dir='ltr'><strong>atque</strong></span> <span class='ocrx_word' id='word_1_251' title='bbox 975 4049 1085 4102; x_wconf 88' lang='lat' dir='ltr'><strong>quo</strong></span> <span class='ocrx_word' id='word_1_252' title='bbox 1135 4035 1320 4104; x_wconf 87' lang='lat' dir='ltr'><strong>plures</strong></span> <span class='ocrx_word' id='word_1_253' title='bbox 1353 4047 1529 4106; x_wconf 77' lang='lat' dir='ltr'><strong>potest</strong></span> <span class='ocrx_word' id='word_1_254' title='bbox 1569 4050 1648 4094; x_wconf 89' lang='lat' dir='ltr'><strong>tot</strong></span> <span class='ocrx_word' id='word_1_255' title='bbox 1686 4043 1740 4095; x_wconf 90' lang='lat' dir='ltr'><strong>in</strong></span> <span class='ocrx_word' id='word_1_256' title='bbox 1769 4045 1882 4112; x_wconf 78' lang='lat' dir='ltr'><strong>ipsa</strong></span> <span class='ocrx_word' id='word_1_257' title='bbox 1912 4064 1996 4103; x_wconf 89' lang='lat' dir='ltr'><strong>re-</strong></span> 
     </span>
    </p>
   </div>
   <div class='ocr_carea' id='block_1_41' title="bbox 418 4124 1994 4208">
    <p class='ocr_par' dir='ltr' id='par_1_41' title="bbox 418 4124 1994 4208">
     <span class='ocr_line' id='line_1_42' title="bbox 418 4124 1994 4208; baseline 0 -30"><span class='ocrx_word' id='word_1_258' title='bbox 418 4125 676 4181; x_wconf 85' lang='lat' dir='ltr'><strong>conciliat</strong></span> <span class='ocrx_word' id='word_1_259' title='bbox 704 4135 759 4179; x_wconf 90' lang='lat' dir='ltr'><strong>et</strong></span> <span class='ocrx_word' id='word_1_260' title='bbox 798 4124 1181 4194; x_wconf 80' lang='lat' dir='ltr'><strong>belligerantes</strong></span> <span class='ocrx_word' id='word_1_261' title='bbox 1223 4129 1474 4197; x_wconf 81' lang='lat' dir='ltr'><strong>paciiicat</strong></span> <span class='ocrx_word' id='word_1_262' title='bbox 1503 4147 1596 4200; x_wconf 91' lang='lat' dir='ltr'><strong>per</strong></span> <span class='ocrx_word' id='word_1_263' title='bbox 1631 4133 1826 4203; x_wconf 86' lang='lat' dir='ltr'><strong>ipsam,</strong></span> <span class='ocrx_word' id='word_1_264' title='bbox 1859 4155 1994 4208; x_wconf 61' lang='lat' dir='ltr'><strong>pm-</strong></span> 
     </span>
    </p>
   </div>
   <div class='ocr_carea' id='block_1_42' title="bbox 419 4217 1995 4299">
    <p class='ocr_par' dir='ltr' id='par_1_42' title="bbox 419 4217 1995 4299">
     <span class='ocr_line' id='line_1_43' title="bbox 419 4217 1995 4299; baseline 0.01 -26"><span class='ocrx_word' id='word_1_265' title='bbox 419 4217 582 4273; x_wconf 65' lang='lat' dir='ltr'><strong>celsae</strong></span> <span class='ocrx_word' id='word_1_266' title='bbox 611 4217 889 4271; x_wconf 84' lang='lat' dir='ltr'><strong>ﬁliationis</strong></span> <span class='ocrx_word' id='word_1_267' title='bbox 933 4218 1131 4273; x_wconf 68' lang='lat' dir='ltr'><strong>divina:</strong></span> <span class='ocrx_word' id='word_1_268' title='bbox 1172 4220 1645 4295; x_wconf 85' lang='lat' dir='ltr'><strong>deiﬁcationisque</strong></span> <span class='ocrx_word' id='word_1_269' title='bbox 1676 4229 1875 4299; x_wconf 82' lang='lat' dir='ltr'><strong>dignus</strong></span> <span class='ocrx_word' id='word_1_270' title='bbox 1910 4251 1995 4289; x_wconf 87' lang='lat' dir='ltr'><strong>re-</strong></span> 
     </span>
    </p>
   </div>
   <div class='ocr_carea' id='block_1_43' title="bbox 421 4307 1993 4388">
    <p class='ocr_par' dir='ltr' id='par_1_43' title="bbox 421 4307 1993 4388">
     <span class='ocr_line' id='line_1_44' title="bbox 421 4307 1993 4388; baseline 0.012 -25"><span class='ocrx_word' id='word_1_271' title='bbox 421 4309 724 4380; x_wconf 86' lang='lat' dir='ltr'><strong>putabitur.</strong></span> <span class='ocrx_word' id='word_1_272' title='bbox 761 4307 1084 4362; x_wconf 88' lang='lat' dir='ltr'><strong>Summatim</strong></span> <span class='ocrx_word' id='word_1_273' title='bbox 1112 4310 1384 4378; x_wconf 87' lang='lat' dir='ltr'><strong>dicamus,</strong></span> <span class='ocrx_word' id='word_1_274' title='bbox 1427 4315 1568 4370; x_wconf 87' lang='lat' dir='ltr'><strong>beati</strong></span> <span class='ocrx_word' id='word_1_275' title='bbox 1607 4319 1763 4388; x_wconf 82' lang='lat' dir='ltr'><strong>juxta</strong></span> <span class='ocrx_word' id='word_1_276' title='bbox 1806 4324 1993 4382; x_wconf 84' lang='lat' dir='ltr'><strong>divina</strong></span> 
     </span>
    </p>
   </div>
   <div class='ocr_carea' id='block_1_44' title="bbox 421 4399 1993 4486">
    <p class='ocr_par' dir='ltr' id='par_1_44' title="bbox 421 4399 1993 4486">
     <span class='ocr_line' id='line_1_45' title="bbox 421 4399 1993 4486; baseline 0.012 -32"><span class='ocrx_word' id='word_1_277' title='bbox 421 4401 517 4457; x_wconf 87' lang='lat' dir='ltr'><strong>Dei</strong></span> <span class='ocrx_word' id='word_1_278' title='bbox 568 4399 732 4459; x_wconf 88' lang='lat' dir='ltr'><strong>Verbi</strong></span> <span class='ocrx_word' id='word_1_279' title='bbox 779 4401 1002 4453; x_wconf 89' lang='lat' dir='ltr'><strong>oracula</strong></span> <span class='ocrx_word' id='word_1_280' title='bbox 1048 4415 1237 4458; x_wconf 86' lang='lat' dir='ltr'><strong>omnes</strong></span> <span class='ocrx_word' id='word_1_281' title='bbox 1281 4405 1372 4471; x_wconf 88' lang='lat' dir='ltr'><strong>qni</strong></span> <span class='ocrx_word' id='word_1_282' title='bbox 1422 4412 1852 4476; x_wconf 85' lang='lat' dir='ltr'><strong>persecutionem</strong></span> <span class='ocrx_word' id='word_1_283' title='bbox 1893 4433 1993 4486; x_wconf 86' lang='lat' dir='ltr'><strong>pa-</strong></span> 
     </span>
    </p>
   </div>
   <div class='ocr_carea' id='block_1_45' title="bbox 420 4489 1996 4576">
    <p class='ocr_par' dir='ltr' id='par_1_45' title="bbox 420 4489 1996 4576">
     <span class='ocr_line' id='line_1_46' title="bbox 420 4489 1996 4576; baseline 0.013 -33"><span class='ocrx_word' id='word_1_284' title='bbox 420 4491 639 4549; x_wconf 81' lang='lat' dir='ltr'><strong>tiuntur</strong></span> <span class='ocrx_word' id='word_1_285' title='bbox 670 4497 892 4559; x_wconf 90' lang='lat' dir='ltr'><strong>propter</strong></span> <span class='ocrx_word' id='word_1_286' title='bbox 916 4489 1170 4558; x_wconf 89' lang='lat' dir='ltr'><strong>pietatem</strong></span> <span class='ocrx_word' id='word_1_287' title='bbox 1205 4499 1260 4546; x_wconf 91' lang='lat' dir='ltr'><strong>et</strong></span> <span class='ocrx_word' id='word_1_288' title='bbox 1284 4493 1576 4561; x_wconf 88' lang='lat' dir='ltr'><strong>justitiam,</strong></span> <span class='ocrx_word' id='word_1_289' title='bbox 1615 4516 1804 4558; x_wconf 87' lang='lat' dir='ltr'><strong>omnes</strong></span> <span class='ocrx_word' id='word_1_290' title='bbox 1827 4509 1996 4576; x_wconf 76' lang='lat' dir='ltr'><strong>gratis</strong></span> 
     </span>
    </p>
   </div>
   <div class='ocr_carea' id='block_1_46' title="bbox 420 4582 1996 4662">
    <p class='ocr_par' dir='ltr' id='par_1_46' title="bbox 420 4582 1996 4662">
     <span class='ocr_line' id='line_1_47' title="bbox 420 4582 1996 4662; baseline 0.01 -23"><span class='ocrx_word' id='word_1_291' title='bbox 420 4584 550 4639; x_wconf 86' lang='lat' dir='ltr'><strong>odio</strong></span> <span class='ocrx_word' id='word_1_292' title='bbox 572 4582 744 4636; x_wconf 89' lang='lat' dir='ltr'><strong>habiti</strong></span> <span class='ocrx_word' id='word_1_293' title='bbox 779 4589 834 4635; x_wconf 92' lang='lat' dir='ltr'><strong>et</strong></span> <span class='ocrx_word' id='word_1_294' title='bbox 862 4582 1258 4648; x_wconf 85' lang='lat' dir='ltr'><strong>contumeliose</strong></span> <span class='ocrx_word' id='word_1_295' title='bbox 1292 4588 1500 4656; x_wconf 83' lang='lat' dir='ltr'><strong>accepti</strong></span> <span class='ocrx_word' id='word_1_296' title='bbox 1527 4598 1581 4644; x_wconf 87' lang='lat' dir='ltr'><strong>et</strong></span> <span class='ocrx_word' id='word_1_297' title='bbox 1625 4594 1904 4662; x_wconf 85' lang='lat' dir='ltr'><strong>maledice,</strong></span> <span class='ocrx_word' id='word_1_298' title='bbox 1941 4609 1996 4656; x_wconf 91' lang='lat' dir='ltr'><strong>et</strong></span> 
     </span>
    </p>
   </div>
   <div class='ocr_carea' id='block_1_47' title="bbox 421 4672 1996 4743">
    <p class='ocr_par' dir='ltr' id='par_1_47' title="bbox 421 4672 1996 4743">
     <span class='ocr_line' id='line_1_48' title="bbox 421 4672 1996 4743; baseline 0.008 -16"><span class='ocrx_word' id='word_1_299' title='bbox 421 4674 515 4743; x_wconf 89' lang='lat' dir='ltr'><strong>qui</strong></span> <span class='ocrx_word' id='word_1_300' title='bbox 551 4687 714 4726; x_wconf 89' lang='lat' dir='ltr'><strong>omne</strong></span> <span class='ocrx_word' id='word_1_301' title='bbox 765 4687 936 4741; x_wconf 79' lang='lat' dir='ltr'><strong>genus</strong></span> <span class='ocrx_word' id='word_1_302' title='bbox 986 4672 1248 4725; x_wconf 69' lang='lat' dir='ltr'><strong>molestia:</strong></span> <span class='ocrx_word' id='word_1_303' title='bbox 1286 4681 1341 4726; x_wconf 90' lang='lat' dir='ltr'><strong>et</strong></span> <span class='ocrx_word' id='word_1_304' title='bbox 1379 4675 1628 4730; x_wconf 83' lang='lat' dir='ltr'><strong>dolorum</strong></span> <span class='ocrx_word' id='word_1_305' title='bbox 1678 4687 1733 4734; x_wconf 90' lang='lat' dir='ltr'><strong>et</strong></span> <span class='ocrx_word' id='word_1_306' title='bbox 1781 4687 1996 4739; x_wconf 89' lang='lat' dir='ltr'><strong>crucia-</strong></span> 
     </span>
    </p>
   </div>
   <div class='ocr_carea' id='block_1_48' title="bbox 422 4765 1995 4837">
    <p class='ocr_par' dir='ltr' id='par_1_48' title="bbox 422 4765 1995 4837">
     <span class='ocr_line' id='line_1_49' title="bbox 422 4765 1995 4837; baseline 0.001 -15"><span class='ocrx_word' id='word_1_307' title='bbox 422 4775 576 4822; x_wconf 88' lang='lat' dir='ltr'><strong>tuum</strong></span> <span class='ocrx_word' id='word_1_308' title='bbox 603 4775 658 4822; x_wconf 90' lang='lat' dir='ltr'><strong>et</strong></span> <span class='ocrx_word' id='word_1_309' title='bbox 697 4765 894 4820; x_wconf 90' lang='lat' dir='ltr'><strong>mortis</strong></span> <span class='ocrx_word' id='word_1_310' title='bbox 938 4765 1321 4819; x_wconf 89' lang='lat' dir='ltr'><strong>sustinuerunt</strong></span> <span class='ocrx_word' id='word_1_311' title='bbox 1364 4779 1585 4837; x_wconf 89' lang='lat' dir='ltr'><strong>propter</strong></span> <span class='ocrx_word' id='word_1_312' title='bbox 1620 4769 1749 4830; x_wconf 78' lang='lat' dir='ltr'><strong>Jesu</strong></span> <span class='ocrx_word' id='word_1_313' title='bbox 1791 4774 1995 4833; x_wconf 57' lang='lat' dir='ltr'><strong>Christi</strong></span> 
     </span>
    </p>
   </div>
   <div class='ocr_carea' id='block_1_49' title="bbox 421 4857 1993 4936">
    <p class='ocr_par' dir='ltr' id='par_1_49' title="bbox 421 4857 1993 4936">
     <span class='ocr_line' id='line_1_50' title="bbox 421 4857 1993 4936; baseline 0.006 -20"><span class='ocrx_word' id='word_1_314' title='bbox 421 4875 686 4924; x_wconf 75' lang='lat' dir='ltr'><strong>altiorem,</strong></span> <span class='ocrx_word' id='word_1_315' title='bbox 717 4859 875 4914; x_wconf 77' lang='lat' dir='ltr'><strong>(idem</strong></span> <span class='ocrx_word' id='word_1_316' title='bbox 903 4867 956 4914; x_wconf 91' lang='lat' dir='ltr'><strong>et</strong></span> <span class='ocrx_word' id='word_1_317' title='bbox 995 4857 1362 4919; x_wconf 85' lang='lat' dir='ltr'><strong>veritatem,et</strong></span> <span class='ocrx_word' id='word_1_318' title='bbox 1389 4859 1456 4914; x_wconf 93' lang='lat' dir='ltr'><strong>ad</strong></span> <span class='ocrx_word' id='word_1_319' title='bbox 1481 4861 1639 4918; x_wconf 84' lang='lat' dir='ltr'><strong>ﬁnem</strong></span> <span class='ocrx_word' id='word_1_320' title='bbox 1668 4882 1842 4936; x_wconf 89' lang='lat' dir='ltr'><strong>usque</strong></span> <span class='ocrx_word' id='word_1_321' title='bbox 1868 4885 1993 4926; x_wconf 91' lang='lat' dir='ltr'><strong>cum</strong></span> 
     </span>
    </p>
   </div>
   <div class='ocr_carea' id='block_1_50' title="bbox 420 4951 1996 5026">
    <p class='ocr_par' dir='ltr' id='par_1_50' title="bbox 420 4951 1996 5026">
     <span class='ocr_line' id='line_1_51' title="bbox 420 4951 1996 5026; baseline 0.009 -22"><span class='ocrx_word' id='word_1_322' title='bbox 420 4952 723 5024; x_wconf 69' lang='lat' dir='ltr'><strong>gratiarum</strong></span> <span class='ocrx_word' id='word_1_323' title='bbox 782 4953 997 5006; x_wconf 90' lang='lat' dir='ltr'><strong>actione</strong></span> <span class='ocrx_word' id='word_1_324' title='bbox 1051 4951 1200 5021; x_wconf 83' lang='lat' dir='ltr'><strong>passi</strong></span> <span class='ocrx_word' id='word_1_325' title='bbox 1258 4961 1410 5015; x_wconf 88' lang='lat' dir='ltr'><strong>sunt,</strong></span> <span class='ocrx_word' id='word_1_326' title='bbox 1441 4954 1570 5023; x_wconf 87' lang='lat' dir='ltr'><strong>quia</strong></span> <span class='ocrx_word' id='word_1_327' title='bbox 1619 4956 1864 5026; x_wconf 87' lang='lat' dir='ltr'><strong>ipsorum</strong></span> <span class='ocrx_word' id='word_1_328' title='bbox 1910 4971 1996 5017; x_wconf 79' lang='lat' dir='ltr'><strong>est</strong></span> 
     </span>
    </p>
   </div>
   <div class='ocr_carea' id='block_1_51' title="bbox 423 5043 1996 5115">
    <p class='ocr_par' dir='ltr' id='par_1_51' title="bbox 423 5043 1996 5115">
     <span class='ocr_line' id='line_1_52' title="bbox 423 5043 1996 5115; baseline 0.002 -16"><span class='ocrx_word' id='word_1_329' title='bbox 423 5058 674 5115; x_wconf 76' lang='lat' dir='ltr'><strong>regnum,</strong></span> <span class='ocrx_word' id='word_1_330' title='bbox 713 5043 1017 5114; x_wconf 89' lang='lat' dir='ltr'><strong>horumque</strong></span> <span class='ocrx_word' id='word_1_331' title='bbox 1056 5057 1266 5100; x_wconf 88' lang='lat' dir='ltr'><strong>merces</strong></span> <span class='ocrx_word' id='word_1_332' title='bbox 1307 5059 1432 5101; x_wconf 90' lang='lat' dir='ltr'><strong>vere</strong></span> <span class='ocrx_word' id='word_1_333' title='bbox 1481 5047 1651 5105; x_wconf 86' lang='lat' dir='ltr'><strong>multa</strong></span> <span class='ocrx_word' id='word_1_334' title='bbox 1703 5060 1762 5105; x_wconf 84' lang='lat' dir='ltr'><strong>et</strong></span> <span class='ocrx_word' id='word_1_335' title='bbox 1802 5052 1996 5114; x_wconf 75' lang='lat' dir='ltr'><strong>ineﬂ&#39;a.</strong></span> 
     </span>
    </p>
   </div>
   <div class='ocr_carea' id='block_1_52' title="bbox 422 5134 844 5197">
    <p class='ocr_par' dir='ltr' id='par_1_52' title="bbox 422 5134 844 5197">
     <span class='ocr_line' id='line_1_53' title="bbox 422 5134 844 5197; baseline 0.005 -7"><span class='ocrx_word' id='word_1_336' title='bbox 422 5136 550 5197; x_wconf 84' lang='lat' dir='ltr'><strong>bilis</strong></span> <span class='ocrx_word' id='word_1_337' title='bbox 581 5135 635 5190; x_wconf 89' lang='lat' dir='ltr'><strong>in</strong></span> <span class='ocrx_word' id='word_1_338' title='bbox 668 5134 844 5192; x_wconf 65' lang='lat' dir='ltr'><strong>cretis.</strong></span> 
     </span>
    </p>
   </div>
   <div class='ocr_carea' id='block_1_53' title="bbox 427 5449 1275 5519">
    <p class='ocr_par' dir='ltr' id='par_1_53' title="bbox 427 5449 1275 5519">
     <span class='ocr_line' id='line_1_54' title="bbox 427 5449 1275 5519; baseline 0.004 -16"><span class='ocrx_word' id='word_1_339' title='bbox 427 5450 630 5504; x_wconf 82' lang='lat' dir='ltr'><strong>Horum</strong></span> <span class='ocrx_word' id='word_1_340' title='bbox 652 5464 811 5519; x_wconf 87' lang='lat' dir='ltr'><strong>quam</strong></span> <span class='ocrx_word' id='word_1_341' title='bbox 839 5449 1138 5516; x_wconf 75' lang='lat' dir='ltr'><strong>exoptabis,</strong></span> <span class='ocrx_word' id='word_1_342' title='bbox 1169 5459 1275 5506; x_wconf 88' lang='lat' dir='ltr'><strong>etc.</strong></span> 
     </span>
    </p>
   </div>
   <div class='ocr_carea' id='block_1_54' title="bbox 500 5557 1993 5631">
    <p class='ocr_par' dir='ltr' id='par_1_54' title="bbox 500 5557 1993 5631">
     <span class='ocr_line' id='line_1_55' title="bbox 500 5557 1993 5631; baseline 0.006 -19"><span class='ocrx_word' id='word_1_343' title='bbox 500 5557 653 5612; x_wconf 91' lang='lat' dir='ltr'><strong>Sicut</strong></span> <span class='ocrx_word' id='word_1_344' title='bbox 680 5560 998 5614; x_wconf 90' lang='lat' dir='ltr'><strong>mansiones</strong></span> <span class='ocrx_word' id='word_1_345' title='bbox 1037 5561 1221 5614; x_wconf 65' lang='lat' dir='ltr'><strong>multa:</strong></span> <span class='ocrx_word' id='word_1_346' title='bbox 1267 5561 1411 5631; x_wconf 87' lang='lat' dir='ltr'><strong>apud</strong></span> <span class='ocrx_word' id='word_1_347' title='bbox 1458 5563 1734 5617; x_wconf 82' lang='lat' dir='ltr'><strong>coelest</strong></span> <span class='ocrx_word' id='word_1_348' title='bbox 1779 5563 1993 5624; x_wconf 89' lang='lat' dir='ltr'><strong>Patrem</strong></span> 
     </span>
    </p>
   </div>
   <div class='ocr_carea' id='block_1_55' title="bbox 428 5646 1997 5712">
    <p class='ocr_par' dir='ltr' id='par_1_55' title="bbox 428 5646 1997 5712">
     <span class='ocr_line' id='line_1_56' title="bbox 428 5646 1997 5712; baseline 0.006 -13"><span class='ocrx_word' id='word_1_349' title='bbox 428 5646 746 5712; x_wconf 87' lang='lat' dir='ltr'><strong>creduntur,</strong></span> <span class='ocrx_word' id='word_1_350' title='bbox 777 5648 857 5702; x_wconf 89' lang='lat' dir='ltr'><strong>sic</strong></span> <span class='ocrx_word' id='word_1_351' title='bbox 885 5648 1100 5702; x_wconf 84' lang='lat' dir='ltr'><strong>vivendi</strong></span> <span class='ocrx_word' id='word_1_352' title='bbox 1127 5649 1349 5703; x_wconf 90' lang='lat' dir='ltr'><strong>rationis</strong></span> <span class='ocrx_word' id='word_1_353' title='bbox 1380 5650 1608 5706; x_wconf 71' lang='lat' dir='ltr'><strong>diversae</strong></span> <span class='ocrx_word' id='word_1_354' title='bbox 1632 5654 1815 5708; x_wconf 61' lang='lat' dir='ltr'><strong>multa:</strong></span> <span class='ocrx_word' id='word_1_355' title='bbox 1837 5655 1997 5710; x_wconf 80' lang='lat' dir='ltr'><strong>beati-</strong></span> 
     </span>
    </p>
   </div>
   <div class='ocr_carea' id='block_1_56' title="bbox 430 5737 1994 5814">
    <p class='ocr_par' dir='ltr' id='par_1_56' title="bbox 430 5737 1994 5814">
     <span class='ocr_line' id='line_1_57' title="bbox 430 5737 1994 5814; baseline 0.01 -27"><span class='ocrx_word' id='word_1_356' title='bbox 430 5737 854 5792; x_wconf 85' lang='lat' dir='ltr'><strong>tudinesadillas</strong></span> <span class='ocrx_word' id='word_1_357' title='bbox 875 5739 1190 5794; x_wconf 88' lang='lat' dir='ltr'><strong>mansiones</strong></span> <span class='ocrx_word' id='word_1_358' title='bbox 1220 5740 1443 5794; x_wconf 88' lang='lat' dir='ltr'><strong>ducunt.</strong></span> <span class='ocrx_word' id='word_1_359' title='bbox 1467 5739 1545 5792; x_wconf 87' lang='lat' dir='ltr'><strong>Ad</strong></span> <span class='ocrx_word' id='word_1_360' title='bbox 1559 5759 1720 5812; x_wconf 89' lang='lat' dir='ltr'><strong>quam</strong></span> <span class='ocrx_word' id='word_1_361' title='bbox 1750 5759 1881 5814; x_wconf 81' lang='lat' dir='ltr'><strong>ergo</strong></span> <span class='ocrx_word' id='word_1_362' title='bbox 1907 5761 1994 5801; x_wconf 88' lang='lat' dir='ltr'><strong>se-</strong></span> 
     </span>
    </p>
   </div>
   <div class='ocr_carea' id='block_1_57' title="bbox 435 5823 1996 5914">
    <p class='ocr_par' dir='ltr' id='par_1_57' title="bbox 435 5823 1996 5914">
     <span class='ocr_line' id='line_1_58' title="bbox 435 5823 1996 5914; baseline 0.009 -35"><span class='ocrx_word' id='word_1_363' title='bbox 435 5829 646 5890; x_wconf 70' lang='lat' dir='ltr'><strong>mitam,</strong></span> <span class='ocrx_word' id='word_1_364' title='bbox 664 5823 862 5896; x_wconf 87' lang='lat' dir='ltr'><strong>inquit,</strong></span> <span class='ocrx_word' id='word_1_365' title='bbox 879 5842 999 5914; x_wconf 71' lang='lat' dir='ltr'><strong>quae</strong></span> <span class='ocrx_word' id='word_1_366' title='bbox 1020 5830 1236 5886; x_wconf 86' lang='lat' dir='ltr'><strong>beatum</strong></span> <span class='ocrx_word' id='word_1_367' title='bbox 1251 5830 1464 5901; x_wconf 82' lang='lat' dir='ltr'><strong>eﬂiciat,</strong></span> <span class='ocrx_word' id='word_1_368' title='bbox 1485 5831 1710 5892; x_wconf 81' lang='lat' dir='ltr'><strong>feliciter</strong></span> <span class='ocrx_word' id='word_1_369' title='bbox 1733 5836 1996 5893; x_wconf 86' lang='lat' dir='ltr'><strong>acceden-</strong></span> 
     </span>
    </p>
   </div>
   <div class='ocr_carea' id='block_1_58' title="bbox 1761 373 2282 434">
    <p class='ocr_par' dir='ltr' id='par_1_58' title="bbox 1761 373 2282 434">
     <span class='ocr_line' id='line_1_59' title="bbox 1761 373 2282 434; baseline 0.004 -4"><span class='ocrx_word' id='word_1_370' title='bbox 1761 373 2050 432; x_wconf 67' lang='lat' dir='ltr'><strong>NlCETAS</strong></span> <span class='ocrx_word' id='word_1_371' title='bbox 2075 376 2282 434; x_wconf 75' lang='lat' dir='ltr'><strong>DAVID</strong></span> 
     </span>
    </p>
   </div>
   <div class='ocr_carea' id='block_1_59' title="bbox 3544 367 3649 428">
    <p class='ocr_par' dir='ltr' id='par_1_59' title="bbox 3544 367 3649 428">
     <span class='ocr_line' id='line_1_60' title="bbox 3544 367 3649 428; baseline 0.038 -4"><span class='ocrx_word' id='word_1_372' title='bbox 3544 367 3649 428; x_wconf 71' lang='lat'><strong>768</strong></span> 
     </span>
    </p>
   </div>
   <div class='ocr_carea' id='block_1_60' title="bbox 2081 486 3650 569">
    <p class='ocr_par' dir='ltr' id='par_1_60' title="bbox 2081 486 3650 569">
     <span class='ocr_line' id='line_1_61' title="bbox 2081 486 3650 569; baseline -0.008 -17"><span class='ocrx_word' id='word_1_373' title='bbox 2081 499 2175 553; x_wconf 73' lang='lat' dir='ltr'><strong>atat</strong></span> <span class='ocrx_word' id='word_1_374' title='bbox 2228 497 2523 566; x_wconf 77' lang='grc' dir='ltr'><strong>φωτίζεται</strong></span> <span class='ocrx_word' id='word_1_375' title='bbox 2553 514 2566 526; x_wconf 76' lang='grc'><strong><em>⁸</em></strong></span> <span class='ocrx_word' id='word_1_376' title='bbox 2601 497 2871 569; x_wconf 68' lang='grc' dir='ltr'>μακάριος</span> <span class='ocrx_word' id='word_1_377' title='bbox 2909 495 2967 550; x_wconf 71' lang='grc' dir='ltr'>δὲ</span> <span class='ocrx_word' id='word_1_378' title='bbox 3006 493 3100 548; x_wconf 76' lang='grc' dir='ltr'><strong>καὶ</strong></span> <span class='ocrx_word' id='word_1_379' title='bbox 3141 492 3202 557; x_wconf 84' lang='grc' dir='ltr'>ὃς</span> <span class='ocrx_word' id='word_1_380' title='bbox 3257 489 3346 544; x_wconf 76' lang='grc' dir='ltr'>διὰ</span> <span class='ocrx_word' id='word_1_381' title='bbox 3397 486 3650 559; x_wconf 79' lang='grc' dir='ltr'>πράξεως</span> 
     </span>
    </p>
   </div>
   <div class='ocr_carea' id='block_1_61' title="bbox 2080 577 3652 659">
    <p class='ocr_par' dir='ltr' id='par_1_61' title="bbox 2080 577 3652 659">
     <span class='ocr_line' id='line_1_62' title="bbox 2080 577 3652 659; baseline -0.013 -9"><span class='ocrx_word' id='word_1_382' title='bbox 2080 587 2289 659; x_wconf 73' lang='grc' dir='ltr'>ἀγαθῆς</span> <span class='ocrx_word' id='word_1_383' title='bbox 2336 590 2432 644; x_wconf 76' lang='grc' dir='ltr'>καὶ</span> <span class='ocrx_word' id='word_1_384' title='bbox 2480 588 2737 658; x_wconf 81' lang='grc' dir='ltr'>ἐνεργοῦς</span> <span class='ocrx_word' id='word_1_385' title='bbox 2775 588 2886 642; x_wconf 83' lang='grc' dir='ltr'><strong>τῶν</strong></span> <span class='ocrx_word' id='word_1_386' title='bbox 2930 584 3158 644; x_wconf 81' lang='grc' dir='ltr'>ἐντολῶν</span> <span class='ocrx_word' id='word_1_387' title='bbox 3207 580 3456 651; x_wconf 80' lang='grc' dir='ltr'>φυλακῆς</span> <span class='ocrx_word' id='word_1_388' title='bbox 3494 577 3652 649; x_wconf 77' lang='grc' dir='ltr'>χερσὶ</span> 
     </span>
    </p>
   </div>
   <div class='ocr_carea' id='block_1_62' title="bbox 2079 670 3653 772">
    <p class='ocr_par' dir='ltr' id='par_1_62' title="bbox 2079 670 3653 772">
     <span class='ocr_line' id='line_1_63' title="bbox 2079 670 3653 772; baseline -0.006 -40"><span class='ocrx_word' id='word_1_389' title='bbox 2079 679 2386 750; x_wconf 82' lang='grc' dir='ltr'>δραστικῶς</span> <span class='ocrx_word' id='word_1_390' title='bbox 2413 680 2855 751; x_wconf 79' lang='grc' dir='ltr'><strong>διαπονούμενος,</strong></span> <span class='ocrx_word' id='word_1_391' title='bbox 2892 678 3054 735; x_wconf 81' lang='grc' dir='ltr'>αὐτόν</span> <span class='ocrx_word' id='word_1_392' title='bbox 3087 694 3146 730; x_wconf 84' lang='grc' dir='ltr'><strong>τε</strong></span> <span class='ocrx_word' id='word_1_393' title='bbox 3177 675 3270 730; x_wconf 87' lang='grc' dir='ltr'><strong>τὸν</strong></span> <span class='ocrx_word' id='word_1_394' title='bbox 3303 670 3653 772; x_wconf 65' lang='grc' dir='ltr'>παμϐασιλέα</span> 
     </span>
    </p>
   </div>
   <div class='ocr_carea' id='block_1_63' title="bbox 2082 766 3654 842">
    <p class='ocr_par' dir='ltr' id='par_1_63' title="bbox 2082 766 3654 842">
     <span class='ocr_line' id='line_1_64' title="bbox 2082 766 3654 842; baseline -0.007 -16"><span class='ocrx_word' id='word_1_395' title='bbox 2082 767 2316 840; x_wconf 80' lang='grc' dir='ltr'>Χριστὸν</span> <span class='ocrx_word' id='word_1_396' title='bbox 2360 773 2474 833; x_wconf 84' lang='grc' dir='ltr'>τοῖς</span> <span class='ocrx_word' id='word_1_397' title='bbox 2506 771 2688 841; x_wconf 79' lang='grc' dir='ltr'><strong>ἔργοις</strong></span> <span class='ocrx_word' id='word_1_398' title='bbox 2717 772 2852 842; x_wconf 70' lang='grc' dir='ltr'>τιμᾷ</span> <span class='ocrx_word' id='word_1_399' title='bbox 2871 809 2887 835; x_wconf 94' lang='grc'><strong>,</strong></span> <span class='ocrx_word' id='word_1_400' title='bbox 2917 769 3011 822; x_wconf 79' lang='grc' dir='ltr'>καὶ</span> <span class='ocrx_word' id='word_1_401' title='bbox 3034 766 3248 832; x_wconf 72' lang='grc' dir='ltr'>πολλοῖς</span> <span class='ocrx_word' id='word_1_402' title='bbox 3281 766 3654 836; x_wconf 77' lang='grc' dir='ltr'><strong>πνευματικοῦ</strong></span> 
     </span>
    </p>
   </div>
   <div class='ocr_carea' id='block_1_64' title="bbox 2083 860 2764 932">
    <p class='ocr_par' dir='ltr' id='par_1_64' title="bbox 2083 860 2764 932">
     <span class='ocr_line' id='line_1_65' title="bbox 2083 860 2764 932; baseline 0.006 -19"><span class='ocrx_word' id='word_1_403' title='bbox 2083 860 2201 930; x_wconf 84' lang='grc' dir='ltr'>βίου</span> <span class='ocrx_word' id='word_1_404' title='bbox 2229 861 2394 932; x_wconf 84' lang='grc' dir='ltr'>νόμος</span> <span class='ocrx_word' id='word_1_405' title='bbox 2423 862 2764 919; x_wconf 76' lang='grc' dir='ltr'><strong>καθίσταται.</strong></span> 
     </span>
    </p>
   </div>
   <div class='ocr_carea' id='block_1_65' title="bbox 2081 949 3658 1092">
    <p class='ocr_par' dir='ltr' id='par_1_65' title="bbox 2081 949 3658 1092">
     <span class='ocr_line' id='line_1_66' title="bbox 2081 949 3658 1092; baseline -0.01 -77"><span class='ocrx_word' id='word_1_406' title='bbox 2081 953 2145 1015; x_wconf 68' lang='grc'><strong>21</strong></span> <span class='ocrx_word' id='word_1_407' title='bbox 2181 953 2386 1014; x_wconf 77' lang='grc' dir='ltr'>Πάντα</span> <span class='ocrx_word' id='word_1_408' title='bbox 2413 953 2544 1011; x_wconf 83' lang='grc' dir='ltr'>τάδ’</span> <span class='ocrx_word' id='word_1_409' title='bbox 2570 955 2864 1025; x_wconf 76' lang='grc' dir='ltr'><strong>οὐρανίων</strong></span> <span class='ocrx_word' id='word_1_410' title='bbox 2891 949 3514 1092; x_wconf 45' lang='grc' dir='ltr'>πληρώμαῖῗῶξπῇετξ</span> <span class='ocrx_word' id='word_1_411' title='bbox 3536 949 3658 1071; x_wconf 52' lang='lat' dir='ltr'><strong>gin-</strong></span> 
     </span>
    </p>
   </div>
   <div class='ocr_carea' id='block_1_66' title="bbox 2153 1113 3656 1192">
    <p class='ocr_par' dir='ltr' id='par_1_66' title="bbox 2153 1113 3656 1192">
     <span class='ocr_line' id='line_1_67' title="bbox 2153 1113 3656 1192; baseline 0.007 -20"><span class='ocrx_word' id='word_1_412' title='bbox 2153 1115 2361 1181; x_wconf 82' lang='grc' dir='ltr'><strong>Πάντα,</strong></span> <span class='ocrx_word' id='word_1_413' title='bbox 2399 1117 2566 1192; x_wconf 77' lang='grc' dir='ltr'>φησὶν</span> <span class='ocrx_word' id='word_1_414' title='bbox 2592 1119 2620 1172; x_wconf 84' lang='grc' dir='ltr'><strong>ό</strong></span> <span class='ocrx_word' id='word_1_415' title='bbox 2647 1118 2789 1184; x_wconf 87' lang='grc' dir='ltr'>θεῖος</span> <span class='ocrx_word' id='word_1_416' title='bbox 2809 1119 3148 1184; x_wconf 77' lang='grc' dir='ltr'>διδάσκαλος,</span> <span class='ocrx_word' id='word_1_417' title='bbox 3177 1115 3246 1175; x_wconf 78' lang='grc' dir='ltr'>τὰ</span> <span class='ocrx_word' id='word_1_418' title='bbox 3273 1113 3384 1167; x_wconf 77' lang='grc' dir='ltr'><strong>τῶν</strong></span> <span class='ocrx_word' id='word_1_419' title='bbox 3416 1127 3656 1183; x_wconf 82' lang='grc' dir='ltr'>μακαρι-</span> 
     </span>
    </p>
   </div>
   <div class='ocr_carea' id='block_1_67' title="bbox 2085 1204 3658 1282">
    <p class='ocr_par' dir='ltr' id='par_1_67' title="bbox 2085 1204 3658 1282">
     <span class='ocr_line' id='line_1_68' title="bbox 2085 1204 3658 1282; baseline -0.004 -23"><span class='ocrx_word' id='word_1_420' title='bbox 2085 1205 2327 1282; x_wconf 78' lang='grc' dir='ltr'>ζομένων</span> <span class='ocrx_word' id='word_1_421' title='bbox 2352 1209 2466 1280; x_wconf 81' lang='grc' dir='ltr'>εἴδη</span> <span class='ocrx_word' id='word_1_422' title='bbox 2509 1210 2695 1280; x_wconf 69' lang='grc' dir='ltr'>ψυχῶν</span> <span class='ocrx_word' id='word_1_423' title='bbox 2717 1253 2731 1276; x_wconf 92' lang='grc'><strong>,</strong></span> <span class='ocrx_word' id='word_1_424' title='bbox 2767 1211 2940 1266; x_wconf 84' lang='grc' dir='ltr'>ταῦτα</span> <span class='ocrx_word' id='word_1_425' title='bbox 2976 1209 3320 1282; x_wconf 85' lang='grc' dir='ltr'><strong>πληρώματα</strong></span> <span class='ocrx_word' id='word_1_426' title='bbox 3353 1205 3462 1258; x_wconf 88' lang='grc' dir='ltr'><strong>τῶν</strong></span> <span class='ocrx_word' id='word_1_427' title='bbox 3490 1204 3658 1274; x_wconf 88' lang='grc' dir='ltr'>οὐρα-</span> 
     </span>
    </p>
   </div>
   <div class='ocr_carea' id='block_1_68' title="bbox 2084 1277 3663 1374">
    <p class='ocr_par' dir='ltr' id='par_1_68' title="bbox 2084 1293 3663 1374">
     <span class='ocr_line' id='line_1_69' title="bbox 2084 1293 3663 1374; baseline -0.001 -28"><span class='ocrx_word' id='word_1_428' title='bbox 2084 1295 2214 1354; x_wconf 87' lang='grc' dir='ltr'>νίων</span> <span class='ocrx_word' id='word_1_429' title='bbox 2255 1298 2479 1354; x_wconf 75' lang='grc' dir='ltr'><strong>ἐκείνων</strong></span> <span class='ocrx_word' id='word_1_430' title='bbox 2523 1299 2755 1370; x_wconf 83' lang='grc' dir='ltr'>ὑπάρχει</span> <span class='ocrx_word' id='word_1_431' title='bbox 2795 1300 3005 1372; x_wconf 81' lang='grc' dir='ltr'>ληνῶν,</span> <span class='ocrx_word' id='word_1_432' title='bbox 3037 1301 3155 1374; x_wconf 75' lang='grc' dir='ltr'>ἢτοι</span> <span class='ocrx_word' id='word_1_433' title='bbox 3198 1295 3374 1368; x_wconf 87' lang='grc' dir='ltr'>μονῶν</span> <span class='ocrx_word' id='word_1_434' title='bbox 3407 1293 3504 1348; x_wconf 81' lang='grc' dir='ltr'><strong>καὶ</strong></span> <span class='ocrx_word' id='word_1_435' title='bbox 3529 1294 3663 1346; x_wconf 85' lang='grc' dir='ltr'>ἀπο-</span> 
     </span>
    </p>
   </div>
   <div class='ocr_carea' id='block_1_69' title="bbox 2085 1384 3664 1463">
    <p class='ocr_par' dir='ltr' id='par_1_69' title="bbox 2085 1384 3664 1463">
     <span class='ocr_line' id='line_1_70' title="bbox 2085 1384 3664 1463; baseline 0.008 -25"><span class='ocrx_word' id='word_1_436' title='bbox 2085 1385 2270 1457; x_wconf 88' lang='grc' dir='ltr'>θηκῶν</span> <span class='ocrx_word' id='word_1_437' title='bbox 2299 1387 2394 1442; x_wconf 93' lang='grc' dir='ltr'><strong>τοῦ</strong></span> <span class='ocrx_word' id='word_1_438' title='bbox 2423 1389 2559 1442; x_wconf 85' lang='grc' dir='ltr'>Θεοῦ</span> <span class='ocrx_word' id='word_1_439' title='bbox 2581 1431 2595 1454; x_wconf 96' lang='grc'><strong>,</strong></span> <span class='ocrx_word' id='word_1_440' title='bbox 2630 1391 2696 1452; x_wconf 74' lang='grc' dir='ltr'>ἃς</span> <span class='ocrx_word' id='word_1_441' title='bbox 2727 1390 3083 1463; x_wconf 85' lang='grc' dir='ltr'>ὐποδεκτρίας</span> <span class='ocrx_word' id='word_1_442' title='bbox 3101 1429 3116 1452; x_wconf 88' lang='grc'><strong>,</strong></span> <span class='ocrx_word' id='word_1_443' title='bbox 3157 1388 3335 1444; x_wconf 79' lang='grc' dir='ltr'>εῖτουν</span> <span class='ocrx_word' id='word_1_444' title='bbox 3363 1384 3664 1456; x_wconf 64' lang='grc' dir='ltr'>ὑποδοχὰς.</span> 
     </span>
    </p>
   </div>
   <div class='ocr_carea' id='block_1_70' title="bbox 2083 1480 3664 1554">
    <p class='ocr_par' dir='ltr' id='par_1_70' title="bbox 2083 1480 3664 1554">
     <span class='ocr_line' id='line_1_71' title="bbox 2083 1480 3664 1554; baseline -0.003 -17"><span class='ocrx_word' id='word_1_445' title='bbox 2083 1480 2178 1537; x_wconf 85' lang='grc' dir='ltr'><strong>τοῦ</strong></span> <span class='ocrx_word' id='word_1_446' title='bbox 2209 1481 2425 1554; x_wconf 84' lang='grc' dir='ltr'>καρποῦ</span> <span class='ocrx_word' id='word_1_447' title='bbox 2450 1482 2560 1537; x_wconf 91' lang='grc' dir='ltr'><strong>τῶν</strong></span> <span class='ocrx_word' id='word_1_448' title='bbox 2592 1483 2874 1554; x_wconf 82' lang='grc' dir='ltr'><strong>ἡμετέρων</strong></span> <span class='ocrx_word' id='word_1_449' title='bbox 2901 1481 3086 1552; x_wconf 79' lang='grc' dir='ltr'>ψυχῶν</span> <span class='ocrx_word' id='word_1_450' title='bbox 3120 1485 3147 1536; x_wconf 88' lang='grc' dir='ltr'><strong>ό</strong></span> <span class='ocrx_word' id='word_1_451' title='bbox 3174 1482 3362 1552; x_wconf 80' lang='grc' dir='ltr'>Πατὴρ</span> <span class='ocrx_word' id='word_1_452' title='bbox 3407 1495 3664 1551; x_wconf 79' lang='grc' dir='ltr'>προητοι-</span> 
     </span>
    </p>
   </div>
   <div class='ocr_carea' id='block_1_71' title="bbox 2090 1569 3668 1646">
    <p class='ocr_par' dir='ltr' id='par_1_71' title="bbox 2090 1569 3668 1646">
     <span class='ocr_line' id='line_1_72' title="bbox 2090 1569 3668 1646; baseline -0.001 -20"><span class='ocrx_word' id='word_1_453' title='bbox 2090 1572 2323 1642; x_wconf 83' lang='grc' dir='ltr'>μάσατο,</span> <span class='ocrx_word' id='word_1_454' title='bbox 2357 1574 2524 1644; x_wconf 81' lang='grc' dir='ltr'>ἄλλης</span> <span class='ocrx_word' id='word_1_455' title='bbox 2553 1576 2754 1646; x_wconf 82' lang='grc' dir='ltr'>ἀρετῆς</span> <span class='ocrx_word' id='word_1_456' title='bbox 2773 1577 2858 1628; x_wconf 84' lang='grc' dir='ltr'>ἐπ’</span> <span class='ocrx_word' id='word_1_457' title='bbox 2889 1575 3055 1644; x_wconf 83' lang='grc' dir='ltr'>ἀλλην</span> <span class='ocrx_word' id='word_1_458' title='bbox 3087 1574 3327 1643; x_wconf 79' lang='grc' dir='ltr'><strong>ἀγούσης</strong></span> <span class='ocrx_word' id='word_1_459' title='bbox 3360 1570 3544 1642; x_wconf 83' lang='grc' dir='ltr'>χώραν</span> <span class='ocrx_word' id='word_1_460' title='bbox 3569 1569 3668 1626; x_wconf 68' lang='grc' dir='ltr'>καὶ</span> 
     </span>
    </p>
   </div>
   <div class='ocr_carea' id='block_1_72' title="bbox 2087 1660 3666 1736">
    <p class='ocr_par' dir='ltr' id='par_1_72' title="bbox 2087 1660 3666 1736">
     <span class='ocr_line' id='line_1_73' title="bbox 2087 1660 3666 1736; baseline -0.003 -19"><span class='ocrx_word' id='word_1_461' title='bbox 2087 1667 2432 1722; x_wconf 88' lang='grc' dir='ltr'>κατάπαυσιν</span> <span class='ocrx_word' id='word_1_462' title='bbox 2475 1683 2488 1696; x_wconf 90' lang='grc'><strong>·</strong></span> <span class='ocrx_word' id='word_1_463' title='bbox 2537 1667 2748 1719; x_wconf 86' lang='grc' dir='ltr'>πολλῶν</span> <span class='ocrx_word' id='word_1_464' title='bbox 2803 1667 2913 1736; x_wconf 86' lang='grc' dir='ltr'>γὰρ</span> <span class='ocrx_word' id='word_1_465' title='bbox 2973 1665 3231 1732; x_wconf 77' lang='grc' dir='ltr'>ἀξιοθέων</span> <span class='ocrx_word' id='word_1_466' title='bbox 3284 1663 3414 1734; x_wconf 84' lang='grc' dir='ltr'>βίων</span> <span class='ocrx_word' id='word_1_467' title='bbox 3471 1660 3666 1718; x_wconf 74' lang='grc' dir='ltr'>πολλαὶ</span> 
     </span>
    </p>
   </div>
   <div class='ocr_carea' id='block_1_73' title="bbox 2088 1757 3017 1828">
    <p class='ocr_par' dir='ltr' id='par_1_73' title="bbox 2088 1757 3017 1828">
     <span class='ocr_line' id='line_1_74' title="bbox 2088 1757 3017 1828; baseline 0.005 -21"><span class='ocrx_word' id='word_1_468' title='bbox 2088 1759 2493 1826; x_wconf 75' lang='grc' dir='ltr'>προεστήκασιν</span> <span class='ocrx_word' id='word_1_469' title='bbox 2527 1758 2809 1826; x_wconf 78' lang='grc' dir='ltr'>εὐτρεπεῖς</span> <span class='ocrx_word' id='word_1_470' title='bbox 2839 1757 3017 1828; x_wconf 85' lang='grc' dir='ltr'>μοναί.</span> 
     </span>
    </p>
   </div>
   <div class='ocr_carea' id='block_1_74' title="bbox 2091 1848 2992 1917">
    <p class='ocr_par' dir='ltr' id='par_1_74' title="bbox 2091 1848 2992 1917">
     <span class='ocr_line' id='line_1_75' title="bbox 2091 1848 2992 1917; baseline 0 -17"><span class='ocrx_word' id='word_1_471' title='bbox 2091 1848 2332 1914; x_wconf 77' lang='grc' dir='ltr'>Ὀλὸιος</span> <span class='ocrx_word' id='word_1_472' title='bbox 2361 1849 2434 1901; x_wconf 78' lang='grc' dir='ltr'><strong>ὃν</strong></span> <span class='ocrx_word' id='word_1_473' title='bbox 2457 1849 2718 1917; x_wconf 79' lang='grc' dir='ltr'>πτωχὸν,</span> <span class='ocrx_word' id='word_1_474' title='bbox 2750 1867 2803 1901; x_wconf 90' lang='grc' dir='ltr'><strong>κ.</strong></span> <span class='ocrx_word' id='word_1_475' title='bbox 2833 1867 2882 1902; x_wconf 89' lang='grc' dir='ltr'><strong>τ.</strong></span> <span class='ocrx_word' id='word_1_476' title='bbox 2913 1848 2992 1914; x_wconf 76' lang='grc' dir='ltr'><strong>ἐξ.</strong></span> 
     </span>
    </p>
   </div>
   <div class='ocr_carea' id='block_1_75' title="bbox 2170 1933 3678 2012">
    <p class='ocr_par' dir='ltr' id='par_1_75' title="bbox 2170 1933 3678 2012">
     <span class='ocr_line' id='line_1_76' title="bbox 2170 1933 3678 2012; baseline -0.004 -19"><span class='ocrx_word' id='word_1_477' title='bbox 2170 1941 2451 1994; x_wconf 79' lang='grc' dir='ltr'>Ἐντεῦθεν</span> <span class='ocrx_word' id='word_1_478' title='bbox 2510 1943 2636 2004; x_wconf 84' lang='grc' dir='ltr'><strong>τούς</strong></span> <span class='ocrx_word' id='word_1_479' title='bbox 2695 1942 2847 2012; x_wconf 84' lang='grc' dir='ltr'>παρὰ</span> <span class='ocrx_word' id='word_1_480' title='bbox 2894 1941 2972 2011; x_wconf 81' lang='grc' dir='ltr'><strong>τῷ</strong></span> <span class='ocrx_word' id='word_1_481' title='bbox 3033 1938 3353 2008; x_wconf 80' lang='grc' dir='ltr'>Εὑαγγελίῳ</span> <span class='ocrx_word' id='word_1_482' title='bbox 3414 1936 3503 1990; x_wconf 83' lang='grc' dir='ltr'><strong>διά</strong></span> <span class='ocrx_word' id='word_1_483' title='bbox 3556 1933 3678 1987; x_wconf 72' lang='grc' dir='ltr'><strong>τῶν</strong></span> 
     </span>
    </p>
   </div>
   <div class='ocr_carea' id='block_1_76' title="bbox 2087 2026 3669 2103">
    <p class='ocr_par' dir='ltr' id='par_1_76' title="bbox 2087 2026 3669 2103">
     <span class='ocr_line' id='line_1_77' title="bbox 2087 2026 3669 2103; baseline -0.004 -21"><span class='ocrx_word' id='word_1_484' title='bbox 2087 2031 2236 2084; x_wconf 83' lang='grc' dir='ltr'>ἐπῶν</span> <span class='ocrx_word' id='word_1_485' title='bbox 2292 2033 2571 2102; x_wconf 82' lang='grc' dir='ltr'>ὲπιτόμως</span> <span class='ocrx_word' id='word_1_486' title='bbox 2621 2032 2846 2097; x_wconf 82' lang='grc' dir='ltr'>διέξεισι</span> <span class='ocrx_word' id='word_1_487' title='bbox 2916 2032 3340 2103; x_wconf 82' lang='grc' dir='ltr'>μακαρισμοὺς,</span> <span class='ocrx_word' id='word_1_488' title='bbox 3400 2026 3669 2099; x_wconf 82' lang='grc' dir='ltr'>μακάριον</span> 
     </span>
    </p>
   </div>
   <div class='ocr_carea' id='block_1_77' title="bbox 2088 2117 3678 2194">
    <p class='ocr_par' dir='ltr' id='par_1_77' title="bbox 2088 2117 3678 2194">
     <span class='ocr_line' id='line_1_78' title="bbox 2088 2117 3678 2194; baseline -0.003 -19"><span class='ocrx_word' id='word_1_489' title='bbox 2088 2119 2227 2176; x_wconf 79' lang='grc' dir='ltr'>εἶναι</span> <span class='ocrx_word' id='word_1_490' title='bbox 2260 2123 2451 2191; x_wconf 82' lang='grc' dir='ltr'>λέγων,</span> <span class='ocrx_word' id='word_1_491' title='bbox 2486 2124 2544 2176; x_wconf 79' lang='grc' dir='ltr'>ὃν</span> <span class='ocrx_word' id='word_1_492' title='bbox 2577 2125 2790 2194; x_wconf 74' lang='grc' dir='ltr'>πτωχὸν</span> <span class='ocrx_word' id='word_1_493' title='bbox 2817 2127 2928 2187; x_wconf 85' lang='grc' dir='ltr'>τοῖς</span> <span class='ocrx_word' id='word_1_494' title='bbox 2959 2126 3207 2184; x_wconf 80' lang='grc' dir='ltr'>πάθεσιν,</span> <span class='ocrx_word' id='word_1_495' title='bbox 3238 2123 3266 2175; x_wconf 81' lang='grc' dir='ltr'>ὃ</span> <span class='ocrx_word' id='word_1_496' title='bbox 3294 2123 3440 2173; x_wconf 84' lang='grc' dir='ltr'>ἐστιν</span> <span class='ocrx_word' id='word_1_497' title='bbox 3483 2117 3678 2187; x_wconf 26' lang='grc' dir='ltr'>ἀπαθῆ,</span> 
     </span>
    </p>
   </div>
   <div class='ocr_carea' id='block_1_78' title="bbox 2087 2209 3672 2287">
    <p class='ocr_par' dir='ltr' id='par_1_78' title="bbox 2087 2209 3672 2287">
     <span class='ocr_line' id='line_1_79' title="bbox 2087 2209 3672 2287; baseline -0.004 -21"><span class='ocrx_word' id='word_1_498' title='bbox 2087 2215 2148 2267; x_wconf 76' lang='grc' dir='ltr'>τὸ</span> <span class='ocrx_word' id='word_1_499' title='bbox 2191 2215 2414 2284; x_wconf 78' lang='grc' dir='ltr'><strong>Πνεῦμα</strong></span> <span class='ocrx_word' id='word_1_500' title='bbox 2457 2214 2518 2268; x_wconf 89' lang='grc' dir='ltr'><strong>τὸ</strong></span> <span class='ocrx_word' id='word_1_501' title='bbox 2564 2216 2717 2284; x_wconf 81' lang='grc' dir='ltr'>ἆγιον</span> <span class='ocrx_word' id='word_1_502' title='bbox 2762 2216 3082 2284; x_wconf 71' lang='grc' dir='ltr'><strong>ἀπέφηνεν⁹</strong></span> <span class='ocrx_word' id='word_1_503' title='bbox 3113 2213 3225 2287; x_wconf 75' lang='grc' dir='ltr'><strong>τῶν</strong></span> <span class='ocrx_word' id='word_1_504' title='bbox 3269 2211 3526 2266; x_wconf 75' lang='grc' dir='ltr'>τοιούτων</span> <span class='ocrx_word' id='word_1_505' title='bbox 3561 2209 3672 2280; x_wconf 73' lang='grc' dir='ltr'>γὰρ</span> 
     </span>
    </p>
   </div>
   <div class='ocr_carea' id='block_1_79' title="bbox 2089 2300 3670 2377">
    <p class='ocr_par' dir='ltr' id='par_1_79' title="bbox 2089 2300 3670 2377">
     <span class='ocr_line' id='line_1_80' title="bbox 2089 2300 3670 2377; baseline -0.004 -20"><span class='ocrx_word' id='word_1_506' title='bbox 2089 2302 2226 2358; x_wconf 77' lang='grc' dir='ltr'>εἶναι</span> <span class='ocrx_word' id='word_1_507' title='bbox 2254 2305 2480 2376; x_wconf 77' lang='grc' dir='ltr'>τὴντῶν</span> <span class='ocrx_word' id='word_1_508' title='bbox 2521 2306 2766 2377; x_wconf 78' lang='grc' dir='ltr'>οὐρανῶν</span> <span class='ocrx_word' id='word_1_509' title='bbox 2811 2306 3088 2375; x_wconf 83' lang='grc' dir='ltr'>βασιλείαν</span> <span class='ocrx_word' id='word_1_510' title='bbox 3132 2303 3354 2374; x_wconf 79' lang='grc' dir='ltr'>δηλαδή.</span> <span class='ocrx_word' id='word_1_511' title='bbox 3409 2300 3670 2372; x_wconf 80' lang='grc' dir='ltr'>Δεύτερον</span> 
     </span>
    </p>
   </div>
   <div class='ocr_carea' id='block_1_80' title="bbox 2089 2393 3671 2468">
    <p class='ocr_par' dir='ltr' id='par_1_80' title="bbox 2089 2393 3671 2468">
     <span class='ocr_line' id='line_1_81' title="bbox 2089 2393 3671 2468; baseline -0.004 -21"><span class='ocrx_word' id='word_1_512' title='bbox 2089 2395 2145 2447; x_wconf 82' lang='grc' dir='ltr'>δὲ</span> <span class='ocrx_word' id='word_1_513' title='bbox 2184 2398 2212 2448; x_wconf 88' lang='grc' dir='ltr'><strong>ό</strong></span> <span class='ocrx_word' id='word_1_514' title='bbox 2252 2395 2408 2463; x_wconf 81' lang='grc' dir='ltr'>λόγος</span> <span class='ocrx_word' id='word_1_515' title='bbox 2449 2397 2763 2468; x_wconf 77' lang='grc' dir='ltr'><strong>μακαρίζει,</strong></span> <span class='ocrx_word' id='word_1_516' title='bbox 2793 2397 2852 2460; x_wconf 80' lang='grc' dir='ltr'>ὃς</span> <span class='ocrx_word' id='word_1_517' title='bbox 2893 2397 2992 2467; x_wconf 79' lang='grc' dir='ltr'>τὴν</span> <span class='ocrx_word' id='word_1_518' title='bbox 3037 2394 3270 2449; x_wconf 85' lang='grc' dir='ltr'>ἐνταῦθα</span> <span class='ocrx_word' id='word_1_519' title='bbox 3306 2393 3451 2462; x_wconf 73' lang='grc' dir='ltr'>ζωὴν</span> <span class='ocrx_word' id='word_1_520' title='bbox 3490 2393 3671 2444; x_wconf 74' lang='grc' dir='ltr'>πᾶσαν</span> 
     </span>
    </p>
   </div>
   <div class='ocr_carea' id='block_1_81' title="bbox 2090 2479 3674 2554">
    <p class='ocr_par' dir='ltr' id='par_1_81' title="bbox 2090 2479 3674 2554">
     <span class='ocr_line' id='line_1_82' title="bbox 2090 2479 3674 2554; baseline 0.004 -18"><span class='ocrx_word' id='word_1_521' title='bbox 2090 2485 2357 2554; x_wconf 83' lang='grc' dir='ltr'>ἐπαινετῷ</span> <span class='ocrx_word' id='word_1_522' title='bbox 2408 2487 2590 2538; x_wconf 80' lang='grc' dir='ltr'>πένθει</span> <span class='ocrx_word' id='word_1_523' title='bbox 2641 2485 2884 2549; x_wconf 79' lang='grc' dir='ltr'>πενθῶν,</span> <span class='ocrx_word' id='word_1_524' title='bbox 2935 2485 3030 2537; x_wconf 76' lang='grc' dir='ltr'>καὶ</span> <span class='ocrx_word' id='word_1_525' title='bbox 3081 2480 3515 2553; x_wconf 68' lang='grc' dir='ltr'>σκυθρωπάζων,</span> <span class='ocrx_word' id='word_1_526' title='bbox 3578 2479 3674 2530; x_wconf 54' lang='grc' dir='ltr'><strong>καὶ</strong></span> 
     </span>
    </p>
   </div>
   <div class='ocr_carea' id='block_1_82' title="bbox 2090 2569 3678 2649">
    <p class='ocr_par' dir='ltr' id='par_1_82' title="bbox 2090 2569 3678 2649">
     <span class='ocr_line' id='line_1_83' title="bbox 2090 2569 3678 2649; baseline -0.006 -18"><span class='ocrx_word' id='word_1_527' title='bbox 2090 2579 2510 2649; x_wconf 79' lang='grc' dir='ltr'>ταπεινούμενος</span> <span class='ocrx_word' id='word_1_528' title='bbox 2541 2578 2831 2649; x_wconf 80' lang='grc' dir='ltr'>πορεύεται</span> <span class='ocrx_word' id='word_1_529' title='bbox 2860 2595 2872 2608; x_wconf 77' lang='grc' dir='ltr'><strong>ο</strong></span> <span class='ocrx_word' id='word_1_530' title='bbox 2906 2573 3058 2639; x_wconf 73' lang='grc' dir='ltr'>οὗτος</span> <span class='ocrx_word' id='word_1_531' title='bbox 3089 2576 3197 2643; x_wconf 86' lang='grc' dir='ltr'>γὰρ</span> <span class='ocrx_word' id='word_1_532' title='bbox 3225 2573 3316 2626; x_wconf 72' lang='grc' dir='ltr'>καὶ</span> <span class='ocrx_word' id='word_1_533' title='bbox 3341 2572 3439 2641; x_wconf 84' lang='grc' dir='ltr'>τῆς</span> <span class='ocrx_word' id='word_1_534' title='bbox 3470 2569 3678 2623; x_wconf 82' lang='grc' dir='ltr'>ἄνωθεν</span> 
     </span>
    </p>
   </div>
   <div class='ocr_carea' id='block_1_83' title="bbox 2093 2662 3674 2742">
    <p class='ocr_par' dir='ltr' id='par_1_83' title="bbox 2093 2662 3674 2742">
     <span class='ocr_line' id='line_1_84' title="bbox 2093 2662 3674 2742; baseline -0.007 -18"><span class='ocrx_word' id='word_1_535' title='bbox 2093 2672 2493 2742; x_wconf 83' lang='grc' dir='ltr'>παρακλήσεως</span> <span class='ocrx_word' id='word_1_536' title='bbox 2525 2669 2906 2739; x_wconf 81' lang='grc' dir='ltr'>ἀξιωθήσεται.</span> <span class='ocrx_word' id='word_1_537' title='bbox 2945 2667 3088 2738; x_wconf 77' lang='grc' dir='ltr'>Πρὸς</span> <span class='ocrx_word' id='word_1_538' title='bbox 3116 2662 3197 2729; x_wconf 84' lang='grc' dir='ltr'>οἷς</span> <span class='ocrx_word' id='word_1_539' title='bbox 3222 2667 3316 2718; x_wconf 82' lang='grc' dir='ltr'><strong>καὶ</strong></span> <span class='ocrx_word' id='word_1_540' title='bbox 3338 2667 3365 2722; x_wconf 86' lang='grc' dir='ltr'>ὁ</span> <span class='ocrx_word' id='word_1_541' title='bbox 3387 2663 3484 2732; x_wconf 84' lang='grc' dir='ltr'><strong>τῆς</strong></span> <span class='ocrx_word' id='word_1_542' title='bbox 3510 2663 3674 2732; x_wconf 81' lang='grc' dir='ltr'>οὐρα-</span> 
     </span>
    </p>
   </div>
   <div class='ocr_carea' id='block_1_84' title="bbox 2091 2753 3670 2834">
    <p class='ocr_par' dir='ltr' id='par_1_84' title="bbox 2091 2753 3670 2834">
     <span class='ocr_line' id='line_1_85' title="bbox 2091 2753 3670 2834; baseline -0.005 -17"><span class='ocrx_word' id='word_1_543' title='bbox 2091 2765 2210 2828; x_wconf 88' lang='grc' dir='ltr'>νίας</span> <span class='ocrx_word' id='word_1_544' title='bbox 2229 2763 2486 2834; x_wconf 81' lang='grc' dir='ltr'>τροφῆςῆ</span> <span class='ocrx_word' id='word_1_545' title='bbox 2507 2761 2850 2830; x_wconf 81' lang='grc' dir='ltr'>δικαιοσύνης</span> <span class='ocrx_word' id='word_1_546' title='bbox 2877 2758 3189 2828; x_wconf 82' lang='grc' dir='ltr'>ἀκορέστως</span> <span class='ocrx_word' id='word_1_547' title='bbox 3220 2755 3360 2824; x_wconf 81' lang='grc' dir='ltr'>ἐρῶν</span> <span class='ocrx_word' id='word_1_548' title='bbox 3381 2753 3670 2823; x_wconf 81' lang='grc' dir='ltr'>μακάριος,</span> 
     </span>
    </p>
   </div>
   <div class='ocr_carea' id='block_1_85' title="bbox 2093 2846 3670 2944">
    <p class='ocr_par' dir='ltr' id='par_1_85' title="bbox 2093 2846 3670 2944">
     <span class='ocr_line' id='line_1_86' title="bbox 2093 2846 3670 2944; baseline -0.008 -33"><span class='ocrx_word' id='word_1_549' title='bbox 2093 2860 2174 2912; x_wconf 86' lang='grc' dir='ltr'>ὅτι</span> <span class='ocrx_word' id='word_1_550' title='bbox 2205 2857 2636 2928; x_wconf 88' lang='grc' dir='ltr'>χορτασθήσεται</span> <span class='ocrx_word' id='word_1_551' title='bbox 2671 2855 2862 2924; x_wconf 76' lang='grc' dir='ltr'>αὐτῆς.</span> <span class='ocrx_word' id='word_1_552' title='bbox 2899 2852 3014 2920; x_wconf 82' lang='grc' dir='ltr'><strong>Ἐφ’</strong></span> <span class='ocrx_word' id='word_1_553' title='bbox 3054 2846 3134 2914; x_wconf 74' lang='grc' dir='ltr'><strong>οἷς</strong></span> <span class='ocrx_word' id='word_1_554' title='bbox 3165 2851 3256 2903; x_wconf 82' lang='grc' dir='ltr'><strong>καὶ</strong></span> <span class='ocrx_word' id='word_1_555' title='bbox 3288 2850 3434 2910; x_wconf 82' lang='grc' dir='ltr'>ὅστις</span> <span class='ocrx_word' id='word_1_556' title='bbox 3466 2848 3670 2944; x_wconf 59' lang='grc' dir='ltr'>ἐνηείαί</span> 
     </span>
    </p>
   </div>
   <div class='ocr_carea' id='block_1_86' title="bbox 2094 2940 3678 3020">
    <p class='ocr_par' dir='ltr' id='par_1_86' title="bbox 2094 2940 3678 3020">
     <span class='ocr_line' id='line_1_87' title="bbox 2094 2940 3678 3020; baseline -0.01 -16"><span class='ocrx_word' id='word_1_557' title='bbox 2094 2953 2272 3004; x_wconf 82' lang='grc' dir='ltr'>είτουν</span> <span class='ocrx_word' id='word_1_558' title='bbox 2313 2948 2614 3020; x_wconf 84' lang='grc' dir='ltr'>προσηνείᾳ</span> <span class='ocrx_word' id='word_1_559' title='bbox 2655 2947 2751 2999; x_wconf 78' lang='grc' dir='ltr'>καὶ</span> <span class='ocrx_word' id='word_1_560' title='bbox 2805 2945 3096 3015; x_wconf 80' lang='grc' dir='ltr'>ἐπιεικείᾳ,</span> <span class='ocrx_word' id='word_1_561' title='bbox 3156 2942 3296 2995; x_wconf 84' lang='grc' dir='ltr'><strong>κατά</strong></span> <span class='ocrx_word' id='word_1_562' title='bbox 3341 2940 3439 3011; x_wconf 80' lang='grc' dir='ltr'><strong>την</strong></span> <span class='ocrx_word' id='word_1_563' title='bbox 3502 2940 3678 3008; x_wconf 73' lang='grc' dir='ltr'>Ἰησοῦ,</span> 
     </span>
    </p>
   </div>
   <div class='ocr_carea' id='block_1_87' title="bbox 2096 3032 3674 3111">
    <p class='ocr_par' dir='ltr' id='par_1_87' title="bbox 2096 3032 3674 3111">
     <span class='ocr_line' id='line_1_88' title="bbox 2096 3032 3674 3111; baseline -0.007 -17"><span class='ocrx_word' id='word_1_564' title='bbox 2096 3042 2379 3111; x_wconf 82' lang='grc' dir='ltr'>πραότητα</span> <span class='ocrx_word' id='word_1_565' title='bbox 2417 3041 2508 3092; x_wconf 74' lang='grc' dir='ltr'><strong>καὶ</strong></span> <span class='ocrx_word' id='word_1_566' title='bbox 2536 3038 2637 3107; x_wconf 82' lang='grc' dir='ltr'><strong>τῆς</strong></span> <span class='ocrx_word' id='word_1_567' title='bbox 2671 3037 2899 3106; x_wconf 85' lang='grc' dir='ltr'>καρδίας</span> <span class='ocrx_word' id='word_1_568' title='bbox 2930 3036 3262 3088; x_wconf 88' lang='grc' dir='ltr'>ταπείνωσιν</span> <span class='ocrx_word' id='word_1_569' title='bbox 3300 3032 3674 3103; x_wconf 78' lang='grc' dir='ltr'>ἐξησκημένος</span> 
     </span>
    </p>
   </div>
   <div class='ocr_carea' id='block_1_88' title="bbox 2097 3123 3678 3205">
    <p class='ocr_par' dir='ltr' id='par_1_88' title="bbox 2097 3123 3678 3205">
     <span class='ocr_line' id='line_1_89' title="bbox 2097 3123 3678 3205; baseline -0.001 -28"><span class='ocrx_word' id='word_1_570' title='bbox 2097 3135 2267 3205; x_wconf 73' lang='grc' dir='ltr'>βιοῦν,</span> <span class='ocrx_word' id='word_1_571' title='bbox 2301 3132 2600 3203; x_wconf 83' lang='grc' dir='ltr'>μακάριος,</span> <span class='ocrx_word' id='word_1_572' title='bbox 2646 3129 2720 3191; x_wconf 87' lang='grc' dir='ltr'>ὼς</span> <span class='ocrx_word' id='word_1_573' title='bbox 2764 3127 2870 3180; x_wconf 86' lang='grc' dir='ltr'><strong>τῶν</strong></span> <span class='ocrx_word' id='word_1_574' title='bbox 2917 3127 3167 3196; x_wconf 81' lang='grc' dir='ltr'>μεγάλων</span> <span class='ocrx_word' id='word_1_575' title='bbox 3208 3123 3545 3193; x_wconf 84' lang='grc' dir='ltr'>κληρονόμος</span> <span class='ocrx_word' id='word_1_576' title='bbox 3576 3123 3678 3193; x_wconf 78' lang='grc' dir='ltr'>τῆς</span> 
     </span>
    </p>
   </div>
   <div class='ocr_carea' id='block_1_89' title="bbox 2097 3217 3679 3297">
    <p class='ocr_par' dir='ltr' id='par_1_89' title="bbox 2097 3217 3679 3297">
     <span class='ocr_line' id='line_1_90' title="bbox 2097 3217 3679 3297; baseline -0.01 -17"><span class='ocrx_word' id='word_1_577' title='bbox 2097 3225 2356 3297; x_wconf 78' lang='grc' dir='ltr'>οὐρανίας</span> <span class='ocrx_word' id='word_1_578' title='bbox 2392 3223 2484 3276; x_wconf 78' lang='grc' dir='ltr'>καὶ</span> <span class='ocrx_word' id='word_1_579' title='bbox 2512 3221 2790 3290; x_wconf 65' lang='grc' dir='ltr'>ἀφθάρτου</span> <span class='ocrx_word' id='word_1_580' title='bbox 2817 3221 2919 3289; x_wconf 79' lang='grc' dir='ltr'>γῆς</span> <span class='ocrx_word' id='word_1_581' title='bbox 2949 3217 3189 3286; x_wconf 87' lang='grc' dir='ltr'>ἀγαθῶν.</span> <span class='ocrx_word' id='word_1_582' title='bbox 3222 3217 3364 3286; x_wconf 83' lang='grc' dir='ltr'>Πρὸς</span> <span class='ocrx_word' id='word_1_583' title='bbox 3386 3217 3499 3279; x_wconf 86' lang='grc' dir='ltr'>τοῖς</span> <span class='ocrx_word' id='word_1_584' title='bbox 3525 3217 3679 3286; x_wconf 83' lang='grc' dir='ltr'>είρη-</span> 
     </span>
    </p>
   </div>
   <div class='ocr_carea' id='block_1_90' title="bbox 2101 3307 3680 3391">
    <p class='ocr_par' dir='ltr' id='par_1_90' title="bbox 2101 3307 3680 3391">
     <span class='ocr_line' id='line_1_91' title="bbox 2101 3307 3680 3391; baseline -0.01 -19"><span class='ocrx_word' id='word_1_585' title='bbox 2101 3320 2282 3391; x_wconf 85' lang='grc' dir='ltr'>μένοις</span> <span class='ocrx_word' id='word_1_586' title='bbox 2303 3317 2360 3369; x_wconf 89' lang='grc' dir='ltr'><strong>δέ</strong></span> <span class='ocrx_word' id='word_1_587' title='bbox 2396 3316 2662 3386; x_wconf 85' lang='grc' dir='ltr'>μακάριος</span> <span class='ocrx_word' id='word_1_588' title='bbox 2693 3313 2789 3365; x_wconf 78' lang='grc' dir='ltr'><strong>καὶ</strong></span> <span class='ocrx_word' id='word_1_589' title='bbox 2821 3311 2878 3374; x_wconf 82' lang='grc' dir='ltr'>ὃς</span> <span class='ocrx_word' id='word_1_590' title='bbox 2905 3311 2996 3364; x_wconf 85' lang='grc' dir='ltr'><strong>τὸν</strong></span> <span class='ocrx_word' id='word_1_591' title='bbox 3033 3310 3206 3380; x_wconf 83' lang='grc' dir='ltr'>μέγαν</span> <span class='ocrx_word' id='word_1_592' title='bbox 3239 3308 3333 3360; x_wconf 86' lang='grc' dir='ltr'><strong>τοῦ</strong></span> <span class='ocrx_word' id='word_1_593' title='bbox 3364 3307 3498 3360; x_wconf 86' lang='grc' dir='ltr'>Θεοῦ</span> <span class='ocrx_word' id='word_1_594' title='bbox 3527 3308 3680 3362; x_wconf 50' lang='grc' dir='ltr'>ἔλεον.</span> 
     </span>
    </p>
   </div>
   <div class='ocr_carea' id='block_1_91' title="bbox 2096 3393 3676 3472">
    <p class='ocr_par' dir='ltr' id='par_1_91' title="bbox 2096 3393 3676 3472">
     <span class='ocr_line' id='line_1_92' title="bbox 2096 3393 3676 3472; baseline -0.012 -8"><span class='ocrx_word' id='word_1_595' title='bbox 2096 3413 2205 3471; x_wconf 83' lang='grc' dir='ltr'>τοῖς</span> <span class='ocrx_word' id='word_1_596' title='bbox 2232 3406 2423 3462; x_wconf 78' lang='grc' dir='ltr'>ἑαυτοῦ</span> <span class='ocrx_word' id='word_1_597' title='bbox 2463 3403 2792 3472; x_wconf 85' lang='grc' dir='ltr'>σπλάγχνοις</span> <span class='ocrx_word' id='word_1_598' title='bbox 2827 3400 2916 3452; x_wconf 80' lang='grc' dir='ltr'>διὰ</span> <span class='ocrx_word' id='word_1_599' title='bbox 2957 3399 3243 3469; x_wconf 81' lang='grc' dir='ltr'>μιμήσεως</span> <span class='ocrx_word' id='word_1_600' title='bbox 3284 3395 3376 3450; x_wconf 76' lang='grc' dir='ltr'>καὶ</span> <span class='ocrx_word' id='word_1_601' title='bbox 3409 3396 3508 3465; x_wconf 79' lang='grc' dir='ltr'><strong>τῆς</strong></span> <span class='ocrx_word' id='word_1_602' title='bbox 3539 3393 3676 3465; x_wconf 75' lang='grc' dir='ltr'>πρὸς</span> 
     </span>
    </p>
   </div>
   <div class='ocr_carea' id='block_1_92' title="bbox 2095 3485 3678 3567">
    <p class='ocr_par' dir='ltr' id='par_1_92' title="bbox 2095 3485 3678 3567">
     <span class='ocr_line' id='line_1_93' title="bbox 2095 3485 3678 3567; baseline -0.011 -14"><span class='ocrx_word' id='word_1_603' title='bbox 2095 3501 2222 3562; x_wconf 81' lang='grc' dir='ltr'>τοὺς</span> <span class='ocrx_word' id='word_1_604' title='bbox 2272 3495 2498 3567; x_wconf 84' lang='grc' dir='ltr'>πλησίον</span> <span class='ocrx_word' id='word_1_605' title='bbox 2555 3491 2968 3563; x_wconf 84' lang='grc' dir='ltr'>φιλανθρωπίας</span> <span class='ocrx_word' id='word_1_606' title='bbox 3015 3489 3336 3543; x_wconf 82' lang='grc' dir='ltr'>ἐπισπᾶται.</span> <span class='ocrx_word' id='word_1_607' title='bbox 3393 3485 3678 3555; x_wconf 76' lang='grc' dir='ltr'>Μακάριος</span> 
     </span>
    </p>
   </div>
   <div class='ocr_carea' id='block_1_93' title="bbox 2097 3577 3679 3657">
    <p class='ocr_par' dir='ltr' id='par_1_93' title="bbox 2097 3577 3679 3657">
     <span class='ocr_line' id='line_1_94' title="bbox 2097 3577 3679 3657; baseline -0.008 -13"><span class='ocrx_word' id='word_1_608' title='bbox 2097 3592 2192 3644; x_wconf 76' lang='grc' dir='ltr'><strong>καὶ</strong></span> <span class='ocrx_word' id='word_1_609' title='bbox 2233 3590 2288 3652; x_wconf 79' lang='grc' dir='ltr'>ὃς</span> <span class='ocrx_word' id='word_1_610' title='bbox 2331 3590 2432 3657; x_wconf 87' lang='grc' dir='ltr'>τὴν</span> <span class='ocrx_word' id='word_1_611' title='bbox 2485 3584 2717 3656; x_wconf 80' lang='grc' dir='ltr'>καρδίαν</span> <span class='ocrx_word' id='word_1_612' title='bbox 2765 3582 2966 3642; x_wconf 76' lang='grc' dir='ltr'>παντὸς</span> <span class='ocrx_word' id='word_1_613' title='bbox 3015 3579 3291 3650; x_wconf 86' lang='grc' dir='ltr'>μολυσμοῦ</span> <span class='ocrx_word' id='word_1_614' title='bbox 3340 3579 3538 3649; x_wconf 84' lang='grc' dir='ltr'>σαρκὸς</span> <span class='ocrx_word' id='word_1_615' title='bbox 3584 3577 3679 3634; x_wconf 73' lang='grc' dir='ltr'>καὶ</span> 
     </span>
    </p>
   </div>
   <div class='ocr_carea' id='block_1_94' title="bbox 2098 3669 3680 3752">
    <p class='ocr_par' dir='ltr' id='par_1_94' title="bbox 2098 3669 3680 3752">
     <span class='ocr_line' id='line_1_95' title="bbox 2098 3669 3680 3752; baseline -0.009 -15"><span class='ocrx_word' id='word_1_616' title='bbox 2098 3683 2407 3752; x_wconf 90' lang='grc' dir='ltr'>πνεύματος</span> <span class='ocrx_word' id='word_1_617' title='bbox 2459 3675 2912 3746; x_wconf 84' lang='grc' dir='ltr'>ἐκκαθηράμενος</span> <span class='ocrx_word' id='word_1_618' title='bbox 2938 3715 2954 3740; x_wconf 86' lang='grc'><strong>,</strong></span> <span class='ocrx_word' id='word_1_619' title='bbox 3018 3672 3145 3724; x_wconf 86' lang='grc' dir='ltr'>ἰδεῖν</span> <span class='ocrx_word' id='word_1_620' title='bbox 3208 3669 3680 3740; x_wconf 79' lang='grc' dir='ltr'>καταξιωθήσεται</span> 
     </span>
    </p>
   </div>
   <div class='ocr_carea' id='block_1_95' title="bbox 2096 3762 3678 3840">
    <p class='ocr_par' dir='ltr' id='par_1_95' title="bbox 2096 3762 3678 3840">
     <span class='ocr_line' id='line_1_96' title="bbox 2096 3762 3678 3840; baseline -0.011 -11"><span class='ocrx_word' id='word_1_621' title='bbox 2096 3777 2251 3840; x_wconf 77' lang='grc' dir='ltr'>Θεὸν,</span> <span class='ocrx_word' id='word_1_622' title='bbox 2291 3774 2365 3836; x_wconf 84' lang='grc' dir='ltr'>ὡς</span> <span class='ocrx_word' id='word_1_623' title='bbox 2395 3768 2668 3840; x_wconf 79' lang='grc' dir='ltr'>ἀνθρώπῳ</span> <span class='ocrx_word' id='word_1_624' title='bbox 2709 3765 2838 3818; x_wconf 74' lang='grc' dir='ltr'>ἰδεῖν</span> <span class='ocrx_word' id='word_1_625' title='bbox 2881 3764 3104 3834; x_wconf 89' lang='grc' dir='ltr'>θεμιτόν</span> <span class='ocrx_word' id='word_1_626' title='bbox 3148 3780 3162 3794; x_wconf 79' lang='grc' dir='ltr'><strong>ο</strong></span> <span class='ocrx_word' id='word_1_627' title='bbox 3201 3763 3277 3825; x_wconf 85' lang='grc' dir='ltr'>ὡς</span> <span class='ocrx_word' id='word_1_628' title='bbox 3325 3765 3383 3815; x_wconf 88' lang='grc' dir='ltr'><strong>ἐν</strong></span> <span class='ocrx_word' id='word_1_629' title='bbox 3426 3762 3678 3830; x_wconf 84' lang='grc' dir='ltr'>ἐσόπτρῳ</span> 
     </span>
    </p>
   </div>
   <div class='ocr_carea' id='block_1_96' title="bbox 2096 3851 3673 3938">
    <p class='ocr_par' dir='ltr' id='par_1_96' title="bbox 2096 3851 3673 3938">
     <span class='ocr_line' id='line_1_97' title="bbox 2096 3851 3673 3938; baseline -0.01 -19"><span class='ocrx_word' id='word_1_630' title='bbox 2096 3867 2206 3938; x_wconf 81' lang='grc' dir='ltr'>γὰρ</span> <span class='ocrx_word' id='word_1_631' title='bbox 2232 3868 2299 3935; x_wconf 80' lang='grc' dir='ltr'>τῇ</span> <span class='ocrx_word' id='word_1_632' title='bbox 2327 3862 2422 3916; x_wconf 86' lang='grc' dir='ltr'><strong>τοῦ</strong></span> <span class='ocrx_word' id='word_1_633' title='bbox 2451 3861 2568 3923; x_wconf 83' lang='grc' dir='ltr'>νοὸς</span> <span class='ocrx_word' id='word_1_634' title='bbox 2599 3856 2936 3928; x_wconf 82' lang='grc' dir='ltr'>καθαρότητι</span> <span class='ocrx_word' id='word_1_635' title='bbox 2966 3854 3056 3908; x_wconf 77' lang='grc' dir='ltr'>τὸν</span> <span class='ocrx_word' id='word_1_636' title='bbox 3090 3854 3321 3925; x_wconf 81' lang='grc' dir='ltr'>ἀόρατον</span> <span class='ocrx_word' id='word_1_637' title='bbox 3358 3851 3673 3920; x_wconf 69' lang='grc' dir='ltr'>κατόψεται.</span> 
     </span>
    </p>
   </div>
   <div class='ocr_carea' id='block_1_97' title="bbox 2096 3943 3686 4027">
    <p class='ocr_par' dir='ltr' id='par_1_97' title="bbox 2096 3943 3686 4027">
     <span class='ocr_line' id='line_1_98' title="bbox 2096 3943 3686 4027; baseline -0.011 -14"><span class='ocrx_word' id='word_1_638' title='bbox 2096 3958 2381 4027; x_wconf 87' lang='grc' dir='ltr'>Μακάριος</span> <span class='ocrx_word' id='word_1_639' title='bbox 2417 3953 2510 4008; x_wconf 76' lang='grc' dir='ltr'><strong>ἐπὶ</strong></span> <span class='ocrx_word' id='word_1_640' title='bbox 2542 3951 2752 4012; x_wconf 87' lang='grc' dir='ltr'>τούτοις</span> <span class='ocrx_word' id='word_1_641' title='bbox 2785 3949 2878 4002; x_wconf 73' lang='grc' dir='ltr'><strong>καὶ</strong></span> <span class='ocrx_word' id='word_1_642' title='bbox 2917 3949 2975 4011; x_wconf 81' lang='grc' dir='ltr'>ὃς</span> <span class='ocrx_word' id='word_1_643' title='bbox 3017 3947 3115 4018; x_wconf 82' lang='grc' dir='ltr'><strong>τὴν</strong></span> <span class='ocrx_word' id='word_1_644' title='bbox 3156 3946 3329 4015; x_wconf 85' lang='grc' dir='ltr'>ἀληθῆ</span> <span class='ocrx_word' id='word_1_645' title='bbox 3372 3944 3466 3998; x_wconf 86' lang='grc' dir='ltr'><strong>τοῦ</strong></span> <span class='ocrx_word' id='word_1_646' title='bbox 3499 3943 3686 4014; x_wconf 81' lang='grc' dir='ltr'>Ἰησοῦ</span> 
     </span>
    </p>
   </div>
   <div class='ocr_carea' id='block_1_98' title="bbox 2097 4037 3678 4122">
    <p class='ocr_par' dir='ltr' id='par_1_98' title="bbox 2097 4037 3678 4122">
     <span class='ocr_line' id='line_1_99' title="bbox 2097 4037 3678 4122; baseline -0.012 -16"><span class='ocrx_word' id='word_1_647' title='bbox 2097 4054 2320 4122; x_wconf 79' lang='grc' dir='ltr'>εἰρήνην</span> <span class='ocrx_word' id='word_1_648' title='bbox 2356 4048 2539 4118; x_wconf 75' lang='grc' dir='ltr'>ἔργοις</span> <span class='ocrx_word' id='word_1_649' title='bbox 2577 4043 2756 4114; x_wconf 75' lang='grc' dir='ltr'>ζητῶν</span> <span class='ocrx_word' id='word_1_650' title='bbox 2791 4041 3066 4112; x_wconf 80' lang='grc' dir='ltr'>ἀληθείας,</span> <span class='ocrx_word' id='word_1_651' title='bbox 3097 4040 3190 4093; x_wconf 84' lang='grc' dir='ltr'><strong>καί</strong></span> <span class='ocrx_word' id='word_1_652' title='bbox 3223 4056 3285 4106; x_wconf 86' lang='grc' dir='ltr'><strong>γε</strong></span> <span class='ocrx_word' id='word_1_653' title='bbox 3318 4037 3525 4108; x_wconf 82' lang='grc' dir='ltr'>ταύτην</span> <span class='ocrx_word' id='word_1_654' title='bbox 3583 4037 3678 4090; x_wconf 63' lang='grc' dir='ltr'>εὐ.</span> 
     </span>
    </p>
   </div>
   <div class='ocr_carea' id='block_1_99' title="bbox 2099 4129 3677 4215">
    <p class='ocr_par' dir='ltr' id='par_1_99' title="bbox 2099 4129 3677 4215">
     <span class='ocr_line' id='line_1_100' title="bbox 2099 4129 3677 4215; baseline -0.013 -14"><span class='ocrx_word' id='word_1_655' title='bbox 2099 4147 2302 4215; x_wconf 84' lang='grc' dir='ltr'>στόχως</span> <span class='ocrx_word' id='word_1_656' title='bbox 2319 4141 2534 4205; x_wconf 77' lang='grc' dir='ltr'>διώξας,</span> <span class='ocrx_word' id='word_1_657' title='bbox 2554 4139 2648 4191; x_wconf 76' lang='grc' dir='ltr'>καὶ</span> <span class='ocrx_word' id='word_1_658' title='bbox 2667 4139 2743 4199; x_wconf 86' lang='grc' dir='ltr'>ὡς</span> <span class='ocrx_word' id='word_1_659' title='bbox 2765 4131 2879 4189; x_wconf 78' lang='grc' dir='ltr'>οἶόν</span> <span class='ocrx_word' id='word_1_660' title='bbox 2892 4137 2937 4186; x_wconf 90' lang='grc' dir='ltr'>τ’</span> <span class='ocrx_word' id='word_1_661' title='bbox 2959 4131 3026 4206; x_wconf 79' lang='grc' dir='ltr'>ἦν</span> <span class='ocrx_word' id='word_1_662' title='bbox 3047 4132 3390 4199; x_wconf 83' lang='grc' dir='ltr'>καταλαϐὼν,</span> <span class='ocrx_word' id='word_1_663' title='bbox 3410 4134 3505 4185; x_wconf 73' lang='grc' dir='ltr'><strong>καὶ</strong></span> <span class='ocrx_word' id='word_1_664' title='bbox 3525 4131 3621 4184; x_wconf 87' lang='grc' dir='ltr'><strong>πλε</strong></span> <span class='ocrx_word' id='word_1_665' title='bbox 3630 4129 3677 4183; x_wconf 68' lang='grc' dir='ltr'><strong>ίι-</strong></span> 
     </span>
    </p>
   </div>
   <div class='ocr_carea' id='block_1_100' title="bbox 2100 4223 3678 4301">
    <p class='ocr_par' dir='ltr' id='par_1_100' title="bbox 2100 4223 3678 4301">
     <span class='ocr_line' id='line_1_101' title="bbox 2100 4223 3678 4301; baseline -0.011 -9"><span class='ocrx_word' id='word_1_666' title='bbox 2100 4255 2256 4301; x_wconf 85' lang='grc' dir='ltr'>στους</span> <span class='ocrx_word' id='word_1_667' title='bbox 2279 4238 2436 4296; x_wconf 83' lang='grc' dir='ltr'>ὅσους</span> <span class='ocrx_word' id='word_1_668' title='bbox 2462 4228 2800 4293; x_wconf 78' lang='grc' dir='ltr'>καταλλάξας</span> <span class='ocrx_word' id='word_1_669' title='bbox 2827 4228 2965 4297; x_wconf 85' lang='grc' dir='ltr'>αὐτῇ</span> <span class='ocrx_word' id='word_1_670' title='bbox 3002 4227 3096 4278; x_wconf 74' lang='grc' dir='ltr'>καὶ</span> <span class='ocrx_word' id='word_1_671' title='bbox 3118 4223 3678 4294; x_wconf 58' lang='grc' dir='ltr'>ἐκπεπολεμωμένους</span> 
     </span>
    </p>
   </div>
   <div class='ocr_carea' id='block_1_101' title="bbox 2097 4315 3679 4400">
    <p class='ocr_par' dir='ltr' id='par_1_101' title="bbox 2097 4315 3679 4400">
     <span class='ocr_line' id='line_1_102' title="bbox 2097 4315 3679 4400; baseline -0.009 -17"><span class='ocrx_word' id='word_1_672' title='bbox 2097 4326 2516 4400; x_wconf 85' lang='grc' dir='ltr'>εἰρηνοποιήσας</span> <span class='ocrx_word' id='word_1_673' title='bbox 2568 4324 2626 4377; x_wconf 82' lang='grc' dir='ltr'><strong>ἐν</strong></span> <span class='ocrx_word' id='word_1_674' title='bbox 2680 4322 2840 4390; x_wconf 72' lang='grc' dir='ltr'>αὐτῇ,</span> <span class='ocrx_word' id='word_1_675' title='bbox 2891 4321 2988 4388; x_wconf 81' lang='grc' dir='ltr'>τῆς</span> <span class='ocrx_word' id='word_1_676' title='bbox 3046 4317 3222 4386; x_wconf 80' lang='grc' dir='ltr'>ἄκρας</span> <span class='ocrx_word' id='word_1_677' title='bbox 3264 4316 3538 4378; x_wconf 81' lang='grc' dir='ltr'>υἱοθεσίας</span> <span class='ocrx_word' id='word_1_678' title='bbox 3582 4315 3679 4371; x_wconf 77' lang='grc' dir='ltr'>καὶ</span> 
     </span>
    </p>
   </div>
   <div class='ocr_carea' id='block_1_102' title="bbox 2098 4408 3674 4486">
    <p class='ocr_par' dir='ltr' id='par_1_102' title="bbox 2098 4408 3674 4486">
     <span class='ocr_line' id='line_1_103' title="bbox 2098 4408 3674 4486; baseline -0.009 -10"><span class='ocrx_word' id='word_1_679' title='bbox 2098 4421 2345 4482; x_wconf 84' lang='grc' dir='ltr'>θεώσεως</span> <span class='ocrx_word' id='word_1_680' title='bbox 2377 4415 2766 4486; x_wconf 78' lang='grc' dir='ltr'>ἀξιωθήσεται·</span> <span class='ocrx_word' id='word_1_681' title='bbox 2791 4411 2886 4465; x_wconf 75' lang='grc' dir='ltr'>καὶ</span> <span class='ocrx_word' id='word_1_682' title='bbox 2918 4409 3153 4473; x_wconf 82' lang='grc' dir='ltr'>συνόλως</span> <span class='ocrx_word' id='word_1_683' title='bbox 3174 4409 3359 4477; x_wconf 81' lang='grc' dir='ltr'>φάναι,</span> <span class='ocrx_word' id='word_1_684' title='bbox 3393 4408 3674 4479; x_wconf 84' lang='grc' dir='ltr'>μακάριοι,</span> 
     </span>
    </p>
   </div>
   <div class='ocr_carea' id='block_1_103' title="bbox 2098 4499 3677 4580">
    <p class='ocr_par' dir='ltr' id='par_1_103' title="bbox 2098 4499 3677 4580">
     <span class='ocr_line' id='line_1_104' title="bbox 2098 4499 3677 4580; baseline -0.009 -11"><span class='ocrx_word' id='word_1_685' title='bbox 2098 4515 2239 4569; x_wconf 77' lang='grc' dir='ltr'>κατὰ.</span> <span class='ocrx_word' id='word_1_686' title='bbox 2267 4513 2337 4566; x_wconf 88' lang='grc' dir='ltr'>τὰ</span> <span class='ocrx_word' id='word_1_687' title='bbox 2363 4506 2632 4580; x_wconf 83' lang='grc' dir='ltr'>θεαρχικά</span> <span class='ocrx_word' id='word_1_688' title='bbox 2665 4505 2758 4558; x_wconf 82' lang='grc' dir='ltr'><strong>τοῦ</strong></span> <span class='ocrx_word' id='word_1_689' title='bbox 2787 4503 2924 4556; x_wconf 86' lang='grc' dir='ltr'>Θεοῦ</span> <span class='ocrx_word' id='word_1_690' title='bbox 2964 4502 3138 4570; x_wconf 83' lang='grc' dir='ltr'>Λόγου</span> <span class='ocrx_word' id='word_1_691' title='bbox 3173 4502 3328 4569; x_wconf 84' lang='grc' dir='ltr'>λόγια</span> <span class='ocrx_word' id='word_1_692' title='bbox 3347 4542 3362 4566; x_wconf 92' lang='grc'><strong>,</strong></span> <span class='ocrx_word' id='word_1_693' title='bbox 3397 4501 3597 4564; x_wconf 81' lang='grc' dir='ltr'>πάντες</span> <span class='ocrx_word' id='word_1_694' title='bbox 3623 4499 3677 4554; x_wconf 80' lang='grc' dir='ltr'>οι</span> 
     </span>
    </p>
   </div>
   <div class='ocr_carea' id='block_1_104' title="bbox 2095 4592 3677 4675">
    <p class='ocr_par' dir='ltr' id='par_1_104' title="bbox 2095 4592 3677 4675">
     <span class='ocr_line' id='line_1_105' title="bbox 2095 4592 3677 4675; baseline -0.009 -14"><span class='ocrx_word' id='word_1_695' title='bbox 2095 4603 2444 4675; x_wconf 84' lang='grc' dir='ltr'>δεδιωγμένοι</span> <span class='ocrx_word' id='word_1_696' title='bbox 2484 4603 2669 4653; x_wconf 73' lang='grc' dir='ltr'>ἕνεκεν</span> <span class='ocrx_word' id='word_1_697' title='bbox 2703 4595 2982 4658; x_wconf 80' lang='grc' dir='ltr'>εὐσεὸείας</span> <span class='ocrx_word' id='word_1_698' title='bbox 3009 4595 3105 4670; x_wconf 73' lang='grc' dir='ltr'>καὶ</span> <span class='ocrx_word' id='word_1_699' title='bbox 3133 4592 3500 4664; x_wconf 86' lang='grc' dir='ltr'>δικαιοσύνης,</span> <span class='ocrx_word' id='word_1_700' title='bbox 3537 4592 3677 4647; x_wconf 68' lang='grc' dir='ltr'>πάνυ</span> 
     </span>
    </p>
   </div>
   <div class='ocr_carea' id='block_1_105' title="bbox 2095 4683 3678 4765">
    <p class='ocr_par' dir='ltr' id='par_1_105' title="bbox 2095 4683 3678 4765">
     <span class='ocr_line' id='line_1_106' title="bbox 2095 4683 3678 4765; baseline -0.01 -13"><span class='ocrx_word' id='word_1_701' title='bbox 2095 4717 2187 4759; x_wconf 88' lang='grc' dir='ltr'><strong>τες</strong></span> <span class='ocrx_word' id='word_1_702' title='bbox 2225 4699 2272 4750; x_wconf 84' lang='grc' dir='ltr'><strong>οἱ</strong></span> <span class='ocrx_word' id='word_1_703' title='bbox 2321 4694 2530 4765; x_wconf 79' lang='grc' dir='ltr'>δωρεὰν</span> <span class='ocrx_word' id='word_1_704' title='bbox 2583 4689 2926 4760; x_wconf 84' lang='grc' dir='ltr'>μισηθέντες,</span> <span class='ocrx_word' id='word_1_705' title='bbox 2975 4687 3071 4738; x_wconf 78' lang='grc' dir='ltr'>καὶ</span> <span class='ocrx_word' id='word_1_706' title='bbox 3119 4685 3541 4750; x_wconf 85' lang='grc' dir='ltr'>όνειδισθέντες,</span> <span class='ocrx_word' id='word_1_707' title='bbox 3581 4683 3678 4741; x_wconf 79' lang='grc' dir='ltr'>καὶ</span> 
     </span>
    </p>
   </div>
   <div class='ocr_carea' id='block_1_106' title="bbox 2095 4776 3687 4876">
    <p class='ocr_par' dir='ltr' id='par_1_106' title="bbox 2095 4776 3687 4876">
     <span class='ocr_line' id='line_1_107' title="bbox 2095 4776 3687 4876; baseline -0.017 -31"><span class='ocrx_word' id='word_1_708' title='bbox 2095 4787 2534 4861; x_wconf 81' lang='grc' dir='ltr'>λοιδορηθέντες,</span> <span class='ocrx_word' id='word_1_709' title='bbox 2609 4781 2702 4834; x_wconf 69' lang='grc' dir='ltr'>καὶ</span> <span class='ocrx_word' id='word_1_710' title='bbox 2748 4780 2930 4832; x_wconf 80' lang='grc' dir='ltr'>πᾶσαν</span> <span class='ocrx_word' id='word_1_711' title='bbox 2987 4776 3532 4876; x_wconf 37' lang='grc' dir='ltr'><strong>πεῖραν’δυσχερεᾱιήλἶ</strong></span> <span class='ocrx_word' id='word_1_712' title='bbox 3583 4776 3687 4876; x_wconf 37' lang='grc' dir='ltr'><strong>καὶ⁴</strong></span> 
     </span>
    </p>
   </div>
   <div class='ocr_carea' id='block_1_107' title="bbox 2095 4867 3676 4944">
    <p class='ocr_par' dir='ltr' id='par_1_107' title="bbox 2095 4867 3676 4944">
     <span class='ocr_line' id='line_1_108' title="bbox 2095 4867 3676 4944; baseline -0.011 -9"><span class='ocrx_word' id='word_1_713' title='bbox 2095 4881 2318 4942; x_wconf 80' lang='grc' dir='ltr'>ὀδυνῶν,</span> <span class='ocrx_word' id='word_1_714' title='bbox 2359 4876 2455 4929; x_wconf 68' lang='grc' dir='ltr'><strong>καὶ</strong></span> <span class='ocrx_word' id='word_1_715' title='bbox 2489 4873 2756 4944; x_wconf 85' lang='grc' dir='ltr'>βασάνων,</span> <span class='ocrx_word' id='word_1_716' title='bbox 2785 4870 2879 4926; x_wconf 78' lang='grc' dir='ltr'>καὶ</span> <span class='ocrx_word' id='word_1_717' title='bbox 2914 4869 3160 4923; x_wconf 82' lang='grc' dir='ltr'>θανάτων</span> <span class='ocrx_word' id='word_1_718' title='bbox 3191 4869 3328 4939; x_wconf 81' lang='grc' dir='ltr'>ὑπὲρ</span> <span class='ocrx_word' id='word_1_719' title='bbox 3364 4867 3470 4936; x_wconf 82' lang='grc' dir='ltr'><strong>τῆς</strong></span> <span class='ocrx_word' id='word_1_720' title='bbox 3497 4867 3676 4937; x_wconf 84' lang='grc' dir='ltr'>Ἰησοῦ</span> 
     </span>
    </p>
   </div>
   <div class='ocr_carea' id='block_1_108' title="bbox 2095 4957 3676 5042">
    <p class='ocr_par' dir='ltr' id='par_1_108' title="bbox 2095 4957 3676 5042">
     <span class='ocr_line' id='line_1_109' title="bbox 2095 4957 3676 5042; baseline -0.011 -15"><span class='ocrx_word' id='word_1_721' title='bbox 2095 4971 2191 5027; x_wconf 88' lang='grc' dir='ltr'><strong>τοῦ</strong></span> <span class='ocrx_word' id='word_1_722' title='bbox 2235 4967 2473 5042; x_wconf 88' lang='grc' dir='ltr'>Χριστοῦ</span> <span class='ocrx_word' id='word_1_723' title='bbox 2518 4965 2761 5034; x_wconf 83' lang='grc' dir='ltr'>ἀγάπης,</span> <span class='ocrx_word' id='word_1_724' title='bbox 2807 4962 2902 5014; x_wconf 69' lang='grc' dir='ltr'><strong>καὶ</strong></span> <span class='ocrx_word' id='word_1_725' title='bbox 2956 4960 3212 5023; x_wconf 83' lang='grc' dir='ltr'>πίστεως,</span> <span class='ocrx_word' id='word_1_726' title='bbox 3270 4959 3366 5012; x_wconf 77' lang='grc' dir='ltr'><strong>καὶ</strong></span> <span class='ocrx_word' id='word_1_727' title='bbox 3416 4957 3676 5029; x_wconf 83' lang='grc' dir='ltr'>ἀληθείας</span> 
     </span>
    </p>
   </div>
   <div class='ocr_carea' id='block_1_109' title="bbox 2099 5049 3674 5132">
    <p class='ocr_par' dir='ltr' id='par_1_109' title="bbox 2099 5049 3674 5132">
     <span class='ocr_line' id='line_1_110' title="bbox 2099 5049 3674 5132; baseline -0.018 -16"><span class='ocrx_word' id='word_1_728' title='bbox 2099 5062 2446 5132; x_wconf 84' lang='grc' dir='ltr'>ὑποσχόντες,</span> <span class='ocrx_word' id='word_1_729' title='bbox 2492 5056 2585 5109; x_wconf 77' lang='grc' dir='ltr'><strong>καὶ</strong></span> <span class='ocrx_word' id='word_1_730' title='bbox 2625 5055 2752 5124; x_wconf 82' lang='grc' dir='ltr'>ἄχρι</span> <span class='ocrx_word' id='word_1_731' title='bbox 2784 5052 2969 5114; x_wconf 87' lang='grc' dir='ltr'>τέλους</span> <span class='ocrx_word' id='word_1_732' title='bbox 3004 5051 3122 5120; x_wconf 77' lang='grc' dir='ltr'>μετ’</span> <span class='ocrx_word' id='word_1_733' title='bbox 3149 5049 3504 5120; x_wconf 76' lang='grc' dir='ltr'>εὐχαριστίας</span> <span class='ocrx_word' id='word_1_734' title='bbox 3541 5049 3674 5101; x_wconf 76' lang='grc' dir='ltr'>ἀνα-</span> 
     </span>
    </p>
   </div>
   <div class='ocr_carea' id='block_1_110' title="bbox 2097 5138 3677 5216">
    <p class='ocr_par' dir='ltr' id='par_1_110' title="bbox 2097 5138 3677 5216">
     <span class='ocr_line' id='line_1_111' title="bbox 2097 5138 3677 5216; baseline -0.011 -7"><span class='ocrx_word' id='word_1_735' title='bbox 2097 5155 2343 5216; x_wconf 84' lang='grc' dir='ltr'>τλάντες,</span> <span class='ocrx_word' id='word_1_736' title='bbox 2368 5152 2448 5204; x_wconf 83' lang='grc' dir='ltr'><strong>ὅτι</strong></span> <span class='ocrx_word' id='word_1_737' title='bbox 2508 5147 2618 5200; x_wconf 88' lang='grc' dir='ltr'><strong>τῶν</strong></span> <span class='ocrx_word' id='word_1_738' title='bbox 2664 5144 2920 5201; x_wconf 85' lang='grc' dir='ltr'>τοιούτων</span> <span class='ocrx_word' id='word_1_739' title='bbox 2959 5143 3111 5198; x_wconf 65' lang='grc' dir='ltr'>ἐστὶν</span> <span class='ocrx_word' id='word_1_740' title='bbox 3169 5144 3202 5212; x_wconf 75' lang='grc' dir='ltr'>ἡ</span> <span class='ocrx_word' id='word_1_741' title='bbox 3253 5141 3533 5211; x_wconf 80' lang='grc' dir='ltr'>βασιλεία,</span> <span class='ocrx_word' id='word_1_742' title='bbox 3580 5138 3677 5193; x_wconf 80' lang='grc' dir='ltr'>καὶ</span> 
     </span>
    </p>
   </div>
   <div class='ocr_carea' id='block_1_111' title="bbox 2097 5233 3684 5312">
    <p class='ocr_par' dir='ltr' id='par_1_111' title="bbox 2097 5233 3684 5312">
     <span class='ocr_line' id='line_1_112' title="bbox 2097 5233 3684 5312; baseline -0.011 -12"><span class='ocrx_word' id='word_1_743' title='bbox 2097 5245 2300 5300; x_wconf 89' lang='grc' dir='ltr'>τούτων</span> <span class='ocrx_word' id='word_1_744' title='bbox 2323 5244 2356 5294; x_wconf 85' lang='grc' dir='ltr'><strong>ὁ</strong></span> <span class='ocrx_word' id='word_1_745' title='bbox 2387 5238 2576 5312; x_wconf 80' lang='grc' dir='ltr'>μισθὸς</span> <span class='ocrx_word' id='word_1_746' title='bbox 2610 5237 2777 5300; x_wconf 81' lang='grc' dir='ltr'>πολὺς</span> <span class='ocrx_word' id='word_1_747' title='bbox 2809 5233 3026 5306; x_wconf 79' lang='grc' dir='ltr'>ἀληθῶς</span> <span class='ocrx_word' id='word_1_748' title='bbox 3066 5233 3163 5288; x_wconf 75' lang='grc' dir='ltr'><strong>καὶ</strong></span> <span class='ocrx_word' id='word_1_749' title='bbox 3199 5233 3426 5304; x_wconf 66' lang='grc' dir='ltr'>ἄπειρος</span> <span class='ocrx_word' id='word_1_750' title='bbox 3463 5233 3526 5285; x_wconf 87' lang='grc' dir='ltr'><strong>ἐν</strong></span> <span class='ocrx_word' id='word_1_751' title='bbox 3563 5234 3684 5294; x_wconf 74' lang='grc' dir='ltr'>τοῖς,</span> 
     </span>
    </p>
   </div>
   <div class='ocr_carea' id='block_1_112' title="bbox 2097 5337 2361 5409">
    <p class='ocr_par' dir='ltr' id='par_1_112' title="bbox 2097 5337 2361 5409">
     <span class='ocr_line' id='line_1_113' title="bbox 2097 5337 2361 5409; baseline -0.011 -18"><span class='ocrx_word' id='word_1_752' title='bbox 2097 5337 2361 5409; x_wconf 73' lang='grc' dir='ltr'>οὐρανοῖς.</span> 
     </span>
    </p>
   </div>
   <div class='ocr_carea' id='block_1_113' title="bbox 2105 5438 2961 5513">
    <p class='ocr_par' dir='ltr' id='par_1_113' title="bbox 2105 5438 2961 5513">
     <span class='ocr_line' id='line_1_114' title="bbox 2105 5438 2961 5513; baseline -0.009 -10"><span class='ocrx_word' id='word_1_753' title='bbox 2105 5449 2335 5502; x_wconf 84' lang='grc' dir='ltr'>Τούτων</span> <span class='ocrx_word' id='word_1_754' title='bbox 2366 5443 2446 5513; x_wconf 73' lang='grc' dir='ltr'><strong>ἦν</strong></span> <span class='ocrx_word' id='word_1_755' title='bbox 2475 5442 2723 5507; x_wconf 70' lang='grc' dir='ltr'>ἐθέλεις,</span> <span class='ocrx_word' id='word_1_756' title='bbox 2746 5457 2800 5493; x_wconf 90' lang='grc' dir='ltr'><strong>κ.</strong></span> <span class='ocrx_word' id='word_1_757' title='bbox 2831 5456 2881 5492; x_wconf 92' lang='grc' dir='ltr'>τ.</span> <span class='ocrx_word' id='word_1_758' title='bbox 2915 5438 2961 5495; x_wconf 80' lang='grc' dir='ltr'>ἑ.</span> 
     </span>
    </p>
   </div>
   <div class='ocr_carea' id='block_1_114' title="bbox 2169 5551 3676 5631">
    <p class='ocr_par' dir='ltr' id='par_1_114' title="bbox 2169 5551 3676 5631">
     <span class='ocr_line' id='line_1_115' title="bbox 2169 5551 3676 5631; baseline -0.005 -18"><span class='ocrx_word' id='word_1_759' title='bbox 2169 5561 2381 5631; x_wconf 81' lang='grc' dir='ltr'>’Ὠσπερ</span> <span class='ocrx_word' id='word_1_760' title='bbox 2407 5556 2565 5629; x_wconf 70' lang='grc' dir='ltr'>μοναὶ</span> <span class='ocrx_word' id='word_1_761' title='bbox 2587 5555 2780 5609; x_wconf 71' lang='grc' dir='ltr'>πολλαὶ</span> <span class='ocrx_word' id='word_1_762' title='bbox 2808 5553 2962 5623; x_wconf 88' lang='grc' dir='ltr'><strong>παρά</strong></span> <span class='ocrx_word' id='word_1_763' title='bbox 2986 5551 3064 5622; x_wconf 76' lang='grc' dir='ltr'>τῷ</span> <span class='ocrx_word' id='word_1_764' title='bbox 3089 5553 3325 5624; x_wconf 81' lang='grc' dir='ltr'>οὐρανίῳ</span> <span class='ocrx_word' id='word_1_765' title='bbox 3354 5553 3676 5606; x_wconf 77' lang='grc' dir='ltr'>πεπίστευν-</span> 
     </span>
    </p>
   </div>
   <div class='ocr_carea' id='block_1_115' title="bbox 2097 5645 3676 5722">
    <p class='ocr_par' dir='ltr' id='par_1_115' title="bbox 2097 5645 3676 5722">
     <span class='ocr_line' id='line_1_116' title="bbox 2097 5645 3676 5722; baseline -0.005 -17"><span class='ocrx_word' id='word_1_766' title='bbox 2097 5670 2187 5705; x_wconf 87' lang='grc' dir='ltr'><strong>ται</strong></span> <span class='ocrx_word' id='word_1_767' title='bbox 2219 5651 2422 5722; x_wconf 79' lang='grc' dir='ltr'>Πατρὶ,</span> <span class='ocrx_word' id='word_1_768' title='bbox 2463 5649 2602 5703; x_wconf 76' lang='grc' dir='ltr'>οὕτω</span> <span class='ocrx_word' id='word_1_769' title='bbox 2643 5648 2738 5700; x_wconf 73' lang='grc' dir='ltr'><strong>καὶ</strong></span> <span class='ocrx_word' id='word_1_770' title='bbox 2767 5647 2877 5700; x_wconf 88' lang='grc' dir='ltr'><strong>τῶν</strong></span> <span class='ocrx_word' id='word_1_771' title='bbox 2908 5647 3035 5716; x_wconf 85' lang='grc' dir='ltr'>βίων</span> <span class='ocrx_word' id='word_1_772' title='bbox 3079 5648 3135 5698; x_wconf 83' lang='grc' dir='ltr'>αἱ</span> <span class='ocrx_word' id='word_1_773' title='bbox 3174 5646 3428 5720; x_wconf 79' lang='grc' dir='ltr'>διαφοραὶ</span> <span class='ocrx_word' id='word_1_774' title='bbox 3482 5645 3676 5699; x_wconf 68' lang='grc' dir='ltr'>πολλαὶ</span> 
     </span>
    </p>
   </div>
   <div class='ocr_carea' id='block_1_116' title="bbox 2097 5736 3673 5812">
    <p class='ocr_par' dir='ltr' id='par_1_116' title="bbox 2097 5736 3673 5812">
     <span class='ocr_line' id='line_1_117' title="bbox 2097 5736 3673 5812; baseline -0.004 -16"><span class='ocrx_word' id='word_1_775' title='bbox 2097 5744 2204 5796; x_wconf 88' lang='grc' dir='ltr'><strong>τῶν</strong></span> <span class='ocrx_word' id='word_1_776' title='bbox 2252 5744 2377 5806; x_wconf 81' lang='grc' dir='ltr'>τοὺς</span> <span class='ocrx_word' id='word_1_777' title='bbox 2433 5739 2811 5812; x_wconf 82' lang='grc' dir='ltr'>μακαρισμοὺς</span> <span class='ocrx_word' id='word_1_778' title='bbox 2862 5737 3241 5812; x_wconf 79' lang='grc' dir='ltr'>ἀναφερόντων</span> <span class='ocrx_word' id='word_1_779' title='bbox 3302 5737 3438 5808; x_wconf 85' lang='grc' dir='ltr'>πρὸς</span> <span class='ocrx_word' id='word_1_780' title='bbox 3482 5736 3673 5799; x_wconf 84' lang='grc' dir='ltr'>αὐτάς.</span> 
     </span>
    </p>
   </div>
   <div class='ocr_carea' id='block_1_117' title="bbox 2101 5825 3676 5905">
    <p class='ocr_par' dir='ltr' id='par_1_117' title="bbox 2101 5825 3676 5905">
     <span class='ocr_line' id='line_1_118' title="bbox 2101 5825 3676 5905; baseline -0.004 -17"><span class='ocrx_word' id='word_1_781' title='bbox 2101 5832 2242 5905; x_wconf 81' lang='grc' dir='ltr'>Πρὸς</span> <span class='ocrx_word' id='word_1_782' title='bbox 2299 5834 2365 5905; x_wconf 73' lang='grc' dir='ltr'>ἢν</span> <span class='ocrx_word' id='word_1_783' title='bbox 2422 5826 2514 5886; x_wconf 81' lang='grc' dir='ltr'>οὖν</span> <span class='ocrx_word' id='word_1_784' title='bbox 2567 5829 2788 5902; x_wconf 77' lang='grc' dir='ltr'>τρίϐον,</span> <span class='ocrx_word' id='word_1_785' title='bbox 2843 5830 2995 5900; x_wconf 75' lang='grc' dir='ltr'>φησὶ,</span> <span class='ocrx_word' id='word_1_786' title='bbox 3057 5829 3166 5883; x_wconf 88' lang='grc' dir='ltr'><strong>τῶν</strong></span> <span class='ocrx_word' id='word_1_787' title='bbox 3223 5825 3676 5900; x_wconf 72' lang='grc' dir='ltr'>μακαριζομένων</span> 
     </span>
    </p>
   </div>
  </div>
