  <div class='ocr_page' id='page_1' title='image "/cluster/home/n/w/nwhite01/storage/ocr_20150623/38/nnc1.0046978500/408.png"; bbox 0 0 4164 6350; ppageno 0'>
   <div class='ocr_carea' id='block_1_1' title="bbox 448 341 553 398">
    <p class='ocr_par' dir='ltr' id='par_1_1' title="bbox 448 341 553 398">
     <span class='ocr_line' id='line_1_1' title="bbox 448 341 553 398; baseline 0.019 -2"><span class='ocrx_word' id='word_1_1' title='bbox 448 341 553 398; x_wconf 70' lang='lat'><strong>769</strong></span> 
     </span>
    </p>
   </div>
   <div class='ocr_carea' id='block_1_2' title="bbox 444 457 2028 537">
    <p class='ocr_par' dir='ltr' id='par_1_2' title="bbox 444 457 2028 537">
     <span class='ocr_line' id='line_1_2' title="bbox 444 457 2028 537; baseline 0.003 -24"><span class='ocrx_word' id='word_1_2' title='bbox 444 457 660 524; x_wconf 60' lang='grc' dir='ltr'>εὐφυῶς</span> <span class='ocrx_word' id='word_1_3' title='bbox 687 457 879 529; x_wconf 76' lang='grc' dir='ltr'>ἔχοντα</span> <span class='ocrx_word' id='word_1_4' title='bbox 913 461 1109 515; x_wconf 76' lang='grc' dir='ltr'>σαυτὸν</span> <span class='ocrx_word' id='word_1_5' title='bbox 1131 462 1283 534; x_wconf 76' lang='grc' dir='ltr'>ὁρᾷς,</span> <span class='ocrx_word' id='word_1_6' title='bbox 1316 465 1520 537; x_wconf 82' lang='grc' dir='ltr'>ταύτην</span> <span class='ocrx_word' id='word_1_7' title='bbox 1554 465 1736 536; x_wconf 79' lang='grc' dir='ltr'>βάδιζε</span> <span class='ocrx_word' id='word_1_8' title='bbox 1764 461 2028 518; x_wconf 85' lang='grc' dir='ltr'>συντονώ-</span> 
     </span>
    </p>
   </div>
   <div class='ocr_carea' id='block_1_3' title="bbox 443 549 2031 625">
    <p class='ocr_par' dir='ltr' id='par_1_3' title="bbox 443 549 2031 625">
     <span class='ocr_line' id='line_1_3' title="bbox 443 549 2031 625; baseline 0.007 -26"><span class='ocrx_word' id='word_1_9' title='bbox 443 565 602 618; x_wconf 80' lang='grc' dir='ltr'>τερον</span> <span class='ocrx_word' id='word_1_10' title='bbox 637 549 816 605; x_wconf 88' lang='grc' dir='ltr'>πλέον.</span> <span class='ocrx_word' id='word_1_11' title='bbox 870 554 931 606; x_wconf 79' lang='grc' dir='ltr'><strong>Εἰ</strong></span> <span class='ocrx_word' id='word_1_12' title='bbox 969 554 1068 625; x_wconf 88' lang='grc' dir='ltr'>μὲν</span> <span class='ocrx_word' id='word_1_13' title='bbox 1111 551 1203 609; x_wconf 81' lang='grc' dir='ltr'><strong>οὖν</strong></span> <span class='ocrx_word' id='word_1_14' title='bbox 1238 557 1455 621; x_wconf 83' lang='grc' dir='ltr'><strong>ἁπάσας</strong></span> <span class='ocrx_word' id='word_1_15' title='bbox 1483 554 1594 612; x_wconf 75' lang='grc' dir='ltr'>οἷόν</span> <span class='ocrx_word' id='word_1_16' title='bbox 1623 576 1716 622; x_wconf 86' lang='grc' dir='ltr'><strong>τε,</strong></span> <span class='ocrx_word' id='word_1_17' title='bbox 1747 558 2031 612; x_wconf 86' lang='grc' dir='ltr'>κάλλιστον</span> 
     </span>
    </p>
   </div>
   <div class='ocr_carea' id='block_1_4' title="bbox 444 639 2028 718">
    <p class='ocr_par' dir='ltr' id='par_1_4' title="bbox 444 639 2028 718">
     <span class='ocr_line' id='line_1_4' title="bbox 444 639 2028 718; baseline 0.006 -27"><span class='ocrx_word' id='word_1_18' title='bbox 444 639 604 693; x_wconf 89' lang='grc' dir='ltr'>τοῦτο</span> <span class='ocrx_word' id='word_1_19' title='bbox 637 643 732 694; x_wconf 73' lang='grc' dir='ltr'><strong>καὶ</strong></span> <span class='ocrx_word' id='word_1_20' title='bbox 759 643 979 698; x_wconf 86' lang='grc' dir='ltr'>πάντων</span> <span class='ocrx_word' id='word_1_21' title='bbox 1011 646 1350 701; x_wconf 82' lang='grc' dir='ltr'><strong>τελειότατον</strong></span> <span class='ocrx_word' id='word_1_22' title='bbox 1373 665 1386 679; x_wconf 90' lang='grc'><strong>·</strong></span> <span class='ocrx_word' id='word_1_23' title='bbox 1419 651 1468 702; x_wconf 84' lang='grc' dir='ltr'><strong>εί</strong></span> <span class='ocrx_word' id='word_1_24' title='bbox 1493 650 1536 702; x_wconf 83' lang='grc' dir='ltr'>δ’</span> <span class='ocrx_word' id='word_1_25' title='bbox 1566 649 1753 718; x_wconf 81' lang='grc' dir='ltr'>ὀλίγας</span> <span class='ocrx_word' id='word_1_26' title='bbox 1783 649 2028 714; x_wconf 83' lang='grc' dir='ltr'>δυνατὸν,</span> 
     </span>
    </p>
   </div>
   <div class='ocr_carea' id='block_1_5' title="bbox 445 731 2030 811">
    <p class='ocr_par' dir='ltr' id='par_1_5' title="bbox 445 731 2030 811">
     <span class='ocr_line' id='line_1_5' title="bbox 445 731 2030 811; baseline 0.006 -29"><span class='ocrx_word' id='word_1_27' title='bbox 445 731 698 802; x_wconf 87' lang='grc' dir='ltr'>δεύτερον</span> <span class='ocrx_word' id='word_1_28' title='bbox 743 735 904 789; x_wconf 89' lang='grc' dir='ltr'>τοῦτο</span> <span class='ocrx_word' id='word_1_29' title='bbox 941 737 1036 790; x_wconf 80' lang='grc' dir='ltr'>καὶ</span> <span class='ocrx_word' id='word_1_30' title='bbox 1072 738 1168 790; x_wconf 87' lang='grc' dir='ltr'><strong>τοῦ</strong></span> <span class='ocrx_word' id='word_1_31' title='bbox 1217 740 1438 811; x_wconf 88' lang='grc' dir='ltr'>πρώτου</span> <span class='ocrx_word' id='word_1_32' title='bbox 1487 740 1814 810; x_wconf 83' lang='grc' dir='ltr'>καθυφείται</span> <span class='ocrx_word' id='word_1_33' title='bbox 1841 758 1855 772; x_wconf 78' lang='grc' dir='ltr'><strong>ο</strong></span> <span class='ocrx_word' id='word_1_34' title='bbox 1900 740 2030 794; x_wconf 76' lang='grc' dir='ltr'>εἰδὲ</span> 
     </span>
    </p>
   </div>
   <div class='ocr_carea' id='block_1_6' title="bbox 448 823 2027 906">
    <p class='ocr_par' dir='ltr' id='par_1_6' title="bbox 448 823 2027 906">
     <span class='ocr_line' id='line_1_6' title="bbox 448 823 2027 906; baseline 0.006 -32"><span class='ocrx_word' id='word_1_35' title='bbox 448 823 540 875; x_wconf 74' lang='grc' dir='ltr'><strong>καὶ</strong></span> <span class='ocrx_word' id='word_1_36' title='bbox 572 823 700 892; x_wconf 89' lang='grc' dir='ltr'>μίαν</span> <span class='ocrx_word' id='word_1_37' title='bbox 735 827 902 897; x_wconf 83' lang='grc' dir='ltr'>μονὴν</span> <span class='ocrx_word' id='word_1_38' title='bbox 928 827 1063 882; x_wconf 79' lang='grc' dir='ltr'>ἱέναι</span> <span class='ocrx_word' id='word_1_39' title='bbox 1092 829 1200 883; x_wconf 87' lang='grc' dir='ltr'><strong>τῶν</strong></span> <span class='ocrx_word' id='word_1_40' title='bbox 1223 831 1358 884; x_wconf 87' lang='grc' dir='ltr'>ὁδῶν</span> <span class='ocrx_word' id='word_1_41' title='bbox 1391 831 1513 886; x_wconf 86' lang='grc' dir='ltr'>καθ’</span> <span class='ocrx_word' id='word_1_42' title='bbox 1543 830 1846 906; x_wconf 77' lang='grc' dir='ltr'>ὑπερϐολὴν</span> <span class='ocrx_word' id='word_1_43' title='bbox 1887 831 2027 898; x_wconf 80' lang='grc' dir='ltr'>ἐξὸν,</span> 
     </span>
    </p>
   </div>
   <div class='ocr_carea' id='block_1_7' title="bbox 442 911 2030 994">
    <p class='ocr_par' dir='ltr' id='par_1_7' title="bbox 442 911 2030 994">
     <span class='ocr_line' id='line_1_7' title="bbox 442 911 2030 994; baseline 0.006 -27"><span class='ocrx_word' id='word_1_44' title='bbox 442 911 541 967; x_wconf 77' lang='grc' dir='ltr'><strong>καὶ</strong></span> <span class='ocrx_word' id='word_1_45' title='bbox 572 914 716 968; x_wconf 87' lang='grc' dir='ltr'>τοῦτ’</span> <span class='ocrx_word' id='word_1_46' title='bbox 747 916 814 970; x_wconf 88' lang='grc' dir='ltr'><strong>ἂν</strong></span> <span class='ocrx_word' id='word_1_47' title='bbox 844 918 929 990; x_wconf 77' lang='grc' dir='ltr'><strong>εἴη</strong></span> <span class='ocrx_word' id='word_1_48' title='bbox 962 917 1115 988; x_wconf 67' lang='grc' dir='ltr'>φίλον</span> <span class='ocrx_word' id='word_1_49' title='bbox 1141 923 1234 974; x_wconf 75' lang='grc' dir='ltr'><strong>καὶ</strong></span> <span class='ocrx_word' id='word_1_50' title='bbox 1268 923 1563 994; x_wconf 82' lang='grc' dir='ltr'>εὐάρεστον</span> <span class='ocrx_word' id='word_1_51' title='bbox 1593 924 1712 994; x_wconf 84' lang='grc' dir='ltr'><strong>Θεῷ</strong></span> <span class='ocrx_word' id='word_1_52' title='bbox 1743 941 1758 956; x_wconf 77' lang='grc' dir='ltr'><strong><em>ο</em></strong></span> <span class='ocrx_word' id='word_1_53' title='bbox 1801 927 1935 978; x_wconf 85' lang='grc' dir='ltr'>πᾶσι</span> <span class='ocrx_word' id='word_1_54' title='bbox 1974 924 2030 977; x_wconf 84' lang='grc' dir='ltr'><strong>δὲ</strong></span> 
     </span>
    </p>
   </div>
   <div class='ocr_carea' id='block_1_8' title="bbox 442 1007 2026 1088">
    <p class='ocr_par' dir='ltr' id='par_1_8' title="bbox 442 1007 2026 1088">
     <span class='ocr_line' id='line_1_8' title="bbox 442 1007 2026 1088; baseline 0.007 -31"><span class='ocrx_word' id='word_1_55' title='bbox 442 1007 557 1069; x_wconf 81' lang='grc' dir='ltr'>τοῖς</span> <span class='ocrx_word' id='word_1_56' title='bbox 591 1007 733 1061; x_wconf 88' lang='grc' dir='ltr'><strong>κατά</strong></span> <span class='ocrx_word' id='word_1_57' title='bbox 768 1009 865 1073; x_wconf 80' lang='grc' dir='ltr'>τὰς</span> <span class='ocrx_word' id='word_1_58' title='bbox 911 1012 1010 1082; x_wconf 80' lang='grc' dir='ltr'>τῆς</span> <span class='ocrx_word' id='word_1_59' title='bbox 1043 1013 1322 1077; x_wconf 77' lang='grc' dir='ltr'>εὐσεϐείας</span> <span class='ocrx_word' id='word_1_60' title='bbox 1363 1015 1516 1078; x_wconf 78' lang='grc' dir='ltr'>ὁδοὺς</span> <span class='ocrx_word' id='word_1_61' title='bbox 1555 1015 2026 1088; x_wconf 81' lang='grc' dir='ltr'><strong>κατορθουμένοις,</strong></span> 
     </span>
    </p>
   </div>
   <div class='ocr_carea' id='block_1_9' title="bbox 441 1099 2029 1178">
    <p class='ocr_par' dir='ltr' id='par_1_9' title="bbox 441 1099 2029 1178">
     <span class='ocr_line' id='line_1_9' title="bbox 441 1099 2029 1178; baseline 0.008 -28"><span class='ocrx_word' id='word_1_62' title='bbox 441 1099 556 1160; x_wconf 76' lang='grc' dir='ltr'>τοῖς</span> <span class='ocrx_word' id='word_1_63' title='bbox 583 1116 642 1151; x_wconf 86' lang='grc' dir='ltr'><strong>τε</strong></span> <span class='ocrx_word' id='word_1_64' title='bbox 674 1101 948 1171; x_wconf 76' lang='grc' dir='ltr'>κρείττοσι</span> <span class='ocrx_word' id='word_1_65' title='bbox 983 1105 1076 1157; x_wconf 75' lang='grc' dir='ltr'><strong>καὶ</strong></span> <span class='ocrx_word' id='word_1_66' title='bbox 1109 1105 1483 1178; x_wconf 70' lang='grc' dir='ltr'>τελειοτέροις,</span> <span class='ocrx_word' id='word_1_67' title='bbox 1511 1111 1625 1172; x_wconf 84' lang='grc' dir='ltr'>τοῖς</span> <span class='ocrx_word' id='word_1_68' title='bbox 1643 1125 1702 1161; x_wconf 86' lang='grc' dir='ltr'><strong>τε</strong></span> <span class='ocrx_word' id='word_1_69' title='bbox 1725 1109 1912 1178; x_wconf 72' lang='grc' dir='ltr'>ἥττοσι</span> <span class='ocrx_word' id='word_1_70' title='bbox 1934 1107 2029 1162; x_wconf 74' lang='grc' dir='ltr'><strong>καὶ</strong></span> 
     </span>
    </p>
   </div>
   <div class='ocr_carea' id='block_1_10' title="bbox 441 1189 2029 1268">
    <p class='ocr_par' dir='ltr' id='par_1_10' title="bbox 441 1189 2029 1268">
     <span class='ocr_line' id='line_1_10' title="bbox 441 1189 2029 1268; baseline 0.006 -24"><span class='ocrx_word' id='word_1_71' title='bbox 441 1189 822 1259; x_wconf 81' lang='grc' dir='ltr'>ἁτελεστέροις</span> <span class='ocrx_word' id='word_1_72' title='bbox 843 1234 858 1258; x_wconf 90' lang='grc'><strong>,</strong></span> <span class='ocrx_word' id='word_1_73' title='bbox 896 1195 1112 1264; x_wconf 80' lang='grc' dir='ltr'>σταθμά</span> <span class='ocrx_word' id='word_1_74' title='bbox 1137 1237 1151 1259; x_wconf 86' lang='grc'><strong>,</strong></span> <span class='ocrx_word' id='word_1_75' title='bbox 1184 1198 1279 1249; x_wconf 72' lang='grc' dir='ltr'>καὶ</span> <span class='ocrx_word' id='word_1_76' title='bbox 1311 1198 1482 1268; x_wconf 83' lang='grc' dir='ltr'>μέτρα</span> <span class='ocrx_word' id='word_1_77' title='bbox 1508 1197 1632 1265; x_wconf 79' lang='grc' dir='ltr'>ἄξια</span> <span class='ocrx_word' id='word_1_78' title='bbox 1653 1241 1668 1265; x_wconf 84' lang='grc'><strong>,</strong></span> <span class='ocrx_word' id='word_1_79' title='bbox 1715 1201 1811 1252; x_wconf 77' lang='grc' dir='ltr'><strong>καὶ</strong></span> <span class='ocrx_word' id='word_1_80' title='bbox 1849 1199 2029 1268; x_wconf 73' lang='grc' dir='ltr'>μισθοὶ</span> 
     </span>
    </p>
   </div>
   <div class='ocr_carea' id='block_1_11' title="bbox 441 1282 2027 1365">
    <p class='ocr_par' dir='ltr' id='par_1_11' title="bbox 441 1282 2027 1365">
     <span class='ocr_line' id='line_1_11' title="bbox 441 1282 2027 1365; baseline 0.008 -31"><span class='ocrx_word' id='word_1_81' title='bbox 441 1282 543 1352; x_wconf 85' lang='grc' dir='ltr'><strong>τῆς</strong></span> <span class='ocrx_word' id='word_1_82' title='bbox 572 1282 753 1336; x_wconf 85' lang='grc' dir='ltr'>αὐτῶν</span> <span class='ocrx_word' id='word_1_83' title='bbox 791 1287 1076 1358; x_wconf 75' lang='grc' dir='ltr'>προκοπῆς</span> <span class='ocrx_word' id='word_1_84' title='bbox 1107 1288 1386 1358; x_wconf 80' lang='grc' dir='ltr'>ἀναλόγως</span> <span class='ocrx_word' id='word_1_85' title='bbox 1418 1291 1552 1362; x_wconf 75' lang='grc' dir='ltr'>πρὸς</span> <span class='ocrx_word' id='word_1_86' title='bbox 1580 1292 1672 1344; x_wconf 90' lang='grc' dir='ltr'><strong>τοῦ</strong></span> <span class='ocrx_word' id='word_1_87' title='bbox 1695 1293 1882 1365; x_wconf 81' lang='grc' dir='ltr'>κριτοῦ</span> <span class='ocrx_word' id='word_1_88' title='bbox 1920 1293 2027 1348; x_wconf 84' lang='grc' dir='ltr'><strong>τῶν</strong></span> 
     </span>
    </p>
   </div>
   <div class='ocr_carea' id='block_1_12' title="bbox 441 1374 928 1447">
    <p class='ocr_par' dir='ltr' id='par_1_12' title="bbox 441 1374 928 1447">
     <span class='ocr_line' id='line_1_12' title="bbox 441 1374 928 1447; baseline 0.01 -21"><span class='ocrx_word' id='word_1_89' title='bbox 441 1374 579 1427; x_wconf 79' lang='grc' dir='ltr'>ὅλων</span> <span class='ocrx_word' id='word_1_90' title='bbox 603 1377 928 1447; x_wconf 85' lang='grc' dir='ltr'>ήτοιμάσθη.</span> 
     </span>
    </p>
   </div>
   <div class='ocr_carea' id='block_1_13' title="bbox 443 1467 1918 1541">
    <p class='ocr_par' dir='ltr' id='par_1_13' title="bbox 443 1467 1918 1541">
     <span class='ocr_line' id='line_1_13' title="bbox 443 1467 1918 1541; baseline 0.005 -19"><span class='ocrx_word' id='word_1_91' title='bbox 443 1467 510 1522; x_wconf 75' lang='lat'><strong>37</strong></span> <span class='ocrx_word' id='word_1_92' title='bbox 551 1467 663 1521; x_wconf 76' lang='grc' dir='ltr'><strong>Καὶ</strong></span> <span class='ocrx_word' id='word_1_93' title='bbox 696 1470 878 1523; x_wconf 77' lang='grc' dir='ltr'><strong>Ῥαὰϐ</strong></span> <span class='ocrx_word' id='word_1_94' title='bbox 895 1472 1006 1524; x_wconf 77' lang='grc' dir='ltr'>οὐκ</span> <span class='ocrx_word' id='word_1_95' title='bbox 1035 1471 1341 1541; x_wconf 75' lang='grc' dir='ltr'>εὔκοσμον</span> <span class='ocrx_word' id='word_1_96' title='bbox 1377 1470 1521 1540; x_wconf 79' lang='grc' dir='ltr'>ἔχεν</span> <span class='ocrx_word' id='word_1_97' title='bbox 1538 1473 1761 1538; x_wconf 77' lang='grc' dir='ltr'>βίον,κ.</span> <span class='ocrx_word' id='word_1_98' title='bbox 1788 1489 1840 1528; x_wconf 88' lang='grc' dir='ltr'>τ.</span> <span class='ocrx_word' id='word_1_99' title='bbox 1867 1473 1918 1530; x_wconf 95' lang='grc' dir='ltr'><strong>λ.</strong></span> 
     </span>
    </p>
   </div>
   <div class='ocr_carea' id='block_1_14' title="bbox 516 1559 2030 1636">
    <p class='ocr_par' dir='ltr' id='par_1_14' title="bbox 516 1559 2030 1636">
     <span class='ocr_line' id='line_1_14' title="bbox 516 1559 2030 1636; baseline 0.005 -24"><span class='ocrx_word' id='word_1_100' title='bbox 516 1559 640 1612; x_wconf 87' lang='grc' dir='ltr'>’Ότι</span> <span class='ocrx_word' id='word_1_101' title='bbox 677 1561 775 1631; x_wconf 81' lang='grc' dir='ltr'><strong>μὲν</strong></span> <span class='ocrx_word' id='word_1_102' title='bbox 815 1561 902 1614; x_wconf 84' lang='grc' dir='ltr'><strong>διὰ</strong></span> <span class='ocrx_word' id='word_1_103' title='bbox 949 1564 1077 1631; x_wconf 84' lang='grc' dir='ltr'>μιᾶς</span> <span class='ocrx_word' id='word_1_104' title='bbox 1121 1563 1244 1617; x_wconf 86' lang='grc' dir='ltr'>ὁδοῦ</span> <span class='ocrx_word' id='word_1_105' title='bbox 1286 1562 1394 1616; x_wconf 90' lang='grc' dir='ltr'><strong>τῶν</strong></span> <span class='ocrx_word' id='word_1_106' title='bbox 1428 1565 1564 1634; x_wconf 84' lang='grc' dir='ltr'>πρὸς</span> <span class='ocrx_word' id='word_1_107' title='bbox 1586 1565 1683 1628; x_wconf 76' lang='grc' dir='ltr'><strong>τὰς</strong></span> <span class='ocrx_word' id='word_1_108' title='bbox 1710 1566 1822 1619; x_wconf 84' lang='grc' dir='ltr'>ἄνω</span> <span class='ocrx_word' id='word_1_109' title='bbox 1862 1565 2030 1636; x_wconf 81' lang='grc' dir='ltr'>μονὰς</span> 
     </span>
    </p>
   </div>
   <div class='ocr_carea' id='block_1_15' title="bbox 441 1651 2029 1729">
    <p class='ocr_par' dir='ltr' id='par_1_15' title="bbox 441 1651 2029 1729">
     <span class='ocr_line' id='line_1_15' title="bbox 441 1651 2029 1729; baseline 0.004 -25"><span class='ocrx_word' id='word_1_110' title='bbox 441 1651 538 1704; x_wconf 90' lang='grc' dir='ltr'><strong>τοῦ</strong></span> <span class='ocrx_word' id='word_1_111' title='bbox 578 1653 793 1723; x_wconf 81' lang='grc' dir='ltr'>Πατρὸς</span> <span class='ocrx_word' id='word_1_112' title='bbox 831 1651 1148 1723; x_wconf 85' lang='grc' dir='ltr'>ἀναγουσῶν</span> <span class='ocrx_word' id='word_1_113' title='bbox 1184 1654 1367 1718; x_wconf 88' lang='grc' dir='ltr'>καλῶς</span> <span class='ocrx_word' id='word_1_114' title='bbox 1412 1656 1852 1729; x_wconf 84' lang='grc' dir='ltr'>κατορθωθείσης</span> <span class='ocrx_word' id='word_1_115' title='bbox 1889 1653 2029 1711; x_wconf 82' lang='grc' dir='ltr'>οἶδεν</span> 
     </span>
    </p>
   </div>
   <div class='ocr_carea' id='block_1_16' title="bbox 443 1745 2027 1820">
    <p class='ocr_par' dir='ltr' id='par_1_16' title="bbox 443 1745 2027 1820">
     <span class='ocr_line' id='line_1_16' title="bbox 443 1745 2027 1820; baseline 0.002 -21"><span class='ocrx_word' id='word_1_116' title='bbox 443 1745 688 1799; x_wconf 83' lang='grc' dir='ltr'>δικαιοῦν</span> <span class='ocrx_word' id='word_1_117' title='bbox 721 1748 848 1812; x_wconf 84' lang='grc' dir='ltr'>τοὺς</span> <span class='ocrx_word' id='word_1_118' title='bbox 877 1748 1279 1819; x_wconf 80' lang='grc' dir='ltr'>κατορθοῦντας</span> <span class='ocrx_word' id='word_1_119' title='bbox 1303 1751 1330 1802; x_wconf 87' lang='grc' dir='ltr'>ὁ</span> <span class='ocrx_word' id='word_1_120' title='bbox 1350 1749 1500 1812; x_wconf 85' lang='grc' dir='ltr'>Θεὸς,</span> <span class='ocrx_word' id='word_1_121' title='bbox 1539 1749 1708 1802; x_wconf 77' lang='grc' dir='ltr'><strong>Ῥαὰϐ</strong></span> <span class='ocrx_word' id='word_1_122' title='bbox 1727 1767 1808 1812; x_wconf 89' lang='grc' dir='ltr'><strong>τε,</strong></span> <span class='ocrx_word' id='word_1_123' title='bbox 1841 1751 2027 1820; x_wconf 65' lang='grc' dir='ltr'>φησιν,</span> 
     </span>
    </p>
   </div>
   <div class='ocr_carea' id='block_1_17' title="bbox 443 1838 2028 1915">
    <p class='ocr_par' dir='ltr' id='par_1_17' title="bbox 443 1838 2028 1915">
     <span class='ocr_line' id='line_1_17' title="bbox 443 1838 2028 1915; baseline 0.003 -24"><span class='ocrx_word' id='word_1_124' title='bbox 443 1841 477 1910; x_wconf 85' lang='grc' dir='ltr'><strong>ἡ</strong></span> <span class='ocrx_word' id='word_1_125' title='bbox 511 1840 679 1911; x_wconf 80' lang='grc' dir='ltr'>πόρνη</span> <span class='ocrx_word' id='word_1_126' title='bbox 716 1843 811 1893; x_wconf 82' lang='grc' dir='ltr'><strong>καὶ</strong></span> <span class='ocrx_word' id='word_1_127' title='bbox 848 1842 876 1893; x_wconf 88' lang='grc' dir='ltr'><strong>ό</strong></span> <span class='ocrx_word' id='word_1_128' title='bbox 926 1838 1163 1912; x_wconf 84' lang='grc' dir='ltr'>τελώνης</span> <span class='ocrx_word' id='word_1_129' title='bbox 1208 1841 1566 1913; x_wconf 80' lang='grc' dir='ltr'>μαρτυροῦσι.</span> <span class='ocrx_word' id='word_1_130' title='bbox 1624 1839 1734 1914; x_wconf 78' lang='grc' dir='ltr'>Τὴν</span> <span class='ocrx_word' id='word_1_131' title='bbox 1775 1842 1874 1914; x_wconf 80' lang='grc' dir='ltr'>μὲν</span> <span class='ocrx_word' id='word_1_132' title='bbox 1919 1843 2028 1915; x_wconf 84' lang='grc' dir='ltr'><strong>γὰρ</strong></span> 
     </span>
    </p>
   </div>
   <div class='ocr_carea' id='block_1_18' title="bbox 441 1931 2027 2008">
    <p class='ocr_par' dir='ltr' id='par_1_18' title="bbox 441 1931 2027 2008">
     <span class='ocr_line' id='line_1_18' title="bbox 441 1931 2027 2008; baseline 0.003 -23"><span class='ocrx_word' id='word_1_133' title='bbox 441 1931 682 2003; x_wconf 76' lang='grc' dir='ltr'>ἄκοσμον</span> <span class='ocrx_word' id='word_1_134' title='bbox 714 1933 883 1987; x_wconf 80' lang='grc' dir='ltr'>τᾶλλα</span> <span class='ocrx_word' id='word_1_135' title='bbox 911 1935 1320 2004; x_wconf 82' lang='grc' dir='ltr'>τυγχάνουσαν,</span> <span class='ocrx_word' id='word_1_136' title='bbox 1366 1937 1585 2007; x_wconf 81' lang='grc' dir='ltr'>κλεινὴν</span> <span class='ocrx_word' id='word_1_137' title='bbox 1623 1937 1718 1990; x_wconf 80' lang='grc' dir='ltr'><strong>καὶ</strong></span> <span class='ocrx_word' id='word_1_138' title='bbox 1758 1937 2027 2008; x_wconf 78' lang='grc' dir='ltr'>ἐπίσημον</span> 
     </span>
    </p>
   </div>
   <div class='ocr_carea' id='block_1_19' title="bbox 440 2025 2027 2100">
    <p class='ocr_par' dir='ltr' id='par_1_19' title="bbox 440 2025 2027 2100">
     <span class='ocr_line' id='line_1_19' title="bbox 440 2025 2027 2100; baseline 0.003 -24"><span class='ocrx_word' id='word_1_139' title='bbox 440 2027 474 2094; x_wconf 86' lang='grc' dir='ltr'><strong>ή</strong></span> <span class='ocrx_word' id='word_1_140' title='bbox 513 2025 792 2096; x_wconf 81' lang='grc' dir='ltr'>ἀκροτάτη</span> <span class='ocrx_word' id='word_1_141' title='bbox 827 2027 1101 2096; x_wconf 80' lang='grc' dir='ltr'>φιλοξενία</span> <span class='ocrx_word' id='word_1_142' title='bbox 1127 2028 1466 2098; x_wconf 83' lang='grc' dir='ltr'>ἀναδέδειχεν</span> <span class='ocrx_word' id='word_1_143' title='bbox 1498 2047 1513 2062; x_wconf 89' lang='grc'><strong>·</strong></span> <span class='ocrx_word' id='word_1_144' title='bbox 1541 2029 1568 2082; x_wconf 86' lang='grc' dir='ltr'><strong>ό</strong></span> <span class='ocrx_word' id='word_1_145' title='bbox 1595 2030 1829 2100; x_wconf 81' lang='grc' dir='ltr'>τελώνης</span> <span class='ocrx_word' id='word_1_146' title='bbox 1853 2029 1908 2082; x_wconf 83' lang='grc' dir='ltr'><strong>δὲ</strong></span> <span class='ocrx_word' id='word_1_147' title='bbox 1934 2030 2027 2082; x_wconf 75' lang='grc' dir='ltr'><strong>καὶ</strong></span> 
     </span>
    </p>
   </div>
   <div class='ocr_carea' id='block_1_20' title="bbox 441 2118 2026 2193">
    <p class='ocr_par' dir='ltr' id='par_1_20' title="bbox 441 2118 2026 2193">
     <span class='ocr_line' id='line_1_20' title="bbox 441 2118 2026 2193; baseline 0.003 -24"><span class='ocrx_word' id='word_1_148' title='bbox 441 2118 603 2180; x_wconf 75' lang='grc' dir='ltr'>αὐτὸς</span> <span class='ocrx_word' id='word_1_149' title='bbox 627 2118 715 2171; x_wconf 83' lang='grc' dir='ltr'>διὰ</span> <span class='ocrx_word' id='word_1_150' title='bbox 740 2119 842 2189; x_wconf 82' lang='grc' dir='ltr'>τῆς</span> <span class='ocrx_word' id='word_1_151' title='bbox 874 2119 1166 2191; x_wconf 82' lang='grc' dir='ltr'>ἀμέμπτου</span> <span class='ocrx_word' id='word_1_152' title='bbox 1193 2121 1696 2193; x_wconf 82' lang='grc' dir='ltr'>ταπεινοφροσύνης</span> <span class='ocrx_word' id='word_1_153' title='bbox 1721 2121 1813 2175; x_wconf 91' lang='grc' dir='ltr'><strong>τοῦ</strong></span> <span class='ocrx_word' id='word_1_154' title='bbox 1837 2120 2026 2176; x_wconf 77' lang='grc' dir='ltr'>ἑαυτὸν</span> 
     </span>
    </p>
   </div>
   <div class='ocr_carea' id='block_1_21' title="bbox 440 2211 1429 2288">
    <p class='ocr_par' dir='ltr' id='par_1_21' title="bbox 440 2211 1429 2288">
     <span class='ocr_line' id='line_1_21' title="bbox 440 2211 1429 2288; baseline 0.006 -24"><span class='ocrx_word' id='word_1_155' title='bbox 440 2211 775 2276; x_wconf 71' lang='grc' dir='ltr'>δικαιοῦντος</span> <span class='ocrx_word' id='word_1_156' title='bbox 803 2213 1071 2286; x_wconf 85' lang='grc' dir='ltr'>ὑπερέσχε</span> <span class='ocrx_word' id='word_1_157' title='bbox 1111 2216 1429 2288; x_wconf 81' lang='grc' dir='ltr'>Φαρισαίου.</span> 
     </span>
    </p>
   </div>
   <div class='ocr_carea' id='block_1_22' title="bbox 441 2327 1359 2400">
    <p class='ocr_par' dir='ltr' id='par_1_22' title="bbox 441 2327 1359 2400">
     <span class='ocr_line' id='line_1_22' title="bbox 441 2327 1359 2400; baseline 0.005 -21"><span class='ocrx_word' id='word_1_158' title='bbox 441 2327 740 2395; x_wconf 71' lang='grc' dir='ltr'>Βέλτερον</span> <span class='ocrx_word' id='word_1_159' title='bbox 772 2327 1000 2397; x_wconf 56' lang='lat' dir='ltr'><strong>dat-fin.</strong></span> <span class='ocrx_word' id='word_1_160' title='bbox 1037 2349 1090 2383; x_wconf 88' lang='grc' dir='ltr'>κ.</span> <span class='ocrx_word' id='word_1_161' title='bbox 1123 2348 1173 2384; x_wconf 86' lang='grc' dir='ltr'><strong>τ.</strong></span> <span class='ocrx_word' id='word_1_162' title='bbox 1212 2330 1359 2400; x_wconf 74' lang='grc' dir='ltr'>ἑξῆς.</span> 
     </span>
    </p>
   </div>
   <div class='ocr_carea' id='block_1_23' title="bbox 521 2417 2028 2494">
    <p class='ocr_par' dir='ltr' id='par_1_23' title="bbox 521 2417 2028 2494">
     <span class='ocr_line' id='line_1_23' title="bbox 521 2417 2028 2494; baseline 0.001 -19"><span class='ocrx_word' id='word_1_163' title='bbox 521 2420 704 2475; x_wconf 78' lang='grc' dir='ltr'>Εἰπὼν</span> <span class='ocrx_word' id='word_1_164' title='bbox 731 2462 744 2484; x_wconf 88' lang='grc'><strong>,</strong></span> <span class='ocrx_word' id='word_1_165' title='bbox 779 2417 859 2474; x_wconf 84' lang='grc' dir='ltr'>ὅτι</span> <span class='ocrx_word' id='word_1_166' title='bbox 893 2421 1116 2476; x_wconf 84' lang='grc' dir='ltr'>δυνατὸν</span> <span class='ocrx_word' id='word_1_167' title='bbox 1152 2424 1246 2476; x_wconf 74' lang='grc' dir='ltr'><strong>καὶ</strong></span> <span class='ocrx_word' id='word_1_168' title='bbox 1274 2421 1361 2476; x_wconf 80' lang='grc' dir='ltr'><strong>διὰ</strong></span> <span class='ocrx_word' id='word_1_169' title='bbox 1397 2425 1528 2494; x_wconf 80' lang='grc' dir='ltr'>μιᾶς</span> <span class='ocrx_word' id='word_1_170' title='bbox 1557 2422 1676 2476; x_wconf 85' lang='grc' dir='ltr'>ὁδοῦ</span> <span class='ocrx_word' id='word_1_171' title='bbox 1718 2424 1898 2486; x_wconf 82' lang='grc' dir='ltr'>καλῶς</span> <span class='ocrx_word' id='word_1_172' title='bbox 1927 2440 2028 2476; x_wconf 88' lang='grc' dir='ltr'>κα-</span> 
     </span>
    </p>
   </div>
   <div class='ocr_carea' id='block_1_24' title="bbox 438 2511 2023 2586">
    <p class='ocr_par' dir='ltr' id='par_1_24' title="bbox 438 2511 2023 2586">
     <span class='ocr_line' id='line_1_24' title="bbox 438 2511 2023 2586; baseline -0.001 -19"><span class='ocrx_word' id='word_1_173' title='bbox 438 2511 809 2584; x_wconf 63' lang='grc' dir='ltr'>’πορθουμένης</span> <span class='ocrx_word' id='word_1_174' title='bbox 828 2511 936 2565; x_wconf 87' lang='grc' dir='ltr'><strong>τῶν</strong></span> <span class='ocrx_word' id='word_1_175' title='bbox 955 2514 1221 2584; x_wconf 76' lang='grc' dir='ltr'>οὐρανίων</span> <span class='ocrx_word' id='word_1_176' title='bbox 1242 2513 1384 2577; x_wconf 83' lang='grc' dir='ltr'>τινὸς</span> <span class='ocrx_word' id='word_1_177' title='bbox 1412 2513 1764 2567; x_wconf 80' lang='grc' dir='ltr'>ἐπιλαϐέσθαι</span> <span class='ocrx_word' id='word_1_178' title='bbox 1787 2515 2023 2586; x_wconf 82' lang='grc' dir='ltr'>σκηνῶν,</span> 
     </span>
    </p>
   </div>
   <div class='ocr_carea' id='block_1_25' title="bbox 439 2602 2027 2678">
    <p class='ocr_par' dir='ltr' id='par_1_25' title="bbox 439 2602 2027 2678">
     <span class='ocr_line' id='line_1_25' title="bbox 439 2602 2027 2678; baseline 0.002 -21"><span class='ocrx_word' id='word_1_179' title='bbox 439 2602 528 2658; x_wconf 83' lang='grc' dir='ltr'><strong>ἵνα</strong></span> <span class='ocrx_word' id='word_1_180' title='bbox 557 2606 630 2675; x_wconf 87' lang='grc' dir='ltr'>μή</span> <span class='ocrx_word' id='word_1_181' title='bbox 660 2622 742 2668; x_wconf 86' lang='grc' dir='ltr'><strong>τις</strong></span> <span class='ocrx_word' id='word_1_182' title='bbox 772 2605 928 2676; x_wconf 80' lang='grc' dir='ltr'>οἰηθῇ</span> <span class='ocrx_word' id='word_1_183' title='bbox 945 2605 1059 2676; x_wconf 84' lang='grc' dir='ltr'>-τὴν</span> <span class='ocrx_word' id='word_1_184' title='bbox 1087 2606 1288 2676; x_wconf 80' lang='grc' dir='ltr'>ἀρετὴν</span> <span class='ocrx_word' id='word_1_185' title='bbox 1313 2609 1376 2676; x_wconf 85' lang='grc' dir='ltr'>τῇ</span> <span class='ocrx_word' id='word_1_186' title='bbox 1397 2607 1564 2677; x_wconf 79' lang='grc' dir='ltr'>κακίᾳ</span> <span class='ocrx_word' id='word_1_187' title='bbox 1583 2607 1883 2678; x_wconf 83' lang='grc' dir='ltr'>λεληθότως</span> <span class='ocrx_word' id='word_1_188' title='bbox 1907 2609 2027 2660; x_wconf 80' lang='grc' dir='ltr'>ἐπι·</span> 
     </span>
    </p>
   </div>
   <div class='ocr_carea' id='block_1_26' title="bbox 445 2695 2028 2770">
    <p class='ocr_par' dir='ltr' id='par_1_26' title="bbox 445 2695 2028 2770">
     <span class='ocr_line' id='line_1_26' title="bbox 445 2695 2028 2770; baseline 0.003 -21"><span class='ocrx_word' id='word_1_189' title='bbox 445 2695 809 2767; x_wconf 82' lang='grc' dir='ltr'>μεμιγμένην,</span> <span class='ocrx_word' id='word_1_190' title='bbox 840 2696 915 2760; x_wconf 83' lang='grc' dir='ltr'>ὡς</span> <span class='ocrx_word' id='word_1_191' title='bbox 939 2697 1031 2749; x_wconf 76' lang='grc' dir='ltr'><strong>ἐπὶ</strong></span> <span class='ocrx_word' id='word_1_192' title='bbox 1059 2697 1167 2750; x_wconf 88' lang='grc' dir='ltr'><strong>τῶν</strong></span> <span class='ocrx_word' id='word_1_193' title='bbox 1200 2698 1510 2770; x_wconf 83' lang='grc' dir='ltr'>ὑποκριτῶν</span> <span class='ocrx_word' id='word_1_194' title='bbox 1543 2699 1835 2769; x_wconf 80' lang='grc' dir='ltr'>ἕστινόρᾷν</span> <span class='ocrx_word' id='word_1_195' title='bbox 1876 2699 2028 2753; x_wconf 86' lang='grc' dir='ltr'>δύνα-</span> 
     </span>
    </p>
   </div>
   <div class='ocr_carea' id='block_1_27' title="bbox 443 2788 2027 2862">
    <p class='ocr_par' dir='ltr' id='par_1_27' title="bbox 443 2788 2027 2862">
     <span class='ocr_line' id='line_1_27' title="bbox 443 2788 2027 2862; baseline 0.004 -22"><span class='ocrx_word' id='word_1_196' title='bbox 443 2788 564 2841; x_wconf 81' lang='grc' dir='ltr'>σθαι</span> <span class='ocrx_word' id='word_1_197' title='bbox 591 2788 725 2842; x_wconf 87' lang='grc' dir='ltr'>Θεοῦ</span> <span class='ocrx_word' id='word_1_198' title='bbox 753 2789 1195 2860; x_wconf 87' lang='grc' dir='ltr'>κατεργάσασθαι</span> <span class='ocrx_word' id='word_1_199' title='bbox 1215 2791 1582 2862; x_wconf 86' lang='grc' dir='ltr'>δικαιοσύνην,</span> <span class='ocrx_word' id='word_1_200' title='bbox 1602 2792 1972 2861; x_wconf 83' lang='grc' dir='ltr'>εύαγγελικῶς</span> <span class='ocrx_word' id='word_1_201' title='bbox 2000 2795 2027 2846; x_wconf 83' lang='grc' dir='ltr'>ὁ</span> 
     </span>
    </p>
   </div>
   <div class='ocr_carea' id='block_1_28' title="bbox 439 2879 2026 2955">
    <p class='ocr_par' dir='ltr' id='par_1_28' title="bbox 439 2879 2026 2955">
     <span class='ocr_line' id='line_1_28' title="bbox 439 2879 2026 2955; baseline 0.001 -22"><span class='ocrx_word' id='word_1_202' title='bbox 439 2879 759 2944; x_wconf 76' lang='grc' dir='ltr'>διδάσκει),ος</span> <span class='ocrx_word' id='word_1_203' title='bbox 774 2879 851 2951; x_wconf 85' lang='grc' dir='ltr'>τῷ</span> <span class='ocrx_word' id='word_1_204' title='bbox 871 2881 973 2951; x_wconf 78' lang='grc' dir='ltr'>τῆς</span> <span class='ocrx_word' id='word_1_205' title='bbox 992 2881 1320 2953; x_wconf 86' lang='grc' dir='ltr'>διακρίσεως</span> <span class='ocrx_word' id='word_1_206' title='bbox 1348 2883 1619 2952; x_wconf 88' lang='grc' dir='ltr'>πνεύματι</span> <span class='ocrx_word' id='word_1_207' title='bbox 1645 2884 2026 2955; x_wconf 79' lang='grc' dir='ltr'>διασαφηνίζει</span> 
     </span>
    </p>
   </div>
   <div class='ocr_carea' id='block_1_29' title="bbox 437 2967 2025 3044">
    <p class='ocr_par' dir='ltr' id='par_1_29' title="bbox 437 2967 2025 3044">
     <span class='ocr_line' id='line_1_29' title="bbox 437 2967 2025 3044; baseline 0.001 -20"><span class='ocrx_word' id='word_1_208' title='bbox 437 2971 508 3024; x_wconf 88' lang='grc' dir='ltr'><strong>τά</strong></span> <span class='ocrx_word' id='word_1_209' title='bbox 536 2971 760 3026; x_wconf 85' lang='grc' dir='ltr'>τοιαῦτα</span> <span class='ocrx_word' id='word_1_210' title='bbox 786 2988 799 3001; x_wconf 84' lang='lat'><strong><em>°</em></strong></span> <span class='ocrx_word' id='word_1_211' title='bbox 833 2967 1099 3043; x_wconf 80' lang='grc' dir='ltr'>εἶναιγὰρ</span> <span class='ocrx_word' id='word_1_212' title='bbox 1136 2973 1411 3044; x_wconf 86' lang='grc' dir='ltr'>ἀρίστους,</span> <span class='ocrx_word' id='word_1_213' title='bbox 1434 2973 1546 3025; x_wconf 82' lang='grc' dir='ltr'>ἀλλ’</span> <span class='ocrx_word' id='word_1_214' title='bbox 1581 2974 1641 3025; x_wconf 81' lang='grc' dir='ltr'>οὑ</span> <span class='ocrx_word' id='word_1_215' title='bbox 1673 2974 1871 3036; x_wconf 78' lang='grc' dir='ltr'>δοκεῖν,</span> <span class='ocrx_word' id='word_1_216' title='bbox 1890 2973 2025 3027; x_wconf 78' lang='grc' dir='ltr'>ὁτοῦ</span> 
     </span>
    </p>
   </div>
   <div class='ocr_carea' id='block_1_30' title="bbox 440 3062 2028 3135">
    <p class='ocr_par' dir='ltr' id='par_1_30' title="bbox 440 3062 2028 3135">
     <span class='ocr_line' id='line_1_30' title="bbox 440 3062 2028 3135; baseline 0 -19"><span class='ocrx_word' id='word_1_217' title='bbox 440 3062 756 3134; x_wconf 87' lang='grc' dir='ltr'>Πνεύματος</span> <span class='ocrx_word' id='word_1_218' title='bbox 806 3064 972 3135; x_wconf 86' lang='grc' dir='ltr'>νόμος</span> <span class='ocrx_word' id='word_1_219' title='bbox 1021 3062 1270 3134; x_wconf 84' lang='grc' dir='ltr'>βούλεται</span> <span class='ocrx_word' id='word_1_220' title='bbox 1319 3065 1414 3116; x_wconf 72' lang='grc' dir='ltr'><strong>καὶ</strong></span> <span class='ocrx_word' id='word_1_221' title='bbox 1469 3063 1766 3134; x_wconf 82' lang='grc' dir='ltr'>νομοθέτης</span> <span class='ocrx_word' id='word_1_222' title='bbox 1809 3082 1824 3096; x_wconf 67' lang='grc' dir='ltr'>θ</span> <span class='ocrx_word' id='word_1_223' title='bbox 1880 3064 1944 3117; x_wconf 84' lang='grc' dir='ltr'>δι’</span> <span class='ocrx_word' id='word_1_224' title='bbox 1999 3065 2028 3117; x_wconf 85' lang='grc' dir='ltr'>ὃ</span> 
     </span>
    </p>
   </div>
   <div class='ocr_carea' id='block_1_31' title="bbox 439 3156 2027 3229">
    <p class='ocr_par' dir='ltr' id='par_1_31' title="bbox 439 3156 2027 3229">
     <span class='ocr_line' id='line_1_31' title="bbox 439 3156 2027 3229; baseline -0.001 -18"><span class='ocrx_word' id='word_1_225' title='bbox 439 3157 587 3227; x_wconf 86' lang='grc' dir='ltr'>λέγει</span> <span class='ocrx_word' id='word_1_226' title='bbox 620 3175 634 3187; x_wconf 69' lang='grc' dir='ltr'>θ</span> <span class='ocrx_word' id='word_1_227' title='bbox 672 3157 852 3211; x_wconf 77' lang='grc' dir='ltr'>Καλὸν</span> <span class='ocrx_word' id='word_1_228' title='bbox 909 3159 941 3229; x_wconf 88' lang='grc' dir='ltr'>ή</span> <span class='ocrx_word' id='word_1_229' title='bbox 994 3156 1240 3224; x_wconf 78' lang='grc' dir='ltr'>ἀζυγία,</span> <span class='ocrx_word' id='word_1_230' title='bbox 1285 3157 1379 3210; x_wconf 76' lang='grc' dir='ltr'>καὶ</span> <span class='ocrx_word' id='word_1_231' title='bbox 1431 3157 1525 3210; x_wconf 87' lang='grc' dir='ltr'><strong>τοῦ</strong></span> <span class='ocrx_word' id='word_1_232' title='bbox 1588 3158 1767 3228; x_wconf 81' lang='grc' dir='ltr'>γάμου</span> <span class='ocrx_word' id='word_1_233' title='bbox 1820 3157 2027 3228; x_wconf 86' lang='grc' dir='ltr'>βέλτιον</span> 
     </span>
    </p>
   </div>
   <div class='ocr_carea' id='block_1_32' title="bbox 439 3248 2027 3322">
    <p class='ocr_par' dir='ltr' id='par_1_32' title="bbox 439 3248 2027 3322">
     <span class='ocr_line' id='line_1_32' title="bbox 439 3248 2027 3322; baseline 0 -19"><span class='ocrx_word' id='word_1_234' title='bbox 439 3251 644 3322; x_wconf 76' lang='grc' dir='ltr'>εἴποιμ’</span> <span class='ocrx_word' id='word_1_235' title='bbox 673 3250 760 3316; x_wconf 82' lang='grc' dir='ltr'><strong>ἂν,</strong></span> <span class='ocrx_word' id='word_1_236' title='bbox 791 3248 902 3303; x_wconf 84' lang='grc' dir='ltr'>ἀλλ’</span> <span class='ocrx_word' id='word_1_237' title='bbox 946 3251 980 3320; x_wconf 82' lang='grc' dir='ltr'><strong>ἡ</strong></span> <span class='ocrx_word' id='word_1_238' title='bbox 1013 3249 1181 3311; x_wconf 74' lang='grc' dir='ltr'>ὅντως</span> <span class='ocrx_word' id='word_1_239' title='bbox 1221 3249 1422 3318; x_wconf 76' lang='grc' dir='ltr'>ἀζυγία</span> <span class='ocrx_word' id='word_1_240' title='bbox 1457 3250 1548 3302; x_wconf 86' lang='grc' dir='ltr'><strong>καὶ</strong></span> <span class='ocrx_word' id='word_1_241' title='bbox 1576 3249 1866 3320; x_wconf 85' lang='grc' dir='ltr'>παρθενία,</span> <span class='ocrx_word' id='word_1_242' title='bbox 1904 3251 2027 3303; x_wconf 79' lang='grc' dir='ltr'>ἐπί-</span> 
     </span>
    </p>
   </div>
   <div class='ocr_carea' id='block_1_33' title="bbox 443 3342 2027 3414">
    <p class='ocr_par' dir='ltr' id='par_1_33' title="bbox 443 3342 2027 3414">
     <span class='ocr_line' id='line_1_33' title="bbox 443 3342 2027 3414; baseline -0.001 -18"><span class='ocrx_word' id='word_1_243' title='bbox 443 3361 634 3414; x_wconf 87' lang='grc' dir='ltr'>μικτος</span> <span class='ocrx_word' id='word_1_244' title='bbox 656 3343 714 3396; x_wconf 81' lang='grc' dir='ltr'>δὲ</span> <span class='ocrx_word' id='word_1_245' title='bbox 735 3343 813 3413; x_wconf 82' lang='grc' dir='ltr'>τῷ</span> <span class='ocrx_word' id='word_1_246' title='bbox 839 3343 1029 3412; x_wconf 86' lang='grc' dir='ltr'>κόσμῳ</span> <span class='ocrx_word' id='word_1_247' title='bbox 1055 3342 1338 3413; x_wconf 88' lang='grc' dir='ltr'>γινομένη,</span> <span class='ocrx_word' id='word_1_248' title='bbox 1368 3342 1460 3395; x_wconf 76' lang='grc' dir='ltr'>καὶ</span> <span class='ocrx_word' id='word_1_249' title='bbox 1489 3345 1607 3406; x_wconf 87' lang='grc' dir='ltr'>ταῖς</span> <span class='ocrx_word' id='word_1_250' title='bbox 1635 3344 2027 3414; x_wconf 83' lang='grc' dir='ltr'>παρεισάκτοις</span> 
     </span>
    </p>
   </div>
   <div class='ocr_carea' id='block_1_34' title="bbox 439 3433 2026 3508">
    <p class='ocr_par' dir='ltr' id='par_1_34' title="bbox 439 3433 2026 3508">
     <span class='ocr_line' id='line_1_34' title="bbox 439 3433 2026 3508; baseline -0.001 -19"><span class='ocrx_word' id='word_1_251' title='bbox 439 3437 473 3508; x_wconf 81' lang='grc' dir='ltr'><strong>ἢ</strong></span> <span class='ocrx_word' id='word_1_252' title='bbox 513 3437 636 3500; x_wconf 87' lang='grc' dir='ltr'>ταῖς</span> <span class='ocrx_word' id='word_1_253' title='bbox 673 3435 739 3489; x_wconf 86' lang='grc' dir='ltr'><strong>τά</strong></span> <span class='ocrx_word' id='word_1_254' title='bbox 774 3437 936 3506; x_wconf 81' lang='grc' dir='ltr'>γήϊνα</span> <span class='ocrx_word' id='word_1_255' title='bbox 979 3433 1306 3504; x_wconf 77' lang='grc' dir='ltr'>φρονούσαις</span> <span class='ocrx_word' id='word_1_256' title='bbox 1348 3433 1795 3504; x_wconf 79' lang='grc' dir='ltr'>συναυλιζομένη,</span> <span class='ocrx_word' id='word_1_257' title='bbox 1830 3436 2026 3507; x_wconf 87' lang='grc' dir='ltr'>χείρων</span> 
     </span>
    </p>
   </div>
   <div class='ocr_carea' id='block_1_35' title="bbox 440 3525 2027 3600">
    <p class='ocr_par' dir='ltr' id='par_1_35' title="bbox 440 3525 2027 3600">
     <span class='ocr_line' id='line_1_35' title="bbox 440 3525 2027 3600; baseline -0.002 -19"><span class='ocrx_word' id='word_1_258' title='bbox 440 3529 538 3600; x_wconf 83' lang='grc' dir='ltr'>τῆς</span> <span class='ocrx_word' id='word_1_259' title='bbox 562 3528 653 3581; x_wconf 90' lang='grc' dir='ltr'><strong>τοῦ</strong></span> <span class='ocrx_word' id='word_1_260' title='bbox 678 3528 858 3598; x_wconf 87' lang='grc' dir='ltr'>γάμου</span> <span class='ocrx_word' id='word_1_261' title='bbox 891 3525 1149 3594; x_wconf 84' lang='grc' dir='ltr'>συζυγίας</span> <span class='ocrx_word' id='word_1_262' title='bbox 1175 3526 1322 3579; x_wconf 84' lang='grc' dir='ltr'>ἐστίν</span> <span class='ocrx_word' id='word_1_263' title='bbox 1358 3544 1370 3556; x_wconf 89' lang='grc'><strong>·</strong></span> <span class='ocrx_word' id='word_1_264' title='bbox 1401 3525 1622 3596; x_wconf 87' lang='grc' dir='ltr'>δόκησιν</span> <span class='ocrx_word' id='word_1_265' title='bbox 1668 3527 1776 3598; x_wconf 88' lang='grc' dir='ltr'>γὰρ</span> <span class='ocrx_word' id='word_1_266' title='bbox 1813 3545 2027 3598; x_wconf 86' lang='grc' dir='ltr'>σωφρο-</span> 
     </span>
    </p>
   </div>
   <div class='ocr_carea' id='block_1_36' title="bbox 443 3617 2029 3691">
    <p class='ocr_par' dir='ltr' id='par_1_36' title="bbox 443 3617 2029 3691">
     <span class='ocr_line' id='line_1_36' title="bbox 443 3617 2029 3691; baseline 0 -19"><span class='ocrx_word' id='word_1_267' title='bbox 443 3622 610 3691; x_wconf 85' lang='grc' dir='ltr'>σύνης</span> <span class='ocrx_word' id='word_1_268' title='bbox 636 3623 748 3683; x_wconf 86' lang='grc' dir='ltr'>τοῖς</span> <span class='ocrx_word' id='word_1_269' title='bbox 790 3617 1098 3689; x_wconf 83' lang='grc' dir='ltr'>ἀνθρώποις</span> <span class='ocrx_word' id='word_1_270' title='bbox 1134 3621 1192 3671; x_wconf 85' lang='grc' dir='ltr'>ὲν</span> <span class='ocrx_word' id='word_1_271' title='bbox 1225 3617 1303 3688; x_wconf 84' lang='grc' dir='ltr'>τῷ</span> <span class='ocrx_word' id='word_1_272' title='bbox 1334 3618 1574 3688; x_wconf 82' lang='grc' dir='ltr'>φανερῷ,</span> <span class='ocrx_word' id='word_1_273' title='bbox 1613 3617 1730 3672; x_wconf 77' lang='grc' dir='ltr'>ἀλλ’</span> <span class='ocrx_word' id='word_1_274' title='bbox 1758 3620 1857 3672; x_wconf 78' lang='grc' dir='ltr'><strong>οὐκ</strong></span> <span class='ocrx_word' id='word_1_275' title='bbox 1897 3620 2029 3691; x_wconf 79' lang='grc' dir='ltr'>ἀλή-</span> 
     </span>
    </p>
   </div>
   <div class='ocr_carea' id='block_1_37' title="bbox 441 3711 2025 3784">
    <p class='ocr_par' dir='ltr' id='par_1_37' title="bbox 441 3711 2025 3784">
     <span class='ocr_line' id='line_1_37' title="bbox 441 3711 2025 3784; baseline -0.002 -15"><span class='ocrx_word' id='word_1_276' title='bbox 441 3715 591 3769; x_wconf 87' lang='grc' dir='ltr'>θειαν</span> <span class='ocrx_word' id='word_1_277' title='bbox 639 3715 698 3767; x_wconf 86' lang='grc' dir='ltr'>ὲν</span> <span class='ocrx_word' id='word_1_278' title='bbox 749 3712 826 3784; x_wconf 84' lang='grc' dir='ltr'>τῷ</span> <span class='ocrx_word' id='word_1_279' title='bbox 873 3712 1101 3783; x_wconf 84' lang='grc' dir='ltr'>κρυπτῷ</span> <span class='ocrx_word' id='word_1_280' title='bbox 1145 3713 1476 3766; x_wconf 70' lang='grc' dir='ltr'>ἐπιδείκνυσι</span> <span class='ocrx_word' id='word_1_281' title='bbox 1522 3711 1766 3784; x_wconf 86' lang='grc' dir='ltr'>Χριστῷ.</span> <span class='ocrx_word' id='word_1_282' title='bbox 1806 3713 1976 3767; x_wconf 86' lang='grc' dir='ltr'>Πάλιν</span> <span class='ocrx_word' id='word_1_283' title='bbox 2009 3728 2025 3742; x_wconf 86' lang='grc'>⁶</span> 
     </span>
    </p>
   </div>
   <div class='ocr_carea' id='block_1_38' title="bbox 441 3805 2027 3880">
    <p class='ocr_par' dir='ltr' id='par_1_38' title="bbox 441 3805 2027 3880">
     <span class='ocr_line' id='line_1_38' title="bbox 441 3805 2027 3880; baseline -0.003 -18"><span class='ocrx_word' id='word_1_284' title='bbox 441 3808 683 3880; x_wconf 83' lang='grc' dir='ltr'>Σώφρων</span> <span class='ocrx_word' id='word_1_285' title='bbox 712 3807 811 3876; x_wconf 83' lang='grc' dir='ltr'>μὲν</span> <span class='ocrx_word' id='word_1_286' title='bbox 839 3808 866 3858; x_wconf 88' lang='grc' dir='ltr'>ὁ</span> <span class='ocrx_word' id='word_1_287' title='bbox 895 3805 1007 3876; x_wconf 88' lang='grc' dir='ltr'>βίος</span> <span class='ocrx_word' id='word_1_288' title='bbox 1041 3807 1133 3859; x_wconf 75' lang='grc' dir='ltr'><strong>καὶ</strong></span> <span class='ocrx_word' id='word_1_289' title='bbox 1166 3806 1369 3876; x_wconf 70' lang='grc' dir='ltr'>ὑψηλὸς</span> <span class='ocrx_word' id='word_1_290' title='bbox 1399 3807 1494 3860; x_wconf 72' lang='grc' dir='ltr'><strong>καὶ</strong></span> <span class='ocrx_word' id='word_1_291' title='bbox 1522 3805 1884 3876; x_wconf 77' lang='grc' dir='ltr'>ἐμφιλόσοφος</span> <span class='ocrx_word' id='word_1_292' title='bbox 1918 3807 2027 3859; x_wconf 86' lang='grc' dir='ltr'><strong>τῶν</strong></span> 
     </span>
    </p>
   </div>
   <div class='ocr_carea' id='block_1_39' title="bbox 439 3895 2028 3971">
    <p class='ocr_par' dir='ltr' id='par_1_39' title="bbox 439 3895 2028 3971">
     <span class='ocr_line' id='line_1_39' title="bbox 439 3895 2028 3971; baseline -0.004 -15"><span class='ocrx_word' id='word_1_293' title='bbox 439 3900 767 3971; x_wconf 83' lang='grc' dir='ltr'>ἀκτημόνων</span> <span class='ocrx_word' id='word_1_294' title='bbox 808 3898 902 3951; x_wconf 78' lang='grc' dir='ltr'><strong>καὶ</strong></span> <span class='ocrx_word' id='word_1_295' title='bbox 945 3896 1313 3968; x_wconf 76' lang='grc' dir='ltr'>όρεσιτρόφων</span> <span class='ocrx_word' id='word_1_296' title='bbox 1365 3895 1612 3966; x_wconf 88' lang='grc' dir='ltr'>μοναχῶν</span> <span class='ocrx_word' id='word_1_297' title='bbox 1636 3938 1650 3961; x_wconf 88' lang='grc'><strong>,</strong></span> <span class='ocrx_word' id='word_1_298' title='bbox 1700 3897 1795 3948; x_wconf 82' lang='grc' dir='ltr'><strong>καὶ</strong></span> <span class='ocrx_word' id='word_1_299' title='bbox 1829 3897 2028 3960; x_wconf 81' lang='grc' dir='ltr'>αὐτοὺς</span> 
     </span>
    </p>
   </div>
   <div class='ocr_carea' id='block_1_40' title="bbox 437 3986 2027 4061">
    <p class='ocr_par' dir='ltr' id='par_1_40' title="bbox 437 3986 2027 4061">
     <span class='ocr_line' id='line_1_40' title="bbox 437 3986 2027 4061; baseline -0.006 -13"><span class='ocrx_word' id='word_1_300' title='bbox 437 3993 494 4048; x_wconf 74' lang='grc' dir='ltr'>δὲ</span> <span class='ocrx_word' id='word_1_301' title='bbox 540 3993 799 4055; x_wconf 81' lang='grc' dir='ltr'>πολλάκις</span> <span class='ocrx_word' id='word_1_302' title='bbox 839 3990 931 4043; x_wconf 79' lang='grc' dir='ltr'>ἐπὶ</span> <span class='ocrx_word' id='word_1_303' title='bbox 968 3992 1032 4061; x_wconf 83' lang='grc' dir='ltr'><strong>τῇ</strong></span> <span class='ocrx_word' id='word_1_304' title='bbox 1080 3992 1250 4060; x_wconf 83' lang='grc' dir='ltr'>ἀρετῇ</span> <span class='ocrx_word' id='word_1_305' title='bbox 1300 3989 1647 4057; x_wconf 84' lang='grc' dir='ltr'>τυφωθέντας</span> <span class='ocrx_word' id='word_1_306' title='bbox 1699 3989 1778 4051; x_wconf 90' lang='grc' dir='ltr'><strong>είς</strong></span> <span class='ocrx_word' id='word_1_307' title='bbox 1825 3986 2027 4058; x_wconf 82' lang='grc' dir='ltr'>πτῶμα</span> 
     </span>
    </p>
   </div>
   <div class='ocr_carea' id='block_1_41' title="bbox 439 4078 2027 4157">
    <p class='ocr_par' dir='ltr' id='par_1_41' title="bbox 439 4078 2027 4157">
     <span class='ocr_line' id='line_1_41' title="bbox 439 4078 2027 4157; baseline -0.006 -16"><span class='ocrx_word' id='word_1_308' title='bbox 439 4088 779 4157; x_wconf 86' lang='grc' dir='ltr'>κατήνεγκεν</span> <span class='ocrx_word' id='word_1_309' title='bbox 804 4086 837 4156; x_wconf 82' lang='grc' dir='ltr'>ἡ</span> <span class='ocrx_word' id='word_1_310' title='bbox 867 4083 1062 4154; x_wconf 81' lang='grc' dir='ltr'>οἴησις.</span> <span class='ocrx_word' id='word_1_311' title='bbox 1104 4082 1179 4134; x_wconf 81' lang='grc' dir='ltr'>Ού</span> <span class='ocrx_word' id='word_1_312' title='bbox 1210 4081 1318 4150; x_wconf 84' lang='grc' dir='ltr'>γὰρ</span> <span class='ocrx_word' id='word_1_313' title='bbox 1343 4081 1439 4150; x_wconf 81' lang='grc' dir='ltr'>τὴν</span> <span class='ocrx_word' id='word_1_314' title='bbox 1469 4078 1648 4132; x_wconf 83' lang='grc' dir='ltr'>αὐτῶν</span> <span class='ocrx_word' id='word_1_315' title='bbox 1677 4080 1877 4151; x_wconf 85' lang='grc' dir='ltr'>ἀρετὴν</span> <span class='ocrx_word' id='word_1_316' title='bbox 1915 4083 2027 4143; x_wconf 84' lang='grc' dir='ltr'>τοῖς</span> 
     </span>
    </p>
   </div>
   <div class='ocr_carea' id='block_1_42' title="bbox 441 4172 2028 4249">
    <p class='ocr_par' dir='ltr' id='par_1_42' title="bbox 441 4172 2028 4249">
     <span class='ocr_line' id='line_1_42' title="bbox 441 4172 2028 4249; baseline -0.004 -17"><span class='ocrx_word' id='word_1_317' title='bbox 441 4179 718 4249; x_wconf 78' lang='grc' dir='ltr'>κρείττοσι</span> <span class='ocrx_word' id='word_1_318' title='bbox 755 4173 1240 4247; x_wconf 89' lang='grc' dir='ltr'>παραμετροῦντες</span> <span class='ocrx_word' id='word_1_319' title='bbox 1269 4176 1363 4226; x_wconf 75' lang='grc' dir='ltr'><strong>καὶ</strong></span> <span class='ocrx_word' id='word_1_320' title='bbox 1403 4172 1758 4244; x_wconf 89' lang='grc' dir='ltr'>τελειοτέροις</span> <span class='ocrx_word' id='word_1_321' title='bbox 1783 4213 1798 4236; x_wconf 94' lang='grc'><strong>,</strong></span> <span class='ocrx_word' id='word_1_322' title='bbox 1841 4189 2028 4225; x_wconf 85' lang='grc' dir='ltr'>ταπει-</span> 
     </span>
    </p>
   </div>
   <div class='ocr_carea' id='block_1_43' title="bbox 440 4262 2026 4335">
    <p class='ocr_par' dir='ltr' id='par_1_43' title="bbox 440 4262 2026 4335">
     <span class='ocr_line' id='line_1_43' title="bbox 440 4262 2026 4335; baseline -0.006 -10"><span class='ocrx_word' id='word_1_323' title='bbox 440 4270 656 4325; x_wconf 85' lang='grc' dir='ltr'>νοῦνται</span> <span class='ocrx_word' id='word_1_324' title='bbox 684 4284 699 4299; x_wconf 89' lang='grc'><strong>·</strong></span> <span class='ocrx_word' id='word_1_325' title='bbox 738 4267 852 4320; x_wconf 73' lang='grc' dir='ltr'>ἔστι</span> <span class='ocrx_word' id='word_1_326' title='bbox 894 4265 951 4318; x_wconf 83' lang='grc' dir='ltr'>δὲ</span> <span class='ocrx_word' id='word_1_327' title='bbox 979 4267 1066 4318; x_wconf 85' lang='grc' dir='ltr'>ὅτε</span> <span class='ocrx_word' id='word_1_328' title='bbox 1115 4264 1251 4335; x_wconf 81' lang='grc' dir='ltr'>πρὸς</span> <span class='ocrx_word' id='word_1_329' title='bbox 1297 4264 1422 4326; x_wconf 81' lang='grc' dir='ltr'>τοὺς</span> <span class='ocrx_word' id='word_1_330' title='bbox 1465 4262 1883 4333; x_wconf 85' lang='grc' dir='ltr'>ταπεινοτέρους</span> <span class='ocrx_word' id='word_1_331' title='bbox 1930 4264 2026 4316; x_wconf 76' lang='grc' dir='ltr'><strong>καὶ</strong></span> 
     </span>
    </p>
   </div>
   <div class='ocr_carea' id='block_1_44' title="bbox 440 4352 2025 4433">
    <p class='ocr_par' dir='ltr' id='par_1_44' title="bbox 440 4352 2025 4433">
     <span class='ocr_line' id='line_1_44' title="bbox 440 4352 2025 4433; baseline -0.006 -19"><span class='ocrx_word' id='word_1_332' title='bbox 440 4361 657 4433; x_wconf 85' lang='grc' dir='ltr'>χείρους</span> <span class='ocrx_word' id='word_1_333' title='bbox 681 4358 782 4429; x_wconf 81' lang='grc' dir='ltr'>τὴν</span> <span class='ocrx_word' id='word_1_334' title='bbox 811 4355 992 4410; x_wconf 78' lang='grc' dir='ltr'>αὐτῶν</span> <span class='ocrx_word' id='word_1_335' title='bbox 1015 4357 1246 4425; x_wconf 83' lang='grc' dir='ltr'>ἄσκησιν</span> <span class='ocrx_word' id='word_1_336' title='bbox 1288 4353 1670 4425; x_wconf 87' lang='grc' dir='ltr'>συγκρίνοντες</span> <span class='ocrx_word' id='word_1_337' title='bbox 1691 4393 1706 4417; x_wconf 90' lang='grc'><strong>,</strong></span> <span class='ocrx_word' id='word_1_338' title='bbox 1738 4352 1832 4405; x_wconf 73' lang='grc' dir='ltr'>καὶ</span> <span class='ocrx_word' id='word_1_339' title='bbox 1865 4354 2025 4405; x_wconf 79' lang='grc' dir='ltr'>ἐπαι-</span> 
     </span>
    </p>
   </div>
   <div class='ocr_carea' id='block_1_45' title="bbox 443 4443 2026 4524">
    <p class='ocr_par' dir='ltr' id='par_1_45' title="bbox 443 4443 2026 4524">
     <span class='ocr_line' id='line_1_45' title="bbox 443 4443 2026 4524; baseline -0.006 -19"><span class='ocrx_word' id='word_1_340' title='bbox 443 4453 683 4524; x_wconf 88' lang='grc' dir='ltr'>ρόμενοι,</span> <span class='ocrx_word' id='word_1_341' title='bbox 708 4452 765 4513; x_wconf 80' lang='grc' dir='ltr'><strong>ἐς</strong></span> <span class='ocrx_word' id='word_1_342' title='bbox 805 4449 1081 4520; x_wconf 86' lang='grc' dir='ltr'>ἁμαρτίαν</span> <span class='ocrx_word' id='word_1_343' title='bbox 1116 4446 1594 4517; x_wconf 80' lang='grc' dir='ltr'>καταῤῥήγνυνται</span> <span class='ocrx_word' id='word_1_344' title='bbox 1629 4461 1643 4474; x_wconf 75' lang='grc' dir='ltr'><strong>ο</strong></span> <span class='ocrx_word' id='word_1_345' title='bbox 1676 4443 1936 4508; x_wconf 85' lang='grc' dir='ltr'>πολλάκις</span> <span class='ocrx_word' id='word_1_346' title='bbox 1971 4443 2026 4497; x_wconf 78' lang='grc' dir='ltr'>δὲ</span> 
     </span>
    </p>
   </div>
   <div class='ocr_carea' id='block_1_46' title="bbox 442 4537 2024 4614">
    <p class='ocr_par' dir='ltr' id='par_1_46' title="bbox 442 4537 2024 4614">
     <span class='ocr_line' id='line_1_46' title="bbox 442 4537 2024 4614; baseline -0.004 -16"><span class='ocrx_word' id='word_1_347' title='bbox 442 4545 536 4599; x_wconf 81' lang='grc' dir='ltr'><strong>καὶ</strong></span> <span class='ocrx_word' id='word_1_348' title='bbox 565 4542 761 4614; x_wconf 77' lang='grc' dir='ltr'>ζεούσῃ</span> <span class='ocrx_word' id='word_1_349' title='bbox 801 4539 1002 4611; x_wconf 79' lang='grc' dir='ltr'>θερμὸν</span> <span class='ocrx_word' id='word_1_350' title='bbox 1035 4540 1287 4611; x_wconf 82' lang='grc' dir='ltr'>ᾅττοντες</span> <span class='ocrx_word' id='word_1_351' title='bbox 1316 4541 1382 4607; x_wconf 82' lang='grc' dir='ltr'>τῇ</span> <span class='ocrx_word' id='word_1_352' title='bbox 1416 4537 1696 4609; x_wconf 82' lang='grc' dir='ltr'>προθυμίᾳ</span> <span class='ocrx_word' id='word_1_353' title='bbox 1741 4537 1836 4590; x_wconf 87' lang='grc' dir='ltr'><strong>τοῦ</strong></span> <span class='ocrx_word' id='word_1_354' title='bbox 1870 4538 2024 4602; x_wconf 85' lang='grc' dir='ltr'>νοὸς,</span> 
     </span>
    </p>
   </div>
   <div class='ocr_carea' id='block_1_47' title="bbox 441 4629 2026 4707">
    <p class='ocr_par' dir='ltr' id='par_1_47' title="bbox 441 4629 2026 4707">
     <span class='ocr_line' id='line_1_47' title="bbox 441 4629 2026 4707; baseline -0.006 -16"><span class='ocrx_word' id='word_1_355' title='bbox 441 4637 806 4707; x_wconf 82' lang='grc' dir='ltr'>ἀγυμνάστων</span> <span class='ocrx_word' id='word_1_356' title='bbox 843 4633 1039 4686; x_wconf 84' lang='grc' dir='ltr'>πώλων</span> <span class='ocrx_word' id='word_1_357' title='bbox 1072 4633 1166 4685; x_wconf 75' lang='grc' dir='ltr'><strong>καὶ</strong></span> <span class='ocrx_word' id='word_1_358' title='bbox 1199 4630 1532 4701; x_wconf 86' lang='grc' dir='ltr'>δυσχαλίνων</span> <span class='ocrx_word' id='word_1_359' title='bbox 1567 4629 1880 4701; x_wconf 87' lang='grc' dir='ltr'>ὁμοιότητι,</span> <span class='ocrx_word' id='word_1_360' title='bbox 1932 4630 2026 4684; x_wconf 71' lang='grc' dir='ltr'>καὶ</span> 
     </span>
    </p>
   </div>
   <div class='ocr_carea' id='block_1_48' title="bbox 441 4723 2028 4800">
    <p class='ocr_par' dir='ltr' id='par_1_48' title="bbox 441 4723 2028 4800">
     <span class='ocr_line' id='line_1_48' title="bbox 441 4723 2028 4800; baseline -0.003 -20"><span class='ocrx_word' id='word_1_361' title='bbox 441 4729 476 4800; x_wconf 78' lang='grc' dir='ltr'>ἢ</span> <span class='ocrx_word' id='word_1_362' title='bbox 500 4727 776 4800; x_wconf 84' lang='grc' dir='ltr'>νηστείαις</span> <span class='ocrx_word' id='word_1_363' title='bbox 809 4726 1089 4796; x_wconf 78' lang='grc' dir='ltr'>ἀμέτροις,</span> <span class='ocrx_word' id='word_1_364' title='bbox 1115 4725 1149 4795; x_wconf 83' lang='grc' dir='ltr'>ἢ</span> <span class='ocrx_word' id='word_1_365' title='bbox 1174 4723 1506 4794; x_wconf 86' lang='grc' dir='ltr'>ἀγρυπνίαις</span> <span class='ocrx_word' id='word_1_366' title='bbox 1530 4723 1801 4794; x_wconf 85' lang='grc' dir='ltr'>ἀκαίροις,</span> <span class='ocrx_word' id='word_1_367' title='bbox 1836 4724 2028 4794; x_wconf 78' lang='grc' dir='ltr'>ἦτισιν</span> 
     </span>
    </p>
   </div>
   <div class='ocr_carea' id='block_1_49' title="bbox 441 4815 2028 4887">
    <p class='ocr_par' dir='ltr' id='par_1_49' title="bbox 441 4815 2028 4887">
     <span class='ocr_line' id='line_1_49' title="bbox 441 4815 2028 4887; baseline -0.004 -12"><span class='ocrx_word' id='word_1_368' title='bbox 441 4819 632 4882; x_wconf 77' lang='grc' dir='ltr'>ἄλλαις</span> <span class='ocrx_word' id='word_1_369' title='bbox 665 4816 1042 4886; x_wconf 74' lang='grc' dir='ltr'>ἐπιτηδεύσεσι</span> <span class='ocrx_word' id='word_1_370' title='bbox 1075 4817 1624 4887; x_wconf 84' lang='grc' dir='ltr'>ὑπερφρονήσαντες,</span> <span class='ocrx_word' id='word_1_371' title='bbox 1667 4817 1797 4886; x_wconf 86' lang='grc' dir='ltr'>παρ’</span> <span class='ocrx_word' id='word_1_372' title='bbox 1843 4815 1871 4869; x_wconf 84' lang='grc' dir='ltr'><strong>ὃ</strong></span> <span class='ocrx_word' id='word_1_373' title='bbox 1920 4815 2028 4868; x_wconf 78' lang='grc' dir='ltr'>ἔδει</span> 
     </span>
    </p>
   </div>
   <div class='ocr_carea' id='block_1_50' title="bbox 444 4906 2028 4984">
    <p class='ocr_par' dir='ltr' id='par_1_50' title="bbox 444 4906 2028 4984">
     <span class='ocr_line' id='line_1_50' title="bbox 444 4906 2028 4984; baseline -0.004 -20"><span class='ocrx_word' id='word_1_374' title='bbox 444 4913 662 4984; x_wconf 79' lang='grc' dir='ltr'>φρονεῖν</span> <span class='ocrx_word' id='word_1_375' title='bbox 691 4949 706 4974; x_wconf 93' lang='grc'><strong>,</strong></span> <span class='ocrx_word' id='word_1_376' title='bbox 746 4909 838 4962; x_wconf 70' lang='grc' dir='ltr'>καὶ</span> <span class='ocrx_word' id='word_1_377' title='bbox 897 4909 959 4960; x_wconf 84' lang='grc' dir='ltr'><strong>ού</strong></span> <span class='ocrx_word' id='word_1_378' title='bbox 1029 4907 1171 4959; x_wconf 82' lang='grc' dir='ltr'>κατὰ.</span> <span class='ocrx_word' id='word_1_379' title='bbox 1218 4906 1310 4959; x_wconf 75' lang='grc' dir='ltr'>τὸν</span> <span class='ocrx_word' id='word_1_380' title='bbox 1367 4906 1667 4977; x_wconf 82' lang='grc' dir='ltr'>ἀσκητικὸν</span> <span class='ocrx_word' id='word_1_381' title='bbox 1715 4907 1879 4976; x_wconf 89' lang='grc' dir='ltr'>νόμον</span> <span class='ocrx_word' id='word_1_382' title='bbox 1929 4907 2028 4978; x_wconf 80' lang='grc' dir='ltr'><strong>τὴν</strong></span> 
     </span>
    </p>
   </div>
   <div class='ocr_carea' id='block_1_51' title="bbox 444 4996 2028 5076">
    <p class='ocr_par' dir='ltr' id='par_1_51' title="bbox 444 4996 2028 5076">
     <span class='ocr_line' id='line_1_51' title="bbox 444 4996 2028 5076; baseline -0.004 -17"><span class='ocrx_word' id='word_1_383' title='bbox 444 5003 645 5076; x_wconf 79' lang='grc' dir='ltr'>πρᾶξιν</span> <span class='ocrx_word' id='word_1_384' title='bbox 705 5000 1218 5074; x_wconf 85' lang='grc' dir='ltr'>μεταχειρισάμενοι</span> <span class='ocrx_word' id='word_1_385' title='bbox 1275 5000 1374 5068; x_wconf 80' lang='grc' dir='ltr'>τῆς</span> <span class='ocrx_word' id='word_1_386' title='bbox 1435 4996 1676 5069; x_wconf 80' lang='grc' dir='ltr'>ἀρετῆς,</span> <span class='ocrx_word' id='word_1_387' title='bbox 1733 4999 1922 5071; x_wconf 76' lang='grc' dir='ltr'>πόρρω</span> <span class='ocrx_word' id='word_1_388' title='bbox 1967 5015 2028 5052; x_wconf 89' lang='grc' dir='ltr'><strong>τε</strong></span> 
     </span>
    </p>
   </div>
   <div class='ocr_carea' id='block_1_52' title="bbox 443 5087 2031 5171">
    <p class='ocr_par' dir='ltr' id='par_1_52' title="bbox 443 5087 2031 5171">
     <span class='ocr_line' id='line_1_52' title="bbox 443 5087 2031 5171; baseline -0.014 -18"><span class='ocrx_word' id='word_1_389' title='bbox 443 5102 541 5171; x_wconf 81' lang='grc' dir='ltr'>τῆς</span> <span class='ocrx_word' id='word_1_390' title='bbox 568 5097 770 5159; x_wconf 81' lang='grc' dir='ltr'>νύσσης</span> <span class='ocrx_word' id='word_1_391' title='bbox 799 5094 891 5147; x_wconf 78' lang='grc' dir='ltr'>καὶ</span> <span class='ocrx_word' id='word_1_392' title='bbox 929 5091 1036 5145; x_wconf 88' lang='grc' dir='ltr'><strong>τῶν</strong></span> <span class='ocrx_word' id='word_1_393' title='bbox 1083 5090 1182 5160; x_wconf 83' lang='grc' dir='ltr'>τῆς</span> <span class='ocrx_word' id='word_1_394' title='bbox 1215 5089 1370 5161; x_wconf 88' lang='grc' dir='ltr'>νίκης</span> <span class='ocrx_word' id='word_1_395' title='bbox 1411 5089 1690 5158; x_wconf 87' lang='grc' dir='ltr'>στεφάνων</span> <span class='ocrx_word' id='word_1_396' title='bbox 1718 5087 2031 5160; x_wconf 84' lang='grc' dir='ltr'>ἀπωλίσθη-</span> 
     </span>
    </p>
   </div>
   <div class='ocr_carea' id='block_1_53' title="bbox 447 5176 2028 5258">
    <p class='ocr_par' dir='ltr' id='par_1_53' title="bbox 447 5176 2028 5258">
     <span class='ocr_line' id='line_1_53' title="bbox 447 5176 2028 5258; baseline -0.008 -11"><span class='ocrx_word' id='word_1_397' title='bbox 447 5210 568 5246; x_wconf 88' lang='grc' dir='ltr'>σαν.</span> <span class='ocrx_word' id='word_1_398' title='bbox 600 5189 804 5246; x_wconf 81' lang='grc' dir='ltr'>Τούτου</span> <span class='ocrx_word' id='word_1_399' title='bbox 833 5186 898 5258; x_wconf 86' lang='grc' dir='ltr'>δὴ</span> <span class='ocrx_word' id='word_1_400' title='bbox 932 5186 1112 5257; x_wconf 81' lang='grc' dir='ltr'>χάριν,</span> <span class='ocrx_word' id='word_1_401' title='bbox 1136 5187 1167 5238; x_wconf 82' lang='grc' dir='ltr'>ὁ</span> <span class='ocrx_word' id='word_1_402' title='bbox 1197 5182 1510 5252; x_wconf 78' lang='grc' dir='ltr'>θαυμαστὸς</span> <span class='ocrx_word' id='word_1_403' title='bbox 1537 5176 1690 5245; x_wconf 73' lang='grc' dir='ltr'>οὗτος</span> <span class='ocrx_word' id='word_1_404' title='bbox 1725 5177 2028 5252; x_wconf 77' lang='grc' dir='ltr'>σύμϐουλός</span> 
     </span>
    </p>
   </div>
   <div class='ocr_carea' id='block_1_54' title="bbox 447 5274 2031 5354">
    <p class='ocr_par' dir='ltr' id='par_1_54' title="bbox 447 5274 2031 5354">
     <span class='ocr_line' id='line_1_54' title="bbox 447 5274 2031 5354; baseline -0.011 -17"><span class='ocrx_word' id='word_1_405' title='bbox 447 5300 610 5354; x_wconf 84' lang='grc' dir='ltr'>φησιν</span> <span class='ocrx_word' id='word_1_406' title='bbox 639 5297 653 5312; x_wconf 90' lang='grc'><strong>·</strong></span> <span class='ocrx_word' id='word_1_407' title='bbox 688 5279 760 5332; x_wconf 85' lang='grc' dir='ltr'><strong>Ἦ</strong></span> <span class='ocrx_word' id='word_1_408' title='bbox 800 5279 1052 5349; x_wconf 70' lang='grc' dir='ltr'>ἐλαφροῖς</span> <span class='ocrx_word' id='word_1_409' title='bbox 1086 5274 1343 5346; x_wconf 84' lang='grc' dir='ltr'>πτέρυξιν</span> <span class='ocrx_word' id='word_1_410' title='bbox 1385 5275 1614 5345; x_wconf 76' lang='grc' dir='ltr'>ἐπαίρου</span> <span class='ocrx_word' id='word_1_411' title='bbox 1660 5274 1760 5342; x_wconf 80' lang='grc' dir='ltr'>τῆς</span> <span class='ocrx_word' id='word_1_412' title='bbox 1791 5274 1894 5344; x_wconf 86' lang='grc' dir='ltr'>γῆς</span> <span class='ocrx_word' id='word_1_413' title='bbox 1937 5274 2031 5327; x_wconf 75' lang='grc' dir='ltr'><strong>καὶ</strong></span> 
     </span>
    </p>
   </div>
   <div class='ocr_carea' id='block_1_55' title="bbox 445 5365 2031 5445">
    <p class='ocr_par' dir='ltr' id='par_1_55' title="bbox 445 5365 2031 5445">
     <span class='ocr_line' id='line_1_55' title="bbox 445 5365 2031 5445; baseline -0.007 -15"><span class='ocrx_word' id='word_1_414' title='bbox 445 5376 556 5430; x_wconf 85' lang='grc' dir='ltr'><strong>τῶν</strong></span> <span class='ocrx_word' id='word_1_415' title='bbox 580 5374 784 5445; x_wconf 77' lang='grc' dir='ltr'>γηΐνων</span> <span class='ocrx_word' id='word_1_416' title='bbox 827 5367 1230 5442; x_wconf 86' lang='grc' dir='ltr'>περισπασμῶν</span> <span class='ocrx_word' id='word_1_417' title='bbox 1270 5369 1365 5420; x_wconf 68' lang='grc' dir='ltr'><strong>καὶ</strong></span> <span class='ocrx_word' id='word_1_418' title='bbox 1408 5365 1718 5436; x_wconf 76' lang='grc' dir='ltr'>ἐπιθυμιῶν</span> <span class='ocrx_word' id='word_1_419' title='bbox 1746 5366 1813 5419; x_wconf 85' lang='grc' dir='ltr'>δι’</span> <span class='ocrx_word' id='word_1_420' title='bbox 1857 5367 2031 5438; x_wconf 86' lang='grc' dir='ltr'>ἀκτη-</span> 
     </span>
    </p>
   </div>
   <div class='ocr_carea' id='block_1_56' title="bbox 450 5459 2032 5532">
    <p class='ocr_par' dir='ltr' id='par_1_56' title="bbox 450 5459 2032 5532">
     <span class='ocr_line' id='line_1_56' title="bbox 450 5459 2032 5532; baseline -0.005 -10"><span class='ocrx_word' id='word_1_421' title='bbox 450 5469 572 5532; x_wconf 82' lang='grc' dir='ltr'>σίας</span> <span class='ocrx_word' id='word_1_422' title='bbox 619 5465 829 5528; x_wconf 87' lang='grc' dir='ltr'>τελείας</span> <span class='ocrx_word' id='word_1_423' title='bbox 884 5464 980 5516; x_wconf 77' lang='grc' dir='ltr'><strong>καὶ</strong></span> <span class='ocrx_word' id='word_1_424' title='bbox 1028 5459 1526 5531; x_wconf 84' lang='grc' dir='ltr'>ταπεινοφροσύνης</span> <span class='ocrx_word' id='word_1_425' title='bbox 1577 5459 1884 5532; x_wconf 85' lang='grc' dir='ltr'>ἀκροτάτης</span> <span class='ocrx_word' id='word_1_426' title='bbox 1935 5461 2032 5514; x_wconf 75' lang='grc' dir='ltr'>καὶ</span> 
     </span>
    </p>
   </div>
   <div class='ocr_carea' id='block_1_57' title="bbox 448 5551 2036 5628">
    <p class='ocr_par' dir='ltr' id='par_1_57' title="bbox 448 5551 2036 5628">
     <span class='ocr_line' id='line_1_57' title="bbox 448 5551 2036 5628; baseline -0.005 -14"><span class='ocrx_word' id='word_1_427' title='bbox 448 5561 789 5628; x_wconf 80' lang='grc' dir='ltr'>τελειοτάτης</span> <span class='ocrx_word' id='word_1_428' title='bbox 834 5555 1133 5621; x_wconf 88' lang='grc' dir='ltr'>ἀπαθείας,</span> <span class='ocrx_word' id='word_1_429' title='bbox 1179 5555 1213 5625; x_wconf 81' lang='grc' dir='ltr'><strong>ἢ</strong></span> <span class='ocrx_word' id='word_1_430' title='bbox 1263 5553 1416 5606; x_wconf 89' lang='grc' dir='ltr'>κάτω</span> <span class='ocrx_word' id='word_1_431' title='bbox 1466 5552 1643 5623; x_wconf 90' lang='grc' dir='ltr'>μένων</span> <span class='ocrx_word' id='word_1_432' title='bbox 1694 5551 1790 5606; x_wconf 77' lang='grc' dir='ltr'><strong>καὶ</strong></span> <span class='ocrx_word' id='word_1_433' title='bbox 1837 5553 2036 5606; x_wconf 79' lang='grc' dir='ltr'>ἑαυτὸν</span> 
     </span>
    </p>
   </div>
   <div class='ocr_carea' id='block_1_58' title="bbox 449 5635 2029 5715">
    <p class='ocr_par' dir='ltr' id='par_1_58' title="bbox 449 5635 2029 5715">
     <span class='ocr_line' id='line_1_58' title="bbox 449 5635 2029 5715; baseline -0.01 -11"><span class='ocrx_word' id='word_1_434' title='bbox 449 5650 740 5714; x_wconf 76' lang='grc' dir='ltr'>ιξουδενῶν</span> <span class='ocrx_word' id='word_1_435' title='bbox 769 5647 864 5700; x_wconf 75' lang='grc' dir='ltr'><strong>καὶ</strong></span> <span class='ocrx_word' id='word_1_436' title='bbox 893 5643 1168 5715; x_wconf 82' lang='grc' dir='ltr'>φαυλίζων</span> <span class='ocrx_word' id='word_1_437' title='bbox 1189 5683 1203 5706; x_wconf 92' lang='grc'><strong>,</strong></span> <span class='ocrx_word' id='word_1_438' title='bbox 1238 5639 1441 5711; x_wconf 89' lang='grc' dir='ltr'>μηδένα</span> <span class='ocrx_word' id='word_1_439' title='bbox 1478 5635 1534 5692; x_wconf 80' lang='grc' dir='ltr'>δὲ</span> <span class='ocrx_word' id='word_1_440' title='bbox 1566 5637 1724 5691; x_wconf 78' lang='grc' dir='ltr'>ἄλλον</span> <span class='ocrx_word' id='word_1_441' title='bbox 1753 5638 1955 5707; x_wconf 87' lang='grc' dir='ltr'>κρίνων</span> <span class='ocrx_word' id='word_1_442' title='bbox 1995 5636 2029 5707; x_wconf 80' lang='grc' dir='ltr'>ἦ</span> 
     </span>
    </p>
   </div>
   <div class='ocr_carea' id='block_1_59' title="bbox 451 5728 2032 5808">
    <p class='ocr_par' dir='ltr' id='par_1_59' title="bbox 451 5728 2032 5808">
     <span class='ocr_line' id='line_1_59' title="bbox 451 5728 2032 5808; baseline -0.01 -11"><span class='ocrx_word' id='word_1_443' title='bbox 451 5741 832 5805; x_wconf 77' lang='grc' dir='ltr'>καταδικάζων</span> <span class='ocrx_word' id='word_1_444' title='bbox 863 5735 1118 5808; x_wconf 84' lang='grc' dir='ltr'>ἀσφαλῶς</span> <span class='ocrx_word' id='word_1_445' title='bbox 1142 5733 1329 5806; x_wconf 84' lang='grc' dir='ltr'>τρέχε,</span> <span class='ocrx_word' id='word_1_446' title='bbox 1369 5732 1444 5802; x_wconf 82' lang='grc' dir='ltr'>μή</span> <span class='ocrx_word' id='word_1_447' title='bbox 1480 5746 1610 5784; x_wconf 89' lang='grc' dir='ltr'>ποτε</span> <span class='ocrx_word' id='word_1_448' title='bbox 1649 5729 1682 5800; x_wconf 82' lang='grc' dir='ltr'><strong>ἢ</strong></span> <span class='ocrx_word' id='word_1_449' title='bbox 1714 5728 2032 5798; x_wconf 77' lang='grc' dir='ltr'>ἐπιθυμίαις</span> 
     </span>
    </p>
   </div>
   <div class='ocr_carea' id='block_1_60' title="bbox 448 5821 2031 5910">
    <p class='ocr_par' dir='ltr' id='par_1_60' title="bbox 448 5821 2031 5910">
     <span class='ocr_line' id='line_1_60' title="bbox 448 5821 2031 5910; baseline -0.009 -21"><span class='ocrx_word' id='word_1_450' title='bbox 448 5835 720 5909; x_wconf 73' lang='grc' dir='ltr'>ἀνοήτοις,</span> <span class='ocrx_word' id='word_1_451' title='bbox 750 5832 785 5905; x_wconf 79' lang='grc' dir='ltr'><strong>ἢ</strong></span> <span class='ocrx_word' id='word_1_452' title='bbox 815 5831 1006 5910; x_wconf 75' lang='grc' dir='ltr'>θυμοῖς</span> <span class='ocrx_word' id='word_1_453' title='bbox 1037 5827 1254 5900; x_wconf 79' lang='grc' dir='ltr'>ἀλόγοις</span> <span class='ocrx_word' id='word_1_454' title='bbox 1273 5866 1288 5894; x_wconf 91' lang='grc'><strong>,</strong></span> <span class='ocrx_word' id='word_1_455' title='bbox 1322 5824 1358 5898; x_wconf 79' lang='grc' dir='ltr'>ἦ</span> <span class='ocrx_word' id='word_1_456' title='bbox 1389 5823 1670 5895; x_wconf 85' lang='grc' dir='ltr'>λογισμοῖς</span> <span class='ocrx_word' id='word_1_457' title='bbox 1702 5821 2031 5893; x_wconf 75' lang='grc' dir='ltr'>ὑπερόγκοις</span> 
     </span>
    </p>
   </div>
   <div class='ocr_carea' id='block_1_61' title="bbox 1420 348 2642 412">
    <p class='ocr_par' dir='ltr' id='par_1_61' title="bbox 1420 348 2642 412">
     <span class='ocr_line' id='line_1_61' title="bbox 1420 348 2642 412; baseline 0.005 -6"><span class='ocrx_word' id='word_1_458' title='bbox 1420 351 1841 409; x_wconf 75' lang='lat' dir='ltr'><strong>lN&#39;CARMINA</strong></span> <span class='ocrx_word' id='word_1_459' title='bbox 1880 349 2158 408; x_wconf 70' lang='lat' dir='ltr'><strong>AllCANA</strong></span> <span class='ocrx_word' id='word_1_460' title='bbox 2198 348 2256 408; x_wconf 73' lang='lat'><strong>5.</strong></span> <span class='ocrx_word' id='word_1_461' title='bbox 2288 350 2642 412; x_wconf 74' lang='lat' dir='ltr'><strong>GREGOBH.</strong></span> 
     </span>
    </p>
   </div>
   <div class='ocr_carea' id='block_1_62' title="bbox 3602 353 3713 409">
    <p class='ocr_par' dir='ltr' id='par_1_62' title="bbox 3602 353 3713 409">
     <span class='ocr_line' id='line_1_62' title="bbox 3602 353 3713 409; baseline 0 -2"><span class='ocrx_word' id='word_1_462' title='bbox 3602 353 3713 409; x_wconf 71' lang='lat' dir='ltr'><strong>T70</strong></span> 
     </span>
    </p>
   </div>
   <div class='ocr_carea' id='block_1_63' title="bbox 2135 467 3710 538">
    <p class='ocr_par' dir='ltr' id='par_1_63' title="bbox 2135 467 3710 538">
     <span class='ocr_line' id='line_1_63' title="bbox 2135 467 3710 538; baseline 0.003 -21"><span class='ocrx_word' id='word_1_463' title='bbox 2135 473 2244 520; x_wconf 88' lang='lat' dir='ltr'><strong>tem</strong></span> <span class='ocrx_word' id='word_1_464' title='bbox 2261 475 2310 521; x_wconf 90' lang='lat' dir='ltr'><strong>te</strong></span> <span class='ocrx_word' id='word_1_465' title='bbox 2325 468 2531 532; x_wconf 86' lang='lat' dir='ltr'><strong>videas,</strong></span> <span class='ocrx_word' id='word_1_466' title='bbox 2549 469 2602 522; x_wconf 91' lang='lat' dir='ltr'><strong>in</strong></span> <span class='ocrx_word' id='word_1_467' title='bbox 2620 469 2717 521; x_wconf 82' lang='lat' dir='ltr'><strong>hac</strong></span> <span class='ocrx_word' id='word_1_468' title='bbox 2730 482 2890 538; x_wconf 83' lang='lat' dir='ltr'><strong>quam</strong></span> <span class='ocrx_word' id='word_1_469' title='bbox 2911 469 3146 523; x_wconf 76' lang='lat' dir='ltr'><strong>maxime</strong></span> <span class='ocrx_word' id='word_1_470' title='bbox 3162 467 3501 522; x_wconf 76' lang='lat' dir='ltr'><strong>incessanter</strong></span> <span class='ocrx_word' id='word_1_471' title='bbox 3513 481 3710 538; x_wconf 73' lang='lat' dir='ltr'><strong>perge:</strong></span> 
     </span>
    </p>
   </div>
   <div class='ocr_carea' id='block_1_64' title="bbox 2133 559 3707 632">
    <p class='ocr_par' dir='ltr' id='par_1_64' title="bbox 2133 559 3707 632">
     <span class='ocr_line' id='line_1_64' title="bbox 2133 559 3707 632; baseline 0.002 -19"><span class='ocrx_word' id='word_1_472' title='bbox 2133 559 2178 613; x_wconf 87' lang='lat' dir='ltr'><strong>si</strong></span> <span class='ocrx_word' id='word_1_473' title='bbox 2205 575 2302 629; x_wconf 87' lang='lat' dir='ltr'><strong>per</strong></span> <span class='ocrx_word' id='word_1_474' title='bbox 2334 577 2525 614; x_wconf 90' lang='lat' dir='ltr'><strong>omnes</strong></span> <span class='ocrx_word' id='word_1_475' title='bbox 2560 561 2812 617; x_wconf 80' lang='lat' dir='ltr'><strong>incedere</strong></span> <span class='ocrx_word' id='word_1_476' title='bbox 2849 577 3043 632; x_wconf 86' lang='lat' dir='ltr'><strong>queas,</strong></span> <span class='ocrx_word' id='word_1_477' title='bbox 3078 562 3344 632; x_wconf 82' lang='lat' dir='ltr'><strong>Optimum</strong></span> <span class='ocrx_word' id='word_1_478' title='bbox 3376 569 3428 615; x_wconf 89' lang='lat' dir='ltr'><strong>et</strong></span> <span class='ocrx_word' id='word_1_479' title='bbox 3461 562 3707 616; x_wconf 88' lang='lat' dir='ltr'><strong>omnium</strong></span> 
     </span>
    </p>
   </div>
   <div class='ocr_carea' id='block_1_65' title="bbox 2132 648 3698 723">
    <p class='ocr_par' dir='ltr' id='par_1_65' title="bbox 2132 648 3698 723">
     <span class='ocr_line' id='line_1_65' title="bbox 2132 648 3698 723; baseline 0.001 -20"><span class='ocrx_word' id='word_1_480' title='bbox 2132 648 2624 718; x_wconf 81' lang='lat' dir='ltr'><strong>perfectissimum;</strong></span> <span class='ocrx_word' id='word_1_481' title='bbox 2658 652 2703 707; x_wconf 90' lang='lat' dir='ltr'><strong>si</strong></span> <span class='ocrx_word' id='word_1_482' title='bbox 2740 668 2835 723; x_wconf 89' lang='lat' dir='ltr'><strong>per</strong></span> <span class='ocrx_word' id='word_1_483' title='bbox 2860 668 3063 723; x_wconf 89' lang='lat' dir='ltr'><strong>paucas</strong></span> <span class='ocrx_word' id='word_1_484' title='bbox 3080 654 3249 714; x_wconf 88' lang='lat' dir='ltr'><strong>vales,</strong></span> <span class='ocrx_word' id='word_1_485' title='bbox 3274 651 3504 707; x_wconf 80' lang='lat' dir='ltr'><strong>inferius</strong></span> <span class='ocrx_word' id='word_1_486' title='bbox 3542 652 3698 717; x_wconf 89' lang='lat' dir='ltr'><strong>illud,</strong></span> 
     </span>
    </p>
   </div>
   <div class='ocr_carea' id='block_1_66' title="bbox 2132 741 3710 812">
    <p class='ocr_par' dir='ltr' id='par_1_66' title="bbox 2132 741 3710 812">
     <span class='ocr_line' id='line_1_66' title="bbox 2132 741 3710 812; baseline 0.002 -18"><span class='ocrx_word' id='word_1_487' title='bbox 2132 741 2416 812; x_wconf 83' lang='lat' dir='ltr'><strong>primaque</strong></span> <span class='ocrx_word' id='word_1_488' title='bbox 2444 744 2758 799; x_wconf 90' lang='lat' dir='ltr'><strong>conditione</strong></span> <span class='ocrx_word' id='word_1_489' title='bbox 2793 746 3007 811; x_wconf 91' lang='lat' dir='ltr'><strong>minus;</strong></span> <span class='ocrx_word' id='word_1_490' title='bbox 3033 745 3079 800; x_wconf 90' lang='lat' dir='ltr'><strong>si</strong></span> <span class='ocrx_word' id='word_1_491' title='bbox 3109 747 3270 799; x_wconf 88' lang='lat' dir='ltr'><strong>etiam</strong></span> <span class='ocrx_word' id='word_1_492' title='bbox 3301 747 3518 799; x_wconf 91' lang='lat' dir='ltr'><strong>unicam</strong></span> <span class='ocrx_word' id='word_1_493' title='bbox 3550 759 3710 798; x_wconf 84' lang='lat' dir='ltr'><strong>man-</strong></span> 
     </span>
    </p>
   </div>
   <div class='ocr_carea' id='block_1_67' title="bbox 2135 830 3710 905">
    <p class='ocr_par' dir='ltr' id='par_1_67' title="bbox 2135 830 3710 905">
     <span class='ocr_line' id='line_1_67' title="bbox 2135 830 3710 905; baseline 0.001 -19"><span class='ocrx_word' id='word_1_494' title='bbox 2135 830 2347 886; x_wconf 82' lang='lat' dir='ltr'><strong>sionem</strong></span> <span class='ocrx_word' id='word_1_495' title='bbox 2367 833 2616 890; x_wconf 86' lang='lat' dir='ltr'><strong>obtinere</strong></span> <span class='ocrx_word' id='word_1_496' title='bbox 2636 836 2848 889; x_wconf 83' lang='lat' dir='ltr'><strong>viarum</strong></span> <span class='ocrx_word' id='word_1_497' title='bbox 2871 835 2937 889; x_wconf 88' lang='lat' dir='ltr'><strong>ad</strong></span> <span class='ocrx_word' id='word_1_498' title='bbox 2967 851 3238 890; x_wconf 89' lang='lat' dir='ltr'><strong>summum</strong></span> <span class='ocrx_word' id='word_1_499' title='bbox 3261 836 3519 905; x_wconf 84' lang='lat' dir='ltr'><strong>possibile</strong></span> <span class='ocrx_word' id='word_1_500' title='bbox 3539 844 3710 902; x_wconf 84' lang='lat' dir='ltr'><strong>esset,</strong></span> 
     </span>
    </p>
   </div>
   <div class='ocr_carea' id='block_1_68' title="bbox 2131 921 3710 994">
    <p class='ocr_par' dir='ltr' id='par_1_68' title="bbox 2131 921 3710 994">
     <span class='ocr_line' id='line_1_68' title="bbox 2131 921 3710 994; baseline 0.001 -18"><span class='ocrx_word' id='word_1_501' title='bbox 2131 930 2185 976; x_wconf 91' lang='lat' dir='ltr'><strong>et</strong></span> <span class='ocrx_word' id='word_1_502' title='bbox 2211 923 2265 977; x_wconf 91' lang='lat' dir='ltr'><strong>id</strong></span> <span class='ocrx_word' id='word_1_503' title='bbox 2299 921 2406 978; x_wconf 87' lang='lat' dir='ltr'><strong>Deo</strong></span> <span class='ocrx_word' id='word_1_504' title='bbox 2432 925 2656 994; x_wconf 90' lang='lat' dir='ltr'><strong>placens</strong></span> <span class='ocrx_word' id='word_1_505' title='bbox 2679 934 2732 981; x_wconf 90' lang='lat' dir='ltr'><strong>et</strong></span> <span class='ocrx_word' id='word_1_506' title='bbox 2765 939 3040 994; x_wconf 85' lang='lat' dir='ltr'><strong>acceptum</strong></span> <span class='ocrx_word' id='word_1_507' title='bbox 3066 934 3231 992; x_wconf 87' lang='lat' dir='ltr'><strong>esset;</strong></span> <span class='ocrx_word' id='word_1_508' title='bbox 3253 926 3505 980; x_wconf 90' lang='lat' dir='ltr'><strong>omnibus</strong></span> <span class='ocrx_word' id='word_1_509' title='bbox 3529 935 3710 980; x_wconf 89' lang='lat' dir='ltr'><strong>autem</strong></span> 
     </span>
    </p>
   </div>
   <div class='ocr_carea' id='block_1_69' title="bbox 2131 1015 3709 1085">
    <p class='ocr_par' dir='ltr' id='par_1_69' title="bbox 2131 1015 3709 1085">
     <span class='ocr_line' id='line_1_69' title="bbox 2131 1015 3709 1085; baseline 0.001 -15"><span class='ocrx_word' id='word_1_510' title='bbox 2131 1025 2229 1085; x_wconf 87' lang='lat' dir='ltr'><strong>per</strong></span> <span class='ocrx_word' id='word_1_511' title='bbox 2255 1015 2471 1085; x_wconf 88' lang='lat' dir='ltr'><strong>pietatis</strong></span> <span class='ocrx_word' id='word_1_512' title='bbox 2511 1018 2627 1072; x_wconf 86' lang='lat' dir='ltr'><strong>vias</strong></span> <span class='ocrx_word' id='word_1_513' title='bbox 2657 1027 2804 1072; x_wconf 78' lang='lat' dir='ltr'><strong>recte</strong></span> <span class='ocrx_word' id='word_1_514' title='bbox 2833 1017 3185 1071; x_wconf 86' lang='lat' dir='ltr'><strong>currentibus</strong></span> <span class='ocrx_word' id='word_1_515' title='bbox 3220 1023 3274 1070; x_wconf 89' lang='lat' dir='ltr'><strong>et</strong></span> <span class='ocrx_word' id='word_1_516' title='bbox 3303 1016 3709 1071; x_wconf 86' lang='lat' dir='ltr'><strong>ardentioribus</strong></span> 
     </span>
    </p>
   </div>
   <div class='ocr_carea' id='block_1_70' title="bbox 2131 1108 3712 1180">
    <p class='ocr_par' dir='ltr' id='par_1_70' title="bbox 2131 1108 3712 1180">
     <span class='ocr_line' id='line_1_70' title="bbox 2131 1108 3712 1180; baseline 0.001 -18"><span class='ocrx_word' id='word_1_517' title='bbox 2131 1116 2186 1162; x_wconf 92' lang='lat' dir='ltr'><strong>et</strong></span> <span class='ocrx_word' id='word_1_518' title='bbox 2221 1108 2669 1177; x_wconf 79' lang='lat' dir='ltr'><strong>perfectioribus,</strong></span> <span class='ocrx_word' id='word_1_519' title='bbox 2708 1109 3115 1165; x_wconf 80' lang='lat' dir='ltr'><strong>remiSsioribus</strong></span> <span class='ocrx_word' id='word_1_520' title='bbox 3141 1117 3301 1180; x_wconf 89' lang='lat' dir='ltr'><strong>atque</strong></span> <span class='ocrx_word' id='word_1_521' title='bbox 3340 1109 3712 1180; x_wconf 44' lang='lat' dir='ltr'><strong>imperfectioe</strong></span> 
     </span>
    </p>
   </div>
   <div class='ocr_carea' id='block_1_71' title="bbox 2133 1199 3710 1272">
    <p class='ocr_par' dir='ltr' id='par_1_71' title="bbox 2133 1199 3710 1272">
     <span class='ocr_line' id='line_1_71' title="bbox 2133 1199 3710 1272; baseline 0.001 -19"><span class='ocrx_word' id='word_1_522' title='bbox 2133 1199 2319 1266; x_wconf 90' lang='lat' dir='ltr'><strong>ribus,</strong></span> <span class='ocrx_word' id='word_1_523' title='bbox 2353 1209 2554 1256; x_wconf 88' lang='lat' dir='ltr'><strong>statera</strong></span> <span class='ocrx_word' id='word_1_524' title='bbox 2585 1210 2640 1256; x_wconf 90' lang='lat' dir='ltr'><strong>et</strong></span> <span class='ocrx_word' id='word_1_525' title='bbox 2683 1217 2938 1256; x_wconf 81' lang='lat' dir='ltr'><strong>mensura</strong></span> <span class='ocrx_word' id='word_1_526' title='bbox 2979 1213 3132 1272; x_wconf 74' lang='lat' dir='ltr'><strong>tequa</strong></span> <span class='ocrx_word' id='word_1_527' title='bbox 3155 1245 3168 1268; x_wconf 92' lang='lat'><strong>,</strong></span> <span class='ocrx_word' id='word_1_528' title='bbox 3209 1212 3262 1256; x_wconf 88' lang='lat' dir='ltr'><strong>et</strong></span> <span class='ocrx_word' id='word_1_529' title='bbox 3300 1202 3580 1257; x_wconf 89' lang='lat' dir='ltr'><strong>mercedes</strong></span> <span class='ocrx_word' id='word_1_530' title='bbox 3609 1215 3710 1272; x_wconf 90' lang='lat' dir='ltr'><strong>pro</strong></span> 
     </span>
    </p>
   </div>
   <div class='ocr_carea' id='block_1_72' title="bbox 2134 1289 3709 1364">
    <p class='ocr_par' dir='ltr' id='par_1_72' title="bbox 2134 1289 3709 1364">
     <span class='ocr_line' id='line_1_72' title="bbox 2134 1289 3709 1364; baseline 0.003 -21"><span class='ocrx_word' id='word_1_531' title='bbox 2134 1289 2377 1359; x_wconf 89' lang='lat' dir='ltr'><strong>ipsorutn</strong></span> <span class='ocrx_word' id='word_1_532' title='bbox 2410 1292 2812 1361; x_wconf 85' lang='lat' dir='ltr'><strong>.progressibus</strong></span> <span class='ocrx_word' id='word_1_533' title='bbox 2851 1294 3241 1348; x_wconf 80' lang='lat' dir='ltr'><strong>convenienter</strong></span> <span class='ocrx_word' id='word_1_534' title='bbox 3285 1293 3429 1364; x_wconf 87' lang='lat' dir='ltr'><strong>apud</strong></span> <span class='ocrx_word' id='word_1_535' title='bbox 3463 1293 3709 1362; x_wconf 79' lang='lat' dir='ltr'><strong>judicem</strong></span> 
     </span>
    </p>
   </div>
   <div class='ocr_carea' id='block_1_73' title="bbox 2133 1381 2911 1452">
    <p class='ocr_par' dir='ltr' id='par_1_73' title="bbox 2133 1381 2911 1452">
     <span class='ocr_line' id='line_1_73' title="bbox 2133 1381 2911 1452; baseline 0.006 -21"><span class='ocrx_word' id='word_1_536' title='bbox 2133 1381 2513 1436; x_wconf 87' lang='lat' dir='ltr'><strong>universorum</strong></span> <span class='ocrx_word' id='word_1_537' title='bbox 2550 1393 2735 1452; x_wconf 87' lang='lat' dir='ltr'><strong>parata</strong></span> <span class='ocrx_word' id='word_1_538' title='bbox 2761 1391 2911 1438; x_wconf 91' lang='lat' dir='ltr'><strong>sunt.</strong></span> 
     </span>
    </p>
   </div>
   <div class='ocr_carea' id='block_1_74' title="bbox 2129 1469 3508 1541">
    <p class='ocr_par' dir='ltr' id='par_1_74' title="bbox 2129 1469 3508 1541">
     <span class='ocr_line' id='line_1_74' title="bbox 2129 1469 3508 1541; baseline 0.002 -15"><span class='ocrx_word' id='word_1_539' title='bbox 2129 1469 2199 1526; x_wconf 77' lang='lat'><strong>37</strong></span> <span class='ocrx_word' id='word_1_540' title='bbox 2223 1471 2408 1527; x_wconf 82' lang='lat' dir='ltr'><strong>Rahab</strong></span> <span class='ocrx_word' id='word_1_541' title='bbox 2437 1475 2608 1528; x_wconf 83' lang='lat' dir='ltr'><strong>minus</strong></span> <span class='ocrx_word' id='word_1_542' title='bbox 2635 1475 2908 1529; x_wconf 79' lang='lat' dir='ltr'><strong>honestam</strong></span> <span class='ocrx_word' id='word_1_543' title='bbox 2941 1473 3161 1529; x_wconf 79' lang='lat' dir='ltr'><strong>ducebat</strong></span> <span class='ocrx_word' id='word_1_544' title='bbox 3191 1477 3373 1541; x_wconf 70' lang='lat' dir='ltr'><strong>vitam,</strong></span> <span class='ocrx_word' id='word_1_545' title='bbox 3406 1487 3508 1530; x_wconf 80' lang='lat' dir='ltr'><strong>etc.</strong></span> 
     </span>
    </p>
   </div>
   <div class='ocr_carea' id='block_1_75' title="bbox 2198 1565 3708 1638">
    <p class='ocr_par' dir='ltr' id='par_1_75' title="bbox 2198 1565 3708 1638">
     <span class='ocr_line' id='line_1_75' title="bbox 2198 1565 3708 1638; baseline 0.003 -20"><span class='ocrx_word' id='word_1_546' title='bbox 2198 1565 2354 1632; x_wconf 85' lang='lat' dir='ltr'><strong>Quod</strong></span> <span class='ocrx_word' id='word_1_547' title='bbox 2375 1567 2595 1637; x_wconf 86' lang='lat' dir='ltr'><strong>quidem</strong></span> <span class='ocrx_word' id='word_1_548' title='bbox 2622 1583 2714 1636; x_wconf 91' lang='lat' dir='ltr'><strong>per</strong></span> <span class='ocrx_word' id='word_1_549' title='bbox 2733 1569 2952 1622; x_wconf 89' lang='lat' dir='ltr'><strong>unicam</strong></span> <span class='ocrx_word' id='word_1_550' title='bbox 2981 1569 3190 1622; x_wconf 85' lang='lat' dir='ltr'><strong>viarum</strong></span> <span class='ocrx_word' id='word_1_551' title='bbox 3210 1585 3332 1638; x_wconf 76' lang='lat' dir='ltr'><strong>qua:</strong></span> <span class='ocrx_word' id='word_1_552' title='bbox 3355 1569 3419 1623; x_wconf 88' lang='lat' dir='ltr'><strong>ad</strong></span> <span class='ocrx_word' id='word_1_553' title='bbox 3443 1581 3708 1638; x_wconf 80' lang='lat' dir='ltr'><strong>supernas</strong></span> 
     </span>
    </p>
   </div>
   <div class='ocr_carea' id='block_1_76' title="bbox 2130 1653 3710 1730">
    <p class='ocr_par' dir='ltr' id='par_1_76' title="bbox 2130 1653 3710 1730">
     <span class='ocr_line' id='line_1_76' title="bbox 2130 1653 3710 1730; baseline 0.004 -21"><span class='ocrx_word' id='word_1_554' title='bbox 2130 1653 2308 1711; x_wconf 83' lang='lat' dir='ltr'><strong>Patris</strong></span> <span class='ocrx_word' id='word_1_555' title='bbox 2338 1659 2654 1713; x_wconf 85' lang='lat' dir='ltr'><strong>mansiones</strong></span> <span class='ocrx_word' id='word_1_556' title='bbox 2672 1659 2880 1714; x_wconf 90' lang='lat' dir='ltr'><strong>ducunt</strong></span> <span class='ocrx_word' id='word_1_557' title='bbox 2911 1668 3056 1714; x_wconf 89' lang='lat' dir='ltr'><strong>recte</strong></span> <span class='ocrx_word' id='word_1_558' title='bbox 3080 1675 3354 1715; x_wconf 82' lang='lat' dir='ltr'><strong>emensam</strong></span> <span class='ocrx_word' id='word_1_559' title='bbox 3380 1660 3710 1730; x_wconf 83' lang='lat' dir='ltr'><strong>judicaverit</strong></span> 
     </span>
    </p>
   </div>
   <div class='ocr_carea' id='block_1_77' title="bbox 2134 1747 3709 1822">
    <p class='ocr_par' dir='ltr' id='par_1_77' title="bbox 2134 1747 3709 1822">
     <span class='ocr_line' id='line_1_77' title="bbox 2134 1747 3709 1822; baseline 0.004 -21"><span class='ocrx_word' id='word_1_560' title='bbox 2134 1747 2280 1804; x_wconf 90' lang='lat' dir='ltr'><strong>Deus</strong></span> <span class='ocrx_word' id='word_1_561' title='bbox 2323 1747 2626 1819; x_wconf 80' lang='lat' dir='ltr'><strong>justiﬁeare</strong></span> <span class='ocrx_word' id='word_1_562' title='bbox 2661 1752 2800 1808; x_wconf 89' lang='lat' dir='ltr'><strong>bene</strong></span> <span class='ocrx_word' id='word_1_563' title='bbox 2830 1753 3223 1815; x_wconf 90' lang='lat' dir='ltr'><strong>incedentes,et</strong></span> <span class='ocrx_word' id='word_1_564' title='bbox 3253 1751 3474 1814; x_wconf 76' lang='lat' dir='ltr'><strong>ltahab,</strong></span> <span class='ocrx_word' id='word_1_565' title='bbox 3509 1753 3709 1822; x_wconf 90' lang='lat' dir='ltr'><strong>inquit,</strong></span> 
     </span>
    </p>
   </div>
   <div class='ocr_carea' id='block_1_78' title="bbox 2131 1843 3710 1912">
    <p class='ocr_par' dir='ltr' id='par_1_78' title="bbox 2131 1843 3710 1912">
     <span class='ocr_line' id='line_1_78' title="bbox 2131 1843 3710 1912; baseline 0.003 -18"><span class='ocrx_word' id='word_1_566' title='bbox 2131 1843 2386 1896; x_wconf 73' lang='lat' dir='ltr'><strong>meretrix</strong></span> <span class='ocrx_word' id='word_1_567' title='bbox 2440 1851 2495 1898; x_wconf 88' lang='lat' dir='ltr'><strong>et</strong></span> <span class='ocrx_word' id='word_1_568' title='bbox 2550 1843 2874 1912; x_wconf 87' lang='lat' dir='ltr'><strong>publicanus</strong></span> <span class='ocrx_word' id='word_1_569' title='bbox 2927 1852 3094 1898; x_wconf 88' lang='lat' dir='ltr'><strong>testes</strong></span> <span class='ocrx_word' id='word_1_570' title='bbox 3149 1850 3299 1898; x_wconf 88' lang='lat' dir='ltr'><strong>sunt.</strong></span> <span class='ocrx_word' id='word_1_571' title='bbox 3356 1843 3504 1898; x_wconf 89' lang='lat' dir='ltr'><strong>Illam</strong></span> <span class='ocrx_word' id='word_1_572' title='bbox 3562 1845 3710 1899; x_wconf 85' lang='lat' dir='ltr'><strong>enim</strong></span> 
     </span>
    </p>
   </div>
   <div class='ocr_carea' id='block_1_79' title="bbox 2132 1935 3709 2007">
    <p class='ocr_par' dir='ltr' id='par_1_79' title="bbox 2132 1935 3709 2007">
     <span class='ocr_line' id='line_1_79' title="bbox 2132 1935 3709 2007; baseline 0.002 -18"><span class='ocrx_word' id='word_1_573' title='bbox 2132 1945 2327 1989; x_wconf 68' lang='lat' dir='ltr'><strong>caetera</strong></span> <span class='ocrx_word' id='word_1_574' title='bbox 2355 1935 2721 1990; x_wconf 85' lang='lat' dir='ltr'><strong>inordinatam</strong></span> <span class='ocrx_word' id='word_1_575' title='bbox 2742 1977 2757 1999; x_wconf 88' lang='lat'><strong>,</strong></span> <span class='ocrx_word' id='word_1_576' title='bbox 2791 1936 3060 1991; x_wconf 85' lang='lat' dir='ltr'><strong>celebrem</strong></span> <span class='ocrx_word' id='word_1_577' title='bbox 3087 1945 3140 1990; x_wconf 88' lang='lat' dir='ltr'><strong>et</strong></span> <span class='ocrx_word' id='word_1_578' title='bbox 3169 1937 3434 2007; x_wconf 77' lang='lat' dir='ltr'><strong>insignem</strong></span> <span class='ocrx_word' id='word_1_579' title='bbox 3465 1937 3709 2006; x_wconf 79' lang='lat' dir='ltr'><strong>perfecta</strong></span> 
     </span>
    </p>
   </div>
   <div class='ocr_carea' id='block_1_80' title="bbox 2137 2025 3712 2098">
    <p class='ocr_par' dir='ltr' id='par_1_80' title="bbox 2137 2025 3712 2098">
     <span class='ocr_line' id='line_1_80' title="bbox 2137 2025 3712 2098; baseline 0.001 -18"><span class='ocrx_word' id='word_1_580' title='bbox 2137 2025 2487 2096; x_wconf 83' lang='lat' dir='ltr'><strong>hospitalitas</strong></span> <span class='ocrx_word' id='word_1_581' title='bbox 2532 2028 2803 2095; x_wconf 81' lang='lat' dir='ltr'><strong>ostendit;</strong></span> <span class='ocrx_word' id='word_1_582' title='bbox 2838 2027 3166 2098; x_wconf 89' lang='lat' dir='ltr'><strong>publicanus</strong></span> <span class='ocrx_word' id='word_1_583' title='bbox 3206 2043 3332 2082; x_wconf 82' lang='lat' dir='ltr'><strong>vero</strong></span> <span class='ocrx_word' id='word_1_584' title='bbox 3371 2036 3424 2082; x_wconf 90' lang='lat' dir='ltr'><strong>et</strong></span> <span class='ocrx_word' id='word_1_585' title='bbox 3459 2029 3574 2098; x_wconf 84' lang='lat' dir='ltr'><strong>ipse</strong></span> <span class='ocrx_word' id='word_1_586' title='bbox 3615 2039 3712 2098; x_wconf 87' lang='lat' dir='ltr'><strong>per</strong></span> 
     </span>
    </p>
   </div>
   <div class='ocr_carea' id='block_1_81' title="bbox 2130 2118 3710 2190">
    <p class='ocr_par' dir='ltr' id='par_1_81' title="bbox 2130 2118 3710 2190">
     <span class='ocr_line' id='line_1_81' title="bbox 2130 2118 3710 2190; baseline 0.003 -18"><span class='ocrx_word' id='word_1_587' title='bbox 2130 2118 2674 2190; x_wconf 87' lang='lat' dir='ltr'><strong>irreprehensibilem</strong></span> <span class='ocrx_word' id='word_1_588' title='bbox 2719 2123 3076 2176; x_wconf 86' lang='lat' dir='ltr'><strong>humilitatem</strong></span> <span class='ocrx_word' id='word_1_589' title='bbox 3108 2120 3388 2175; x_wconf 72' lang='lat' dir='ltr'><strong>Pliarisazo</strong></span> <span class='ocrx_word' id='word_1_590' title='bbox 3413 2133 3471 2176; x_wconf 86' lang='lat' dir='ltr'><strong>se</strong></span> <span class='ocrx_word' id='word_1_591' title='bbox 3497 2123 3710 2190; x_wconf 74' lang='lat' dir='ltr'><strong>justum</strong></span> 
     </span>
    </p>
   </div>
   <div class='ocr_carea' id='block_1_82' title="bbox 2127 2213 2756 2284">
    <p class='ocr_par' dir='ltr' id='par_1_82' title="bbox 2127 2213 2756 2284">
     <span class='ocr_line' id='line_1_82' title="bbox 2127 2213 2756 2284; baseline 0.008 -19"><span class='ocrx_word' id='word_1_592' title='bbox 2127 2213 2449 2281; x_wconf 63' lang='lat' dir='ltr'><strong>pragdieanti</strong></span> <span class='ocrx_word' id='word_1_593' title='bbox 2481 2215 2756 2284; x_wconf 57' lang='lat' dir='ltr'><strong>praestitit.</strong></span> 
     </span>
    </p>
   </div>
   <div class='ocr_carea' id='block_1_83' title="bbox 2130 2325 2792 2394">
    <p class='ocr_par' dir='ltr' id='par_1_83' title="bbox 2130 2325 2792 2394">
     <span class='ocr_line' id='line_1_83' title="bbox 2130 2325 2792 2394; baseline 0.002 -12"><span class='ocrx_word' id='word_1_594' title='bbox 2130 2325 2322 2383; x_wconf 80' lang='lat' dir='ltr'><strong>Melior</strong></span> <span class='ocrx_word' id='word_1_595' title='bbox 2349 2326 2624 2382; x_wconf 75' lang='lat' dir='ltr'><strong>calibatus</strong></span> <span class='ocrx_word' id='word_1_596' title='bbox 2640 2369 2654 2394; x_wconf 93' lang='lat'><strong>,</strong></span> <span class='ocrx_word' id='word_1_597' title='bbox 2687 2337 2792 2384; x_wconf 91' lang='lat' dir='ltr'><strong>etc.</strong></span> 
     </span>
    </p>
   </div>
   <div class='ocr_carea' id='block_1_84' title="bbox 2198 2420 3713 2491">
    <p class='ocr_par' dir='ltr' id='par_1_84' title="bbox 2198 2420 3713 2491">
     <span class='ocr_line' id='line_1_84' title="bbox 2198 2420 3713 2491; baseline 0.005 -17"><span class='ocrx_word' id='word_1_598' title='bbox 2198 2420 2397 2476; x_wconf 90' lang='lat' dir='ltr'><strong>Dicens</strong></span> <span class='ocrx_word' id='word_1_599' title='bbox 2431 2421 2575 2490; x_wconf 88' lang='lat' dir='ltr'><strong>quod</strong></span> <span class='ocrx_word' id='word_1_600' title='bbox 2605 2421 2863 2490; x_wconf 87' lang='lat' dir='ltr'><strong>possibile</strong></span> <span class='ocrx_word' id='word_1_601' title='bbox 2885 2429 2968 2476; x_wconf 90' lang='lat' dir='ltr'><strong>est</strong></span> <span class='ocrx_word' id='word_1_602' title='bbox 2996 2429 3049 2477; x_wconf 88' lang='lat' dir='ltr'><strong>et</strong></span> <span class='ocrx_word' id='word_1_603' title='bbox 3081 2437 3176 2491; x_wconf 91' lang='lat' dir='ltr'><strong>per</strong></span> <span class='ocrx_word' id='word_1_604' title='bbox 3197 2438 3362 2477; x_wconf 89' lang='lat' dir='ltr'><strong>unam</strong></span> <span class='ocrx_word' id='word_1_605' title='bbox 3390 2424 3534 2480; x_wconf 86' lang='lat' dir='ltr'><strong>viam</strong></span> <span class='ocrx_word' id='word_1_606' title='bbox 3563 2436 3713 2482; x_wconf 87' lang='lat' dir='ltr'><strong>recte</strong></span> 
     </span>
    </p>
   </div>
   <div class='ocr_carea' id='block_1_85' title="bbox 2126 2513 3715 2576">
    <p class='ocr_par' dir='ltr' id='par_1_85' title="bbox 2126 2513 3715 2576">
     <span class='ocr_line' id='line_1_85' title="bbox 2126 2513 3715 2576; baseline 0.002 -7"><span class='ocrx_word' id='word_1_607' title='bbox 2126 2528 2406 2569; x_wconf 89' lang='lat' dir='ltr'><strong>emensam</strong></span> <span class='ocrx_word' id='word_1_608' title='bbox 2440 2513 2745 2568; x_wconf 72' lang='lat' dir='ltr'><strong>cmlestium</strong></span> <span class='ocrx_word' id='word_1_609' title='bbox 2785 2513 2838 2567; x_wconf 93' lang='lat' dir='ltr'><strong>in</strong></span> <span class='ocrx_word' id='word_1_610' title='bbox 2873 2531 3037 2567; x_wconf 90' lang='lat' dir='ltr'><strong>unum</strong></span> <span class='ocrx_word' id='word_1_611' title='bbox 3073 2517 3546 2572; x_wconf 88' lang='lat' dir='ltr'><strong>tabernaculorum</strong></span> <span class='ocrx_word' id='word_1_612' title='bbox 3588 2535 3715 2576; x_wconf 80' lang='lat' dir='ltr'><strong>sus—</strong></span> 
     </span>
    </p>
   </div>
   <div class='ocr_carea' id='block_1_86' title="bbox 2128 2605 3710 2675">
    <p class='ocr_par' dir='ltr' id='par_1_86' title="bbox 2128 2605 3710 2675">
     <span class='ocr_line' id='line_1_86' title="bbox 2128 2605 3710 2675; baseline 0.005 -18"><span class='ocrx_word' id='word_1_613' title='bbox 2128 2605 2345 2675; x_wconf 84' lang='lat' dir='ltr'><strong>cipi,ne</strong></span> <span class='ocrx_word' id='word_1_614' title='bbox 2361 2605 2487 2675; x_wconf 82' lang='lat' dir='ltr'><strong>quis</strong></span> <span class='ocrx_word' id='word_1_615' title='bbox 2517 2605 2785 2675; x_wconf 78' lang='lat' dir='ltr'><strong>cogitaret</strong></span> <span class='ocrx_word' id='word_1_616' title='bbox 2817 2607 3070 2660; x_wconf 80' lang='lat' dir='ltr'><strong>virtutem</strong></span> <span class='ocrx_word' id='word_1_617' title='bbox 3109 2607 3296 2661; x_wconf 80' lang='lat' dir='ltr'><strong>furtim</strong></span> <span class='ocrx_word' id='word_1_618' title='bbox 3325 2612 3524 2665; x_wconf 86' lang='lat' dir='ltr'><strong>malitia</strong></span> <span class='ocrx_word' id='word_1_619' title='bbox 3556 2627 3710 2665; x_wconf 85' lang='lat' dir='ltr'><strong>com-</strong></span> 
     </span>
    </p>
   </div>
   <div class='ocr_carea' id='block_1_87' title="bbox 2127 2695 3714 2771">
    <p class='ocr_par' dir='ltr' id='par_1_87' title="bbox 2127 2695 3714 2771">
     <span class='ocr_line' id='line_1_87' title="bbox 2127 2695 3714 2771; baseline 0.006 -23"><span class='ocrx_word' id='word_1_620' title='bbox 2127 2695 2384 2761; x_wconf 89' lang='lat' dir='ltr'><strong>misceri,</strong></span> <span class='ocrx_word' id='word_1_621' title='bbox 2423 2697 2564 2752; x_wconf 89' lang='lat' dir='ltr'><strong>sicut</strong></span> <span class='ocrx_word' id='word_1_622' title='bbox 2595 2697 2778 2752; x_wconf 88' lang='lat' dir='ltr'><strong>vidcre</strong></span> <span class='ocrx_word' id='word_1_623' title='bbox 2812 2707 2893 2751; x_wconf 85' lang='lat' dir='ltr'><strong>est</strong></span> <span class='ocrx_word' id='word_1_624' title='bbox 2939 2699 3080 2768; x_wconf 89' lang='lat' dir='ltr'><strong>apud</strong></span> <span class='ocrx_word' id='word_1_625' title='bbox 3127 2701 3594 2771; x_wconf 75' lang='lat' dir='ltr'><strong>conuedos,quasi</strong></span> <span class='ocrx_word' id='word_1_626' title='bbox 3631 2705 3714 2760; x_wconf 89' lang='lat' dir='ltr'><strong>sic</strong></span> 
     </span>
    </p>
   </div>
   <div class='ocr_carea' id='block_1_88' title="bbox 2129 2787 3712 2867">
    <p class='ocr_par' dir='ltr' id='par_1_88' title="bbox 2129 2787 3712 2867">
     <span class='ocr_line' id='line_1_88' title="bbox 2129 2787 3712 2867; baseline 0.009 -29"><span class='ocrx_word' id='word_1_627' title='bbox 2129 2794 2315 2854; x_wconf 86' lang='lat' dir='ltr'><strong>posset</strong></span> <span class='ocrx_word' id='word_1_628' title='bbox 2363 2802 2523 2857; x_wconf 74' lang='lat' dir='ltr'><strong>agere</strong></span> <span class='ocrx_word' id='word_1_629' title='bbox 2572 2787 2783 2855; x_wconf 81' lang='lat' dir='ltr'><strong>iustitia</strong></span> <span class='ocrx_word' id='word_1_630' title='bbox 2841 2787 2964 2847; x_wconf 84' lang='lat' dir='ltr'><strong>Dei.</strong></span> <span class='ocrx_word' id='word_1_631' title='bbox 3017 2790 3372 2846; x_wconf 77' lang='lat' dir='ltr'><strong>coniormiter</strong></span> <span class='ocrx_word' id='word_1_632' title='bbox 3420 2795 3712 2867; x_wconf 76' lang='lat' dir='ltr'><strong>Evangelia</strong></span> 
     </span>
    </p>
   </div>
   <div class='ocr_carea' id='block_1_89' title="bbox 2129 2875 3710 2948">
    <p class='ocr_par' dir='ltr' id='par_1_89' title="bbox 2129 2875 3710 2948">
     <span class='ocr_line' id='line_1_89' title="bbox 2129 2875 3710 2948; baseline 0.01 -19"><span class='ocrx_word' id='word_1_633' title='bbox 2129 2875 2320 2931; x_wconf 88' lang='lat' dir='ltr'><strong>doctor</strong></span> <span class='ocrx_word' id='word_1_634' title='bbox 2352 2877 2404 2932; x_wconf 90' lang='lat' dir='ltr'><strong>in</strong></span> <span class='ocrx_word' id='word_1_635' title='bbox 2441 2879 2636 2948; x_wconf 77' lang='lat' dir='ltr'><strong>spiritu</strong></span> <span class='ocrx_word' id='word_1_636' title='bbox 2665 2879 2920 2948; x_wconf 86' lang='lat' dir='ltr'><strong>judicans</strong></span> <span class='ocrx_word' id='word_1_637' title='bbox 2951 2882 3064 2937; x_wconf 70' lang='lat' dir='ltr'><strong>haec</strong></span> <span class='ocrx_word' id='word_1_638' title='bbox 3111 2883 3303 2939; x_wconf 88' lang='lat' dir='ltr'><strong>illustr:</strong></span> <span class='ocrx_word' id='word_1_639' title='bbox 3329 2895 3369 2940; x_wconf 92' lang='lat' dir='ltr'><strong>t.</strong></span> <span class='ocrx_word' id='word_1_640' title='bbox 3404 2885 3536 2943; x_wconf 85' lang='lat' dir='ltr'><strong>Esse</strong></span> <span class='ocrx_word' id='word_1_641' title='bbox 3565 2893 3710 2945; x_wconf 80' lang='lat' dir='ltr'><strong>enim</strong></span> 
     </span>
    </p>
   </div>
   <div class='ocr_carea' id='block_1_90' title="bbox 2127 2970 3715 3052">
    <p class='ocr_par' dir='ltr' id='par_1_90' title="bbox 2127 2970 3715 3052">
     <span class='ocr_line' id='line_1_90' title="bbox 2127 2970 3715 3052; baseline 0.009 -31"><span class='ocrx_word' id='word_1_642' title='bbox 2127 2970 2491 3037; x_wconf 72' lang='lat' dir='ltr'><strong>Optitttos,sed</strong></span> <span class='ocrx_word' id='word_1_643' title='bbox 2541 2985 2647 3024; x_wconf 91' lang='lat' dir='ltr'><strong>non</strong></span> <span class='ocrx_word' id='word_1_644' title='bbox 2679 2972 3100 3030; x_wconf 60' lang='lat' dir='ltr'><strong>conlidermvult</strong></span> <span class='ocrx_word' id='word_1_645' title='bbox 3134 2975 3213 3028; x_wconf 81' lang='lat' dir='ltr'><strong>lex</strong></span> <span class='ocrx_word' id='word_1_646' title='bbox 3235 2973 3470 3044; x_wconf 84' lang='lat' dir='ltr'><strong>Spiritus</strong></span> <span class='ocrx_word' id='word_1_647' title='bbox 3494 2987 3546 3033; x_wconf 90' lang='lat' dir='ltr'><strong>et</strong></span> <span class='ocrx_word' id='word_1_648' title='bbox 3581 2981 3715 3052; x_wconf 76' lang='lat' dir='ltr'><strong>legi-</strong></span> 
     </span>
    </p>
   </div>
   <div class='ocr_carea' id='block_1_91' title="bbox 2129 3055 3711 3127">
    <p class='ocr_par' dir='ltr' id='par_1_91' title="bbox 2129 3055 3711 3127">
     <span class='ocr_line' id='line_1_91' title="bbox 2129 3055 3711 3127; baseline 0.009 -14"><span class='ocrx_word' id='word_1_649' title='bbox 2129 3055 2233 3123; x_wconf 81' lang='lat' dir='ltr'><strong>fer,</strong></span> <span class='ocrx_word' id='word_1_650' title='bbox 2265 3059 2383 3114; x_wconf 90' lang='lat' dir='ltr'><strong>ideo</strong></span> <span class='ocrx_word' id='word_1_651' title='bbox 2412 3061 2575 3115; x_wconf 85' lang='lat' dir='ltr'><strong>dicit:</strong></span> <span class='ocrx_word' id='word_1_652' title='bbox 2607 3059 2788 3116; x_wconf 89' lang='lat' dir='ltr'><strong>Bonus</strong></span> <span class='ocrx_word' id='word_1_653' title='bbox 2815 3064 3103 3118; x_wconf 82' lang='lat' dir='ltr'><strong>ccelibatus</strong></span> <span class='ocrx_word' id='word_1_654' title='bbox 3130 3073 3183 3118; x_wconf 83' lang='lat' dir='ltr'><strong>ct</strong></span> <span class='ocrx_word' id='word_1_655' title='bbox 3217 3068 3565 3125; x_wconf 87' lang='lat' dir='ltr'><strong>matrimonio</strong></span> <span class='ocrx_word' id='word_1_656' title='bbox 3595 3089 3711 3127; x_wconf 87' lang='lat' dir='ltr'><strong>me-</strong></span> 
     </span>
    </p>
   </div>
   <div class='ocr_carea' id='block_1_92' title="bbox 2133 3152 3710 3228">
    <p class='ocr_par' dir='ltr' id='par_1_92' title="bbox 2133 3152 3710 3228">
     <span class='ocr_line' id='line_1_92' title="bbox 2133 3152 3710 3228; baseline 0.005 -23"><span class='ocrx_word' id='word_1_657' title='bbox 2133 3153 2237 3205; x_wconf 93' lang='lat' dir='ltr'><strong>lior</strong></span> <span class='ocrx_word' id='word_1_658' title='bbox 2282 3152 2546 3206; x_wconf 89' lang='lat' dir='ltr'><strong>dicendus</strong></span> <span class='ocrx_word' id='word_1_659' title='bbox 2568 3194 2582 3217; x_wconf 91' lang='lat'><strong>,</strong></span> <span class='ocrx_word' id='word_1_660' title='bbox 2617 3154 2709 3208; x_wconf 88' lang='lat' dir='ltr'><strong>sed</strong></span> <span class='ocrx_word' id='word_1_661' title='bbox 2739 3170 2862 3209; x_wconf 85' lang='lat' dir='ltr'><strong>vere</strong></span> <span class='ocrx_word' id='word_1_662' title='bbox 2904 3155 3226 3221; x_wconf 76' lang='lat' dir='ltr'><strong>cmlibatus,</strong></span> <span class='ocrx_word' id='word_1_663' title='bbox 3269 3159 3384 3215; x_wconf 89' lang='lat' dir='ltr'><strong>sive</strong></span> <span class='ocrx_word' id='word_1_664' title='bbox 3403 3160 3710 3228; x_wconf 73' lang='lat' dir='ltr'><strong>virginitas,</strong></span> 
     </span>
    </p>
   </div>
   <div class='ocr_carea' id='block_1_93' title="bbox 2130 3244 3712 3305">
    <p class='ocr_par' dir='ltr' id='par_1_93' title="bbox 2130 3244 3712 3305">
     <span class='ocr_line' id='line_1_93' title="bbox 2130 3244 3712 3305; baseline 0.003 -6"><span class='ocrx_word' id='word_1_665' title='bbox 2130 3244 2334 3299; x_wconf 90' lang='lat' dir='ltr'><strong>mundo</strong></span> <span class='ocrx_word' id='word_1_666' title='bbox 2382 3245 2429 3299; x_wconf 82' lang='lat' dir='ltr'><strong>si</strong></span> <span class='ocrx_word' id='word_1_667' title='bbox 2473 3245 2760 3300; x_wconf 85' lang='lat' dir='ltr'><strong>commista</strong></span> <span class='ocrx_word' id='word_1_668' title='bbox 2807 3246 2898 3300; x_wconf 85' lang='lat' dir='ltr'><strong>iiat</strong></span> <span class='ocrx_word' id='word_1_669' title='bbox 2945 3257 2999 3302; x_wconf 90' lang='lat' dir='ltr'><strong>et</strong></span> <span class='ocrx_word' id='word_1_670' title='bbox 3040 3245 3239 3302; x_wconf 71' lang='lat' dir='ltr'><strong>furtive</strong></span> <span class='ocrx_word' id='word_1_671' title='bbox 3279 3248 3571 3305; x_wconf 83' lang='lat' dir='ltr'><strong>insinuatis</strong></span> <span class='ocrx_word' id='word_1_672' title='bbox 3618 3260 3712 3304; x_wconf 86' lang='lat' dir='ltr'><strong>aut</strong></span> 
     </span>
    </p>
   </div>
   <div class='ocr_carea' id='block_1_94' title="bbox 2129 3337 3710 3410">
    <p class='ocr_par' dir='ltr' id='par_1_94' title="bbox 2129 3337 3710 3410">
     <span class='ocr_line' id='line_1_94' title="bbox 2129 3337 3710 3410; baseline 0.003 -20"><span class='ocrx_word' id='word_1_673' title='bbox 2129 3337 2481 3393; x_wconf 87' lang='lat' dir='ltr'><strong>terrestribus</strong></span> <span class='ocrx_word' id='word_1_674' title='bbox 2520 3339 2943 3407; x_wconf 83' lang='lat' dir='ltr'><strong>cogitationibus</strong></span> <span class='ocrx_word' id='word_1_675' title='bbox 2987 3341 3335 3400; x_wconf 87' lang='lat' dir='ltr'><strong>consociata,</strong></span> <span class='ocrx_word' id='word_1_676' title='bbox 3395 3341 3710 3410; x_wconf 86' lang='lat' dir='ltr'><strong>nuptiarum</strong></span> 
     </span>
    </p>
   </div>
   <div class='ocr_carea' id='block_1_95' title="bbox 2130 3432 3714 3502">
    <p class='ocr_par' dir='ltr' id='par_1_95' title="bbox 2130 3432 3714 3502">
     <span class='ocr_line' id='line_1_95' title="bbox 2130 3432 3714 3502; baseline 0.001 -16"><span class='ocrx_word' id='word_1_677' title='bbox 2130 3433 2522 3502; x_wconf 87' lang='lat' dir='ltr'><strong>conjunctione</strong></span> <span class='ocrx_word' id='word_1_678' title='bbox 2563 3432 2717 3501; x_wconf 81' lang='lat' dir='ltr'><strong>pejor</strong></span> <span class='ocrx_word' id='word_1_679' title='bbox 2757 3441 2878 3487; x_wconf 84' lang='lat' dir='ltr'><strong>est:</strong></span> <span class='ocrx_word' id='word_1_680' title='bbox 2931 3432 3168 3502; x_wconf 86' lang='lat' dir='ltr'><strong>speciem</strong></span> <span class='ocrx_word' id='word_1_681' title='bbox 3213 3432 3357 3486; x_wconf 93' lang='lat' dir='ltr'><strong>enim</strong></span> <span class='ocrx_word' id='word_1_682' title='bbox 3412 3433 3714 3502; x_wconf 78' lang='lat' dir='ltr'><strong>prudentia:</strong></span> 
     </span>
    </p>
   </div>
   <div class='ocr_carea' id='block_1_96' title="bbox 2129 3525 3714 3591">
    <p class='ocr_par' dir='ltr' id='par_1_96' title="bbox 2129 3525 3714 3591">
     <span class='ocr_line' id='line_1_96' title="bbox 2129 3525 3714 3591; baseline 0.001 -13"><span class='ocrx_word' id='word_1_683' title='bbox 2129 3525 2446 3580; x_wconf 90' lang='lat' dir='ltr'><strong>hominibus</strong></span> <span class='ocrx_word' id='word_1_684' title='bbox 2465 3526 2832 3591; x_wconf 84' lang='lat' dir='ltr'><strong>extrinsecus,</strong></span> <span class='ocrx_word' id='word_1_685' title='bbox 2859 3525 2951 3580; x_wconf 91' lang='lat' dir='ltr'><strong>sed</strong></span> <span class='ocrx_word' id='word_1_686' title='bbox 2980 3541 3088 3579; x_wconf 92' lang='lat' dir='ltr'><strong>non</strong></span> <span class='ocrx_word' id='word_1_687' title='bbox 3114 3525 3395 3579; x_wconf 82' lang='lat' dir='ltr'><strong>veritatem</strong></span> <span class='ocrx_word' id='word_1_688' title='bbox 3421 3525 3470 3577; x_wconf 92' lang='lat' dir='ltr'><strong>in</strong></span> <span class='ocrx_word' id='word_1_689' title='bbox 3498 3525 3714 3579; x_wconf 71' lang='lat' dir='ltr'><strong>occulto</strong></span> 
     </span>
    </p>
   </div>
   <div class='ocr_carea' id='block_1_97' title="bbox 2130 3616 3714 3674">
    <p class='ocr_par' dir='ltr' id='par_1_97' title="bbox 2130 3616 3714 3674">
     <span class='ocr_line' id='line_1_97' title="bbox 2130 3616 3714 3674; baseline -0.001 -1"><span class='ocrx_word' id='word_1_690' title='bbox 2130 3619 2368 3674; x_wconf 87' lang='lat' dir='ltr'><strong>ostendit</strong></span> <span class='ocrx_word' id='word_1_691' title='bbox 2396 3618 2637 3674; x_wconf 89' lang='lat' dir='ltr'><strong>Christo.</strong></span> <span class='ocrx_word' id='word_1_692' title='bbox 2676 3617 2888 3673; x_wconf 77' lang='lat' dir='ltr'><strong>Rursus</strong></span> <span class='ocrx_word' id='word_1_693' title='bbox 2917 3636 2929 3671; x_wconf 89' lang='lat'>:</span> <span class='ocrx_word' id='word_1_694' title='bbox 2957 3616 3203 3671; x_wconf 83' lang='lat' dir='ltr'><strong>l&#39;rudeus</strong></span> <span class='ocrx_word' id='word_1_695' title='bbox 3236 3620 3344 3670; x_wconf 90' lang='lat' dir='ltr'><strong>vita</strong></span> <span class='ocrx_word' id='word_1_696' title='bbox 3367 3626 3418 3670; x_wconf 89' lang='lat' dir='ltr'><strong>et</strong></span> <span class='ocrx_word' id='word_1_697' title='bbox 3448 3626 3626 3671; x_wconf 83' lang='lat' dir='ltr'><strong>erecta</strong></span> <span class='ocrx_word' id='word_1_698' title='bbox 3660 3625 3714 3671; x_wconf 87' lang='lat' dir='ltr'><strong>ct</strong></span> 
     </span>
    </p>
   </div>
   <div class='ocr_carea' id='block_1_98' title="bbox 2131 3709 3710 3783">
    <p class='ocr_par' dir='ltr' id='par_1_98' title="bbox 2131 3709 3710 3783">
     <span class='ocr_line' id='line_1_98' title="bbox 2131 3709 3710 3783; baseline -0.001 -17"><span class='ocrx_word' id='word_1_699' title='bbox 2131 3712 2456 3783; x_wconf 81' lang='lat' dir='ltr'><strong>philosOpho</strong></span> <span class='ocrx_word' id='word_1_700' title='bbox 2485 3711 2648 3781; x_wconf 78' lang='lat' dir='ltr'><strong>digna</strong></span> <span class='ocrx_word' id='word_1_701' title='bbox 2676 3724 2977 3782; x_wconf 87' lang='lat' dir='ltr'><strong>pauperum</strong></span> <span class='ocrx_word' id='word_1_702' title='bbox 3013 3719 3066 3762; x_wconf 90' lang='lat' dir='ltr'><strong>ct</strong></span> <span class='ocrx_word' id='word_1_703' title='bbox 3100 3711 3153 3762; x_wconf 91' lang='lat' dir='ltr'><strong>in</strong></span> <span class='ocrx_word' id='word_1_704' title='bbox 3191 3710 3463 3763; x_wconf 86' lang='lat' dir='ltr'><strong>montibus</strong></span> <span class='ocrx_word' id='word_1_705' title='bbox 3491 3709 3710 3764; x_wconf 86' lang='lat' dir='ltr'><strong>consis-</strong></span> 
     </span>
    </p>
   </div>
   <div class='ocr_carea' id='block_1_99' title="bbox 2132 3801 3712 3871">
    <p class='ocr_par' dir='ltr' id='par_1_99' title="bbox 2132 3801 3712 3871">
     <span class='ocr_line' id='line_1_99' title="bbox 2132 3801 3712 3871; baseline -0.001 -13"><span class='ocrx_word' id='word_1_706' title='bbox 2132 3806 2361 3860; x_wconf 90' lang='lat' dir='ltr'><strong>tentium</strong></span> <span class='ocrx_word' id='word_1_707' title='bbox 2414 3803 2836 3865; x_wconf 83' lang='lat' dir='ltr'><strong>monachorum,</strong></span> <span class='ocrx_word' id='word_1_708' title='bbox 2868 3809 2922 3856; x_wconf 90' lang='lat' dir='ltr'><strong>et</strong></span> <span class='ocrx_word' id='word_1_709' title='bbox 2977 3801 3127 3871; x_wconf 78' lang='lat' dir='ltr'><strong>ipsos</strong></span> <span class='ocrx_word' id='word_1_710' title='bbox 3185 3815 3328 3868; x_wconf 82' lang='lat' dir='ltr'><strong>saepe</strong></span> <span class='ocrx_word' id='word_1_711' title='bbox 3385 3801 3454 3855; x_wconf 90' lang='lat' dir='ltr'><strong>de</strong></span> <span class='ocrx_word' id='word_1_712' title='bbox 3508 3801 3712 3856; x_wconf 84' lang='lat' dir='ltr'><strong>virtute</strong></span> 
     </span>
    </p>
   </div>
   <div class='ocr_carea' id='block_1_100' title="bbox 2131 3892 3713 3962">
    <p class='ocr_par' dir='ltr' id='par_1_100' title="bbox 2131 3892 3713 3962">
     <span class='ocr_line' id='line_1_100' title="bbox 2131 3892 3713 3962; baseline -0.004 -10"><span class='ocrx_word' id='word_1_713' title='bbox 2131 3906 2403 3952; x_wconf 90' lang='lat' dir='ltr'><strong>tumentes</strong></span> <span class='ocrx_word' id='word_1_714' title='bbox 2433 3897 2486 3950; x_wconf 92' lang='lat' dir='ltr'><strong>in</strong></span> <span class='ocrx_word' id='word_1_715' title='bbox 2518 3911 2704 3949; x_wconf 87' lang='lat' dir='ltr'><strong>casum</strong></span> <span class='ocrx_word' id='word_1_716' title='bbox 2746 3894 2968 3948; x_wconf 86' lang='lat' dir='ltr'><strong>abstulit</strong></span> <span class='ocrx_word' id='word_1_717' title='bbox 3005 3892 3393 3962; x_wconf 71' lang='lat' dir='ltr'><strong>praesumptio;</strong></span> <span class='ocrx_word' id='word_1_718' title='bbox 3423 3907 3531 3946; x_wconf 89' lang='lat' dir='ltr'><strong>non</strong></span> <span class='ocrx_word' id='word_1_719' title='bbox 3567 3893 3713 3946; x_wconf 86' lang='lat' dir='ltr'><strong>enim</strong></span> 
     </span>
    </p>
   </div>
   <div class='ocr_carea' id='block_1_101' title="bbox 2129 3985 3716 4059">
    <p class='ocr_par' dir='ltr' id='par_1_101' title="bbox 2129 3985 3716 4059">
     <span class='ocr_line' id='line_1_101' title="bbox 2129 3985 3716 4059; baseline -0.004 -17"><span class='ocrx_word' id='word_1_720' title='bbox 2129 3988 2406 4059; x_wconf 90' lang='lat' dir='ltr'><strong>propriam</strong></span> <span class='ocrx_word' id='word_1_721' title='bbox 2438 3989 2694 4041; x_wconf 86' lang='lat' dir='ltr'><strong>virtutem</strong></span> <span class='ocrx_word' id='word_1_722' title='bbox 2728 3985 3047 4040; x_wconf 82' lang='lat' dir='ltr'><strong>melioribus</strong></span> <span class='ocrx_word' id='word_1_723' title='bbox 3079 3992 3463 4053; x_wconf 81' lang='lat' dir='ltr'><strong>comparantes</strong></span> <span class='ocrx_word' id='word_1_724' title='bbox 3499 3995 3552 4038; x_wconf 94' lang='lat' dir='ltr'><strong>et</strong></span> <span class='ocrx_word' id='word_1_725' title='bbox 3587 3999 3716 4054; x_wconf 90' lang='lat' dir='ltr'><strong>per-</strong></span> 
     </span>
    </p>
   </div>
   <div class='ocr_carea' id='block_1_102' title="bbox 2132 4074 3716 4145">
    <p class='ocr_par' dir='ltr' id='par_1_102' title="bbox 2132 4074 3716 4145">
     <span class='ocr_line' id='line_1_102' title="bbox 2132 4074 3716 4145; baseline -0.003 -11"><span class='ocrx_word' id='word_1_726' title='bbox 2132 4077 2452 4135; x_wconf 79' lang='lat' dir='ltr'><strong>fectioribus</strong></span> <span class='ocrx_word' id='word_1_727' title='bbox 2493 4078 2896 4143; x_wconf 88' lang='lat' dir='ltr'><strong>humiliantur;</strong></span> <span class='ocrx_word' id='word_1_728' title='bbox 2941 4077 3140 4130; x_wconf 86' lang='lat' dir='ltr'><strong>accidit</strong></span> <span class='ocrx_word' id='word_1_729' title='bbox 3189 4082 3248 4131; x_wconf 93' lang='lat' dir='ltr'><strong>ut</strong></span> <span class='ocrx_word' id='word_1_730' title='bbox 3290 4091 3414 4129; x_wconf 89' lang='lat' dir='ltr'><strong>cum</strong></span> <span class='ocrx_word' id='word_1_731' title='bbox 3453 4074 3716 4145; x_wconf 57' lang='lat' dir='ltr'><strong>alujectio-</strong></span> 
     </span>
    </p>
   </div>
   <div class='ocr_carea' id='block_1_103' title="bbox 2132 4164 3717 4239">
    <p class='ocr_par' dir='ltr' id='par_1_103' title="bbox 2132 4164 3717 4239">
     <span class='ocr_line' id='line_1_103' title="bbox 2132 4164 3717 4239; baseline -0.004 -15"><span class='ocrx_word' id='word_1_732' title='bbox 2132 4171 2286 4226; x_wconf 91' lang='lat' dir='ltr'><strong>ribus</strong></span> <span class='ocrx_word' id='word_1_733' title='bbox 2333 4178 2388 4225; x_wconf 91' lang='lat' dir='ltr'><strong>et</strong></span> <span class='ocrx_word' id='word_1_734' title='bbox 2434 4168 2716 4239; x_wconf 79' lang='lat' dir='ltr'><strong>pejoribus</strong></span> <span class='ocrx_word' id='word_1_735' title='bbox 2753 4165 3234 4237; x_wconf 70' lang='lat' dir='ltr'><strong>morigerationcm</strong></span> <span class='ocrx_word' id='word_1_736' title='bbox 3281 4180 3434 4218; x_wconf 82' lang='lat' dir='ltr'><strong>suam</strong></span> <span class='ocrx_word' id='word_1_737' title='bbox 3474 4164 3717 4235; x_wconf 80' lang='lat' dir='ltr'><strong>a-quipa-</strong></span> 
     </span>
    </p>
   </div>
   <div class='ocr_carea' id='block_1_104' title="bbox 2130 4255 3715 4330">
    <p class='ocr_par' dir='ltr' id='par_1_104' title="bbox 2130 4255 3715 4330">
     <span class='ocr_line' id='line_1_104' title="bbox 2130 4255 3715 4330; baseline -0.006 -12"><span class='ocrx_word' id='word_1_738' title='bbox 2130 4273 2316 4318; x_wconf 88' lang='lat' dir='ltr'><strong>rantes</strong></span> <span class='ocrx_word' id='word_1_739' title='bbox 2360 4270 2415 4316; x_wconf 90' lang='lat' dir='ltr'><strong>et</strong></span> <span class='ocrx_word' id='word_1_740' title='bbox 2456 4260 2867 4330; x_wconf 86' lang='lat' dir='ltr'><strong>superbientes,</strong></span> <span class='ocrx_word' id='word_1_741' title='bbox 2914 4260 2968 4313; x_wconf 91' lang='lat' dir='ltr'><strong>in</strong></span> <span class='ocrx_word' id='word_1_742' title='bbox 3008 4265 3288 4328; x_wconf 82' lang='lat' dir='ltr'><strong>peccatum</strong></span> <span class='ocrx_word' id='word_1_743' title='bbox 3325 4255 3715 4322; x_wconf 72' lang='lat' dir='ltr'><strong>effundantur;</strong></span> 
     </span>
    </p>
   </div>
   <div class='ocr_carea' id='block_1_105' title="bbox 2133 4350 3719 4430">
    <p class='ocr_par' dir='ltr' id='par_1_105' title="bbox 2133 4350 3719 4430">
     <span class='ocr_line' id='line_1_105' title="bbox 2133 4350 3719 4430; baseline -0.008 -14"><span class='ocrx_word' id='word_1_744' title='bbox 2133 4372 2276 4430; x_wconf 62' lang='lat' dir='ltr'><strong>saepe</strong></span> <span class='ocrx_word' id='word_1_745' title='bbox 2317 4365 2370 4414; x_wconf 89' lang='lat' dir='ltr'><strong>et</strong></span> <span class='ocrx_word' id='word_1_746' title='bbox 2411 4356 2642 4412; x_wconf 77' lang='lat' dir='ltr'><strong>ferventi</strong></span> <span class='ocrx_word' id='word_1_747' title='bbox 2694 4357 2810 4410; x_wconf 88' lang='lat' dir='ltr'><strong>zelo</strong></span> <span class='ocrx_word' id='word_1_748' title='bbox 2858 4356 3087 4426; x_wconf 84' lang='lat' dir='ltr'><strong>spiritus</strong></span> <span class='ocrx_word' id='word_1_749' title='bbox 3135 4353 3514 4417; x_wconf 85' lang='lat' dir='ltr'><strong>vehementes,</strong></span> <span class='ocrx_word' id='word_1_750' title='bbox 3558 4350 3719 4405; x_wconf 83' lang='lat' dir='ltr'><strong>indo-</strong></span> 
     </span>
    </p>
   </div>
   <div class='ocr_carea' id='block_1_106' title="bbox 2130 4449 3720 4529">
    <p class='ocr_par' dir='ltr' id='par_1_106' title="bbox 2130 4449 3720 4529">
     <span class='ocr_line' id='line_1_106' title="bbox 2130 4449 3720 4529; baseline -0.006 -15"><span class='ocrx_word' id='word_1_751' title='bbox 2130 4460 2391 4514; x_wconf 88' lang='lat' dir='ltr'><strong>mitorum</strong></span> <span class='ocrx_word' id='word_1_752' title='bbox 2435 4455 2763 4525; x_wconf 86' lang='lat' dir='ltr'><strong>equulorum</strong></span> <span class='ocrx_word' id='word_1_753' title='bbox 2789 4462 2851 4529; x_wconf 51' lang='lat' dir='ltr'><strong>et</strong></span> <span class='ocrx_word' id='word_1_754' title='bbox 2893 4453 3313 4506; x_wconf 87' lang='lat' dir='ltr'><strong>intractatorum</strong></span> <span class='ocrx_word' id='word_1_755' title='bbox 3355 4449 3549 4516; x_wconf 84' lang='lat' dir='ltr'><strong>instar,</strong></span> <span class='ocrx_word' id='word_1_756' title='bbox 3600 4449 3720 4504; x_wconf 79' lang='lat' dir='ltr'><strong>sive</strong></span> 
     </span>
    </p>
   </div>
   <div class='ocr_carea' id='block_1_107' title="bbox 2127 4547 3718 4627">
    <p class='ocr_par' dir='ltr' id='par_1_107' title="bbox 2127 4547 3718 4627">
     <span class='ocr_line' id='line_1_107' title="bbox 2127 4547 3718 4627; baseline -0.004 -16"><span class='ocrx_word' id='word_1_757' title='bbox 2127 4556 2353 4627; x_wconf 91' lang='lat' dir='ltr'><strong>jejuniis</strong></span> <span class='ocrx_word' id='word_1_758' title='bbox 2380 4551 2775 4614; x_wconf 87' lang='lat' dir='ltr'><strong>immoderatis,</strong></span> <span class='ocrx_word' id='word_1_759' title='bbox 2802 4551 2915 4606; x_wconf 90' lang='lat' dir='ltr'><strong>sive</strong></span> <span class='ocrx_word' id='word_1_760' title='bbox 2941 4549 3142 4620; x_wconf 81' lang='lat' dir='ltr'><strong>vigiliis</strong></span> <span class='ocrx_word' id='word_1_761' title='bbox 3167 4547 3570 4618; x_wconf 89' lang='lat' dir='ltr'><strong>inopportunis,</strong></span> <span class='ocrx_word' id='word_1_762' title='bbox 3599 4547 3718 4604; x_wconf 83' lang='lat' dir='ltr'><strong>sive</strong></span> 
     </span>
    </p>
   </div>
   <div class='ocr_carea' id='block_1_108' title="bbox 2132 4646 3719 4723">
    <p class='ocr_par' dir='ltr' id='par_1_108' title="bbox 2132 4646 3719 4723">
     <span class='ocr_line' id='line_1_108' title="bbox 2132 4646 3719 4723; baseline -0.006 -15"><span class='ocrx_word' id='word_1_763' title='bbox 2132 4654 2254 4710; x_wconf 88' lang='lat' dir='ltr'><strong>aliis</strong></span> <span class='ocrx_word' id='word_1_764' title='bbox 2288 4651 2617 4723; x_wconf 88' lang='lat' dir='ltr'><strong>quibusdam</strong></span> <span class='ocrx_word' id='word_1_765' title='bbox 2649 4648 3140 4704; x_wconf 77' lang='lat' dir='ltr'><strong>exercitationibus</strong></span> <span class='ocrx_word' id='word_1_766' title='bbox 3171 4661 3230 4701; x_wconf 90' lang='lat' dir='ltr'><strong>se</strong></span> <span class='ocrx_word' id='word_1_767' title='bbox 3260 4646 3582 4700; x_wconf 70' lang='lat' dir='ltr'><strong>evtollentes</strong></span> <span class='ocrx_word' id='word_1_768' title='bbox 3619 4659 3719 4699; x_wconf 77' lang='lat' dir='ltr'><strong>ex-</strong></span> 
     </span>
    </p>
   </div>
   <div class='ocr_carea' id='block_1_109' title="bbox 2131 4743 3714 4817">
    <p class='ocr_par' dir='ltr' id='par_1_109' title="bbox 2131 4743 3714 4817">
     <span class='ocr_line' id='line_1_109' title="bbox 2131 4743 3714 4817; baseline -0.007 -11"><span class='ocrx_word' id='word_1_769' title='bbox 2131 4763 2216 4806; x_wconf 88' lang='lat' dir='ltr'><strong>tra</strong></span> <span class='ocrx_word' id='word_1_770' title='bbox 2246 4750 2467 4806; x_wconf 87' lang='lat' dir='ltr'><strong>modum</strong></span> <span class='ocrx_word' id='word_1_771' title='bbox 2501 4757 2555 4804; x_wconf 90' lang='lat' dir='ltr'><strong>et</strong></span> <span class='ocrx_word' id='word_1_772' title='bbox 2587 4762 2750 4817; x_wconf 90' lang='lat' dir='ltr'><strong>supra</strong></span> <span class='ocrx_word' id='word_1_773' title='bbox 2778 4746 2828 4800; x_wconf 90' lang='lat' dir='ltr'><strong>id</strong></span> <span class='ocrx_word' id='word_1_774' title='bbox 2863 4747 3007 4816; x_wconf 85' lang='lat' dir='ltr'><strong>quod</strong></span> <span class='ocrx_word' id='word_1_775' title='bbox 3035 4743 3349 4816; x_wconf 84' lang='lat' dir='ltr'><strong>oportebat,</strong></span> <span class='ocrx_word' id='word_1_776' title='bbox 3384 4759 3485 4798; x_wconf 80' lang='lat' dir='ltr'><strong>nec</strong></span> <span class='ocrx_word' id='word_1_777' title='bbox 3515 4757 3714 4798; x_wconf 84' lang='lat' dir='ltr'><strong>secun-</strong></span> 
     </span>
    </p>
   </div>
   <div class='ocr_carea' id='block_1_110' title="bbox 2131 4840 3716 4918">
    <p class='ocr_par' dir='ltr' id='par_1_110' title="bbox 2131 4840 3716 4918">
     <span class='ocr_line' id='line_1_110' title="bbox 2131 4840 3716 4918; baseline -0.008 -11"><span class='ocrx_word' id='word_1_778' title='bbox 2131 4853 2259 4907; x_wconf 89' lang='lat' dir='ltr'><strong>dum</strong></span> <span class='ocrx_word' id='word_1_779' title='bbox 2297 4848 2591 4905; x_wconf 85' lang='lat' dir='ltr'><strong>aseetieam</strong></span> <span class='ocrx_word' id='word_1_780' title='bbox 2626 4848 2794 4918; x_wconf 76' lang='lat' dir='ltr'><strong>legem</strong></span> <span class='ocrx_word' id='word_1_781' title='bbox 2839 4845 3050 4915; x_wconf 81' lang='lat' dir='ltr'><strong>praxim</strong></span> <span class='ocrx_word' id='word_1_782' title='bbox 3096 4852 3420 4899; x_wconf 81' lang='lat' dir='ltr'><strong>exercentes</strong></span> <span class='ocrx_word' id='word_1_783' title='bbox 3470 4840 3716 4904; x_wconf 86' lang='lat' dir='ltr'><strong>virtutis,</strong></span> 
     </span>
    </p>
   </div>
   <div class='ocr_carea' id='block_1_111' title="bbox 2131 4934 3718 5020">
    <p class='ocr_par' dir='ltr' id='par_1_111' title="bbox 2131 4934 3718 5020">
     <span class='ocr_line' id='line_1_111' title="bbox 2131 4934 3718 5020; baseline -0.01 -16"><span class='ocrx_word' id='word_1_784' title='bbox 2131 4948 2324 5020; x_wconf 87' lang='lat' dir='ltr'><strong>procul</strong></span> <span class='ocrx_word' id='word_1_785' title='bbox 2361 4961 2392 4998; x_wconf 85' lang='lat' dir='ltr'><strong>a</strong></span> <span class='ocrx_word' id='word_1_786' title='bbox 2435 4951 2576 4998; x_wconf 87' lang='lat' dir='ltr'><strong>meta</strong></span> <span class='ocrx_word' id='word_1_787' title='bbox 2605 4953 2660 4997; x_wconf 90' lang='lat' dir='ltr'><strong>et</strong></span> <span class='ocrx_word' id='word_1_788' title='bbox 2687 4957 2718 4995; x_wconf 85' lang='lat' dir='ltr'><strong>a</strong></span> <span class='ocrx_word' id='word_1_789' title='bbox 2763 4939 2955 4994; x_wconf 85' lang='lat' dir='ltr'><strong>bravio</strong></span> <span class='ocrx_word' id='word_1_790' title='bbox 3001 4938 3314 5007; x_wconf 88' lang='lat' dir='ltr'><strong>perierunt;</strong></span> <span class='ocrx_word' id='word_1_791' title='bbox 3357 4934 3718 5005; x_wconf 85' lang='lat' dir='ltr'><strong>quamobrem</strong></span> 
     </span>
    </p>
   </div>
   <div class='ocr_carea' id='block_1_112' title="bbox 2133 5031 3718 5104">
    <p class='ocr_par' dir='ltr' id='par_1_112' title="bbox 2133 5031 3718 5104">
     <span class='ocr_line' id='line_1_112' title="bbox 2133 5031 3718 5104; baseline -0.01 -3"><span class='ocrx_word' id='word_1_792' title='bbox 2133 5042 2474 5101; x_wconf 81' lang='lat' dir='ltr'><strong>admirabilis</strong></span> <span class='ocrx_word' id='word_1_793' title='bbox 2501 5041 2590 5095; x_wconf 91' lang='lat' dir='ltr'><strong>ille</strong></span> <span class='ocrx_word' id='word_1_794' title='bbox 2613 5037 2962 5094; x_wconf 86' lang='lat' dir='ltr'><strong>consiliarius</strong></span> <span class='ocrx_word' id='word_1_795' title='bbox 2993 5035 3172 5104; x_wconf 90' lang='lat' dir='ltr'><strong>inquit</strong></span> <span class='ocrx_word' id='word_1_796' title='bbox 3203 5031 3330 5087; x_wconf 84' lang='lat' dir='ltr'><strong>:Vel</strong></span> <span class='ocrx_word' id='word_1_797' title='bbox 3364 5031 3577 5087; x_wconf 88' lang='lat' dir='ltr'><strong>levibus</strong></span> <span class='ocrx_word' id='word_1_798' title='bbox 3611 5031 3718 5085; x_wconf 86' lang='lat' dir='ltr'><strong>alis</strong></span> 
     </span>
    </p>
   </div>
   <div class='ocr_carea' id='block_1_113' title="bbox 2129 5126 3720 5212">
    <p class='ocr_par' dir='ltr' id='par_1_113' title="bbox 2129 5126 3720 5212">
     <span class='ocr_line' id='line_1_113' title="bbox 2129 5126 3720 5212; baseline -0.011 -12"><span class='ocrx_word' id='word_1_799' title='bbox 2129 5156 2366 5212; x_wconf 76' lang='lat' dir='ltr'><strong>exsurge</strong></span> <span class='ocrx_word' id='word_1_800' title='bbox 2393 5155 2423 5194; x_wconf 88' lang='lat' dir='ltr'><strong>a</strong></span> <span class='ocrx_word' id='word_1_801' title='bbox 2451 5145 2596 5192; x_wconf 88' lang='lat' dir='ltr'><strong>terra</strong></span> <span class='ocrx_word' id='word_1_802' title='bbox 2633 5144 2688 5190; x_wconf 91' lang='lat' dir='ltr'><strong>et</strong></span> <span class='ocrx_word' id='word_1_803' title='bbox 2719 5150 2749 5188; x_wconf 82' lang='lat' dir='ltr'><strong>a</strong></span> <span class='ocrx_word' id='word_1_804' title='bbox 2784 5131 3143 5188; x_wconf 80' lang='lat' dir='ltr'><strong>terrestribus</strong></span> <span class='ocrx_word' id='word_1_805' title='bbox 3169 5126 3633 5183; x_wconf 84' lang='lat' dir='ltr'><strong>sollicitudinibus</strong></span> <span class='ocrx_word' id='word_1_806' title='bbox 3663 5135 3720 5182; x_wconf 88' lang='lat' dir='ltr'><strong>et</strong></span> 
     </span>
    </p>
   </div>
   <div class='ocr_carea' id='block_1_114' title="bbox 2132 5223 3720 5305">
    <p class='ocr_par' dir='ltr' id='par_1_114' title="bbox 2132 5223 3720 5305">
     <span class='ocr_line' id='line_1_114' title="bbox 2132 5223 3720 5305; baseline -0.011 -9"><span class='ocrx_word' id='word_1_807' title='bbox 2132 5238 2420 5296; x_wconf 83' lang='lat' dir='ltr'><strong>desideriis</strong></span> <span class='ocrx_word' id='word_1_808' title='bbox 2442 5249 2538 5304; x_wconf 87' lang='lat' dir='ltr'><strong>per</strong></span> <span class='ocrx_word' id='word_1_809' title='bbox 2556 5237 2930 5305; x_wconf 79' lang='lat' dir='ltr'><strong>paupertatem</strong></span> <span class='ocrx_word' id='word_1_810' title='bbox 2955 5228 3250 5299; x_wconf 76' lang='lat' dir='ltr'><strong>perfectam</strong></span> <span class='ocrx_word' id='word_1_811' title='bbox 3276 5234 3332 5282; x_wconf 88' lang='lat' dir='ltr'><strong>et</strong></span> <span class='ocrx_word' id='word_1_812' title='bbox 3350 5223 3720 5280; x_wconf 82' lang='lat' dir='ltr'><strong>humilitatem</strong></span> 
     </span>
    </p>
   </div>
   <div class='ocr_carea' id='block_1_115' title="bbox 2133 5321 3715 5407">
    <p class='ocr_par' dir='ltr' id='par_1_115' title="bbox 2133 5321 3715 5407">
     <span class='ocr_line' id='line_1_115' title="bbox 2133 5321 3715 5407; baseline -0.013 -15"><span class='ocrx_word' id='word_1_813' title='bbox 2133 5336 2391 5407; x_wconf 82' lang='lat' dir='ltr'><strong>optimam</strong></span> <span class='ocrx_word' id='word_1_814' title='bbox 2437 5339 2494 5385; x_wconf 91' lang='lat' dir='ltr'><strong>et</strong></span> <span class='ocrx_word' id='word_1_815' title='bbox 2543 5341 2813 5382; x_wconf 82' lang='lat' dir='ltr'><strong>summam</strong></span> <span class='ocrx_word' id='word_1_816' title='bbox 2865 5323 3231 5394; x_wconf 79' lang='lat' dir='ltr'><strong>cupiditatum</strong></span> <span class='ocrx_word' id='word_1_817' title='bbox 3270 5321 3715 5390; x_wconf 74' lang='lat' dir='ltr'><strong>exemptionem,</strong></span> 
     </span>
    </p>
   </div>
   <div class='ocr_carea' id='block_1_116' title="bbox 2133 5417 3720 5490">
    <p class='ocr_par' dir='ltr' id='par_1_116' title="bbox 2133 5417 3720 5490">
     <span class='ocr_line' id='line_1_116' title="bbox 2133 5417 3720 5490; baseline -0.013 0"><span class='ocrx_word' id='word_1_818' title='bbox 2133 5434 2216 5490; x_wconf 74' lang='lat' dir='ltr'><strong>vel</strong></span> <span class='ocrx_word' id='word_1_819' title='bbox 2241 5434 2297 5488; x_wconf 84' lang='lat' dir='ltr'><strong>in</strong></span> <span class='ocrx_word' id='word_1_820' title='bbox 2326 5429 2514 5485; x_wconf 74' lang='lat' dir='ltr'><strong>inﬁmo</strong></span> <span class='ocrx_word' id='word_1_821' title='bbox 2551 5439 2780 5480; x_wconf 67' lang='lat' dir='ltr'><strong>matteas</strong></span> <span class='ocrx_word' id='word_1_822' title='bbox 2815 5430 2870 5478; x_wconf 87' lang='lat' dir='ltr'><strong>et</strong></span> <span class='ocrx_word' id='word_1_823' title='bbox 2901 5430 2954 5477; x_wconf 88' lang='lat' dir='ltr'><strong>te</strong></span> <span class='ocrx_word' id='word_1_824' title='bbox 3003 5422 3184 5490; x_wconf 82' lang='lat' dir='ltr'><strong>ipsum</strong></span> <span class='ocrx_word' id='word_1_825' title='bbox 3213 5419 3371 5474; x_wconf 81' lang='lat' dir='ltr'><strong>nihili</strong></span> <span class='ocrx_word' id='word_1_826' title='bbox 3417 5417 3633 5472; x_wconf 73' lang='lat' dir='ltr'><strong>iaciens</strong></span> <span class='ocrx_word' id='word_1_827' title='bbox 3662 5423 3720 5470; x_wconf 80' lang='lat' dir='ltr'><strong>et</strong></span> 
     </span>
    </p>
   </div>
   <div class='ocr_carea' id='block_1_117' title="bbox 2134 5515 3720 5590">
    <p class='ocr_par' dir='ltr' id='par_1_117' title="bbox 2134 5515 3720 5590">
     <span class='ocr_line' id='line_1_117' title="bbox 2134 5515 3720 5590; baseline -0.014 -5"><span class='ocrx_word' id='word_1_828' title='bbox 2134 5528 2453 5590; x_wconf 86' lang='lat' dir='ltr'><strong>humilians,</strong></span> <span class='ocrx_word' id='word_1_829' title='bbox 2485 5522 2758 5578; x_wconf 88' lang='lat' dir='ltr'><strong>neminem</strong></span> <span class='ocrx_word' id='word_1_830' title='bbox 2781 5519 2946 5575; x_wconf 85' lang='lat' dir='ltr'><strong>etiam</strong></span> <span class='ocrx_word' id='word_1_831' title='bbox 2984 5517 3148 5571; x_wconf 80' lang='lat' dir='ltr'><strong>alium</strong></span> <span class='ocrx_word' id='word_1_832' title='bbox 3169 5515 3426 5584; x_wconf 72' lang='lat' dir='ltr'><strong>judicans</strong></span> <span class='ocrx_word' id='word_1_833' title='bbox 3458 5521 3552 5566; x_wconf 79' lang='lat' dir='ltr'><strong>aut</strong></span> <span class='ocrx_word' id='word_1_834' title='bbox 3579 5525 3720 5566; x_wconf 88' lang='lat' dir='ltr'><strong>eon-</strong></span> 
     </span>
    </p>
   </div>
   <div class='ocr_carea' id='block_1_118' title="bbox 2134 5607 3720 5683">
    <p class='ocr_par' dir='ltr' id='par_1_118' title="bbox 2134 5607 3720 5683">
     <span class='ocr_line' id='line_1_118' title="bbox 2134 5607 3720 5683; baseline -0.016 0"><span class='ocrx_word' id='word_1_835' title='bbox 2134 5627 2400 5683; x_wconf 86' lang='lat' dir='ltr'><strong>demnans</strong></span> <span class='ocrx_word' id='word_1_836' title='bbox 2459 5628 2577 5675; x_wconf 91' lang='lat' dir='ltr'><strong>tuto</strong></span> <span class='ocrx_word' id='word_1_837' title='bbox 2639 5631 2800 5672; x_wconf 90' lang='lat' dir='ltr'><strong>curre</strong></span> <span class='ocrx_word' id='word_1_838' title='bbox 2851 5629 2920 5670; x_wconf 89' lang='lat' dir='ltr'><strong>ne</strong></span> <span class='ocrx_word' id='word_1_839' title='bbox 2959 5613 3101 5669; x_wconf 80' lang='lat' dir='ltr'><strong>forte</strong></span> <span class='ocrx_word' id='word_1_840' title='bbox 3153 5612 3239 5666; x_wconf 88' lang='lat' dir='ltr'><strong>vel</strong></span> <span class='ocrx_word' id='word_1_841' title='bbox 3288 5610 3578 5665; x_wconf 84' lang='lat' dir='ltr'><strong>desideriis</strong></span> <span class='ocrx_word' id='word_1_842' title='bbox 3626 5607 3720 5661; x_wconf 80' lang='lat' dir='ltr'><strong>in—</strong></span> 
     </span>
    </p>
   </div>
   <div class='ocr_carea' id='block_1_119' title="bbox 2137 5703 3720 5792">
    <p class='ocr_par' dir='ltr' id='par_1_119' title="bbox 2137 5703 3720 5792">
     <span class='ocr_line' id='line_1_119' title="bbox 2137 5703 3720 5792; baseline -0.015 -14"><span class='ocrx_word' id='word_1_843' title='bbox 2137 5719 2504 5792; x_wconf 86' lang='lat' dir='ltr'><strong>sipientibus,</strong></span> <span class='ocrx_word' id='word_1_844' title='bbox 2577 5715 2653 5769; x_wconf 77' lang='lat' dir='ltr'><strong>vel</strong></span> <span class='ocrx_word' id='word_1_845' title='bbox 2710 5712 3007 5782; x_wconf 82' lang='lat' dir='ltr'><strong>impet‘i‘bus</strong></span> <span class='ocrx_word' id='word_1_846' title='bbox 3065 5705 3569 5771; x_wconf 86' lang='lat' dir='ltr'><strong>irrationabilibus,</strong></span> <span class='ocrx_word' id='word_1_847' title='bbox 3627 5703 3720 5756; x_wconf 81' lang='lat' dir='ltr'><strong>vel</strong></span> 
     </span>
    </p>
   </div>
   <div class='ocr_carea' id='block_1_120' title="bbox 2137 5803 3721 5887">
    <p class='ocr_par' dir='ltr' id='par_1_120' title="bbox 2137 5803 3721 5887">
     <span class='ocr_line' id='line_1_120' title="bbox 2137 5803 3721 5887; baseline -0.015 -10"><span class='ocrx_word' id='word_1_848' title='bbox 2137 5818 2388 5886; x_wconf 71' lang='lat' dir='ltr'><strong>omisiliis</strong></span> <span class='ocrx_word' id='word_1_849' title='bbox 2433 5813 2688 5887; x_wconf 79' lang='lat' dir='ltr'><strong>superbis</strong></span> <span class='ocrx_word' id='word_1_850' title='bbox 2744 5805 3207 5882; x_wconf 66' lang='lat' dir='ltr'><strong>praesumptionis,</strong></span> <span class='ocrx_word' id='word_1_851' title='bbox 3244 5803 3446 5864; x_wconf 87' lang='lat' dir='ltr'><strong>mentis</strong></span> <span class='ocrx_word' id='word_1_852' title='bbox 3481 5803 3584 5859; x_wconf 84' lang='lat' dir='ltr'><strong>aiis</strong></span> <span class='ocrx_word' id='word_1_853' title='bbox 3629 5805 3721 5855; x_wconf 83' lang='lat' dir='ltr'><strong>in-</strong></span> 
     </span>
    </p>
   </div>
  </div>
