4164 6350
451 321 552 377 HI

453 451 780 508 gravescens
821 443 876 490 et
908 433 974 487 ad
1015 441 1217 486 terram
1259 444 1522 500 praeceps,
1552 445 1682 484 casu
1723 426 2038 483 miserando

462 529 765 601 multisque
793 527 962 598 digno
1006 525 1261 596 lacrytnis
1302 523 1587 578 concidas.

453 725 525 783 5'5
565 726 742 780 Parva
770 741 915 778 nam
946 740 1060 793 qum
1081 723 1319 792 pluribus
1352 731 1622 789 compacta
1649 722 1811 776 clavis
1828 730 1905 774 est
1927 762 1941 784 ,

453 798 524 852 54
633 796 855 850 Gravius
916 796 1019 865 [ert
1077 810 1208 847 onus
1262 810 1453 864 magna
1511 793 1669 865 cujus
1726 796 1868 846 taxa:
1913 799 2037 846 sunt

1502 920 1518 936 ο
1649 861 1966 935 [compagem

537 958 737 1014 Dicens
765 958 910 1030 quod
941 958 1136 1013 melius
1159 956 1752 1027 sithumigradientem
1779 965 1834 1010 et
1859 953 2040 1008 humi-

454 1049 644 1104 lialum
684 1057 803 1104 tuto
829 1065 1074 1114 currere,
1102 1064 1267 1119 quam
1299 1048 1560 1119 Operibus
1581 1062 1746 1117 supra
1779 1046 1924 1101 vires
1953 1045 2038 1100 in-

453 1141 800 1199 cumbentem
828 1153 882 1197 ct
908 1157 968 1197 se
997 1142 1344 1196 extollentem
1374 1141 1525 1211 gravi
1559 1155 1690 1196 casu
1724 1138 2037 1203 concidere,

453 1237 707 1306 exemplo
749 1235 954 1290 dictum
1000 1233 1386 1300 conﬁrmavit;
1413 1233 1614 1290 Videre
1662 1240 1784 1298 est,
1825 1232 2036 1303 inquit,

454 1341 679 1398 parvam
709 1334 764 1380 et
784 1333 1068 1395 angustam
1104 1339 1295 1380 navem
1331 1339 1453 1394 quae
1484 1322 1895 1377 abundantibus
1927 1322 2041 1377 cla-

453 1419 540 1472 vis
583 1426 731 1472 recte
773 1416 1184 1483 consolidatur,
1238 1415 1426 1485 plures
1476 1429 1690 1470 merces
1735 1411 2042 1468 transvehit

453 1524 618 1579 quam
651 1521 845 1577 magna
885 1507 1041 1560 navis
1076 1512 1131 1560 et
1167 1505 1308 1560 male
1335 1504 1723 1575 colligata:sic
1762 1511 1818 1559 et
1851 1503 2042 1558 solita-

455 1597 574 1650 rius
613 1595 777 1648 homo
809 1611 1010 1665 parvus
1047 1601 1102 1649 et
1125 1593 1456 1650 auctoritate
1487 1594 1687 1660 minor,
1725 1594 1817 1664 qui
1850 1593 2040 1664 paucis

471 1689 744 1758 imperare
783 1689 1022 1751 videtur,
1053 1687 1141 1742 cui
1181 1702 1384 1741 nomen
1415 1687 1638 1743 minime
1679 1701 1960 1758 magnum,
1987 1694 2042 1740 et

456 1782 576 1852 ipse
613 1781 773 1852 quasi
819 1781 988 1836 clavis
1033 1780 1442 1836 abundantibus
1479 1779 1720 1850 Spiritus
1759 1787 2041 1850 protectus

455 1875 707 1931 consiliis
753 1883 808 1930 et
857 1877 1009 1931 intus
1053 1875 1277 1932 divitias
1321 1875 1585 1930 virtutqu
1637 1873 2039 1945 transvehens,

453 1975 643 2025 enatat
682 1983 716 2024 e
767 1968 1152 2038 spiritualibus
1198 1968 1391 2038 piratis
1431 1975 1487 2021 et
1544 1965 1753 2034 absque
1797 1964 2042 2034 periculo

467 2076 642 2115 aevum
695 2059 951 2129 transigit
1000 2059 1197 2129 dignos
1243 2057 1475 2112 Domino
1517 2072 1618 2113 suo
1658 2056 1870 2112 fructus
1916 2056 2043 2112 all‘e-

456 2165 614 2214 rens;
647 2151 774 2203 dum
807 2150 949 2204 alius
979 2152 1086 2203 alta
1115 2150 1183 2205 de
1215 2150 1510 2204 sanctitate
1537 2149 1786 2220 c0gitans
1816 2157 1871 2204 et
1901 2149 2041 2204 mul-

454 2247 541 2295 t'os
565 2241 779 2296 salvare
811 2256 1180 2310 praesumens,
1214 2256 1324 2296 non
1370 2242 1623 2296 absolute
1652 2241 1902 2297 consiliis
1918 2241 2045 2310 Spit

456 2335 596 2388 ritus
614 2349 673 2388 se
694 2341 912 2389 exercet
933 2334 1136 2404 quibus
1151 2333 1311 2404 quasi
1337 2333 1591 2404 ligaturis
1611 2349 1806 2389 carens
1820 2332 2043 2400 hacque

455 2425 808 2495 despiciens,
865 2424 1006 2482 forte
1059 2426 1281 2481 inﬂatur
1326 2425 1581 2481 laudibus
1613 2426 1948 2482 -adventitiis
1990 2435 2044 2480 ct

456 2519 690 2572 multum
723 2519 826 2574 sibi
871 2519 1317 2594 arrogagsubito
1359 2519 1502 2574 facta
1546 2519 1842 2590 agitatione
1882 2521 2045 2590 spiri-

462 2609 596 2664 tuali
663 2609 988 2665 irruentium
1039 2609 1346 2664 daemonum
1392 2619 1447 2664 et
1495 2611 1848 2664 consiliorum
1905 2608 2043 2663 insi-

457 2702 724 2772 pientium
751 2713 1077 2772 assurgentc
1096 2709 1441 2772 tempestate,
1465 2703 1805 2773 periclitatur
1825 2711 1880 2758 et
1904 2703 2062 2772 perit,

454 2805 510 2851 et
539 2813 678 2867 quas
705 2805 926 2867 portare
965 2794 1186 2852 divitias
1229 2796 1560 2862 conﬁdebat,
1594 2798 1679 2853 ha:
1750 2797 1910 2852 facile
1949 2799 2043 2852 de-

455 2889 759 2956 pcrduntur
787 2893 840 2943 et
867 2888 1298 2957 prmeipitantur.
1343 2888 1644 2957 Angustam
1676 2897 1887 2958 portam
1919 2903 2041 2956 quae

456 2979 522 3033 ad
541 2987 802 3034 aaternam
831 2980 1000 3033 vitam
1026 2978 1179 3033 ducit
1203 3017 1218 3044 ,
1245 2977 1429 3032 divina
1456 2977 1784 3033 documenta
1824 2977 2046 3041 docent,

454 3071 658 3127 mutas
702 3079 882 3126 autem
930 3070 1047 3126 vias
1090 3086 1213 3141 qua:
1261 3069 1473 3125 ducunt
1524 3069 1592 3124 ad
1639 3069 1840 3124 ostium
1891 3069 2046 3138 quasi

455 3164 663 3218 tonitru
701 3179 804 3218 vox
834 3162 1018 3217 divina
1060 3161 1338 3233 praedicat,
1377 3174 1433 3218 et
1468 3162 1568 3216 hos
1607 3177 1701 3232 per
1727 3161 1889 3222 hanc,
1922 3160 2046 3213 illos

454 3268 552 3325 per
577 3255 724 3309 illam
756 3253 820 3307 ad
849 3252 1212 3308 incedendum
1237 3254 1448 3318 invitat,
1474 3263 1633 3324 prout
1663 3252 2046 3322 unusquisque

454 3363 515 3401 se
540 3356 724 3400 natum
751 3354 806 3400 et
838 3345 1095 3401 idoneum
1129 3345 1608 3408 mstimagtantum
1646 3359 1716 3398 ne
1744 3344 2042 3414 spatiosam

452 3448 508 3494 et
551 3441 713 3493 latam
747 3451 798 3494 et
841 3441 907 3495 ad
948 3440 1249 3511 perniciem
1285 3437 1598 3503 ducentem,
1627 3439 1722 3495 sed
1751 3449 1960 3495 arctam
1991 3447 2045 3493 et

453 3541 738 3605 angustam
767 3542 1007 3589 teneant.

455 3803 636 3876 Neque
670 3826 775 3862 una
801 3810 1066 3877 omnibus,
1095 3820 1200 3868 etc.

526 3900 702 3963 Sicut,
732 3904 931 3970 inquit,
981 3920 1088 3959 non
1142 3920 1247 3958 una
1297 3913 1352 3960 et
1386 3883 1578 3958 eadem
1613 3918 1739 3958 esca
1786 3903 2042 3958 omnibus

456 3989 737 4045 hominum
796 3995 1204 4051 conditionibus
1266 3997 1570 4052 secundum
1621 4004 1872 4051 naturam
1928 3997 2042 4065 pla-

452 4099 584 4138 cens
612 4092 666 4138 et
695 4093 844 4155 apta,
875 4088 969 4142 sed
994 4087 1085 4142 alii
1109 4088 1256 4143 aliud
1292 4089 1612 4144 alimentum
1651 4096 1939 4158 appetunt:
1962 4087 2042 4141 sic

452 4185 504 4227 ct
533 4173 865 4231 Christianis
897 4192 1007 4231 non
1047 4193 1156 4231 una
1195 4187 1248 4232 et
1286 4177 1474 4232 eadem
1518 4178 1629 4231 vita
1671 4177 1929 4232 omnibus
1957 4187 2042 4232 est

453 4273 578 4334 apta
612 4275 664 4320 et
687 4265 929 4335 jucunda
965 4287 979 4323 :
1007 4270 1098 4322 alii
1123 4269 1269 4323 enim
1294 4269 1626 4338 apostolicos
1656 4285 1836 4324 mores
1865 4284 2038 4339 quan-

453 4371 565 4414 tum
597 4369 828 4428 possunt
869 4363 1073 4417 imitari
1111 4372 1414 4427 conantur,
1453 4364 1544 4417 alii
1581 4376 1882 4435 martyrum
1916 4379 2038 4416 sor-

452 4463 558 4506 tem
593 4452 929 4516 desiderant;
967 4455 1214 4525 plerique
1245 4458 1537 4510 asceticam
1574 4457 1733 4509 vitam
1778 4465 1831 4510 et
1879 4456 2039 4524 spiri-

452 4545 652 4598 tualem
693 4546 1090 4615 suscipientes,
1136 4547 1370 4602 diversis
1416 4547 1692 4602 babitibus
1735 4555 1787 4601 ct
1831 4547 2038 4617 regulis

453 4636 598 4690 illam
652 4637 806 4707 sequi
879 4638 1153 4694 student:
1209 4649 1338 4694 sunt
1393 4650 1572 4693 autem
1633 4640 1884 4711 lacrymaa
1940 4656 2037 4710 pro

451 4728 703 4783 omnibus
749 4728 1002 4783 similiter
1043 4738 1097 4784 et
1145 4747 1285 4785 vera:
1335 4731 1638 4785 secundum
1681 4731 1848 4786 Deum
1883 4747 2035 4787 eom-

451 4821 764 4889 puuctionis
799 4822 1046 4883 tristilia,
1083 4824 1278 4892 vigiliae
1307 4832 1363 4876 et
1396 4825 1585 4877 laudes
1621 4834 1674 4879 et
1701 4825 1753 4878 iu
1779 4827 2036 4894 precibus

451 4910 859 4978 perseverantia
887 4921 939 4966 et
970 4911 1376 4981 l‘ervor,-|uibus
1401 4913 1580 4966 modis
1607 4921 1662 4968 et
1695 4916 2034 4984 impurarum

449 5006 809 5074 cupiditatum
861 5006 1077 5060 insania
1125 5006 1379 5059 domatur
1417 5018 1471 5060 et
1517 5008 1863 5076 reprimitur;
1902 5024 2038 5078 prae-

450 5106 597 5150 terea
633 5109 686 5152 ct
725 5098 1002 5152 fastidium
1040 5098 1374 5152 domandum
1404 5108 1488 5152 est
1511 5112 1564 5152 et
1598 5101 1950 5166 vincendum,
1981 5109 2036 5155 et

449 5189 714 5244 adversus
754 5189 1006 5244 libidines
1040 5191 1428 5259 pugnandum;
1471 5191 1652 5245 adhuc
1692 5201 1746 5246 et
1781 5194 1848 5247 de
1886 5194 2032 5248 omni

446 5297 611 5351 opere
631 5291 686 5336 et
710 5283 879 5336 verbo
891 5283 1036 5352 quod
1066 5283 1296 5336 facimus
1311 5290 1404 5336 aut
1428 5281 1670 5339 dicimus
1693 5285 1796 5340 sub
1813 5294 2034 5355 potente

445 5373 652 5428 Christi
685 5388 850 5428 manu
884 5373 1282 5427 humiliandum
1340 5381 1427 5429 est
1459 5387 1585 5429 cum
1609 5376 1809 5445 pietate
1827 5383 1882 5430 et
1913 5377 2030 5449 jugi

445 5467 642 5520 timore
681 5465 750 5520 de
794 5471 1024 5519 venturo
1062 5464 1232 5534 ipsius
1271 5463 1461 5532 judicii
1502 5463 1611 5519 die.
1663 5463 1786 5518 llarc
1820 5467 2026 5527 omnia.

445 5557 522 5611 ait
565 5557 810 5612 divinum
865 5553 1252 5618 Verbum,non
1305 5556 1428 5608 aliis
1461 5555 1622 5619 bona,
1659 5566 1712 5610 et
1761 5559 1882 5612 aliis
1917 5575 2048 5625 non,

516 5735 628 5806 (69)
667 5735 800 5789 (30d.
837 5733 1488 5806 καταδαρυνὸμένηιεὶρ).

513 5801 626 5875 (70)
655 5806 787 5862 Cod.
821 5801 1080 5876 υεάρχια’;
1118 5821 1168 5859 v.
1189 5801 1362 5876 supra
1394 5817 1564 5860 carm.
1595 5801 1649 5872 8,
1679 5817 1819 5859 vers.
1837 5801 2019 5857 Ἐπὶ-51.

1819 310 2118 366 NICETAS
2157 310 2367 366 DAV’ID

3613 311 3720 372 ττι

2141 426 2387 494 οἰήσεως,
2425 426 2519 479 τοῦ
2557 425 2648 479 νοῦ
2686 423 2747 480 τὸ
2787 427 2986 499 πτερὸν
3029 429 3540 501 καταϐαρυνόμενος
3583 430 3717 501 (69).

2140 518 2234 570 καὶ
2262 517 2600 580 κατανεύσας
2626 520 2706 581 είς
2735 521 2862 588 γῆν,
2895 520 3098 590 πτῶμα
3132 520 3362 574 ἐλεεινὸν
3391 522 3486 576 καὶ
3510 522 3721 576 πολλῶν

2139 608 2288 674 ἄξιον
2317 609 2569 680 ὀδυρμῶν
2591 611 2943 680 κατενεχθῇς.

2141 701 2210 754 55
2245 701 2410 768 Νηῦς
2450 704 2621 771 ὀλίγη
2653 705 2974 772 γόμφοισιν
3007 704 3348 772 ἀρηγαμένη
3383 704 3720 770 πυκινοῖσι,

2141 772 2210 826 54
2316 775 2543 841 φόρτον
2572 775 2699 842 ἄγει
2725 773 2997 844 μεγάλης
3026 777 3280 828 πλείονα
3305 775 3416 844 τῆς
3446 776 3684 831 ἀδέτου.

2211 947 2393 1002 Εἰπὼν
2421 951 2676 1019 κρεῖσσον
2697 943 2838 1002 εἶναι
2861 951 3034 1021 χαμαὶ
3062 951 3312 1021 βαίνοντα
3333 953 3425 1005 καὶ
3440 954 3726 1008 ταπεινού-

2145 1058 2304 1111 μενον
2339 1042 2600 1112 ἀσφαλῶς
2631 1043 2870 1115 τρέχειν,
2907 1043 2940 1114 ἢ
2981 1047 3093 1107 τοῖς
3141 1045 3280 1114 ὑπὲρ
3327 1044 3557 1116 δύναμιν
3603 1046 3726 1098 em-

2141 1133 2406 1186 ὁάλλοντα
2440 1135 2532 1188 καὶ⁵
2584 1135 3018 1206 ύπεραιρόμενον
3058 1135 3313 1205 πτώματι
3359 1143 3725 1203 καταπεσεῖν,

2143 1227 2501 1297 ὑποδείγματι
2554 1227 2897 1281 ἐπιστώσατο
2946 1227 3037 1280 τὸν
3078 1227 3251 1297 λόγον.
3306 1229 3484 1293 Ἔστι,
3538 1230 3725 1300 φησὶν,

2141 1319 2294 1390 ὀλίγη
2338 1318 2470 1382 ναῦς
2511 1321 2604 1373 καὶ
2661 1320 2832 1392 μικρά
2893 1321 2988 1373 καὶ
3031 1319 3171 1391 αὕτη
3221 1321 3452 1391 γόμφοις
3505 1325 3728 1387 πυκνοῖς

2140 1411 2429 1483 ἀραρότως
2474 1413 2817 1484 ἠρμοσμένη,
2847 1413 3070 1466 πλείονα
3111 1414 3182 1466 τὰ
3221 1413 3482 1486 ἀγώγιμα
3512 1415 3728 1487 κομίζει

2140 1507 2240 1577 τῆς
2275 1505 2518 1576 μεγάλης
2549 1507 2644 1559 καὶ
2673 1505 2859 1558 άδέτου
2889 1507 3036 1576 νηός.
3081 1506 3238 1560 Οὕτω
3275 1507 3370 1560 κα)⁸
3399 1508 3730 1580 μονότροπος

2141 1596 2446 1668 ἄνθρωπος,
2479 1597 2686 1668 βραχύς
2714 1615 2771 1650 τε
2803 1599 2897 1652 καὶ
2924 1598 3104 1667 ὀλίγος
3132 1641 3148 1665 ,
3190 1600 3284 1654 καὶ
3311 1600 3510 1670 ὀλίγων
3539 1601 3730 1673 ἄρχειν

2145 1687 2352 1750 δοκῶν,
2391 1688 2484 1740 καὶ
2519 1687 2691 1758 ὄνομα
2742 1688 2891 1758 αὐτῷ
2948 1689 3009 1742 ού
3056 1691 3201 1759 μέγα
3227 1731 3241 1755 ,
3298 1693 3394 1747 καὶ
3436 1685 3591 1757 οὗτος
3644 1687 3732 1747 οἷα

2144 1781 2377 1852 γόμφοις
2423 1783 2650 1845 πυκνοῖς
2699 1780 2793 1834 τοῦ
2852 1772 3170 1853 Πνεύματος
3225 1787 3732 1858 κατησφαλισμένος

2143 1877 2256 1939 τοῖς
2293 1875 2608 1944 λογισμοῖς,
2656 1875 2750 1928 καὶ
2789 1875 3022 1929 πλοῦτον
3061 1877 3209 1930 ἔνδον
3259 1881 3595 1951 ὲπικομίζων
3622 1882 3733 1936 τῶν

2143 1970 2380 2040 ἀρετῶν,
2422 1968 2760 2023 διαλανθάνει
2787 1985 2846 2021 τε
2877 1969 3006 2032 τοὺς
3039 1971 3264 2040 νοητοὺς
3301 1973 3563 2042 πειρατὰς
3583 2013 3597 2038 ,
3645 1974 3734 2028 καὶ

2143 2058 2442 2122 ἀκινδύνοις
2472 2059 2565 2112 τὸν
2595 2058 2707 2129 βίον
2736 2058 3245 2129 διαπεραιούμενος,
3279 2060 3406 2126 ἄξια
3432 2062 3507 2132 τῷ
3540 2062 3730 2117 ἑαυτοῦ

2145 2154 2388 2224 Δεσπότη
2435 2159 2808 2226 καρποφορεῖ·
2835 2156 2996 2220 ἄλλος
3035 2156 3092 2209 δὲ
3138 2159 3282 2228 μέγα
3351 2159 3442 2212 ἐπὶ
3483 2159 3733 2229 ἁγιότητι

2145 2245 2380 2316 φρονῶν,
2415 2245 2510 2299 καὶ
2549 2245 2744 2310 σώζειν
2790 2246 3019 2311 πολλοὺς
3057 2249 3432 2319 κατοιόμενος,
3485 2249 3546 2301 ού
3591 2250 3729 2301 πάνυ

2143 2333 2201 2386 δὲ
2231 2337 2344 2398 τοῖς
2368 2333 2465 2388 τοῦ
2506 2335 2827 2406 Πνεύματος
2866 2339 3375 2410 συγκεκροτημένος
3412 2338 3692 2409 λογισμοῖς
3713 2381 3729 2404 ,

2145 2424 2330 2490 άδετος
2363 2425 2418 2478 δὲ
2449 2423 2662 2491 τούτοις
2704 2427 2779 2480 ὣν
2819 2430 2914 2482 καὶ
2962 2431 3319 2499 καταφρονῶν
3342 2471 3356 2494 ,
3391 2432 3512 2502 εἰκῆ
3548 2431 3605 2485 δὲ
3637 2450 3734 2500 φυ-

2147 2518 2432 2588 σιούμενος
2471 2519 2584 2583 τοῖς
2632 2519 2879 2584 ἐπαίνοις
2926 2521 3033 2574 τῶν
3070 2522 3356 2592 πλανητῶν
3398 2526 3492 2578 καὶ
3541 2524 3734 2590 ἁλαζο·

2147 2609 2454 2679 νευόμενος,
2489 2609 2642 2679 ἄφνω
2670 2609 2837 2682 ζάλης
2870 2611 3032 2665 αὐτὸν
3063 2611 3260 2683 νοητῆς
3283 2656 3298 2678 ,
3342 2615 3436 2667 καὶ⁹
3463 2615 3733 2686 δαιμόνων

2145 2701 2518 2772 ἐμπτώσεως,
2569 2703 2664 2757 καὶ
2713 2703 2991 2774 λογισμῶν
3049 2705 3266 2758 ἀτόπων
3322 2705 3734 2776 καταλαϐούσης

2144 2793 2442 2864 τρικυμίας
2468 2833 2482 2856 ,
2519 2794 2822 2848 κινδυνεύει
2845 2835 2861 2858 ,
2892 2796 2986 2849 καὶ
3014 2795 3231 2849 ὄλλυται
3257 2835 3272 2859 ,
3310 2798 3404 2849 καὶ
3431 2796 3490 2850 ὃν
3519 2797 3732 2869 ἐνόμιζε

2147 2884 2375 2940 πλοῦτον
2417 2886 2776 2958 ἐπιφέρεσθαι
2803 2927 2818 2952 ,
2864 2889 3180 2958 ἀφαιρεῖται
3227 2887 3424 2959 ῥᾳδίως
3465 2889 3562 2943 καί
3607 2906 3736 2943 σκυ-

2149 2977 2382 3031 λεύεται.
2421 2979 2621 3049 Στενὴν
2665 2979 2764 3049 μὲν
2805 2977 2908 3050 τὴν
2948 2978 3126 3050 πύλην
3164 2978 3262 3049 τὴν
3291 2978 3618 3048 εἰσάγουσαν
3655 2982 3733 3045 είς

2149 3070 2246 3140 τὴν
2279 3071 2497 3125 αἰώνιον
2530 3070 2674 3142 ζωὴν
2708 3071 2776 3125 τὰ
2805 3071 3075 3142 θεαρχικὰ
3116 3071 3230 3141 (70)
3265 3071 3421 3138 λόγια
3451 3071 3689 3127 διδάσκει
3713 3109 3732 3135 ,

2148 3162 2348 3226 πολλάς
2374 3163 2429 3216 δὲ
2455 3163 2556 3226 τὰς
2584 3163 2735 3228 ὁδοὺς
2763 3161 2862 3227 τὰς
2896 3165 3032 3234 πρὸς
3070 3165 3242 3234 αὐτὴν
3287 3164 3595 3232 ἁναγούσας
3634 3165 3733 3236 τὴν

2146 3256 2352 3310 εἴσοδον
2388 3257 2421 3327 ή
2448 3255 2711 3327 θεηγὸρος
2731 3255 2872 3327 αὕτη
2904 3255 3100 3328 βροντὴ
3129 3256 3477 3328 ὑπαγορεύει,
3512 3257 3607 3311 καὶ
3625 3259 3736 3317 τοῖς

2149 3347 2251 3418 μὲν
2283 3347 2459 3418 τήνδε,
2488 3351 2602 3411 τοῖς
2626 3346 2683 3401 δὲ
2715 3348 2870 3419 τήνδε
2909 3334 3145 3419 βαδίζειν
3183 3349 3554 3420 παραγγέλλει
3585 3350 3732 3418 (71),

2148 3439 2266 3493 καθ’
2295 3441 2324 3494 δ
2361 3458 2445 3504 τις
2493 3439 2684 3494 ἑαυτὸν
2743 3441 2968 3511 ὲμφυῶς
3018 3441 3208 3512 ἔχοντα
3264 3443 3358 3496 καὶ
3414 3443 3734 3515 ἐπιτηδείως

2145 3533 2469 3605 δοκιμάζοι,
2516 3535 2676 3605 μόνον
2711 3535 2785 3605 μὴ
2834 3535 2931 3605 τῆς
2974 3534 3286 3608 εύρυχώρου
3333 3536 3428 3588 καὶ
3473 3534 3735 3597 πλατείας

2146 3626 2239 3679 καὶ
2291 3628 2371 3689 εἰς
2421 3625 2697 3679 ἀπώλειαν
2738 3623 3012 3698 ἀγούσης,
3065 3627 3201 3680 ἀλλὰ
3238 3627 3337 3697 τῆς
3387 3627 3580 3698 στενῆς
3639 3629 3734 3682 ml.

2144 3718 2515 3789 τεθλιμμένης
2539 3715 2914 3788 ὲξεχομένους.

2140 3811 2289 3862 Οὔτε
2323 3809 2381 3876 In
2415 3808 2773 3871 πάντεσσιν,
2807 3827 2860 3861 κ.
2890 3825 2941 3862 τ.
2971 3810 3017 3862 έ.

2220 3903 2430 3972 Ὥσπερ
2453 3940 2466 3961 ,
2502 3902 2687 3971 φησὶν,
2717 3901 2775 3952 ού
2811 3901 2910 3970 μία
2936 3900 3030 3953 καὶ
3063 3902 3094 3970 ἡ
3135 3900 3274 3971 αὑτὴ
3315 3900 3490 3971 τροφὴ
3531 3901 3733 3963 πάσαις

2143 3992 2447 4067 ἀνθρώπων
2497 3994 2641 4059 ἕξεσι
2695 3993 2834 4046 κατὰ
2872 3992 3033 4060 φύσιν
3062 3993 3322 4064 ἁρμόδιος
3369 3991 3462 4045 καὶ
3503 3991 3728 4060 ὲραστὴ,

2143 4086 2293 4139 ἄλλοι
2325 4084 2382 4138 δὲ
2416 4084 2554 4155 πρὸς
2584 4084 2711 4138 ἄλλο
2739 4103 2792 4137 τι
2825 4084 2933 4137 τῶν
2975 4082 3207 4137 ἐδεστῶν
3249 4083 3450 4154 μᾶλλον
3481 4083 3581 4154 τὴν
3610 4085 3732 4153 δρε-

2147 4179 2227 4244 ξιν
2271 4178 2632 4233 συντείνουσιν
2667 4195 2679 4209 ·
2715 4176 2856 4232 οὕτω
2889 4179 2984 4232 καὶ
3014 4179 3361 4249 Χριστιανοῖς
3387 4177 3486 4248 οὐχ
3523 4173 3604 4240 εἷς
3640 4177 3733 4229 καὶ

2143 4269 2171 4322 ὁ
2199 4272 2358 4337 αὐτὸς
2388 4273 2502 4343 βίος
2543 4273 2746 4326 ἅπασίν
2786 4273 2935 4324 ἐστιν
2971 4271 3230 4342 ἁρμόδιος
3267 4269 3358 4322 καὶ
3403 4267 3726 4339 προσφιλής.

2143 4365 2205 4416 Οἱ
2252 4365 2350 4434 μὲν
2398 4363 2507 4434 γὰρ
2545 4359 2636 4414 τὸν
2687 4360 3044 4415 άποστολικὸν
3086 4360 3162 4424 ὡς
3199 4354 3310 4413 οἷόν
3347 4375 3406 4411 τε
3443 4356 3729 4429 μιμεῖσθαι

2139 4457 2339 4527 τρόπον
2378 4455 2718 4526 ἐγχειροῦσιν
2749 4471 2763 4486 ο
2799 4453 2948 4508 ἄλλοι
2995 4453 3052 4506 δὲ
3098 4453 3187 4507 τὸν
3240 4449 3573 4524 μαρτυρικὸν
3604 4450 3728 4502 ἐπι-

2142 4546 2397 4602 ποθοῦσιν
2432 4565 2446 4580 ·
2501 4549 2550 4600 οί
2601 4547 2818 4610 πλείους
2871 4547 2929 4600 δὲ
2983 4546 3074 4600 τὸν
3126 4544 3424 4615 ἀσκητικὸν
3467 4543 3582 4613 βίον
3633 4543 3729 4596 καὶ

2141 4636 2507 4710 πνευματικὸν
2559 4637 3056 4709 ὲπαναιρούμενοι,
3131 4637 3409 4708 διαφόροις
3486 4635 3730 4704 σχήμασι

2139 4733 2327 4786 τοῦτον
2375 4733 2616 4804 μετιέναι
2663 4731 3024 4796 σπουδάζουσι
3069 4731 3162 4784 καὶ
3205 4730 3429 4802 τρόποις
3471 4745 3484 4758 ·
3518 4728 3730 4798 δάκρυα

2139 4825 2194 4877 δὲ
2225 4825 2391 4878 πᾶσιν
2429 4822 2631 4892 ὁμοίως
2663 4824 2757 4876 καὶ
2789 4821 2849 4875 τὸ
2888 4821 3027 4876 κατὰ
3063 4820 3194 4874 Θεὸν
3232 4820 3330 4890 τῆς
3360 4817 3589 4890 γνησίας
3631 4833 3728 4888 με-

2139 4913 2353 4976 τανοίας
2386 4912 2582 4976 πένθος
2607 4954 2621 4977 ,
2657 4911 2956 4984 ἀγρυπνίαι
2977 4927 3036 4963 τε
3075 4910 3170 4962 καὶ
3197 4907 3497 4976 δοξολογίαι
3535 4905 3628 4958 καὶ
3667 4906 3725 4957 ἐν

2139 5007 2258 5067 ταῖς
2299 5005 2629 5075 προσευχαῖς
2677 5003 2966 5074 καρτερίαι
3014 5001 3110 5054 καὶ
3155 4999 3485 5069 φιλοπονίαι,
3537 4996 3605 5050 δι’
3650 4989 3725 5048 ὧν

2139 5097 2232 5147 καὶ
2283 5097 2315 5164 ή
2364 5094 2472 5147 τῶν
2500 5093 2824 5164 ἀκαθάρτων
2868 5090 3056 5146 παθῶν
3094 5089 3270 5143 λύσσα
3307 5089 3589 5158 κρατεῖται
3631 5084 3726 5138 καὶ

2137 5187 2470 5257 κατάγχεται
2503 5200 2516 5215 ·
2560 5185 2696 5256 πρὸς
2724 5184 2938 5246 τούτοις
2973 5182 3029 5235 δὲ
3069 5183 3164 5236 καὶ
3199 5182 3291 5234 τὸν
3322 5181 3484 5252 κόρον
3522 5176 3725 5247 αἰχμά-

2137 5277 2192 5341 ξε
2205 5295 2250 5330 ιν
2276 5318 2291 5340 ,
2320 5278 2437 5348 ἦτοι
2473 5275 2731 5342 πολεμεῖν
2775 5276 2868 5329 καὶ
2914 5271 3300 5344 ἀπομάχεσθαι
3340 5273 3407 5341 τῇ
3437 5267 3677 5340 ἀκρασίᾳ
3704 5279 3718 5296 ⁸

2126 5364 2226 5422 ’ἐπὶ
2266 5372 2397 5422 πᾶσι
2442 5369 2498 5422 δὲ
2549 5371 2664 5432 τοῖς
2708 5369 2890 5438 ἔργοις
2934 5367 3029 5420 καὶ
3067 5366 3266 5433 λόγοις,
3311 5357 3391 5426 οἷς
3441 5360 3656 5432 δρῶμεν
3685 5358 3720 5428 ἢ

2135 5462 2423 5531 λαλοῦμεν,
2460 5461 2564 5515 ὑπὸ
2598 5461 2698 5531 τὴν
2731 5459 2999 5530 κραταιὰν
3025 5455 3264 5530 Χριστοῦ
3297 5456 3455 5527 χεῖρα
3486 5450 3720 5511 κεῖσθαι,

2137 5553 2591 5618 εὐλαϐουμένους,
2646 5554 2741 5606 καὶ
2790 5552 3094 5624 τρέμοντας
3141 5549 3228 5604 ἀεὶ
3275 5553 3373 5619 τὴν
3420 5542 3723 5618 ἐρχομένην

2197 5735 2309 5807 (7i)
2344 5734 2479 5791 Cod.
2527 5732 2852 5806 παραγέλει.
