4164 6350
427 357 536 411 ’ΠΕ

413 477 516 546 τῆς
548 474 718 527 αὑτοῦ
755 473 990 545 κρίσεως
1022 471 1258 544 ἡμέραν.
1307 471 1492 524 Ταῦτα
1519 470 1698 524 πάντα
1723 510 1738 532 ,
1775 468 1938 540 φησὶν
1976 470 2005 521 6

416 565 562 638 ἱερὸς
609 565 764 634 λόγος
787 606 800 625 ,
853 566 913 617 ού
967 567 1080 628 τοῖς
1133 563 1267 634 μὲν,
1301 566 1412 626 τοῖς
1449 563 1495 616 δ’
1528 561 1621 624 οὒ,
1660 561 1797 614 ἀλλά
1839 561 2004 614 πᾶσιν

415 657 616 727 ἄριστα
672 656 766 708 καὶ
817 654 1086 724 λυσιτελῆ,
1148 654 1240 707 καὶ
1295 651 1500 724 ὁμοίως
1549 653 1716 704 πᾶσιν
1772 649 2004 721 ἁρμόδια

416 739 630 816 πέφυκε
663 749 1014 818 Χριστιανοῖς
1044 764 1056 777 ·
1087 747 1134 799 εί
1163 745 1206 798 δ’
1229 746 1407 817 ἄκρην
1437 743 1639 807 τελέως
1670 743 1768 806 ίόις
1796 743 2002 814 τρίϐον,

413 839 561 894 τοῦτ’
612 838 793 901 ἔστιν,
846 841 895 892 εἰ
943 839 1000 892 δὲ
1039 837 1140 907 τὴν
1187 837 1497 908 ἀκροτάτην
1530 836 1626 890 καὶ
1656 833 2005 902 τελειοτάτην

415 929 558 985 κατά
605 929 838 1001 Θεωρίαν
883 930 1028 999 φημὶ
1068 929 1161 982 καὶ
1205 928 1405 1000 πρᾶξιν
1448 928 1541 982 τοῦ
1604 925 1842 999 Χριστοῦ
1886 925 2005 978 ὁδὸν

413 1021 696 1093 διαϐιῴης,
737 1022 923 1075 οὐκέτι
953 1020 1206 1092 καθάπερ
1239 1015 1320 1084 εἷς
1354 1019 1462 1074 τῶν
1495 1019 1724 1090 βροτῶν,
1755 1017 1892 1072 ἀλλά
1919 1035 2001 1081 τις

410 1115 664 1188 οὐράνιος
691 1113 757 1167 ἂν
785 1114 903 1185 εἴης
934 1113 1221 1185 ἄνθρωπος
1260 1115 1374 1176 τοῖς
1405 1110 1709 1183 Γρηγορίου
1741 1126 2002 1182 κατηρτιςι

412 1205 609 1277 σμένος
627 1205 832 1276 νόμοις.

767 1295 930 1362 Ὅροι
950 1294 1097 1360 ,Βίου
1129 1293 1266 1366 (72).

414 1383 440 1436 1
489 1383 722 1452 Ὤμοσα
749 1383 1070 1452 τὸνΛόγον
1095 1385 1304 1448 αὐτόν,
1344 1396 1398 1437 κ.
1433 1401 1484 1438 τ.
1511 1384 1564 1438 λ.

492 1471 710 1543 Ἐπειδὴ
771 1472 833 1525 οὐ
881 1472 1056 1541 ψιλοῖς
1111 1473 1204 1526 καὶ
1239 1474 1511 1545 ἀκάρποις
1558 1473 1734 1540 λόγοις
1782 1470 2003 1542 διδαχῆς

405 1563 437 1616 6
467 1563 836 1634 πνευματικὸς
879 1563 1044 1634 νόμος
1079 1565 1136 1616 ὲν
1191 1566 1305 1628 τοῖς
1357 1564 1581 1627 τελείοις
1627 1563 1998 1636 παραδίδοται,

407 1651 598 1723 ὥσπερ
648 1654 676 1705 6
731 1653 939 1724 Ἰησοῦς
997 1653 1160 1717 αὐτὸς
1211 1655 1239 1708 ὀ
1283 1654 1376 1707 τοῦ
1427 1655 1732 1726 πνεύματος
1786 1653 2003 1706 τελειω-

406 1743 506 1813 τὴς
550 1743 643 1795 καὶ
690 1742 1007 1813 νομοθέτης,
1051 1743 1233 1816 ἔργοις
1288 1744 1504 1817 πρῶτον
1559 1745 1809 1814 ποιήσας,
1859 1742 2003 1796 οὕτω

406 1840 520 1901 τοῖς
576 1837 756 1906 λόγοις
810 1837 1066 1903 ἐδίδαξεν,
1116 1838 1260 1892 οὕτω
1309 1839 1404 1892 καὶ
1443 1839 1490 1892 οί
1550 1839 1758 1909 γνήσιοι
1807 1836 2000 1890 τούτου

402 1929 574 2000 δρῶσι
616 1928 851 2001 μαθηταὶ
871 1970 886 1994 ,
923 1929 1067 1983 οὕτω
1105 1931 1197 1984 καὶ
1233 1933 1262 1984 6
1312 1929 1878 2003 ίεροτελεστικώτατος
1909 1924 2001 1984 οἶδ-

405 2040 496 2086 τος
530 2021 639 2076 τῶν
684 2020 844 2074 θείων
882 2021 1091 2094 μύστης
1130 2024 1222 2077 καὶ
1258 2023 1637 2094 μυσταγωγὸς,
1678 2021 2000 2094 ὑπογράψας

404 2117 531 2180 τοὺς
567 2114 676 2169 τῶν
711 2116 996 2186 μακαρίων
1046 2116 1122 2180 ὼς
1176 2117 1234 2169 έν
1277 2115 1589 2186 κεφαλαίοις
1635 2115 1802 2186 βίους,
1841 2113 2000 2167 ὕστε-

406 2227 498 2282 ρον
529 2210 586 2264 δὲ
626 2210 716 2263 τὸν
755 2209 1090 2262 τελειότατον
1140 2208 1449 2279 ἐπενεγκὼν
1490 2210 1655 2281 (φημῖ¹
1689 2209 1753 2281 δὴ
1800 2209 1862 2262 τὸ
1891 2209 2000 2261 πά-

405 2319 504 2366 σας
562 2301 662 2372 μὲν
703 2299 802 2370 τῆς
849 2299 1045 2362 κακίας
1097 2300 1250 2364 ὁδοὺς
1302 2302 1662 2371 ἀποπυγεῖν,
1702 2301 1840 2373 πρὸς
1894 2301 2000 2354 πά-

405 2411 504 2456 σας
541 2394 599 2447 δὲ
639 2394 846 2464 Κυρίου
886 2392 1281 2464 κατωρθῶσθαι
1327 2394 1425 2458 τὰς
1474 2392 1742 2460 ὲντολάς),
1766 2393 1856 2446 τὸν
1897 2394 1998 2447 αὑ-

401 2485 495 2538 τοῦ
543 2484 656 2555 βίον
699 2484 883 2538 λοιπὸν
913 2485 1037 2554 ὅρον
1083 2485 1172 2536 καὶ
1211 2485 1375 2556 νόμον
1403 2484 1768 2556 παραδίδωσιο
1810 2483 1899 2537 ναὶ
1932 2483 1998 2556 δὴ

401 2577 498 2628 καὶ
527 2575 627 2638 τὰς
673 2575 859 2646 εὐχὰς,
889 2572 956 2637 ἀς
993 2572 1197 2644 ηὔξατο
1230 2574 1450 2645 Κυρίῳ,
1477 2573 1744 2645 σφραγῖδα
1771 2574 1870 2645 τῆς
1897 2575 1996 2626 αύ-

401 2667 497 2720 τοῦ
525 2667 748 2738 διδαχῆς
775 2667 868 2721 καὶ¹
910 2666 1008 2737 τῆς
1056 2665 1417 2736 εύαγγελικῆς
1443 2663 1681 2735 βιώσεως
1706 2665 1998 2734 βεϐαίωσιν

403 2757 722 2830 προτίθησιν
781 2759 934 2828 ἡμῖν,
991 2756 1274 2826 μονονουχὶ
1327 2755 1500 2809 ταῦτα
1544 2757 1710 2809 πᾶσιν
1759 2755 1995 2827 ἐμϐοῶν,

402 2851 483 2904 ὅτι
513 2851 778 2920 Μιμηταί
821 2867 941 2919 μου
972 2849 1234 2918 γίνεσθε,
1280 2849 1465 2916 καθὼς
1510 2849 1671 2920 κάγὼ
1699 2849 1958 2917 Χριστοῦ
1977 2866 1991 2878 θ

401 2943 608 3011 ὤμοσα
668 2942 777 3014 γὰρ
829 2943 928 2996 καί
994 2943 1265 3010 ἔστησα,
1321 2941 1460 2994 κατά
1519 2941 1611 2994 τὸν
1675 2941 1996 3012 ἱεροψάλτην

399 3034 584 3100 Δαϐὶδ,
619 3035 727 3089 τοῦ
773 3035 1156 3104 φυλάξασθαι
1202 3035 1276 3090 τὰ
1324 3035 1576 3102 κρίματα
1616 3032 1727 3102 τῆς
1769 3032 1995 3089 δικαιο-

400 3127 600 3194 σύνης
625 3125 732 3181 τοῦ
760 3127 1020 3196 Χριστοῦ
1039 3143 1053 3157 ·
1087 3125 1276 3198 ὤμοσα
1315 3125 1405 3179 τὸν
1433 3126 1604 3194 Λόγον
1641 3124 1806 3179 αὑτοῦ
1840 3125 1993 3196 πρῶ-

400 3233 490 3270 τον
518 3217 1045 3288 ἐπιμαρτυρόμενος,
1075 3218 1139 3280 ὂς-
1167 3233 1256 3287 μοι
1291 3217 1386 3269 καὶ
1412 3216 1544 3279 Θεός
1572 3216 1688 3268 ἐστι
1716 3215 1990 3285 μέγιστος,

399 3310 460 3376 ἐξ
486 3308 752 3362 ἀθανάτου
793 3309 1008 3380 [ἰατρὸς
1053 3307 1149 3369 ὢν.
1187 3307 1262 3372 ὡς
1289 3307 1347 3374 ἐξ
1384 3306 1558 3377 ἀρχῆς
1599 3307 1762 3378 ἀρχὴ.
1793 3306 1887 3359 καὶ
1913 3307 2020 3371 εί-¹

400 3399 515 3453 κὼν
547 3399 964 3471 ἀπαράλλακτος
993 3399 1086 3452 τοῦ
1123 3398 1451 3469 ἀρχετύπου,
1481 3399 1539 3462 ὃς
1586 3401 1644 3451 έν
1678 3399 1766 3470 ἴση
1799 3400 1893 3452 καὶ
1921 3401 1990 3469 τῇ

398 3492 538 3562 αύτῇ
575 3490 732 3559 φύσει
760 3490 856 3544 τοῦ
877 3487 1208 3560 Γεννήτορος
1232 3489 1513 3560 ὑπάρχων,
1537 3491 1617 3554 εἰς
1656 3489 1749 3542 τὸν
1775 3488 1882 3542 τῶν
1905 3491 1993 3542 ἀν-

397 3582 636 3653 θρώπων
684 3581 796 3651 βίον
831 3581 1122 3651 οὐρανόθεν
1161 3580 1403 3650 καθῆκεν
1451 3579 1736 3652 ἀτρέπτως
1777 3581 1988 3634 ἑαυτόν.

406 3674 606 3726 Τοῦτον
625 3672 839 3743 ὤμοσα,
858 3673 1011 3742 φησὶ,
1028 3672 1120 3726 τὸν
1133 3674 1322 3741 Λόγον,
1339 3671 1433 3726 καὶ
1452 3670 1528 3742 τῷ
1551 3671 1668 3742 ἐμῷ
1691 3669 1767 3741 νῷ
1787 3670 1992 3743 ἐστησα

401 3765 493 3820 τὸν
537 3766 700 3836 ὅρκον
740 3764 835 3818 τοῦ
893 3766 1104 3836 μήποτε
1147 3765 1357 3836 πονηρὰ
1398 3763 1672 3834 ὲννοήσειν
1707 3763 1848 3817 κατά
1896 3764 1989 3816 τοῦ

402 3857 559 3918 Θεοῦ,
583 3855 726 3910 ὥστε
754 3856 787 3927 ἢ
815 3855 907 3909 τὸν
949 3855 1121 3926 μέγαν
1141 3855 1285 3910 Νοῦν
1305 3855 1398 3908 καὶ
1436 3855 1656 3926 Πατέρα
1687 3854 1883 3924 ῥίψειν,
1913 3855 1990 3909 sf-

399 3962 529 4000 τουν
555 3948 863 4018 ἀτιμάσειν,
887 3947 968 4019 τῷ
1004 3945 1076 4017 μὴ
1106 3949 1218 4000 ἴσον
1242 3946 1336 3999 καὶ
1358 3946 1534 4016 ἐαυτῷ
1558 3946 1841 4017 ὀμοούσιον
1867 3965 1992 4016 γενο

403 4043 500 4112 νᾷν
531 4040 731 4110 λέγειν,
771 4043 804 4113 ἦ
855 4041 1016 4094 αὑτὸν
1068 4038 1330 4108 ἀθετῆσαι
1381 4039 1471 4092 τὸν
1514 4040 1683 4108 Λόγον
1725 4040 1992 4111 ἀλλοτρίῳ

403 4136 545 4205 λόγῳ
573 4132 956 4205 ἀλλοτριοῦντα
976 4130 1165 4184 τοῦτον
1198 4129 1292 4183 τοῦ
1321 4130 1552 4201 Πατρός.
1590 4130 1756 4192 Κατά,
1775 4131 1990 4202 πρῶτον

406 4228 506 4294 μὲν
538 4224 631 4280 οὗν
657 4226 816 4295 λόγον
853 4225 1044 4278 τοῦτον
1072 4222 1262 4293 ὤμοσα
1291 4223 1382 4275 τὸν
1413 4224 1574 4293 ὅρκον
1613 4223 1743 4294 περὶ
1780 4224 1879 4293 τῆς
1931 4224 1991 4276 ὲν

403 4322 527 4390 ἐμοὶ
565 4321 820 4385 πίστεως,
857 4321 904 4371 εἰ
950 4319 1048 4389 τὴν
1092 4316 1221 4386 μίαν
1270 4316 1362 4367 καὶ
1415 4313 1840 4384 ὑπερηνωμένην
1874 4313 1992 4366 θεό-

400 4428 540 4482 τητα
596 4413 694 4482 τῆς
743 4411 1065 4482 ὑπερφώτου
1129 4407 1355 4477 Τριάδος
1403 4405 1744 4475 διακόψαιμι,
1796 4407 1991 4476 ῥοπαῖς

403 4506 610 4577 καιρῶν
661 4505 913 4576 πονηρῶν
967 4505 1058 4556 καὶ
1099 4503 1375 4573 ἀρχόντων
1437 4501 1700 4570 ἑπόμενος
1759 4500 1990 4570 νεύμασι

402 4598 645 4652 ἀσεϐῶν·
674 4596 816 4650 κατά
851 4594 1101 4664 δεύτερον
1122 4593 1198 4646 -δὲ
1243 4593 1398 4661 λόγον
1430 4593 1613 4660 ὀμόσω
1643 4594 1771 4660 περί
1799 4589 1994 4661 φιλαρ-

403 4690 542 4760 χίας,
568 4690 616 4740 εί
649 4687 861 4758 μεγάλῃ
887 4685 1124 4755 καθέδρᾳ
1149 4684 1354 4738 καὶτοῦ
1380 4683 1566 4756 θρόνου
1589 4682 1690 4751 τῆς
1725 4680 1992 4752 βασιλίδος

405 4781 696 4852 προεδρείᾳ
723 4783 752 4834 6
789 4781 919 4850 ἐμός
960 4796 1088 4831 ποτε
1137 4778 1258 4841 νοῦς
1301 4773 1988 4848 παροιστρήσειεν,ἀλογί-

405 4893 544 4938 στως
570 4873 711 4943 ἐρῶν
733 4875 826 4926 καὶ
856 4871 1329 4943 πρωτοκαθεδρίας
1353 4871 1480 4922 ἅντε
1484 4871 1729 4940 χόμενος,
1755 4867 1788 4938 ἢ
1816 4866 1990 4920 ἄλλων

404 4969 495 5021 ἐπὶ
519 4967 690 5021 ταῦτα
725 4965 1057 5035 βιαζομένων
1082 4963 1380 5033 ἀλλοτρίοις
1416 4963 1599 5023 πόθοις
1625 4961 1724 5031 τὴν
1755 4958 1989 5030 ἐμαυτοῦ

404 5063 560 5131 χεῖρα
591 5057 1016 5128 συνελκυσθῆναι
1056 5054 1387 5125 παραδοίην·
1417 5053 1498 5104 ἔτι
1528 5052 1584 5105 δὲ
1617 5053 1797 5122 τρίτον
1834 5050 1995 5120 ὠμω-

403 5153 586 5208 κόκειν
626 5148 758 5220 περὶ
796 5147 892 5201 τοῦ
938 5146 1253 5199 πεποιθέναι
1301 5146 1386 5196 ἐπ’
1421 5143 1760 5214 ἀνθρώπους,
1804 5143 1851 5194 εί
1893 5141 1993 5211 ἔμ-

407 5244 606 5316 προσθε
640 5243 732 5296 τοῦ
764 5239 898 5294 Θεοῦ
926 5241 1017 5293 καὶ
1044 5238 1136 5292 τοῦ
1178 5237 1412 5308 Χριστοῦ
1443 5235 1609 5289 αὐτοῦ
1641 5235 1736 5306 τῆς
1768 5233 1992 5303 βεϐαίας

406 5337 612 5408 πέτρας
659 5336 755 5388 καὶ
800 5332 1072 5402 ἀσφαλοῦς
1116 5333 1184 5384 τὰ
1235 5331 1509 5400 πείσματα
1549 5330 1640 5383 καὶ
1685 5330 1811 5392 τοὺς
1844 5327 1992 5395 λογι-

477 5568 590 5639 (72)
615 5565 770 5639 Apud
801 5563 1014 5639 Billium
1047 5579 1228 5639 carm._
1252 5578 1404 5639 xvn,_
1429 5560 1766 5639 inscriptum
1791 5556 1989 5639 "097235

405 5637 439 5712 ἢ
463 5627 794 5712 ἐπαγγελίαι
818 5627 1786 5712 6t’_6pxoo,jusiuran_dttm_Gregorii,
1829 5627 1990 5712 plin?!

405 5651 439 5712 η
467 5651 794 5708 επαγγεΑιαι
818 5651 883 5688 δι’
907 5651 1494 5758 ορκου,ίιιειιιι·αηαιιιη
1527 5651 1786 5699 υνεςοηι,
1830 5651 1881 5696 p.
1909 5651 1986 5714 ,τη

405 5710 496 5764 ed.
527 5710 719 5764 Colon.
762 5724 814 5776 p.
841 5706 948 5759 949
980 5705 1067 5760 ed.
1145 5703 1398 5776 euvencl.
1427 5702 1536 5772 (ed.
1587 5717 1718 5754 nov.
1771 5716 1822 5768 p.
1852 5697 1986 5760 665,

408 5781 512 5834 sub
537 5781 696 5832 titulo
731 5774 925 5846 Ὃρκοι
968 5775 1316 5846 Γρηγορίου).
1353 5774 1766 5846 inargumento
1805 5777 1987 5822 autem

409 5849 555 5922 quod
594 5841 856 5920 praemisit
895 5841 1295 5903 commentario
1334 5843 1471 5900 dicit
1505 5841 1694 5898 Billius
1727 5841 1828 5895 hoc
1861 5853 1986 5893 car-

1429 351 1494 406 ῘΝ
1531 348 1842 405 CARMINA
1869 345 2144 404 ARCANA
2205 340 2626 403 S.GREGORIL

3580 352 3690 408 τί

2122 465 2220 520 sed
2263 466 2521 522 erunibus
2562 465 2765 533 optima
2809 472 2862 518 et
2895 462 3048 518 utilia
3095 471 3148 518 et
3193 463 3395 533 pariter
3431 466 3688 539 omnibus

2107 558 2300 613 idonea
2343 569 2565 613 manent
2599 557 2962 623 Christianis;
3015 558 3058 611 si
3103 565 3285 610 tamen
3332 557 3687 612 eveellentem

2107 649 2344 718 perfecte
2395 652 2644 704 semitam
2693 657 2916 713 teneas,
2958 647 3011 702 id
3046 656 3166 711 est,
3216 648 3261 702 si
3313 663 3580 701 summam
3634 656 3690 700 et

2106 743 2564 815 perfectissimam
2590 784 2606 809 ,
2639 741 2940 797 secundum
2979 741 3218 794 divinam
3252 739 3687 802 meditationem,

2103 836 2252 901 dico,
2302 843 2357 890 et
2401 833 2617 906 praxim
2667 833 2872 888 Christi
2926 832 3068 886 viam
3128 831 3366 899 degeris,
3415 846 3691 900 nusquam

2105 927 2266 997 quasi
2302 941 2448 980 unus
2477 923 2825 987 mortalium,
2856 921 2950 978 sed
2980 922 3223 977 cmlestis
3257 923 3480 993 quidam
3525 922 3690 978 homo

2109 1034 2284 1083 esses,
2311 1017 2526 1089 legibus
2569 1014 2816 1087 Gregorii
2848 1015 3168 1070 conformis.

2252 1290 2386 1345 Vita:
2419 1288 2651 1360 Regula.

2107 1383 2131 1436 ι
2174 1380 2366 1437 Juram'
2410 1382 2632 1436 Verbum
2662 1384 2833 1452 ipsum
2857 1422 2872 1446 ,
2903 1391 3010 1438 etc.

2177 1474 2233 1528 Si
2289 1474 2508 1545 quidem
2561 1490 2670 1529 non
2730 1475 2934 1531 vilibus
2983 1483 3037 1530 et
3083 1474 3444 1531 infructuosis
3499 1476 3684 1532 verbis

2101 1565 2437 1630 documenti,
2468 1566 2772 1636 spiritualis
2806 1567 2892 1620 lex
2917 1569 2969 1620 in
2989 1566 3245 1636 perfectis
3276 1567 3684 1633 traditur,sieut

2102 1657 2263 1714 .Iesus
2287 1657 2404 1727 ipse
2424 1657 2680 1728 spiritum
2701 1656 2994 1728 perficiens
3024 1658 3343 1728 legibusque
3361 1657 3684 1726 subiiciens,

2103 1763 2228 1803 cum
2263 1748 2443 1818 primo
2479 1748 2741 1818 operibus
2775 1746 2998 1803 fecisset
3025 1749 3105 1802 sic
3133 1748 3313 1802 verbis
3340 1747 3567 1812 docuit,
3603 1749 3686 1802 sic

2103 1847 2157 1895 et
2187 1841 2297 1895 veri
2341 1841 2511 1909 ipsius
2544 1840 2755 1895 faciunt
2798 1841 3091 1911 discipuli,
3132 1841 3212 1896 sic
3244 1848 3297 1895 et
3329 1850 3555 1896 sanctus
3595 1841 3686 1896 ille

2101 1932 2319 1987 arcanis
2353 1932 2599 1997 iuitians,
2647 1932 2702 1986 in
2750 1935 3009 2003 mysteria
3056 1933 3241 1986 divina
3292 1942 3588 2003 penetrans
3629 1941 3688 1988 et

2101 2023 2369 2078 inducens
2391 2065 2407 2089 ,
2444 2040 2568 2080 cum
2609 2023 2677 2079 de
2709 2023 2991 2080 beatorum
3029 2026 3137 2079 vita
3172 2026 3484 2096 scripsisset
3524 2025 3684 2095 quasi

2100 2131 2199 2187 per
2232 2118 2434 2186 capita,
2465 2116 2764 2171 novissime
2788 2116 3247 2186 perfectissimum
3271 2115 3590 2185 aggrediens
3612 2141 3688 2162 -ο

2099 2208 2224 2263 dico
2269 2216 2418 2264 certe
2466 2225 2658 2265 omnes
2706 2209 2930 2264 malitiae
2979 2210 3099 2264 vias
3150 2209 3408 2263 detestari
3441 2217 3496 2263 et
3524 2208 3682 2276 juxta

2099 2299 2286 2356 omnia
2334 2301 2594 2354 mandata
2647 2301 2809 2372 dirigi
2863 2330 2934 2342 ——
2984 2299 3369 2371 perfectissimi
3416 2301 3683 2370 reliquam

2100 2397 2267 2450 vitam
2291 2435 2306 2459 ,
2342 2396 2587 2459 regulam
2617 2407 2670 2451 et
2701 2396 2873 2466 legem
2907 2395 3116 2458 tradit,
3148 2409 3277 2465 ergo
3308 2409 3497 2464 preces
3541 2409 3682 2465 quas

2099 2485 2334 2541 Do:nino
2375 2487 2645 2564 adhibuit,
2681 2487 3027 2554 signaculum
3060 2484 3376 2538 documenti
3426 2484 3600 2554 ipsius
3628 2493 3686 2537 et

2099 2578 2444 2650 Evangelica:
2472 2581 2597 2635 vitae
2630 2579 3104 2634 confirmationem
3135 2579 3317 2648 prodit
3349 2579 3538 2642 nobis,
3570 2576 3693 2651 fere

2098 2671 2214 2726 haec
2243 2674 2489 2728 clamans
2519 2673 2813 2727 omnibus:
2844 2669 3150 2728 Imitatores
3186 2671 3288 2724 mei
3319 2679 3518 2733 estote,
3548 2669 3685 2724 sicut

2096 2774 2146 2817 et
2181 2781 2275 2834 ego
2323 2763 2525 2819 Christi
2557 2765 2598 2834 (Ι
2630 2762 2757 2820 Cor.
2788 2781 2866 2827 ιι,
2894 2764 2985 2834 l);
3027 2778 3152 2816 nam
3183 2763 3368 2832 juravi
3408 2773 3456 2816 et
3493 2765 3681 2828 statui,

2097 2857 2399 2912 secundum
2445 2856 2793 2911 Psalmistam
2829 2855 3020 2920 David,
3044 2848 3309 2910 custodire
3333 2856 3538 2924 judicia
3563 2856 3685 2922 jus-

2098 2950 2230 3002 titiw
2279 2948 2466 3020 (Psal.
2511 2964 2712 3012 cxvm,
2752 2949 2893 3020 106)
2937 2948 3175 3013 Christi;
3222 2949 3402 3019 juravi
3443 2947 3682 3002 Verbum

2099 3040 2221 3110 ejus
2248 3042 2482 3110 primum
2509 3042 2793 3097 obtestans
2820 3040 3042 3106 Filium,
3069 3043 3162 3113 qui
3192 3041 3327 3096 mihi
3355 3051 3410 3095 et
3437 3038 3578 3095 Deus
3599 3049 3685 3094 est

2097 3132 2371 3188 maximus
2395 3172 2410 3198 ,
2443 3149 2513 3188 ex
2549 3133 2843 3189 immortali
2882 3133 3080 3201 Patre,
3129 3137 3272 3190 sicut
3310 3149 3376 3188 ex
3412 3135 3684 3204 principio

2095 3225 2424 3294 principium
2461 3233 2515 3280 et
2566 3227 2746 3297 imago
2783 3227 3069 3282 verissima
3116 3226 3514 3296 archetypi,qui
3555 3241 3679 3279 cum

2097 3317 2168 3370 sit
2198 3317 2250 3370 in
2279 3317 2468 3371 eadem
2496 3325 2550 3372 et
2573 3319 2766 3388 aequali
2798 3326 2993 3373 natura
3025 3334 3149 3373 cum
3180 3317 3373 3380 Patre,
3411 3318 3464 3370 in
3501 3317 3681 3370 homi-

2094 3423 2225 3462 num
2253 3409 2417 3462 vitam
2451 3409 2519 3465 de
2549 3411 2704 3464 caelis
2740 3410 2977 3479 seipsum
3011 3411 3218 3480 absque
3250 3409 3552 3463 mutatione
3588 3409 3684 3461 de-

2094 3500 2328 3556 scendit.
2363 3499 2772 3571 Supradictum,
2809 3501 3006 3571 inquit,
3042 3499 3281 3554 Verbum
3314 3499 3494 3569 juravi
3536 3508 3592 3554 et
3626 3499 3683 3553 in

2095 3609 2216 3647 mea
2268 3601 2450 3648 mente
2494 3593 2659 3647 statui
2708 3592 3080 3663 juramentum
3140 3607 3421 3662 nunquam
3465 3592 3531 3646 de
3571 3591 3682 3646 Deo

2095 3686 2240 3738 mala
2276 3685 2552 3755 cogitandi
2577 3726 2590 3749 ,
2625 3699 2762 3740 neve
2801 3700 3056 3756 magnum
3078 3685 3340 3752 Spiritum
3381 3691 3436 3737 et
3467 3682 3681 3739 Patrem

2094 3774 2370 3828 destruam
2397 3783 2450 3829 et
2491 3774 2814 3830 inhonorem
2840 3775 2896 3829 in
2923 3774 3327 3843 dicendo,quod
3359 3790 3467 3827 non
3493 3789 3680 3844 aequa-

2093 3867 2198 3922 lem
2230 3868 2334 3938 ipsi
2371 3878 2423 3923 et
2457 3868 2840 3924 homoousium
2875 3865 3379 3920 consubstantialem
3411 3868 3677 3936 genui-rit,

2095 3962 2425 4031 neveipsum
2445 3961 2740 4030 despiciam
2768 3958 3005 4015 Verbum
3031 3959 3208 4012 alieno
3235 3959 3400 4014 verbo
3427 3959 3472 4013 si
3501 3960 3680 4028 ipsum

2095 4069 2125 4108 a
2141 4053 2302 4108 Patre
2317 4053 2904 4124 separaverim.Quoad
2923 4053 3155 4122 primum
3170 4067 3300 4122 ergo
3316 4052 3682 4115 verbum,boc

2089 4145 2479 4215 jusjurandum
2508 4145 2691 4216 juravi
2720 4145 2788 4200 de
2820 4144 2924 4198 fide
2957 4159 3079 4214 quae
3105 4146 3157 4197 in
3192 4159 3276 4197 me
3307 4151 3410 4201 est,
3444 4144 3490 4198 si
3518 4158 3680 4196 unam

2094 4245 2148 4292 et
2181 4253 2394 4292 summe
2428 4237 2635 4290 unitam
2667 4235 3008 4288 divinitatem
3039 4235 3365 4288 clarissima:
3397 4231 3681 4286 Trinitatis

2094 4328 2460 4383 destruxerim
2492 4328 2918 4382 durissimorum
2951 4326 3006 4379 in
3047 4333 3324 4379 momento
3373 4334 3681 4393 temporum

2093 4426 2148 4473 et
2193 4418 2608 4474 dominantibus
2660 4419 2887 4488 impiis,
2940 4433 3216 4471 consensu
3269 4417 3676 4485 obtemperans.

2095 4508 2285 4575 Quoad
2317 4508 2617 4564 secundum
2656 4509 2880 4564 verbum
2902 4552 2917 4576 ,
2946 4507 3146 4578 jurabo
3179 4507 3246 4561 de
3277 4507 3595 4567 ambitione,
3633 4505 3681 4559 si

2096 4600 2162 4653 ad
2212 4615 2465 4670 magnam
2518 4601 2836 4655 cathedram
2896 4609 2950 4654 et
3000 4600 3465 4670 praeeminentiam
3495 4597 3679 4651 throni

2094 4691 2296 4760 reginae
2339 4691 2483 4744 forte
2519 4707 2673 4745 mens
2709 4707 2826 4744 mea
2869 4691 3092 4746 irruerit
3129 4691 3533 4744 inconsiderate
3563 4703 3680 4741 am-

2095 4783 2251 4837 biens
2296 4791 2350 4838 et
2385 4782 2593 4852 primas
2638 4782 2797 4837 sedes
2847 4784 3110 4846 retinens,
3139 4791 3233 4836 aut
3277 4780 3402 4836 aliis
3451 4780 3518 4834 ad
3572 4780 3679 4834 ista

2094 4876 2240 4930 omni
2276 4890 2377 4944 ope
2409 4885 2572 4944 atque
2607 4889 2771 4944 opera
2797 4875 3137 4929 euitentibus
3169 4874 3366 4927 alienis
3390 4871 3680 4926 deslderiis

2096 4982 2318 5020 manum
2347 4981 2521 5020 meam
2547 4967 2766 5020 extendi
2793 4966 3158 5021 all'ectaverim
3185 4982 3199 5033 ;
3229 4964 3404 5017 adhuc
3435 4971 3488 5017 et
3519 4961 3681 5016 tertio

2092 5056 2406 5124 juraveram
2459 5057 2886 5111 de-confidendo
2932 5059 2985 5110 in
3023 5056 3359 5117 hominibus,
3399 5056 3444 5108 si
3492 5069 3678 5110 coram

2095 5145 2208 5202 Deo
2235 5157 2289 5202 et
2317 5146 2542 5203 Christo
2571 5147 2724 5216 ejus,
2759 5155 2912 5218 petra
2947 5147 3100 5200 firma
3138 5157 3191 5201 et
3225 5154 3339 5199 tuta
3366 5187 3380 5206 ,
3423 5143 3679 5198 fiduciam

2093 5247 2150 5294 et
2171 5240 2402 5294 consilia
2434 5241 2619 5294 cordis
2644 5240 2876 5292 ail‘erens
2903 5239 3181 5293 hominem
3209 5237 3490 5291 habuerim
3523 5236 3680 5290 auxi-

2095 5331 2342 5386 Iiatorem
2367 5339 2422 5385 et
2447 5330 2779 5400 adjutorem;
2807 5339 2996 5402 postea
3015 5330 3199 5400 juravi
3239 5329 3506 5384 adhuc'de
3526 5342 3682 5382 arro-

2095 5579 2218 5619 men
2265 5565 2320 5617 in
2359 5563 2502 5619 libro
2541 5561 2919 5630 utanuscripto
2967 5572 3278 5630 connexum
3334 5556 3503 5610 fuisse
3546 5567 3676 5606 cum

2093 5634 2472 5702 praecedente,
2505 5632 2650 5704 quod
2695 5627 3038 5702 ipse—tamen
3092 5644 3200 5682 non
3237 5627 3358 5704 sine
3387 5639 3677 5704 mulsae):-

2094 5696 2214 5758 cusi
2265 5696 2474 5761 codicis
2524 5696 2916 5761 auctoritatem
2953 5711 3184 5757 secutus
3219 5696 3676 5768 distinguendum

2093 5777 2390 5846 putaverit.
