4164 6350
402 366 510 426 775

400 488 609 561 gantia.
650 500 747 541 seu
778 482 1063 541 ferocitate
1087 485 1286 540 animm
1317 484 1363 540 si
1399 483 1540 538 forte
1565 484 1705 539 bona
1742 483 1978 539 faciente

402 587 499 635 aut
527 579 744 634 dicente
778 578 1015 649 quodam
1047 577 1321 648 superbia:
1345 575 1635 631 ratiocinia
1677 590 1978 646 presump-

404 671 607 736 serim,
648 669 734 725 vel
775 685 806 724 e
834 677 1026 724 contra
1067 668 1227 723 malis
1265 675 1321 723 et
1369 666 1554 736 impiis
1588 681 1891 722 occurrens
1928 665 1977 723 si

400 760 655 833 ignavum
680 768 735 817 et
759 760 1050 817 remissum
1077 773 1165 815 me
1192 759 1517 830 praebuerim
1541 774 1571 813 a
1600 759 1742 814 facie
1761 773 1974 823 eorum,

399 853 609 924 absque
638 853 1059 925 exprobratione
1088 852 1353 907 malitiam
1383 853 1571 908 sinens
1591 869 1607 908 :
1627 852 1810 921 juravi
1835 858 1890 907 et
1908 851 1977 906 de

392 945 611 1015 justitia
657 952 821 1015 atque
864 947 1166 1001 remotione
1202 945 1451 1001 delectus
1498 956 1890 1015 personarum.
1927 942 1976 999 si

398 1039 542 1094 forte
575 1039 668 1109 jus
709 1038 901 1094 dicens
933 1038 1322 1093 declinaverim
1370 1051 1399 1091 a
1450 1036 1782 1092 rectitudine
1819 1036 1976 1106 juxta

397 1129 593 1200 legem,
626 1135 721 1183 aut
753 1128 959 1199 aliquid
992 1136 1413 1198 praetergressus
1470 1125 1667 1182 fuerim
1699 1127 1768 1181 de
1801 1126 1974 1195 requi-

394 1229 509 1275 tate
532 1219 834 1277 secundum
861 1220 1132 1289 justitiam
1152 1258 1169 1285 ,
1197 1228 1253 1274 et
1276 1218 1324 1274 si
1360 1218 1414 1272 in
1441 1233 1526 1274 me
1555 1218 1626 1273 ob
1655 1218 1971 1288 primatum,

394 1314 632 1368 verenda
673 1313 748 1368 sit
774 1312 1064 1366 oculorum
1104 1309 1421 1366 extollentia
1466 1310 1521 1364 in
1562 1310 1775 1379 judicio
1812 1313 1973 1365 inno-

394 1404 570 1458 centis
603 1410 657 1457 et
688 1403 975 1472 pauperis;
1005 1402 1148 1458 unde
1188 1411 1245 1459 et
1286 1402 1426 1457 banc
1456 1402 1699 1473 regulam
1736 1403 1790 1458 in
1820 1402 1976 1472 jura-

394 1494 594 1548 mentis
628 1493 833 1562 prmbul
864 1494 932 1548 de
969 1495 1086 1548 zelo
1115 1508 1217 1548 nec
1251 1492 1513 1547 laudabili
1543 1508 1645 1548 nec
1677 1502 1893 1558 sancto,
1926 1494 1974 1551 si

394 1583 568 1637 malos
624 1583 911 1649 homines,
970 1585 1303 1640 inhumanos
1360 1592 1413 1639 et
1489 1586 1808 1655 pestilentes
1878 1587 1974 1657 qui

391 1673 602 1743 scopuli
651 1682 781 1729 sunt
820 1683 983 1744 atque
1025 1665 1295 1747 pernicies
1322 1678 1610 1741 bonorum,
1642 1694 1783 1749 quos
1808 1695 1974 1750 opere

390 1772 450 1821 et
503 1766 749 1823 consiliis
800 1768 1062 1823 inducere
1117 1778 1173 1823 et
1230 1784 1428 1840 rapere
1482 1777 1698 1825 tentant
1754 1771 1811 1826 in
1868 1774 1973 1829 im-

395 1859 618 1929 pietatis
643 1860 966 1916 barathrum
995 1861 1049 1915 in
1076 1876 1188 1931 quo
1212 1862 1313 1931 ipsi
1342 1863 1615 1929 laetantur,
1630 1862 1679 1918 si
1694 1878 1826 1935 ergo
1850 1866 1973 1919 tali-

395 1949 501 2003 bus
532 1950 847 2018 tranquillis
886 1960 943 2006 et
973 1953 1253 2020 prosperis
1293 1952 1365 2007 ob
1412 1966 1550 2006 vana
1597 1953 1884 2008 iuviderim
1918 1962 1974 2009 et

393 2055 583 2111 pacem
619 2047 970 2110 peccatorum
993 2042 1185 2097 videns
1220 2041 1333 2097 fere
1357 2041 1554 2097 similia
1586 2043 1757 2099 David
1782 2044 1973 2100 dolue-

391 2132 496 2187 rim
542 2133 616 2186 ita
664 2141 723 2187 ut
766 2133 1047 2188 solvantur
1085 2136 1441 2206 compagines
1483 2136 1715 2205 spiritus
1792 2138 1846 2192 in
1886 2150 1972 2192 me

389 2239 534 2296 agre
566 2226 761 2281 ferenti
803 2234 858 2280 et
887 2241 917 2279 a
962 2227 1151 2281 dextra
1182 2228 1269 2280 via
1313 2229 1620 2298 assurgenti
1648 2238 1703 2284 et
1728 2231 1969 2301 agitato;

390 2317 590 2372 deinde
629 2326 685 2372 et
717 2318 850 2376 illud
893 2318 1057 2387 juro,
1097 2320 1142 2373 si
1175 2319 1380 2374 invidia
1411 2322 1679 2375 tabuerim
1707 2333 1802 2376 aut
1832 2322 1972 2377 forte

389 2406 629 2460 tabuerit
671 2421 829 2461 utens
859 2406 927 2461 de
970 2407 1135 2461 vicini
1176 2409 1542 2478 prosperitate
1573 2409 1764 2466 dolens
1797 2419 1888 2483 aut
1923 2411 1969 2466 si

390 2499 623 2567 proximi
653 2513 842 2554 casum
879 2499 1120 2562 riserim,
1156 2500 1317 2569 quasi
1348 2502 1465 2572 ipse
1490 2517 1669 2557 essem
1696 2503 1832 2573 pede
1857 2513 1971 2560 sta-

390 2589 518 2644 bilis
544 2596 599 2645 et
627 2590 771 2645 bono
796 2590 1134 2660 pracellens,
1156 2593 1321 2645 etiam
1349 2593 1471 2647 aliis
1493 2608 1601 2647 non
1634 2596 1840 2650 sanctis
1868 2610 1971 2650 nec

382 2679 534 2749 juste
571 2681 888 2751 agentibus;
944 2682 1061 2739 hac
1108 2689 1295 2736 autem
1345 2682 1481 2736 mihi
1527 2683 1860 2753 juransentis
1916 2697 1971 2741 et

385 2771 593 2842 regulis
620 2780 1019 2843 prapouantur,
1048 2773 1094 2827 si
1120 2772 1268 2828 intus
1291 2772 1373 2827 ira
1406 2774 1635 2829 ferventi
1657 2783 1714 2829 et
1738 2777 1968 2831 tumenti

390 2876 548 2916 mens
571 2862 844 2916 obcaecata
862 2872 920 2916 et
947 2878 1110 2931 supra
1137 2878 1360 2918 sensum
1384 2872 1623 2920 aestuans
1652 2866 1970 2923 indecenter

380 2955 526 3010 elata
570 2954 679 3021 sit;
726 2956 772 3010 si
818 2964 872 3009 et
924 2955 1107 3026 lingua
1153 2955 1247 3010 ira:
1286 2955 1503 3011 insania
1557 2965 1710 3027 rapta
1762 2959 1971 3030 absque

386 3044 545 3099 freno
573 3052 628 3100 et
661 3045 828 3100 modo
872 3047 1019 3116 quod
1064 3046 1218 3101 nefas
1262 3053 1350 3101 est
1397 3047 1968 3119 scurrilitatesprom-

385 3137 551 3202 lorit;
584 3137 632 3192 si
673 3148 728 3193 et
766 3152 865 3192 cor
912 3145 1122 3193 secreta
1154 3152 1252 3192 sua
1288 3138 1358 3193 de
1408 3138 1682 3196 illecebris
1716 3140 1971 3197 dissolu—

382 3230 587 3285 tionem
621 3228 995 3285 redolentibus
1030 3246 1141 3283 non
1180 3230 1459 3301 castigans
1508 3230 1818 3296 desideria,
1869 3249 1969 3304 pro

387 3335 680 3392 corporum
696 3323 892 3376 decore
912 3325 1112 3375 arserit
1132 3330 1187 3376 et
1210 3320 1603 3377 inﬂammatum
1630 3322 1815 3386 fuerit,
1843 3340 1971 3379 ocu-

382 3409 497 3467 lum
542 3414 802 3468 lascivum
847 3424 902 3469 et
941 3413 1272 3482 impudicum
1308 3421 1363 3467 et
1393 3416 1564 3485 stupri
1607 3417 1866 3486 cupidum
1912 3419 1967 3474 in

383 3504 515 3558 talia
530 3502 717 3558 furtim
755 3513 811 3559 et
837 3506 1160 3575 voluptuose
1188 3505 1464 3577 deﬁgens;
1492 3507 1539 3563 si
1569 3524 1731 3578 quem
1759 3508 1966 3563 oderim

381 3595 588 3651 frustra
626 3604 681 3651 et
710 3598 1020 3653 detestatus
1051 3599 1177 3664 sim,
1199 3615 1300 3654 nec
1325 3599 1481 3669 juxta
1510 3599 1793 3655 Dominica
1826 3618 1969 3670 prae-

380 3694 545 3756 cepta
583 3687 878 3757 divinaque
909 3687 1165 3743 mandata
1196 3692 1355 3760 quasi
1387 3699 1536 3747 esset
1564 3692 1707 3746 inter
1736 3691 1827 3747 Dei
1861 3693 1969 3747 ini-

382 3780 560 3834 micos
589 3788 644 3835 et
667 3779 738 3834 ad
761 3790 991 3834 mortem
1020 3780 1305 3837 evidenter
1332 3790 1647 3853 peccantes;
1678 3784 1723 3838 si
1755 3783 1966 3839 hostem

384 3886 569 3925 meum
597 3871 901 3939 puniverim
928 3872 1113 3927 furtim
1141 3880 1197 3928 et
1220 3872 1410 3929 dolose
1439 3884 1531 3928 aut
1554 3876 1755 3944 palan.
1776 3875 1968 3931 Adhuc

376 3964 646 4032 expositis
665 3964 923 4018 omnibus
936 3962 1265 4033 iuramentis
1276 3973 1333 4020 et
1351 3966 1556 4036 regulis
1574 3965 1774 4036 quibus
1786 3966 1965 4035 jurari

380 4060 439 4107 et
483 4055 651 4108 statui
696 4056 1010 4125 evangelice
1035 4065 1091 4111 et
1120 4055 1284 4127 digne
1311 4058 1533 4112 Christo
1563 4073 1729 4127 super
1766 4068 1965 4113 terram

380 4161 470 4200 sue
492 4147 785 4214 victurum;
821 4147 867 4203 si
899 4163 1130 4203 vacuam
1164 4165 1193 4203 a
1222 4150 1387 4205 domo
1415 4164 1533 4205 mea
1557 4152 1711 4221 egeni
1745 4167 1965 4206 manum

384 4237 688 4292 dimiserim
720 4246 774 4293 et
802 4240 1081 4309 pauperis,
1104 4242 1219 4297 sive
1232 4243 1582 4314 eiecmosyna
1611 4253 1666 4297 et
1694 4244 1967 4311 corporali

382 4329 681 4399 indigentis
732 4331 1027 4394 subsidio,
1097 4348 1198 4388 nec
1258 4335 1642 4389 convenientia
1699 4343 1964 4404 quantum

382 4420 616 4476 facultas
646 4421 778 4474 mihi
811 4430 897 4477 est
923 4421 1234 4489 tribuerim,
1267 4424 1382 4480 sive
1405 4425 1660 4480 cmlestes
1686 4425 1885 4480 sitierit
1908 4433 1967 4480 et

378 4515 657 4569 salutares
715 4529 1019 4582 sermones,
1080 4532 1183 4572 nec
1236 4517 1452 4573 avidam
1507 4519 1746 4572 animam
1804 4528 1966 4588 prout

376 4607 590 4678 justum
611 4616 696 4663 est
716 4607 932 4663 abunde
953 4608 1251 4665 infundens
1275 4610 1630 4680 expleverint,
1655 4610 1748 4665 alii
1774 4610 1962 4666 Chriso

378 4708 476 4756 tus
503 4707 558 4755 et
596 4714 703 4755 non
743 4701 878 4754 mihi
910 4701 1089 4756 bonus
1123 4700 1194 4756 sit
1227 4709 1281 4756 et
1326 4701 1622 4772 propitius,
1663 4702 1718 4756 in
1758 4717 1818 4757 se
1851 4710 1964 4757 tre-

384 4792 645 4847 mendum
676 4791 876 4847 divinis
897 4792 1247 4847 sermonibus
1272 4793 1467 4861 plenus
1492 4791 1811 4861 pronuntiat
1831 4792 1965 4849 Gre-

377 4881 575 4951 gorius
606 4881 939 4951 imprecaris,
963 4881 1101 4936 adeo
1132 4887 1190 4934 ut
1216 4880 1261 4935 si
1297 4880 1365 4935 de
1390 4880 1477 4934 bis
1498 4896 1621 4950 quis
1640 4880 1966 4951 deprezatus

379 4986 507 5026 sum
548 4971 836 5041 hucusque
862 4972 1064 5040 juratis
1090 4971 1316 5041 regulis,
1347 4970 1395 5025 si
1434 4970 1587 5041 quid,
1628 4971 1722 5038 ait,
1764 4972 1961 5026 horum

379 5062 812 5134 contempserim
840 5070 1254 5132 transgressus,
1311 5060 1452 5117 alios
1506 5063 1723 5133 quidem
1770 5062 1960 5134 diligat

378 5151 639 5209 Christus
680 5159 942 5222 tanquam
993 5151 1081 5206 sui
1125 5151 1463 5215 imitatores,
1509 5160 1690 5208 rectos
1738 5161 1794 5207 et
1838 5168 1965 5209 vere

384 5238 592 5304 bonos,
628 5238 735 5293 mei
777 5246 959 5293 autem
996 5253 1190 5294 omnes
1229 5255 1402 5310 usque
1433 5240 1502 5295 ad
1536 5240 1641 5297 hoc
1675 5244 1968 5300 senectutis

388 5330 608 5386 labores
640 5339 695 5386 et
723 5328 1071 5400 fatigationes
1103 5330 1278 5387 ventis
1311 5332 1449 5404 rapti
1484 5333 1803 5389 aboieantur
1824 5343 1882 5390 et
1908 5335 1965 5389 in

388 5421 683 5478 oblivionis
726 5421 958 5492 abyssos
994 5422 1401 5495 demergantur.
1443 5424 1542 5480 His
1575 5427 1962 5496 pronuntiatis,

383 5514 538 5571 brevi
570 5514 784 5584 epilogo
811 5513 1125 5582 juramenta
1158 5510 1452 5576 conclusit,
1486 5512 1572 5568 his
1606 5513 1839 5584 legibus,
1874 5513 1960 5568 di-

310 5672 311 5675 η
384 5618 541 5669 cens,
581 5622 600 5656 ι
651 5601 881 5658 Deﬁnivi
914 5602 1081 5658 vitam
1129 5614 1327 5656 meam.
1371 5598 1440 5653 Et
1488 5601 1535 5656 si
1583 5601 1842 5658 desiderii
1892 5600 1960 5657 ad

387 5694 547 5760 ﬁnem
578 5693 952 5764 pervenerim,
985 5692 1332 5757 immortalis,
1369 5693 1467 5748 tibi
1492 5694 1749 5764 gratiam.
1792 5712 1812 5744 s
1849 5691 1961 5764 Ego

386 5783 634 5851 quidem,
689 5772 899 5855 inquit,
952 5784 1038 5842 his
1095 5784 1327 5856 spiritus
1379 5785 1591 5856 legibus
1638 5794 1694 5844 et
1753 5787 1961 5860 regulis

1740 365 2036 424 NICETAS
2080 367 2289 425 DAVID

3556 370 3661 427 πε.

2088 486 2259 555 εμοὺς
2302 485 2399 556 τῆς
2446 485 2674 557 καρδίας
2711 486 3076 557 ἃναψάμινος,
3118 487 3402 559 ἄνθρωπον
3451 487 3662 562 τιθείην

2087 573 2373 646 ιπίκουρόν
2408 592 2497 646 μοι
2526 577 2621 630 καὶ
2651 575 2863 646 βοηθόν.
2897 577 3037 646 Πρὸς
3076 577 3282 639 τούτοις
3331 576 3520 647 ὤμοσα
3557 580 3660 634 πά-

2083 664 2167 718 λιν
2217 666 2346 737 περὶ
2387 667 2750 738 ὑπεροψίαςῆ
2802 668 3156 739 στερρότητος
3190 667 3387 739 ψυχῆς,
3428 670 3482 722 εί
3531 669 3661 724 ποτέ

2082 774 2226 821 τινος
2274 757 2454 825 ἀγαθὰ
2487 758 2722 828 δρῶντος
2764 760 2797 829 ἢ
2848 758 3133 825 λαλοῦντος
3182 763 3240 814 ἑν
3290 762 3661 831 ὑπερηφανίας

2084 850 2478 921 ὑπερφρονοίην
2501 850 2763 921 λογισμῷ,
2794 851 2827 923 ἢ
2860 852 3124 907 ἀνάπαλιν
3164 856 3351 917 κακοῖς
3392 854 3488 908 καὶ
3532 855 3662 908 ἀσε-

2083 939 2205 993 δέσι
2239 939 2564 1011 περιτυχὼν,
2596 943 2648 995 εί
2680 940 2881 1011 ἀδρανῆ
2927 941 3021 995 καὶ
3065 943 3520 1015 ὑποστελλόμενον
3558 948 3662 1017 ἑμ-

2081 1030 2243 1084 αὐτὸν
2271 1030 2611 1102 ἐνδειξαίμην
2644 1033 2707 1084 ἐκ
2736 1031 3024 1103 προσώπου
3056 1032 3257 1094 αὐτῶν,
3282 1033 3663 1103 ἀνεξέλεγκτον

2080 1121 2181 1190 τὴν
2206 1122 2402 1175 κακίαν
2424 1122 2621 1191 ἀφιείς.
2659 1124 2870 1194 ’Ὢμοσα
2909 1108 3169 1195 καὶπερὶ
3196 1125 3540 1197 δικαιοσύνης
3568 1126 3664 1181 καὶ

2082 1212 2598 1285 ἀπροσωποληψίας,
2644 1215 2691 1267 εί
2736 1213 2890 1286 δίκην
2934 1215 3064 1268 ποτὲ
3108 1214 3341 1279 δικάζων
3389 1218 3663 1290 παρατρέ-

2079 1303 2246 1376 ψαιμι
2276 1306 2374 1376 τῆς
2416 1306 2557 1360 κατὰ
2584 1306 2745 1376 νόμον
2774 1306 3085 1377 εὐθύτητος,
3117 1307 3151 1377 ἢ
3176 1322 3229 1359 τι
3262 1307 3662 1379 παρακλίναιμι

2080 1396 2179 1466 τῆς
2212 1396 2350 1449 κατὰ
2380 1397 2439 1450 τὸ
2483 1397 2684 1451 δίκαιον
2725 1397 2983 1469 ίσότητος.
3026 1400 3073 1451 εί
3116 1398 3173 1452 δέ
3210 1416 3297 1469 μοι
3348 1400 3449 1453 καὶ
3488 1399 3664 1472 ὀφρῦς

2080 1476 2376 1559 ἁρχοντικὴ
2404 1488 2657 1560 τιμηθείη
2679 1490 2738 1541 ιν
2771 1489 2947 1559 κρίσει
2968 1490 3107 1558 ὑπὲρ
3128 1490 3274 1544 ὅσιον
3302 1491 3396 1544 καὶ
3426 1491 3659 1561 πτωχόν.
3740 1520 3745 1523 -

2085 1578 2316 1631 Ἔπειτα
2360 1578 2455 1631 καὶ
2501 1578 2692 1631 τοῦτον
2718 1579 2808 1632 τὸν
2835 1579 2961 1652 ὅρον
2985 1582 3097 1643 τοῖς
3128 1580 3313 1652 ὅρκοις
3338 1579 3663 1651 προσετίθην

2081 1670 2214 1740 περὶ
2258 1670 2422 1740 ζήλου
2474 1671 2574 1725 οὐκ
2610 1671 2891 1726 ἐπαινετοῦ
2930 1672 3037 1726 οὐδ’
3078 1671 3330 1741 εὐαγοῦς,
3365 1675 3414 1726 εί
3459 1675 3664 1740 κακοὺς

2080 1761 2300 1834 ἄνδρας,
2348 1764 2576 1836 ἀπηνεῖς
2629 1781 2688 1817 τε
2738 1764 2834 1819 καὶ
2880 1764 3120 1835 λοιμοὺς,
3163 1766 3214 1819 οἶ
3258 1765 3512 1819 σκόπελοι
3567 1767 3662 1820 καὶ

2078 1857 2314 1929 κρημνοί
2348 1858 2456 1911 είσι
2478 1857 2588 1911 τῶν
2617 1858 2860 1928 ἀγαθῶν,
2886 1854 2969 1923 οἷς
3000 1877 3058 1913 τε
3088 1859 3253 1931 δρῶσι
3281 1861 3375 1914 καὶ
3405 1855 3486 1923 οἷς
3518 1877 3661 1931 συμ-

2081 1949 2424 2004 6ουλεύουσιν
2458 1952 2542 2014 είς
2579 1950 2671 2004 τὸν
2710 1951 2893 2022 ὅμοιον
2932 1953 3144 2016 ἑαυτοῖς
3184 1953 3282 2023 τῆς
3322 1953 3551 2023 ἀνομίας
3581 1952 3663 2022 βό-

2080 2045 2208 2116 θρον
2239 2042 2651 2107 συνελκύοντες⁸
2685 2046 2736 2099 εἰ
2776 2039 2871 2097 οὖν
2900 2044 3025 2107 τοὺς
3055 2044 3328 2109 τοιούτους
3361 2045 3663 2116 γαληνιῶν-

2077 2152 2176 2199 τας
2215 2134 2356 2188 κατὰ
2382 2133 2451 2187 τὰ
2483 2134 2689 2205 μάταια
2729 2135 2998 2206 ἐζήλωσα,
3038 2136 3132 2190 καὶ
3164 2137 3386 2207 εἰρήνην
3411 2137 3664 2208 ἁμαρτω-

2077 2227 2185 2282 λῶν
2215 2228 2436 2300 θεωρῶν
2473 2227 2674 2282 ἔπαθον
2709 2229 2839 2299 παρ’
2865 2228 3044 2298 ὀλίγον
3073 2227 3135 2281 τδ
3177 2228 3271 2282 τοῦ
3314 2228 3497 2295 Δαῶδ,
3524 2228 3661 2283 ὥστ’

2077 2320 2373 2393 ἐκχυθῆναί
2409 2337 2498 2391 μοι
2525 2319 2593 2374 τὰ
2626 2319 2717 2373 τοῦ
2740 2319 2857 2384 νοδς
2895 2319 3207 2391 διαδήματα
3240 2320 3661 2393 παροξυνομένῳ

2077 2413 2173 2467 καὶ
2224 2417 2322 2484 τῆς
2366 2412 2552 2477 δεξιᾶς
2604 2410 2723 2465 δδοῦ
2768 2411 3105 2483 ἑξισταμένῳ
3151 2412 3244 2466 καὶ
3296 2412 3659 2484 σαλευομένῳ.

2081 2504 2310 2559 Ἔπειτα
2350 2504 2552 2574 ὄμνυμι
2594 2502 2689 2557 καὶ
2731 2501 2907 2566 τοῦτο,
2954 2505 3003 2555 εί
3036 2502 3229 2573 φθόνος
3256 2503 3473 2575 ἑξέτηξέ
3511 2522 3597 2575 μοι
3626 2504 3661 2576 ἢ

2078 2593 2325 2665 ἐκτήξειέ
2354 2611 2483 2648 ποτε
2522 2594 2620 2665 τὴν
2653 2594 2842 2664 φρένα,
2879 2594 2970 2646 ἐπὶ
3000 2597 3113 2657 τοῖς
3148 2595 3535 2666 εὖτ-τραγήμασι
3567 2595 3662 2649 τοῦ

2078 2688 2313 2756 γείτονος
2341 2686 2647 2757 ἀνιωμένῳ,
2678 2686 2709 2756 ἢ
2738 2688 2786 2739 εἰ
2810 2685 3101 2757 γελάσαιμι
3122 2685 3216 2739 τοῦ
3242 2686 3413 2750 πέλας
3439 2687 3660 2759 πτῶμα,

2077 2779 2151 2842 ὡς
2182 2779 2343 2841 αὐτὸς
2393 2778 2532 2848 ἔχων
2586 2776 2836 2831 ἄπτωτον
2879 2776 3014 2830 πόδα
3059 2777 3148 2830 καὶ
3193 2776 3550 2849 ἐρηρισμένον
3585 2777 3666 2849 τῷ

2077 2867 2248 2938 καλῷ,
2273 2873 2366 2921 καὶ
2392 2867 2564 2922 ταῦτα
2599 2867 2696 2937 οὐχ
2728 2868 2891 2920 ὁσίων
2933 2865 3113 2919 αὐτῶν
3150 2867 3271 2920 οὐδὲ
3308 2866 3530 2921 δικαίων
3557 2868 3663 2922 ὑπ-

2076 2959 2381 3030 αρχόντων·
2418 2960 2513 3012 καὶ
2561 2956 2736 3010 ταῦτα
2776 2954 2839 3008 δέ
2885 2973 2974 3027 μοι
3016 2959 3127 3020 τοῖς
3170 2958 3354 3029 ὅρκοις
3387 2958 3480 3012 καὶ
3518 2959 3665 3031 δροις

2077 3046 2471 3119 προστιθείσθω,
2502 3048 2550 3100 εί
2577 3046 2745 3116 θυμὸν
2778 3047 2924 3100 ἔνδον
2947 3049 3263 3119 κυμαίνοντι
3294 3051 3388 3103 καὶ
3412 3051 3665 3122 πλημμυ-

2082 3138 2259 3210 ροῦντι
2294 3141 2321 3191 ὁ
2349 3135 2475 3200 νοῦς
2498 3138 2855 3206 καταπνιγεὶς
2880 3139 2972 3191 ὑπ’
3005 3139 3168 3192 αὐτοῦ
3200 3140 3293 3192 καὶ
3330 3140 3666 3210 ἀφρονευσά-

2081 3244 2239 3298 μενος
2267 3228 2644 3299 ἀσχημονήσαι
2664 3245 2680 3260 ·
2718 3229 2766 3280 εί
2808 3228 2867 3281 δὲ
2914 3232 3010 3281 καὶ
3042 3230 3074 3300 ἡ
3105 3229 3325 3295 γλῶσσα
3351 3234 3418 3302 τῇ
3444 3231 3537 3283 τοῦ
3570 3230 3665 3284 θυ-

2080 3318 2183 3388 μοῦ
2219 3318 2410 3390 ἀλογίᾳ
2450 3319 2723 3391 φερομένη
2761 3319 3029 3388 ἀχαλίνως
3071 3336 3127 3372 τε
3174 3321 3269 3374 καὶ
3304 3321 3589 3393 προπετῶς
3626 3323 3666 3376 θ.

2080 3406 2155 3479 μὴ
2182 3408 2262 3461 δεῖ
2286 3408 2689 3477 ἀποφθέγξαιτο
2728 3409 3011 3480 λογύδριαο
3049 3412 3096 3462 εἰ
3131 3410 3189 3462 δὲ
3233 3411 3326 3463 καὶ
3367 3410 3398 3481 ή
3447 3412 3660 3483 καρδία,

2076 3500 2177 3571 τὴν
2210 3499 2439 3571 κρύφιον
2473 3500 2641 3570 αὐτῆς
2681 3500 2744 3553 ού
2785 3499 3062 3555 κολάσασα
3090 3502 3218 3571 περὶ
3262 3501 3362 3565 τὰς
3400 3502 3662 3573 λυομένας

2075 3593 2412 3662 ὼραιότητας
2442 3591 2753 3663 ἐπιθυμίαν,
2784 3594 2911 3661 περὶ
2938 3591 3007 3646 τὰ
3050 3592 3158 3645 τῶν
3188 3594 3457 3663 σωμάτων
3489 3593 3661 3665 κάλλη

2077 3688 2322 3737 πτοεῖται
2357 3686 2449 3738 καὶ
2495 3685 2782 3757 πυροῦται,
2835 3685 3036 3756 μάχλον
3070 3686 3243 3756 δμμα,
3273 3687 3372 3739 καὶ
3411 3687 3659 3755 ἀσελγὲς,

2076 3778 2171 3829 καὶ
2199 3778 2454 3848 πορνικὸν
2482 3775 2691 3840 τούτοις
2741 3778 3024 3848 κρυφαίως
3068 3779 3162 3831 καὶ
3204 3778 3497 3849 ήδυπαθῶς
3544 3780 3664 3831 ἑπι-

2079 3868 2437 3940 στηρίζουσα·
2475 3870 2617 3922 εἰδὲ
2671 3871 2763 3923 καί
2815 3884 2935 3922 τινα
2991 3870 3164 3941 μάτην
3210 3870 3512 3943 ἑχθραίνων
3567 3873 3661 3925 καὶ

2076 3962 2194 4033 οὐχὶ
2219 3961 2308 4015 διὰ
2348 3962 2765 4033 προστάγματος
2794 3962 3121 4015 Δεσποτικοῦ
3144 3963 3237 4015 καὶ
3263 3963 3413 4026 θείας
3440 3963 3660 4034 ἐντολῆς

2074 4050 2149 4113 ὡς
2179 4051 2272 4103 ἐπὶ
2302 4050 2412 4102 τῶν
2433 4050 2527 4103 τοῦ
2556 4050 2692 4104 Θεοῦ
2731 4050 2939 4122 ἐχθρῶν
2969 4053 3062 4105 καὶ
3108 4052 3245 4123 πρὸς
3272 4053 3500 4108 θάνατον
3526 4071 3660 4127 προ-

2076 4140 2260 4209 φανῶς
2288 4142 2735 4211 ἁμαρτανόντων·
2763 4144 2811 4195 si
2839 4142 2894 4195 δὲ
2930 4143 3024 4196 καὶ
3054 4143 3246 4215 ἐχθρὸν
3270 4145 3403 4215 ὲμδν
3422 4147 3660 4217 τιμωρή-

2077 4250 2230 4303 σαιμι
2260 4234 2441 4305 κρυφῆ
2482 4235 2575 4287 καὶ
2600 4234 2787 4297 δολίως
2816 4234 2848 4307 ἢ
2880 4234 3197 4303 ἀναφανδόν.
3236 4237 3357 4289 Ἔτι
3389 4237 3527 4311 πρὸς
3549 4241 3657 4304 τοῖς

2075 4326 2387 4396 εἰρημένοις
2417 4325 2621 4379 ἅπασιν
2664 4326 2845 4395 ὅρκοις
2874 4327 2968 4379 καὶ
3006 4327 3171 4397 ὅροις,
3210 4322 3293 4391 οἷς
3334 4326 3525 4398 ὤμοσα
3564 4331 3658 4382 καὶ

2075 4416 2277 4485 ἔστησα
2320 4416 2414 4470 τοῦ
2453 4417 2824 4485 εύαγγελικῶς
2866 4433 2926 4470 τε
2963 4418 3057 4470 καὶ
3098 4418 3529 4490 Χριστοπρεπῶς
3565 4420 3659 4473 ἰπὶ

2074 4508 2176 4577 γῆς
2219 4507 2479 4564 διαόιοῦν.
2515 4509 2565 4560 εί
2608 4509 2769 4579 κενὴν
2801 4508 2901 4578 τῆς
2942 4510 3083 4580 ἐμῆς
3121 4509 3299 4573 οἰκίας
3341 4513 3498 4582 χεῖρα
3538 4513 3658 4565 ἐπι-

2072 4604 2225 4668 δεοῦς
2256 4604 2636 4675 ἑποπέμῷαιμι
2678 4605 2769 4658 καὶ
2808 4604 3055 4675 πένητος,
3087 4605 3121 4677 ἢ
3160 4605 3531 4677 ἐλεημοσύνης
3564 4608 3659 4661 καὶ

2075 4698 2390 4769 σωματικῆς
2429 4697 2734 4769 χρῄζουσαν
2784 4698 3120 4769 ἐπικουρίας,
3160 4701 3211 4752 εί
3252 4698 3330 4771 μὴ
3372 4699 3441 4754 τὰ
3484 4717 3656 4772 προσ·

2074 4789 2297 4858 ήκοντα,
2333 4789 2453 4843 καθ’
2476 4790 2507 4842 δ
2539 4788 2720 4859 ἰσχύος
2757 4788 2886 4861 ἔχω,
2926 4791 3317 4863 ἑπαρκέσαιμι,
3346 4790 3378 4862 ἢ
3403 4792 3657 4865 οὐρανίου

2072 4880 2230 4948 λόγου
2259 4880 2352 4934 καὶ
2383 4880 2756 4951 σωτηριώδους
2782 4881 2908 4953 δίψῃ
2930 4880 3257 4953 πιεζομένην
3282 4881 3482 4955 ψυχὴν,
3506 4886 3556 4936 si
3578 4884 3658 4960 μὴ

2072 4972 2193 5027 καθ’
2244 4972 2273 5025 δ
2322 4971 2479 5042 θέμις
2517 4971 3068 5043 ἐπιδαψιλευσάμενος
3114 4972 3481 5045 ὲμπλήσαιμι,
3509 4974 3657 5045 ἄλλῳ

2072 5063 2305 5134 Χριστὸς
2332 5063 2533 5133 μᾶλλον
2557 5062 2693 5133 ἐμοῦ
2742 5064 2976 5134 εὐμενής
3019 5081 3078 5118 τε
3121 5066 3208 5134 εἴη
3257 5065 3350 5118 καὶ
3400 5065 3579 5131 ῐλεως,
3625 5066 3657 5119 δ

2071 5153 2525 5222 θεολογικώτατος
2562 5153 2740 5224 ἑαυτῷ
2777 5153 3150 5227 ἐπαρώμενος,
3179 5155 3242 5209 τὸ
3284 5156 3659 5226 φρικωδέστα-

2068 5262 2160 5298 τον
2204 5245 2559 5314 ὰποφαίνεται
2612 5245 2927 5316 Γρηγὸριος,
2966 5244 3064 5308 ὣς,
3102 5244 3162 5298 εἴ
3202 5262 3254 5299 τι
3292 5238 3368 5298 ὧν
3400 5245 3657 5318 ηὐξάμην

2071 5332 2178 5387 τῶν
2238 5331 2736 5404 προεκτεθειμένων
2785 5334 3020 5404 ὲνόρκων
3062 5334 3244 5405 ὅρων,
3288 5336 3348 5388 εί
3392 5339 3652 5409 τι,φησ“ι,

2069 5423 2273 5477 τούτων
2300 5423 2626 5494 ἀθετήσαιμι
2664 5422 3015 5495 παρανομῶν,
3043 5423 3221 5490 ἄλλοις
3260 5425 3360 5495 μὲν
3385 5426 3653 5493 ἁγαθύναι

2067 5516 2096 5568 ὁ
2125 5497 2460 5584 Χριστὸςὼς
2485 5516 2945 5586 Χριπομιμήτοις
2970 5510 3109 5579 οὖσι,
3160 5516 3255 5569 καὶ
3302 5516 3505 5580 εὐθέσι,
3557 5519 3652 5574 καὶ

2065 5604 2145 5676 τῷ
2176 5605 2294 5659 δντι
2323 5606 2577 5675 ἀγαθοῖς·
2612 5607 2745 5676 ἐμοῦ
2784 5607 2840 5659 δὲ
2882 5607 2974 5662 καὶ
3006 5610 3130 5672 τοὺς
3162 5610 3290 5680 ἄχρι
3333 5609 3433 5680 τῆς
3462 5611 3654 5674 πολιᾶς

2066 5695 2269 5769 ταύτης
2299 5697 2577 5766 καμάτους
2615 5700 2707 5751 καὶ
2730 5698 2923 5762 πόνους
2955 5694 3120 5771 αὖραι
3152 5700 3413 5756 λαϐοῦσαι
3454 5704 3655 5771 ἀφανί-

2068 5805 2238 5857 σαιτν,
2264 5790 2358 5845 καὶ
2394 5789 2569 5863 λήθης
2596 5791 2889 5862 παραδοῖεν
2921 5791 3123 5865 βυθοϊς.
3155 5792 3343 5850 Ταῦτα
3369 5793 3656 5870 dimitte
