4164 6350
416 304 528 365 777

420 444 604 499 μενος,
634 426 826 499 βραχεῖ
849 431 1084 503 ἐπιλόγῳ
1105 434 1409 488 συνέκλεισε
1432 437 1557 500 τοὺς
1575 438 1793 509 ὅρκους,
1817 439 2003 491 Τοῖσδε

418 517 624 588 νόμοις,
649 518 842 587 λέγων,
870 521 1036 594 ἔδησα
1062 525 1192 595 ἐμὸν
1219 525 1333 595 βίον
1352 543 1366 556 ·
1390 528 1438 578 εί
1470 528 1527 580 δὲ
1561 528 1745 583 πόθοιο
1765 530 1823 593 ἐς
1850 529 2001 592 τέλος

419 607 660 681 ἱκοίμην,
690 612 936 681 Ἀφθιτε,
967 617 1076 668 σεῖο
1108 616 1286 688 χάρις.
1331 617 1471 687 Ἐγὼ
1517 621 1634 690 μὲν,
1671 621 1794 691 ἔφη,
1826 621 2001 674 τοῖσδε

414 697 510 750 τοῦ
551 700 867 771 Πνεύματος
913 708 1027 768 τοῖς
1072 707 1259 777 νόμοις
1295 710 1389 761 καὶ
1432 712 1579 780 ὅροις
1622 711 1713 764 τὸν
1762 712 2000 782 ἐμαυτοῦ

417 789 530 861 βίον
560 795 1070 868 κατησφαλισάμην·
1114 802 1164 852 εἰ
1206 801 1262 853 δὲ
1302 800 1397 855 τοῦ
1440 802 1605 855 πόθου
1639 802 1785 868 ἄξιόν
1822 821 1910 875 μοι
1942 804 2004 857 τὸ

1451 316 1519 373 ΙΝ
1555 320 1866 375 CARMINA
1911 318 2188 375 ARCANA
2229 319 2286 376 S.
2327 320 2676 382 GREGORII.

3582 337 3685 392 778

2110 439 2278 492 vitam
2324 456 2499 496 meam
2546 444 2830 512 conclusi;
2862 446 2909 503 si
2956 455 3137 504 autem
3181 448 3457 507 desiderio
3488 453 3686 524 d‘gnus

2109 531 2239 585 mihi
2288 531 2410 589 finis
2446 536 2757 607 contigerit,
2788 538 2886 594 tibi
2924 540 3115 610 gloria,
3150 548 3204 597 et
3228 544 3426 614 gratia,
3465 553 3519 601 et
3542 548 3683 611 laus.

2108 620 2512 694 incorruptibili
2548 637 2602 682 et
2652 644 2819 699 super
2858 647 3021 689 omne
3082 636 3231 705 quod
3273 645 3358 691 est
3415 652 3469 694 et
3523 643 3687 697 unius

2109 713 2465 786 ejusdemque
2495 720 2815 777 substantia:
2853 723 3108 781 Trinitati
3130 768 3145 793 ,
3194 730 3249 783 in
3283 733 3481 785 saecula
3512 748 3686 788 saecu-

2111 805 2305 861 lorum.
2336 808 2528 864 Amen.

413 883 568 947 τέλος
609 885 868 952 ἀποὸαίη,
899 890 981 941 σοὶ
1022 891 1054 959 ἡ
1083 890 1208 955 δόξα
1248 894 1342 946 καὶ
1380 895 1412 964 ἠ
1446 893 1604 965 χάρις
1648 895 1741 949 καὶ
1773 896 1806 966 ή
1841 894 2047 956 αἵνεσις
2082 897 2148 965 τῇ
2179 896 2441 969 ἀφθάρτῳ
2482 901 2573 953 καὶ
2622 903 2928 977 ὑπερουσίῳ
2963 909 3055 961 καὶ
3097 909 3364 981 όμοουσίῳ
3388 912 3576 982 Τριάδι
3604 915 3684 969 εἰς

410 975 538 1038 τοὺς
567 977 767 1041 αἰῶνας
791 980 897 1033 τῶν
921 981 1149 1037 αἰώνων.
1187 986 1375 1056 Ἀμήν.

425 1068 743 1149 Ἐξήγῃᾳις
780 1074 880 1149 ,εἰς
925 1073 1039 1149 τὴν
1066 1080 1475 1147 γνωμολογίαν
1516 1082 1622 1136 τοῦ
1660 1084 1846 1149 ἔπους
1892 1080 1999 1134 τοῦ

473 1139 741 1224 μεγάλου
765 1139 1099 1224 "I'pmzogzoe
1141 1139 1249 1201 τὸῡ
1288 1139 1605 1223 Θὲολόγου,
1644 1150 1721 1224 ἧς
1752 1154 1790 1221 ή
1824 1139 2001 1221 ὶικρο.

480 1209 679 1277 στιχὶς
711 1212 862 1281 αὕτη
893 1209 1025 1286 (73).

408 1300 649 1383 ζ’νῶμηίιι
687 1305 1044 1383 Γρηγορίου,
1064 1309 1338 1380 ὃίστιχος
1374 1317 1607 1383 εὐεπίη,

423 1370 674 1426 Ἐσθλὸν
713 1370 941 1445 ἆθυξριὶα
979 1370 1137 1445 νέοις
1169 1370 1266 1437 κάξ
1302 1370 1475 1453 χάρις
1498 1370 1722 1455 ἑξοδὶη.

484 1467 604 1518 Ἔτι
660 1467 796 1538 πρὸς
843 1473 963 1535 ταῖς
1010 1472 1198 1538 ἄλλαις
1252 1478 1408 1547 ἡμῶν
1445 1479 1757 1561 ὲξηγήσεσι,
1817 1480 1883 1544 ἂς
1936 1482 1995 1534 ἐν

400 1554 517 1616 τοῖς
552 1553 808 1623 φθάσασι,
845 1558 933 1611 διὰ
971 1561 1070 1632 τῆς
1114 1562 1209 1617 τοῦ
1252 1564 1501 1635 θεολόγου
1550 1553 1845 1638 πρεσϐείας
1901 1572 1995 1624 καὶ

406 1643 644 1714 χάριτος,
673 1649 783 1711 τοῖς
806 1648 1266 1726 ἀποῤῥητοτέροις
1307 1657 1473 1711 αὐτοῦ
1520 1660 1629 1714 τῶν
1678 1662 1826 1715 ἐπῶν
1872 1681 1997 1718 κατ-

404 1736 744 1808 ετεινάμεθα,
794 1743 888 1794 καὶ
941 1745 1146 1817 ταύτην
1194 1749 1323 1819 ἡμῖν
1379 1751 1437 1804 ὲν
1492 1756 1558 1823 τῇ
1614 1754 1842 1825 δυνάμει
1899 1755 1993 1808 τοῦ

405 1827 717 1899 Πνεύματος
768 1833 1061 1907 ἐξηγητέον
1118 1839 1214 1911 τὴν
1260 1844 1651 1914 γνωμολογίαν.
1698 1846 1852 1900 Ἔστι
1895 1851 1993 1919 μὲν

401 1914 495 1973 οὖν
525 1920 739 1993 γνώμη,
777 1927 919 1979 κατὰ
945 1928 1071 1992 τοὺς
1097 1930 1383 1999 παλαιοὺς,
1410 1934 1565 2004 λόγος
1591 1914 1990 2011 κεφαλαιώδης,

403 2015 798 2084 προτρεπτικὸς
833 2017 864 2089 ἣ
903 2020 1324 2092 ἁποτρεπτικός.
1366 2028 1428 2080 Oi
1478 2028 1576 2096 μὲν
1607 2025 1698 2082 οὖν
1748 2031 1855 2084 τῶν
1901 2031 1993 2084 θύ-

405 2104 566 2174 ραθεν
600 2107 905 2178 φιλοσόφων
936 2113 1030 2164 καὶ
1057 2114 1302 2185 ῥητόρων
1333 2116 1544 2189 ἄριστοι
1571 2122 1665 2174 καὶ
1690 2122 1994 2193 νομοθετῶν

399 2198 763 2268 νομιζόμενοι,
792 2201 893 2271 τῆς
924 2202 1102 2257 αὐτῶν
1139 2207 1329 2275 σοφίας
1362 2210 1456 2263 καὶ
1482 2212 1682 2283 ἀρετῆς
1716 2215 1993 2285 ἀναλόγως

400 2288 495 2340 καὶ
516 2289 987 2362 πολυρρημονοῢσι
1015 2297 1126 2368 (74)
1154 2298 1291 2370 πρὸς
1316 2300 1443 2364 τοὺς
1473 2302 1705 2366 οἰκείους
1734 2307 1829 2358 καὶ
1849 2322 1991 2374 γνω-

402 2380 682 2449 μοδοτοῦσι
703 2398 716 2412 ⁶
747 2385 853 2437 τῶν
884 2386 1006 2440 καθ’
1038 2390 1185 2459 ἡμᾶς
1223 2390 1279 2443 δὲ
1328 2390 1590 2461 θεολόγων
1638 2395 1667 2445 ὁ
1700 2396 1991 2468 κράτιστος

397 2466 550 2537 οὗτος
593 2476 686 2528 καὶ
736 2478 1253 2548 ἱεροφαντικὼτατος
1298 2484 1617 2557 Γρηγόριος,
1645 2466 1991 2544 πᾶσαννάπο-

396 2563 656 2636 χρώντως
688 2567 785 2640 τὴν
824 2570 929 2623 ἀπὸ
961 2571 1069 2625 τῶν
1102 2573 1205 2640 ἔξω
1234 2576 1434 2645 σοφῶν,
1474 2580 1567 2632 καὶ
1602 2583 1862 2652 ποιητῶν,
1896 2585 1989 2637 καὶ

396 2658 658 2727 τεχνικῶν
714 2660 979 2730 ὠφέλειαν
1022 2668 1481 2738 καρπωσάμενος,
1529 2672 1606 2743 τῷ
1641 2674 1777 2745 πρὸς
1809 2676 1986 2740 πάσας

397 2749 576 2803 αὐτῶν
604 2750 703 2815 τὰς
730 2753 925 2824 τέχνας
966 2757 1057 2808 καὶ
1095 2759 1400 2829 ἐπιστήμας
1440 2764 1852 2834 κατωρθῶσθαι,
1892 2767 1986 2820 καὶ¹

396 2840 505 2891 πᾶν
536 2839 597 2892 τὸ
631 2841 816 2906 σθένος
844 2843 936 2897 τοῦ
979 2844 1159 2914 λόγου,
1195 2849 1288 2902 καὶ
1328 2852 1434 2903 πᾶν
1477 2852 1537 2905 τὸ
1574 2854 1674 2924 τῆς
1705 2854 1982 2927 ἀνθρωπί-

393 2948 491 3001 νης
538 2931 777 2997 διανοίας
837 2935 968 3005 ὕψος
1024 2937 1208 3009 ἄκρως
1261 2946 1769 3015 προασκησάμενος.
1811 2946 1985 3010 οὕτως

393 3025 499 3078 ὑπὸ
519 3026 679 3091 πόδας
695 3027 795 3097 τῆς
815 3030 1175 3103 εὐαγγελικῆς
1192 3034 1371 3105 φέρων
1393 3036 1657 3109 ὑπέρριψε
1677 3039 1980 3110 θεοσοφίας,

392 3119 488 3172 καὶ
524 3120 647 3174 ὅσον
692 3122 788 3191 μὲν
828 3126 893 3195 τῇ
940 3122 1283 3198 θεοπνεύστῳ
1316 3129 1503 3202 Γραφῇ
1536 3133 1630 3186 καὶ
1654 3136 1717 3204 τῇ
1754 3136 1981 3211 ἀληθείᾳ

389 3212 485 3267 τοῦ
519 3215 851 3284 Εύαγγελίου
886 3218 1207 3287 συμφωνοῦν
1240 3222 1533 3292 κατενόησε
1566 3226 1659 3277 καὶ
1685 3227 1819 3296 πρὸς
1848 3229 1980 3283 θεω-

392 3305 515 3375 ρίαν
544 3305 639 3358 καὶ
676 3306 875 3377 πρᾶξιν
905 3308 1320 3379 ὁμογνωμονοῦν
1339 3349 1354 3373 ,
1399 3312 1626 3377 οἰκείαις
1658 3316 1978 3387 εἰσηγήσεσι

390 3397 485 3450 καὶ
511 3396 762 3468 θεωρίαις
790 3398 865 3463 ὡς
892 3398 1149 3470 ἀληθείας
1177 3403 1472 3473 συνήγορος
1504 3405 1744 3477 ἐνέκρινέ
1778 3426 1841 3462 τε
1868 3415 1980 3474 τοῖς

314 3480 319 3485 ’
390 3489 555 3542 αὐτοῦ
599 3489 939 3561 συντάγμασι
986 3492 1079 3546 καὶ
1122 3494 1597 3566 ὲγνωμοδότησενο
1633 3499 1755 3552 ὅσον
1794 3500 1849 3553 δὲ
1898 3504 1978 3567 εἰς

393 3579 594 3649 μύθους
630 3581 725 3633 καὶ
768 3582 975 3647 πλάνας
1016 3584 1112 3637 καὶ
1163 3584 1436 3649 ἀπωλείας
1466 3588 1629 3659 φέρον
1661 3591 1853 3659 διέγνω
1885 3593 1979 3663 βυ-

390 3672 535 3737 θοὺς,
565 3672 862 3737 διαπτύσας
896 3675 952 3737 ὲς
999 3676 1241 3746 κόρακας
1285 3678 1643 3750 ἀπερῤίψατο.
1693 3684 1816 3737 Ἐπὶ
1860 3689 1978 3751 ταῖς

387 3764 577 3829 ἄλλαις
607 3761 700 3820 οὖν
744 3765 908 3819 αὐτοῦ
946 3769 1481 3840 σωτηριωδεστάταις
1517 3772 1979 3846 θεορρημοσύναις

388 3858 467 3912 ἔτι
500 3859 593 3912 καὶ
624 3859 723 3929 τὴν
759 3860 1127 3932 προκειμένην
1154 3864 1438 3935 γνωμικὴν
1488 3866 1843 3938 προστίθησιν
1874 3871 1978 3924 ὑπὸ

386 3952 736 4023 ἀκροστιχίδα
772 3953 1179 4024 πραγματείαν,
1230 3956 1296 4026 ἢν
1352 3958 1446 4009 καὶ
1497 3958 1701 4026 ἀγαθὸν
1756 3960 1976 4033 ἄθυρμα

384 4046 497 4109 τοῖς
543 4044 684 4108 νέοις
732 4046 1083 4116 παραδιδόναι
1138 4046 1305 4114 λέγει,
1369 4049 1574 4117 ἀγαθὸν
1626 4052 1724 4121 μὲν
1778 4052 1865 4106 διὰ
1916 4052 1976 4107 τὸ

388 4135 663 4207 ὠφέλιμον
685 4136 783 4206 τῆς
819 4137 1151 4208 συμϐουλίας
1189 4138 1283 4191 καὶ
1316 4140 1676 4210 σωτηριῶδες,
1726 4143 1974 4230 παίγνιον

384 4226 444 4280 δὲ
475 4227 561 4280 διά
587 4227 648 4280 τὸ
685 4228 1129 4300 κεκομψευμένον
1164 4230 1263 4299 τῆς
1303 4232 1613 4303 ποιητικῆς,
1639 4233 1757 4304 ἦτοι
1786 4226 1973 4305 μετρι-

385 4321 490 4391 κῆς
519 4320 717 4386 λέξεως
746 4322 839 4374 καὶ
871 4323 1144 4393 φράσεως,
1172 4324 1256 4391 ἐφ’
1285 4318 1365 4386 οἷς
1391 4319 1496 4376 οἶδε
1527 4326 1653 4389 τοὺς
1679 4328 1974 4397 νεωτέρους

385 4413 485 4483 οὐχ
519 4414 715 4484 ἥκιστα
757 4413 1050 4484 ἡδομένους
1107 4414 1200 4466 καί¹
1254 4412 1756 4486 φιλοτιμουμένους.
1802 4417 1974 4473 Τοῦτο

385 4506 515 4574 γοῦν
559 4506 651 4559 καὶ
690 4506 889 4571 ἐξόδιον
940 4507 1099 4578 χάριν
1147 4506 1501 4571 ἀπεκάλεσεν,
1549 4507 1624 4571 ὡς
1668 4510 1972 4568 τελευταῖον

386 4599 482 4650 καὶ
528 4593 637 4650 οἷον
683 4598 982 4669 ἐνδιάθετον
1032 4593 1363 4670 ἀπόφθεγμα
1404 4601 1518 4663 τοῖς
1544 4601 1765 4666 οἰκείοις
1798 4602 1972 4671 φίλοις

386 4688 479 4741 καὶ
516 4688 744 4754 μύσταις
772 4688 1150 4760 χαριζόμενος.

389 4781 411 4833 1
448 4781 686 4848 Γυμνύς
712 4778 854 4845 ὅλος
874 4779 1102 4843 βιότοιο
1125 4780 1324 4849 τέμοις
1346 4780 1483 4846 ἄνια,
1512 4799 1570 4835 κ.
1608 4800 1657 4835 τ.
1692 4785 1743 4837 ὲ.

453 4872 742 4925 Θάλασσαν
778 4871 876 4941 μὲν
901 4871 1343 4943 ὁμολογουμένως
1370 4874 1461 4927 τὸν
1496 4874 1589 4927 τοῦ
1623 4875 1826 4945 κόσμου
1856 4873 1968 4944 βίον

384 4964 674 5035 Γραφικῶς
697 4963 963 5017 ἀποκαλεί
988 4964 1074 5018 διά
1100 4981 1155 5016 τε
1187 4965 1246 5019 τὸ
1278 4965 1509 5022 ἄστατον
1538 4968 1728 5021 τούτου
1756 4969 1850 5024 καὶ
1874 4986 1970 5021 πο-

382 5056 683 5127 λύστροφον
728 5055 822 5109 καὶ
864 5056 1258 5121 ἀκατάστατον,
1293 5057 1382 5110 διά
1414 5076 1469 5111 τε
1510 5058 1570 5112 τὸ
1613 5059 1852 5131 ἁλμυρὸν
1876 5060 1970 5113 καὶ

385 5147 578 5219 πικρὸν
602 5147 701 5217 τῆς
724 5145 993 5218 ἁμαρτίας
1019 5145 1221 5199 καὶτοῦ
1252 5146 1317 5199 δι’
1348 5148 1514 5217 αὐτὴν
1539 5148 1786 5203 θανάτου.
1825 5150 1971 5220 Παρ-

386 5239 637 5308 αγγέλλει
672 5238 782 5307 (75)
812 5238 990 5291 τοίνυν
1026 5240 1053 5291 ὁ
1096 5238 1256 5306 σοφὸς
1293 5239 1400 5292 τῶν
1445 5240 1727 5311 ἡμετέρων
1772 5240 1972 5310 κυϐερ-

384 5332 552 5400 νήτης
589 5329 797 5400 ψυχῶν,
843 5330 1079 5399 γυμνοὺς
1121 5329 1218 5399 τὴν
1254 5329 1524 5384 θάλασσαν
1574 5331 1773 5402 ταύτην
1821 5333 1970 5401 ἡμᾶς

385 5420 668 5490 διαπερᾷν,
703 5418 847 5471 τοῦτ’
887 5418 1031 5470 ἔστιν
1081 5419 1392 5488 ἀκτήμονας
1445 5420 1536 5473 καὶ
1584 5421 1963 5492 ἀπράγμονας,

383 5512 617 5581 κούφους
663 5513 759 5565 καὶ
801 5510 1067 5581 ἐλαφροὺς
1102 5510 1443 5581 ἐκκολυμδᾷν
1489 5512 1694 5575 εἰδότας
1734 5512 1819 5566 διὰ
1849 5514 1965 5577 νοὸς

455 5690 563 5761 (73)
591 5690 792 5766 Carm._
822 5688 911 5753 62,
967 5708 1020 5761 p.
1081 5690 1191 5766 liii
1236 5690 1319 5746 ed.
1368 5691 1603 5764 Colon.;
1647 5712 1700 5766 p.
1744 5696 1845 5754 989
1874 5698 1960 5754 ed.

386 5760 676 5820 Leuvencl.
707 5761 814 5831 (ed.
844 5776 969 5814 nov.
996 5775 1047 5829 ρ.
1077 5761 1221 5831 585).

688 5899 938 5961 PATROL
1010 5900 1122 5961 Gn.
1174 5900 1530 5965 XXXVIII.

2102 1075 2525 1151 Continentnrius
2569 1079 2632 1133 de
2670 1084 2986 1139 sententiam
3028 1088 3281 1151 carmine,
3318 1105 3407 1141 seu
3451 1090 3681 1145 (inamo-

2173 1147 2327 1266 logila.
2358 1147 2536 1220 Magni
2584 1151 2821 1222 Gregorii
2878 1155 3123 1225 Theologi
3168 1147 3318 1227 cujus
3367 1159 3476 1213 lucc
3527 1178 3681 1217 acro-

2173 1228 2397 1266 sucus.-

2171 1228 2354 1270 διιεΙιιδ
2380 1235 2397 1270 .'

2099 1304 2385 1381 Sententia:
2420 1306 2677 1381 Gregorii.
2714 1312 2940 1366 disticha
2975 1329 3252 1381 venustas,

2104 1374 2264 1430 Utilis
2292 1377 2439 1431 luens
2460 1374 2766 1447 juvenibus,
2804 1401 2992 1439 munus
3021 1374 3360 1455 postremum.

2172 1468 2361 1523 Adhuc
2420 1483 2543 1542 post
2567 1474 2672 1528 alia
2695 1481 3086 1533 commentaria
3109 1492 3295 1536 nostra
3323 1499 3443 1553 quae
3462 1484 3527 1539 de
3554 1494 3680 1542 ante

2101 1559 2245 1616 datis
2290 1577 2319 1615 a
2358 1561 2635 1636 Theologo
2674 1571 3025 1626 veneratione
3069 1580 3122 1625 et
3157 1575 3326 1641 gratia
3375 1577 3678 1645 conspicuo

2101 1655 2318 1710 arcanis
2358 1659 2664 1711 carminum
2704 1660 2878 1729 ipsius
2912 1663 3326 1733 explicavinms,
3361 1675 3416 1722 et
3450 1683 3481 1721 a
3516 1669 3679 1724 nobis

2104 1743 2158 1796 in
2203 1743 2438 1815 Spiritus
2486 1749 2685 1805 virtute
2743 1754 3223 1810 commentandum
3277 1762 3674 1817 sententiosum

2100 1850 2344 1892 carmen.
2371 1838 2465 1895 Est
2481 1856 2612 1913 ergo
2630 1845 2899 1898 sententia
2928 1848 3232 1903 secundum
3255 1857 3466 1907 veteres
3493 1866 3677 1907 sermo

2101 1931 2456 1995 summarius,
2493 1933 2778 1990 dissuasor
2818 1945 2913 1990 aut
2956 1940 3271 2007 suasorius;
3328 1940 3452 1995 hinc
3483 1942 3672 2011 optimi

2098 2020 2548 2091 philosophorum
2563 2032 2615 2079 et
2638 2026 2915 2081 rhetorum
2931 2036 3313 2085 extraneorum
3331 2041 3384 2086 et
3406 2034 3677 2103 legislato-

2095 2126 2217 2165 rum
2234 2115 2465 2181 reputati
2502 2117 2769 2185 sapientia
2790 2132 2889 2172 sua
2920 2125 2973 2173 et
3005 2120 3320 2187 virtutibus,
3347 2125 3600 2180 similiter
3619 2135 3675 2181 et

2093 2202 2265 2255 multa
2290 2203 2480 2259 dicunt
2512 2207 2578 2260 ad
2612 2206 2910 2264 familiares
2932 2219 2985 2263 et
3014 2226 3173 2267 sensa
3195 2215 3525 2284 exprimunt;
3546 2217 3673 2273 inde

2093 2303 2275 2349 autem
2302 2295 2675 2367 theologorum
2705 2300 2847 2369 apud
2873 2315 2973 2358 nos
3007 2303 3247 2372 optimus
3283 2308 3385 2361 iste
3416 2315 3471 2362 et
3487 2308 3669 2366 divina

2090 2386 2343 2455 pandens
2370 2389 2665 2461 Gregorius
2700 2394 2884 2447 omnia
2923 2393 3263 2452 sufficienter
3291 2400 3357 2455 de
3390 2405 3669 2460 extraneis

2090 2479 2456 2549 sapientibus,
2472 2491 2524 2537 et
2541 2483 2741 2553 poetis,
2757 2494 2809 2540 et
2828 2486 3162 2553 rhetoribus,
3178 2491 3330 2546 utilia
3357 2494 3575 2565 collegit
3600 2498 3665 2552 ad

2090 2571 2433 2643 dirigendum
2466 2591 2520 2629 1n
2553 2578 2769 2632 cunctis
2799 2578 3015 2633 illorum
3062 2582 3273 2639 artibus
3305 2593 3360 2639 et
3399 2588 3666 2652 scientiis,

2089 2672 2143 2719 et
2175 2676 2391 2716 omnem
2416 2665 2677 2720 sermonis
2702 2684 2932 2723 nervum
2974 2680 3136 2741 atque
3177 2690 3391 2730 onmem
3444 2678 3666 2732 humani

2089 2756 2291 2826 ingenii
2317 2756 2607 2813 elationem
2635 2760 2906 2830 profunde
2934 2765 3248 2833 meditatus,
3281 2768 3359 2821 sic
3383 2769 3486 2824 sub
3508 2771 3663 2840 pedi-

2088 2848 2191 2903 bus
2231 2848 2567 2921 Evangelicaa
2607 2868 2726 2922 quae
2754 2869 2783 2907 a
2814 2855 2926 2910 Deo
2974 2866 3061 2912 est
3094 2857 3387 2929 Sapientiae
3433 2862 3666 2920 aﬂ'erens

2088 2940 2413 3009 subjecit,et
2447 2944 2813 3015 quodcunque
2837 2948 3056 3016 quidem
3089 2949 3353 3009 divinitus
3384 2955 3666 3029 inspirata:

2087 3029 2203 3085 Scri
2211 3038 2381 3100 pturae
2391 3042 2445 3087 et
2457 3033 2729 3109 Evangelii
2744 3038 2953 3095 veritati
2967 3051 3391 3103 consentaneum
3407 3045 3667 3106 intellexit

2085 3131 2138 3175 et
2178 3122 2421 3181 theorice
2472 3130 2823 3202 practiceque
2864 3134 3224 3191 conformiter
3259 3154 3503 3207 sensum,
3541 3143 3661 3197 ido-

2085 3213 2206 3268 neis
2240 3216 2592 3274 suasionibus
2635 3228 2688 3275 et
2736 3222 2988 3291 theoriis,
3018 3226 3176 3295 quasi
3210 3231 3457 3286 veritatis
3499 3233 3667 3287 advo-

2085 3312 2260 3370 catus,
2277 3307 2498 3365 admisit
2527 3312 2643 3366 suis
2672 3312 2727 3366 in
2758 3316 3247 3385 compositionibus
3280 3329 3333 3375 et
3362 3327 3666 3383 sententias

2084 3398 2319 3469 recepit;
2372 3400 2741 3474 quodcunque
2785 3421 2914 3461 vero
2969 3409 3036 3463 ad
3089 3409 3301 3468 fabulas
3354 3423 3407 3469 et
3458 3419 3664 3474 erroris

2084 3489 2587 3564 destructionisque
2622 3496 2853 3568 abyssos
2888 3499 3096 3557 ducens
3129 3508 3422 3574 cognovit,
3456 3511 3664 3579 respuit

2083 3581 2217 3636 etad
2244 3597 2371 3639 aves
2402 3585 2633 3655 rejecit;
2669 3589 2793 3645 aliis
2826 3606 2957 3661 ergo
2991 3593 3165 3663 ipsius
3194 3597 3419 3653 omnino
3450 3601 3662 3656 saluta-

2080 3672 2233 3729 ribus
2262 3675 2461 3733 divinis
2486 3678 2773 3749 colloquiis
2807 3682 3031 3748 addens,
3061 3685 3239 3741 adhuc
3269 3696 3324 3742 et
3353 3692 3659 3761 expositum

2080 3772 2475 3828 sententiosum
2523 3773 2682 3827 offert
2722 3774 2825 3830 sub
2862 3777 3245 3835 acrostichidis
3288 3779 3462 3837 forma
3494 3799 3655 3855 opus,

2079 3866 2226 3933 quod
2276 3865 2478 3920 bonum
2527 3866 2984 3927 oblectamentum
3024 3869 3319 3936 juvenibus
3344 3873 3462 3929 dari
3491 3875 3655 3939 dicit;

2078 3956 2284 4014 bonum
2311 3958 2531 4028 quidem
2556 3966 2741 4029 utpote
2764 3962 3009 4017 consiliis
3043 3963 3271 4020 utilibus
3300 3966 3657 4025 salutaribus-

2078 4063 2185 4115 que
2231 4050 2521 4115 refertum,
2569 4052 3028 4109 oblectamentum
3086 4070 3214 4109 vero
3263 4058 3492 4127 puerile,
3528 4061 3656 4131 quia

2076 4142 2300 4208 poetica:
2330 4150 2424 4196 aut
2454 4144 2695 4198 metricae
2723 4144 3017 4201 locutionis
3042 4154 3096 4200 et
3123 4147 3340 4217 phrasis
3370 4149 3441 4204 sit
3469 4166 3657 4224 comp-

2078 4245 2222 4297 tum,
2272 4234 2414 4289 sicut
2462 4233 2692 4304 juvenes
2742 4238 2895 4291 novit
2931 4253 3037 4291 non
3085 4254 3277 4309 parum
3321 4242 3559 4310 gaudere
3601 4252 3656 4300 et

2075 4323 2378 4393 gloriosum
2412 4324 2633 4381 habere.
2671 4326 2810 4381 Illud
2852 4343 2980 4398 ergo
3014 4339 3061 4385 et
3118 4346 3255 4401 opus
3301 4347 3653 4393 coronantem

2074 4416 2304 4486 gratiam
2352 4418 2691 4487 nuncupavit
2742 4421 2901 4489 quasi
2948 4420 3108 4477 tinale
3147 4430 3203 4477 et
3251 4425 3473 4482 obvium
3523 4445 3655 4500 apo-

2074 4503 2365 4575 phtbegma
2401 4506 2611 4562 idoneis
2640 4509 2978 4567 amatoribus
3004 4520 3057 4570 et
3086 4514 3333 4588 mysticis
3349 4516 3654 4588 jucundum

2073 4611 2296 4665 parans.

2075 4772 2101 4825 ’1
2144 4771 2342 4829 Nudus
2376 4784 2514 4834 (oms
2543 4777 2660 4830 vita:
2691 4777 2841 4833 sulm
2866 4780 3082 4850 pelagus
3106 4822 3120 4844 ,
3158 4791 3261 4837 etc.

2145 4865 2294 4922 Mare
2337 4870 2557 4938 quidem
2602 4872 2994 4929 convenienter
3044 4876 3207 4947 hujus
3249 4881 3435 4937 mundi
3486 4883 3650 4940 vitam

2074 4973 2181 5013 una
2237 4974 2360 5017 cum
2404 4959 2688 5031 Scriptura
2736 4973 2894 5019 vocat
2946 4968 3015 5021 ob
3066 4968 3240 5037 ipsius
3298 4971 3550 5029 instabile
3599 4986 3654 5031 et

2070 5052 2329 5105 versatile
2371 5060 2425 5107 et
2471 5056 2911 5123 tumultuosum,
2963 5066 3127 5129 atque
3172 5061 3242 5115 ob
3297 5066 3554 5120 acerbum
3600 5078 3654 5123 et

2071 5155 2318 5195 amarum
2370 5155 2578 5211 peccati
2640 5156 2692 5199 et
2742 5163 2836 5216 per
2896 5148 3025 5203 illud
3084 5151 3299 5218 mortis;
3349 5158 3656 5224 prmscribit

2070 5250 2201 5304 ergo
2227 5235 2449 5304 sapiens
2486 5246 2797 5293 nostrarum
2831 5242 3161 5310 gubernator
3191 5246 3519 5311 animarum,
3553 5266 3655 5304 nu-

2075 5327 2174 5381 dos
2205 5342 2352 5383 mare
2376 5328 2507 5383 illud
2534 5340 2891 5394 transmeare,
2916 5334 2965 5388 id
2999 5346 3102 5399 est,
3136 5353 3401 5407 pauperes
3426 5350 3479 5393 et
3507 5344 3655 5397 curis

2076 5420 2197 5478 vita:
2225 5421 2529 5487 expeditos,
2561 5423 2708 5477 leves
2738 5437 2793 5478 et
2827 5426 2993 5495 agites
3020 5432 3487 5486 lransnatantibus
3506 5436 3657 5487 simi-

2073 5512 2154 5568 les
2206 5527 2315 5581 prae
2363 5514 2555 5583 spiritu
2605 5516 2858 5585 precibus
2907 5520 3178 5584 avolante,
3224 5538 3334 5591 pm
3370 5528 3554 5579 anima
3600 5537 3657 5584 et

2146 5698 2405 5778 god:
2424 5703 2695 5778 πολυρημ.
2712 5713 2833 5757 etv.
2854 5705 3162 5778 ἓῦλθεορημ.
3188 5706 3247 5762 ν.
3271 5723 3443 5762 carm.
3462 5709 3513 5767 7.
3531 5725 3647 5778 sup,

2144 5769 2266 5839 (75).
2289 5769 2420 5825 Cod.
2468 5769 2667 5828 iterum
2718 5769 3298 5848 παραγέλειύίέιιρτο
3330 5796 3381 5847 p.
3420 5780 3543 5845 “3,
3569 5769 3621 5842 4',

3251 5921 3327 5988 ‘25
