4164 6350
510 357 619 416 773

508 488 742 546 corpore
769 470 1201 542 temperantibus
1227 483 1328 523 nec
1352 483 1518 522 onere
1543 466 1823 538 gravibus;
1856 482 1926 522 ne
1953 467 2098 523 sicut

507 567 664 622 navis
697 564 885 620 nimiis
919 563 1107 616 tnundi
1152 560 1396 615 materiis
1431 567 1484 614 et
1513 558 1875 629 cupiditatum
1912 559 2095 613 oneri-

507 658 617 714 bus
645 657 816 711 instar
848 653 1112 708 mercium
1151 657 1443 720 aggravata
1470 649 1710 719 peccatis
1738 655 1999 718 properes
2027 644 2094 699 ad

503 758 754 814 mortem,
778 745 1120 816 naufragium
1146 753 1200 799 et
1223 744 1278 798 in
1297 742 1496 796 ﬂuctus
1521 740 1950 811 depressionem.
1977 737 2094 792 Hoc

503 842 720 913 quidem
769 840 1005 910 primunt
1053 836 1454 891 sententiosum
1494 839 1846 903 praeceptum.
1880 829 2090 886 Secun-

500 932 667 986 dum:
712 943 929 999 semper
966 936 1094 982 ante
1126 926 1318 980 oculos
1359 931 1590 978 mortem
1626 922 1926 976 habeamus
1962 921 2092 974 hor-

503 1029 668 1083 tatur,
687 1031 740 1074 et
768 1018 925 1090 quasi
952 1025 1276 1088 praesentem
1303 1013 1717 1068 meminerimus
1741 1013 1796 1066 in
1811 1011 2089 1066 omnibus.

503 1112 595 1168 Sic
617 1112 763 1168 enim
791 1113 930 1181 ipsa,
956 1108 1154 1178 inquit,
1177 1108 1231 1162 in
1266 1105 1532 1160 memoria
1559 1115 1795 1168 servata,
1823 1102 1879 1156 in
1911 1102 1964 1156 vi
1992 1117 2091 1158 sua

501 1205 845 1267 absorbetur,
876 1211 929 1257 et
949 1211 1006 1256 tu
1039 1217 1148 1256 non
1183 1199 1470 1254 horrenda:
1509 1214 1611 1253 nec
1656 1194 1952 1252 tremenda:
1994 1210 2095 1250 nec

501 1299 774 1362 molesta,
805 1296 898 1351 sed
930 1295 1086 1349 victa:
1127 1300 1182 1348 et
1210 1298 1510 1346 mansuetae
1540 1305 1799 1345 occurres
1828 1297 1884 1344 et
1920 1288 2088 1343 dulci.

500 1388 782 1444 Tertium:
825 1401 1060 1457 semper,
1119 1383 1216 1448 ait,
1259 1399 1454 1438 navem
1498 1381 1607 1437 Deo
1657 1390 1808 1436 tuum
1847 1396 2094 1450 praepara

501 1481 788 1553 spiritum;
813 1486 869 1533 et
890 1493 1092 1548 corpus
1115 1485 1169 1532 et
1188 1477 1424 1530 animam
1459 1491 1554 1545 per
1578 1473 1735 1530 fidem
1765 1488 1874 1528 non
1909 1474 2091 1526 lictam

500 1583 556 1630 et
613 1575 778 1644 digna
844 1571 948 1627 fide
983 1586 1180 1640 opera;
1215 1571 1298 1625 sic
1346 1569 1494 1624 enim
1549 1566 1723 1622 Deum
1779 1567 1835 1621 in
1898 1566 2091 1620 intimo

504 1677 721 1738 pectore
740 1664 1162 1730 firmamentum,
1181 1671 1234 1718 et
1249 1663 1437 1725 robur,
1457 1669 1511 1716 et
1537 1659 1806 1731 refugium
1836 1673 2088 1730 magnum

510 1760 754 1816 habebis.
817 1757 1044 1828 insuper
1102 1770 1270 1812 nosce
1318 1756 1576 1824 teipsum,
1629 1769 1664 1808 o
1713 1752 1938 1823 optime.
1983 1766 2086 1806 nec

503 1852 821 1908 memoriam
845 1851 1090 1921 deponas
1113 1847 1445 1905 conditionis
1487 1856 1622 1913 tuaa,
1652 1845 1798 1916 quod
1834 1860 1864 1898 a
1901 1844 2009 1900 Deo
2033 1853 2088 1898 et

501 1943 570 2000 ad
599 1943 773 2014 ipsius
797 1943 1089 2013 imaginem
1116 1941 1420 2011 plasmatus
1442 1939 1540 2002 sis,
1557 1948 1610 1993 et
1629 1937 2088 2008 cognosce,quis-

499 2035 626 2106 quis
659 2033 781 2098 ﬁas,
812 2032 958 2104 quod
986 2033 1148 2086 homo
1173 2030 1353 2086 factus
1385 2030 1460 2087 sis
1487 2037 1540 2083 et
1570 2042 1678 2082 non
1706 2027 1850 2084 Deus
1877 2043 1907 2082 e
1940 2035 2087 2082 terra

500 2135 776 2197 smnptus;
809 2139 938 2181 caro
973 2123 1143 2187 enim,
1184 2136 1214 2174 a
1247 2121 1357 2177 Deo
1388 2135 1517 2175 vero
1557 2119 1892 2190 spiraculum
1934 2131 2088 2171 acce-

501 2218 648 2288 pisti,
679 2218 908 2288 spiritus
937 2217 1082 2272 enim
1113 2230 1174 2271 es
1203 2235 1218 2283 ;
1244 2213 1349 2268 hoc
1383 2212 1564 2270 sciens
1606 2219 1662 2266 et
1701 2211 2085 2280 plasmatorem

501 2309 798 2366 honorabis
815 2310 886 2364 ob
903 2309 1158 2380 gratiam,
1180 2314 1236 2363 et
1258 2307 1548 2363 elationem
1571 2305 1746 2377 fugies
1767 2305 1839 2360 ob
1854 2313 2082 2371 terram;

500 2403 580 2458 sic
609 2403 929 2457 humiliatus
960 2401 1079 2471 ipse
1098 2439 1114 2464 ,
1148 2398 1542 2471 proutjustum
1564 2405 1686 2463 est,
1715 2398 1966 2453 exaltans
1995 2415 2088 2454 au-

501 2503 610 2550 tem
652 2493 1055 2550 benel'actorem
1077 2533 1092 2556 ,
1124 2492 1360 2548 faciliter
1392 2491 1460 2546 ad
1497 2491 1700 2545 bonum
1732 2489 2085 2562 archetypum

501 2586 809 2657 pervenies,
842 2585 897 2639 in
935 2585 1088 2655 praxi
1125 2585 1363 2654 teipsum
1393 2582 1722 2646 humilians,
1760 2582 1816 2636 in
1850 2584 2086 2638 medita-

501 2680 646 2735 tione
680 2693 807 2734 vero
835 2676 1152 2733 Creatorem
1186 2676 1434 2732 exaltans
1466 2683 1520 2730 et
1546 2675 1942 2745 contemplans.

500 2892 534 2948 9
575 2890 694 2945 Dies
723 2888 790 2943 ad
815 2887 955 2942 diem
979 2896 1026 2942 te
1055 2886 1396 2954 transmittit,
1427 2897 1535 2942 etc.

573 3002 928 3073 Unaquaaque
950 3001 1070 3056 dies
1090 3000 1410 3070 praeteriens
1422 3000 1676 3071 sequenti
1702 3008 1756 3056 te
1782 2999 1934 3056 ducit
1951 3000 2083 3066 diei;

499 3096 753 3166 quisquis
802 3109 935 3164 ergo
971 3094 1109 3148 levis
1163 3102 1216 3147 et
1248 3096 1577 3149 inconstans
1630 3093 1833 3164 spiritu
1874 3100 1930 3148 et
1974 3111 2086 3149 non

499 3195 843 3257 compactus,
873 3185 1004 3256 ligni
1041 3184 1180 3240 levis
1218 3184 1400 3240 instar
1428 3201 1457 3238 a
1498 3185 1671 3242 maris
1706 3185 1884 3240 ﬂuctu
1930 3188 2084 3242 volu-

499 3288 648 3334 tatur
677 3287 733 3334 et
762 3279 1030 3348 jactatur,
1061 3277 1201 3332 alias
1227 3276 1296 3330 ad
1331 3278 1440 3331 alia
1468 3279 1710 3349 cogitata
1756 3288 1978 3334 mutans
2027 3289 2082 3336 et

497 3386 704 3442 opera;
756 3370 886 3424 dum
919 3369 1014 3440 qui
1033 3368 1316 3426 constanti
1347 3377 1401 3423 et
1435 3370 1593 3423 firma
1615 3371 1894 3426 sententia
1938 3371 2083 3426 sicut

499 3471 655 3535 petra
699 3465 866 3518 verbo
910 3463 1164 3518 veritatis
1211 3462 1464 3516 firmatur
1499 3470 1553 3518 et
1594 3464 1873 3530 consistit,
1908 3465 2082 3518 indis-

498 3556 792 3612 solubilem
839 3564 894 3610 et
929 3564 1347 3625 permanentem
1401 3557 1455 3609 in
1492 3555 1676 3625 seipso
1710 3556 1855 3611 diem
1895 3557 2080 3619 habet,

499 3649 737 3704 humana
767 3648 1010 3704 transire
1043 3655 1103 3701 ut
1134 3647 1326 3703 volunt
1351 3647 1420 3702 ab
1453 3644 1600 3700 infra
1624 3648 1777 3713 sinit,
1808 3649 1925 3718 ipse
1955 3665 2083 3702 vero

497 3742 640 3798 diem
694 3756 861 3796 unam
913 3741 1166 3796 stabilem
1224 3756 1388 3810 super
1443 3739 1658 3794 dierum
1707 3740 2082 3795 ltumanorum

496 3833 667 3886 millia
701 3841 757 3888 et
791 3831 1159 3887 aeternitatem
1195 3846 1361 3887 unam
1401 3846 1694 3901 perennem
1734 3840 1904 3904 atque
1941 3841 2082 3887 tem-

496 3937 600 3992 pus
637 3938 750 3977 non
835 3917 1054 3978 elabens
1125 3923 1337 3978 habens
1381 3922 1572 3986 Deum,
1613 3923 1842 3979 firmiter
1875 3933 1930 3981 et
1955 3925 2081 3980 abs-

494 4030 602 4084 que
643 4014 1031 4070 vicissitudine
1067 4015 1122 4068 in
1158 4015 1282 4085 ipso
1315 4014 1672 4082 oblirmatur;
1703 4048 1771 4055 —
1802 4019 2082 4087 quomodo

493 4105 641 4160 enim
689 4105 993 4161 confideret
1054 4106 1109 4160 in
1160 4105 1248 4161 his
1290 4107 1383 4177 qui
1434 4106 1638 4162 abeunt
1696 4117 1751 4163 et
1807 4108 1919 4179 jam
1971 4126 2079 4165 non

495 4197 666 4253 sunt?
689 4227 758 4236 —
788 4197 899 4253 Nec
938 4199 994 4253 in
1027 4199 1377 4255 venientibus
1411 4200 1668 4254 fiduciam
1697 4200 1865 4255 habet
1898 4211 1952 4256 et
1987 4218 2081 4273 ap-

495 4289 1011 4360 propinquantibus,
1057 4291 1242 4348 sciens
1288 4293 1434 4362 quod
1511 4292 1723 4363 pariter
1770 4309 1897 4347 cum
1958 4294 2080 4364 ipso

496 4381 610 4436 hzec
640 4381 818 4448 ibunt,
854 4383 1172 4438 transibunt
1201 4391 1255 4438 et
1289 4399 1568 4454 nusquam
1599 4391 1788 4439 erunt.
1816 4385 1920 4449 Qui
1945 4401 2080 4455 ergo

493 4471 717 4527 conﬂdit
753 4473 806 4526 in
847 4473 969 4529 istis
999 4482 1054 4528 et
1088 4481 1302 4544 sperat,
1353 4475 1498 4529 sciat
1532 4490 1594 4530 se
1643 4475 1698 4529 in
1745 4473 1912 4529 ﬂuvio
1953 4491 2080 4546 pro-

492 4562 693 4618 ﬂuente
720 4562 1000 4619 conlidere
1044 4562 1196 4634 quod
1241 4578 1463 4633 semper
1495 4574 1749 4619 movetur
1779 4575 1835 4620 et
1879 4568 2078 4620 transit

492 4670 594 4710 nec
627 4671 866 4726 unquam
925 4655 1403 4726 lirmumimanere
1447 4665 1668 4726 potest;
1711 4673 1904 4712 verum
1949 4673 2073 4712 cum

491 4747 602 4803 duo
635 4749 750 4803 haec
781 4750 893 4804 sint
919 4749 1062 4804 inter
1096 4764 1216 4820 qua:
1246 4748 1632 4820 appretiantur
1662 4750 1867 4804 bonum
1885 4757 1939 4805 et
1965 4766 2073 4804 ma-

492 4838 628 4903 lum,
666 4839 878 4908 justum
909 4849 964 4894 et
997 4840 1289 4909 injustum,
1325 4839 1493 4894 vitam
1522 4840 1647 4893 dico
1681 4847 1736 4893 et
1752 4852 2076 4902 sermonem,

491 4937 586 4983 aut
614 4931 853 5000 praxim,
881 4939 938 4984 et
966 4932 1272 4994 tlteoriam,~
1292 4945 1393 5000 par
1425 4931 1559 4985 mihi
1608 4933 1836 4998 malum,
1869 4934 2070 5003 inquit,

489 5023 602 5077 vita
634 5031 688 5076 et
727 5021 941 5092 loquela
992 5021 1317 5075 criminosa.
1351 5019 1565 5076 Etenim
1613 5021 1724 5074 vita
1753 5022 1970 5091 impura
2018 5031 2074 5076 et

489 5112 760 5167 scelerata
838 5119 892 5166 et
948 5125 1182 5166 manens
1255 5113 1622 5166 correctionis
1683 5112 1935 5182 incapax,
2016 5113 2071 5166 in

489 5204 728 5258 haereses
775 5202 1034 5258 mortales
1095 5209 1150 5258 et
1207 5217 1494 5259 sermones
1563 5204 1971 5260 contaminatos
2016 5213 2072 5259 et

489 5295 860 5366 blasphemias
888 5295 1203 5366 praecipitat
1231 5303 1572 5365 peccantem.
1609 5296 1673 5350 Et
1703 5311 1884 5352 sermo
1904 5311 1936 5350 a
1967 5297 2073 5351 fide

486 5385 791 5451 deducens,
826 5387 1056 5442 hazresis
1083 5388 1267 5442 fautor
1316 5387 1384 5442 ad
1425 5387 1880 5443 scelestissimam
1929 5387 2072 5457 rapit

488 5479 678 5532 vitam.
729 5478 790 5533 In
853 5496 1185 5552 quocunque
1243 5481 1441 5536 horum
1505 5489 1820 5552 perseveret
1872 5481 2073 5552 aliquis

483 5570 836 5640 complacens
870 5573 974 5627 sibi
1015 5581 1421 5641 consequenter
1443 5582 1497 5628 et
1527 5573 1581 5627 in
1617 5573 1852 5628 alterum
1887 5575 2068 5629 cadet.

483 5657 820 5716 Contumelia
837 5680 958 5718 eum
992 5666 1079 5735 qui
1109 5666 1350 5735 impurus
1370 5673 1474 5729 est,
1511 5676 1565 5719 et
1597 5681 1713 5735 seq.

556 5750 714 5804 Sicut
743 5769 877 5822 pura
910 5772 1142 5826 corpora
1177 5765 1230 5810 et
1276 5765 1466 5812 sancta
1495 5759 1564 5811 ad
1597 5767 1791 5813 sancta
1827 5765 1880 5813 et
1930 5774 2068 5829 pura

481 5841 743 5899 accedere
771 5855 986 5914 oportet
1007 5855 1062 5904 et
1093 5849 1270 5907 sacris
1293 5851 1446 5922 fungi
1484 5850 1698 5917 oﬂiciis,
1735 5852 1814 5908 sic
1843 5860 2061 5922 oportet

1874 349 2172 408 NICETAS

2237 348 2444 406 DAVIII
3694 352 3800 408 780

2207 465 2576 536 πτερουμένου
2630 467 2990 536 προσευχαῖς,
3043 464 3131 518 διά
3176 464 3356 536 ψυχῆς
3404 466 3497 521 xui
3555 466 3804 538 σώματος

2208 557 2510 628 ἐγκρατοῦς
2550 557 2643 610 xui
2685 556 2948 628 ἀϐαροῦς,
2984 558 3071 612 ἵνα
3117 558 3193 629 μὴ
3233 559 3308 623 ὡς
3346 560 3476 623 ναῦς
3521 559 3660 629 ἀγαν
3705 562 3804 625 τὰς

2206 647 2339 712 ὕλας
2363 646 2457 700 τοῦ
2484 646 2690 717 κόσμου
2725 646 2817 699 xui
2855 646 2924 699 τὰ
2963 647 3104 720 βάρη
3147 646 3255 702 τῶν
3285 649 3584 720 ἀγωγίμων
3611 649 3804 704 παθῶν

2207 739 2638 812 πεφορτισμένη,
2670 739 2900 810 ἑτοίμως
2943 741 3066 803 ταῖς
3118 740 3414 812 ἁμαρτίαις
3455 742 3536 804 εἰς
3574 739 3802 794 θάνατον

2205 831 2524 888 καταδύοιτο
2582 831 2678 884 xui
2729 829 3196 894 καταποντίζοιτο.
3237 831 3409 886 Τοῦτο
3443 832 3544 902 μὲν
3584 833 3801 904 πρῶτον

2204 924 2572 997 παράγγελμα
2595 925 2900 995 γνωμικόν·
2925 925 3197 996 δεύτερον,
3238 925 3326 978 ἀεὶ
3370 926 3477 998 πρὸ
3507 925 3801 996 ὀφθαλμῶν

2202 1014 2346 1086 ἔχειν
2378 1013 2468 1066 τὸν
2501 1013 2729 1067 θάνατον
2761 1016 3072 1085 παρεγγυᾷ,
3110 1015 3204 1068 xui
3227 1014 3302 1078 ὡς
3323 1015 3487 1068 αὑτοῦ
3519 1016 3802 1088 παρεστῶ-

2201 1124 2294 1171 τος
2325 1105 2732 1178 μιμνήσκεσθαι
2762 1106 2850 1159 διά
2879 1106 3097 1170 παντός.
3132 1106 3290 1160 Οῦτω
3318 1106 3450 1180 γὰρ,
3485 1110 3669 1178 φησιν,
3701 1110 3797 1162 αῦ-

2200 1199 2292 1262 τός
2323 1215 2382 1251 τε
2420 1198 2890 1269 μνημονευόμενος
2923 1197 3202 1264 ἐξασθενεῖ
3232 1200 3328 1252 xui
3377 1201 3441 1253 σὺ
3481 1201 3544 1254 ού
3588 1201 3800 1272 φρικτῷ

2200 1289 2374 1361 τούτῳ
2426 1289 2546 1343 οὐδὲ
2595 1289 2807 1362 φοϐερῷ
2858 1289 2952 1344 xui
3003 1289 3265 1362 χαλεπῷ,
3314 1289 3427 1344 ἀλλ’
3477 1292 3660 1362 ἥττονι
3708 1295 3802 1346 xui

2199 1383 2393 1454 ἡμέρῳ
2443 1382 2814 1453 ἀντιϐολήσεις
2863 1382 2956 1435 xui
3007 1382 3155 1453 ήδείο
3204 1382 3424 1454 τρίτον,
3476 1385 3585 1445 ἀεὶ,
3641 1385 3796 1455 φησὶ,

2199 1473 2325 1529 ναὸν
2359 1475 2437 1546 τῷ
2461 1474 2580 1546 Θεῷ
2607 1475 2696 1528 τὸν
2738 1474 2829 1529 σὸν
2871 1474 3246 1539 κατασκεύαζε
3277 1475 3422 1541 νοῦν,
3473 1477 3567 1530 xui
3617 1477 3797 1546 σῶμα,

2201 1566 2294 1619 καὶ
2340 1565 2517 1638 ψυχὴν
2565 1567 2634 1619 δι’
2682 1566 3006 1639 εἰλικρινοῦς
3054 1567 3291 1632 πίστεως
3338 1569 3433 1622 xui
3487 1569 3652 1636 ἀξίων
3697 1571 3799 1640 τῆς

2199 1655 2435 1719 πίστεως
2478 1655 2655 1726 ἔργων
2698 1654 2936 1726 δηλαδή·
2987 1653 3131 1708 οὕτω
3172 1654 3281 1726 γὰρ
3325 1654 3392 1708 ἂν
3439 1654 3600 1708 αὑτὸν
3651 1654 3799 1708 ἔνδον

2195 1745 2298 1816 τῆς
2346 1745 2447 1818 σῆς
2491 1746 2635 1818 ἐχοις
2686 1747 2915 1816 καρδίας
2974 1749 3274 1821 στήριγμα,
3336 1749 3662 1820 κραταίωμα
3705 1750 3798 1803 xui

2190 1837 2391 1908 θάρσος
2440 1839 2602 1910 μέγα.
2659 1839 2804 1910 Πρὸς
2849 1838 3060 1906 τούτοις
3091 1840 3258 1909 γνῶθι
3312 1841 3556 1907 σεαυτὸν,
3593 1835 3637 1895 ὧ
3671 1841 3793 1911 βέλ-

2194 1947 2368 1999 τιστε,
2393 1931 2590 2004 καὶμὴ
2627 1933 2830 2002 ἀγνόει,
2865 1933 2946 1987 ὄτι
2987 1935 3050 1987 ἐκ
3079 1931 3172 1987 τοῦ
3210 1933 3345 1986 Θεοῦ
3383 1936 3477 1988 xui
3519 1934 3660 1988 κατά
3697 1935 3795 2005 τὴν

2197 2021 2410 2077 ἐκείνου
2450 2024 2634 2077 εἰκόνα
2689 2023 3046 2096 διεπλάσθης·
3104 2025 3198 2078 xui
3247 2024 3599 2092 ἐπιγίνωσκε,
3645 2024 3794 2085 ὅστις

2189 2113 2442 2187 ἐτύχθης,
2477 2116 2560 2170 ὅτι
2595 2115 2880 2186 ἄνθρωπος
2916 2117 3165 2184 γέγονας,
3201 2119 3295 2170 xui
3329 2117 3390 2169 οὐ
3434 2116 3588 2180 Θεὸς,
3623 2115 3792 2185 γῆθεν

2193 2205 2292 2272 μὲν
2335 2205 2592 2277 ληφθείς·
2646 2205 2783 2278 σὰρξ
2841 2207 2977 2280 γάρ·
3032 2207 3214 2260 θεόθεν
3270 2207 3325 2261 δὲ
3393 2208 3782 2278 ἐμπνευσθείς·

2189 2297 2413 2369 πνεῦμα
2451 2299 2579 2369 γάρ.
2611 2297 2782 2353 Τοῦτο
2827 2296 2919 2354 οὖν
2952 2299 3127 2365 εἰδὼς,
3177 2302 3272 2355 xui
3313 2302 3405 2354 τὸν
3438 2301 3687 2371 Πλάστην
3713 2319 3791 2354 τι-

2190 2395 2386 2464 μήσεις
2411 2391 2499 2446 διά
2522 2391 2620 2464 τὴν
2650 2393 2829 2465 χάριν,
2855 2393 2950 2446 xui
2984 2393 3082 2463 τὴν
3125 2393 3358 2465 ἔπαρσιν
3391 2393 3562 2466 φεύξῃ
3585 2394 3671 2447 διά
3700 2394 3788 2446 τὸν

2188 2482 2350 2554 χοῦν·
2415 2482 2557 2538 οὕτω
2603 2483 2661 2536 δὲ
2709 2483 3134 2554 ταπεινούμενος
3179 2484 3280 2554 μὲν
3323 2483 3504 2550 αὐτὸς,
3532 2484 3608 2549 ὼς
3639 2482 3791 2548 ἄξιόν

2188 2577 2360 2640 ἐστιν,
2399 2576 2551 2645 ὑψῶν
2581 2576 2638 2629 δέ
2662 2573 2753 2629 τὸν
2797 2576 3112 2647 εὐεργέτην,
3146 2577 3299 2647 ῥᾷστ’
3328 2576 3394 2630 ἂν
3437 2575 3532 2630 τοῦ
3567 2576 3790 2646 ἀρχετύ-

2189 2683 2291 2721 που
2327 2669 2790 2739 κατευστοχήσαις
2842 2668 3032 2733 καλοῦ,
3081 2667 3280 2739 πράξει
3320 2669 3418 2739 μὲν
3466 2670 3658 2723 ἐαυτὸν
3691 2686 3786 2722 τα-

2190 2759 2414 2826 πεινῶν,
2450 2759 2654 2834 θεωρία
2680 2762 2737 2814 δὲ
2763 2761 2854 2814 τὸν
2890 2761 3126 2832 Ποιητὴν
3157 2761 3306 2831 ὑψῶν
3329 2761 3423 2814 xui
3451 2761 3694 2834 θεωρῶν.

2189 2886 2221 2940 9
2250 2882 2438 2957 Ἦμαρ
2467 2887 2561 2941 ἐπ’
2589 2883 2750 2958 ἦμαρ
2781 2889 2911 2958 ἄγει
2933 2905 3030 2955 σε,
3061 2898 3167 2944 etc.

2269 2998 2508 3070 Ἐκάστη
2545 2999 2728 3070 ἡμέρα
2780 2999 3011 3063 διιοῦσα,
3048 3002 3113 3072 τῇ
3148 3000 3381 3074 ἐπιούσῃ
3423 3003 3692 3073 προσάγει
3719 3020 3780 3057 σι

2187 3089 2392 3163 ἡμέρᾳ.
2428 3091 2622 3155 Ὅστις
2683 3087 2776 3145 οὖν
2805 3093 3040 3164 ἐλαφρὸς
3073 3093 3167 3145 xui
3211 3090 3471 3157 ἀϐέϐαιος
3502 3093 3655 3147 πέλει
3686 3095 3782 3148 τὸν

2188 3182 2314 3235 νοῦν
2340 3181 2436 3236 xui
2479 3181 2722 3253 ἀπαγὴς,
2755 3177 2845 3237 οἷά
2859 3202 2910 3236 τι
2945 3182 3102 3248 ξύλον
3129 3182 3332 3253 κοῦφον
3367 3185 3462 3238 ἐπὶ
3494 3183 3780 3238 θαλαττίου

2188 3274 2433 3346 κύματος
2458 3274 2766 3330 κυλίνδεται
2791 3279 2887 3330 καὶ
2915 3277 3304 3350 μεταφέρεται,
3329 3278 3505 3333 ἄλλοτ’
3530 3278 3620 3332 ἐπ’
3645 3279 3780 3332 ἄλλα

2187 3369 2436 3438 νοήματα
2475 3367 2873 3439 μεθιστάμενος
2903 3369 2999 3424 καὶ
3021 3372 3325 3443 πράγματα
3346 3388 3359 3402 ·
3393 3371 3453 3435 ὃς
3481 3371 3662 3443 μέντοι
3683 3373 3776 3424 εύ-

2186 3463 2354 3530 παγεϊ
2381 3461 2477 3515 xui
2502 3461 2697 3533 βεϐαίᾳ
2720 3462 2914 3534 γνώμῃ
2947 3463 3024 3526 ὡς
3055 3464 3230 3534 πέτρᾳ
3251 3462 3329 3534 τῷ
3354 3463 3498 3534 λόγῳ
3529 3465 3628 3534 τῆς
3643 3464 3776 3535 ἀλη-

2187 3552 2338 3616 θείας
2367 3553 2578 3622 ῐδρυται
2608 3555 2701 3608 xui
2729 3554 2997 3626 πέπηγεν,
3037 3556 3229 3610 ἄλυτον
3263 3556 3376 3626 ἔχει
3400 3557 3495 3610 καὶ
3531 3558 3779 3611 ἑστῶσιν

2186 3648 2244 3698 ἐν
2269 3644 2446 3716 ἐαυτῷ
2500 3647 2733 3717 ἡμέραν,
2787 3646 2856 3700 τὰ
2900 3646 3219 3718 ἀνθρώπινα
3253 3649 3351 3718 μὲν
3391 3650 3523 3719 ῥεῖν,
3558 3650 3631 3713 ὡς
3657 3650 3776 3701 ἐθέ-

2184 3738 2354 3804 λουσι,
2384 3739 2537 3794 κάτω
2570 3741 2810 3812 παριεὶς,
2845 3741 3005 3806 αὐτὸς
3032 3741 3086 3795 δὲ
3117 3743 3211 3795 xui
3244 3742 3462 3815 ἡμέραν
3490 3744 3620 3815 μίαν
3649 3746 3778 3799 ἀσά-

2184 3829 2370 3882 λευτον
2413 3829 2556 3900 ὑπὲρ
2592 3831 2839 3900 χιλιάδας
2870 3830 2979 3885 τῶν
3009 3831 3368 3901 ἀνθρωπίνων
3403 3835 3435 3904 ἡ
3446 3834 3649 3904 μερῶν,
3683 3837 3777 3888 xui

2185 3919 2357 3974 αἰῶνα
2385 3920 2483 3974 ἐνα
2513 3921 2852 3974 ἀκατάλυτον
2890 3923 2984 3974 xui
3010 3923 3200 3992 χρόνον
3228 3923 3490 3992 ἀρευστον
3525 3924 3663 3996 έχων
3685 3925 3776 3977 τὸν

2183 4009 2336 4074 Θεὸν,
2385 4010 2598 4078 παγίως
2651 4010 2917 4081 ἥδρασται
2973 4011 3070 4064 καὶ
3115 4012 3469 4082 ἀμεταθέτως
3502 4014 3562 4067 ἐν
3601 4015 3772 4084 αὐτῷ’

2186 4103 2324 4174 (πῶς
2353 4104 2460 4175 γάρ
2486 4107 2596 4163 τοῖς
2615 4103 2929 4169 ἀπελθοῦσι,
2958 4105 3052 4158 xui
3077 4105 3276 4175 μηκέτι
3332 4100 3540 4176 οὗσιν;)
3573 4106 3693 4160 οὔτε
3717 4108 3774 4160 δὲ

2181 4197 2294 4260 τοῖς
2329 4196 2719 4267 ἐπερχομένοις
2753 4195 3169 4267 ἐπιστηρίζεται
3198 4199 3292 4250 xui
3318 4199 3585 4265 ἐπιοῦσιν,
3616 4200 3773 4266 εἰδὼς

2182 4288 2258 4352 ὡς
2285 4288 2381 4342 xui
2399 4287 2572 4342 ταῦτα
2595 4288 2709 4358 ἅμα
2739 4305 2797 4341 τε
2831 4288 3108 4343 ἐλεύσεται
3153 4291 3246 4342 xui
3270 4291 3651 4359 ἀπελεύσεται,
3678 4294 3773 4346 xui

2179 4381 2364 4434 οὐκέτι
2405 4381 2578 4435 ἔσται.
2610 4381 2804 4435 Τοίνυν
2844 4383 2872 4434 ό
2917 4385 3030 4446 τοῖς
3077 4384 3337 4448 τοιούτοις
3371 4386 3647 4450 πεποιθὼς
3676 4389 3770 4442 xui

2181 4473 2533 4544 ἐπηλπικὼς,
2576 4473 2710 4527 ἴστω
2769 4475 3003 4545 ῥεύματι
3062 4478 3316 4548 ποταμίῳ
3365 4481 3765 4544 πεπιστευκὼς,

2181 4564 2268 4618 ἀεὶ
2323 4565 2422 4636 μὲν
2477 4566 2782 4636 κινουμένῳ
2838 4566 2933 4618 xui
2974 4568 3405 4638 παρερχομένῳ,
3473 4569 3596 4622 οὐδέ
3638 4579 3768 4623 ποτε

2181 4655 2535 4727 στηριχθῆναι
2580 4655 2882 4727 δυναμένῳ.
2925 4659 3081 4709 Δυοῖν
3113 4659 3168 4710 δὲ
3192 4658 3396 4712 τούτων
3437 4661 3636 4724 ὄντων,
3687 4656 3770 4723 οἷς

2177 4749 2205 4800 ὅ
2235 4765 2290 4800 τε
2322 4747 2524 4817 ἀγαθὸς
2579 4747 2672 4800 xui
2705 4749 2895 4811 xuxig,
2945 4749 2973 4800 ὅ
3014 4766 3071 4800 τε
3103 4749 3312 4814 δίκαιος
3369 4753 3464 4805 xui
3506 4755 3534 4806 ό
3582 4754 3767 4816 ἄδικος

2178 4837 2665 4912 χαρακτηρίζεται,
2701 4839 2816 4910 βίου
2865 4840 3008 4910 φημί
3041 4841 3105 4911 δὴ
3133 4843 3227 4895 xui
3253 4842 3431 4911 λόγου,
3473 4846 3591 4916 ήτοι
3621 4847 3763 4917 πρά-

2177 4931 2312 4999 ξεως
2343 4933 2436 4986 xui
2490 4932 2744 5004 θεωρίας,
2785 4932 2897 4985 ἴσον
2931 4934 3077 5004 ἐμοὶ,
3122 4936 3276 5006 φησι,
3321 4939 3491 4991 κακὸν
3521 4939 3632 5008 βίος
3671 4943 3766 4992 xui

2175 5026 2332 5094 λόγος
2379 5024 2616 5097 ἀλιτρός.
2651 5025 2722 5076 ’Ὀ
2764 5041 2823 5076 τε
2857 5024 2967 5095 γὰρ
3008 5026 3143 5096 βίος,
3198 5029 3507 5099 ἀκάθαρτος
3535 5030 3629 5091 ὢν,
3671 5034 3766 5084 xui

2179 5119 2394 5190 μιαρὸς,
2445 5116 2540 5170 xui
2590 5116 2766 5188 μένων
2823 5117 3170 5189 ἀδιόρθωτος,
3203 5121 3284 5184 εἰς
3305 5122 3580 5186 ἀπωλείας
3609 5125 3764 5196 αἰρέ-

2177 5227 2291 5272 σεις
2320 5209 2415 5262 xui
2441 5208 2634 5276 λόγους
2688 5209 2900 5277 ἐναγεῖς
2939 5211 3033 5263 xui
3084 5210 3437 5284 βλασφήμους
3486 5216 3768 5270 ὑπολισθεῖ

2171 5303 2263 5355 τὸν
2293 5300 2674 5372 ἁμαρτάνοντα
2702 5302 2762 5354 ’ὃ
2781 5319 2840 5353 τε
2875 5302 3054 5370 λόγος,
3077 5304 3176 5374 τῆς
3207 5305 3442 5370 πίστεως
3460 5307 3764 5380 ἐξεστραμ-

2177 5395 2354 5466 μένος,
2393 5394 2487 5447 xui
2533 5394 2861 5467 αἰρεσιῶτης
2922 5397 3021 5462 ὢν,
3066 5399 3146 5461 είς
3205 5400 3600 5470 μυσαρὼτατον
3646 5401 3762 5473 βίον

2173 5486 2450 5556 κατασπᾷ.
2516 5485 2796 5560 Ὁποτέρῳ
2851 5484 2945 5542 οῦν
3004 5489 3210 5543 τούτων
3239 5508 3322 5554 τις
3353 5493 3604 5563 ἐπιμένοι
3632 5511 3762 5549 συν-

2173 5578 2450 5649 ηδόμενος,
2480 5578 2791 5643 ἀκολούθως
2820 5581 2916 5634 xui
2946 5580 3023 5652 τῷ
3046 5583 3219 5656 ἐτέρῳ
3244 5586 3558 5656 περιπέσοι.

2177 5673 2365 5739 Ὕϐρις
2392 5671 2658 5739 ἄναγνον
2683 5673 2883 5740 ἐόντα,
2904 5692 2958 5730 κ.
2982 5693 3032 5728 τ.
3058 5677 3102 5728 ἐ.

2245 5763 2453 5834 Ὥσπερ
2478 5763 2544 5817 τὰ
2574 5763 2788 5834 καθαρά
2823 5765 3048 5836 σώματα
3079 5769 3172 5823 xui
3200 5769 3330 5838 ἅγια
3358 5773 3471 5834 τοῖς
3496 5772 3760 5844 καθαροῖς

2172 5857 2265 5910 καὶ
2289 5856 2464 5925 ἁγίοις
2495 5857 2777 5925 προσιέναι
2800 5859 2905 5929 χρὴ
2934 5862 3025 5913 xui
3057 5861 3408 5935 λειτουργεῖν,
3429 5862 3603 5928 οὕτως
3628 5866 3759 5920 ἀκο-
