4164 6350
430 401 525 456 781

421 516 611 571 λουθον
642 515 735 569 καὶ
763 515 967 586 βέϐηλα
1019 514 1424 585 ὑπηρετεῖσθαι.
1458 514 1654 587 Ὕϐρις
1692 512 1807 581 οὖν,
1845 516 2003 586 φησι,

424 611 519 664 καὶ⁵
586 608 783 680 ἀτιμία
835 608 972 662 Θεοῦ
1015 608 1104 661 τὸν
1159 608 1379 677 ἀνάγνῳ
1437 607 1716 679 χρώμενον
1766 607 1866 678 βίῳ
1914 608 2006 660 καὶ

426 701 818 772 ἐϐδελυγμένον
849 703 962 764 τοῖς
1003 699 1166 764 θείοις
1209 700 1644 771 προσηγγικέναι
1672 701 1765 753 καὶ
1794 700 2007 770 ἱερουρ-

428 798 585 863 γεῖν·
627 792 817 846 τούτου
868 792 926 846 δὲ
972 791 1272 862 δεινότερον
1313 792 1530 846 ἅπαντα
1581 792 1791 863 νεκρῶν
1848 792 2009 845 εὐλα-

427 886 634 941 ϐεῖσθαι
684 886 932 955 λείψανα,
987 885 1130 939 τοῦτ’
1176 885 1323 939 ἐστιν
1354 886 1518 954 ἁγνὸν
1559 886 1687 940 ὄντα
1711 927 1726 953 ,
1763 885 2009 957 βεϐήλοις

428 982 522 1034 καὶ
542 981 838 1053 αἱρετικοῖς
870 977 1141 1049 πρόφασιν
1174 976 1461 1041 εὐλαϐείας
1488 977 1846 1048 σεὸαζόμενον
1874 978 2007 1030 ὐπο-

429 1073 871 1134 κατακλίνεσθαι,
927 1073 1024 1125 καὶ
1072 1073 1285 1139 νεκροῖς
1311 1066 1462 1132 οὖσιν
1498 1071 1890 1134 ἐπικοινωνεῖν,
1916 1072 2009 1123 τοῦ

430 1167 698 1240 προτέρου
724 1164 1025 1236 δεινότερον
1064 1163 1160 1217 καὶ
1186 1162 1549 1233 ἀτοπώτερον.

506 1345 572 1399 17
601 1344 845 1398 Ἵστασο
870 1341 1089 1410 μήποθ’
1116 1339 1276 1395 ὁδοῖο
1304 1339 1528 1404 καλῶν,
1559 1357 1612 1394 κ.
1631 1358 1682 1393 τ.
1712 1339 1792 1404 ἐξ.

514 1436 630 1489 Ἐπ’
658 1434 824 1497 ἄλλας
872 1433 1079 1504 μέτεισι
1117 1432 1341 1503 γνώμας
1364 1434 1391 1485 ὁ
1440 1432 2012 1502 ίεροτελεστικώτατος

430 1527 589 1598 ἀνὴρ,
629 1527 839 1597 μήποτε
874 1526 1066 1596 στῆναι
1094 1524 1201 1578 τῶν
1232 1524 1411 1579 καλῶν
1440 1523 1616 1593 ἔργων
1649 1523 1767 1578 ὁδοῦ
1803 1542 2009 1595 παρεγ-

443 1619 599 1687 γυῶν,
637 1616 753 1671 ἀλλ’
781 1617 1086 1687 ἀεικίνητον
1113 1611 1251 1669 εἶναι
1287 1614 1422 1687 πρὸς
1447 1615 1515 1669 τὰ
1556 1615 1826 1687 εὐάρεστα
1855 1616 1973 1688 Θεῷ
1996 1635 2008 1647 ·

432 1709 599 1763 κακὸν
630 1708 689 1761 δὲ
730 1702 868 1760 εἶναι
914 1706 975 1759 τὸ
1026 1706 1215 1777 ἕρπειν
1254 1708 1332 1769 είς
1378 1703 1557 1776 βυθὸν,
1604 1706 1750 1760 τοῦτ’
1800 1706 1915 1760 ἐστι
1952 1708 2014 1761 τὸ

435 1800 824 1855 συνελκύεσθαι
859 1803 970 1863 τοῖς
1006 1798 1369 1871 ἁμαρτωλοῖς.
1403 1798 1495 1851 καὶ
1526 1801 1639 1862 τοῖς
1672 1798 1770 1870 τὴν
1798 1799 2013 1853 ἀδικίαν

434 1893 822 1965 ἐργαζομένοις
855 1891 1307 1946 συναπόλλυσθαι.
1343 1891 1459 1945 Ἵνα
1491 1892 1547 1945 δέ
1585 1891 1658 1963 μὴ
1682 1891 1866 1964 λέγῃς,
1898 1892 2014 1956 πῶς

411 1984 497 2038 ’τὸ
534 1984 608 2056 μὴ
653 1983 843 2053 στῆναι
879 1983 979 2053 τῆς
1017 1981 1137 2035 ὁδοῦ
1181 1980 1487 2051 παραινῶν,
1531 1980 1590 2032 οὑ
1637 1978 1697 2032 τὸ
1734 1979 2014 2051 ἀνίδρυτον

437 2072 596 2140 αὖθις
627 2075 723 2128 καὶ
756 2058 985 2128 ἄστατον
1019 2072 1316 2143 νομοθετεῖ,
1344 2071 1623 2140 ἐπήγαγεν
1648 2069 1808 2133 εὐθύς
1836 2086 1851 2099 ·

437 2260 537 2314 Σοὶ
569 2257 810 2323 στάσις,
840 2255 1010 2317 ὅστις
1032 2252 1197 2319 ἔϐης,
1230 2269 1283 2303 κ.
1319 2249 1481 2314 τ.ηέξ.

506 2350 675 2404 Τοῦτο
706 2348 894 2409 στάσις
924 2341 1203 2412 ἐπαινετὴ,
1233 2339 1392 2393 τοῦτο
1414 2340 1621 2411 ἵδρυσις
1642 2340 1699 2391 ἐν
1722 2336 1799 2406 τῷ
1829 2335 2018 2407 ἀγαθῴ

435 2444 529 2497 καὶ
568 2440 723 2514 μονὴ,
758 2440 819 2492 τὸ
851 2437 1008 2501 ἐκτὸς
1067 2436 1163 2507 τῆς
1204 2433 1401 2495 κακίας
1433 2431 1723 2501 γενόμενον
1751 2427 2017 2500 ἡδράσθαι

435 2535 513 2605 τῷ
539 2532 709 2603 καλῷ,
757 2531 851 2584 καὶ
897 2526 1226 2599 ἐδρασθέντα
1282 2523 1551 2596 μηδέποτε
1592 2522 1802 2590 στῆναι,
1844 2521 2018 2574 είτουν

437 2623 763 2692 ἐκκακῆσαι,
819 2620 993 2672 ποιεῖν
1047 2616 1107 2669 τὸ
1157 2612 1382 2683 ἀγαθόν.
1435 2610 1669 2681 Τυέρλὸς
1712 2608 1886 2678 ὀρῶν.
1926 2611 2019 2661 Δο-

439 2718 525 2769 κεῖ
554 2714 668 2786 (76)
703 2712 833 2783 όρᾷν
887 2708 965 2779 τῷ
995 2707 1309 2777 ὀφθαλμοὺς
1358 2704 1501 2775 ἔχειν
1544 2702 1773 2767 οἴεσθαι,
1807 2701 2021 2773 ἀληθῶς

435 2807 491 2861 δὲ
522 2804 720 2875 τυφλός
776 2804 946 2866 ἐστιν,
986 2799 1045 2864 ὃς
1084 2798 1180 2870 τῆς
1215 2797 1351 2861 ἰδίας
1388 2795 1587 2856 κακίας
1621 2794 1715 2847 καὶ
1746 2793 2021 2864 ἁμαρτίας

436 2900 525 2953 τὸν
559 2897 776 2968 ὄλεθρον
801 2895 901 2965 ούχ
932 2889 1043 2955 οἷός
1070 2890 1131 2944 τέ
1151 2892 1267 2943 ἐστι
1292 2890 1574 2942 κατανοεῖν
1596 2903 1609 2916 ο
1633 2885 1750 2948 πῶς
1781 2885 1824 2937 δ’
1847 2885 1912 2938 ἄν
1939 2902 2023 2945 τις

437 2990 530 3043 κοιλ¹
563 2986 982 3056 καταθεωρήσαι
1028 2982 1239 3035 τουτονὶ⁴
1292 2981 1391 3051 τῆς
1432 2978 1608 3051 ψυχῆς
1638 2977 1729 3031 τὸν
1765 2976 2017 3043 θάνατον,

434 3083 529 3135 ἐὰν
552 3081 627 3152 μὴ
646 3080 909 3151 πρότερον
961 3075 1074 3147 είδῇ
1106 3072 1395 3145 μαστεύειν
1429 3072 1524 3124 καὶ
1571 3068 1894 3141 ἐξιχνιάζειν
1921 3067 2015 3123 τοῦ

434 3172 625 3246 νοητοῦ
676 3171 843 3243 θηρὸς
875 3169 908 3241 ἦ
943 3168 1192 3223 διαϐόλου
1236 3166 1305 3220 τὰ
1360 3166 1633 3236 νοήματα,
1685 3163 1779 3217 καὶ
1810 3167 2018 3234 νοεροῖς

434 3269 698 3337 ὄμμασιν,
734 3265 901 3333 ἤγουν
945 3260 1215 3332 κρυπταῖς
1252 3257 1526 3328 θεωρίαις,
1553 3254 2020 3327 προκαταλαμϐά-

435 3374 547 3412 νειν
592 3353 757 3409 αὑτοῦ
806 3353 906 3415 τὰς
962 3351 1187 3422 ἐνέδρας
1227 3347 1321 3402 καὶ
1353 3346 1450 3410 τὰς
1485 3345 1751 3415 φυλακὰς,
1786 3344 1929 3399 κατά
1958 3345 2020 3397 τὸ

434 3448 635 3517 λόγιον,
662 3446 758 3499 καὶ
795 3444 938 3497 οὕτω
965 3440 1350 3511 διακρούεσθαι
1370 3439 1537 3493 αὐτοῦ
1566 3437 1664 3502 τάς
1693 3437 2018 3503 ἐπιϐουλάς;

436 3539 508 3590 Σὺ
533 3536 713 3591 τοίνυν
736 3537 764 3588 ὁ
784 3532 968 3605 ἰατροῦ
999 3533 1092 3585 ἐπὶ
1119 3533 1232 3594 τοῖς
1261 3530 1458 3584 πάθεσι
1487 3529 1585 3599 τῆς
1620 3527 1799 3599 ψυχῆς
1814 3528 2023 3581 ἐπιδεό-

439 3646 620 3699 μενος,
686 3626 781 3680 ἐὰν
822 3623 1225 3694 κατακρύπτων
1282 3619 1640 3691 κατακρύψῃς
1671 3617 1831 3683 αὐτὰ,
1863 3620 2020 3672 ἐπαι-

1453 398 1524 454 ῘΝ
1561 396 1863 454 CARMINA
1889 396 2172 455 ARCANA
2209 398 2267 456 S.
2311 398 2656 456 GREGORII.

3582 398 3684 453 τετε

2116 513 2382 570 famulum
2415 524 2468 571 et
2510 518 2737 587 profana
2771 518 3102 575 ministrare.
3143 517 3490 575 Contumelia
3529 532 3682 589 ergo,

2114 605 2312 675 inquit,
2343 615 2397 661 et
2424 608 2659 663 dedecus
2693 607 2787 662 Dei
2815 624 2939 664 eum
2979 609 3074 680 qui
3109 609 3380 680 impuram
3413 608 3552 665 solet
3594 607 3689 663 de-

2114 711 2242 767 gere
2266 697 2435 752 vitam
2464 707 2519 754 et
2550 699 2644 770 qui
2671 700 3029 758 detestandus
3048 711 3154 768 est,
3178 701 3380 758 divinis
3405 700 3684 757 admoveri

2113 794 2168 841 et
2191 803 2344 841 sacra
2375 789 2684 858 conficere;
2733 791 2828 846 sed
2862 792 3034 861 magis
3070 791 3406 845 horrendum
3430 798 3514 843 est
3530 803 3684 843 eum-

2116 881 2234 935 dem
2252 880 2459 935 cunctis
2481 887 2811 935 mortuorum
2827 879 2911 949 pie
2925 880 3196 935 admoveri
3224 879 3459 950 reliquiis
3478 898 3490 932 :
3507 877 3557 933 id
3580 889 3687 941 est,

2118 968 2394 1023 hominem
2433 968 2717 1022 innoxium
2743 985 2866 1022 cum
2894 968 3139 1038 profanis
3168 979 3224 1024 et
3255 969 3531 1025 haereticis
3572 973 3688 1041 pie-

2118 1059 2248 1111 tatis
2295 1072 2463 1113 causa
2497 1067 2849 1114 venerantem
2877 1069 3228 1128 prosternere
3268 1075 3328 1115 se
3355 1068 3410 1115 et
3438 1062 3692 1117 cumillis

2128 1150 2222 1217 qui
2291 1150 2497 1203 mortui
2561 1158 2693 1204 sunt
2759 1151 3167 1206 communicare
3249 1152 3579 1210 horrendius
3640 1168 3694 1210 ct

2117 1240 2365 1297 insanius
2396 1247 2481 1296 est
2506 1256 2668 1310 quam
2696 1241 2840 1310 quod
2868 1256 3033 1311 supra
3058 1241 3421 1312 vituperatur.

2187 1330 2253 1384 l7
2287 1332 2574 1405 Nunquam
2594 1334 2853 1388 subsislas
2887 1335 2939 1388 in
2974 1335 3058 1387 via
3086 1335 3319 1402 virtutis,
3343 1342 3449 1389 etc.

2189 1425 2269 1478 Ad
2297 1426 2435 1481 alias
2458 1426 2658 1482 transit
2687 1426 3383 1494 sententias,sanctissime
3410 1425 3696 1497 perfectus

2119 1516 2222 1581 vir,
2238 1532 2306 1571 ne
2339 1516 2593 1587 progredi
2635 1527 2885 1575 cessatur
2937 1517 2993 1572 in
3039 1518 3127 1571 via
3163 1517 3432 1573 bonorum
3467 1522 3693 1589 bperum

2119 1607 2534 1674 commendans,
2567 1610 2663 1666 sed
2693 1616 2755 1665 ut
2798 1618 3061 1665 actuosus
3091 1624 3310 1679 semper
3359 1608 3594 1680 quisque
3623 1609 3699 1665 sit

2120 1696 2187 1750 ad
2219 1712 2282 1751 ea
2306 1714 2426 1767 qua:
2454 1697 2565 1754 Deo
2605 1699 2824 1769 placent
2851 1717 2866 1765 ;
2923 1700 3128 1754 malum
3161 1710 3343 1754 autem
3392 1698 3583 1756 dicens
3613 1716 3698 1753 re-

2120 1804 2250 1859 pere
2284 1790 2351 1843 ad
2378 1789 2586 1854 infima,
2607 1791 2658 1845 id
2694 1799 2799 1856 est,
2844 1807 3036 1862 repere
3066 1807 3191 1846 cum
3220 1792 3606 1863 peccatoribus
3644 1802 3698 1847 et

2120 1895 2243 1933 cum
2271 1882 2633 1949 operantibus
2665 1882 3010 1953 iniquitatem
3057 1884 3221 1937 simul
3268 1884 3539 1939 commori
3592 1884 3697 1940 Sed

2118 1987 2187 2027 ne
2213 1973 2448 2041 objicias
2475 1991 2487 2028 :
2520 1974 2800 2044 quomodo
2832 1975 2924 2045 qui
2977 1992 3046 2030 ne
3075 1976 3329 2046 progredi
3358 1986 3607 2032 cessetur
3641 1975 3695 2031 in

2117 2063 2203 2116 via
2245 2064 2519 2131 hortatur,
2586 2080 2691 2119 non
2738 2065 2941 2121 iterum
2994 2067 3058 2121 de
3093 2068 3305 2122 caduco
3357 2076 3413 2122 et
3452 2068 3699 2126 instabili

2119 2155 2459 2224 pronuntiat,
2494 2157 2675 2210 statim
2704 2156 2856 2211 addit
2891 2176 2904 2211 :

2119 2249 2434 2304 Constantia
2466 2262 2578 2315 tua,
2614 2253 2847 2323 quisquis
2882 2252 3175 2317 incedis,et
3202 2268 3320 2324 seq.

2191 2340 2314 2395 [hec
2370 2345 2681 2397 constantia
2734 2343 3051 2411 laudabilis,
3098 2344 3212 2399 haec
3267 2343 3611 2400 conﬁrmatio
3645 2345 3698 2399 in

2119 2431 2266 2486 bono
2301 2443 2355 2487 et
2391 2435 2625 2498 mansio,
2664 2436 2710 2487 si
2743 2435 2954 2490 alienus
2986 2452 3015 2489 a
3055 2436 3266 2489 malitia
3294 2435 3471 2491 factus
3508 2435 3697 2491 ﬁrme-

2121 2518 2210 2577 tur
2228 2534 2280 2579 et
2303 2525 2549 2581 firmatus
2569 2541 2911 2598 nequaquam
2934 2536 3110 2583 cesset
3132 2537 3226 2582 aut
3247 2530 3489 2584 remittat
3508 2545 3537 2583 e
3556 2530 3702 2583 bono

2124 2614 2392 2669 faciendo.
2419 2637 2437 2669 ‹
2463 2618 2656 2674 Caecus
2672 2619 2888 2675 videns.
2910 2639 2930 2672 ι
2954 2619 3154 2675 Videre
3175 2619 3352 2675 credit
3377 2636 3442 2676 ex
3465 2636 3531 2676 eo
3555 2623 3699 2691 quod

2122 2722 2221 2759 ocu
2234 2708 2311 2761 los
2324 2708 2521 2764 habere
2544 2719 2773 2782 reputet,
2789 2709 2834 2764 is
2853 2717 3031 2765 autem
3045 2725 3170 2765 vere
3188 2727 3360 2769 caecus
3373 2720 3453 2768 est
3467 2712 3555 2783 qui
3574 2728 3673 2782 pro

2123 2798 2253 2865 pri-ae
2283 2799 2509 2854 malitiae
2534 2802 2853 2873 propriique
2895 2802 3105 2871 peccati
3154 2802 3371 2856 ruinam
3417 2818 3525 2857 non
3560 2805 3703 2856 valet

2124 2888 2456 2960 intelligere;
2493 2903 2547 2946 et
2575 2893 2851 2963 quomodo
2885 2893 3029 2949 hanc
3069 2894 3265 2948 animae
3294 2900 3526 2949 mortem
3578 2909 3705 2948 con-

2124 2980 2419 3047 sideraret,
2468 2984 2577 3038 nisi
2614 2984 2768 3054 prius
2806 2986 3020 3040 noverit
3060 2992 3345 3056 penetrare
3380 2994 3435 3040 et
3476 2985 3706 3040 investi-

2131 3089 2261 3143 gare
2285 3074 2590 3144 Spiritualis
2624 3077 2835 3143 bestiae,
2868 3092 2964 3133 seu
3000 3077 3202 3132 diaboli
3238 3077 3620 3150 cogitationes,
3651 3087 3707 3132 et

2126 3167 2503 3235 Spil‘itlmlibus
2568 3169 2777 3234 oculis,
2842 3185 3036 3241 nempe
3094 3171 3322 3225 secretis
3387 3169 3704 3225 meditatio-

2129 3259 2296 3314 nibus
2337 3261 2514 3330 ipsius
2548 3261 2780 3318 insidias
2834 3270 2889 3317 ct
2932 3263 3150 3333 vigilias
3201 3263 3501 3334 praevenire
3549 3262 3706 3332 juxta

2128 3353 2492 3424 Scripturam,
2515 3365 2571 3411 et
2590 3356 2663 3409 ita
2692 3357 2867 3427 ipsius
2893 3360 3225 3412 tentationes
3239 3357 3447 3411 vitare?
3478 3355 3558 3410 Tu
3578 3372 3708 3427 ergo

2126 3444 2340 3501 medico
2367 3446 2422 3500 in
2454 3447 2650 3503 animae
2686 3448 2897 3503 morbis
2924 3464 3111 3519 egens,
3155 3449 3201 3505 si
3223 3449 3323 3505 hos
3351 3450 3537 3504 celans
3567 3450 3710 3504 cela-

2128 3534 2283 3589 veris
2308 3536 2562 3592 conﬁteri
2600 3536 2710 3592 Deo
2739 3540 3100 3604 erubescens,
3131 3556 3474 3611 nequaquam
3492 3542 3706 3606 peccati

2128 3624 2361 3683 fetorem
2401 3644 2431 3683 a
2462 3628 2629 3684 corde
2659 3638 2756 3684 tuo
2787 3631 3106 3702 dissipabis.

440 3721 761 3791 σχυνόμενος
814 3714 1251 3787 ἐξομολογεῖσθαι
1296 3711 1374 3783 τῷ
1418 3700 1557 3780 θέῴ.
1589 3710 1773 3763 οὔποτ’
1814 3711 1879 3764 ἂν
1905 3712 2001 3783 τὴν
2029 3718 2126 3782 τῆς
2185 3720 2461 3792 ἁμαρτίας
2486 3722 2750 3776 δυσωδίαν
2787 3724 2887 3793 τῆς
2924 3700 3060 3789 iam;
3090 3726 3316 3797 καρδίας
3339 3726 3704 3798 ἀποσμὴξαιο.

436 3906 550 3969 Σύς
578 3904 781 3973 λόγος,
812 3902 990 3971 ἔργον
1015 3898 1199 3969 ἐμεῖο,
1233 3915 1289 3951 κ.
1313 3913 1364 3950 τ.
1392 3895 1471 3960 ἐξ.

508 3998 551 4049 Τ
554 3995 678 4049 οῦτο
711 3994 849 4066 πρὸς
878 3994 969 4046 τὸν
1003 3992 1144 4044 θεῖον
1167 3989 1323 4058 λόγον
1344 3988 1436 4041 τὸν
1460 3986 1558 4051 τάς
1577 3987 1851 4059 σωτηρίας
1885 3989 2017 4060 ἡμῖν

433 4087 813 4157 ἐντελλόμενον
842 4083 1063 4139 ἀκούειν
1087 4083 1217 4155 χρή.
1245 4080 1345 4134 Σὺν
1371 4080 1470 4151 μὲν
1495 4075 1612 4146 οῦν,
1652 4072 1697 4132 ὦ
1724 4078 1920 4151 Κύριε,
1948 4082 2015 4133 τὰ

434 4176 753 4251 σωτηριώδη
784 4178 1072 4249 παραινεῖν
1101 4174 1195 4229 καὶ
1233 4171 1565 4243 νομοθετεῖν,
1600 4170 1733 4241 ἐμὸν
1772 4172 1829 4224 δὲ
1843 4172 1911 4225 δι’
1934 4171 2018 4243 ἐρ·

431 4289 531 4340 γου
579 4270 850 4342 παριστᾷν
912 4267 1109 4322 ταῦτα.
1140 4268 1236 4331 Ὃς
1288 4260 1402 4331 οῦν,
1436 4264 1589 4334 φησι,
1621 4263 1803 4317 καλῶν
1836 4263 2014 4335 ἔργων

432 4365 649 4435 ἀπορεῖ,
705 4361 930 4433 εὐεπίην
981 4360 1172 4431 ἐχέτω,
1227 4358 1379 4429 ῥῆμα
1427 4355 1724 4425 ἀπολογίας
1771 4355 2010 4424 ἀγαθὸν,

430 4452 965 4524 ταπεινοφροσύνης,
1025 4449 1333 4523 μετανοίας,
1389 4446 1796 4515 ὑποπτώσεως,
1860 4446 2014 4519 ῥῆμα

431 4546 583 4599 ἐλέου
613 4544 748 4598 Θεοῦ
780 4541 1167 4615 προκλητικὸν,
1207 4538 1533 4611 συμμαχοῦν
1575 4541 1656 4603 εἰς
1687 4538 2015 4611 συνηγορίαν

432 4642 564 4711 ἡμῖν
590 4637 684 4691 καὶ
711 4635 1029 4707 ἀμφίθετον,
1049 4634 1077 4687 ὃ
1102 4635 1217 4688 ἐστι
1233 4633 1370 4705 πρὸς
1395 4632 1679 4703 ἀμφότερα
1696 4630 2013 4703 συνεργοῦν,

432 4731 567 4803 πρός
594 4747 655 4782 τε
677 4728 777 4799 τὴν
798 4729 897 4798 τῆς
926 4726 1374 4797 ἀγανακτήσεως,
1418 4726 1516 4796 τῆς
1548 4725 1643 4777 ἐπὶ
1674 4726 1739 4796 τῇ
1772 4724 2018 4795 ἁμαρτία

432 4823 758 4897 κινουμένης
778 4819 1130 4890 ἀποστροφὴν
1164 4819 1259 4872 καὶ
1282 4817 1421 4889 πρὸς
1448 4816 1548 4887 τὴν
1578 4816 1688 4870 τῶν
1712 4815 2017 4887 οἰκτιρμῶν

431 4917 540 4971 τῶν
562 4912 927 4987 ύπεραγάθων
949 4911 1308 4981 ἐπιστροφήν.

431 5010 500 5064 25
536 5006 841 5077 Ὑϐριστὴς
856 5006 1033 5073 κόρος
1065 5003 1256 5068 ἐστίν,
1286 5019 1339 5055 κ.
1372 5019 1422 5055 τ.
1455 5000 1531 5065 ἐξ.

514 5103 573 5155 '0
597 5100 757 5173 κόρος
791 5098 889 5171 μὲν
908 5097 1018 5150 τῶν
1050 5113 1110 5149 τε
1148 5094 1457 5166 βρωμάτων
1485 5094 1580 5147 καὶ
1599 5093 1891 5166 χρημάτων
1920 5092 2012 5145 καὶ

432 5196 671 5259 πάντων,
701 5195 804 5247 ὅσα
855 5190 1127 5261 σώματος,
1165 5175 1429 5259 ύὸριστής
1460 5187 1577 5239 ἐστι
1607 5186 1700 5239 καὶ
1729 5185 2009 5255 ἀγέρωχος

430 5288 524 5341 καὶ
572 5285 804 5350 ἀλαζών.
868 5281 1120 5345 Τοιοῦτος
1182 5281 1289 5343 πᾶς
1324 5281 1352 5332 ὁ
1409 5277 1659 5332 πλουτεῖν
1720 5276 2014 5348 ἀπλήστως

429 5377 749 5447 ἐφιέμενος·
807 5372 918 5444 ἐγὼ
952 5373 1011 5427 δέ
1046 5389 1127 5437 σε,
1180 5364 1225 5425 ὦ
1275 5369 1465 5442 ἄριστε
1500 5366 1721 5440 μυστῶν
1769 5367 1817 5440 (ὁ
1874 5366 2014 5437 ἱερὸς

428 5467 740 5521 ὑποτίθεται
794 5461 1208 5536 μυσταγωγὸς),
1280 5460 1440 5533 ἔργον
1504 5457 1649 5529 ἔχειν
1722 5458 2013 5528 ἄμεμπτον

431 5559 691 5631 βούλομαι
744 5557 840 5611 καὶ
886 5556 1162 5609 ἄπαυστον
1192 5550 1293 5624 τὴν
1329 5550 1430 5620 τῆς
1463 5548 1783 5621 ἀειτρεφοῦς
1818 5548 2015 5618 ἐπιμέ-

429 5651 575 5705 λειαν
600 5650 796 5722 ψυχῆς,
830 5649 927 5720 τῆς
979 5649 1067 5703 ἀεὶ
1111 5647 1188 5717 τῷ
1221 5646 1363 5715 λόγῳ
1408 5643 1613 5713 Κυρίου
1650 5641 2012 5714 τρεφομένης,

429 5744 565 5814 πρὸς
626 5743 787 5813 πῆξιν
836 5742 1007 5813 αὐτῆς
1044 5741 1140 5797 καῖ
1185 5736 1476 5807 οἰκοδομὴν
1517 5733 1709 5807 νοεράν
1741 5734 1832 5791 καὶ
1865 5734 2015 5787 τελε-

502 5877 615 5951 (76)
640 5879 778 5937 Cod.
806 5879 991 5934 δοκᾶν.

1938 6008 2003 6023 ,σε

2123 3898 2295 3952 Tuum
2320 3898 2553 3963 verbum,
2591 3916 2720 3969 opus
2746 3918 2780 3956 a
2803 3918 2903 3968 me,
2922 3910 3029 3958 etc.

2191 3990 2246 4044 Id
2282 3992 2348 4045 de
2379 3991 2567 4047 divino
2601 3995 2769 4049 verbo
2793 3997 2911 4051 vias
2948 3996 3144 4051 salutis
3170 3996 3331 4055 nobis
3357 3997 3584 4068 jubente
3609 4017 3708 4055 an-

2116 4084 2233 4137 dire
2266 4091 2482 4153 oportet
2519 4105 2530 4138 :
2564 4082 2745 4139 Tuum
2776 4101 2928 4156 ergo,
2961 4101 2994 4141 o
3024 4086 3277 4154 Domine,
3309 4090 3575 4146 salutaria
3609 4109 3708 4147 ex-

2119 4174 2323 4230 hortari
2347 4184 2400 4230 et
2426 4177 2804 4246 praescribere,
2842 4193 3022 4233 meum
3058 4195 3196 4235 vero
3230 4196 3395 4251 opere
3436 4182 3540 4237 ista
3581 4199 3707 4253 per-

2115 4281 2278 4337 agere
2304 4285 2317 4332 ;
2349 4267 2466 4339 qui,
2501 4267 2704 4338 inquit,
2732 4268 2893 4324 bonis
2912 4269 3171 4339 operibus
3197 4281 3337 4340 eget,
3358 4271 3707 4327 dulcisonum

2120 4358 2351 4422 habeat,
2389 4358 2618 4415 verbum
2650 4360 2919 4433 apologis:
2948 4361 3178 4427 bonum,
3208 4361 3561 4429 humilitatis,
3582 4380 3702 4436 poe-

2120 4448 2384 4514 nitentiae,
2420 4451 2882 4519 compunctionis,
2918 4452 3147 4507 verbum
3197 4468 3509 4523 provocans
3557 4457 3703 4512 divi-

2122 4556 2206 4596 na:
2250 4542 2667 4608 misericordiae,
2713 4543 3005 4598 nobiscum
3042 4559 3294 4615 pugnans
3325 4545 3381 4599 in
3419 4545 3702 4603 defensio-

2124 4651 2273 4703 nem,
2298 4635 2427 4690 hinc
2464 4643 2520 4691 et
2551 4637 2679 4693 inde
2720 4637 3017 4703 anxilians,
3070 4637 3125 4693 id
3160 4646 3267 4704 est,
3324 4639 3584 4711 utrinque
3607 4656 3706 4711 op—

2126 4738 2459 4800 portunum,
2493 4741 2548 4787 et
2583 4748 2677 4803 per
2707 4732 3106 4803 indignationis
3140 4733 3209 4787 de
3256 4742 3488 4804 peccato
3517 4736 3707 4789 conci-

2124 4832 2252 4878 tatae
2282 4826 2701 4881 conversionem
2720 4834 2775 4881 et
2802 4841 2899 4896 per
2916 4827 3457 4882 commiserationum
3477 4829 3704 4882 omnino

2121 4912 2454 4982 optimarum
2487 4916 2882 4971 reversionem.

2117 5004 2187 5057 93
2227 5001 2442 5058 Procax
2469 5016 2546 5060 est
2579 5006 2950 5070 satietas,etc.

2184 5098 2433 5152 Aviditas
2468 5109 2723 5153 escarum
2738 5106 2791 5155 et
2812 5099 3081 5155 bonorum
3097 5106 3151 5154 et
3171 5103 3412 5155 omnium
3448 5118 3570 5172 quae
3609 5119 3707 5174 ap-

2124 5189 2256 5259 petit
2275 5190 2848 5255 corpus,contumelia
2872 5197 2976 5257 est,
3002 5191 3317 5264 arrogantia
3341 5200 3395 5248 et
3434 5194 3646 5255 vanitas
3687 5214 3698 5249 :

2121 5279 2229 5335 hac
2258 5279 2476 5336 laborat
2503 5281 2756 5352 quisquis
2785 5282 3057 5340 ditescere
3098 5284 3491 5340 insatiabiliter
3522 5287 3699 5342 ardet.

2122 5364 2235 5442 Ego
2251 5387 2401 5437 vero,
2421 5386 2454 5427 o
2480 5372 2711 5443 optime,
2735 5373 2895 5430 docet
2922 5383 3146 5431 sanctus
3164 5377 3439 5448 mysteriis
3459 5376 3701 5436 initians.

2121 5469 2176 5517 te
2235 5464 2724 5533 irreprehensibile
2772 5472 2827 5520 et
2868 5480 3108 5535 perenne
3157 5481 3314 5540 opus,
3347 5481 3508 5538 agere
3556 5469 3700 5529 volo,

2123 5555 2321 5608 animae
2350 5569 2568 5625 semper
2594 5548 2806 5609 alenda:
2848 5570 3064 5624 curam,
3103 5557 3303 5629 quippe
3337 5572 3458 5627 quae
3487 5572 3703 5627 semper

2124 5644 2295 5700 verbo
2327 5646 2516 5701 divino
2555 5646 2724 5701 alitur
2758 5646 2825 5701 ad
2859 5647 3242 5703 formationem
3271 5657 3325 5705 et
3353 5648 3698 5720 spiritualem

2124 5736 2542 5795 aedificationem
2580 5745 2634 5795 et
2680 5738 3099 5808 perfectionem,
3140 5740 3265 5796 volo
3292 5747 3347 5795 et
3379 5749 3433 5796 te
3474 5737 3700 5794 divitias
