4164 6350
451 409 559 467 785

450 527 667 578 unicam
711 519 1050 574 divinitatem
1074 530 1419 587 comparare,
1461 516 1719 588 sicutper
1748 519 2037 588 speculum

451 617 731 672 sincerum
780 612 982 682 Spiritu
1042 610 1478 680 conspicientcm
1519 617 1573 665 et
1627 611 1681 663 in
1734 611 1916 681 ipsum
1955 625 2039 662 tn-

450 711 712 772 tuentet'n,
740 711 938 760 cuncta
959 710 1141 757 autem
1175 709 1231 756 et
1265 702 1412 756 hunc
1427 702 1849 772 corruptibilem
1879 716 2040 754 mun-

452 799 578 854 dum
609 806 664 852 et
693 811 815 867 quae
841 797 895 849 in
927 810 996 849 eo
1035 795 1224 850 multis
1246 794 1594 849 aestimantur
1634 810 1856 865 magna,
1915 808 2040 846 ara-

452 905 686 946 nearum
719 888 847 942 telis
896 886 1182 956 fragilibus
1237 893 1294 939 et
1352 885 1555 938 vitiatis
1601 885 1803 938 similia
1849 883 2038 953 despi-

452 997 610 1048 cere;
644 995 882 1050 namque
917 986 1117 1033 cuncta
1141 978 1370 1031 omnino
1404 977 1530 1030 vitae
1571 977 1856 1030 hominum
1891 976 2039 1031 bona

452 1081 715 1129 extranea
751 1079 806 1126 et
856 1070 1032 1126 aliena
1085 1067 1361 1132 videntur,
1413 1068 1528 1122 sola
1577 1067 1755 1122 virtus
1801 1067 2040 1121 humana

451 1173 556 1227 est,
591 1163 815 1232 solaque
865 1161 1158 1232 praesentis
1201 1159 1510 1214 subsidium
1554 1158 1678 1212 vitae
1729 1167 1786 1213 et
1831 1159 2040 1214 utilitas

451 1262 647 1315 animae
671 1279 683 1313 :
711 1260 814 1314 hoc
833 1267 887 1313 et
911 1259 1090 1328 ipsum
1124 1259 1506 1329 incorruptum
1527 1267 1579 1312 et
1602 1257 1916 1312 immortale
1940 1257 2038 1312 Dei

454 1353 676 1408 verbum
707 1351 966 1406 omnibus
996 1350 1211 1420 populis
1264 1351 1488 1414 clamat,
1534 1349 1771 1421 illosque
1818 1364 2037 1404 cenvo-

452 1454 575 1502 cat:
599 1444 763 1516 agite,
796 1459 1008 1510 omnes,
1036 1445 1241 1508 venite,
1286 1445 1356 1498 ad
1385 1443 1680 1498 Trinitatis
1716 1459 1885 1514 super
1925 1459 2040 1498 cm-

452 1539 536 1596 los
562 1541 812 1595 exaltata:
841 1537 1212 1609 cognitionem
1229 1539 1696 1609 expergiscimini,
1729 1547 1784 1593 ct
1809 1539 2039 1594 univcr-

456 1648 577 1688 sum
642 1629 912 1687 mundum
941 1642 996 1685 et
1029 1645 1152 1700 quae
1191 1631 1248 1684 in
1277 1645 1342 1685 eo
1382 1638 1512 1684 sunt
1552 1638 1817 1701 tanquam
1859 1633 2041 1686 aliena

454 1730 828 1786 transeuntes,
855 1737 950 1792 per
998 1722 1223 1776 verbum
1270 1729 1323 1775 et
1368 1723 1888 1793 contemplationem
1946 1740 2040 1780 ve-

457 1831 628 1875 strum
646 1818 908 1889 requirite
932 1818 1158 1874 bonum.

457 2069 530 2124 55
567 2067 758 2122 Ponite
794 2066 847 2119 in
900 2065 996 2119 hoc
1026 2064 1284 2125 animum,
1341 2070 1593 2131 quotquot
1644 2061 1771 2131 vita:
1797 2069 2040 2113 sanctum

1329 2130 1655 2202 [conjugium
1697 2130 1958 2199 alligavit,

461 2209 533 2264 54
654 2206 723 2261 Ut
753 2202 1105 2262 torcularibus
1130 2203 1423 2258 caelestibus
1457 2202 2029 2342 ampliorlemffrqotum

1700 2287 1752 2324 ιη
1779 2288 1869 2324 era
1899 2289 1963 2326 ts.

526 2408 642 2464 Hoc
662 2409 820 2464 vobis
849 2408 1079 2464 verbum
1113 2407 1168 2461 in
1198 2406 1464 2476 spiritum
1506 2419 1778 2474 reponere
1809 2412 1934 2456 volo
1959 2412 2039 2456 at-

453 2519 562 2576 que
590 2503 733 2558 hanc
755 2500 959 2557 vestris
994 2500 1051 2553 in
1098 2496 1361 2552 cordibus
1417 2495 1668 2550 auditam
1710 2493 1897 2548 facere
1943 2508 2038 2548 vo-

455 2598 742 2651 luntatem.
775 2592 1059 2663 Quotquot
1084 2590 1308 2661 quidem
1337 2590 1460 2644 vitae
1507 2588 1906 2658 colligaverunt
1945 2601 2040 2641 ca-

455 2699 554 2743 stae
593 2695 647 2743 et
670 2687 928 2757 legitimae
957 2685 1184 2756 nuptias,
1243 2699 1274 2738 a
1297 2682 1534 2738 vinculis
1557 2696 1685 2737 cum
1733 2680 1897 2736 facile
1929 2696 2038 2735 non

454 2781 530 2836 sit
566 2779 730 2843 solvi,
776 2793 875 2849 pro
904 2777 1231 2834 cmlestibus
1277 2774 1646 2846 receptaculis
1695 2782 1751 2829 et
1791 2773 2039 2829 ecclesiis

454 2870 550 2926 Dei
575 2876 727 2924 tanto
752 2869 878 2938 plus
904 2867 1145 2922 fructum
1177 2867 1385 2922 referre
1409 2864 1519 2920 Deo
1551 2865 1787 2927 debetis,
1830 2871 2039 2935 quanto

456 2961 613 3031 plura
635 2957 797 3015 vobis
831 2960 1059 3012 veniunt
1087 2958 1276 3010 mundi
1310 2956 1453 3010 bona
1491 2973 1504 3009 :
1532 2969 1774 3024 namque
1799 2954 1865 3008 de
1883 2955 2039 3024 prole

456 3068 578 3123 qua:
615 3051 792 3104 oritur
820 3065 888 3103 ex
923 3049 1100 3114 vobis,
1131 3058 1185 3103 et
1219 3047 1286 3101 de
1321 3045 1770 3117 possessionibus
1807 3047 1862 3099 in
1887 3053 2031 3100 tersa

455 3153 510 3199 ct
538 3143 605 3198 de
627 3142 904 3196 fructuum
925 3140 1168 3194 omnium
1214 3141 1480 3193 varietate
1513 3137 1721 3208 optima
1743 3137 1940 3192 offerre
1980 3146 2036 3194 et

462 3237 695 3294 reddere
719 3235 767 3291 ei
783 3235 875 3305 qui
893 3236 1075 3288 omnia
1096 3232 1244 3288 dedit
1260 3233 1485 3287 omnino
1509 3238 1742 3301 oportet;
1766 3239 2036 3302 quotquot

457 3340 640 3388 autem
674 3331 728 3385 in
782 3327 1036 3384 caelibatu
1065 3335 1120 3382 et
1169 3326 1490 3397 virginitate
1539 3325 1723 3380 vivere
1775 3325 2036 3395 eligentes

457 3424 671 3486 animae,
712 3433 969 3490 magnum
1002 3417 1098 3472 Dei
1128 3417 1380 3481 verbum,
1440 3415 1598 3486 quasi
1625 3424 1792 3470 castm
1823 3431 2038 3485 sponsa:

454 3523 510 3571 et
540 3513 858 3584 spirituales
907 3518 960 3565 et
1000 3507 1233 3573 mundae,
1286 3507 1541 3578 amplecti
1571 3509 1875 3576 pretiosum
1934 3509 2036 3561 ha-

454 3605 651 3671 beatis,
681 3609 880 3657 cuncta
914 3599 1025 3654 Deo
1045 3598 1338 3662 adducere,
1358 3613 1549 3652 omnes
1580 3596 1790 3652 fructus
1811 3597 2034 3652 Christo

456 3697 686 3753 reddere
711 3707 940 3748 necesse
971 3701 1076 3757 est,
1123 3689 1263 3744 nihil
1298 3689 1456 3744 vobis
1491 3689 1626 3758 ipsis
1662 3698 2032 3754 reservantes,

455 3795 508 3843 et
538 3785 844 3856 periculum
885 3783 940 3837 in
967 3781 1170 3853 aliquid
1205 3779 1518 3851 seponendo
1551 3780 1793 3834 Ananias
1819 3792 1872 3835 et
1899 3779 2036 3850 Sap-

454 3878 613 3948 phira
691 3877 1003 3935 ostendunt.
1079 3874 1333 3944 Splendor
1403 3875 1660 3945 refulgens
1743 3871 2032 3926 solitarius.

453 3969 647 4026 Omnis
679 3967 860 4021 anima
902 3979 1022 4035 qua).
1057 3964 1362 4018 solitariam
1413 3964 1583 4016 vitam
1618 3969 1672 4017 et
1705 3962 2034 4032 virginalem

453 4068 508 4116 et
544 4062 750 4128 absque
777 4057 910 4127 jugo
944 4055 1094 4110 vovit
1128 4052 1361 4108 Domino
1397 4062 1452 4108 et
1497 4054 1579 4108 sic
1617 4053 1806 4107 vivere
1854 4053 2032 4122 eligit,

455 4145 715 4219 splendor
742 4145 962 4214 quidam
989 4151 1049 4206 et
1105 4142 1198 4196 lux
1247 4141 1446 4196 ardens
1494 4139 1810 4194 videntibus
1863 4153 2034 4208 appa-

455 4253 576 4293 rere
600 4237 782 4303 debet,
808 4234 905 4290 sed
935 4233 1248 4289 dividentes
1280 4232 1447 4286 vitam
1487 4245 1645 4286 suam
1683 4245 1713 4283 a
1749 4229 1956 4284 mundo
1979 4237 2034 4283 et

451 4327 773 4383 hominibus
833 4325 1133 4380 mundanis
1182 4331 1238 4378 et
1289 4321 1605 4376 carnalibus
1665 4320 1828 4390 quasi
1874 4320 2034 4390 longe

454 4426 665 4475 stantes
687 4429 741 4472 et
768 4417 836 4472 ab
875 4417 1120 4487 ipsorum
1183 4412 1539 4468 commerciis
1589 4418 1650 4464 ut
1683 4410 1934 4480 plerique
1977 4418 2034 4464 et

452 4509 835 4565 meretricibus
858 4508 1140 4562 amoribus
1173 4504 1580 4560 retrocedentes
1607 4519 1621 4568 ;
1659 4503 1802 4558 sicut
1823 4511 2028 4565 autem,

453 4603 651 4672 inquit,
693 4601 854 4656 fallax
884 4598 1235 4670 pulchritudo
1259 4597 1510 4666 corporis
1548 4604 1603 4650 et
1628 4595 2031 4649 contumeliosa

452 4693 734 4750 coloribus
777 4691 997 4762 depicta
1047 4705 1156 4761 qua
1189 4689 1402 4744 vultum
1450 4687 1755 4742 illinientes
1789 4686 2033 4741 meretri-

451 4800 567 4852 ces,
599 4800 728 4841 suos
761 4783 1045 4853 decipiunt
1067 4790 1366 4845 amatores,
1401 4779 1484 4835 sic
1513 4779 1752 4834 dedecus
1781 4787 1866 4834 est
1888 4777 2030 4833 Deo-

451 4893 559 4950 que
587 4877 792 4933 odibile
823 4890 934 4930 non
965 4872 1226 4929 cordibus
1249 4872 1317 4927 ad
1337 4871 1506 4926 Deum
1536 4870 1912 4936 tendentibus,
1936 4871 2033 4926 sed

451 4971 735 5028 coloribus
789 4968 1012 5033 fucatis,
1069 4973 1126 5022 et
1178 4965 1354 5036 nigris
1404 4964 1653 5019 vestibus
1700 4971 1754 5018 et
1786 4963 2033 5018 vultibus

453 5061 769 5117 macilentis
815 5067 1031 5112 tantum
1089 5057 1398 5112 solitariam
1466 5056 1724 5110 virtutem
1766 5062 1821 5109 et
1870 5053 2030 5110 ﬁdem

452 5155 709 5210 alTectare
751 5172 765 5206 :
797 5153 911 5207 haec
939 5151 1083 5206 enim
1126 5150 1285 5205 facile
1317 5150 1698 5204 simulantium
1731 5157 1926 5202 ornata
1976 5156 2031 5204 et

453 5247 621 5320 polita
652 5246 803 5301 intus
831 5245 1093 5298 iatentem
1123 5241 1520 5311 turpitudinem
1555 5247 1818 5311 arguunt.
1875 5238 2029 5305 Mihi,

462 5336 635 5408 inquit
668 5333 974 5406 spiritualis
1024 5332 1212 5403 sponsi
1267 5333 1704 5404 paranymphus,
1754 5331 1833 5388 ah
1883 5331 2030 5386 intus

452 5426 806 5500 pulchritudo
825 5425 1012 5480 cordis
1041 5431 1098 5478 et
1131 5422 1437 5478 secundum
1489 5431 1746 5478 naturam
1791 5421 2026 5493 spiritus

448 5529 711 5577 venustas
745 5519 922 5589 placet
945 5518 1088 5572 sicut
1106 5524 1161 5572 et
1191 5515 1299 5570 Deo
1331 5517 1528 5570 virtus.

1837 403 2130 461 NICETAS
2169 405 2378 461 DAVID

3620 414 3726 469 784

2142 521 2444 589 σιουργίαν,
2501 523 2597 575 καὶ
2659 523 2911 576 πλουτεῖν
2946 522 3044 594 μὲν
3071 522 3240 596 μόνην
3266 525 3363 596 τὴν
3395 524 3626 598 θεότητα
3651 532 3726 592 ὡς

2139 612 2200 664 ὲν
2217 613 2466 684 ἐσόπτρῳ
2489 613 2696 686 ταύτην
2722 615 3004 680 εἰλικρινεῖ
3023 617 3100 687 τῷ
3133 617 3247 688 ἰδίῳ
3279 618 3357 689 νῷ
3380 619 3725 691 φανταζόμε-

2141 705 2285 776 νονῆ
2321 706 2758 778 καταθεώμενον,
2813 710 2990 762 πάντα
3037 709 3094 762 δὲ
3124 709 3213 763 τὸν
3258 709 3494 782 φθαρτὸν
3519 714 3727 766 τουτονὶ

2141 797 2345 866 κόσμον
2369 797 2464 852 καὶ
2483 797 2551 851 τὰ
2571 800 2630 851 ἐν
2660 798 2810 870 αὑτῷ
2839 800 3050 869 μεγάλα
3080 804 3194 862 τοῖς
3212 801 3424 866 πολλοῖς
3443 804 3723 870 δοκοῦντα,

2145 891 2235 944 ῖσα
2269 891 2364 944 καὶ
2394 891 2713 962 ἀραχναίοις
2765 893 2828 962 νή
2839 909 2969 962 μασι
2997 895 3107 956 τοῖς
3148 894 3484 959 εὐδιαλύτοις
3504 898 3596 950 καὶ
3626 916 3726 951 σα-

2143 983 2424 1054 θροτάτοις
2487 985 2752 1054 παρορᾷν.
2801 985 2911 1038 Καὶ
2959 985 3068 1055 γὰρ
3103 987 3280 1040 πάντα
3332 987 3430 1058 μὲν
3465 987 3631 1058 ἄρδην
3657 990 3728 1043 τὰ

2141 1070 2294 1122 τοῦδε
2347 1068 2441 1121 τοῦ
2510 1069 2625 1139 βίου
2659 1069 2766 1150 τῶν
2807 1069 3108 1142 ἀνθρώπων
3145 1071 3326 1139 ἀγαθὰ
3354 1072 3620 1146 ἁλλότριά
3667 1094 3724 1129 τε

2142 1161 2319 1214 αὐτῶν
2347 1162 2442 1214 καὶ
2505 1159 2703 1228 ἔξωθεν
2738 1163 2952 1232 ὁρᾶται,
2987 1163 3122 1233 μόνη
3163 1163 3220 1216 δὲ
3249 1166 3282 1234 ἡ
3316 1165 3482 1236 ἀρετὴ
3518 1167 3727 1238 ἀνθρω-

2144 1255 2272 1326 πίνη
2297 1255 2432 1315 ὲστὶ,
2462 1255 2556 1307 καὶ
2579 1253 2715 1324 αῦτη
2741 1255 2877 1326 μόνη
2899 1256 3000 1326 τῆς
3023 1255 3257 1309 ἐνταῦθα
3277 1256 3516 1327 βιώσεως
3541 1259 3728 1328 ὄνησίς

2144 1349 2262 1401 ἐστι
2313 1348 2408 1401 καὶ
2467 1348 2702 1417 ὠφέλεια
2752 1351 2818 1418 τῇ
2874 1348 3042 1418 ψυχῇ.
3079 1348 3250 1402 Τοῦτο
3281 1349 3346 1421 δὴ
3394 1351 3727 1416 καὶαὺτδςὸ

2143 1439 2416 1512 ἄφθαρτος
2471 1441 2564 1494 καὶ
2618 1441 2885 1506 ἀθάνατος
2925 1441 3019 1495 τοῦ
3052 1441 3185 1496 Θεοῦ
3228 1443 3381 1512 λόγος
3412 1446 3547 1497 πᾶσι
3578 1445 3727 1509 λαοῖς

2145 1533 2318 1604 ἐμϐοᾷ
2367 1535 2462 1587 καὶ
2513 1534 2864 1603 συγκαλεῖται
2886 1553 2898 1566 ·
2937 1535 3094 1607 Δεῦρ’
3130 1535 3230 1604 ῖτε,
3263 1537 3484 1604 πάντες,
3520 1538 3724 1602 ἔλθετε,

2146 1624 2281 1695 πρὸς
2312 1624 2409 1694 τὴν
2434 1626 2532 1696 τῆς
2559 1626 2953 1697 ὑπερουρανίου
2991 1626 3034 1678 Τ
3042 1628 3219 1698 ριαδος
3257 1629 3552 1697 ἐπίγνωσιν
3583 1629 3727 1681 ἐπεί-

2145 1715 2329 1784 γεσθε,
2356 1717 2450 1769 καὶ
2487 1716 2664 1771 πάντα
2709 1718 2798 1770 τὸν
2838 1717 3041 1788 κόσμον
3074 1719 3166 1772 καὶ
3192 1719 3259 1772 τὰ
3287 1721 3343 1772 ἐν
3366 1719 3516 1790 αὐτῷ
3537 1720 3612 1783 ὡς
3633 1721 3727 1773 ἁλ-

2144 1809 2330 1880 λότρια
2363 1809 2492 1862 ὄντα
2513 1809 2958 1882 ὑπερϐαίνοντες,
2995 1812 3080 1866 διὰ
3101 1813 3258 1882 λόγου
3297 1815 3390 1868 καὶ
3411 1813 3641 1885 Θεωρίας
3663 1812 3726 1866 τὸ

2144 1904 2406 1975 ὑμέτερον
2435 1903 2774 1974 ἐκζητήσατε
2800 1903 2983 1958 καλὸν.

2141 2058 2210 2112 55
2239 2056 2427 2113 Θέσοε
2482 2060 2647 2122 νόον,
2679 2059 2867 2123 ,ϐιότῳ
2913 2059 3032 2128 μὲν
3083 2061 3270 2127 ὅσους
3309 2061 3492 2133 γάμος
3538 2063 3722 2133 ἁγνὸς

2141 2199 2210 2253 54
2312 2200 2530 2267 Ληνοῖς
2557 2202 2866 2266 οἰιρανίαις
2903 2203 3156 2257 πλείονα
3187 2132 3649 2274 καρπένξῗέῗῖ

2210 2401 2409 2456 Τοῦτον
2463 2403 2592 2472 ὑμῖν
2620 2403 2711 2454 τὸν
2749 2402 2905 2471 λόγον
2934 2403 3183 2457 ἐνθέσθαι
3216 2403 3478 2477 βούλομαι
3518 2406 3596 2478 τῷ
3623 2408 3720 2479 νῷ,

2141 2492 2236 2547 καὶ
2270 2492 2473 2563 ταύτην
2503 2495 2624 2556 ταῖς
2652 2494 2945 2564 ὑμετέραις
2965 2495 3212 2566 καρδίαις
3237 2499 3591 2568 ὲνωτισθῆναι
3621 2500 3720 2570 τὴν

2143 2578 2363 2655 βουλήνζ
2390 2585 2586 2647 ’Ὁσους
2614 2585 2711 2655 μὲν
2742 2585 2903 2654 ἁγνὸς
2924 2587 3101 2657 γάμος
3139 2589 3232 2640 καὶ
3266 2588 3488 2660 ἔννομος
3513 2590 3592 2660 τῷ
3626 2591 3724 2663 βίῳ

2143 2673 2450 2745 συνέδησεν,
2509 2677 2631 2729 ἐπεὶ
2676 2676 2750 2748 μὴ
2779 2679 2908 2748 ῥᾷον
2951 2679 3282 2734 ἀπολύεσθαι
3332 2683 3440 2735 τῶν
3485 2683 3720 2756 δεσμῶν,

2141 2770 2262 2830 ταῖς
2291 2767 2569 2838 οὐρανίαις
2603 2769 2783 2839 ληνοῖς
2815 2771 2910 2824 καὶ
2935 2775 3055 2835 ταῖς
3083 2773 3177 2826 τοῦ
3208 2773 3343 2827 Θεοῦ
3375 2775 3722 2847 Ἐκκλησίαις

2145 2860 2287 2915 κατὰ
2309 2861 2563 2915 τοσοῦτον
2592 2863 2814 2917 πλείονα
2833 2870 3204 2937 καρποφορεῖν
3239 2868 3483 2936 ὀφείλετε
3513 2870 3720 2942 Κυρίῳ,

2143 2951 2266 3006 καθ’
2331 2954 2454 3006 ὅσον
2511 2953 2605 3007 καὶ
2637 2951 2876 3008 πλεόνων
2938 2955 3069 3026 ὑμῖν
3100 2955 3320 3026 μέτεστι
3361 2960 3468 3010 τῶν
3494 2960 3601 3013 ἀπὸ
3628 2960 3723 3013 τοῦ

2145 3046 2351 3117 κόσμου
2402 3046 2645 3115 ἀγαθῶν.
2665 3049 2769 3100 Ἐκ
2813 3064 2872 3100 τε
2916 3048 3025 3119 γὰρ
3065 3050 3173 3101 τῶν
3206 3050 3490 3120 φυομένων
3520 3053 3726 3106 τέκνων

2144 3139 2203 3204 ἐξ
2233 3139 2408 3210 ὑμῶν,
2448 3140 2510 3193 ἐκ
2529 3157 2588 3193 τε
2627 3140 2734 3194 τῶν
2773 3141 2881 3194 ἀπὸ
2904 3145 3004 3213 τῆς
3033 3142 3138 3212 γῆς
3168 3145 3607 3216 περιουσιασμῶν
3631 3147 3726 3201 καὶ

2143 3232 2245 3303 τῆς
2292 3233 2402 3286 τῶν
2446 3233 2673 3304 καρπῶν
2718 3235 2974 3287 ἁπάντων
3018 3236 3290 3300 ποικιλίας
3352 3235 3420 3290 τὰ
3466 3238 3725 3292 κάλλιστα

2149 3325 2474 3396 προσφέρειν
2506 3325 2599 3378 καὶ
2653 3327 3008 3396 καρποδοτεῖν
3055 3327 3132 3398 τῷ
3157 3326 3406 3381 δεδωκότι
3444 3329 3512 3382 τὰ
3547 3331 3726 3383 πάντα

2144 3417 2363 3480 πάντως
2413 3415 2623 3487 χρεών·
2666 3418 2786 3470 ὅσαι
2835 3417 2891 3470 δὲ
2937 3419 3149 3490 ἁγαμίᾳ
3200 3421 3294 3472 καὶ
3325 3420 3592 3492 παρθενίᾳ
3625 3422 3725 3492 ζῇν

2145 3509 2561 3580 αἱρετισάμεναι
2593 3509 2781 3580 ψυχαὶ,
2801 3510 2892 3562 τὸν
2918 3511 3089 3581 μέγαν
3127 3511 3218 3565 τοῦ
3252 3511 3388 3565 Θεοῦ
3422 3514 3615 3582 Λόγον,
3647 3513 3725 3578 ὡς

2143 3600 2302 3668 ἁγναὶ
2333 3599 2542 3669 νύμφαι
2579 3602 2672 3653 καὶ
2703 3602 2888 3672 νοεραὶ
2932 3601 3025 3654 καὶ
3060 3601 3321 3672 καθαραὶ,
3351 3603 3536 3656 τοῦτον
3564 3606 3725 3672 ἐναγ-

2142 3687 2810 3759 καλίζεσθαιπροείλεσθε,
2844 3692 3020 3744 πάντα
3049 3691 3166 3761 Θεῷ
3200 3693 3518 3764 προσάγειν,
3547 3694 3724 3748 πάντα

2141 3777 2359 3848 Χριστῷ
2388 3782 2652 3850 προσήκει
2691 3783 3080 3851 καρποφορεῖν,
3107 3782 3272 3852 μηδὲν
3292 3783 3725 3855 ὑπολειπομένας

2141 3871 2358 3933 ἑαυταῖς
2388 3886 2401 3901 ·
2435 3872 2526 3923 καὶ
2555 3870 2646 3923 τὸν
2693 3872 2800 3924 ἀπὸ
2836 3873 2932 3925 τοῦ
2965 3875 3326 3941 νοσφίσασθαί
3373 3893 3426 3928 τι
3478 3877 3722 3930 κίνδυνον

2142 3963 2171 4014 ὁ
2205 3963 2453 4025 Ἀνανίας
2479 3963 2573 4016 καὶ
2617 3965 2649 4033 ἡ
2679 3963 2792 4035 (77)
2828 3964 3112 4037 Σάπφειρα
3142 3967 3575 4037 παραδεικνύτω.

2139 4054 2328 4122 Αἴγλη
2355 4055 2768 4122 παμφανόωσα
2795 4057 3189 4124 μονόῖροπος.

2143 4147 2298 4202 Πᾶσα
2362 4149 2505 4220 ψυχὴ
2577 4148 2898 4222 μονότροπον
2970 4148 3079 4217 βίον
3143 4148 3236 4200 καὶ
3271 4148 3591 4218 παρθενικὸν
3626 4150 3722 4201 καὶ

2141 4234 2321 4303 ἄζυγα
2357 4235 2629 4306 εὐξαμένη
2680 4235 2757 4306 τῷ
2782 4236 2970 4308 Κυρίῳ
3003 4237 3098 4290 καὶ
3141 4236 3283 4290 οὕτω
3319 4237 3467 4308 βιοῦν
3497 4239 3721 4310 προελοο

2146 4325 2301 4395 μένη,
2364 4323 2526 4396 αἴγλη
2561 4341 2645 4388 τις
2693 4325 2786 4378 καὶ
2819 4326 3097 4396 φωτισμὸς
3127 4329 3427 4398 παμφανὴς
3454 4332 3562 4391 τοῖς
3581 4328 3722 4399 ὀρῶ-

2143 4436 2225 4471 σιν
2259 4418 2463 4488 ὀφείλει
2501 4418 2984 4472 καταδείκνυσθαι·
3045 4419 3158 4472 ἀλλ’
3206 4421 3722 4474 ἀποδιαστέλλουσαι

2141 4510 2238 4582 τὴν
2274 4511 2483 4565 ἑαυτῶν
2512 4509 2657 4580 ζωὴν
2701 4511 2794 4563 τοῦ
2831 4510 3036 4581 κόσμου
3064 4513 3156 4564 καὶ
3184 4513 3290 4564 τῶν
3317 4512 3596 4583 κοσμικῶν
3621 4513 3721 4565 ἁν-

2142 4601 2376 4674 θρώπων
2410 4604 2503 4656 καὶ
2525 4602 2826 4676 σαρκικῶν,
2850 4603 2924 4666 ὡς
2959 4605 3148 4676 πόρρω
3172 4603 3592 4675 καθιστάμεναι,
3624 4607 3721 4659 κα)⁵

2139 4687 2238 4750 τὰς
2260 4689 2395 4759 πρὸς
2418 4690 2612 4753 αὐτοὺς
2627 4691 2912 4754 κοινωνίας
2943 4691 3017 4754 ὡς
3038 4692 3105 4744 τὰ
3137 4691 3306 4746 πολλὰ
3328 4694 3417 4746 καὶ
3440 4695 3720 4766 ἐταιρικὰς

2136 4780 2426 4851 φιλότητας
2456 4782 2798 4836 ἐκκλίνουσαι
2821 4799 2834 4813 °
2872 4782 3062 4855 ὥσπερ
3091 4785 3167 4850 δὲ,
3192 4787 3346 4856 φησὶ,
3378 4786 3570 4856 ψευδὲς
3588 4787 3720 4840 κάλ-

2131 4872 2221 4936 λος
2255 4872 2508 4942 σώματος
2539 4875 2634 4928 καὶ
2663 4874 2989 4945 ὲφύόριστον
3013 4876 3074 4928 τὺ
3094 4880 3150 4930 ὲν
3172 4877 3422 4949 χρώμασι
3457 4877 3720 4943 διανθιζό-

2134 4979 2312 5033 μενον,
2342 4963 2371 5015 ὃ
2403 4964 2764 5036 ἑταιρίστριαι
2795 4969 2907 5030 τοῖς
2941 4968 3120 5022 αὐτῶν
3158 4969 3472 5039 προσώποις
3494 4971 3716 5024 ὑπαλεί-

2131 5070 2346 5122 φουσαι,
2372 5055 2497 5120 τοὺς
2531 5056 2709 5110 αὐτῶν
2733 5057 2967 5128 ἐραστὰς
2986 5059 3352 5115 διαπλανῶσιν
3373 5078 3384 5091 ·
3410 5061 3580 5126 οὕτως
3602 5062 3719 5116 ἄτι-

2139 5162 2238 5214 μον
2272 5147 2364 5199 καὶ
2393 5145 2684 5216 θεοστυγὲς
2736 5149 2812 5220 μὴ
2853 5151 2909 5204 ὲν
2949 5151 3200 5223 καρδίαις
3235 5153 3715 5224 θεοφορουμέναις,

2136 5239 2252 5292 ἀλλ’
2285 5241 2342 5293 ἐν
2394 5240 2678 5312 χρώμασιν
2723 5243 3102 5314 ἀσκουμένων,
3138 5248 3232 5300 καὶ
3273 5247 3715 5318 μελανοφορίαις,

2135 5333 2500 5404 καὶοσχήμασι
2525 5333 2700 5403 ψιλοῖς
2736 5335 2917 5404 μόνοις
2938 5337 3036 5407 τὴν
3074 5337 3366 5408 μοναδικὴν
3392 5336 3591 5408 ἀρετὴν
3619 5339 3717 5389 καὶ

2134 5423 2314 5476 πίστιν
2361 5424 2785 5480 ἐπιδείκνυσθαι.
2833 5426 3017 5480 Ταῦτα
3075 5429 3183 5500 γὰρ
3231 5429 3296 5482 ἂν
3352 5428 3566 5500 ῥᾳδίως,
3606 5429 3718 5480 τῶν

2133 5516 2576 5587 ὑποκρινομένων
2599 5519 2935 5573 ἐκπλυθέντα
2947 5522 3042 5575 καὶ
3064 5521 3451 5587 ἁποξεσθέντα,
3474 5519 3570 5592 τὴν
3587 5521 3715 5572 λαν-

450 5613 714 5668 θάνουσαν
755 5610 902 5663 ἔνδον
962 5609 1347 5680 ἀσχημοσύνην
1388 5606 1687 5676 ἀπελέγξαι
1714 5625 1727 5639 ·
1780 5608 1904 5679 ἐμοὶ
1943 5607 2020 5670 δὲ,
2073 5608 2245 5679 φησὶν
2276 5609 2304 5660 ὁ
2344 5609 2437 5663 τοῦ
2479 5608 2673 5682 νοητοῦ
2733 5614 2968 5686 νυμφίου
3025 5614 3394 5686 νυμφοστόλος
3469 5614 3530 5666 τὸ
3574 5614 3720 5667 κατὰ

451 5707 613 5780 βάθος
647 5705 842 5768 κάλλος
873 5704 973 5774 τῆς
1003 5703 1228 5775 καρδίας
1251 5703 1346 5756 καὶ
1377 5705 1411 5773 ἠ
1447 5703 1649 5775 φυσικὴ
1682 5702 1776 5757 τοῦ
1807 5704 1925 5766 νοὸς
1955 5702 2225 5779 ὠραιὸτης
2252 5708 2576 5782 προσφιλὴς,
2607 5712 2682 5780 ὼς
2706 5713 2799 5770 καὶ
2821 5711 2940 5783 Θεῷ
2969 5713 3156 5785 ἀρετή,

521 5883 634 5954 (77)
667 5882 729 5936 ν.
766 5897 936 5938 carm.
970 5885 1023 5950 5,
1060 5882 1164 5939 452
1195 5890 1242 5936 et
1271 5898 1445 5950 γνωμ.
1479 5887 1526 5950 η’
