4164 6350
428 413 531 471 785

421 532 482 604 μ
510 535 673 604 Μήτε
695 534 1007 599 damma-dy

421 600 489 660 82
594 600 603 604 ⁷
629 600 1073 674 Ἀτκυλόεσσαὶρ
1105 600 1286 684 ἔχειν)

491 693 676 747 Πάντα
714 697 918 769 μέτρῳ,
957 705 1132 756 πάντα
1157 707 1384 779 σταθμῷ
1411 710 1480 763 τά
1508 729 1566 765 τε
1597 714 1698 784 ἤθη
1729 718 1822 770 καλ⁸
1849 719 1994 791 πάθη

418 779 703 850 ῥυθμίζειν
753 787 852 856 τῆς
901 788 1104 860 ψυχῆς,
1147 795 1242 847 καί
1285 815 1347 865 γε
1380 798 1480 863 τὰς
1507 802 1565 853 ἐν
1588 779 1771 869 αὐτοῖς
1799 779 1996 881 κατορί

1441 431 1509 486 ΙΝ
1547 435 1859 492 CARMINA
1899 440 2180 497 ARCANA
2219 445 2275 498 S.
2321 447 2666 504 GREGORII.

978 559 1092 630 γῆν
1115 546 1226 630 τιν’
1241 548 1517 618 ἀκαμπέα
1536 555 1688 624 μήτε
1702 563 2003 630 φρόνησιν

3567 459 3674 521 786

2223 565 2619 647 Necjnstitiaut
2649 573 3010 640 inﬂexibilem,
3033 592 3190 647 neque
3219 579 3554 647 prudentiam

2106 635 2176 687 42
2218 634 2482 693 Callidum
2514 634 2721 700 habeat.

2173 726 2384 783 Cuncta
2417 747 2694 796 mensura,
2722 744 2921 790 cuncta
2953 745 3158 794 statera
3190 749 3305 796 tum
3340 761 3518 802 mores
3553 758 3667 804 tum

2103 816 2333 873 affectus
2383 823 2686 890 ponderare
2735 827 2930 881 animm
2983 837 3038 884 et
3097 834 3347 890 ordinata
3402 840 3664 894 virtutum

415 869 682 943 Onupévag
708 876 816 929 τῶν
849 880 1058 949 ἀρετῶν
1087 884 1378 942 διευθετεῖν
1407 893 1509 964 χρὴ
1541 897 1634 948 καὶ
1664 897 1877 951 τάττειν
1901 917 1955 952 κο

415 967 639 991 υΑοιι-ιτ..
689 967 750 991 n2
786 969 888 991 --3_-
928 989 956 991 ες
999 975 1012 991 \
1128 976 1175 991 ει
1259 980 1270 991 ι
1322 981 1346 991 λ
1547 985 1556 991 .
1744 990 1749 991 ,

2143 869 2330 873 ,,-_____
2385 869 2685 890 Ιν...-.ν.-.-ν
2735 869 2926 881 "unum.
2983 869 3038 884 νυ
3097 869 3347 890 υιυιιιαια
3408 869 3663 894 νιιιυιυιιι

2095 907 2232 963 bene
2262 909 2557 980 disponere
2605 923 2822 984 oportet
2881 928 2935 973 et
3000 935 3306 991 exornare;
3360 929 3462 984 etsi
3519 932 3663 986 enim

368 987 379 1036 ς
413 967 660 1032 κοσμεῖν.
689 967 752 1019 El
786 969 894 1039 γὰρ
927 975 1020 1028 καὶ
1052 976 1217 1030 καλὸν
1248 980 1295 1044 ἡ·
1317 981 1630 1056 δικαιοσύνη
1671 990 1770 1041 καὶ·
1799 991 1830 1059 ἡ
1856 993 1990 1062 φρό-

411 1069 566 1122 νησις
611 1057 798 1126 (καλαὶ
853 1063 961 1133 γὰρ
1020 1067 1113 1119 καὶ
1181 1069 1290 1122 τῶν
1335 1073 1544 1142 ἀρετῶν
1591 1078 1648 1129 αἱ
1705 1079 1988 1135 κάλλισται

411 1145 751 1215 ὑμνοῦνται),
798 1152 912 1205 ἀλλ’
943 1157 996 1208 εἴ
1045 1175 1128 1220 τις
1160 1161 1608 1233 ὑπερϐαλλόντως
1631 1170 1725 1222 καὶ
1761 1171 1918 1225 πλέον

405 1237 575 1289 δεῖ-τὸ
605 1239 810 1296 δίκαιον
841 1246 1038 1314 μετίοι,
1102 1253 1182 1315 είς
1235 1255 1470 1326 ἀκαμπῆ
1523 1261 1616 1311 καὶ
1653 1237 1987 1332 ἀνελεήμονα

407 1325 631 1398 γνώμην
663 1330 967 1387 διαπίπτων
1008 1339 1102 1391 καὶ
1134 1325 1514 1414 διαμαρτάνων
1539 1349 1638 1420 τῆς
1665 1325 1984 1418 ἐπιεικείας,

404 1417 480 1479 ὼς
517 1419 577 1471 οὐ
633 1420 858 1488 δικαίως
908 1426 976 1478 τὸ
1019 1428 1223 1484 δίκαιον
1286 1435 1515 1500 διώκων,
1564 1440 1663 1491 οὐκ
1705 1443 1984 1509 ἐπαινετὸς

403 1509 557 1565 ἔσται
577 1530 589 1543 ·
609 1515 770 1568 πάλιν
789 1531 801 1544 ·
845 1517 911 1570 Ἠ
937 1521 1195 1594 φρόνησις
1224 1526 1285 1578 τὸ
1325 1526 1596 1594 λυσιτελὲς
1619 1533 1705 1585 ἀεὶ
1733 1535 1826 1587 καὶ
1856 1553 1982 1588 συν-

401 1601 545 1652 οῖσον
573 1603 948 1678 ὲπινοουμένη,
1006 1611 1055 1660 εί
1185 1615 1323 1681 μετά
1359 1591 1666 1689 ἁπλότητος
1700 1624 1793 1675 καὶ
1817 1625 1979 1695 ὀρθοῦ

401 1687 580 1759 λόγου,
610 1693 745 1748 ἀλλὰ
766 1697 1106 1770 πολιότητος
1134 1705 1225 1756 καὶ
1259 1707 1392 1777 πρὸς
1422 1687 1594 1764 ἄλλων
1617 1705 1820 1783 ζημίαν
1849 1687 1979 1771 ίδιον

398 1781 587 1851 κέρδος
641 1784 1046 1858 ὲξευρίσκουσα,
1096 1793 1288 1848 οὐκουν
1340 1799 1506 1871 ἀρετὴ
1547 1781 1702 1856 τοῦτ(
1741 1806 1808 1859 ἂν
1851 1808 1976 1879 είή;

394 1870 506 1922 ςύδ’
535 1873 759 1927 ἐπαίνου
818 1878 1016 1948 μᾶλλον
1067 1882 1099 1952 ἢ
1147 1883 1314 1952 ψόγου
1376 1891 1469 1942 καὶ
1496 1870 1749 1964 διαϐολῆς
1789 1870 1970 1961 ἄξιονλ

395 1960 532 2016 ἀλλά
562 1965 658 2017 καὶ
683 1965 746 2018 τὸ
780 1967 980 2039 θάρσος
1007 1971 1161 2037 αὐτὸ,
1204 1977 1357 2045 φησὶ,
1391 1982 1683 2051 νωμάσθω,
1705 1960 1809 2040 καὶ
1837 2007 1975 2060 συμ-

397 2052 612 2124 μέτρως
661 2057 852 2128 ἐχέτω,
877 2062 970 2113 καὶ
1005 2063 1309 2143 μερ-ιζέσθω
1355 2071 1532 2136 καλῶς
1553 2089 1567 2101 ·
1598 2074 1741 2130 οὕτω
1770 2079 1878 2150 γὰρ
1904 2052 1979 2134 ἀν.

390 2144 582 2216 ἀνδρία
607 2148 832 2216 γένοιτο,
852 2157 946 2206 καὶ
974 2140 1344 2219 ἀξία-ἐπαίνου
1370 2163 1539 2236 ἀρετή
1564 2183 1576 2194 ·
1602 2169 1648 2220 εί
1665 2168 1721 2222 δέ
1741 2140 1805 2237 γε
1827 2140 1974 2242 πέρα

389 2233 484 2286 τοῦ
512 2234 722 2301 δέοντος
751 2236 912 2296 ἆττον
933 2244 1254 2314 ὑπερπέσοι,
1285 2251 1466 2305 οὐκέτι
1495 2253 1685 2325 ἀνδρία
1710 2263 1804 2310 καὶ
1835 2261 1970 2330 κρά-

389 2341 500 2389 τος,
523 2327 657 2381 ἀλλὰ
676 2329 874 2402 θράσος
901 2319 1061 2388 ἔσται
1076 2338 1188 2389 καὶ-
1202 2343 1480 2410 μωμητόν.
1498 2319 1654 2398 Οὕτω
1681 2352 1772 2400 καὶ
1795 2352 1826 2420 ἡ
1862 2319 1968 2404 σω-

389 2417 626 2487 φροσύνη
657 2421 757 2474 οὐκ
783 2425 839 2475 ἐν
873 2423 948 2494 τῷ
980 2427 1257 2498 ὲμϐριθῶς
1289 2430 1427 2500 άγαν
1450 2435 1544 2486 καὶ
1576 2417 1848 2509 στιϐαρῶς
1879 2444 1966 2496 ἀεὶ

386 2509 481 2560 καὶ
533 2510 668 2580 πρὸς
725 2513 926 2578 πάντας
948 2516 1027 2587 τῷ
1076 2520 1458 2594 ἐπιθυμητικῷ
1498 2529 1819 2597 κεχρῆσθαι,
1850 2533 1964 2586 ἀλλ’

384 2599 531 2653 ἔστιν
563 2603 651 2655 ὅτε
681 2606 773 2658 καὶ
802 2607 938 2678 πρός
984 2627 1036 2664 τι
1073 2611 1179 2664 τῶν
1211 2614 1564 2688 ὲπιθυμητῶν
1592 2622 1840 2693 γαληνῶς
1870 2627 1964 2678 καὶ

382 2689 562 2756 ἠπίως
595 2691 894 2748 διακεῖσθαι
930 2701 1285 2771 σωφροσύνης
1315 2704 1483 2764 ἐστίν.
1520 2708 1630 2760 Καὶ⁵
1666 2689 1838 2763 ταῦτα
1863 2711 1962 2780 μὲν

379 2779 518 2848 πρός
545 2798 596 2833 τι
625 2784 717 2836 καί
739 2786 881 2839 κατά
908 2787 998 2841 τὸν
1020 2794 1364 2863 προσήκοντα
1399 2797 1703 2868 μετρείσθω
1734 2779 1922 2872 καιρδν
1940 2820 1959 2855 ,ν

377 2870 471 2924 τὸν
498 2872 623 2926 νοῦν
675 2874 731 2928 δὲ
781 2878 874 2931 τοῦ
913 2879 1048 2933 Θεοῦ
1100 2883 1300 2953 λογίοις
1349 2887 1664 2957 ὑπανοίγειν
1691 2893 1785 2945 καὶ
1841 2897 1962 2957 ταῖς

378 2961 551 3027 θείαις
575 2966 826 3035 μελέταις
874 2972 962 3024 ἀεὶ
1017 2979 1409 3047 προσασχολείν
1444 2982 1734 3037 κάλλιστόν
1773 3002 1832 3038 τε
1867 2987 1961 3040 καὶ

374 3054 711 3111 τελειότατον
732 3063 851 3125 ταῖς
912 3062 1291 3132 θεοπνεύστοις
1353 3071 1672 3140 ἱερολογίαις
1721 3077 1960 3142 ἁπάσαις

377 3152 771 3222 μαρτυρεῖται·
833 3153 996 3209 οὕτω-
1022 3156 1132 3229 γὰρ
1161 3159 1225 3212 ἄν
1253 3178 1338 3224 τις
1372 3162 1489 3216 τῶν-
1510 3165 1778 3236 οὐρανίων
1810 3170 1958 3241 νομί-

375 3253 492 3306 μων
520 3239 615 3292 τοῦ
641 3240 944 3312 πνεύματος
994 3247 1318 3319 ἐπιστήμων
1363 3251 1735 3326 καθειστήκοι.
1773 3259 1950 3312 Σπεύ-

375 3325 486 3379 δειν
505 3327 603 3397 μὲν
618 3327 711 3384 οῦν
733 3332 952 3404 ἄριστον
973 3332 1133 3400 εἶναι,
1156 3339 1441 3401 κάλλιστόν
1468 3361 1527 3396 τε
1549 3325 1642 3399 καὶ
1659 3349 1950 3417 παγκλεές⁶

370 3418 628 3488 ἀρέσκειν
649 3421 705 3475 δὲ
735 3423 809 3495 μὴ
843 3427 1037 3481 πᾶσιν⁹
1074 3430 1134 3482 οὐ
1165 3431 1275 3502 γὰρ
1307 3435 1400 3494 καὶ
1437 3438 1550 3500 τοῖς
1583 3442 1773 3503 κακοῖς
1801 3440 1954 3494 δυνα-

369 3508 482 3572 τὸν,
513 3510 628 3565 ἀλλ’
676 3507 757 3577 οἷς
809 3513 958 3580 ἄξιον
1000 3519 1276 3589 ἀρέσκειν,
1323 3527 1436 3587 τοῖς
1462 3527 1685 3595 ἀγαθοῖς
1712 3531 1912 3604 δηλαδή
1934 3550 1949 3565 ο

371 3603 575 3665 κακοὺς
592 3603 700 3676 γὰρ
719 3607 957 3677 τέρπειν,
976 3609 1102 3676 δόξα
1121 3612 1236 3671 ἐστὶ
1265 3613 1528 3688 δυσκλεὴς
1550 3621 1640 3672 καὶ
1669 3603 1946 3694 θεομισής.

374 3691 445 3747 49
480 3695 748 3762 Δια-χρὸν
797 3697 1047 3766 ἄριστον
1104 3703 1302 3768 ἐόντα,
1373 3707 1715 3849 συνὴγίρὲἓν
1748 3691 1949 3791 egure»?

1683 3798 1874 3848 ιτρων.

1683 3798 1874 3848 ιτρων.

438 3852 670 3925 Δίσχρὸν
693 3856 809 3926 ἅμα
835 3860 928 3912 καὶ⁹
950 3861 1132 3915 ἄδικον
1161 3865 1256 3917 καὶ
1285 3869 1519 3938 πονηρὸν
1537 3909 1551 3934 ,
1587 3871 1790 3939 ἀγαθὸν
1819 3874 1948 3930 ὄντα

369 3946 534 4016 ἄνδρα
569 3949 662 4001 καὶ
693 3949 900 4010 δίκαιον
931 3954 1080 4024 (78),
1121 3961 1420 4030 συνήγορον
1450 3963 1680 4034 ὁρᾶσθαι
1702 3967 1810 4019 τῶν
1847 3988 1946 4024 πο-

370 4036 549 4106 νηρῶν
597 4040 688 4090 καὶ
735 4041 940 4097 κακῶν.
989 4046 1100 4100 Καὶ
1143 4048 1251 4115 γὰρ
1288 4051 1492 4120 ὅμοιον,
1525 4056 1677 4125 φησὶ,
1710 4059 1802 4132 καὶ
1833 4061 1945 4116 ἴσον

360 4123 595 4198 ὑπάρχει
622 4130 681 4182 τὸ
712 4131 1016 4200 φιλιοῦσθαι
1046 4140 1156 4200 τοῖς
1187 4145 1374 4204 κακοῖς
1403 4143 1498 4194 καί
1533 4123 1683 4215 σφισι
1723 4125 1946 4221 συνηγο-

363 4223 475 4286 μεῖν
505 4220 582 4291 τῷ
624 4222 724 4293 τῆς
761 4225 940 4280 αὐτῶν
969 4230 1165 4294 κακίας
1201 4233 1349 4297 ἐντὸς
1396 4230 1534 4290 εἶναι
1579 4240 1672 4292 καὶ
1724 4243 1782 4295 ὲν
1823 4220 1942 4309 ταῖς

357 4311 495 4375 ὁδοῖς
511 4313 690 4368 αὐτῶν
710 4317 1054 4388 πορεύεσθαι.
1089 4323 1288 4378 Πάλιν
1316 4326 1456 4398 Πυρὶ
1482 4329 1578 4398 μὲν
1610 4331 1703 4384 καὶ
1734 4352 1947 4402 χωνευ-.

359 4404 534 4474 τηρίῳ
561 4405 654 4458 τὸν
698 4409 898 4478 χρυσὸν
927 4410 1263 4482 δαμάζεσθαι
1303 4420 1701 4492 μεμαθήκαμεν
1733 4427 1827 4479 καὶ
1856 4427 1940 4480 δο-

354 4495 687 4564 κιμάζεσθαι
715 4517 728 4530 ·
771 4501 938 4574 ἄνδρα
966 4505 1023 4557 δὲ
1046 4507 1249 4574 ἀγαθὸν
1275 4514 1389 4574 τοῖς
1414 4513 1633 4582 ἄλγεσιν
1660 4519 1816 4588 ἴσμεν
1843 4523 1937 4575 καὶ
1976 4535 1981 4542 ·

356 4586 538 4650 πηῦνοις
564 4591 968 4647 ταπεινοῦσθαι.
985 4596 1075 4666 Μὴ
1102 4593 1194 4652 οὖν
1221 4599 1320 4663 τὰς
1350 4602 1667 4675 ἀλγηδόνας,
1756 4603 1931 4676 οὗτος,

355 4678 616 4741 πολλάκις
648 4681 853 4747 δεδιὼς,
883 4686 1185 4758 ὐπενεχθῇς
1217 4693 1281 4760 τῇ
1316 4677 1542 4766 ἀσεϐείᾳ
1577 4698 1670 4750 καὶ
1701 4717 1933 4772 συνηγο-

355 4766 466 4835 ρῶν
495 4768 666 4841 ὀφθῇς
688 4775 798 4834 τοῖς
827 4778 1038 4839 κακοῖς.
1081 4774 1218 4831 Οἶδα.
1250 4779 1395 4852 γάρ,,
1416 4785 1569 4853 φησὶ,
1602 4786 1664 4839 τὸ
1683 4766 1931 4844 διέὐσέ-

353 4856 504 4910 ϐειαν
537 4858 701 4928 ἄλγος
741 4865 1068 4935 κουφότερον
1107 4865 1166 4919 ὃν
1195 4867 1296 4938 τῆς
1348 4871 1642 4938 εὐπαθείας
1674 4876 1780 4929 τῶν
1801 4879 1930 4931 ἀσε-

350 4945 464 4999 ϐῶν
513 4949 608 5003 καὶ
653 4951 715 5003 τὸ
747 4954 883 5023 μετά
935 4957 1169 5026 Χριστοῦ
1212 4959 1469 5029 πάσχειν,
1523 4965 1615 5018 τοῦ
1648 4967 1787 5036 μετὰ
1823 4971 1930 5024 τῶν

348 5035 744 5112 Χριστομάχων
779 5047 988 5115 τρυφᾷν
1032 5048 1389 5121 αἱρετώτερον
1431 5056 1522 5107 καὶ
1560 5035 1817 5129 ὴδῦτερον
1844 5061 1924 5114 ὅτι

352 5129 584 5198 μάλιστα
614 5133 691 5203 τῷ
732 5134 966 5192 εὐσεϐεῖ.
1012 5140 1179 5192 Πάλιν
1209 5157 1222 5171 ·
1268 5142 1477 5213 Ῥᾴδιον
1506 5146 1571 5199 ἂν
1600 5148 1687 5218 εἰή
1717 5151 1810 5203 καὶ
1835 5153 1924 5204 τὸν

351 5217 526 5287 μέγαν
554 5222 897 5291 ἀρνήσασθαι
921 5226 1051 5279 Θεὸν
1076 5230 1235 5282 παντὶ
1261 5231 1339 5300 τῷ
1367 5235 1596 5304 ἑτοίμως
1626 5238 1800 5307 ἔχοντι
1831 5242 1924 5294 τὸν

345 5310 544 5366 οἰκεῖον
577 5314 786 5384 πατέρα
816 5316 1214 5388 ἀπαρνεῖσθαι·
1259 5324 1362 5392 χρὴ
1395 5324 1471 5384 δὲ,
1503 5327 1577 5397 μὴ
1603 5329 1677 5392 ὡς
1710 5331 1922 5398 φύσεως

349 5400 526 5470 μόνον,
555 5401 690 5460 ἀλλὰ
717 5408 811 5459 καὶ
839 5407 914 5470 ὡς
946 5409 1227 5476 εὐσεϐείας
1269 5417 1536 5487 γενετῆρα
1570 5420 1757 5474 τοῦτον
1789 5424 1921 5476 εἶδέ⁹

343 5509 433 5546 ναι
472 5511 531 5546 τε
571 5499 662 5548 καὶ
717 5500 911 5570 τιμᾷν,
954 5504 1003 5554 εἰ
1038 5505 1170 5574 μήτι
1209 5524 1270 5572 γε
1294 5533 1295 5536 η
1319 5509 1595 5580 προδήλως
1632 5512 1919 5586 θεομαχεῖν

342 5588 743 5653 καταναγκάζοι
763 5607 774 5620 ⁸
818 5590 961 5646 οὕτω
983 5594 1090 5667 γὰρ
1133 5597 1228 5667 οὐχ
1256 5599 1330 5661 ὡς
1360 5602 1639 5666 εὐσεϐείας
1669 5608 1914 5678 γενέτην,

341 5675 552 5739 ἁλλ”ὼς
579 5679 827 5748 ἀσεϐείας
853 5687 1145 5760 συνήγορον
1173 5691 1415 5744 εὐσεϐεῖν
1443 5693 1758 5767 βουλόμενος
1781 5701 1916 5755 ἁπο-

339 5769 648 5849 “pagatim.

409 5877 522 5950 (78)
553 5882 686 5938 Cod.
730 5884 895 5942 δίκον.

2093 1000 2382 1066 pulchrum
2415 1005 2486 1059 sit
2509 1004 2724 1073 justitia
2753 1018 2808 1062 et
2835 1011 3403 1084 prudentia,pulchr:e
3433 1021 3576 1075 enim
3610 1033 3664 1078 et

2090 1090 2354 1146 virtutum
2409 1095 2791 1163 pulcherrimae
2843 1102 3231 1172 celebramur;
3285 1109 3380 1163 sed
3441 1113 3486 1166 si
3539 1116 3664 1182 quis

2089 1183 2416 1240 sufﬁcienter
2445 1195 2497 1240 et
2513 1189 2747 1258 amplius
2769 1207 2930 1261 quam
2953 1205 3164 1264 Oportet
3192 1198 3399 1268 justum
3449 1204 3664 1261 atl'ectet

2088 1273 2143 1327 in
2188 1274 2536 1332 inflexibilem
2575 1287 2628 1333 et
2665 1281 3149 1341 immisericordem
3177 1304 3382 1344 morem
3455 1295 3660 1352 labitur

2085 1372 2139 1417 et
2171 1375 2362 1434 peccat
2390 1376 2583 1423 contra
2617 1372 2953 1441 aequitatem,
2981 1387 3038 1431 et:
3069 1378 3142 1431 ita
3169 1378 3657 1452 injustejustitiam

2084 1469 2418 1524 persequens
2468 1474 2573 1512 non
2607 1461 2714 1514 erit
2747 1462 3059 1520 laudabilis.
3092 1468 3292 1524 lterum
3325 1491 3337 1526 :
3371 1476 3656 1542 prudentia
3683 1503 3693 1514 -

2083 1546 2213 1599 utile
2245 1562 2456 1616 semper
2477 1557 2531 1603 et
2568 1565 2870 1623 congruum
2906 1555 3185 1623 affectans,
3217 1562 3262 1616 si
3297 1578 3402 1618 non
3435 1565 3488 1619 in
3519 1567 3656 1621 sim-

2079 1637 2325 1704 plicitate
2357 1649 2410 1695 et
2432 1652 2580 1696 recta
2614 1646 2848 1706 ratione.
2880 1648 2974 1702 sed
3000 1649 3054 1704 in
3094 1655 3455 1721 perversitate
3480 1669 3532 1712 et
3558 1674 3658 1729 per

2077 1726 2314 1783 alienum
2377 1730 2765 1788 detrimentum
2823 1738 3037 1793 lucrum
3112 1746 3392 1812 proprium
3435 1726 3651 1818 quaerit,

2075 1831 2206 1871 num
2246 1820 2423 1876 virtus
2455 1823 2561 1878 erit
2593 1825 2766 1879 illud?
2813 1844 2922 1883 non
2951 1831 3112 1886 laude
3151 1835 3324 1904 magis
3353 1851 3516 1906 quam
3570 1841 3654 1894 vi-

2073 1912 2417 1978 tuperatione
2457 1924 2512 1968 et
2541 1919 2896 1974 accusatione
2942 1923 3137 1992 digna;
3170 1926 3263 1980 sed
3297 1936 3350 1980 et
3381 1929 3652 1985 fortitudo

2072 1999 2189 2067 ipsa
2221 2005 2501 2073 reguletur
2531 2017 2585 2062 et
2633 2019 2967 2079 temperetur
3008 2023 3061 2070 et
3089 2015 3226 2072 bene
3263 2018 3648 2086 distribuatur,

2072 2092 2154 2146 sic
2177 2095 2321 2147 enim
2352 2097 2528 2153 virilis
2571 2102 2790 2156 animus
2823 2104 2912 2158 fiet
2942 2113 2998 2158 ct
3042 2107 3200 2161 laude
3237 2109 3645 2180 dignavirtus;

2071 2184 2155 2236 sin
2188 2193 2370 2239 autem
2417 2189 2559 2242 ultra
2594 2191 2644 2244 id
2701 2195 2848 2260 quod
2901 2207 3114 2266 oportet
3160 2202 3384 2270 propius
3417 2203 3644 2268 incidat,

2063 2275 2176 2342 jam
2209 2293 2316 2330 non
2341 2279 2515 2334 virilis
2536 2285 2752 2339 animus
2771 2294 2824 2339 et
2854 2285 3141 2353 fortitudo,
3168 2292 3261 2346 sed
3291 2296 3642 2351 temerarium

2068 2367 2174 2420 erit
2206 2376 2261 2422 et
2291 2370 2706 2439 vituperandum
2745 2393 2758 2428 :
2793 2375 2872 2430 sic
2909 2384 2965 2431 et
3011 2383 3370 2448 temperantia
3421 2401 3528 2439 non
3586 2387 3642 2441 in

2069 2459 2309 2524 graviter
2335 2469 2390 2515 et
2413 2462 2578 2526 lente,
2627 2480 2844 2535 semper
2883 2477 2937 2522 et
2977 2471 3044 2524 ad
3081 2473 3286 2535 omnia,
3327 2476 3643 2545 cupiditati-

2067 2550 2168 2605 bus
2197 2553 2418 2616 uteudo,
2453 2555 2548 2609 'sed
2576 2564 2797 2612 constat
2841 2575 2965 2612 cum
3012 2561 3077 2613 ad
3120 2563 3492 2619 desideratum
3538 2570 3642 2621 ali-

2065 2641 2194 2710 quid
2213 2643 2426 2711 placide
2449 2653 2504 2698 et
2530 2648 2824 2716 tranquille
2861 2664 3126 2718 paramur,
3160 2651 3261 2706 hoc
3279 2656 3640 2724 temperantia

2063 2737 2183 2794 est;
2232 2739 2288 2783 et
2330 2733 2444 2786 haec
2504 2735 2729 2790 relative
2759 2746 2814 2791 et
2854 2753 2954 2806 pro
2997 2747 3242 2808 tempore
3285 2751 3412 2812 apto
3455 2745 3642 2800 mode-

2064 2829 2274 2874 rentur.
2309 2820 2541 2876 Mentem
2571 2833 2752 2880 autem
2787 2827 2876 2881 Dei
2913 2830 3137 2885 vocibus
3164 2833 3376 2900 aperire
3401 2843 3455 2889 et
3494 2836 3638 2890 divi-

2062 2911 2149 2964 nis
2184 2911 2630 2971 meditationibus
2655 2933 2871 2988 semper
2901 2937 3180 2978 exercere
3201 2925 3635 2992 pulcherrimum

2061 3010 2116 3054 et
2143 3003 2609 3070 perfectissimum
2640 3024 2784 3072 esse,
2814 3026 2854 3064 a.
2877 3010 2988 3066 Deo
3009 3012 3272 3082 inspirata
3299 3026 3486 3070 sancta
3521 3019 3638 3072 elo-

2060 3093 2188 3161 quia
2223 3103 2496 3151 testantur
2516 3100 2701 3154 omnia
2740 3119 2754 3154 :
2797 3103 2878 3157 sic
2914 3105 3058 3162 enim
3095 3105 3295 3174 aliquis
3327 3108 3632 3165 caelestium

2062 3184 2292 3252 spiritus
2331 3203 2544 3244 morum
2575 3191 2772 3248 doctus
2810 3205 3131 3263 appareret;
3189 3198 3375 3252 studio
3437 3199 3632 3255 inferri

2061 3283 2122 3328 ut
2154 3277 2327 3333 simus
2346 3282 2558 3349 Optimi,
2585 3285 3012 3352 pulcherrimum
3039 3295 3094 3342 et
3114 3289 3271 3344 valde
3298 3292 3628 3361 gloriosum.

2059 3366 2152 3419 sed
2186 3382 2293 3421 non
2321 3369 2533 3425 bonum
2566 3384 2652 3428 est
2705 3376 2923 3446 placere
2965 3379 3244 3443 omnibus,
3292 3397 3421 3436 nam
3468 3385 3632 3440 malis

2055 3460 2268 3528 placere
2296 3476 2422 3516 non.
2447 3466 2706 3532 possibile
2747 3478 2852 3533 est,
2901 3470 3042 3525 bene
3059 3485 3190 3525 vero
3233 3471 3303 3526 iis
3347 3474 3440 3542 qui
3479 3475 3630 3546 digni

2051 3557 2200 3610 sunt,
2250 3551 2461 3607 scilicet
2499 3555 2686 3622 bonis;
2740 3574 2870 3611 nam
2927 3559 3102 3616 malos
3137 3560 3414 3618 delectare
3451 3566 3628 3634 gloria

2050 3648 2136 3693 est
2187 3643 2459 3697 nortbona
2517 3655 2576 3700 et
2598 3645 2705 3701 Deo
2737 3649 2942 3705 odiosa.

2050 3729 2330 3800 49.Turpe
2375 3745 2453 3788 est
2500 3753 2619 3790 eum
2671 3739 2761 3808 qui
2795 3741 3022 3807 optimus
3050 3753 3127 3798 est
3177 3755 3460 3813 patronum
3509 3765 3626 3804 esu

3183 3817 3324 3885 [nefa
3332 3818 3552 3872 riarum.

2119 3893 2302 3964 Turpe
2341 3897 2502 3951 simul
2534 3908 2587 3954 et
2613 3901 2876 3970 injustum
2907 3914 2960 3960 et
2993 3906 3302 3972 molestum,
3333 3911 3378 3964 si
3412 3912 3498 3964 vir
3523 3911 3624 3966 bo-

2045 4000 2151 4039 nus
2186 3997 2240 4040 ct
2271 3988 2457 4055 justus
2515 3991 2814 4049 advocatus
2851 3995 3106 4056 videatur
3135 4001 3442 4066 malorum;
3495 4019 3619 4058 nam

2043 4091 2369 4146 congruum,
2400 4079 2598 4150 inquit,
2630 4096 2686 4138 et
2711 4087 2889 4142 simile
2919 4098 3004 4143 est
3032 4091 3304 4146 amicitias
3347 4108 3470 4148 cum
3503 4109 3620 4148 ma—

2041 4169 2109 4225 lis
2144 4171 2374 4242 jungere
2420 4183 2473 4228 et
2504 4175 2746 4244 ipsorum
2777 4193 2974 4234 causas
3002 4181 3294 4236 defendere
3318 4183 3468 4237 illum
3524 4187 3618 4254 qui

2041 4260 2286 4321 ab,intus
2305 4263 2522 4323 .malitia
2553 4267 2750 4322 similis
2781 4268 2918 4338 ipsis
2943 4277 3027 4323 est
3056 4279 3109 4323 et
3134 4286 3230 4339 per
3244 4274 3469 4326 easdem
3498 4276 3618 4330 vias

2040 4349 2264 4406 incedit.
2286 4352 2529 4410 lterum:
2564 4357 2692 4426 Igne
2720 4367 2774 4412 et
2814 4361 3134 4422 conflatorio
3189 4380 3384 4419 aurutu
3430 4368 3616 4423 elabo-

2038 4439 2148 4492 rari
2183 4441 2479 4498 didicimus
2500 4453 2554 4498 et
2585 4447 2834 4514 probari,
2864 4449 3139 4506 hominem
3177 4464 3360 4510 autem
3407 4457 3614 4513 bonum

2038 4530 2487 4588 tribulationibus
2508 4546 2560 4591 et
2591 4539 2977 4597 afflictionibus
2999 4543 3289 4602 humiliari.
3350 4546 3426 4602 Ne
3459 4566 3610 4620 ergo,

2036 4630 2175 4687 otu,
2228 4623 2613 4682 tribulationes
2662 4632 2862 4698 saepius
2900 4633 3100 4690 timens
3152 4635 3220 4690 ad
3276 4639 3610 4705 impietatem

2033 4710 2314 4768 inclineris
2335 4723 2388 4769 et
2409 4716 2668 4774 defensor
2693 4724 2961 4778 malorum
2991 4726 3230 4783 videaris
3251 4745 3266 4792 ;
3286 4733 3411 4784 novi
3437 4733 3606 4794 enim,

2032 4800 2231 4870 inquit,
2284 4803 2698 4862 tribulationem
2737 4809 2805 4863 ob
2845 4807 3123 4876 pietatem,
3183 4815 3439 4874 leviorem
3485 4837 3610 4878 esse

2031 4908 2194 4960 quam
2237 4894 2528 4964 impiorum
2599 4898 2908 4960 felicitatem
2977 4915 3029 4959 et
3098 4908 3204 4975 pati
3282 4925 3406 4964 cum
3445 4912 3609 4966 Chri-

2031 4991 2117 5035 sto
2139 4982 2311 5050 tnagis
2333 4999 2496 5053 quam
2524 5002 2649 5041 cum
2678 4989 2919 5047 inimicis
2936 4993 3138 5050 Christi
3159 4999 3370 5066 epulari
3396 5001 3608 5072 eligeri-

2031 5073 2159 5124 dum
2183 5088 2306 5128 esse
2347 5083 2402 5129 et
2436 5092 2598 5146 quam
2646 5082 2884 5137 maxime
2918 5087 3078 5141 dulce
3102 5091 3191 5156 pio
3227 5090 3454 5146 homini.
3506 5095 3606 5148 lte-

2031 5181 2151 5220 rum
2189 5185 2201 5219 :
2237 5165 2421 5222 Facile
2445 5180 2594 5224 esset
2625 5183 2678 5227 et
2709 5189 2965 5244 magnum
3003 5193 3201 5249 negare
3231 5180 3396 5236 Deum
3427 5185 3604 5241 cuivis

2029 5267 2222 5326 parato
2263 5259 2332 5313 ad
2386 5263 2695 5332 negandum
2745 5270 3027 5336 proprium
3083 5282 3318 5339 patrem.
3366 5275 3600 5346 Oportet

2028 5356 2340 5404 autemnon
2370 5354 2545 5406 solum
2581 5363 2638 5407 ut
2660 5367 2870 5412 naturae
2905 5359 3095 5421 sedet
3129 5372 3182 5416 ut
3216 5364 3432 5433 pietatis
3457 5370 3579 5438 geni

2028 5447 2198 5494 torem
2232 5441 2383 5496 illum
2415 5459 2713 5514 agnoscere
2754 5457 2809 5502 et
2844 5449 3134 5516 honorare,
3181 5456 3287 5510 nisi
3328 5457 3466 5513 forte
3518 5476 3600 5513 co-

2025 5541 2117 5601 gat
2151 5534 2202 5585 in
2230 5534 2412 5603 aliquo
2448 5539 2738 5592 manifeste
2775 5541 3041 5597 adversus
3088 5544 3252 5599 l)e:im
3304 5566 3544 5618 pugnare
3580 5573 3592 5605 :

2025 5623 2106 5678 sic
2130 5625 2274 5678 enim
2304 5641 2412 5679 non
2447 5637 2504 5680 ut
2531 5631 2754 5698 pictatis
2785 5635 3112 5701 genitorem,
3134 5639 3226 5689 sed
3261 5648 3317 5691 ut
3343 5640 3596 5711 impieta-

2026 5714 2096 5767 tis
2127 5723 2414 5782 patrunum
2449 5719 2536 5788 pic
2564 5721 2753 5776 volens
2779 5723 2960 5778 vivere
2989 5725 3211 5783 vitares.
