4164 6350
512 352 614 409 787

519 470 724 526 Vermu
756 475 914 526 edunt
936 476 1111 527 omnia
1133 485 1187 529 et
1217 492 1332 546 seq.

564 562 780 619 Cuncta
803 566 1069 620 vermium
1099 568 1380 637 pabulum,
1403 581 1599 624 cuncta
1626 572 1895 626 tinearum
1928 589 2052 628 esca
2082 593 2097 640 ;

506 658 597 708 tua
636 669 764 709 vero
789 669 858 710 ne
891 654 947 710 in
1003 657 1220 712 tumulo
1269 659 1577 731 relinquas,
1625 677 1734 716 non
1784 664 1962 717 solum
2007 680 2095 718 rc-

505 758 682 799 nuens
709 744 1026 814 magniﬁcas
1058 750 1374 818 exsequias,
1413 750 1511 807 sed
1557 753 1725 807 etiam
1767 753 2096 810 arescendas

507 833 646 889 dans
673 849 869 891 carnes
906 848 1030 894 tuas
1055 855 1151 909 per
1184 844 1604 910 temperantiam
1658 853 1712 899 et
1746 845 1893 900 nuda
1929 845 2093 900 indu-

504 942 635 981 cens
664 943 788 982 ossa
832 929 885 983 in
919 933 1257 1001 sepulcrum,
1287 936 1359 989 ita
1391 944 1449 989 ut
1480 937 1536 990 in
1571 937 1692 1008 ipso
1731 939 1990 1009 sepulcro
2025 940 2094 995 de

508 1015 685 1072 nihilo
730 1019 988 1075 laetentur
1017 1037 1230 1079 vermes
1279 1034 1506 1096 propter
1541 1036 1635 1093 te;
1672 1029 1849 1084 honor
1880 1030 1979 1084 tibi
2024 1029 2093 1084 ad

500 1107 708 1162 exitum
739 1125 939 1166 nomen
972 1113 1045 1168 sit
1069 1113 1314 1176 bonum;
1359 1116 1494 1172 illud
1533 1120 1680 1173 enim
1714 1129 1866 1174 tuum
1910 1135 2091 1176 rema-

503 1205 616 1261 net,
642 1199 791 1269 quod
815 1201 1032 1267 melius,
1066 1203 1226 1273 juxta
1276 1205 1642 1278 Scripturam,
1688 1226 1853 1281 quam
1901 1211 2088 1268 decem

502 1285 672 1341 millia
697 1287 1086 1345 thesaurorum
1118 1296 1258 1348 auri.

503 1379 569 1433 57
611 1379 922 1451 Hospitibus
957 1387 1283 1442 nostratibus
1312 1405 1487 1458 parce.

571 1473 853 1531 Nostrates
902 1476 1146 1548 hospites
1184 1489 1346 1536 vocat
1380 1497 1477 1538 eos
1521 1483 1616 1553 qui
1652 1484 1814 1539 nobis
1872 1494 2002 1539 sunt
2030 1501 2084 1539 a.

506 1565 661 1632 mici,
688 1569 982 1638 populares
1014 1581 1068 1626 et
1109 1572 1297 1638 vicini,
1349 1575 1551 1644 quibus
1603 1577 1992 1634 mmulantibus
2032 1588 2087 1633 et

503 1659 728 1726 invidia,
795 1671 854 1717 ut
879 1663 1184 1720 vicinorum
1224 1683 1346 1724 mos
1368 1677 1473 1732 est,
1520 1685 1738 1743 semper
1788 1671 2090 1726 laboranti—

501 1750 608 1806 bus
638 1758 694 1806 et
744 1753 1158 1820 insidiantibus,
1213 1772 1412 1828 parcas
1440 1767 1495 1813 et
1525 1761 1760 1832 benigna
1795 1761 2108 1831 pietateab-

507 1841 710 1897 stineas
776 1845 1022 1915 ipsorum
1053 1847 1271 1904 fortiter
1291 1851 1694 1921 reprehendere
1724 1853 1988 1918 malitias,
2017 1868 2087 1908 ne

503 1930 697 2001 majori
725 1933 854 1988 odio
889 1935 1100 1992 incensi
1132 1941 1306 2010 magis
1350 1940 1714 1998 discedantet
1763 1944 2088 2014 elongentur

502 2036 531 2074 a
564 2029 657 2090 te;
681 2027 918 2083 maxime
946 2037 1129 2085 autem
1155 2031 1484 2090 decedentes
1520 2037 1832 2092 cohibearis
1858 2053 2088 2110 arguere

503 2123 770 2181 mortuos,
816 2119 909 2189 qui
959 2123 1146 2176 omnia
1205 2123 1296 2180 hic
1347 2126 1707 2196 reliquerunt.
1764 2127 2088 2199 Agedum,o

501 2208 687 2276 homo,
732 2227 834 2283 pro
869 2211 1004 2278 Deo,
1067 2216 1250 2272 omnis
1307 2233 1623 2273 sermonum
1652 2235 1898 2274 meorum
1941 2222 2090 2275 audi-

501 2311 609 2365 tor,
641 2303 747 2368 eia,
787 2306 1108 2362 universum
1143 2308 1291 2366 hunc
1325 2309 1591 2365 mundum
1621 2312 1999 2368 inordinatum
2032 2321 2088 2367 et

503 2395 731 2460 malum,
761 2406 816 2452 et
849 2400 1031 2453 omnia
1050 2415 1172 2470 quae
1201 2400 1256 2454 in
1289 2416 1357 2458 eo
1377 2402 2084 2474 videntur,jucundissima

501 2495 598 2540 aut
631 2489 892 2558 pessima,
920 2493 1180 2546 amabilia
1207 2503 1304 2548 aut
1345 2494 1670 2551 detestanda
1701 2506 1755 2550 et
1782 2513 2088 2554 aerumnosa

505 2579 594 2634 hic
628 2580 934 2651 relinquas,
960 2591 1014 2638 et
1051 2585 1284 2655 spiritus
1317 2587 1503 2642 velum
1533 2598 1585 2642 et
1614 2588 1991 2644 rectitudinem
2012 2589 2090 2644 in-

503 2672 816 2742 telligentiae
845 2675 954 2729 tute
993 2675 1062 2730 ad
1098 2677 1380 2733 caelestem
1427 2679 1571 2733 viam
1606 2681 1802 2749 pande.
1831 2679 1904 2735 De
1931 2692 2090 2745 caete-

501 2764 602 2826 ris,
629 2778 664 2819 o
686 2765 768 2818 vir
794 2765 883 2820 cui
913 2764 1058 2822 Deus
1082 2767 1176 2821 dat
1205 2783 1412 2832 escam,
1435 2785 1598 2839 quem
1621 2771 1826 2826 divinis
1851 2771 1947 2826 alit
1977 2787 2089 2826 me-

501 2855 888 2922 ditationibus,
931 2874 1100 2930 opera
1133 2868 1189 2915 et
1216 2860 1399 2916 studia
1431 2877 1650 2932 semper
1699 2863 1907 2933 Optima
1959 2879 2087 2919 sua-

505 2949 645 3004 viter
677 2959 730 3005 et
763 2950 980 3020 placide
1019 2953 1326 3008 secundum
1365 2956 1534 3009 Deum
1566 2970 1595 3007 a
1622 2963 1676 3009 te
1727 2957 2088 3025 perﬁciantur

502 3050 555 3094 et
590 3052 926 3112 peragantnr
968 3058 1068 3112 pro
1113 3043 1326 3099 viribus
1371 3045 1501 3099 tuis.
1556 3045 1989 3116 Supereminens
2031 3055 2087 3102 et

502 3130 688 3185 omnia
713 3133 988 3187 excedens
1031 3131 1277 3188 Trinitas
1326 3141 1518 3188 sancta
1549 3143 1678 3190 ante
1722 3135 1914 3191 oculos
1966 3143 2089 3191 tuos

505 3235 746 3290 praesens
780 3238 945 3292 quam
995 3224 1256 3294 plurimis
1289 3225 1400 3280 tuis
1457 3225 1885 3296 cegitationibus
1925 3227 2087 3298 digna

503 3315 604 3369 tibi
643 3324 925 3386 appareat,
975 3317 1071 3387 qui
1111 3317 1571 3388 complacentiam
1611 3334 1800 3374 sumas
1849 3321 1903 3374 in
1946 3330 2087 3375 terra

503 3409 828 3471 viventium,
863 3419 918 3465 et
943 3413 1036 3482 qui
1071 3413 1125 3466 in
1153 3413 1552 3469 luminePatris
1583 3415 1872 3482 luminum,
1909 3417 2092 3486 splen-

504 3499 694 3556 dorem
721 3500 971 3570 ejusdem
1001 3511 1212 3558 natura:
1239 3513 1292 3559 et
1311 3505 1497 3574 gloriae
1520 3506 1768 3569 intuens,
1800 3509 2089 3578 trisagium

505 3603 630 3644 cum
661 3591 996 3660 supernisin
1030 3593 1172 3648 caelo
1198 3593 1603 3665 intelligentiis,
1653 3607 1881 3653 tonante
1929 3597 2093 3664 simul

506 3680 758 3752 tbeologo
781 3693 835 3739 et
876 3685 993 3754 ipse
1021 3689 1305 3744 exsultans
1351 3691 1615 3746 concinas
1651 3692 1706 3746 in
1741 3692 1939 3746 saeula
1991 3707 2094 3746 sae-

507 3775 777 3830 culorum.
837 3777 1032 3834 Amen.
1109 3779 1286 3851 Super
1325 3783 1557 3838 arcanis
1611 3783 1795 3852 magni
1848 3782 2093 3855 Gregorii

509 3863 768 3937 Tbeologi
797 3870 1133 3926 carminibus
1167 3887 1306 3942 opus
1345 3871 1721 3930 tredecimum.

513 3955 763 4030 Ejusdem
797 3957 1020 4020 Nicetm,
1056 3964 1220 4030 quiet
1269 3963 1460 4028 David,
1508 3966 1642 4018 servi
1691 3964 1820 4018 Jesu
1872 3964 2091 4027 Christi,

579 4029 1287 4104 piiilgsoplti,interpretatio
1323 4035 1771 4088 Tetrasticltorum
1798 4035 1858 4090 S.
1901 4036 2095 4104 Grego-

584 4099 653 4151 tii
679 4098 926 4171 Tlieotogi
947 4098 1066 4170 qua?
1085 4102 1161 4156 sic
1192 4103 1459 4172 inscripsit
1483 4119 1503 4158 :

509 4243 755 4315 Gregorii
788 4255 919 4315 opus
944 4242 1582 4315 sunt,_tetrnsticlzamque
1622 4238 1922 4315 ntethodunt
1945 4255 2094 4315 seruo

584 4309 649 4362 1;.
673 4309 948 4362 sententiis
972 4309 1366 4371 svirituatibus,
1386 4309 1782 4361 monumentum
1801 4310 2094 4374 sapientin

586 4389 858 4460 Longiora
898 4394 1148 4448 volebam
1180 4409 1500 4450 sermonum
1545 4408 1713 4466 Opera
1741 4395 2093 4466 protendens,

512 4483 581 4538 de
607 4484 838 4555 singulis
869 4486 1172 4541 carminum
1209 4487 1466 4560 Theologi
1489 4489 1926 4559 expositionibus
1969 4504 2098 4543 con-

511 4577 736 4648 dignum
785 4579 1243 4634 commentarium
1295 4581 1572 4644 ordinare,
1605 4580 1772 4635 simul
1805 4580 1936 4636 mihi
1969 4594 2094 4649 per-

512 4679 731 4738 gratum
783 4669 994 4726 faciens
1020 4671 1260 4741 gloriose
1304 4672 1640 4726 incutnhenti
1685 4671 1887 4725 divinis
1927 4671 2092 4739 hujus

511 4759 746 4829 insignis
777 4760 984 4831 ingenii
1022 4760 1474 4816 meditationibus
1509 4770 1563 4817 et
1610 4762 1984 4824 sermonibus,
2010 4763 2089 4814 si-

512 4853 624 4906 mul
655 4862 710 4907 et
747 4852 1007 4922 deinceps
1041 4853 1390 4909 venientibus
1429 4855 1723 4908 utilitatem
1754 4861 1949 4907 contra
1996 4869 2092 4908 va-

509 4957 614 4997 nas
647 4942 715 4997 de
744 4943 866 4997 istis
895 4944 1228 5013 quaestiones
1256 4951 1551 5013 praestans,
1591 4945 1685 4999 sed
1715 4944 1856 4998 alius
1893 4943 2091 5014 regalis

509 5044 565 5090 et
596 5037 810 5106 paterni
841 5039 1094 5107 praecepti
1131 5036 1467 5092 recordatus
1489 5052 1611 5092 sum
1637 5051 1652 5090 :
1678 5035 1783 5090 Fili
1820 5036 1918 5100 mi,
1953 5049 2086 5090 cave

511 5143 580 5182 ne
605 5127 776 5183 iacias
801 5129 986 5198 plures
1011 5130 1203 5194 libros,
1261 5145 1372 5201 quo
1401 5131 1693 5185 enuntiato
1731 5143 1957 5183 causam
1989 5142 2088 5182 ex-

511 5219 688 5289 ponit,
727 5235 922 5289 nempe
952 5221 1098 5290 quod
1131 5238 1242 5280 non
1269 5223 1341 5276 sit
1374 5220 1658 5274 conclusio
1688 5234 1790 5274 nec
1823 5219 2089 5289 perfectio

510 5325 741 5380 operum
781 5309 848 5364 de
883 5310 1101 5366 inﬁnita
1154 5312 1420 5382 sapientia
1470 5310 1587 5372 Dei,
1647 5317 1702 5365 et
1732 5309 2089 5364 aiﬁietionem

509 5403 646 5455 dicit
679 5403 906 5470 spiritus
936 5409 990 5456 et
1017 5402 1224 5464 carnis,
1267 5401 1609 5468 frequentem
1659 5398 2088 5464 meditationem,

585 5535 697 5605 (79)
733 5534 791 5588 In
831 5537 962 5605 edit.
996 5535 1190 5605 Colon.
1226 5550 1280 5605 p.
1317 5534 1420 5605 1756
1463 5535 1534 5588 ita
1560 5534 1828 5605 inscripta
1851 5540 1979 5605 sunt
2009 5541 2093 5605 te-

511 5602 811 5658 trasticha:
846 5604 953 5674 Τοῦ
984 5604 1148 5657 αὑτοῦ
1190 5602 1429 5674 μεγάλου
1471 5603 1774 5674 Γρηγορίου
1801 5602 1893 5655 τοῦ
1924 5602 2095 5674 θεολὸ-

515 5688 613 5754 γου
645 5673 990 5754 γνᾼωμολογία
1034 5672 1404 5754 Ξετράστιχος
1448 5672 1550 5754 δι’ξ.
1579 5672 1829 5754 ἰάμϐων-ς
1889 5672 2092 5754 omissa

517 5749 601 5792 est
633 5741 812 5812 autem
839 5744 1012 5812 ipsius
1029 5741 1274 5809 Gregorii
1306 5741 1612 5811 inscriptio,
1644 5751 1859 5795 servata
1893 5743 1945 5793 in
1969 5741 2092 5812 aliis

523 5811 968 5886 tetrastichorum
995 5813 1350 5886 editionibus,
1383 5820 1440 5866 ut
1480 5813 1534 5866 in
1577 5813 1692 5875 illa,
1727 5826 1893 5881 quam
1925 5811 2088 5864 ador-

1885 361 2180 417 NICETAS
2222 362 2429 418 DAVID

3670 353 3773 407 788

2207 481 2385 550 Σῆτες
2408 482 2656 534 ἔδουσιν
2687 480 2939 538 ἅπαντα,
2975 495 3027 530 κ.
3070 495 3118 529 τ.
3151 479 3193 528 ἐ.

2271 576 2455 628 Πάντα
2483 572 2660 644 σητῶν
2684 571 2918 642 δαπάνη,
2947 570 3124 624 πάντα
3146 568 3440 638 σκωλήκων
3467 562 3772 633 καθέστηκε

2198 667 2331 739 βορά
2361 684 2372 694 ·
2417 668 2482 721 σὺ
2511 666 2567 719 δὲ
2599 665 2669 724 τὰ
2704 663 2772 718 σά
2813 662 2936 735 μηδ’
2967 664 3148 725 αὐτοῖς
3178 662 3289 722 τοῖς
3333 660 3528 728 τάφοις
3551 654 3774 710 καταλί-

2196 776 2336 822 ποις,
2364 760 2425 819 οὐ
2465 758 2623 828 μόνον
2655 754 3020 825 ἐνταφιασμόν
3061 751 3447 823 ἀπηρνημένος
3479 747 3770 817 πολυτελῆ.

2196 850 2332 905 ἀλλά
2365 849 2458 902 καὶ
2503 849 2670 912 αὐτὰς
2703 847 2932 917 ἐκτήξας
2959 845 3059 908 τάς
3107 844 3316 914 σάρκας
3357 837 3653 910 ἐγκρατείᾳ
3679 835 3775 889 καὶ

2194 941 2377 1012 γυμνά
2420 939 2696 1011 παραδοὺς
2726 938 2862 998 ὀστᾶ
2888 940 2954 1009 τῇ
2983 938 3149 1006 ταφῇ,
3177 934 3252 996 ὡς
3279 933 3344 987 ἂν
3377 932 3499 1002 μηδ’
3533 932 3592 982 ἐν
3624 927 3774 997 αύτῷ

2191 1033 2270 1103 τῷ
2298 1033 2454 1103 τάφῳ
2491 1033 2706 1101 χαρεῖεν
2753 1030 2802 1082 οι
2849 1029 3008 1099 σῆτες
3036 1027 3130 1079 ἐπὶ
3160 1024 3273 1080 σοί·
3321 1022 3456 1092 τιμὴ
3485 1021 3543 1074 δέ
3572 1038 3656 1073 σοι
3683 1020 3772 1084 ἑξ-

2191 1126 2329 1188 όδιος
2361 1124 2532 1194 ὄνομα
2569 1121 2709 1186 ἔστω
2740 1120 2942 1190 ἀγαθόν
2962 1137 2976 1152 ·
3017 1118 3151 1172 αὐτὸ
3181 1117 3289 1187 γάρ
3329 1132 3411 1168 σοι
3439 1112 3771 1185 παραμένει,

2191 1217 2272 1270 ὅτι
2295 1216 2388 1272 καὶ
2416 1216 2688 1286 κρεῖσσον,
2719 1210 2860 1267 κατά
2899 1211 2962 1264 τὸ
3001 1210 3201 1279 λόγιον,
3237 1207 3271 1279 ἢ
3308 1205 3467 1278 χίλιοι
3509 1203 3774 1277 θησαυροὶ

2192 1307 2437 1378 χρυσίου.

2191 1400 2259 1454 57
2282 1399 2506 1452 Ξείνων
2527 1394 2848 1467 ἡμεδαπῶν
2868 1392 3226 1464 περιφείδεο.

2259 1493 2475 1554 Ξείνους
2499 1489 2829 1561 ὴμεδαποὺς,
2853 1488 2977 1548 τοὺς
2997 1483 3296 1555 ἐγχωρίους
3325 1481 3513 1551 φίλους
3537 1481 3632 1533 καὶ
3665 1477 3777 1546 γεί-

2190 1582 2346 1648 τονάς
2380 1597 2573 1651 φησιν·
2621 1573 2695 1635 ὧν
2724 1576 3122 1649 βασκαινόντων
3151 1573 3246 1626 καὶ
3271 1572 3470 1641 φθόνῳ,
3490 1569 3634 1624 καθά
3657 1567 3776 1636 γεξο

2190 1695 2306 1731 τοσι
2330 1676 2499 1745 φίλον,
2532 1673 2617 1728 ἀεὶ
2645 1671 3103 1736 ἐπιϐουλευόντων
3132 1667 3224 1720 καὶ
3257 1664 3570 1718 λυπούντων
3610 1677 3773 1730 περι·-

2193 1769 2404 1840 φείδου·
2441 1767 2536 1820 καὶ
2573 1763 2802 1820 εὐλαϐοῦ
2845 1761 2944 1826 τὰς
2981 1759 3160 1817 αὐτῶν
3203 1755 3438 1829 ἰσχυρῶς
3468 1753 3775 1823 ἐξελέγχειν

2193 1862 2489 1932 πονηρίας,
2538 1861 2627 1913 ἵνα
2662 1858 2738 1930 μὴ
2768 1857 2967 1928 μᾶλλον
3011 1854 3340 1925 μισήσαντες
3391 1847 3590 1919 μᾶλλον
3636 1847 3777 1900 ἀπο-

2194 1954 2491 2022 φοιτήσωσι
2526 1949 2621 2003 κα)⁸
2649 1946 2954 2001 ἀπόλωνται
2997 1945 3062 1997 ἐκ
3091 1939 3219 1996 σοῦ’
3279 1939 3513 2011 μάλιστα
3560 1936 3617 1988 δέ
3663 1933 3775 1988 τῶν

2193 2043 2566 2114 ἀποιχομένων
2595 2038 2802 2110 νεκρῶν
2854 2037 3013 2107 ἄνεχε
3061 2035 3161 2105 τὴν
3199 2032 3438 2105 μέμψιν,
3493 2031 3542 2084 οἳ
3598 2027 3777 2097 πάντα

2195 2135 2484 2191 κατέλιπον
2522 2131 2772 2185 ἐνταῦθα.
2839 2128 3009 2198 Δεῦρο
3045 2126 3108 2196 δὴ
3145 2119 3258 2183 οὖν.
3304 2118 3346 2176 ὦ
3398 2121 3651 2191 ἄνθρωπε
3678 2115 3775 2171 τοῦ

2194 2227 2348 2288 Θεοῦ,
2380 2228 2486 2288 πᾶς
2529 2227 2558 2278 ό
2589 2222 2699 2278 τῶν
2730 2220 2878 2291 ἐμῶν
2909 2219 3082 2288 λόγων
3115 2214 3409 2286 ἀκροατὴς,
3450 2213 3550 2278 ἆγε
3579 2210 3644 2279 δή
3684 2225 3779 2278 μοι

2197 2323 2372 2374 πάντα
2406 2317 2552 2374 τόνδε
2589 2316 2682 2368 τὸν
2720 2314 2920 2383 κόσμον
2961 2309 3050 2364 τὸν
3100 2308 3340 2376 ἄκοσμον
3376 2305 3470 2358 καὶ
3515 2300 3777 2373 πονηρὸν,

2195 2413 2288 2466 καὶ
2327 2412 2500 2464 πάντα
2528 2408 2596 2462 τὰ
2638 2409 2694 2460 ἐν
2729 2403 2876 2475 αύτῴ
2915 2400 3174 2457 δοκοῦντα
3202 2398 3394 2468 ἥδιστα
3433 2395 3466 2464 ἢ
3513 2394 3777 2463 δυσχερῆ,

2195 2499 2402 2572 ἐραστά
2428 2499 2464 2568 ἦ
2500 2494 2749 2551 ἀπευκτὰ
2785 2493 2879 2546 καὶ
2907 2487 3127 2558 λυπηρά
3157 2485 3407 2540 ἐνταυθοῖ
3436 2479 3777 2549 καταλείψας

2194 2593 2254 2648 τὸ
2278 2590 2374 2645 τοῦ
2406 2588 2498 2641 νοῦ
2530 2587 2694 2642 ἱστίον
2731 2585 2826 2644 καὶ
2855 2583 2955 2655 τὴν
2985 2580 3253 2650 εὐθύτητα
3283 2578 3381 2648 τῆς
3407 2575 3647 2636 διανοίας
3681 2588 3780 2628 σου

2196 2683 2333 2755 πρὸς
2378 2682 2476 2752 τὴν
2519 2678 2769 2750 οὐράνιον
2819 2674 3172 2744 διεκπέτασον
3216 2669 3388 2739 ζωήν·
3446 2666 3542 2718 καὶ
3579 2664 3648 2716 τὰ
3677 2661 3781 2733 μὲν

2194 2775 2327 2829 ἀλλα
2358 2789 2459 2835 σοι,
2494 2764 2540 2824 ὢ
2566 2768 2856 2840 θεοτρεφές
2885 2768 3036 2836 ἄνερ,
3068 2767 3098 2818 ό
3131 2765 3242 2826 τοῖς
3273 2761 3440 2823 θείοις
3474 2757 3781 2827 ἐντεθραμο

2198 2865 2356 2936 μένος
2384 2863 2722 2934 θεωρήμασι,
2747 2859 2885 2930 ἔργα
2899 2873 2959 2910 τε
2989 2856 3082 2915 καὶ
3112 2852 3508 2922 σπουδάσματα
3539 2847 3630 2902 ἀεὶ
3656 2847 3783 2916 ipt-

2195 2976 2295 3012 στα
2331 2953 2445 3028 ἧκά
2484 2973 2564 3008 σοι
2589 2953 2682 3006 καὶ
2704 2951 2887 3023 ἠρέμα
2911 2948 3051 3003 κατά
3074 2947 3206 3001 Θεὸν
3241 2941 3549 3008 ἐξανυέσθω
3575 2940 3672 2992 καὶ
3704 2937 3784 2997 ὡς

2194 3050 2416 3118 ἐφικτὸν
2447 3042 2928 3118 συμπεραινέσθω’
2974 3039 3154 3110 ἔξοχος
3173 3039 3232 3092 δέ
3264 3036 3360 3091 καὶ
3387 3034 3508 3089 καθ’
3541 3031 3784 3102 ὑπερϐο-

2195 3142 2291 3212 λὴν
2314 3143 2393 3204 εἰς
2415 3135 2720 3209 ὑπερϐολὴν
2743 3136 2776 3206 ἡ
2802 3132 2969 3204 Τριάς
2994 3134 3026 3202 ἡ
3052 3130 3205 3200 ἀγία,
3225 3129 3332 3200 πρὸ
3364 3123 3666 3195 ὀφθαλμῶν
3697 3139 3785 3175 σοι

2195 3229 2522 3302 παρεστῶσα
2550 3227 2750 3296 πολλῆς
2784 3227 2865 3278 ὅτι
2898 3224 3132 3295 μάλιστα
3163 3222 3260 3292 τῆς
3291 3219 3570 3292 φροντίδος
3600 3213 3786 3280 ἀξιού-

2192 3327 2324 3385 σθω,
2344 3326 2491 3387 ὅπως
2530 3321 2595 3374 ἂν
2625 3323 2682 3372 ἐν
2707 3321 2773 3389 τῇ
2798 3316 2952 3387 χώρᾳ
2977 3314 3086 3366 τῶν
3116 3311 3331 3377 ζώντων
3367 3304 3784 3380 εύηρεστηκὼς.

2191 3417 2287 3471 καὶ
2308 3418 2363 3468 ἐν
2394 3415 2469 3484 τῷ
2488 3412 2581 3466 τοῦ
2606 3407 2914 3481 ἀρχιφὼτου
2947 3407 3086 3477 φωτὶ
3105 3403 3316 3476 Πιατρὸς
3339 3402 3402 3454 τὸ
3418 3399 3661 3470 όμοφυὲς
3689 3398 3788 3450 καὶ

2190 3506 2441 3578 ὁμόδοξον
2467 3502 2835 3571 αύγαζόμενος
2866 3497 3231 3566 ἀπαύγασμα,
3255 3494 3314 3547 τὺ
3359 3492 3645 3564 τρισάγιον
3686 3489 3789 3578 συν

2191 3577 2304 3660 τοῖς
2346 3589 2757 3663 ὑπερουρανίοις
2797 3586 2940 3656 νόοις
2967 3583 3266 3656 μελῲδημα
3299 3583 3438 3653 μετά
3462 3581 3560 3650 τῆς
3604 3577 3791 3631 θεολό-

2193 3705 2290 3758 γου
2315 3683 2543 3757 βροντῆς
2581 3681 2676 3739 καὶ
2708 3678 2869 3742 αὐτὸς
2905 3677 3206 3747 γηθόμενος
3250 3673 3676 3744 ωναναμέλπῃς
3705 3672 3791 3732 είς

2192 3780 2317 3842 τοὺς
2338 3775 2538 3839 αἰῶνας
2557 3772 2666 3826 τῶν
2685 3770 2915 3825 αἰώνων.
2932 3769 3126 3842 Ἀμήν.
3161 3768 3254 3830 Εἰς
3282 3766 3352 3818 τὰ
3376 3765 3670 3838 ἀπόρρητα
3689 3761 3790 3815 τοῦ

2199 3869 2437 3942 μεγάλου
2463 3863 2763 3937 Γρηγορίου
2788 3861 2883 3915 τοῦ
2909 3860 3172 3927 Θεολόγου
3203 3858 3309 3931 ἐλπη
3344 3856 3544 3927 πρᾶξις
3570 3853 3659 3924 ιγ’.

2204 3962 2315 4018 Τοῦ
2337 3959 2523 4014 αὑτοῦ
2557 3956 2803 4022 Nimim,
2833 3951 2940 4027 τοῦ
2965 3952 3064 4006 καί
3088 3952 3290 4027 ἀαυῒδ,
3319 3950 3550 4027 δούλου
3571 3946 3790 4027 νίήσοῦ

2267 4028 2524 4104 Χμστοῦ
2567 4028 2679 4104 τρῦ.
2710 4024 3050 4104 φιλο-σόφου
3088 4021 3387 4104 ,ἑρμηζείςέ
3428 4021 3547 4104 rei)?
3580 4023 3797 4104 Tum-

2263 4091 2490 4170 στίχων
2517 4093 2624 4152 τοῦ
2647 4091 2818 4170 ἁγίου
2840 4093 3172 4170 ρηγορίου
3198 4091 3306 4144 τοῦ
3342 4091 3664 4158 Θεολόγου,
3695 4091 3795 4155 οἷς

2266 4163 2821 4241 ἐπέγραψεν-οὕτως
2845 4163 2954 4241 (79)
2981 4179 2994 4192 ο
3263 4230 3273 4241 ⁹
3393 4229 3444 4241 υ
3591 4232 3606 4241 _
3636 4227 3646 4241 ,

2196 4229 2527 4308 Γρ-ηγόῥίοὺ
2547 4237 2732 4298 πόνος
2766 4229 2901 4302 ειμι,
2934 4229 3353 4308 ζετραστιχίην
3381 4229 3452 4282 δὲ
3479 4229 3798 4308 φυλάσσω

2267 4299 2540 4376 lii-dinam
2575 4299 2997 4376 πνευματικαῖς
3032 4302 3435 4369 μνημόσυνον
3466 4299 3716 4366 σοφίης.

2281 4397 2609 4468 Ἐϐουλόμην
2638 4394 2980 4466 μακροτέρας
3013 4391 3187 4459 λόγων
3213 4387 3601 4460 πραγματείας
3627 4405 3801 4440 κατα-

2197 4489 2534 4559 τεινόμενος,
2573 4473 2708 4556 πρὸς
2755 4485 2992 4554 ἑκάστην
3040 4482 3299 4535 ὑπόθεσιν
3338 4481 3448 4532 τῶν
3493 4479 3800 4551 ἐμμέτρων

2199 4582 2346 4634 ἐπῶν
2374 4579 2467 4632 τοῦ
2489 4577 2749 4644 Θεολόγου
2775 4575 2870 4645 τὴν
2908 4573 3254 4644 ἁρμόζουσαν
3283 4572 3546 4642 ἐξήγησιν
3586 4571 3801 4624 ἀνατά-

2199 4669 2426 4738 ξασθαι,
2465 4667 2598 4738 ὁμοῦ
2644 4667 2740 4738 μὲν
2780 4664 3000 4736 ἐμαυτῷ
3045 4664 3403 4734 χαριζόμενος
3437 4661 3800 4730 ἐγκαλλωπι-

2199 4762 2409 4843 ζομὲνῳ
2429 4762 2542 4831 τοῖς
2569 4759 2667 4828 τῆς
2689 4757 2894 4809 ἐκείνου
2947 4756 3301 4826 μεγαλονοίας
3337 4754 3667 4826 θεωρήμασι
3695 4757 3805 4809 καὶ

2199 4852 2614 4922 θεολογήμασιν,
2649 4847 2783 4918 ὁμοῦ
2823 4848 2882 4900 δέ
2911 4848 3005 4900 καὶ
3035 4849 3148 4910 τοῖς
3177 4847 3406 4900 ὄπισθεν
3433 4847 3606 4900 ἰοῦσιν
3645 4847 3805 4916 ὼφέ-

2193 4944 2343 4996 λειαν
2371 4945 2490 5005 ταῖς
2528 4940 2654 5011 περὶ
2685 4939 2890 4992 τούτων
2921 4937 3258 5007 ἀδολεσχίαις
3287 4938 3759 5010 προμηθούμενος
3784 4957 3802 4973 ο

2192 5037 2357 5104 ἄλλης
2391 5035 2446 5088 δέ
2475 5033 2755 5103 βασιλικῆς
2806 5030 3176 5100 ὑπομνησθεὶς
3213 5031 3310 5083 καὶ
3335 5032 3619 5102 πατρικῆς
3645 5033 3811 5086 ἐντο-

2192 5127 2310 5197 λῆς,
2354 5127 2444 5178 Υἱέ
2493 5142 2614 5195 μου,
2660 5124 2891 5192 φύλαξαι
2932 5122 3026 5175 τοῦ
3075 5123 3305 5191 ποιῆσαι
3354 5123 3540 5192 βιϐλία
3593 5123 3806 5189 πολλὰ,

2193 5216 2675 5293 παραγγελλούσης
2687 5216 2818 5287 (80),
2833 5217 2926 5269 καὶ
2939 5216 2999 5268 τὸ
3015 5215 3186 5268 αίτιον
3200 5217 3619 5287 ἐπαγαγούσης,
3633 5219 3697 5271 τὸ
3719 5221 3807 5292 μὴ

2198 5305 2334 5369 εἶναι
2367 5307 2648 5377 περασμὸν
2693 5305 2725 5375 ἢ
2776 5306 3083 5359 συντέλειαν
3119 5306 3228 5359 τῶν
3262 5308 3670 5378 συνταγμάτων
3695 5311 3810 5381 τῆς

2197 5398 2425 5467 ἀπείρου
2458 5396 2647 5464 σοφίας
2674 5393 2768 5448 τοῦ
2790 5394 2948 5460 Θεοῦ,
2986 5395 3082 5448 καὶ
3112 5395 3358 5450 κόπωσιν
3397 5397 3499 5467 μὲν
3523 5397 3813 5472 λεγούσης

2193 5531 2344 5586 navit
2376 5529 2656 5583 Erbardus
2687 5529 3060 5583 Iiedeneceius
3089 5529 3236 5584 med.
3273 5531 3426 5586 doct.
3458 5548 3586 5584 cum
3614 5530 3811 5589 Nmmi

2193 5601 2512 5670 paraphrasi
2546 5599 2772 5670 Basilea:
2798 5601 2861 5670 in,
2890 5599 3106 5670 otlieina
3131 5597 3284 5670 Petri
3321 5600 3513 5654 Pertne
3545 5618 3596 5654 a.
3633 5602 3810 5658 1577.

2188 5667 2373 5723 .‘__Ea,
2411 5685 2536 5721 ηον.
2573 5685 2623 5736 p.
2653 5668 2794 5726 597:
2829 5667 3178 5738 Γνωμολογία
3207 5671 3815 5740 τετράστιχος,Τειηι‹

2193 5741 2375 5794 stichm
2397 5741 2689 5792 sententiis;

2263 5811 2371 5880 (80)
2402 5807 3046 5882 Cod._napayyekodaqq,
3080 5828 3132 5868 ν.
3159 5826 3215 5883 p.
3252 5810 3379 5878 120,
3413 5811 3501 5868 14.
