4164 6350
419 361 525 417 789

415 478 592 547 ψυχῆς
618 477 712 531 καὶ
737 479 932 547 σαρκὸς
957 480 1053 551 τὴν
1074 483 1342 554 ἀμετρίαν
1367 486 1631 559 ὑπάρχειν
1652 495 1750 560 τῆς
1770 492 1996 563 μελέτης

416 568 513 637 τὴν
537 568 629 620 ἀπ’
644 568 812 639 αὐτῆς
831 570 887 623 δὲ
903 572 1166 640 ὠφέλειαν
1183 576 1276 629 καὶ
1296 578 1475 649 πάσης
1491 580 1846 638 θεοπνεύστου
1859 588 2000 658 Γραο

416 660 519 728 φῆς
547 660 775 730 δύναμιν
802 663 882 727 είς
913 665 1005 719 τὸν
1026 668 1118 720 τοῦ
1146 668 1280 722 Θεοῦ
1316 670 1479 739 φόϐον
1531 676 1624 729 καὶ
1649 678 1746 748 τῆς
1777 681 1996 751 ἐντολῆς

414 751 642 822 τήρησιν
667 757 1269 829 συγκεφαλαιουμένους
1302 764 1501 828 ἐξεῖναι
1534 767 1736 825 λαϐεῖν.
1771 772 1996 844 Τοιγάρ-

416 857 497 892 τοι
527 842 623 913 τῆς
651 847 1043 915 παραγγελίας,
1076 850 1279 922 ταύτης
1322 855 1763 928 ἀκροασάμενος,
1791 842 1991 931 ἐφυλα-

422 930 600 1002 ξάμην
629 936 906 990 ἐπιπλεῖον
925 939 1023 1009 τῆς
1050 940 1361 1013 ἐξηγήσεως
1390 947 1527 1016 μετά
1562 950 1663 1021 τὴν
1684 952 1793 1006 τῶν
1818 955 1990 1026 ἀπορ-

418 1023 597 1090 ρήτων
614 1024 900 1096 ἐπίσκεψιν
918 1030 1068 1091 ἰέναι,
1088 1032 1399 1088 τελευταίαν
1416 1037 1469 1090 δὲ
1492 1038 1601 1092 τῶν
1618 1044 1992 1114 προκειμένων

410 1114 778 1184 τετραστίχων
809 1120 1013 1174 τούτων
1067 1126 1166 1193 τὴν
1204 1129 1581 1198 γνωμολογίαν
1626 1133 1990 1205 ἀποχρώντως

412 1204 560 1273 ἡμᾶς
591 1207 980 1280 οίκοδομούσης
1015 1216 1150 1285 πρός
1192 1235 1250 1271 τε
1279 1218 1512 1291 θεωρίαν
1550 1224 1643 1277 κα)⁸
1680 1204 1877 1298 πρᾶξιν
1902 1228 1990 1292 ἐξσο

410 1296 754 1365 ηγησάμενος
778 1304 1132 1362 καταπαύσω.

412 1386 439 1466 1
467 1385 694 1466 ζζρᾷξιν
719 1393 1148 1466 προειμήίσειας
1182 1398 1219 1465 ἢ
1254 1402 1539 1466 θεωρίαν;

406 1455 441 1508 2
483 1456 661 1524 Ὄψις
697 1455 942 1515 τεζλείών
958 1455 1157 1535 ἕργονῖ,
1251 1469 1318 1522 δὲ
1344 1455 1640 1529 πλειόνων
1657 1477 1789 1547 (81).

485 1546 819 1629 Ἀποὸλέψας
847 1553 887 1611 ὁ,
924 1557 1342 1628 μακαριώτατος
1374 1564 1510 1635 πρός
1552 1583 1613 1618 τε
1654 1546 1755 1640 τὴν
1788 1571 1985 1640 πρᾶξιν

404 1636 502 1706 τῆς
534 1641 731 1736 ἀρετῆς
773 1646 865 1697 καὶ
892 1647 989 1717 τῆς
1021 1648 1253 1721 Θεωρίας
1285 1654 1382 1726 τὴν
1429 1636 1720 1727 ἀνάϐασιν,
1766 1636 1857 1717 καί,
1883 1667 1984 1736 τῆς

406 1728 504 1804 μὲν
530 1728 591 1781 τὸ
621 1730 952 1801 καθαρτικὸν
985 1739 1079 1790 καὶ
1104 1745 1428 1807 φωτιστικὸν
1451 1746 1558 1800 τῶν
1589 1750 1857 1819 σωμάτων
1885 1756 1979 1808 καὶ

399 1819 507 1871 τῶν
533 1820 740 1891 ψυχῶν,
771 1826 868 1896 τῆς
896 1827 953 1879 δέ
976 1829 1035 1880 τὸ
1064 1830 1415 1905 τελετουργὸν
1458 1840 1549 1892 καὶ
1582 1842 1839 1915 θεουργὸν
1868 1847 1978 1901 τῶν

398 1911 636 1982 καρδιῶν
672 1917 763 1969 καὶ
795 1919 951 1982 νοῶν,
986 1923 1078 1976 καί
1107 1941 1169 1992 γε
1194 1926 1253 1979 τὸ
1283 1930 1418 2000 πρὸς
1449 1911 1722 1989 υἱοθεσίαν
1750 1911 1845 1991 καὶ
1868 1957 1977 1993 σω-

394 2003 590 2073 τηρίαν
614 2006 910 2075 ἀναγκαῖον
936 2012 1042 2066 τῶν
1063 2015 1390 2090 ἀμφοτέρων
1418 2023 1791 2096 ἐκθαυμάσας,
1812 2030 1977 2086 Ποίαν

394 2093 615 2159 τούτων,
648 2098 923 2171 ἐξεϐόησε,
951 2109 1348 2180 προτιμοτέραν
1376 2093 1681 2185 ποιήσειας,
1834 2125 1977 2192 πρᾶ-

394 2183 476 2281 ξιν
503 2185 664 2281 ἢῌτὴν
704 2189 973 2261 θεωρίαν;
1002 2195 1077 2258 ὡς
1096 2198 1204 2269 γὰρ
1233 2200 1324 2254 δύο
1350 2183 1513 2269 ὄντας
1543 2183 1855 2281 ὀφθαλμοὺς
1882 2183 1973 2268 τοῦ

392 2272 481 2325 διὰ
507 2275 606 2345 τῆς
644 2282 836 2349 νοερᾶς
866 2283 1134 2353 κλίμακος
1168 2290 1550 2359 ἀναϐαίνοντος
1576 2272 1975 2368 πρὸς1τὸνί9εὸν

390 2366 701 2436 ὁμοσθενῶς
732 2391 791 2439 τε
836 2376 930 2437 καὶ
971 2379 1255 2452 ὁμοτίμως
1287 2387 1420 2456 πρὸς
1450 2387 1508 2442 ἐν
1537 2366 1696 2459 μόνον
1725 2394 1784 2447 τὸ
1806 2394 1974 2460 ὅντως

392 2458 595 2526 ἀγαθὸν
621 2463 926 2534 ὁρμῶντας,
948 2470 1048 2524 οὐκ
1071 2472 1186 2527 ἐστι
1207 2474 1297 2529 τὸν
1326 2477 1426 2548 μὲν
1450 2458 1650 2550 ῥᾳδίως
1677 2458 1970 2558 προτιμᾷν,

389 2550 481 2605 τὸν
509 2551 563 2605 δὲ
584 2554 805 2623 ἥττονος
832 2558 991 2629 λόγου
1034 2564 1128 2617 καὶ
1173 2571 1340 2638 τιμῆς
1382 2569 1597 2635 ἀξιοῦν·
1659 2550 1972 2650 ἄμφω-γὰρ

388 2641 592 2711 ὁμοίως
620 2646 817 2712 αὐτοὺς
854 2650 954 2721 τῆς
978 2653 1227 2726 ἀλλήλων
1258 2658 1510 2730 βοηθείας
1549 2641 1848 2722 ἐπιδείσθαι
1874 2641 1971 2733 καὶ

391 2736 715 2835 συνεργίας,
737 2740 922 2805 Οὕτως
949 2745 983 2815 ἡ
1012 2746 1211 2814 πρᾶξις
1240 2751 1339 2820 μὲν
1364 2753 1555 2825 ὁδηγδς
1590 2757 1797 2826 γίνεται
1835 2765 1971 2835 πρὸς

390 2823 644 2923 θεωρίαν,
686 2831 717 2898 ἡ
749 2829 948 2904 Θεωρία
974 2834 1030 2887 δὲ
1068 2840 1302 2909 σφραγὶς
1345 2846 1410 2913 τῇ
1443 2823 1643 2917 πράξει
1672 2851 1765 2911 κα).
1796 2823 1970 2923 ἁσιξοάξ

386 2913 505 2969 λεια
557 2920 912 2989 καθίσταται,
956 2926 1032 2991 ὡς
1086 2930 1161 2999 μὴ
1204 2930 1283 2990 ἄν,
1316 2951 1446 2988 ποτε
1473 2936 1730 2995 δύνασθαι
1762 2943 1969 2999 τέλειον

384 3004 524 3063 εἶναι
557 3012 645 3065 τὸν
687 3014 890 3070 τούτων
932 3020 1220 3075 ὁποιασοῦν
1267 3026 1755 3103 ἀποστερούμενον.
1825 3038 1965 3092 Ἀλλ’

370 3096 501 3154 ἐπεὶ
536 3102 610 3175 μὴ
641 3107 807 3159 πᾶσιν
841 3109 1017 3177 ἁγίοις
1062 3113 1371 3186 ἀνθρώποις
1411 3096 1805 3195 οὖσιν-ὁμοίως
1843 3131 1964 3184 κατ’

380 3190 548 3263 ἄμφω
576 3197 938 3271 ἐνευδοκιμεῖν
966 3203 1210 3271 δυνατὸν,
1247 3210 1279 3280 ἡ
1318 3210 1418 3281 μὲν
1472 3213 1595 3279 ὄψις
1626 3190 1717 3270 καὶ
1745 3220 1977 3292 καθαρὰ.

379 3283 581 3357 θεωρία
607 3288 715 3342 τῶν
743 3291 963 3347 τελείων
984 3296 1214 3368 ἐργασία
1243 3301 1379 3367 ἐστὶ,
1409 3304 1530 3357 καθ’
1555 3307 1677 3361 ὅσον
1699 3312 1793 3363 καὶ
1827 3283 1963 3382 μάλα

378 3374 469 3427 λον
492 3375 584 3468 ὁιά
603 3376 717 3468 τῆς
744 3381 995 3452 πράξεως
1038 3388 1264 3453 ἑαυτοὺς
1304 3393 1763 3468 ἐκκαθηράμενοι,
1799 3374 1981 3458 αὐτόν.

377 3480 435 3516 τε
458 3464 547 3521 τὸν
588 3467 721 3524 Θεὸν
745 3472 839 3524 καίΙ
871 3473 939 3527 τὰ
972 3474 1089 3530 θεῖα
1120 3482 1454 3555 σαφέστερον
1488 3485 1766 3553 ἀξιοῦνται
1792 3510 1961 3547 κατα·

378 3553 637 3655 Θεωρεῖν·
686 3562 720 3634 ή
774 3565 972 3635 πρᾶξις
1008 3568 1064 3621 δὲ
1092 3570 1201 3623 τῶν
1240 3553 1479 3630 πλεόνων
1530 3581 1625 3633 καὶ
1658 3582 1756 3653 τῆς
1785 3584 1962 3655 ἄκρας

376 3645 711 3719 τελειότητος
762 3653 1102 3726 ὑφειμένων,
1149 3662 1227 3726 ὡς
1275 3671 1703 3743 σωματικωτέρα
1754 3676 1957 3743 μᾶλλον

375 3732 510 3793 οὖσα
539 3744 631 3794 καὶ
661 3751 1036 3821 ταπεινοτέρα,
1064 3754 1341 3823 ἀναλόγως
1357 3732 1460 3812 ’καὶ
1476 3761 1575 3832 τῆς
1607 3732 1839 3835 θεωρίας
1860 3766 1959 3836 ἦτ-

372 3845 527 3892 τονος
562 3839 931 3907 κατευστοχεί.
988 3839 1169 3907 Δεξιαὶ
1200 3843 1301 3913 μὲν
1332 3840 1425 3898 οῦν
1457 3846 1764 3921 ἀμφότεραι
1795 3844 1955 3905 αὗται

374 3918 466 3971 καὶ
508 3920 626 3993 Θεῷ
674 3924 850 3993 φίλαι,
899 3929 1035 4000 πρὸς
1082 3932 1251 4004 αὐτήν
1296 3952 1356 3988 τε
1385 3937 1484 4007 τὴν
1516 3918 1722 4009 Τριάόα
1753 3941 1955 4011 ὁμοίως

374 4012 466 4069 καὶ
507 4014 605 4084 τὴν
657 4016 769 4071 ἀνω
814 4022 1143 4077 κατάστασιν
1189 4027 1451 4098 φέρουσαι
1478 4046 1491 4060 °
1552 4032 1739 4103 ἐπειδὴ
1791 4033 1848 4088 δέ
1890 4036 1951 4088 οὐ

372 4101 573 4166 πάντες
610 4108 794 4176 ὁμοίας
848 4113 941 4165 καὶ
985 4114 1084 4184 τῆς
1125 4116 1297 4189 αὐτῆς
1333 4120 1613 4191 ἐνεργείας
1655 4101 1761 4179 τῶν
1794 4143 1951 4199 χαρι-

372 4192 594 4260 σμάτων
634 4195 934 4265 ἀξιοῦνται,
981 4203 1096 4256 ἀλλ’
1117 4204 1176 4270 ὂς
1202 4207 1301 4277 μέν
1334 4208 1534 4275 οὕτως,
1582 4212 1640 4275 ὃς
1668 4213 1725 4267 δέ

369 4282 463 4345 Σὺ,
490 4286 653 4355 φησὶν
681 4288 709 4339 6
746 4288 888 4353 θεῖος
921 4292 1311 4368 ἱεροτελεστὴς,
1338 4299 1473 4368 πρὸς
1501 4302 1566 4372 ἣν
1598 4302 1798 4372 μᾶλλον
1825 4307 1950 4360 ἐαυ-

366 4374 457 4430 τὸν
510 4378 725 4447 εὐφυῶς
794 4380 981 4452 ἔχοντα
1046 4388 1141 4439 καὶ
1198 4390 1458 4461 εὐμαρῶς
1514 4395 1947 4467 κατορθούμενον

365 4467 516 4537 ὁρᾷς,
542 4464 652 4522 εῐτε
672 4471 808 4540 πρὸς
832 4474 930 4544 τὴν
953 4477 1151 4548 πρᾶξιν
1175 4480 1273 4550 τῆς
1294 4482 1518 4554 ἀρετῆς,
1541 4486 1651 4538 εἴτε
1682 4464 1944 4560 καὶηπρὸς

365 4558 463 4629 τὴν
523 4558 755 4633 θεωρίαν
794 4564 888 4617 τοῦ
937 4566 1092 4635 λόγου
1148 4571 1248 4640 τῆς
1301 4573 1449 4643 ἱερᾶς
1497 4575 1763 4641 πίστεως,
1811 4558 1947 4650 πρὸς

364 4649 531 4721 αὐτὴν
574 4652 635 4706 τὸ
673 4652 806 4708 πολὺ
852 4656 949 4726 τῆς
996 4661 1234 4733 σπουδῆς
1277 4662 1455 4733 νέμων
1489 4665 1804 4722 ὲπεκτείνου
1853 4649 1945 4723 καὶ

364 4744 671 4815 κατευοδοῦ.

361 4834 397 4891 5
420 4836 631 4905 Εἵρετό
646 4837 725 4909 μέ
747 4856 837 4906 τις
862 4843 1178 4913 πρόϐλημα
1202 4845 1322 4900 τῶν
1352 4847 1424 4902 ἐκ
1460 4850 1819 4919 πνεύματος.

441 4992 772 5059 Ἀκολούθως
802 4999 868 5067 τῇ
905 5000 1095 5071 πρώτῃ
1128 5004 1479 5077 τετραστιχίᾳ
1512 5008 1606 5061 καὶ
1631 5010 1665 5079 ή
1706 5009 1937 5084 δευτέρα

354 5084 710 5141 ἐπακολουθεῖ
726 5105 741 5120 ⁶
763 5088 999 5144 δείκνυσι
1019 5092 1129 5164 γάρ
1151 5094 1457 5164 ἀναγκαίαν
1484 5095 1652 5155 οὖσαν
1679 5102 1777 5174 τὴν
1797 5108 1935 5177 πρᾶ-

356 5178 436 5242 ξιν
472 5181 569 5251 τῆς
607 5181 809 5251 ἀρετῆς
842 5182 979 5253 πρὸς
1009 5184 1108 5255 τὴν
1142 5186 1409 5258 ἀνάληψιν
1438 5192 1538 5261 τῆς
1566 5191 1820 5265 θεωρίας,
1847 5198 1930 5253 ὅτι

353 5270 447 5323 καὶ
473 5269 555 5323 δεῖ
584 5272 921 5344 καθαρθέντα
971 5276 1185 5346 πρῶτον
1218 5277 1363 5332 οὕτω
1394 5280 1491 5351 τῆς
1517 5281 1778 5353 ἀληθείας
1811 5304 1935 5341 κατ-

351 5361 625 5428 ευστοχεῖν
641 5376 656 5390 ο
686 5361 778 5413 καὶ
804 5363 853 5414 εἰ
877 5361 952 5433 μὴ
975 5365 1003 5416 ὁ
1023 5363 1146 5428 νοῦς
1168 5365 1256 5419 διὰ
1280 5367 1462 5439 πάσης
1483 5369 1765 5440 θεοφιλοῦς
1784 5377 1931 5449 πρά-

351 5448 485 5514 ξεως
503 5453 701 5517 παντὸς
724 5454 1002 5527 μολυσμοῦ
1025 5458 1226 5529 σαρκὸς
1246 5461 1339 5514 καὶ
1360 5461 1670 5533 πνεύματος
1686 5448 1934 5540 ἀποσμη-

420 5626 548 5718 (81)¹
569 5630 666 5718 Ed:
686 5633 882 5718 Venet.
909 5636 1031 5718 ὄψις
1058 5640 1275 5694 τελείων
1304 5641 1500 5718 ἕρ-γων,
1525 5645 1617 5714 ἡδὲ
1639 5647 1918 5718 πλειόνων,

346 5712 509 5776 qnam
538 5702 820 5759 lectionem
851 5708 923 5761 ita
948 5702 1603 5776 interpretaturZonaras
1634 5717 1726 5771 fol.
1761 5720 1794 5773 5
1826 5702 1915 5774 νξξ

378 5766 426 5859 ξιξ
448 5767 911 5859 ὄψειςκτουτέστιν
958 5780 988 5847 ἡ
1042 5766 1243 5851 θεωρία
1294 5782 1402 5859 τῶν
1440 5786 1660 5859 τελείων
1702 5786 1878 5859 ἔργων
1903 5809 1915 5822 ο

346 5836 567 5911 ἐλλιπὴς
592 5841 646 5894 δέ
674 5845 702 5898 ὁ
725 5844 900 5915 λόγος,
925 5836 1201 5914 λε’ίποντὸς
1226 5853 1500 5909 τουτέστι
1518 5872 1532 5885 ·
1559 5856 1715 5911 τοῦτο
1734 5836 1802 5912 ιὸἐ
1823 5862 1921 5931 τῆς

1442 372 1507 427 ΙΝ
1549 374 1857 432 CARMINA
1904 378 2179 433 ARCANA
2208 380 2267 434 S.
2302 378 2648 435 GREGORII.

3570 390 3675 447 τεο

2103 495 2391 550 utilitatem
2445 506 2627 550 autem
2673 497 2726 550 in
2756 497 3020 566 sapientia
3069 507 3121 554 et
3164 500 3340 555 omnis
3374 499 3675 575 Scriptum

2099 583 2365 641 divinitus
2426 586 2709 657 inspirata;
2772 589 3027 643 virtutem
3078 593 3133 645 in
3165 592 3362 648 timore
3408 592 3502 649 Dei
3532 606 3585 651 et
3617 600 3673 653 in

2099 675 2480 729 mandatorum
2511 677 2897 733 observatione
2934 680 3319 751 recolligentes
3343 699 3505 753 posse
3551 702 3676 743 sus-

2096 764 2297 834 cipere.
2330 766 2497 839 ,Ergo
2535 768 2701 837 hujus
2765 770 3072 841 praescripti
3126 773 3572 840 auditor,curavi
3607 796 3675 834 ne

2095 855 2330 923 amplius
2354 856 2407 911 in
2438 859 2835 913 commentario
2858 861 3218 917 considerans
3247 877 3450 918 arcana
3475 882 3670 935 proce-

2094 945 2297 1009 derem,
2334 947 2551 1003 ﬁnalem
2588 964 2719 1004 vero
2747 951 3101 1019 praesentium
3147 953 3381 1010 istorum
3431 961 3671 1014 tetrasti-

2092 1038 2325 1093 ChOl‘Ulll
2379 1043 2668 1098 sententiis
2712 1041 2970 1097 refertum
3033 1060 3340 1101 sermonem
3388 1063 3668 1105 commen-

2092 1132 2339 1187 tantibus
2358 1134 2515 1188 nobis
2542 1150 2666 1188 cum
2706 1136 2963 1192 aedificati
3001 1137 3269 1195 fuerimus
3296 1140 3591 1197 theorctice
3615 1151 3668 1198 ct

2092 1224 2353 1292 practice,
2378 1240 2647 1295 exponam
2675 1235 2729 1283 et
2756 1230 3006 1285 cessabo.

2090 1394 2114 1450 Ι
2159 1399 2430 1453 Actionem
2472 1416 2750 1469 pra’ponas
2789 1423 2856 1460 an
2881 1411 3420 1477 contemplationem?
3449 1423 3557 1469 etc.

2157 1552 2571 1624 Contemplatus
2626 1559 2977 1618 beatissimus
3019 1574 3072 1619 ct
3106 1567 3325 1623 virtutis
3357 1570 3565 1637 praxim
3611 1583 3666 1629 et

2088 1644 2461 1703 meditationis
2484 1650 2892 1719 exaltationem,
2936 1664 3101 1726 atque
3132 1657 3281 1715 illius
3316 1662 3660 1731 purgativam

2088 1744 2141 1789 et
2172 1736 2566 1796 illuminantem
2597 1758 2888 1815 corporqu
2909 1755 2964 1803 et
2995 1750 3303 1805 animarum
3339 1754 3660 1822 efﬁcaciam,

2086 1827 2253 1897 hujus
2287 1847 2418 1886 vero
2452 1833 2824 1903 perﬁcientem
2857 1846 2910 1893 et
2946 1853 2973 1892 a
3008 1839 3118 1895 Deo
3154 1855 3462 1899 manantem
3488 1847 3663 1902 actio-

2086 1934 2210 1972 nem
2246 1921 2298 1973 in
2329 1923 2495 1977 corda
2518 1930 2572 1977 et
2599 1925 2826 1996 spiritus
2851 1926 3259 1993 miratus,sicut
3288 1940 3343 1987 et
3370 1936 3663 2006 utriusque

2083 2014 2466 2068 necessitatem
2520 2022 2579 2069 ut
2624 2015 2715 2071 ﬁlii
2753 2017 2844 2072 Dei
2880 2026 2934 2073 et
2970 2020 3164 2077 salvati
3219 2022 3434 2089 ﬁamus,
3474 2028 3656 2083 excla-

2081 2112 2194 2159 mat
2229 2124 2241 2159 :
2280 2105 2470 2160 Utram
2522 2107 2717 2161 harum
2768 2110 3070 2180 digniorem
3116 2114 3393 2183 praeferes,
3444 2120 3654 2187 praxim

2080 2203 2173 2248 aut
2205 2196 2647 2252 meditationem?
2680 2197 2931 2271 Namque
2973 2204 3129 2273 quasi
3164 2205 3304 2262 duos
3352 2210 3654 2265 aestimabi-

2077 2301 2198 2341 mus
2228 2289 2420 2343 oculos
2464 2289 2613 2346 illius
2660 2290 2754 2362 qui
2789 2295 2844 2347 in
2873 2294 3134 2363 gradibus
3180 2298 3563 2367 spiritualibus
3585 2302 3653 2356 ad

2078 2375 2245 2431 Deum
2276 2379 2507 2435 viriliter
2552 2390 2607 2435 et
2657 2392 2971 2439 reverenter
3014 2388 3280 2454 ascendit,
3326 2389 3394 2442 ad
3427 2390 3652 2446 unicum

2075 2469 2297 2524 realitcr
2352 2470 2556 2526 bonum
2592 2473 2900 2543 aspirantes
2954 2492 3188 2547 quorum
3231 2495 3343 2535 non
3382 2492 3467 2537 est
3502 2483 3651 2553 quod

2074 2560 2306 2615 alterum
2360 2569 2540 2633 magni
2598 2567 2922 2635 pendamus,
2982 2569 3214 2625 alterum
3256 2589 3388 2628 vero
3436 2575 3652 2631 minore

2074 2648 2233 2706 laude
2273 2661 2328 2707 et
2360 2655 2769 2712 existimatione
2817 2659 3043 2730 dignum
3088 2666 3538 2734 pronuntiemus;
3579 2668 3653 2722 al-

2074 2749 2156 2797 ter
2184 2743 2329 2796 enim
2369 2744 2620 2800 vicissim
2662 2746 2893 2805 alterius
2947 2750 3153 2807 auxilio
3190 2762 3308 2823 eget
3360 2762 3414 2809 et
3452 2771 3651 2826 coope-

2072 2832 2285 2891 ratione
2321 2851 2333 2888 :
2368 2836 2450 2890 sic
2505 2837 2692 2906 praxis
2741 2838 2851 2894 dux
2905 2840 2975 2896 ad
3034 2842 3444 2901 meditationem
3483 2846 3540 2901 ﬁt
3592 2855 3649 2903 et

2070 2923 2351 2979 meditatio
2381 2926 2629 2997 sigillum
2662 2930 2815 2999 praxi
2851 2938 2905 2985 et
2944 2933 3145 2988 tutatio
3172 2936 3449 3000 statuitur,
3473 2936 3552 2992 ita
3587 2946 3648 2993 ut

2068 3014 2407 3085 impossibile
2466 3018 2536 3073 sit
2579 3018 2878 3089 perfectum
2911 3038 3035 3079 esse
3068 3025 3114 3079 si
3157 3030 3422 3084 alterutro
3452 3044 3645 3086 carea-

2067 3120 2224 3173 mus;
2259 3108 2352 3163 sed
2382 3123 2507 3164 cum
2531 3126 2641 3167 non
2667 3113 2922 3170 omnibus
2946 3117 3154 3173 sanctis
3188 3118 3503 3178 hominibus
3532 3137 3646 3193 pa-

2069 3198 2203 3254 riter
2230 3215 2325 3268 per
2346 3210 2637 3274 utrumque
2668 3205 2976 3262 clarescere
3018 3210 3281 3278 possibile
3310 3213 3401 3277 sit,
3448 3219 3637 3271 consi-

2067 3289 2277 3347 deratio
2309 3300 2364 3346 et
2404 3308 2539 3363 pura
2582 3295 2865 3351 meditatio
2912 3298 3280 3368 perfectorum
3330 3304 3485 3360 labor
3534 3318 3639 3372 est,

2067 3396 2132 3439 eo
2169 3382 2515 3453 magisquod
2541 3401 2640 3456 per
2662 3388 2873 3456 praxim
2923 3388 3219 3459 puriﬁcati,
3255 3393 3433 3464 ipsum
3469 3396 3639 3454 Deum

2063 3483 2117 3530 et
2148 3475 2335 3530 divina
2387 3476 2593 3532 clarius
2634 3479 2887 3534 meditari
2935 3482 3158 3553 dignum
3205 3484 3498 3556 judicant;
3552 3505 3641 3545 ve-

2061 3581 2183 3619 rum
2216 3567 2401 3635 praxis
2433 3568 2817 3639 plerarumque
2875 3578 2929 3625 et
2959 3571 3015 3626 in
3046 3589 3259 3629 summa
3304 3577 3640 3646 perfectione

2062 3656 2419 3712 remissorum
2437 3660 2656 3733 corpori
2682 3660 2853 3730 magis
2882 3661 3027 3717 favet
3043 3672 3097 3718 et
3118 3664 3411 3722 humilitati
3428 3670 3637 3725 et'mfra

2060 3746 2469 3805 meditationem
2496 3753 2869 3809 constituitur.
2923 3751 3167 3826 Utraque
3201 3760 3442 3815 secunda
3474 3772 3560 3819 est
3582 3770 3638 3818 et

2061 3835 2171 3892 Deo
2206 3839 2455 3911 placens,
2487 3849 2541 3896 et
2575 3843 2641 3897 ad
2676 3844 2850 3913 ipsam
2894 3844 3219 3923 Trinitatem
3258 3850 3515 3909 similiter
3549 3863 3635 3907 at-

2057 3945 2165 4000 que
2189 3931 2257 3985 ad
2298 3932 2682 3989 exaltationem
2713 3936 2893 4005 ducit;
2956 3939 3225 4010 siquidem
3289 3958 3399 3998 non
3441 3959 3633 4003 omnes

2058 4022 2269 4092 parium
2299 4031 2353 4078 et
2403 4024 2723 4081 eorumdem
2763 4028 3160 4086 charismatum
3213 4035 3517 4104 gratiarum
3555 4038 3632 4094 di-

2056 4114 2369 4181 gnationem
2420 4116 2720 4187 accipiunt,
2766 4120 2863 4175 sed
2907 4123 3049 4178 alius
3099 4124 3319 4193 quidem
3354 4126 3457 4195 sic,
3490 4130 3632 4185 alius

2052 4217 2183 4256 vero
2211 4203 2327 4272 sic;
2356 4212 2438 4270 tu,
2474 4207 2549 4261 ait
2587 4208 2813 4266 divinus
2858 4212 3208 4282 perfectionis
3242 4218 3511 4291 eruditor,
3561 4223 3628 4278 ad

2052 4308 2215 4362 quam
2252 4296 2429 4367 magis
2464 4305 2520 4354 te
2552 4309 2741 4357 natum
2788 4311 2843 4359 et
2897 4317 3146 4378 prompte
3177 4309 3505 4381 dispositum
3557 4317 3632 4371 vi-

2052 4386 2169 4451 des,
2203 4387 2319 4443 sive
2354 4388 2419 4442 ad
2451 4393 2664 4461 praxim
2699 4396 2939 4461 virtutis,
2974 4398 3090 4454 sive
3120 4399 3187 4455 ad
3210 4402 3627 4460 meditationem

2053 4479 2323 4535 sermonis
2363 4491 2566 4537 sancta:
2619 4483 2765 4551 ﬁdei,
2814 4487 2880 4540 ad
2915 4488 3089 4559 ipsam
3140 4491 3315 4563 magis
3362 4492 3630 4551 adhibens

2050 4563 2293 4620 studium
2326 4568 2486 4623 tende
2517 4568 2729 4640 iterque
2760 4572 2953 4644 dirige.

2049 4844 2083 4898 5
2123 4846 2477 4913 Quwstionem
2528 4855 2802 4924 proposuit
2848 4856 2977 4911 mihi
3020 4860 3234 4929 quidam
3274 4876 3338 4915 ea:
3365 4863 3623 5004 flairima-

3410 4950 3427 4986 ι
3466 4949 3546 4987 us.

3410 4949 3546 4987 mus.

2083 5007 2493 5081 Consequenter
2506 5015 2740 5084 primum
2757 5019 3124 5076 tetrastichum
3168 5024 3467 5078 secundum
3492 5024 3623 5083 sub—

2043 5102 2327 5172 sequitur;
2393 5107 2639 5162 ostendit
2675 5110 2821 5165 enim
2860 5112 3231 5168 necessariam
3262 5131 3387 5171 esse
3407 5118 3619 5190 praxim

2039 5192 2257 5249 virtutis
2312 5196 2380 5250 ad
2457 5201 2936 5270 contemplationis
3005 5206 3433 5276 assecutionem,
3490 5210 3620 5279 quia

2041 5294 2259 5355 oportet
2286 5287 2634 5357 puriﬁcatum
2668 5292 2846 5361 prium
2879 5295 2959 5349 sic
2995 5296 3284 5351 veritatem
3326 5300 3615 5370 attingere,

2039 5379 2391 5436 etnisimens
2424 5396 2521 5450 per
2559 5397 2776 5439 omnem
2810 5384 2918 5441 Deo
2944 5396 3155 5458 gratam
3185 5392 3395 5460 praxim
3449 5409 3612 5450 omne

2040 5468 2225 5525 carnis
2255 5484 2318 5524 ac
2352 5472 2580 5540 spiritus
2603 5474 3083 5544 inquinamentum
3113 5482 3462 5552 expunxerlt,
3498 5500 3609 5540 non

2045 5650 2279 5730 Ἄτθίδος
2311 5650 2440 5730 ἴξιον
2466 5651 2745 5730 διαλέκτου
2767 5671 2786 5730 ξ
2810 5656 3031 5730 τελείων
3056 5657 3111 5730 δέ
3140 5657 3317 5730 ἔργων
3347 5660 3379 5730 ἡ
3410 5660 3614 5730 θεωρία

2030 5723 2197 5803 ἐστὶν,
2226 5722 2307 5773 ὅτι
2326 5721 2415 5801 ῥεῖ
2436 5722 2651 5802 πρῶτον
2689 5723 3027 5812 καθαρθῇναι
3053 5721 3292 5812 τδνῇόξν
3324 5721 3419 5782 καὶ
3445 5721 3611 5812 ἁπρρ·

2032 5792 2266 5871 ῥαγῆναι
2290 5792 2394 5871 τῆς·
2417 5791 2524 5844 τῶν
2571 5794 2788 5871 γεηρῶν
2813 5791 3051 5867 σχέσεως
3079 5798 3170 5852 καὶ
3204 5800 3345 5853 οὕτω
3368 5791 3610 5871 προσϐῆ-

2033 5859 2116 5917 ναι
2142 5859 2207 5934 τῇ
2234 5859 2454 5931 θεωρίᾳ,
2484 5880 2534 5916 κ.
2562 5859 2609 5915 τ.
2644 5859 2687 5914 ἐζ
