4164 6350
520 411 615 463 7M

518 532 720 601 poterit
754 546 895 587 verre
921 533 1204 603 sapientiae
1245 542 1300 589 et
1330 534 1635 604 spiritualis
1685 533 1862 596 visus,
1905 538 1967 587 ut
1999 531 2097 587 de-

517 630 628 686 cet,
672 622 947 693 particeps
993 623 1138 689 fieri;
1192 623 1316 679 ideo
1347 625 1483 679 dicit
1522 624 1921 680 :Percontetur
1960 621 2097 676 mihi

519 714 721 785 aliquis
766 714 1054 785 spirituale
1093 716 1336 772 studium
1386 718 1632 786 mysticae
1678 714 2100 786 contemplatio—

519 807 608 863 nis
641 807 1081 877 apprebendens,
1114 824 1216 880 ego
1238 810 1405 865 istum
1432 825 1544 864 non
1578 808 1783 865 mundo
1826 808 1993 863 corde
2022 806 2098 861 vi-

517 902 755 959 ventem,
802 894 898 950 sed
930 906 983 952 et
1011 898 1268 968 turpibus
1320 897 1657 951 maculatum
1716 895 1931 953 videns.
1973 894 2098 949 dico

519 997 628 1037 non
657 982 884 1038 fandum
914 1000 1040 1041 esse
1081 986 1324 1042 studium
1373 986 1480 1039 hoc
1506 985 1614 1040 nisi
1662 985 1818 1055 prius
1857 985 2097 1055 teipsum

519 1074 901 1131 mundaveris.
969 1076 1035 1130 Et
1094 1078 1184 1134 ille
1233 1079 1433 1133 iterum
1469 1076 1563 1132 :Si
1628 1077 1939 1131 maculatus
1996 1076 2095 1138 fui,

518 1164 615 1218 sed
638 1179 748 1219 non
780 1180 967 1220 nunc:
1003 1166 1119 1221 haec
1160 1165 1306 1221 enim
1341 1180 1438 1236 per
1459 1166 1732 1221 sermonis
1779 1171 2098 1220 contextum

519 1254 947 1311 subaudiuntur.
1007 1254 1071 1310 Et
1114 1271 1216 1325 ego
1250 1256 1318 1310 ad
1370 1256 1522 1309 illum
1554 1274 1567 1310 :
1596 1254 1653 1310 Si
1682 1262 1738 1310 et
1781 1270 1928 1310 nunc
1972 1269 2099 1325 pru-

518 1346 737 1403 dentem
766 1358 820 1403 te
842 1348 1005 1409 dicis.
1043 1348 1262 1413 sit,'sed
1286 1348 1394 1404 nisi
1428 1348 1498 1403 de
1539 1348 1823 1403 veteribus
1867 1346 2099 1401 maculis

520 1438 817 1495 mundatus
853 1437 1044 1501 fueris,
1080 1439 1232 1495 nefas
1248 1447 1333 1494 est
1364 1439 1456 1494 tibi
1486 1439 1543 1493 in
1573 1438 1849 1510 mysteriis
1872 1438 2100 1507 spiritus

520 1537 725 1585 sortem
751 1530 913 1598 dare;
944 1547 1182 1601 namque
1209 1541 1430 1603 oportet
1463 1540 1523 1586 ut
1561 1545 1713 1585 nunc
1744 1546 1841 1601 per
1888 1530 2097 1599 praxim

520 1635 683 1676 omne
711 1623 1065 1692 vituperium,
1109 1638 1327 1678 omnem
1378 1622 1651 1677 maculam
1694 1621 1924 1692 spiritus
2001 1634 2103 1689 pu-

526 1710 702 1768 ritiees
800 1719 855 1767 et
905 1712 1122 1778 animae,
1173 1721 1228 1769 et
1262 1715 1343 1770 sic
1367 1714 1623 1770 sublimis
1674 1713 1951 1783 particeps
2002 1710 2100 1766 llas

521 1801 833 1858 divinorum
864 1806 1367 1877 contemplationis.
1421 1805 1487 1859 Et
1523 1805 1835 1876 exemplum
1876 1803 2098 1859 obvium

521 1906 863 1963 prorsusque
914 1894 1169 1949 idoneum
1202 1895 1258 1949 in
1305 1910 1437 1951 vase
1465 1893 1693 1950 fetorem
1747 1894 2013 1949 redolenti
2050 1901 2104 1948 et

520 1992 783 2055 corrupto
804 1991 859 2041 et
893 2000 1004 2041 non
1034 1987 1253 2043 sincero
1301 2002 1464 2044 nemo
1511 1987 1775 2060 unguenti
1825 1988 2102 2058 pretiosis-

520 2077 719 2131 simum
754 2075 994 2132 infundit
1025 2079 1270 2134 odorem.

520 2166 556 2221 9
603 2164 718 2222 Nec
748 2167 947 2223 absiste
978 2184 1071 2224 nec
1104 2171 1224 2224 cede
1257 2170 1403 2225 omni
1440 2172 1695 2238 sermoni,
1727 2179 1835 2227 etc.

594 2442 892 2515 Postquam
942 2445 1131 2502 docuit
1185 2450 1537 2506 necessarias
1589 2449 1653 2505 ad
1708 2449 2102 2521 perfectionem

519 2546 648 2589 esse
678 2534 796 2604 pari
888 2538 1097 2596 ratione
1154 2550 1267 2597 tum
1329 2542 1575 2613 praxim,
1628 2550 1740 2599 tum
1801 2538 2104 2605 theoriam.

519 2624 719 2682 exinde
748 2624 816 2684 de
859 2629 1101 2699 generali
1137 2638 1192 2686 et
1236 2631 1531 2687 universali
1588 2631 1934 2702 philosophia
1986 2641 2104 2686 tra-

466 2728 475 2735 '
522 2724 640 2771 ctat
664 2726 721 2773 et
746 2719 949 2777 virtute
1001 2737 1126 2792 qua:
1157 2723 1316 2794 quasi
1356 2723 1409 2778 in
1453 2723 1644 2795 figuris
1683 2724 2105 2803 contemplatio-

520 2824 645 2864 nem
673 2816 721 2865 et
759 2812 973 2867 Draxim
1000 2812 1289 2871 discernit.
1333 2814 1620 2881 Quomodo
1647 2831 1781 2886 ergo
1828 2815 1935 2871 illa:
1971 2816 2107 2871 diri-

520 2905 709 2971 gendze
728 2903 849 2957 sint
886 2908 983 2957 aut
1004 2901 1283 2974 quomodo
1313 2916 1564 2975 agentem
1604 2903 2106 2961 considerationem

522 2994 718 3050 offerre
745 2992 855 3050 Deo
888 3003 1135 3066 oporteat
1167 3013 1264 3067 per
1286 2999 1564 3067 expositas
1602 2999 1843 3053 ostendit
1887 3008 2108 3054 senten-

522 3085 652 3149 tias,
678 3099 782 3142 nec
805 3087 1068 3143 resistere
1099 3090 1358 3143 omnibus
1401 3089 1749 3145 sermonibus
1795 3090 2106 3161 iurgiorum

524 3187 823 3234 amatorem
850 3178 1234 3235 adversantem
1279 3196 1533 3244 monens,
1578 3181 1748 3252 impio
1777 3180 2109 3253 quod'fieret

527 3284 699 3335 more,
721 3284 826 3326 nec
849 3284 981 3341 ergo
1014 3272 1270 3327 omnibus
1318 3271 1524 3347 pariter
1587 3274 1872 3330 cedentem
1916 3290 2105 3331 aurem

524 3361 787 3434 pr'vberc,
827 3361 975 3434 quod
1014 3364 1133 3419 sine
1174 3363 1388 3432 judicio
1422 3362 1613 3431 fieret;
1668 3365 1763 3421 sed
1816 3365 2103 3421 sciendum

525 3453 596 3510 de
644 3469 748 3510 con
775 3456 1021 3526 emplatu
1072 3463 1126 3510 et
1162 3466 1287 3511 actu
1330 3455 1455 3513 istis
1501 3460 1703 3530 opponi
1758 3467 1813 3513 et
1851 3458 2108 3513 resistere

524 3561 648 3617 quae
681 3546 880 3601 novisti
914 3546 1061 3602 dicta
1092 3547 1273 3603 aliena
1314 3547 1384 3605 ab
1412 3550 1730 3622 evangeliea
1761 3551 2030 3620 sapientia
2053 3557 2108 3605 et

527 3635 907 3707 legislatione;
949 3638 1285 3708 ipsisaulem
1310 3640 1571 3696 comitem
1630 3648 1685 3696 et
1752 3642 2104 3713 subsequen-

527 3733 637 3781 tem
662 3726 862 3782 adesse
890 3727 982 3797 qui
1014 3725 1178 3799 digne
1219 3726 1427 3799 Spiritu
1474 3737 1668 3785 sancto
1708 3740 2111 3786 conversantur

527 3824 744 3886 tecum;
772 3827 826 3874 et
850 3815 975 3875 istis
1005 3821 1057 3874 in
1091 3836 1348 3876 mensura
1390 3832 1447 3876 et
1481 3831 1748 3893 quantum
1795 3822 1973 3887 decet,
2020 3837 2107 3879 re-

528 3906 835 3966 sistendum
868 3926 994 3967 cum
1030 3910 1292 3968 resistere
1314 3913 1521 3968 bonum
1553 3921 1661 3979 est,
1697 3922 1752 3969 et
1786 3913 2109 3969 consocium

528 4006 583 4055 te
626 4000 975 4071 praebendum
1014 4008 1281 4071 quantum
1345 4002 1604 4058 comitem
1645 4000 1759 4057 fieri
1819 4003 2109 4070 convenit;

529 4102 586 4150 et
622 4095 891 4152 ambobus
941 4094 1166 4164 quando
1206 4102 1581 4164 opportunum
1629 4101 1716 4149 est
1746 4100 1965 4164 tempus
1993 4095 2113 4149 sive

531 4203 566 4243 ο
605 4189 836 4244 sistendi
871 4185 989 4244 sive
1031 4187 1438 4243 consentiendi.
1492 4183 1784 4241 Subditum
1833 4201 1959 4241 esse
2002 4185 2113 4240 Deo

532 4278 1045 4350 praescribitpotius
1072 4294 1237 4350 quam
1288 4278 1585 4342 dominari,
1633 4275 1848 4334 scilicet
1905 4277 2111 4332 bonum

533 4388 658 4429 esse
690 4387 785 4444 per
813 4371 974 4429 fidem
1005 4372 1288 4428 adhaerere
1316 4369 1450 4435 Deo,
1480 4386 1699 4427 omnem
1737 4371 1793 4425 in
1831 4371 1950 4441 ipso
1974 4371 2114 4425 ﬁdu-

533 4463 677 4519 ciam
702 4462 987 4527 babentes,
1018 4465 1197 4534 potius
1230 4478 1393 4534 quam
1424 4463 1615 4518 multis
1646 4450 1999 4517 ser-monibus
2020 4463 2118 4517 do-

535 4552 736 4609 minari
761 4554 818 4610 in
857 4554 1037 4626 ipsum
1066 4560 1120 4610 et
1147 4554 1322 4610 videri
1352 4554 1707 4610 reluctantes.
1726 4550 1947 4620 Quare?
1977 4554 2115 4621 Quia

535 4644 708 4703 multa
740 4646 1013 4716 loquentis
1057 4654 1111 4701 et
1142 4662 1337 4716 sapere
1388 4645 1719 4701 confidentis
1757 4647 1815 4700 in
1860 4646 2113 4701 multilo-

537 4738 671 4807 quio
696 4736 973 4809 superﬂuo
1000 4755 1109 4792 non
1142 4739 1317 4795 deerit
1341 4750 1624 4809 peceatum
1644 4748 1697 4793 et
1727 4742 1909 4792 omnis
1930 4755 2115 4795 sermo

540 4829 596 4882 in
654 4827 947 4884 adversum
1004 4835 1203 4883 contra.
1238 4829 1415 4899 ipsum
1453 4829 1823 4883 resistentiam
1874 4830 2115 4894 afferret.

539 4929 594 4975 et
622 4918 909 4974 molestum
935 4930 1016 4976 est
1051 4920 1157 4974 hoc
1185 4938 1205 4980 ;·
1255 4929 1446 4974 contra
1477 4921 1643 4974 vitam
1681 4921 2034 4992 tranquillam
2064 4933 2119 4979 et

538 5012 879 5081 spiritualem
913 5022 966 5068 et
996 5012 1210 5067 actibus
1245 5012 1613 5068 abundantem
1642 5012 1883 5084 degenti,
1903 5016 2118 5073 minus-

1873 408 2173 467 NICETAS
2204 406 2409 463 DAVID

3674 395 3776 452 799

2199 529 2376 601 χθείη,
2407 528 2508 581 οὐκ
2545 524 2611 580 ἂν
2637 525 2852 579 δύναιτο
2880 523 2982 593 τῆς
3015 519 3378 591 άληθοσοφίας
3403 517 3500 573 καὶ
3530 531 3773 586 πνευμα-

2197 620 2356 688 τικῆς
2375 618 2616 691 ὁράσεως
2634 616 2710 680 ὡς
2734 616 2841 686 χρὴ
2876 617 3199 686 μετασχεῖν·
3236 611 3303 665 δι’
3331 611 3360 664 δ
3384 608 3532 677 λέγει
3559 626 3570 638 ·
3618 604 3774 660 Ἐπύ-

2199 710 2323 764 θετό
2365 727 2451 773 τις
2493 708 2628 779 ἐμοῦ
2666 706 2957 779 πρόϐλημα
2994 702 3366 775 πνευματικὸν
3410 700 3506 754 καὶ
3542 698 3775 769 Θεωρίας

2199 803 2456 872 ἐχόμενον
2481 801 2776 870 μυστικῆς·
2802 798 2912 861 ἐγὼ
2933 798 2991 852 δὲ
3014 798 3200 852 τοῦτον
3224 796 3322 865 οὐχ
3340 794 3518 863 άγνῶς
3536 790 3773 861 βιοῦντα,

2199 892 2335 946 ἀλλά
2366 893 2461 946 καὶ
2507 891 2721 961 αῐσχεσι
2753 889 3008 962 ῥυπῶντα
3036 887 3192 950 εἰδὼς
3213 926 3228 950 ,
3264 887 3421 954 ἔφην,
3459 883 3551 952 Μὴ
3586 881 3776 953 ῥητέον

2200 979 2340 1037 εἶναι
2366 983 2427 1036 τὸ
2459 981 2790 1054 προὸληθὲν,
2831 980 2925 1033 ὲάν
2952 979 3025 1050 μὴ
3072 978 3288 1049 πρῶτον
3320 973 3663 1044 ἐκκαθαρθῇς
3685 988 3699 1001 ·
3749 973 3778 1024 ό

2203 1075 2259 1128 δὲ
2288 1074 2451 1127 πάλιν
2475 1090 2488 1103 ·
2523 1074 2589 1126 Εἴ
2613 1090 2745 1125 ποτε
2769 1072 2862 1125 καὶ
2892 1071 3079 1143 ῥυπῶν
3109 1065 3197 1139 ἦν,
3225 1067 3338 1121 ἀλλ’
3373 1067 3494 1137 οὐχὶ
3524 1065 3620 1118 καὶ
3643 1062 3735 1116 νῦν
3760 1078 3775 1093 ο

2199 1166 2373 1220 ταῦτα
2401 1166 2510 1237 γὰρ
2564 1168 2628 1237 τῇ
2656 1165 2750 1219 τοῦ
2802 1163 2961 1232 λόγου
2994 1160 3428 1215 συνυπακούεται
3457 1156 3775 1227 ἀκολουθίᾳ·

2200 1257 2358 1326 κάγὼ
2404 1259 2540 1329 πρὸς
2581 1258 2779 1311 αὐτόν·
2827 1258 2890 1309 Εἰ
2929 1256 3022 1308 καὶ
3064 1254 3159 1307 νῦν
3191 1253 3485 1324 σωφρονεῖν
3511 1251 3617 1321 φῂς
3647 1247 3779 1318 (82),

2200 1349 2314 1402 ἀλλ’
2350 1347 2444 1401 ὲάν
2491 1347 2565 1419 μὴ
2596 1348 2690 1401 καὶ
2726 1346 2832 1399 τῶν
2872 1346 3036 1399 πάλαι
3070 1344 3257 1415 ῥύπων
3288 1340 3671 1414 ἀπορῤυφθῇς,
3718 1339 3782 1392 οὐ

2202 1438 2359 1507 θέμις
2391 1453 2475 1489 σοι
2494 1436 2604 1489 τῶν
2629 1435 2723 1489 τοῦ
2750 1434 3059 1505 πνεύματος
3084 1432 3397 1505 μυστηρίων
3424 1430 3749 1502 μεταλαχεῖν
3766 1447 3780 1461 ο

2200 1529 2281 1582 δεῖ
2311 1530 2420 1599 γάρ
2453 1546 2512 1581 σε
2542 1527 2637 1582 νῦν
2662 1527 2751 1582 διὰ
2774 1527 3028 1599 πράξεως
3060 1528 3235 1582 πάντα
3265 1525 3454 1597 μῶμον
3481 1525 3573 1577 καὶ
3604 1522 3785 1575 σπῖλον

2202 1620 2322 1685 νοὸς
2365 1620 2815 1692 ἑκκαθηράμενον
2854 1619 2949 1673 καὶ
2997 1618 3195 1689 ψυχῆς,
3248 1615 3389 1670 οὕτω
3431 1614 3531 1685 τῆς
3578 1612 3785 1683 ὑψηλῆς

2203 1711 2468 1783 ἐπήϐολον
2497 1707 2635 1764 εἶναι
2667 1709 2776 1764 τῶν
2814 1709 2974 1763 θείων
2997 1708 3249 1779 Θεωρίας.
3286 1707 3396 1760 Καὶ
3423 1706 3484 1758 τὸ
3522 1702 3784 1775 παράδει-

2204 1821 2320 1875 γμα
2352 1805 2550 1856 οἰκεῖον
2593 1802 2687 1855 καὶ
2735 1801 2935 1872 κομιδῇ
2970 1799 3247 1872 προσφυὲς
3274 1797 3419 1869 (85)·
3469 1797 3651 1849 σκεύει
3680 1793 3786 1864 γὰρ

2203 1893 2468 1956 δυσωδίας
2488 1881 2747 1955 ἀπόζοντι
2772 1892 2867 1946 καὶ
2893 1892 3256 1963 μεμιασμένῳ
3282 1892 3375 1944 καὶ
3401 1887 3596 1960 σαπρῷ
3614 1886 3785 1948 οὐδεὶς

2204 1985 2271 2039 ἂν
2303 1987 2367 2056 τῇ
2406 1983 2500 2038 τοῦ
2543 1982 2718 2056 μύρου
2751 1983 3196 2054 τιμαλφεστάτην
3239 1978 3671 2035 καταπιστεύσοι
3693 1976 3788 2030 εὖ·

2202 2077 2391 2131 ωδίαν.

2204 2168 2238 2221 9
2267 2168 2412 2234 Μήτ’
2437 2169 2731 2235 ἀντίτεινε
2756 2166 2908 2222 πᾶσι
2931 2166 3071 2235 μήθ’
3100 2165 3252 2220 ἕπου
3278 2167 3483 2235 λόγοις
3504 2178 3520 2195 ·

2205 2239 2273 2292 10
2296 2240 2450 2292 Ἀλλ’
2486 2234 2577 2303 οῖς
2608 2239 2827 2305 ἐπίστῃ
2858 2234 2956 2290 καὶ
2981 2237 3133 2290 ὅσον
3161 2234 3259 2289 καὶ
3291 2237 3519 2301 πηνίκα
3542 2251 3558 2267 ο

2206 2310 2267 2363 H
2310 2309 2458 2363 Θεοῦ
2495 2308 2563 2362 δὲ
2601 2304 2846 2377 μᾶλλον
2874 2307 3091 2376 ἐξέχου
3121 2305 3159 2373 ἢ
3196 2304 3677 2377 προστάτειωόγ

2206 2378 2274 2433 1⁶ὶ
2301 2381 2468 2448 Λόγῳ
2501 2376 2742 2433 παλαίει
2773 2376 2893 2443 πᾶς
2922 2379 3126 2447 λόγος,
3151 2377 3271 2441 ,βίῳ
3301 2376 3369 2428 δὲ
3396 2376 3527 2439 τίς;

2275 2468 2503 2534 Διδάξας
2539 2470 2843 2537 ἀναγκαίας
2868 2467 3035 2533 οὔσας
3062 2467 3140 2540 τῷ
3162 2466 3352 2537 τελείῳ
3382 2468 3483 2537 τήν
3508 2482 3566 2519 τε
3593 2463 3791 2536 πρᾶξιν

2205 2561 2406 2633 ὁμοίως
2434 2563 2524 2614 καὶ
2558 2560 2655 2631 τὴν
2693 2561 2963 2631 θεωρίαν,
2999 2558 3249 2612 ἐντεῦθεν
3286 2557 3413 2629 περὶ
3441 2558 3541 2626 τῆς
3570 2557 3791 2625 γενικῆς

2207 2654 2303 2707 καὶ
2356 2652 2587 2706 καθόλου
2639 2653 2957 2721 φιλοσοφίας
3022 2649 3377 2720 διαλαμϐάνει
3430 2648 3525 2701 καὶ⁵
3570 2646 3790 2718 ἀρετῆς,

2206 2743 2328 2813 ἥτις
2362 2740 2551 2813 ῶσπερ
2581 2743 2660 2805 είς
2698 2741 2813 2811 εἴδη
2847 2740 3080 2811 θεωρίαν
3115 2741 3210 2793 καὶ
3251 2738 3452 2810 πρᾶξιν
3479 2737 3787 2807 διαιρεῖται,

2209 2831 2333 2895 Πῶς
2360 2828 2453 2885 οὖν
2495 2833 2667 2896 αὐτὰς
2710 2830 3107 2904 κατορθωτέον,
3149 2831 3187 2901 ἥ
3211 2831 3327 2895 πῶς
3355 2829 3670 2901 ἔμπρακτον
3694 2827 3793 2897 τὴν

2211 2922 2443 2995 θεωρίαν
2484 2923 2793 2979 ἀποδιδόναι
2824 2925 2929 2997 χρὴ
2962 2924 3040 2996 τῷ
3066 2925 3186 2995 Θεῷ
3208 2924 3343 2993 Χ85),
3390 2923 3482 2976 διὰ.
3524 2922 3631 2976 τῶν
3657 2939 3792 2994 προσ

2214 3012 2483 3082 κειμένων
2514 3012 2845 3066 ἐπιδείκνυσι
2877 3011 3132 3082 γνωμῶν,
3164 3008 3289 3081 μήτ’
3319 3008 3639 3063 ἀντιτείνειν
3659 3009 3794 3060 πᾶσι

2214 3103 2391 3173 λόγοις
2407 3103 2723 3172 φιλονείκως
2739 3103 3143 3173 ἀντιτιθέμενον
3162 3099 3441 3169 παραινῶν
3463 3116 3475 3128 ·
3500 3098 3792 3163 ἀνευλαϐὲς
3890 3152 3896 3156 ,

2215 3194 2351 3264 γάρ·
2385 3193 2509 3265 μήτ’
2537 3190 2631 3248 οὖν
2659 3194 2823 3248 πᾶσιν
2849 3194 3047 3265 ὁμοίως
3082 3194 3353 3262 ὑπέχοντα
3378 3190 3437 3243 τὸ
3471 3185 3563 3253 οὖς
3595 3190 3796 3241 ἐπακο-

2214 3285 2421 3339 λουθεῖν
2446 3302 2459 3314 ·
2491 3286 2805 3356 ἀδιάκριτον
2828 3286 2937 3357 γάρ
2965 3301 2979 3315 ³
3022 3284 3136 3339 ἀλλ’
3188 3282 3387 3336 εἰδέναι
3417 3280 3546 3351 περί
3586 3297 3646 3333 τε
3688 3278 3794 3331 τῶν

2216 3376 2531 3449 θεωρητέων
2574 3376 2668 3429 καὶ
2698 3376 2985 3445 πρακτέων
3013 3373 3240 3438 ἐκείνοις
3264 3373 3582 3426 ἀντιτείνειν
3606 3387 3665 3424 τε
3705 3369 3797 3422 καὶ

2214 3465 2605 3529 ἀνθίστασθαι,
2642 3459 2724 3529 οἷς
2770 3461 2914 3528 οἶδας
2963 3463 3257 3534 ἀλλοτρίως
3298 3462 3400 3532 τῆς
3440 3458 3797 3529 εύαγγελικῆς

2214 3558 2531 3627 λεγομένοις
2562 3557 2847 3625 θεοσοξςίας
2882 3557 2975 3610 καῖ
3001 3554 3344 3626 νομοθεσίας,
3367 3552 3637 3614 κάκείνοις
3669 3549 3798 3602 ἒπε-

2217 3649 2341 3702 σθαι
2384 3649 2479 3702 καὶ
2513 3650 2746 3719 στοιχεῖν
2779 3650 2892 3710 τοῖς
2931 3646 3096 3712 ἀξίως
3146 3644 3247 3698 τοῦ
3281 3644 3436 3715 ἀγίου
3482 3641 3798 3711 Πνεύματος

2215 3738 2563 3811 λαλουμένοις
2595 3740 2732 3810 πρὸς
2762 3738 2845 3800 σὲ,
2887 3739 2981 3791 καὶ
3009 3736 3220 3800 τούτοις
3258 3737 3315 3788 ὲν
3347 3736 3528 3806 μέτρῳ
3556 3732 3651 3785 καὶ
3676 3732 3797 3784 ὅσον

2215 3831 2296 3884 δεῖ
2320 3832 2413 3884 καὶ
2440 3829 2763 3898 ἀντιλέγειν,
2786 3824 2867 3892 οἷς
2892 3827 3208 3882 ἀντιτείνειν
3239 3826 3410 3891 ἄξιον,
3439 3826 3533 3878 καὶ
3572 3820 3794 3875 ἕπεσθαι

2217 3923 2338 3976 ὅσον
2365 3921 2678 3976 ἀκολουθεῖν
2705 3922 2972 3993 προσῆκε,
3010 3917 3106 3972 καὶ⁸
3132 3919 3337 3972 τούτων
3358 3917 3560 3987 ἀμφοῖν
3585 3912 3796 3983 ὁπηνίκ’

2220 4014 2346 4087 ἂνῆ
2382 4013 2572 4086 καιρὸς
2609 4013 3045 4086 ἀντιῤῥήσεωςῆ
3088 4009 3517 4080 ἀκολουθήσεως.
3556 4005 3691 4059 Θεοῦ
3740 4003 3797 4057 δὲ

2223 4106 2422 4177 μᾶλλον
2450 4104 2729 4175 ὲξέχεσθαι
2771 4105 2803 4177 ἢ
2836 4106 3165 4166 προστατεῖν
3190 4100 3557 4156 διακελεύεται
3584 4118 3595 4129 ’
3638 4097 3798 4151 καλὸν

2222 4198 2359 4253 εἶναι
2386 4198 2473 4252 διά
2526 4199 2763 4261 πίστεως
2807 4196 3153 4269 ἐξηρτῆσθαι.
3187 4193 3283 4249 τοῦ
3315 4192 3471 4255 Θεοῦ,
3525 4192 3623 4263 τὴν
3673 4188 3798 4260 ὃλην

2221 4290 2307 4343 ἐπ’
2335 4286 2483 4358 αὑτῷ
2519 4286 2841 4357 πεποίθησιν
2872 4287 3091 4357 ἔχοντας
3110 4328 3124 4351 ,
3156 4286 3189 4357 ἢ
3220 4284 3430 4347 πολλοῖς
3465 4281 3641 4350 λόγοις
3664 4294 3798 4351 προ-

2224 4383 2435 4434 στατεῖν
2484 4379 2649 4432 αὐτοῦ
2689 4382 2782 4432 καὶ
2812 4378 2969 4449 δῆθεν
2997 4378 3354 4450 ὑπερμαχεῖν.
3390 4374 3548 4437 Τίνος
3581 4373 3796 4437 ἓνεκεν;

2224 4473 2353 4525 Ὀτι
2386 4471 2464 4542 τῷ
2506 4471 2675 4525 πολλά
2708 4472 2927 4540 λέγοντι
2954 4469 3059 4523 καί.
3089 4464 3425 4538 σοφιζομένῳ
3475 4465 3707 4538 περισσά
3734 4464 3800 4517 ὲκ

2223 4565 2320 4633 τῆς
2346 4564 2669 4632 πολυλογίας
2701 4565 2801 4617 οὐκ
2834 4560 3100 4631 ἐπιλείψει
3133 4562 3342 4632 μῶμος,
3383 4561 3479 4612 καὶ
3513 4561 3620 4622 πᾶς
3645 4557 3800 4625 λόγος

2221 4655 2300 4716 εἰς
2326 4653 2615 4708 ἀντίπαλον
2637 4653 2785 4723 αὐτῷ
2810 4654 3219 4723 παραστήσεται
3238 4650 3370 4720 (86),
3390 4649 3483 4702 καὶ
3515 4648 3673 4702 τοῦτο
3699 4648 3799 4698 που

2222 4745 2384 4816 νηρόν
2412 4763 2425 4776 ⁸
2462 4745 2560 4817 βίῳ
2588 4747 2643 4799 δὲ
2673 4748 2863 4817 ἡσύχῳ
2888 4746 2981 4799 καὶ
3014 4741 3371 4814 πνευματικῷ
3401 4742 3497 4795 καὶ
3529 4740 3598 4793 τὰ
3634 4737 3801 4793 πολλά

2226 4840 2353 4909 περὶ
2382 4839 2608 4911 πρᾶξιν,
2658 4836 2819 4911 ἦττον
2851 4839 2908 4893 δὲ
2947 4838 3074 4908 περὶ
3115 4837 3271 4906 λόγον
3304 4834 3612 4906 ποιουμένῳ
3647 4833 3731 4897 τίς
3772 4834 3801 4885 ό

2225 4930 2591 4987 ἀντιπαλαίων
2632 4933 2664 5003 ἢ
2711 4931 3229 5001 ἀντιδιατιθέμενος;
3283 4929 3500 4990 πάντως
3543 4927 3577 4997 ἦ
3626 4924 3801 4988 οὐδεὶς

2224 5022 2374 5077 ἔσται
2400 5024 2433 5096 ἢ
2467 5026 2559 5079 καὶ
2585 5021 2737 5088 οὗτος
2765 5023 2873 5077 τῶν
2897 5020 3381 5091 κατεγνωσμένων.

542 5123 651 5178 que
691 5109 863 5165 verbo
901 5109 1109 5180 potenti
1157 5108 1282 5179 quis
1333 5108 1567 5165 obsistet
1596 5117 1697 5164 aut
1729 5110 2308 5174 adversariusstabit?
2331 5120 2581 5178 Profecto
2616 5131 2709 5175 aut
2741 5120 2922 5175 nullus
2955 5128 3049 5172 aut
3075 5118 3121 5173 si
3152 5118 3277 5186 quis
3300 5123 3385 5170 est
3414 5129 3445 5170 e
3472 5113 3798 5169 condemna-

545 5200 620 5259 tis
649 5200 741 5257 ille
776 5199 1127 5257 adversarius
1149 5200 1273 5255 erit.

622 5333 736 5404 (82)
765 5329 900 5404 god.
916 5331 1005 5404 ,φή
1014 5346 1080 5395 ις.

622 5397 736 5477 (85)
773 5400 874 5477 Sic
914 5397 1241 5477 Horatiusa
1266 5397 1666 5477 Sincerumest
1683 5402 1926 5477 nisibus,
1958 5404 2116 5477 quod-

548 5469 751 5546 cunque
786 5473 1030 5546 infundis
1072 5471 1278 5546 acescit
1293 5469 1503 5546 LEpist.
1547 5471 1599 5546 1‘,
1636 5470 1693 5530 2.
1727 5472 1838 5543 54).
1870 5472 1933 5528 Et
1963 5469 2125 5546 Chri-

551 5538 675 5604 stus
704 5547 820 5614 ipse
846 5538 922 5601 Vin
937 5541 1231 5610 Evangelia
1262 5538 1478 5614 (Matth.
1512 5541 1587 5612 ix)
1624 5538 1813 5614 vetat;
1848 5558 1917 5598 ne
1939 5545 2124 5599 vinum

552 5610 755 5671 novum
796 5613 852 5667 in
884 5624 1099 5668 veteres
1133 5610 1284 5667 utres
1314 5610 1581 5666 mittatur;
1624 5610 1865 5667 Brutus.
2141 5668 2143 5670 .

625 5684 737 5755 (8A)
763 5683 898 5739 Cod.
930 5680 1284 5755 προστάττει.
1311 5680 1697 5755 Βοεὶικπλεὶζον.
1729 5680 1914 5755 Venet.
1943 5682 2126 5755 πλεῖον

555 5754 744 5826 ξξέχου
784 5755 817 5823 ἢ
848 5749 1181 5826 προστάττῃ.
1211 5749 1451 5826 Zonaras
1480 5750 1573 5826 fol.
1605 5751 1718 5826 7_v._
1741 5751 1926 5826 εξέχου
1953 5752 2011 5826 δὲ
2031 5753 2125 5826 καὶ

556 5819 826 5891 ιξή’ρτησο
847 5819 941 5875 τοῦ
981 5819 1442 5891 Θεοῦῖπεποιθῲς
1475 5822 1611 5891 μήτε
1641 5821 1732 5874 ἐπὶ
1762 5819 1936 5891 λόγων
1962 5820 2122 5891 δυνά-

563 5889 673 5959 μει,
707 5890 843 5961 μήτε
875 5893 961 5945 ἐπ’
988 5890 1287 5962 εὐτλωττίᾳ
1310 5889 1343 5961 ἢ
1376 5889 1633 5962 ἐπ’ἀλλῳ
1656 5891 1761 5947 τινὶ
1794 5890 1828 5961 ἢ
1854 5890 1947 5948 ἐπὶ
1976 5890 2122 5963 μόνῳ
2150 5907 2167 5925 ν

2224 5336 2344 5408 Θεῷ
2361 5356 2375 5369 ο
2406 5338 2564 5392 τοῦτο
2585 5339 2694 5409 γάρ
2730 5333 3125 5409 εστιλτδλθεοῦ
3147 5333 3202 5409 δὲ
3234 5332 3417 5387 πλεῖον
3439 5330 3634 5409 ’ἐξεχου
3662 5328 3809 5409 παρὸ

2225 5399 2569 5481 προστάττῃ·
2597 5399 2762 5480 ’παρὸ
2790 5405 2992 5479 δηλαδὴ
3029 5405 3335 5476 παρίστασο
3367 5402 3463 5456 καὶ
3496 5399 3807 5470 ὑπερμάχει

2224 5479 2386 5532 αὑτοῦ
2419 5481 2477 5534 ὲν
2507 5479 2705 5546 λόγοις.

2318 5550 2406 5619 85)
2438 5542 2593 5604 ϐοαί
2612 5548 2718 5618 χρῆ
2745 5544 2821 5616 τῷ
2846 5544 2895 5600 θ.
2927 5555 2982 5619 et
3012 5560 3177 5619 supra
3206 5543 3238 5613 ἦ
3266 5542 3666 5619 scriptumyrti.

2318 5551 2406 5619 85)
2438 5551 2573 5604 Cod.
2612 5551 2718 5618 χρῆ
2745 5551 2821 5616 τῷ
2846 5551 2895 5600 θ.
2927 5555 2982 5599 et
3012 5560 3177 5613 supra
3206 5551 3238 5613 ῆ
3266 5551 3532 5612 scriptum
3564 5558 3666 5594 V'tt.

2296 5551 2408 5687 $86)
2442 5620 2882 5691 Παραστήσεται,
2907 5617 2987 5672 sic
3011 5617 3173 5691 etiam
3199 5615 3324 5668 eod.
3349 5612 3586 5691 Sirletti;
3618 5609 3810 5691 Billius

2226 5680 2431 5743 mavult
2459 5680 2848 5760 περιστήσεται
2882 5695 3047 5753 atque
3068 5685 3313 5740 Nicetam
3339 5685 3629 5760 vituperat,
3654 5680 3805 5760 quod

2232 5772 2342 5812 non
2397 5750 2544 5816 satis'
2578 5750 2863 5830 perspicue
2894 5750 3152 5826 exponat,
3207 5768 3329 5824 qua:
3374 5750 3635 5808 sit'mens
3667 5750 3810 5807 Gre-

2231 5843 2388 5899 gorn.
