4164 6350
434 386 538 440 7‘5

433 503 500 557 ιε
531 502 596 554 Ἢ
623 496 708 567 μὴ
731 495 1064 562 διδάσκειν,
1089 464 1138 563 ’ἢ
1167 493 1484 549 διδάσκειν
1504 492 1585 559 τῷ
1615 492 1830 560 τρόπῳ.

505 589 685 644 Καλόν
726 590 760 659 ἡ
818 588 1021 660 σιωπὴ,
1072 588 1234 658 φησὶν
1266 590 1293 640 ό
1323 586 1464 650 θεῖος
1496 584 1836 648 διδάσκαλος,
1865 583 2022 654 δῆλον

431 685 514 737 ὅτι
543 685 656 745 τοῖς
687 681 1014 753 ἀρχομένοις
1041 679 1390 745 ἐξασκεῖσθαι
1413 678 1515 748 τὴν
1543 677 1764 748 ἀρετὴν,
1787 678 1882 730 καὶ
1913 677 2020 747 μή-

433 798 523 835 πω
542 779 744 848 ταύτην
763 775 1036 829 διδάσκειν
1061 771 1420 843 κεκλημένοις
1444 787 1458 801 ⁸
1486 772 1535 822 εἰ
1556 770 1612 823 δέ
1635 771 1728 823 καὶ
1749 768 2035 821 διδάσκειν-

433 871 712 942 ἐρωτικῶς
751 868 966 939 ἔχουσιν
1005 860 1187 929 οὗτοι,
1247 865 1324 936 τῷ
1361 864 1549 934 τρόπῳ
1583 864 1781 935 μᾶλλον
1821 863 1912 916 καὶ
1957 865 2027 932 τῇ

433 963 766 1018 καταστάσει
807 961 906 1030 τῆς
935 959 1058 1014 κατ’
1100 959 1300 1022 αὐτοὺς
1349 957 1624 1019 πολιτείας
1662 957 1760 1026 τὴν
1803 955 2026 1025 διδαχὴν

434 1052 919 1108 ἐπιδεικνύτωσαν.
971 1052 1124 1102 Δυοῖν
1167 1050 1276 1120 γάρ
1314 1047 1513 1122 χειρῶν
1548 1047 1740 1113 ὄντων,
1783 1046 1896 1116 βίου
1930 1047 2025 1098 καὶ

437 1146 617 1212 λόγου,
648 1144 710 1197 οὐ
733 1142 940 1196 δίκαιον
967 1140 1074 1194 οὐδ’
1094 1140 1312 1202 εὐσεϐὲς
1350 1139 1414 1193 ἂν
1439 1137 1523 1209 εἴη
1548 1141 1612 1208 τῇ
1644 1139 1742 1208 μιᾷ
1760 1138 1858 1208 μὲν
1882 1136 2025 1206 χειρὶ⁴

433 1240 561 1304 τοὺς
597 1237 970 1309 μανθάνοντας
1003 1233 1357 1303 ἐφέλκεσθαι,
1421 1234 1486 1302 τῇ
1525 1231 1688 1302 ἑτέρᾳ
1718 1231 1774 1283 δὲ
1804 1229 2025 1290 τούτους

435 1329 776 1387 ἀπωθεῖσθαι
804 1347 818 1361 ο
848 1329 935 1382 διὰ
958 1327 1051 1381 τοῦ
1085 1327 1198 1398 βίου
1233 1327 1331 1398 μὲν
1361 1326 1666 1397 προτείνειν
1699 1322 2023 1394 ἀμώμητον,

433 1427 591 1496 λόγον
617 1426 673 1479 δὲ
709 1424 1004 1496 μωμητόνο
1055 1421 1088 1492 ἢ
1127 1423 1272 1493 λόγῳ
1306 1421 1404 1492 μὲν
1439 1419 1588 1472 εὐθεῖ
1622 1419 1715 1472 καὶ
1745 1415 2026 1487 ὀρθοτόμῳ

435 1519 694 1592 χρῆσθαι,
730 1519 828 1590 βίῳ
866 1518 923 1570 δὲ
963 1515 1322 1588 ῥυπαίνεσθαι
1367 1513 1586 1583 ἀνάγνῳ
1616 1511 1708 1565 καὶ
1742 1508 2023 1582 μοχθηρῷ.

437 1612 561 1666 Καὶ,
589 1611 698 1682 γάρ
746 1610 1038 1680 κράτιστον
1083 1608 1182 1678 μὲν
1228 1606 1558 1677 ἀμφοτέροις
1588 1602 1928 1672 εὐδοκιμεῖν·
1976 1599 2026 1651 εἰ

434 1704 481 1756 δ’
510 1703 710 1771 ἀμφοῖν
737 1700 1039 1772 ἀμήχανον,
1061 1699 1160 1768 τῆς
1187 1696 1328 1749 κατά
1353 1695 1551 1766 πρᾶξιν
1579 1693 1673 1746 καὶ
1702 1691 1815 1762 βίον
1839 1688 2028 1759 σεμνό-

435 1813 598 1866 τητος
639 1793 840 1865 μᾶλλον
876 1789 1254 1862 ἐπιμελητέον,
1302 1788 1394 1841 καὶ
1434 1785 1605 1856 ταύτῃ
1655 1784 1750 1836 τοῦ
1777 1783 1937 1852 λόγου
1967 1780 2028 1834 τὸ

435 1889 618 1942 λεῖπον
651 1883 1094 1957 ἀναπληρωτέον.
1141 1883 1229 1945 Ὡς
1274 1880 1384 1951 γὰρ
1426 1881 1456 1931 ὁ
1509 1877 1800 1949 ζωγράφος
1843 1875 1905 1926 οὐ
1938 1890 2028 1926 το-

438 1981 647 2042 σοῦτον,
682 1980 837 2050 φησὶ,
870 1981 984 2040 τοῖς
1012 1976 1192 2044 λόγοις
1220 1974 1343 2027 ὅσον
1372 1974 1487 2035 τοῖς
1519 1968 1887 2039 ὑποδείγμασι
1918 1965 2028 2018 τῶν

439 2074 765 2147 ἀρχετύπων
794 2072 919 2134 τοὺς
957 2071 1049 2123 ὑπ’
1094 2067 1244 2136 αὐτῷ
1296 2067 1396 2137 τὴν
1422 2063 1700 2136 γραφικὴν
1733 2059 2029 2133 μανθάνον-

436 2184 546 2236 τας,
570 2166 800 2238 ὠφελεῖ,
849 2166 1022 2226 οὕτως
1061 2164 1111 2214 οί
1139 2162 1230 2215 τὸν
1264 2161 1473 2232 μονήρη
1502 2155 1615 2228 βίον
1650 2158 1708 2210 ἐν
1742 2155 2029 2226 ἀμωμήτῳ

439 2262 637 2334 πράξει
668 2257 1084 2332 κατορθοῦντες,
1109 2257 1167 2309 ἐν
1191 2253 1365 2325 τούτῳ
1393 2251 1592 2324 μᾶλλον
1619 2247 2029 2318 οἰκοδομοῦντες

437 2355 565 2418 τοὺς
607 2352 954 2422 ἐγγίζοντας,
1002 2343 1165 2420 ἦττον
1204 2345 1299 2399 τοῦ
1342 2344 1502 2413 λόγου
1545 2341 1644 2413 τῆς
1680 2339 2029 2401 διδασκαλίας

440 2446 764 2500 ἐπιδέονται.

446 2542 511 2597 17
545 2540 713 2608 Ὑμῖν
745 2537 901 2606 λέγω
933 2535 1201 2608 μάλιστα
1225 2532 1351 2608 τοῖς
1379 2530 1488 2586 τοῦ
1510 2531 1810 2608 βήματος,

445 2614 512 2668 18
556 2602 891 2680 Ὀξρθαλμῦν
914 2602 1068 2664 εἶναι
1095 2606 1179 2676 μὴ
1204 2606 1468 2670 σκότους
1506 2602 1964 2670 πεπλησμένον.

492 2704 713 2773 ,Ὑμεῖς
748 2703 798 2754 οἱ
839 2701 966 2773 περὶ¹
992 2699 1054 2752 τὸ
1095 2698 1249 2769 βῆμα
1291 2695 1388 2749 καὶ
1417 2693 1516 2766 τὴν
1557 2692 1710 2765 ἱερὰν
1742 2689 2027 2762 τράπεζαν

441 2799 670 2862 ἑαυτοὺς
697 2794 1044 2867 παρενείρειν
1073 2792 1168 2846 καὶ
1199 2789 1450 2844 είσωθεῖν
1475 2791 1544 2844 ἐκ
1579 2785 1885 2857 φιλοδοξίας
1934 2784 2028 2837 καὶ

443 2891 736 2963 φιλαρχίας
773 2887 1108 2960 βιαζόμενοι,
1157 2884 1268 2938 τῶν
1308 2882 1402 2936 τοῦ
1443 2881 1684 2952 μεγάλου
1728 2879 2028 2950 ἀρχιερέως

441 2983 771 3049 ὲνωτίζεσθε
813 2980 1041 3052 φωνῶνο
1084 2981 1214 3050 ὑμῖν
1241 2980 1354 3041 τοῖς
1382 2975 1492 3029 τῶν
1529 2974 1690 3045 ἱερῶν
1729 2972 1875 3024 λαῶν
1903 2973 2026 3022 ἐπι-

443 3078 670 3141 σκόποις
707 3075 807 3147 τὴν
859 3072 1182 3146 παραίνεσιν
1226 3070 1432 3138 ταύτην
1485 3065 1920 3135 ἐπιφθέγγομαι·
1953 3061 2028 3133 μὴ

442 3171 712 3243 ὀφθαλμοὶ
735 3166 1109 3239 πεπλησμένοι
1131 3165 1378 3228 σκότους,
1396 3161 1533 3216 ἀλλά
1562 3160 1793 3230 πλήρεις
1810 3154 2026 3225 γίνεσθε

443 3266 654 3338 φωτόςο
705 3264 780 3336 μὴ
814 3261 1027 3325 ἀδικίας
1055 3259 1088 3329 ἦ
1140 3258 1364 3325 ἀγνοίας
1394 3255 1427 3326 ἢ
1467 3253 1747 3314 ἀσεϐείας,
1780 3250 1916 3303 ἀλλὰ
1948 3248 2032 3300 δι-

444 3359 738 3430 καιοσύνης
773 3357 866 3410 καλ⁸
887 3353 1145 3423 γνώσεως
1178 3352 1271 3405 καὶ
1302 3347 1586 3409 εὐσεϐείας
1621 3345 1906 3416 ἀρχέτυπα
1941 3359 2033 3410 γε-

445 3456 676 3526 νήθητε·
725 3453 940 3522 ἀνάγκη
986 3449 1096 3520 γὰρ
1132 3447 1258 3509 τοὺς
1298 3445 1403 3498 ὐπὸ
1449 3446 1610 3515 χεῖρα
1663 3441 1846 3502 λαοὺς,
1897 3437 2034 3509 πρὸς

447 3547 594 3618 ὑμᾶς
625 3543 950 3616 ἀφορῶντας
980 3539 1114 3610 (87),
1148 3532 1205 3590 εὖ
1237 3554 1297 3588 τε
1339 3535 1433 3588 καὶ
1465 3533 1540 3596 ὡς
1573 3532 1776 3601 ἑτέρως
1811 3529 2034 3598 ἔχοντας

447 3636 908 3710 ἐξομοιοῦσθαιτῇ
947 3633 1208 3704 μιμήσει’
1244 3631 1402 3700 ὑμεῖς
1433 3627 1542 3696 γάρ
1571 3629 1698 3679 ἐστε
1720 3623 1914 3693 λύχνος
1937 3622 2032 3674 τοῦ

451 3729 703 3802 σώματος
736 3728 834 3798 τῆς
876 3723 1226 3794 Ἐκκλησίας.
1274 3721 1487 3789 Ὥσπερ
1521 3713 1612 3770 οὖν
1649 3714 1804 3786 ὐμῶν
1846 3712 2036 3766 ἁπλῶν

450 3821 641 3884 ὄντων,
683 3820 779 3873 καὶ
819 3815 1150 3887 φωτοειδῶν,
1196 3814 1291 3867 καὶ
1319 3809 1579 3881 καθαρῶν
1615 3807 1774 3873 ὅλων,
1807 3808 1865 3859 ἐν
1897 3805 2037 3874 φωτὶ

450 3915 511 3969 τὸ
551 3915 712 3986 σῶμα
745 3911 1038 3983 πορεύεται
1075 3909 1170 3962 καὶ
1201 3905 1526 3960 κατευθύνει
1553 3901 1655 3972 τὴν
1689 3900 1806 3952 ὁδὸν
1831 3896 1996 3951 αὐτοῦ
2019 3913 2033 3927 ·

451 4007 624 4071 οὕτως
652 4005 889 4077 ἔμπαλιν
937 4003 1105 4072 ζόφου
1142 3999 1420 4068 ἀγνωσίας
1458 3996 1551 4050 καὶ
1600 3992 1876 4064 ἁμαρτίας
1907 3992 2038 4044 ὑπο-

451 4100 743 4171 κειμένων,
780 4095 1100 4166 αἰτιάμασιν
1129 4093 1224 4163 ὅλη
1252 4089 1438 4152 κακῶς
1478 4088 1678 4157 πάσχει
1727 4083 1822 4136 καὶ
1871 4099 2039 4150 πονη-

455 4192 674 4266 ρεύεται
718 4187 1037 4259 Ἐκκλησία.
1076 4187 1248 4256 Εἴπερ
1286 4178 1400 4245 οὖν,
1435 4180 1623 4251 φησὶν,
1671 4179 1700 4230 ό
1731 4176 1847 4246 φῶς
1894 4169 2039 4227 εἶναι

451 4287 624 4343 δοκῶν
655 4285 750 4340 καὶ
765 4283 1043 4354 ὀφθαλμὸς
1071 4281 1179 4334 τῶν
1207 4278 1310 4331 ὑπὸ
1335 4279 1490 4348 χεῖρα
1512 4275 1753 4333 πάντων,
1780 4273 1837 4323 ἐν
1864 4270 2040 4338 σκότῳ

455 4377 768 4451 πορεύεται,
805 4375 966 4437 αὐτὸς
996 4377 1023 4427 ό
1058 4373 1142 4425 ἀεὶ
1165 4373 1276 4433 τοῖς
1307 4371 1496 4430 κακοῖς
1523 4363 1878 4435 ἐνισχημένος
1908 4361 2036 4424 λαὸς

455 4473 606 4544 πόσῳ
644 4470 842 4542 μᾶλλον
867 4470 932 4538 τῇ
960 4466 1129 4536 κακίᾳ
1154 4459 1712 4533 κατακρατηθήσεται
1736 4473 1751 4523 ;

452 4567 514 4621 21
567 4565 845 4632 Ἀφωνον
863 4560 1041 4629 ἔργον
1061 4557 1351 4626 κρεῖσσον
1366 4551 1676 4622 ἀπράκτου
1693 4549 1881 4618 λόγου
1901 4545 2036 4614 (88).

527 4656 829 4710 Κάλλιστον
861 4652 979 4722 μὲν,
1029 4651 1193 4720 φησιν
1234 4649 1262 4700 ὁ
1297 4641 1844 4717 ἱεροφαντικὼτατος,
1875 4637 1951 4709 τῷ
1977 4654 2038 4688 τε

455 4751 599 4820 λόγῳ
632 4749 726 4801 καὶ
759 4745 858 4816 βίῳ
886 4743 976 4797 τὸν
1015 4742 1340 4812 Ἐκκλησίας
1363 4738 1530 4802 ἀξίως
1555 4735 1884 4807 προστατεῖν
1926 4731 2044 4800 βου-

455 4847 683 4917 λόμενον
706 4836 1230 4910 προκατωρθῶσθαι⁶
1246 4834 1338 4886 τοῦ
1358 4832 1474 4894 ἑνὸς
1487 4831 1542 4882 δὲ
1559 4829 1765 4882 τούτων
1785 4822 2044 4894 ὑστερού-

462 4953 645 5010 μενον,
678 4934 933 5005 κρεῖσσον
958 4929 1022 4982 ἂν
1051 4926 1141 4997 εἴη
1163 4924 1258 4979 καὶ
1279 4921 1718 4989 λυσιτελέστερον
1745 4918 1811 4987 τῇ
1840 4913 2038 4984 πράξει

455 5031 556 5100 τῆς
578 5004 780 5098 ἀρετῆς
805 5023 902 5076 καὶ
933 5019 1009 5091 τῷ
1055 5018 1155 5090 βίῳ
1182 5015 1337 5088 τμετά
1365 5011 1636 5073 ἰδιωτείας
1672 5008 1767 5061 καὶ
1791 5004 2040 5075 ἀφωνίας

455 5096 840 5191 λόγου-μᾶλλον
859 5114 1188 5183 εὐδοκιμεῖν,
1203 5110 1238 5182 ἢ
1255 5108 1402 5178 λόγῳ
1417 5104 1557 5177 ψιλῷ
1575 5103 1668 5156 καὶ
1688 5100 1923 5170 ἀκάρπῳ
1947 5096 2041 5148 καὶ

457 5189 726 5287 ἀπράκτῳ
752 5209 1056 5282 χρώμενον,
1093 5204 1220 5275 εἰκῆ
1255 5197 1761 5273 μεγαλορρημονεῖν
1785 5193 1878 5245 καὶ
1899 5189 2042 5242 διδά-

459 5321 611 5358 σκειν
633 5301 826 5362 ἄλλους
852 5295 1283 5366 ὑπολαμϐάνειν,
1317 5292 1461 5361 ἆπερ
1492 5289 1554 5340 οὐ
1573 5285 1831 5358 δέδρακεν
1856 5279 2038 5340 αὐτός.

459 5391 617 5452 Τίνος
654 5389 878 5451 ἐνεκεν;
915 5385 1039 5439 Ὅτι
1094 5384 1210 5454 βίου
1269 5381 1369 5452 μὲν
1413 5378 1584 5450 χωρὶς
1616 5375 1710 5428 τοῦ
1759 5372 1900 5426 κατά
1943 5371 2042 5441 τὴν

459 5483 660 5553 πρᾶξιν
685 5481 786 5550 τῆς
817 5479 1035 5549 ἐντολῆς
1068 5475 1291 5544 καὶτῆς
1327 5471 1529 5543 ἀρετῆς
1574 5467 1749 5528 οὐδεὶς
1801 5464 1908 5517 ἀπὸ
1950 5461 2042 5515 τοῦ

458 5580 652 5642 αἰῶνος
696 5577 920 5648 ὑψηλὸς,
968 5573 1143 5634 οὐδεὶς
1181 5568 1442 5636 ἐδοξάσθη
1479 5563 1555 5624 ὡς
1581 5560 1809 5628 ἐγγίσας
1853 5555 2044 5628 Κυρίῳ

460 5671 555 5728 καὶ
579 5670 866 5741 ἀγιασθεὶς
885 5687 898 5700 ·
930 5667 1025 5722 τοῦ
1049 5662 1251 5736 σεμνοῦ
1277 5661 1334 5714 δὲ
1362 5659 1525 5730 λόγου
1560 5655 1654 5710 καὶ
1670 5651 1920 5724 τερπνῶς
1950 5650 2044 5704 καὶ

527 5853 640 5924 (87)
676 5850 810 5924 Cet].
844 5847 1190 5924 dgopé'wrzag.

1433 376 1502 432 ΙΝ
1542 375 1865 433 (JARMIMA
1903 372 2183 431 ARCANA
2222 373 2280 430 ε.
2323 370 2676 430 GREC-Oltll.

3605 364 3712 422 795

2126 492 2192 546 15
2241 491 2332 544 γει
2354 508 2456 545 ηοη
2486 489 2614 544 doce
2653 488 2730 542 vel
2769 478 3183 547 doce-moribus,
3211 490 3318 538 etc.

2193 583 2406 638 Bonum
2442 584 2749 646 silentium,
2791 580 2928 634 dicit
2973 577 3195 632 divinus
3243 574 3522 645 Magister,
3567 578 3717 642 patet

2123 675 2268 756 quod
2315 674 2703 744 incipientibus
2738 687 2798 726 se
2832 684 3088 726 exercere
3123 669 3188 722 ad
3224 668 3478 720 virtutem
3509 673 3566 718 et
3604 678 3716 717 non

2122 771 2332 825 vocatis
2371 769 2438 822 ad
2474 769 2649 837 ipsam
2677 762 2980 820 docendam
3004 781 3028 829 ;-
3052 769 3106 815 cl.
3140 762 3184 816 si
3217 757 3454 813 docendi
3473 770 3718 810 amorem

2125 865 2216 917 isti
2248 862 2508 927 habeam,
2544 859 2794 913 moribus
2827 856 3013 927 potius
3056 862 3110 909 et
3145 851 3491 908 institutione
3520 846 3718 919 agendi

2125 956 2358 1010 rationis
2416 953 2814 1007 documentum
2868 948 3168 1003 ostendant-
3211 963 3224 999 :
3279 945 3516 998 duarum
3570 940 3717 995 enim

2127 1063 2388 1104 manuum
2426 1049 2602 1102 instar
2642 1046 2790 1117 datis
2817 1044 2929 1097 vita
2960 1049 3014 1097 et
3059 1053 3336 1102 sermone,
3374 1051 3476 1090 nee
3500 1034 3717 1103 justum

2126 1155 2226 1196 nec
2263 1141 2409 1210 pium
2447 1149 2594 1195 esset
2626 1139 2672 1191 si
2699 1151 2804 1190 una
2838 1150 3002 1188 manu
3036 1135 3314 1187 discentes
3339 1128 3716 1188 traherentur,

2126 1235 2300 1287 altera
2356 1247 2485 1286 vero
2547 1231 2998 1299 repellet-entur;
3044 1227 3091 1281 si
3141 1239 3238 1293 per
3284 1223 3450 1276 vitam
3491 1217 3718 1289 quidem

2129 1333 2529 1396 proponeretur
2578 1319 3086 1392 irreprehensibile,
3139 1327 3395 1370 sermone
3442 1325 3573 1366 vero
3626 1324 3720 1394 re-

2126 1417 2494 1487 prehensione
2545 1415 2816 1484 dignum;
2868 1417 2964 1466 aut
3005 1421 3259 1464 sermone
3294 1412 3447 1459 recto
3485 1409 3540 1456 et
3583 1412 3721 1454 sano

2126 1508 2384 1577 polleres,
2439 1507 2550 1560 vita
2581 1519 2712 1559 vero
2753 1499 3118 1556 maculareris
3155 1511 3264 1551 non
3317 1505 3468 1548 casta
3509 1499 3564 1546 et
3596 1504 3722 1560 per-

2127 1614 2326 1655 versa:
2359 1598 2561 1654 etenim
2604 1609 2882 1652 summum
2913 1600 2999 1647 est
3041 1589 3311 1644 ainbobus
3348 1593 3635 1656 praestare;
3672 1579 3721 1636 si

2130 1694 2399 1748 ambobus
2428 1694 2703 1762 praestare‘
2721 1685 3064 1758 impossibile
3087 1683 3192 1748 sit,
3225 1676 3480 1752 gravitati
3520 1690 3717 1732 secun-

2129 1789 2260 1844 dum
2310 1789 2525 1858 praxim
2562 1793 2618 1841 et
2647 1785 2813 1838 vitam
2858 1782 3032 1849 magis
3084 1774 3395 1832 curandum
3423 1787 3522 1842 per
3553 1785 3720 1840 quam

2129 1881 2373 1937 sermoni
2397 1878 2764 1949 supplendum
2796 1889 2894 1944 pro
2915 1873 3148 1940 reliquo.
3179 1867 3336 1922 Sicut
3365 1867 3510 1920 enim
3543 1863 3711 1934 pictor

2128 1988 2240 2028 non
2276 1980 2513 2034 tantum,
2559 1969 2762 2038 inquit,
2799 1981 2896 2036 per
2933 1977 3220 2020 sermones
3277 1972 3441 2028 quam
3488 1971 3583 2026 per
3627 1969 3720 2006 ai-

2129 2067 2489 2138 chetyporum
2517 2060 2854 2133 exemplaria
2894 2056 3188 2126 discipulis
3240 2053 3359 2108 suis
3402 2051 3459 2103 in
3503 2048 3722 2118 pictura

2099 2188 2107 2196 -
2129 2161 2382 2225 inservit,
2405 2161 2486 2215 sic
2503 2157 2846 2213 eremiticam
2870 2154 3039 2207 vitam
3068 2142 3540 2218 irreprehensibili
3562 2139 3719 2211 praxi

2129 2255 2430 2325 dirigentes
2478 2266 2544 2308 eo
2595 2250 2770 2320 magis
2820 2246 2946 2301 illos
3000 2243 3095 2314 qui
3143 2241 3280 2311 ipsis
3337 2235 3721 2308 approximaut

2129 2346 2399 2403 aediﬁcant
2423 2347 2722 2414 minusque
2749 2337 3100 2395 documentis
3128 2349 3224 2405 per
3255 2332 3421 2387 verba
3452 2326 3720 2396 indigent.

2131 2529 2198 2584 l7
2246 2525 2403 2581 Vobis
2433 2523 2550 2577 dico
2588 2522 2838 2583 maxime,
2865 2519 2954 2590 qui
2982 2512 3309 2590 praesidetis,

2130 2602 2198 2654 18
2239 2597 2362 2651 Non
2393 2597 2511 2650 sitis
2541 2595 2726 2649 oculus
2760 2585 3095 2645 tenebrarum
3132 2585 3342 2654 plenus.

2202 2690 2314 2745 Vos
2359 2689 2453 2759 qui
2493 2686 2562 2742 ad
2607 2685 2928 2742 cathedram
2977 2690 3032 2737 et
3082 2679 3149 2734 ad
3195 2685 3443 2734 sanctam
3479 2685 3726 2727 mensam

2129 2785 2497 2853 vosmetipsos
2532 2781 2819 2835 insinuare
2844 2783 2899 2832 et
2930 2773 3236 2846 provehere
3267 2785 3378 2840 prae
3408 2763 3647 2822 elatione
3674 2774 3729 2818 et

2130 2877 2426 2932 ambitione
2447 2872 2745 2933 conamini,
2767 2870 2946 2938 magni
2965 2879 3017 2922 et
3039 2864 3236 2921 summi
3262 2861 3566 2917 sacerdotis
3619 2874 3723 2911 atr-

2130 2972 2241 3026 dite
2275 2984 2459 3023 voces.
2509 2965 2681 3020 Vobis
2735 2971 3053 3019 sanctorum
3104 2959 3428 3028 populorum
3453 2953 3731 3022 episcopis

2131 3062 2567 3119 exhortationem
2597 3059 2756 3112 istam
2787 3055 3053 3124 pandam;
3075 3068 3142 3104 ne
3168 3051 3292 3106 sitis
3321 3047 3466 3101 oculi
3489 3045 3733 3099 tenebris

2133 3155 2343 3218 referti,
2387 3153 2483 3208 sed
2532 3151 2740 3205 lumine
2777 3148 2926 3218 pleni
2975 3147 3154 3212 liatis;
3210 3158 3277 3196 ne
3308 3139 3602 3209 iujustitiae
3638 3144 3734 3189 aut
3829 3143 3831 3148 ‘

2135 3245 2522 3319 imprudentiae
2551 3253 2644 3298 aut
2684 3239 3010 3311 impietatis,
3052 3235 3148 3291 sed
3181 3233 3419 3305 justitiae
3455 3238 3510 3285 et
3552 3228 3734 3284 scicn-

2134 3343 2224 3397 tiae
2270 3347 2326 3396 et
2362 3337 2584 3410 pietatis
2641 3334 2941 3404 archetypa
2980 3330 3162 3394 ﬁalis;
3195 3340 3425 3382 necesse
3471 3330 3556 3378 est
3585 3321 3733 3376 enim

2137 3445 2196 3492 ut
2244 3435 2431 3507 populi
2468 3433 2562 3504 qui
2607 3430 2714 3486 sub
2761 3445 2926 3482 manu
2958 3435 3139 3482 vestra
3189 3431 3320 3479 sunt
3351 3436 3447 3475 vos
3480 3415 3735 3472 conside-

2137 3536 2261 3582 rent
2290 3537 2455 3596 atque
2483 3524 2643 3594 quasi
2674 3521 2832 3576 vobis
2859 3521 3020 3588 longe
3067 3517 3190 3571 aliis
3222 3514 3432 3570 similes
3464 3511 3596 3564 [iant
3638 3522 3737 3576 per

2135 3623 2526 3678 imitationem.
2590 3617 2739 3672 Estis
2786 3615 2932 3668 enim
2981 3612 3072 3664 lux
3132 3607 3383 3676 corporis
3449 3601 3732 3656 Ecclesiae.

2141 3717 2296 3771 Sicut
2336 3729 2467 3785 ergo
2513 3710 2672 3767 vobis
2720 3705 3062 3776 simplicibus
3095 3711 3151 3756 et
3199 3697 3513 3754 lucentibus
3558 3702 3612 3748 et
3667 3692 3736 3747 de

2140 3819 2258 3866 toto
2306 3808 2456 3881 puris
2534 3808 2591 3861 in
2644 3805 2853 3860 lumine
2913 3816 3117 3869 corpus
3170 3796 3421 3867 graditur
3469 3801 3523 3848 et
3576 3806 3735 3845 suam

2140 3905 2284 3955 viam
2353 3899 2578 3970 dirigit,
2632 3898 2707 3950 ita
2752 3911 2782 3950 e
2818 3903 3010 3947 contra
3063 3889 3219 3944 vobis
3265 3889 3319 3942 in
3381 3885 3734 3941 tenebrarum

2143 3993 2466 4062 ignorantiae
2520 3999 2575 4046 et
2635 3988 2844 4060 peccati
2895 3984 3210 4055 jac-cutibus
3259 3980 3570 4049 viluperio,
3625 3988 3737 4034 tota

2142 4088 2284 4141 male
2321 4086 2529 4156 patitur
2563 4099 2626 4137 ac
2673 4083 2904 4137 moleste
2935 4079 3039 4133 i'ert
3077 4069 3339 4130 Ecclesia.
3374 4075 3430 4128 Si
3466 4089 3617 4143 ergo,
3651 4075 3737 4127 in-

2141 4179 2281 4249 quit,
2317 4179 2411 4248 qui
2457 4177 2548 4230 lux
2599 4182 2653 4229 et
2701 4173 2895 4227 oculus
2943 4185 3068 4225 esse
3104 4169 3317 4222 videtur
3352 4167 3596 4219 omnium
3640 4166 3733 4234 qui

2143 4273 2246 4328 sub
2295 4287 2460 4326 manu
2492 4270 2612 4338 ejus
2650 4275 2798 4333 sunt,
2829 4266 2880 4318 in
2922 4264 3166 4318 tenebris
3199 4262 3464 4322 ambulat,
3507 4260 3610 4314 iste
3640 4260 3734 4329 qui

2143 4379 2362 4434 semper
2394 4364 2559 4418 malis
2597 4370 2683 4417 cst
2727 4362 3022 4417 obvolutus
3062 4360 3300 4431 populus
3325 4367 3530 4428 quanto
3563 4359 3737 4427 magis

2145 4473 2175 4511 a
2209 4457 2416 4510 malitia
2448 4455 2848 4509 dominabitur.

2145 4549 2206 4602 9|
2259 4548 2402 4616 Opus
2425 4549 2536 4602 sine
2563 4547 2714 4601 verba
2737 4554 2958 4614 praestat
2998 4547 3148 4599 verba
3173 4545 3284 4598 sine
3308 4559 3480 4611 opere,
3511 4549 3616 4596 etc.

2219 4641 2684 4701 Pulcherrimum,
2743 4638 2923 4708 inquit
2975 4638 3195 4691 divinus
3227 4647 3278 4689 et
3319 4636 3518 4704 dignus
3565 4645 3735 4692 vates.

2150 4743 2203 4788 et
2237 4733 2405 4788 verbo
2435 4742 2489 4786 et
2529 4732 2637 4784 vita
2688 4731 2925 4800 primum
2973 4729 3284 4799 praecellere
3333 4742 3455 4783 eum
3503 4727 3594 4796 qui
3631 4724 3735 4779 Ec-

2151 4825 2334 4879 clesiae
2365 4824 2528 4893 digne
2569 4821 2686 4875 vult
2733 4836 3002 4891 praeesse;
3055 4820 3149 4873 sed
3187 4819 3357 4872 altero
3406 4819 3598 4872 horum
3645 4833 3739 4871 ca-

2150 4929 2358 4971 rentem
2393 4914 2588 4969 melius
2634 4921 2781 4968 esset
2812 4920 2867 4966 et
2899 4913 3093 4966 utilius
3131 4925 3226 4980 per
3266 4910 3486 4963 virtutis
3523 4910 3739 4979 praxim

2149 5017 2204 5062 et
2229 5009 2416 5073 vitam,
2446 5022 2570 5061 cum
2619 5005 2932 5076 ignorantia
2963 5011 3018 5057 et
3059 5003 3207 5057 verbi
3245 5001 3606 5071 incapaeitatc
3646 5016 3740 5055 no-

2151 5116 2274 5154 men
2310 5100 2509 5153 habere
2540 5099 2743 5152 bonum
2777 5112 2940 5166 quam
2993 5110 3240 5150 sermone
3283 5095 3518 5164 eleganti
3569 5105 3622 5148 et
3655 5095 3740 5148 in-

2151 5194 2433 5248 l'ructuoso
2480 5201 2534 5248 et
2583 5190 2846 5246 inefﬁcaci
2903 5198 3149 5243 utentem
3215 5189 3442 5257 grandia
3498 5189 3643 5257 loqui
3685 5193 3741 5242 et

2146 5285 2284 5339 alios
2331 5285 2618 5338 docturum
2661 5300 2720 5338 se
2759 5282 2897 5336 dare
2950 5297 3013 5336 ea
3053 5295 3174 5350 qua:
3218 5296 3328 5335 non
3373 5280 3502 5336 fecit
3547 5279 3742 5334 doctor

2146 5379 2272 5433 iste.
2302 5378 2452 5434 Cur?
2484 5377 2626 5443 Quia
2663 5377 2784 5432 sine
2814 5378 2925 5429 vita
2958 5390 3081 5444 quae
3114 5385 3198 5428 est
3233 5373 3536 5429 secundum
3582 5387 3741 5427 man-

2145 5470 2396 5525 datorum
2421 5479 2474 5525 et
2498 5470 2720 5524 virtutis
2755 5469 2963 5538 praxim
2986 5483 3146 5522 nemo
3177 5482 3206 5519 a
3230 5467 3431 5521 saeculo
3461 5481 3736 5532 summus,

2147 5579 2310 5618 nemo
2327 5563 2725 5634 gloriﬁcabitur
2753 5563 2912 5633 quasi
2937 5559 3167 5615 Domino
3193 5559 3474 5631 proximus
3503 5567 3557 5614 et
3587 5574 3740 5614 sanc-

2152 5656 2416 5720 tiﬁcatus,
2456 5656 2584 5710 dum
2619 5655 2738 5711 sine
2781 5669 3036 5710 sermone
3090 5651 3378 5724 magniﬁco
3405 5659 3459 5708 et
3507 5650 3738 5707 auribus

599 5885 612 5905 .
721 5885 810 5905 υ..
844 5885 948 5902 μιαν
987 5885 1141 5900 νιν...
1179 5887 1190 5900 .

677 5885 795 5978 ἵιυιε
829 5885 1021 5977 Versius
1061 5885 1243 5974 ιιιυῖιίιι
1278 5911 1516 5971 Joannes
1561 5909 1756 5978 Georg.
1801 5905 1856 5961 in
1892 5899 2136 5960 Gnomol.
2174 5901 2236 5958 V.
2275 5900 2467 5958 aluccd.
2510 5898 2597 5956 Gr.
2633 5897 2952 5959 Boissonadi
2984 5896 3025 5965 Ι,
3062 5885 3148 5949 Μ.
