4164 6350
436 353 544 413 795

440 472 691 527 suaviter
738 478 795 527 et
848 467 1124 525 modulate
1175 467 1399 525 sonanti
1454 475 1771 524 sanctorum
1818 470 2034 526 inﬁnita

439 563 616 619 millia
641 562 994 627 celebrantur
1016 567 1071 617 et
1093 560 1557 626 celebrabuntur;
1587 576 1700 616 non
1724 562 1871 618 enim
1895 563 2033 622 behe

442 653 790 725 loquentium
832 661 888 708 et
912 652 1228 710 elocutione
1265 660 1485 723 compta
1516 651 2032 717 comtnendatorum

447 749 665 800 ﬁrmata
694 753 780 801 est
810 742 1109 815 gratia,sed
1143 754 1334 806 sancte
1360 755 1415 799 et
1440 745 1527 815 pie
1552 745 1874 800 viventium.

448 920 519 978 25
559 921 766 979 Donum
794 919 898 975 Deo
920 922 1175 989 optimum
1202 930 1326 974 sunt
1358 936 1549 975 mores.

390 1032 404 1074 ι
519 1014 657 1079 Cum
702 1014 926 1083 quidam
981 1029 1133 1075 more
1177 1020 1402 1068 utantur
1452 1016 1664 1084 impuro
1704 1022 1758 1070 et
1802 1014 2030 1082 lascivo,

451 1105 765 1176 diuitesque
791 1106 1158 1171 substantiam
1195 1106 1358 1176 hujus
1390 1106 1578 1161 tuundi
1620 1108 1799 1163 sortiti
1833 1126 1928 1179 per
1949 1109 2036 1163 hi-

452 1198 620 1263 larem
650 1198 923 1261 bonorum
958 1198 1311 1255 donationem
1355 1196 1445 1252 Dei
1480 1214 1705 1272 regnum
1744 1216 1924 1258 emere
1953 1216 2035 1256 ar-

450 1291 764 1355 bitrentur;
806 1291 874 1346 ad
905 1290 1049 1346 hanc
1086 1290 1328 1360 ipsorum
1371 1291 1757 1347 conﬁdentiam
1788 1293 2032 1347 divinum

450 1374 681 1439 verbum
725 1381 968 1451 exponit,
1009 1380 1213 1437 donum
1262 1396 1387 1437 esse
1441 1381 1549 1437 Deo
1599 1384 1889 1453 optimum,
1919 1399 2035 1455 gra-

452 1480 566 1528 tum
597 1481 654 1529 et
682 1472 1283 1544 acceptabile,_morem,
1325 1472 1377 1526 id
1417 1480 1526 1536 est,
1559 1474 1726 1528 animi
1757 1474 2036 1529 rectitudi-

417 1556 424 1565 ’
451 1581 576 1625 nem
616 1575 671 1622 et
699 1565 1050 1632 munditiam,
1096 1566 1191 1622 sed
1222 1581 1333 1622 non
1362 1566 1633 1623 bonorum
1670 1567 2034 1629 substantiam

450 1665 506 1713 et
528 1658 877 1715 terrestrium
901 1657 1455 1729 corruptibiliumque
1476 1658 1843 1714 collationem.
1863 1657 2036 1713 Parva

451 1750 598 1810 enim
630 1749 748 1805 haec
778 1759 835 1805 et
861 1737 1166 1819 Maiestatis
1198 1748 1412 1811 Excelsi
1445 1748 1691 1820 indigna,
1723 1750 1850 1817 quia
1880 1750 1925 1805 si
1951 1751 2034 1805 vel

451 1843 640 1901 omnia
672 1856 796 1912 que
839 1841 1013 1912 gignit
1050 1851 1218 1907 terra,
1256 1858 1319 1896 ex
1347 1841 1906 1913 hypothesi,Domino
1943 1845 2037 1899 ουτ

451 1931 693 1999 tuleris,
756 1930 894 1985 nihil
953 1932 1338 2002 magnitudine
1391 1932 1619 2002 dignum
1682 1932 2032 2000 porrexeris;

450 2027 652 2081 cuncta
683 2020 830 2075 enim
862 2020 1039 2090 ipsius
1066 2029 1196 2076 sunt
1219 2031 1273 2075 et
1299 2028 1561 2088 tanquam
1597 2018 1826 2077 nihilum
1849 2033 2031 2082 coram

451 2114 549 2169 illo
578 2112 860 2168 evidenter
880 2123 1273 2183 computantur
1302 2132 1314 2168 :
1341 2114 1494 2168 illum
1519 2127 1649 2183 ergo
1678 2110 1913 2166 fructum
1948 2111 2034 2167 al‘~
2078 2186 2081 2191 ι

451 2204 599 2260 ferre
624 2203 874 2275 dignum,
915 2220 1081 2276 quem
1114 2215 1168 2260 et
1203 2221 1408 2275 pauper
1454 2212 1507 2260 et
1555 2203 1688 2258 nihil
1722 2204 1935 2261 habens
1968 2204 2037 2259 de

451 2293 557 2348 hoc
589 2292 794 2349 mundo
838 2293 1045 2351 donare
1089 2304 1290 2366 potest,
1328 2294 1563 2355 scilicet,
1590 2293 1748 2347 [idem
1780 2311 1873 2364 per
1906 2293 2036 2350 cha-

450 2385 669 2441 ritatem
713 2394 981 2457 agentem,
1002 2403 1163 2457 quam
1187 2394 1239 2443 et
1268 2404 1298 2443 a
1335 2384 1599 2442 divitibus
1651 2381 1796 2440 Deus
1854 2383 2035 2440 offerri

449 2478 667 2548 quaerit.
695 2476 763 2531 Et
790 2477 922 2549 quid
959 2477 1234 2549 signiﬁcat
1264 2477 1398 2532 illud
1429 2495 1443 2533 :

448 2567 522 2623 26
558 2566 853 2623 Mercedem
884 2570 1172 2625 meretricis
1203 2577 1383 2622 castus
1407 2584 1509 2621 non
1534 2568 1760 2626 dividit?

522 2656 717 2714 Omnis
751 2659 935 2714 anima
964 2659 1200 2729 seipsutu
1233 2657 1451 2713 diabolo
1484 2667 1539 2714 et
1565 2659 1771 2713 mundo
1798 2673 1892 2729 per
1913 2672 2038 2712 car-

453 2749 606 2813 nales
642 2762 698 2804 et
739 2749 1037 2807 indomitas
1082 2751 1560 2819 concupiscentias
1603 2750 1826 2809 tradens
1866 2758 1921 2806 et
1971 2749 2039 2805 de

453 2838 809 2896 facultatibus
838 2856 959 2910 qua:
1003 2840 1059 2895 in
1096 2848 1369 2911 potestate
1400 2841 1521 2911 ejus
1554 2851 1685 2897 sunt
1721 2850 1876 2898 casto
1908 2840 2041 2897 οσο-

453 2946 582 2985 rens
616 2930 862 2996 Christo,
906 2931 1050 2986 dona
1095 2932 1507 3001 prostitutionis
1546 2934 1722 3004 ipsius
1755 2933 2039 2991 mercedes

456 3020 706 3090 porrigit,
737 3021 1238 3090 abominabiliaque
1270 3023 1518 3079 immolat
1557 3032 1612 3080 et
1648 3024 1759 3080 Deo
1787 3025 2035 3083 odibilia.

566 3197 615 3271 1_V
624 3197 717 3271 iliil
744 3215 974 3271 unquam
1010 3197 1136 3262 Deo,
1163 3216 1225 3256 tte
1254 3216 1473 3269 parvum
1505 3202 1715 3271 quidem
1744 3218 1927 3257 caveas
1948 3217 1969 3257 .°

457 3268 527 3323 50
566 3268 665 3323 Dei
693 3269 832 3323 enim
858 3278 934 3323 est
967 3268 1524 3339 antequam'accipiat.‘

532 3570 730 3628 Votum
767 3572 971 3631 dicitur
1025 3584 1079 3632 et
1125 3575 1343 3632 vovisse
1390 3590 1499 3631 non
1551 3578 1724 3631 solum
1766 3578 1942 3632 oratio
1991 3585 2047 3632 et

455 3680 637 3730 orare,
671 3667 769 3722 sed
810 3675 865 3723 et
896 3668 1222 3739 pollicitatio
1273 3677 1329 3722 et
1381 3669 1625 3739 polliceri
1674 3670 1879 3740 aliquid
1933 3670 2045 3727 Deo

454 3766 552 3811 aut
599 3757 832 3813 homini.
887 3760 965 3814 Ne
1006 3776 1138 3831 ergo
1172 3760 1301 3830 quid
1344 3759 1456 3815 Deo
1497 3761 1752 3815 daturum
1798 3770 1851 3817 te
1889 3763 2046 3833 polli-

458 3849 638 3904 ccaris
661 3849 853 3904 vilium
884 3861 939 3906 et
970 3852 1434 3922 corruptibilium,
1460 3854 1646 3924 qualia
1681 3862 1812 3909 sunt
1842 3863 2042 3910 cuncta

459 3938 518 3993 in
556 3947 741 4006 terra;
776 3940 891 3995 haec
919 3942 1064 3995 enim
1093 3943 1297 4007 omnia,
1340 3957 1462 4012 quas
1502 3951 1691 3997 nostra
1727 3943 1926 4000 habere
1958 3945 2044 3997 vi-

457 4029 675 4095 demur,
710 4034 1003 4100 antequam
1030 4032 1402 4101 suscipiamus
1428 4048 1529 4088 nos
1557 4034 1626 4088 ab
1655 4034 1777 4105 ipso
1807 4041 1902 4087 aut
1931 4034 2047 4106 ipse

459 4117 729 4190 suscipiat
765 4134 797 4174 a
839 4121 1022 4185 nobis,
1073 4121 1264 4176 eodem
1315 4121 1478 4177 modo
1510 4121 1606 4178 Dei
1654 4132 1805 4188 sunt,
1855 4132 2046 4194 utpote

458 4210 842 4265 universorum
885 4213 1190 4267 conditoris
1230 4221 1285 4269 et
1324 4213 1727 4285 gubernatoris.
1761 4215 1874 4271 Cur
1914 4232 2045 4286 ergo

456 4298 690 4355 Domino
743 4317 844 4358 sua
893 4302 1154 4359 daturum
1221 4315 1272 4361 te
1328 4307 1678 4377 polliceberis
1730 4322 1897 4379 Opera
1949 4317 2046 4363 aut

458 4391 641 4447 bona?
668 4393 733 4447 Et
767 4394 915 4464 quod
942 4397 1099 4466 pejus
1128 4409 1232 4463 εει,
1265 4406 1321 4453 et
1359 4414 1568 4454 vovens
1594 4415 1699 4454 non
1734 4400 2041 4463 reddidisti,

459 4483 832 4542 Ecclesiasten
886 4489 1088 4557 ;audire
1148 4492 1431 4563 negligens
1499 4492 1795 4558 dicentem,
1845 4494 2041 4551 melius

460 4577 636 4633 fuisse
674 4594 783 4633 non
818 4581 1038 4637 vovisse
1072 4600 1237 4653 quam
1282 4592 1570 4640 voventem
1611 4601 1722 4639 non
1774 4585 2040 4655 reddere;

458 4663 589 4732 quid
619 4679 749 4734 ergo
781 4666 917 4723 facis
957 4684 1162 4727 vovens
1211 4679 1265 4727 et
1304 4688 1414 4727 non
1453 4673 1726 4730 reddens?
1768 4685 1862 4731 aut
1891 4675 2043 4731 fura-

458 4753 538 4810 ris
575 4770 698 4825 qua:
732 4764 825 4810 tua
875 4766 1024 4823 sunt,
1079 4760 1126 4816 si
1167 4768 1349 4817 tamen
1396 4761 1712 4821 dederimus
1755 4767 1900 4836 quod
1948 4779 2041 4824 tua

458 4846 593 4913 sint,
622 4856 717 4902 aut
760 4851 1026 4922 sacrilege
1052 4854 1202 4923 rapis
1239 4870 1360 4924 qua:
1394 4865 1524 4910 sunt
1566 4855 1681 4924 Dei,
1713 4858 1857 4913 sicut
1890 4861 2041 4915 Ana-

460 4937 583 4992 nias
618 4952 893 5009 seponens
920 4948 974 4995 et
1007 4940 1298 5013 Sapphira,
1341 4954 1397 4999 et
1429 4948 1692 5003 mentitus
1723 4964 1832 5003 non
1867 4950 2044 5007 homi-

458 5027 667 5095 nibus,
714 5032 808 5085 sed
861 5030 1008 5087 Deo?
1057 5033 1122 5088 Et
1174 5034 1230 5089 in
1282 5036 1599 5107 loquendo,
1646 5053 1901 5097 sermone
1942 5058 2043 5098 suo

456 5120 694 5177 miratus
727 5130 813 5177 est
849 5120 1161 5197 Theologus
1189 5125 1356 5197 hujus
1387 5127 1554 5183 debiti
1576 5128 1964 5200 insipientiam.

532 5325 644 5399 (89)
685 5322 877 5399 Yeuet.
910 5328 1190 5399 σμικρῶν.

456 5394 847 5535 uener-
1126 5408 1182 5456 ει
1754 5420 1807 5457 τ.
1863 5419 1912 5456 σ.
1966 5401 2041 5475 μὴ

522 5481 584 5525 υς
652 5481 799 5525 (8101.

534 5533 932 5611 (εῌγΖοιιιιιτιε
968 5536 1061 5611 fol.
1099 5538 1156 5594 ll
1191 5556 1288 5611 v.7:
1313 5540 1388 5593 Τὸ
1414 5540 1519 5611 δὲ,
1543 5542 1756 5596 καινοῦ
1795 5541 2033 5611 χρέους,

461 5601 675 5683 οίῖμὲν.
701 5606 1169 5683 μετὰῌδιφθόγγου
1221 5610 1282 5683 τὸ
1321 5601 1534 5683 καινοῦ
1573 5601 1941 5683 Αέγραψάννοί
1978 5601 2036 5667 8t

462 5668 561 5752 διὰ
583 5670 678 5752 τοῦ
701 5668 739 5726 ”ε
777 5668 1094 5752 ψιλοῦξλκαῖ
1117 5681 1167 5752 οἱ
1197 5682 1296 5749 μὲν
1441 5680 1597 5748 ψιλοῦ
1629 5668 1899 5752 ἶιῖὶοῖῗσι-’ὶδ
1936 5684 2036 5752 ρη-

587 5736 896 5822 οὖῖωςίᾷτι
936 5748 1067 5822 ,Ἐὰν
1099 5736 1500 5822 οὐκ-,ἀποδίδαίς-
1530 5752 1608 5821 τῷ
1635 5752 1754 5822 Θεῷ
1786 5750 1844 5822 to
1870 5736 2037 5805 τοιοῦ-

463 5817 559 5859 τον
581 5808 735 5865 κενὸν
757 5814 847 5866 καὶ
880 5816 1109 5895 pirata!
1140 5819 1233 5872 καὶ
1261 5808 1749 5895 οὐδαμινὸνχρὲος’,
1784 5819 2034 5886 κλέπτεις

1820 356 2117 413 NICETAS
2160 355 2369 411 DAVID

3609 344 3709 401 796

2138 470 2430 542 εὐρύθμως
2464 467 2582 528 ταῖς
2614 465 2803 527 ἀκοαῖς
2834 461 3198 533 ὲνηχουμένου
3248 461 3413 534 χωρὶς
3450 462 3708 532 μυριάδςς

2136 563 2310 633 ἁγίων
2339 558 2705 631 ἀναρίθμητοι
2750 554 2993 625 ῦψωνται
3038 555 3135 609 καὶ
3172 554 3710 627 ὑψωθήσονταιο·καὶ

2137 654 2255 726 γὰρ
2269 653 2330 707 οὐ
2346 652 2454 707 τῶν
2482 649 2724 704 εὑλάλων
2743 649 2839 703 καὶ
2863 647 3220 717 εὐγλωττίαις
3237 647 3712 719 κεκομψευμέναις

2140 742 2496 815 κεχρημένων
2522 738 2860 809 καθέστηκεν
2885 739 2919 808 ἡ
2950 737 3133 810 χάρις,
3158 736 3425 805 ἀλλά-τῷν
3451 737 3710 810 ἁγιοπρε-

2143 834 2262 899 πῶς
2295 833 2391 889 καὶ
2416 832 2578 895 ὁσίως
2600 829 3058 901 πολιτευομένων.
3490 862 3493 863 ν

2148 922 2212 982 25
2248 922 2444 992 Δῶρον
2474 920 2597 987 Θεῷ
2629 920 2969 977 κάλλιστόν
2989 920 3164 977 ἐστιν
3192 922 3227 976 ό
3250 922 3485 989 τρόπος.

2217 1013 2433 1086 Ἐπειδή
2478 1030 2621 1078 τινες
2650 1013 2748 1085 βίῳ
2789 1014 2890 1086 μὲν
2918 1014 3138 1083 ἀνάγνῳ
3164 1012 3402 1085 χρῶνται
3430 1011 3524 1066 καὶ
3553 1012 3711 1071 ἀσελ-

2136 1106 2243 1173 γεῖ,
2317 1106 2564 1160 πλούσιοι
2606 1106 2663 1160 δὲ
2693 1100 2793 1176 τὴν
2827 1104 3062 1177 ὓπαρξιν
3087 1102 3464 1175 τυγχάνοντες,
3489 1102 3579 1157 διὰ
3613 1103 3714 1173 τῆς

2134 1197 2331 1267 ἱλαρᾶς
2358 1195 2465 1251 τῶν
2495 1195 2798 1269 χρημάτων
2827 1195 3124 1259 ὲπιδόσεως
3154 1193 3252 1265 τὴν
3274 1193 3366 1248 τοῦ
3395 1192 3531 1248 Θεοῦ
3564 1192 3714 1264 βασι-

2137 1285 2286 1347 λείαν
2318 1287 2685 1357 ὑπειλήφασιν
2721 1285 3004 1341 ὠνεῖσθαι·
3036 1284 3171 1357 πρὸς
3189 1284 3397 1356 ταύτην
3422 1283 3603 1341 αὐτῶν
3617 1283 3721 1354 τὴν,

2138 1377 2406 1448 ὑπόληψιν
2431 1380 2459 1432 ό
2486 1378 2631 1450 ἱερὸς
2656 1378 2814 1446 λόγος
2840 1377 3221 1447 ἀποφαίνεται,
3243 1375 3414 1447 δῶρον
3433 1370 3573 1429 εἶναι
3596 1374 3716 1446 Θεῷ

2138 1468 2422 1523 κάλλιστον
2446 1469 2542 1522 κα)⁵
2571 1468 2867 1541 εὐάρεστον
2903 1467 2999 1522 καὶ
3033 1466 3221 1520 δεκτὸν
3241 1466 3333 1519 τὸν
3347 1467 3571 1537 τρόπον.
3595 1465 3716 1536 ἦτοι

2136 1558 2234 1613 τοῦ
2274 1558 2367 1614 νοῦ
2399 1557 2509 1637 τὴν,
2532 1558 2812 1630 εὐθύτητα
2842 1559 2936 1612 καὶ
2965 1558 3339 1629 καθαρότητα,
3367 1556 3483 1611 ἀλλ’
3515 1557 3577 1609 οὐ
3606 1556 3717 1608 τῶν

2137 1651 2438 1724 χρημάτων
2468 1651 2576 1723 τὴνΔ
2598 1651 2916 1721 περιουσίαν
2949 1650 3045 1704 καὶ
3085 1648 3193 1709 τῶν
3217 1647 3434 1720 γεηρῶν
3464 1647 3565 1718 τὴν
3597 1646 3716 1699 επί-

2138 1745 2285 1798 δοσιν
2317 1744 2412 1798 καὶ
2462 1742 2719 1815 φθαρτῶν
2741 1761 2752 1774 ·
2789 1741 2965 1814 μικρὰ
3005 1741 3116 1813 γὰρ
3144 1739 3321 1795 ταῦτα
3359 1738 3453 1793 καὶ
3485 1738 3588 1809 τῆς
3619 1739 3726 1805 τοῦ,

2151 1832 2408 1902 Ὑψίστου
2435 1830 2858 1903 μεγαλειότητος
2884 1827 3083 1895 ἀνάξια
3103 1845 3129 1872 ἰ
3149 1827 3350 1893 sum
3374 1827 3422 1880 εί
3448 1826 3627 1881 πάντα
3648 1823 3717 1878 τά

2139 1924 2248 1978 ἀπὸ
2293 1926 2396 1996 γῆς
2428 1923 2488 1990 ἐξ
2520 1922 2832 1987 ὑποθέσεως
2875 1921 2953 1994 τῷ
3000 1920 3188 1992 Κυρίῳ
3217 1917 3535 1992 προσάξαις,
3564 1916 3716 1971 οὐδὲν

2138 2018 2237 2088 τῆς
2279 2014 2758 2088 μεγαλοπρεπείας
2796 2014 2872 2076 ὡς
2897 2012 3049 2081 ἀξιον
3085 2011 3370 2075 εἰσοίσεις·
3401 2012 3583 2066 πάντα
3608 2009 3715 2079 γὰρ

2136 2107 2302 2161 αὑτοῦ
2337 2108 2476 2170 ἐστι,
2513 2109 2608 2162 καὶ
2654 2108 2734 2171 είς
2764 2106 2918 2159 οὐδὲν
2950 2104 3100 2177 αὐτῷ
3137 2104 3447 2173 λογίζονται
3491 2101 3715 2174 δηλαδήρ

2136 2197 2307 2252 Τοῦτο
2337 2193 2431 2251 οῦν
2464 2196 2613 2265 ἄξιον
2644 2201 3042 2270 καρποφορεῖν,
3066 2197 3096 2251 δ
3134 2197 3231 2250 καὶ
3265 2195 3435 2267 πένης
3479 2196 3510 2248 ὁ
3551 2193 3734 2266 μηδὲν.

2138 2289 2248 2343 τῶν
2284 2290 2392 2344 ἀπὸ
2432 2293 2535 2362 γῆς
2575 2289 2715 2361 έχων
2763 2289 2987 2344 δύναται
3027 2289 3261 2344 διδόναι·
3303 2288 3463 2342 τοῦτο
3500 2286 3559 2341 δέ
3602 2288 3719 2341 ἐστι

2138 2381 2324 2446 πίστις
2366 2382 2736 2454 ἐνεργουμένη
2783 2382 2851 2435 δι’
2890 2381 3137 2453 ἀγάπηςι
3159 2381 3189 2434 δ
3221 2381 3285 2452 δὴ
3310 2381 3403 2435 καὶ
3433 2378 3586 2450 παρά
3610 2377 3733 2435 τῶν.

2137 2471 2405 2524 πλουσίων
2432 2474 2459 2525 ὀ
2486 2471 2618 2534 Θεὸς
2648 2470 3055 2544 προσφέρεσθαι
3084 2469 3267 2543 ζητεῖ.
3300 2467 3365 2522 Τί
3392 2469 3453 2522 δέ
3496 2469 3615 2523 ἐστι
3636 2466 3717 2535 τὸ,

2136 2560 2208 2625 26
2245 2562 2535 2630 Μίσθωμα
2561 2561 2791 2629 πόρνης
2816 2558 3001 2631 ἁγνὸς
3028 2563 3100 2616 οὐ
3128 2559 3419 2632 μερίζεται
3433 2575 3455 2624 ;

2212 2653 2368 2706 Πᾶσα
2389 2652 2534 2724 ψυχὴ
2564 2653 2761 2723 ἑαυτὴν
2792 2653 2890 2724 μὲν
2918 2652 2996 2724 τῷ
3031 2634 3264 2723 διαὸόλιρ
3303 2653 3397 2707 καὶ
3423 2650 3503 2724 τῷ
3531 2650 3722 2723 κόσμῳ

2139 2744 2229 2798 διὰ
2259 2745 2359 2817 τῆς
2412 2744 2690 2815 σαρκικῆς
2738 2745 3038 2817 ἐπιθυμίας
3072 2745 3169 2801 καὶ
3209 2744 3483 2818 ἀκρατοῦς
3522 2744 3719 2798 ἀποδο-

2143 2839 2316 2910 μένη,
2362 2839 2427 2891 ἐκ
2457 2837 2564 2891 τῶν
2611 2837 3052 2909 προστιθεμένων
3083 2839 3140 2893 δὲ
3198 2837 3372 2912 ταύτῃ
3411 2854 3723 2910 περιουσιαι-

2141 2926 2294 2998 σμῶν
2308 2925 2385 2997 τῷ
2407 2925 2556 2997 ἁγνῷ
2576 2927 2960 2998 προσφέρουσα
2978 2927 3224 2999 Χριστῷ,
3251 2927 3320 2981 τὰ
3339 2929 3436 2999 τῆς
3466 2926 3722 2998 πορνείας

2140 3019 2311 3089 αὐτῆς
2347 3016 2677 3090 μισθώματα
2723 3018 3134 3092 δωροφοροῦσα,
3178 3020 3442 3091 βδελυκτά
3476 3019 3739 3085 θυσιάζει-

2142 3112 2236 3166 καὶ
2262 3110 2555 3181 θεοπυγῆ.

2140 3202 2212 3257 29
2249 3200 2460 3269 Μηδέν
2485 3203 2615 3255 ποτ’
2636 3201 2777 3270 εὔξῃ
2808 3199 2963 3270 μηδὲ
2988 3199 3109 3254 τῶν
3132 3200 3366 3271 μικρῶν
3395 3201 3506 3271 (89)
3534 3201 3682 3268 Θεῷ·

2142 3273 2212 3327 50
2250 3267 2397 3327 Θεοῦ
2419 3271 2528 3341 γάρ
2556 3273 2688 3343 ἐστι
2716 3267 2860 3340 πρίν
2887 3267 3225 3343 λαβεῑνξτί
3239 3267 3363 3343 ὀὖν
3389 3267 3545 3342 λέγω
3567 3267 3680 3343 (90)
3708 3290 3737 3341 ;_

2142 3344 2204 3398 '51
2266 3338 2554 3408 κλέπτεις
2616 3342 2690 3396 τὰ
2757 3338 2993 3400 ’σαυτοῦ
3050 3338 3138 3409 μὴ
3198 3340 3403 3406 διδούς
3424 3357 3439 3371 ·
3471 3338 3481 3342 ⁷
3514 3338 3726 3399 καινὸῦ

2145 3483 2212 3519 ,ἦ
2263 3483 2276 3503 ’
3197 3411 3445 3535 ίΕχρέους
3475 3411 3589 3483 (91)

2144 3502 2214 3537 ο..
2270 3483 2530 3549 Αναι·ίας
2560 3496 2635 3536 σε
2660 3481 2905 3537 πειθέτω
2930 3483 3196 3552 Σάπφειρ
3264 3498 3346 3536 τε.

2211 3595 2378 3664 Εὐχὴ
2413 3595 2629 3666 λέγεται
2681 3582 2777 3649 καὶ
2807 3594 3101 3659 εὔξασθαι
3150 3596 3214 3648 οὐ
3257 3596 3418 3666 μόνον
3463 3599 3498 3668 ή
3541 3597 3726 3669 δέησις

2145 3685 2241 3739 καὶ
2271 3688 2330 3740 τὸ
2358 3686 2637 3757 δεηθῆναι,
2669 3685 2806 3739 ἀλλὰ
2840 3686 2935 3739 καὶ
2972 3687 3006 3757 ἡ
3052 3687 3349 3757 ὑπόσχεσις
3376 3690 3473 3742 καὶ
3498 3689 3559 3742 τὺ
3590 3690 3726 3743 ὑπο-

2147 3776 2371 3845 σχέσθαι
2403 3794 2455 3829 τι
2482 3775 2593 3848 (9ἳ)
2629 3776 2749 3848 Θεῷ
2778 3776 2811 3849 ἢ
2840 3776 3134 3849 ἀνθρώπῳ.
3160 3778 3345 3849 Μηδὲν
3375 3775 3469 3834 οὖν
3496 3780 3575 3852 τῷ
3605 3781 3728 3853 Θεῷ

2143 3866 2336 3921 δώσειν
2372 3867 2637 3938 ὑπισχνοῦ
2685 3868 2822 3939 μηδὲ
2867 3868 2978 3922 τῶν
3027 3869 3241 3941 μικρῶν
3290 3877 3387 3925 καὶ
3442 3873 3734 3945 φθαρτῶνλ

2143 3960 2303 4012 ὁποῖα
2339 3959 2519 4013 πάντα
2564 3959 2680 4012 ἐστὶ
2714 3959 2784 4013 τὰ
2812 3958 2921 4013 ἀπὸ
2954 3959 3057 4031 γῆς
3078 3975 3092 3989 ·
3141 3960 3317 4015 ταῦτα
3358 3963 3472 4034 γὰρ
3523 3967 3725 4032 πάντα,

2144 4047 2244 4100 ὅσα
2284 4049 2527 4120 ἡμέτερα
2564 4048 2831 4119 δοκοῦμεν
2870 4049 3051 4119 ἔχειν,
3083 4049 3216 4120 πρὶν
3265 4051 3298 4123 ἦ
3342 4055 3493 4123 ἡμᾶς
3540 4054 3727 4110 λαϐεῖν

2145 4141 2276 4210 παρ’
2322 4139 2509 4205 αὑτοῦ,
2552 4139 2585 4211 ἢ
2633 4142 2839 4195 ἐκεῖνον
2881 4143 3012 4212 παρ’
3055 4142 3234 4214 ἡμῶν,
3276 4126 3728 4218 ὁμολογουμένως

2146 4225 2381 4298 ὑπάρχει
2413 4227 2507 4280 τοῦ
2536 4226 2692 4294 Θεοῦ,
2740 4229 2816 4293 ὡς
2847 4229 2957 4284 τῶν
2989 4230 3127 4285 ὅλων
3150 4231 3490 4305 δημιουργοῦ
3515 4237 3609 4290 καὶ
3634 4253 3728 4308 χο-

2146 4318 2339 4391 ρηγοῦ.
2393 4320 2459 4373 Τί
2488 4316 2581 4375 οὖν
2620 4319 2934 4393 ἐπαγγέλλῃ
2982 4324 3174 4395 Κυρίῳ
3205 4323 3389 4378 δοῦναι
3436 4325 3506 4379 τά
3558 4326 3727 4381 αὐτοῦ

2145 4412 2423 4483 κτίσματα
2450 4413 2483 4485 ἢ
2531 4414 2820 4484 κτήματα;
2858 4413 2953 4467 καὶ
2993 4415 3054 4467 τὸ
3090 4417 3293 4487 χεῖρον.
3327 4415 3411 4469 ὅτι
3441 4419 3539 4470 καὶ
3566 4418 3727 4489 εὐχό-

2150 4520 2309 4573 μενος
2332 4504 2431 4557 οὑκ
2454 4503 2742 4568 ἀποδίδως,
2775 4504 3117 4578 παρακούωνη
3128 4505 3223 4559 τοῦ
3262 4506 3723 4578 Ἐκκλησιαστοῦ,

2148 4593 2350 4662 ἀγαθὸν
2387 4593 2449 4647 τὸ
2485 4595 2560 4667 μὴ
2588 4593 2868 4661 εὔξασθαι,
2898 4591 3167 4663 λέγοντος,
3192 4594 3225 4667 ἢ
3251 4596 3314 4649 τὸ
3337 4595 3602 4662 εὔξασθαι
3630 4601 3727 4653 καὶ

2151 4687 2228 4760 μὴ
2262 4687 2572 4742 ἀποδοῦναι.
2603 4687 2667 4740 Τί
2689 4682 2782 4741 οῦν
2813 4687 2946 4758 δρᾷς
2978 4686 3269 4758 εὐχόμενος
3299 4689 3395 4742 καὶ
3427 4689 3503 4762 μὴ
3532 4691 3728 4744 ἀποδι-

2147 4780 2291 4844 δοὺς,
2323 4781 2356 4851 ἢ
2389 4780 2636 4844 κλέπτεις
2663 4780 2732 4833 τὰ
2771 4779 2994 4846 σαυτοῦ,
3037 4779 3092 4833 εί
3129 4796 3193 4850 γε
3221 4781 3448 4854 δοίημεν
3492 4779 3632 4838 εἶναι
3657 4784 3739 4839 σὰ

2147 4869 2342 4936 ταῦτα,
2380 4871 2413 4942 ἢ
2460 4869 2755 4942 ἱεροσυλεῖς
2797 4871 2868 4924 τά
2894 4869 2989 4926 τοῦ
3032 4870 3192 4936 Θεοῦ,
3246 4874 3434 4939 καθὼς
3478 4876 3730 4943 Ἀνανίας

2143 4959 2532 5030 νοσφιζόμενος
2560 4960 2656 5014 καὶ
2687 4960 2996 5034 Σάπφειρα,
3026 4962 3120 5016 καὶ
3138 4961 3473 5036 ψευδόμενος
3500 4966 3601 5019 οὐκ
3629 4967 3727 5020 ἀν-

2146 5046 2385 5119 θρώποις
2407 5050 2545 5104 ἀλλὰ
2566 5050 2644 5121 τῷ
2671 5049 2824 5121 Θεῷ;
2867 5051 3070 5123 μεταξὺ
3094 5052 3153 5106 δὲ
3194 5054 3291 5108 τοῦ
3343 5055 3504 5125 λόγου
3536 5059 3602 5111 τὸ
3630 5056 3728 5122 τοῦ

2143 5138 2340 5208 χρέους
2369 5141 2397 5191 ό
2424 5138 2579 5207 λόγος
2602 5139 2940 5212 ὲξεθαύμασε
2977 5141 3303 5214 παράδοξον.

2150 5336 2213 5421 τό
2243 5337 2371 5390 ίδιον
2482 5339 2774 5421 ἱεροσυλεῖς
2794 5340 2870 5421 τὰ.
2890 5340 2985 5421 τοῦ
3015 5338 3150 5421 Θερῦ
3171 5353 3187 5369 ⁶
3219 5338 3399 5421 πάντα
3435 5335 3547 5417 γὰρ
3571 5338 3724 5421 οὐδέν

2148 5407 2261 5480 είσι
2297 5406 2448 5480 παρᾲ
2487 5406 2565 5478 τῷ
2595 5409 2733 5479 Θεῷ,
2786 5411 2880 5463 καὶ
2911 5411 2979 5465 τά
3031 5410 3265 5480 μέγιστα
3318 5406 3579 5480 δοκοῦντα
3610 5412 3726 5480 τοῖς

2148 5477 2390 5551 πολλοῖς,
2415 5477 2549 5551 ὅπου
2586 5477 2949 5551 γεκαὶ-πᾶσα
2984 5477 3299 5551 δικαιοσύνη
3326 5477 3617 5551 ἀνθρώπου
3646 5479 3727 5551 ᾡς

2146 5547 2313 5617 ῥάκος
2343 5546 2765 5627 ὑποκαθημένης
2783 5547 2897 5601 ἐστὶ
2918 5547 3236 5621 παράὑτῷ,
3269 5546 3415 5604 κατὰ
3436 5546 3549 5602 ’τὸν
3584 5546 3729 5627 ἠ

2140 5632 2296 5681 τερον
2331 5618 2513 5702 σοφόν.
2555 5618 2589 5707 τ’
2725 5618 2733 5620 ἡ
3188 5618 3199 5621 ’

2209 5686 2319 5757 (9‘2)
2354 5687 2491 5742 (κού.
2547 5687 2878 5761 υποσχέσθαί
2915 5705 2988 5755 τι,
3043 5701 3101 5747 et
3150 5708 3200 5749 ν.
3248 5690 3317 5747 Η
3350 5689 3531 5744 πάντα
3576 5688 3728 5744 ἐστί.
