4164 6350
421 346 518 402 79‘:

419 471 489 523 55
526 470 870 541 Πανήγυριν
899 468 1094 539 νόμιζε
1127 470 1299 524 τόνδε
1337 473 1444 525 τὸν
1467 474 1612 537 ,ϐίον
1648 475 1782 544 (95).

488 564 616 616 Νόει
682 581 807 634 μοι,
864 556 911 615 ὦ
965 556 1120 627 οὗτος
1168 564 1238 635 (ή
1292 563 1557 635 θεηγόρος
1611 583 1695 619 σοι
1750 567 1996 633 θεσπίζει

416 655 678 726 γλῶσσα),
694 655 882 726 ὥσπερ
905 654 961 708 έν
982 673 1090 708 τινι
1119 655 1425 727 πανηγύρει
1452 657 1586 727 τῷδε
1603 657 1681 728 τῷ
1713 658 1812 730 βίῳ
1833 664 1999 714 ποιεῖ-

418 745 544 801 σθαι
576 744 673 816 τὴν
719 745 1089 815 ἀναστροφήν.
1145 744 1272 797 Ἐὰν
1316 746 1413 815 μὲν
1443 741 1537 799 οὖν
1562 747 1711 819 εἰδῇς
1738 765 1999 820 πραγμα-

415 834 732 899 τεύσασθαι,
786 835 975 906 κέρδος
1034 835 1284 889 ἐντεῦθεν
1322 836 1417 889 καὶ
1447 836 1678 903 πλοῦτός
1711 856 1794 892 σοι
1830 857 1999 910 προσ-

417 927 570 981 έσται
593 940 606 953 ⁸
638 925 946 980 τούναντίον
994 926 1069 990 δὲ,
1113 926 1299 990 κακῶς
1336 929 1575 999 μετιόντι
1607 931 1704 999 τὴν
1750 934 1997 1003 πανήγυ-

420 1035 535 1089 ριν,
591 1016 765 1089 ζημία
808 1018 903 1087 καὶ
953 1018 1217 1088 πτωχεία.
1273 1019 1401 1083 Πῶς
1457 1016 1553 1074 οὖν
1597 1022 1996 1094 πραγματεύσῃ

420 1110 603 1173 καλῶς
624 1128 636 1174 ;
658 1112 832 1182 Εἴπερ
858 1110 922 1178 δὴ
957 1109 1024 1163 τά
1049 1110 1262 1180 μεγάλα
1288 1112 1379 1165 καὶ
1400 1112 1631 1183 οὐράνια
1656 1114 1765 1166 τῶν
1785 1114 1997 1185 μικρῶν

421 1205 515 1259 καὶ
559 1204 762 1274 γηΐνων
796 1202 1125 1275 ἀνταλλὰξῃ,
1162 1204 1256 1257 καὶ
1287 1204 1358 1258 τὰ
1400 1204 1620 1277 φθαρτὰ
1654 1207 1795 1261 κατά
1836 1207 1997 1276 φύσιν

420 1295 516 1350 καὶ
552 1294 744 1366 ῥέοντα
792 1294 1097 1365 προέμενος
1125 1296 1194 1348 τά
1232 1296 1513 1367 appetich
1546 1299 1869 1370 κατακτήσῃ
1903 1299 1998 1351 καὶ

417 1386 585 1441 ἀΐδια.
625 1386 767 1437 Ὅσα
809 1384 919 1455 γὰρ
964 1386 1099 1456 πρὸς
1144 1386 1357 1457 ἡδονὴν,
1394 1388 1489 1440 καὶ
1521 1388 1751 1459 τρυφὴν,
1785 1390 1878 1443 καὶ
1906 1390 1996 1442 θε-

423 1473 651 1547 ραπείαν
686 1476 1022 1546 πρόσκαιρον
1068 1474 1320 1546 σώματος
1354 1481 1468 1541 τοῖς
1498 1478 1573 1547 τά-
1598 1479 1817 1549 ἐπίγεια
1862 1497 1997 1551 φροτ

419 1568 568 1619 νοῦσι
602 1566 987 1631 σπουδάζεται,
1026 1569 1274 1639 παριείς·
1310 1571 1412 1623 ὅσα
1444 1569 1501 1622 δὲ
1535 1571 1880 1640 πνευματικά
1904 1570 1998 1629 καὶ

417 1658 536 1728 Θεῷ
564 1660 715 1728 φίλα,
750 1659 849 1711 ὅσα
886 1658 1049 1726 ἁγνὰ,
1089 1659 1189 1712 ὅσα
1217 1658 1463 1731 εὑφημα,
1505 1661 1559 1713 εῐ
1582 1678 1667 1725 τις
1699 1662 1868 1732 ἀρετὴ
1901 1663 1999 1716 καὶ

419 1750 472 1804 ετ
498 1768 581 1813 τις
614 1748 859 1814 ἔπαινος,
906 1747 1080 1804 ταῦτα
1105 1752 1267 1805 παντὶ
1297 1751 1472 1805 σθένει
1502 1753 1595 1805 καὶ¹
1622 1751 1772 1825 πάσῃ
1809 1769 1998 1825 κατερ-

419 1841 723 1911 γαζόμενος
778 1843 1020 1913 μηχανῇ,
1047 1842 1311 1896 κάλλιστα
1357 1844 1763 1915 πραγματεύσῃ
1806 1844 1902 1899 καὶ
1930 1846 2001 1898 τά

420 1932 655 2003 μέγιστα
697 1933 978 2004 κερδανεῖς
1004 1951 1017 1965 ο
1052 1934 1162 1989 τῶν
1188 1936 1482 2007 ἀκηράτων
1513 1937 1568 1989 δὲ
1596 1938 1689 1989 καὶ
1720 1939 1842 1990 κατ’
1868 1939 2000 2009 ἀρε-

416 2024 513 2096 τὴν
554 2025 807 2096 πράξεων
845 2027 1182 2098 παραμελῶν
1236 2028 1329 2082 καὶ
1375 2028 1754 2101 ὑπερφρονῶν,
1809 2030 1904 2083 καὶ
1941 2030 2003 2082 τὸ

416 2118 537 2171 ὅλον
572 2117 943 2190 θησαυρίζων,
1000 2118 1353 2190 θησαυρίζεις
1397 2122 1465 2175 τά
1515 2120 1864 2191 ἀπολλύμενα
1910 2123 2003 2174 ἐπὶ

416 2207 516 2277 τῆς
565 2207 691 2279 γῆς,
731 2207 887 2279 δῆλον
920 2208 1001 2260 ὄτι
1041 2208 1368 2282 ζημιωθήσῃ
1401 2210 1499 2282 τὴν
1545 2213 1659 2274 τοῖς
1695 2211 2003 2274 σπουδαίοις

418 2299 790 2369 ἀποκειμένην
830 2296 1125 2371 σωτηρίαν.
1169 2301 1404 2372 Τοιαύτη
1433 2304 1587 2375 μὲνὴ
1623 2302 1717 2357 τοῦ
1758 2303 1875 2374 βίου
1900 2323 2004 2358 πα-

418 2388 671 2458 νήγυρις,
714 2389 808 2442 καὶ
836 2389 928 2442 τὸν
956 2391 1248 2462 εἰρημένον
1275 2392 1477 2462 τρόπον
1500 2394 1798 2464 ἐπικερδής
1823 2412 1879 2447 τε
1909 2395 2003 2448 καὶ

421 2478 711 2549 ἐπιζήμιος
742 2478 1100 2533 καθίσταται’
1136 2480 1343 2552 ταύτης
1370 2481 1426 2533 δὲ
1464 2481 1867 2554 παρελθούσης,
1900 2482 2000 2538 ἀλ-

418 2571 507 2635 λος
534 2572 633 2623 οὑκ
658 2572 725 2624 ἂν
752 2572 1003 2643 εὑρεθείη
1035 2574 1423 2644 πραγματείας
1450 2576 1662 2647 καιρός.

420 2664 485 2729 ἓἸ
520 2663 718 2729 Πολὺς
739 2664 855 2732 μέν
884 2665 1055 2718 ἐστιν
1087 2669 1119 2719 ό
1157 2667 1545 2734 προκείμενος
1569 2666 1811 2736 δρόμος.

502 2755 589 2817 Ὡς
622 2754 683 2819 ἐξ
719 2754 1045 2819 ἀντιθέσεως
1068 2757 1167 2827 τῆς
1201 2757 1502 2828 εἰρημένης
1532 2758 1757 2829 γνώμης
1798 2758 2003 2829 ταύτην

418 2845 732 2902 ἀκουστέον.
776 2846 914 2899 Ἀλλ’
951 2848 1129 2917 ἐρεῖς,
1166 2848 1329 2918 φησὶν
1351 2890 1365 2913 ,
1410 2849 1485 2911 ὼς
1519 2849 1685 2912 πολὺς
1727 2851 1754 2901 ὁ
1782 2849 2000 2921 δρόμος,

416 2937 445 2989 ό
481 2937 672 3008 χρόνος
703 2938 913 3009 μακρὸς
943 2939 1037 2994 καὶ
1078 2940 1107 2991 ὁ
1141 2939 1282 3010 ὑπὲρ
1318 2939 1419 3008 τῆς
1449 2940 1651 3011 ἀρετῆς
1695 2942 1855 3003 πόνος
1908 2940 2004 2993 καὶ

418 3031 583 3092 κόπος
615 3029 849 3100 σκληρὸς
878 3032 974 3084 καὶ
1004 3029 1173 3101 βαρύς
1195 3048 1207 3059 ·
1241 3032 1332 3082 καὶ
1354 3032 1437 3094 τίς
1464 3032 1676 3085 ὑποίσει
1701 3033 1790 3085 τὸν
1819 3033 2004 3101 ἀγῶνα

417 3121 841 3191 διαγωνίσασθαι
870 3124 950 3186 εἰς
975 3122 1156 3187 τέλος;
1190 3122 1325 3176 ἀλλά
1362 3124 1436 3195 μὴ
1473 3126 1610 3197 πρὸς
1654 3126 1745 3179 τὸν
1780 3127 2001 3191 σκοπὸν,

418 3214 554 3285 πρὸς
582 3214 641 3267 δὲ
687 3216 787 3287 τὴν
834 3214 943 3269 τῶν
992 3216 1167 3269 πόνων
1197 3218 1378 3289 ἀφόρα
1409 3219 1834 3288 μισθαποδοσίαν
1856 3236 1870 3250 υ
1909 3219 2002 3272 καὶ

416 3306 523 3376 γὰρ
546 3304 682 3359 πολὺ
715 3305 913 3359 πλείων
942 3307 1088 3366 ἐστὶν
1122 3309 1150 3360 ὀ
1181 3308 1392 3377 μισθὸς,
1418 3309 1477 3361 οὑ
1507 3310 1804 3365 διπλασίων
1828 3312 1859 3380 ἢ
1884 3330 2003 3383 τρι·-

420 3396 682 3457 πλασίων,
706 3396 1148 3466 ἀπειροπλασίων
1176 3398 1252 3461 δὲ,
1289 3398 1411 3452 καθ’
1434 3400 1556 3453 ὅσον
1585 3401 1678 3452 καὶ
1703 3401 1764 3454 τὸ
1792 3402 1999 3468 ἀϊδίως,

418 3488 595 3540 εἰτουν
630 3487 741 3559 (94)
788 3489 1022 3551 αἰωνίως
1050 3528 1071 3557 ,ί
1106 3488 1286 3558 μένειν
1328 3492 1386 3542 ἐν
1434 3490 1511 3559 τῷ
1561 3492 1751 3562 ἀγαθῷ
1796 3492 1891 3545 τοῦ
1945 3495 2003 3546 ἐν

421 3580 614 3651 βραχεί
637 3579 1030 3651 περαινομένου
1062 3581 1236 3651 χρόνῳ
1261 3580 1526 3652 λυπηροῦ.
1554 3584 1624 3635 Σὺ
1646 3580 1736 3636 οῦν
1770 3584 1843 3656 μὴ
1868 3585 2004 3657 πρὸς

416 3670 479 3723 τὸ
525 3672 634 3723 πᾶν
681 3670 798 3740 ἅμα
842 3670 934 3723 τοῦ
988 3672 1181 3743 χρόνου
1217 3671 1317 3741 τῆς
1367 3674 1763 3743 ἐνεργουμένης
1802 3676 2004 3748 ἀρετῆς

419 3759 697 3823 ἐνωδύνως
726 3760 944 3832 ἀφορῶν
971 3802 985 3825 ,
1029 3761 1122 3813 καὶ
1159 3760 1235 3831 τῷ
1289 3762 1397 3813 δέει
1432 3762 1821 3828 ἀποκναισθεὶς
1846 3805 1860 3829 ,
1910 3766 2005 3819 καὶ

418 3850 721 3915 ὼκλακὼς,
754 3852 1012 3922 ἁποπήδα
1057 3852 1151 3905 τοῦ
1191 3852 1401 3921 ἀγῶνος
1427 3870 1440 3882 ο
1481 3854 1601 3907 οὑδὲ
1650 3855 1757 3926 γὰρ
1792 3857 1904 3926 (95)
1953 3859 2002 3910 οἱ

417 3944 516 4015 τὴν
544 3944 818 3998 θάλασσαν
855 3944 1107 4007 πλέοντες
1127 3987 1140 4010 ,
1176 3945 1296 3997 ὅλον
1331 3944 1445 4016 ἅμα
1474 3946 1533 3998 τὸ
1568 3945 1801 4015 πέλαγος
1836 3947 2005 4018 ὀρῶν-

418 4051 545 4097 τες,
582 4035 675 4087 καὶ
721 4034 1046 4098 ναυτιῶντες
1069 4076 1083 4100 ,
1108 4034 1270 4098 εὐθὺς
1306 4036 1622 4089 ἀναδύονται
1675 4037 1767 4089 τὸν
1802 4037 1966 4091 πλοῦν
1987 4055 2000 4067 ·

418 4124 531 4177 ἀλλ’
552 4126 767 4198 ἡμέραν
798 4126 856 4189 ἐξ
890 4125 1101 4196 ἡμέρας
1135 4126 1194 4178 τὸ
1228 4128 1327 4197 τῆς
1352 4126 1713 4199 ποντοπορίας
1742 4126 2003 4181 κλέπτον-

416 4235 508 4280 τες
544 4218 836 4290 διάστημα,
864 4222 985 4282 ταῖς
1022 4218 1161 4271 κατά
1206 4219 1398 4291 μικρὸν
1440 4220 1773 4289 μεταόἀσεσι
1804 4220 2004 4275 λανθα-

419 4311 615 4385 νόντως
659 4312 749 4364 τὸν
784 4310 1144 4381 προκείμενον
1189 4311 1372 4373 αὑτοῖς
1417 4311 1537 4364 ὅλον
1588 4312 1800 4366 δίαυλον
1841 4315 2005 4368 ἐκπε-

423 4402 722 4473 ραιοῦνται.
758 4403 867 4455 Καὶ
915 4402 1023 4473 γάρ
1070 4402 1164 4454 καὶ
1195 4399 1353 4453 τοῦτο
1406 4402 1573 4474 πεῖρά
1620 4405 1705 4468 τίς
1749 4407 1865 4458 ἐστι
1907 4405 2002 4458 τοῦ

432 4493 658 4564 Ἐχθροῦ
688 4494 783 4547 καὶ
809 4496 1198 4566 κακομήχανος
1238 4492 1500 4565 ἐπιϐουλὴ
1530 4536 1543 4557 ,
1576 4496 1634 4549 ἐν
1672 4497 1868 4566 ἀρχαῖς
1908 4495 2002 4549 τοῦ

1372 356 1437 411 ΙΝ
1474 355 1780 413 CARMINA
1822 357 2105 415 ARCANA
2139 360 2197 415 S.
2238 358 2583 415 GREGORII.

3579 354 3677 414 793

2101 478 2171 533 55
2212 476 2495 530 Nundinas
2523 494 2634 531 esse
2669 476 2802 530 hanc
2848 479 3008 530 vitam
3039 478 3305 530 existima.

2169 570 2360 639 Cogita
2393 569 2548 632 mihi,
2599 568 2852 638 quisquis
2898 568 2994 633 sis,
3034 567 3293 637 pra-dicat
3342 566 3439 621 tibi
3498 566 3681 636 lingua

2098 676 2259 730 quam
2289 659 2521 729 inspirat
2551 659 2713 723 Deus,
2740 660 2883 713 sicut
2911 657 2966 711 in
2999 672 3165 711 scena
3196 656 3456 726 quadam,
3492 657 3547 710 in
3578 656 3682 710 hac

2099 753 2209 805 vita
2258 751 2375 805 ﬁeri
2421 749 2803 804 curriculum:
2848 748 2893 803 si
2936 757 3218 818 operatum
3265 745 3440 801 fuisse
3484 754 3540 801 te
3584 762 3681 801 co-

2098 841 2388 911 gnoveris,
2452 839 2668 901 lucrum
2720 836 2916 892 exinde
2972 844 3027 891 et
3086 836 3290 890 divitia:
3346 837 3440 891 tibi
3497 843 3681 899 erunt,

2098 940 2322 986 econtra
2370 932 2511 985 male
2558 929 2853 1000 negligenti
2898 944 3143 993 scenam,
3197 929 3583 983 detrimentum
3630 936 3683 982 et

2099 1031 2391 1093 paupertas
2434 1031 2611 1076 erunt.
2659 1019 2945 1087 Quomodo
2974 1035 3105 1090 ergo
3146 1020 3282 1074 bene
3324 1020 3684 1089 operaberis?

2101 1113 2157 1169 Si
2202 1128 2397 1184 magna
2433 1125 2488 1169 et
2520 1113 2766 1167 caelestia
2795 1113 2979 1182 parvis
3008 1122 3061 1167 et
3093 1113 3449 1167 terrestribus
3482 1120 3684 1182 praetu-

2098 1205 2248 1271 leris,
2280 1212 2334 1259 et
2362 1204 2741 1273 corruptibilia
2773 1203 2841 1258 de
2879 1210 3074 1257 natura
3104 1219 3202 1258 sua
3230 1212 3284 1257 et
3326 1203 3469 1256 ﬂuxa
3507 1203 3683 1272 negli-

2098 1311 2232 1366 gens
2272 1297 2649 1366 permanentia
2689 1306 2743 1351 et
2767 1306 2973 1359 aeterna
3017 1298 3377 1367 acquisieris;
3411 1306 3684 1367 quotquot

2096 1390 2240 1453 enim
2282 1398 2504 1458 propter
2562 1389 2897 1459 voluptatem
2950 1396 3005 1445 et
3048 1389 3276 1444 delicias
3333 1396 3389 1442 et
3435 1388 3687 1456 corporis

2097 1479 2471 1533 transitoriam
2491 1493 2679 1533 curam
2713 1479 2781 1533 ab
2811 1478 2879 1534 iis
2914 1477 3009 1548 qui
3042 1486 3258 1533 terrena
3285 1477 3502 1546 sapiunt
3531 1492 3683 1545 quaa-

2098 1579 2293 1623 runtur
2322 1568 2769 1638 praetermittens,
2816 1584 3161 1638 quaecunque
3203 1575 3385 1622 autem
3420 1567 3684 1636 spiritua-

2099 1661 2171 1715 lia
2222 1669 2277 1717 et
2324 1660 2437 1717 Deo
2494 1668 2672 1731 grata,
2723 1676 3065 1730 quaecunque
3119 1670 3293 1725 casta,
3345 1673 3687 1728 quzecunque

2097 1754 2255 1809 bonae
2276 1752 2452 1817 famae,
2480 1753 2525 1808 si
2553 1767 2661 1823 qua
2690 1753 2885 1817 virtus,
2913 1753 2957 1807 si
2986 1752 3374 1825 qualaus,liaec
3402 1749 3553 1804 omni
3581 1764 3685 1818 ope

2100 1853 2156 1899 et
2188 1859 2352 1913 opera
2381 1859 2653 1913 quaerens,
2689 1843 2895 1911 Optima
2928 1850 3186 1911 operatus
3215 1842 3326 1895 eris
3352 1848 3405 1894 et
3439 1839 3689 1899 maxima

2104 1932 2346 1986 lucratus
2388 1931 2585 1995 fueris;
2635 1945 2801 2000 opera
2831 1946 2960 1984 vero
2998 1930 3209 1999 absque
3243 1929 3473 1985 mistura
3506 1936 3559 1983 et
3599 1944 3685 1982 se-

2103 2026 2343 2081 cundum
2380 2024 2641 2077 virtutem
2684 2023 2963 2093 negligens
2992 2029 3048 2083 et
3085 2020 3426 2090 despiciens;
3460 2020 3686 2073 omnino

2105 2113 2483 2168 thesaurizans
2533 2113 2874 2167 thesaurizas
2927 2111 3171 2181 peritura
3226 2124 3391 2179 super
3458 2118 3681 2168 terram,

2104 2214 2252 2277 patet
2283 2206 2428 2275 quod
2455 2206 2849 2260 detrimentum
2891 2204 3138 2275 patieris,
3180 2202 3465 2258 deﬁciente
3514 2199 3686 2254 fideli-

2104 2303 2206 2358 bus
2237 2303 2400 2357 obvio
2441 2303 2636 2357 salute.
2672 2300 2747 2353 Ea
2788 2310 2873 2356 est
2894 2302 3059 2371 liujus
3085 2301 3207 2354 vita:
3247 2296 3683 2368 ﬁgura,etjuxta

2103 2393 2312 2447 dictum
2347 2408 2552 2448 morem
2584 2392 2847 2447 lucranda
2882 2400 2937 2447 et
2972 2391 3246 2461 perdenda
3276 2398 3523 2453 constat;
3551 2402 3688 2457 prae-2

2105 2487 2262 2542 terita
2312 2494 2493 2541 autem
2526 2485 2641 2557 jam
2693 2502 2801 2540 non
2865 2486 3111 2542 invenies
3148 2483 3297 2539 aliud
3349 2480 3685 2552 operationis

2105 2590 2338 2647 tempus.

2104 2669 2173 2723 57
2211 2667 2403 2737 Ingens
2427 2667 2635 2737 quidem
2657 2667 2752 2721 tibi
2780 2667 3082 2737 propositus
3107 2683 3318 2721 cursus.

2176 2759 2343 2825 Quasi
2365 2775 2429 2815 ex
2454 2760 2712 2816 antitliesi
2737 2760 2897 2815 dictas
2924 2760 3208 2816 sententiae
3235 2759 3349 2813 haec
3370 2758 3683 2814 audienda:

2109 2853 2213 2907 Sed
2233 2852 2403 2917 dices,
2425 2851 2624 2921 inquit,
2652 2852 2797 2921 quod
2822 2852 3054 2905 multum
3076 2850 3436 2914 curriculum,
3464 2849 3687 2919 longum

2106 2951 2320 3013 tempus
2360 2952 2414 2997 et
2451 2944 2598 2996 circa
2640 2943 2898 2996 virtutem
2927 2942 3078 2996 calor
3100 2950 3154 2997 et
3185 2941 3431 3012 fatigatio
3457 2943 3596 2995 dura
3632 2947 3685 3000 et

2106 3036 2288 3104 gravia
2311 3041 2393 3099 ;et
2409 3033 2532 3103 quis
2550 3032 2603 3085 in
2621 3047 2792 3102 agone
2810 3032 3140 3086 contendere
3163 3032 3229 3085 ad
3260 3032 3417 3086 linem
3444 3032 3686 3087 sustine-

2068 3124 2077 3133 ”
2107 3127 2218 3180 bit?
2249 3124 2355 3180 Sed
2384 3140 2452 3179 ne
2493 3130 2714 3188 metam,
2756 3124 2893 3179 bene
2926 3140 3056 3179 vero
3088 3124 3339 3179 laborum
3382 3122 3685 3179 mercedem

2106 3216 2453 3282 consideres;
2499 3231 2737 3285 namque
2790 3216 2961 3270 multo
3004 3215 3179 3286 major
3210 3221 3296 3269 est
3339 3230 3687 3280 merces,nou

2106 3308 2327 3377 duplex,
2365 3317 2457 3361 aut
2488 3307 2706 3375 triplex,
2737 3306 2829 3361 sed
2870 3321 3034 3374 supra
3065 3306 3283 3360 modum
3322 3301 3606 3375 multiplex
3631 3311 3689 3359 et

2105 3405 2369 3466 quantum
2394 3411 2609 3464 semper
2628 3402 2683 3449 et
2713 3396 2766 3448 in
2789 3406 3051 3448 teternum
3076 3395 3128 3448 in
3153 3394 3296 3449 bono
3318 3396 3530 3448 mansio
3553 3408 3687 3463 pra:-

2104 3498 2215 3544 stat
2246 3490 2301 3543 in
2334 3488 2517 3543 brevis
2543 3488 2806 3558 temporis
2828 3487 3147 3541 transitoria
3176 3487 3428 3542 molesta.
3452 3485 3532 3539 Tu
3558 3502 3688 3556 ergo

2106 3596 2174 3635 ne
2202 3578 2353 3633 omni
2389 3587 2636 3649 tempore
2666 3578 2879 3649 agentis
2927 3578 2981 3631 in
3024 3577 3211 3631 dolore
3245 3577 3461 3631 virtutis
3506 3576 3688 3629 inten-

2105 3671 2241 3725 dens
2273 3678 2328 3723 et
2356 3680 2501 3723 metu
2528 3668 2812 3724 confectus
2860 3677 2913 3723 et
2946 3670 3183 3722 lassatus
3218 3668 3405 3737 pedem
3437 3666 3686 3720 retrahas

2106 3762 2175 3817 ab
2208 3778 2383 3832 agone
2413 3780 2427 3817 :
2462 3778 2569 3816 non
2606 3762 2643 3815 ii
2683 3762 2776 3830 qui
2814 3777 2963 3816 mare
2993 3760 3275 3831 trajiciunt
3321 3760 3480 3815 simul
3517 3774 3580 3812 ac
3608 3758 3690 3812 al-

2107 3863 2219 3907 tum
2261 3868 2411 3908 mare
2439 3860 2738 3907 tenuerunt
2767 3861 2821 3904 et
2847 3867 3083 3907 nauseas
3115 3850 3343 3920 experti,
3378 3849 3629 3919 protinus
3655 3863 3687 3900 a

2107 3946 2337 4013 trajectu
2380 3945 2691 4007 discedunt,
2722 3943 2818 3999 sed
2851 3942 2917 3997 de
2938 3942 3027 3997 die
3068 3944 3123 3996 in
3148 3942 3291 3997 diem
3325 3939 3689 4011 navigationis

2108 4052 2319 4107 tempus
2344 4038 2502 4108 quasi
2552 4038 2868 4093 iraudantes
2915 4035 3175 4106 paulatim
3217 4050 3313 4105 per
3357 4032 3688 4087 mutationes

2108 4130 2304 4185 furtive
2351 4137 2617 4186 statutum
2669 4132 2802 4200 ipsis
2858 4138 3033 4184 totum
3090 4128 3328 4182 stadium
3376 4125 3686 4193 trajiciunt;

2107 4221 2338 4275 tentatio
2371 4222 2516 4276 enim
2545 4220 2795 4291 quaedam
2836 4228 2921 4276 est
2958 4220 3132 4275 hostis
3162 4228 3216 4274 et
3248 4218 3316 4273 ad
3366 4218 3569 4271 malum
3600 4216 3687 4270 in-

2108 4314 2361 4367 sidiantis
2410 4314 2686 4383 suggestio
2734 4313 2790 4367 in
2828 4312 3022 4382 agonis
3058 4310 3368 4381 principiis,
3403 4307 3690 4380 pusillani-

2107 4405 2349 4459 mitatem
2395 4406 2659 4468 insinuat,
2697 4405 2943 4459 acediam
2994 4404 3202 4458 inducit
3246 4410 3301 4457 et
3350 4402 3417 4456 ad
3466 4417 3528 4456 ea
3569 4416 3690 4471 qua:

2106 4503 2256 4553 retro
2287 4504 2417 4551 sunt
2445 4497 2677 4552 reducit.

418 4585 625 4653 ἀγῶνος
668 4586 1018 4656 όλιγοψυχίαν
1068 4587 1455 4657 ἐμποιοῦντος,
1509 4592 1602 4642 καὶ
1663 4591 1893 4661 ἀκηδίχν
1944 4591 2481 4663 παρασκευάζοντος,
2529 4593 2622 4646 κα)⁵
2667 4594 2747 4654 είς
2806 4590 2873 4643 τὰ
2928 4590 3103 4644 ὀπίσω
3163 4588 3582 4659 ἀνατρέποντος.

416 4676 477 4731 41
520 4675 614 4745 Μὴ
646 4678 883 4745 σφόδρα
920 4677 1160 4745 θαῤῥεῖν
1192 4678 1331 4747 μηδ’
1373 4680 1720 4740 ἀπελπίζειν
1745 4681 1918 4750 ἄγαν.

488 4769 648 4839 Μήτε
685 4768 805 4821 λίαν
850 4768 1206 4840 τεθαρρηκὼς
1253 4770 1345 4822 καὶ
1375 4770 1468 4823 τοῦ
1508 4774 1869 4842 προκειμένου
1904 4774 2002 4843 τῆς

418 4862 619 4932 ἀρετῆς
641 4860 851 4930 ἀγῶνος
888 4861 963 4923 ὡς
991 4860 1207 4924 πάντως
1235 4863 1624 4933 περιεσόμενος
1654 4864 1747 4917 τοῦ
1778 4865 2005 4918 ἀντιπά-

418 4952 509 5007 λου
543 4953 876 5024 κατακαυχῶ
906 4970 918 4983 ·
963 4953 1136 5025 θρασὺ
1167 4955 1303 5025 γάρ·
1338 4956 1466 5025 μήτ’
1494 4951 1589 5007 οὖν
1627 4958 1689 5009 ἐκ
1712 4956 1806 5009 τοῦ
1852 4959 2006 5010 ἐναν-

416 5047 531 5100 τίου
556 5046 716 5101 πάλιν
750 5047 952 5117 σφόδρα
986 5046 1337 5118 μικροψύχως
1372 5048 1699 5119 ἀπηλπικὼς
1751 5049 1887 5120 πρὸς
1914 5050 2005 5103 τὸν

416 5141 617 5212 δρόμον
665 5142 969 5211 ὑποχωρεῖν
1006 5142 1101 5193 καὶ
1146 5140 1568 5195 ὑποστέλλεσθαι
1594 5158 1608 5171 ⁸
1651 5142 1822 5194 δειλὸν
1855 5142 1960 5212 γάρ
1988 5159 2002 5173 ο

418 5235 514 5287 καὶ
544 5233 831 5305 ἀμφότερα
876 5233 1139 5296 ὡσαύτως
1171 5232 1476 5303 ἐπισφαλῆ⁹
1527 5234 1758 5303 καὶγὰρ
1813 5234 1872 5285 τὸ
1906 5234 2005 5303 μὲν

419 5324 580 5379 πλέον
607 5325 741 5394 ἦδεί
760 5324 977 5395 θαρσεῖν
1008 5322 1228 5375 ἔκλυσιν
1257 5316 1396 5375 οἶδεν
1426 5322 1673 5391 ἐμποιεῖν
1708 5322 1801 5374 καὶ
1833 5320 2004 5390 ρᾳθυο

421 5415 551 5487 μίαν
577 5436 591 5447 ·
622 5416 682 5469 τὸ
725 5415 769 5467 δ’
804 5416 943 5483 ἄγαν
978 5414 1303 5483 ἀνελπιστία
1345 5411 1749 5481 καταφέρεσθαι
1794 5428 2007 5482 προφα-

417 5507 515 5579 νὴς
552 5507 652 5577 τῆς
679 5506 917 5574 ἀγωνίας
943 5504 1219 5574 ἀνατροπὴ
1255 5504 1349 5555 καὶ
1376 5500 1750 5571 ὑποχώρησις·
1782 5501 1844 5552 σὺ
1886 5495 2003 5564 οῦν,

417 5601 446 5652 ὁ
470 5599 569 5669 τῆς
601 5598 941 5671 συμμετρίας
986 5600 1077 5651 καὶ
1114 5598 1212 5669 τῆς
1261 5596 1463 5665 ἀρετῆς
1497 5594 1757 5662 ἀλείπτης
1792 5608 2004 5665 παραγ-

497 5759 608 5823 (95)
651 5758 746 5810 Est
773 5772 970 5812 versus
997 5755 1301 5815 Menandri,
1336 5755 1571 5809 Sentent.
1601 5754 1797 5823 singul.
1823 5754 1946 5810 4H.

492 5829 606 5901 (94)
642 5829 775 5884 Cod.
813 5828 912 5882 εἴτ’
944 5824 1069 5895 οὖν,
1106 5835 1162 5882 ιιι
1192 5842 1444 5898 semper;
1477 5841 1527 5882 ν.
1558 5840 1609 5895 p.
1649 5824 1701 5894 5,
1733 5826 1782 5879 7.

2101 4682 2163 4736 41
2204 4682 2286 4736 Νε
2337 4685 2557 4736 nimium
2606 4683 2845 4751 conﬁdas
2887 4700 2978 4735 nec
3014 4682 3235 4735 nimium
3288 4680 3547 4747 desperes.

2173 4772 2363 4843 Neque
2427 4775 2599 4828 nimis
2650 4774 2859 4828 audens
2909 4782 2963 4829 ct
3014 4775 3067 4828 in
3119 4773 3371 4845 ρι’ωεεηιὶ
3395 4772 3462 4825 de
3492 4771 3693 4823 virtute

2103 4882 2277 4936 agone
2316 4874 2575 4935 tanquam
2631 4866 2856 4919 omnino
2904 4876 3170 4935 praestans
3241 4872 3431 4917 contra
3482 4862 3689 4915 hostem

2107 4959 2382 5027 glorieris,
2420 4959 2746 5021 temerarie;
2796 4974 2972 5027 neque
3018 4973 3047 5011 e
3091 4965 3305 5017 contra,
3340 4956 3557 5014 iterum,
3604 4968 3693 5007 ve-

2110 5051 2390 5104 hementer
2470 5065 2580 5120 pra:
2655 5050 3107 5119 pusillanimitate
3170 5048 3426 5114 desperes
3490 5055 3543 5099 et
3607 5044 3693 5096 in-

2108 5149 2295 5211 specto
2318 5142 2496 5195 stadio
2536 5142 2852 5196 retr0cedas
2899 5149 2952 5195 et
2990 5141 3175 5205 abeas,
3213 5137 3444 5205 timide;
3536 5145 3725 5189 utra"

2109 5250 2215 5303 que
2252 5234 2503 5288 similiter
2538 5235 2846 5303 periculosa
2878 5253 2890 5287 :
2928 5248 3165 5301 namque
3210 5232 3331 5301 plus
3364 5244 3520 5299 aequo
3551 5244 3686 5283 con-

2114 5325 2284 5379 lidere
2348 5324 2783 5379 debilitationem
2844 5335 2897 5380 et
2956 5326 3358 5380 enervationem
3420 5320 3692 5374 adducere

2112 5415 2269 5483 solet,
2292 5422 2345 5469 et
2378 5415 2541 5470 nimis
2590 5430 2685 5485 spe
2714 5414 2871 5483 dejici
2910 5422 3095 5486 aperta
3126 5421 3209 5469 est
3246 5414 3314 5466 ab
3350 5427 3521 5482 agone
3552 5425 3691 5463 con-

2111 5505 2292 5559 versio
2335 5512 2390 5559 et
2433 5505 2578 5575 fuga.
2624 5504 2705 5559 Tu
2738 5519 2890 5574 ergo,
2939 5502 3330 5559 moderationis
3377 5509 3431 5555 et
3473 5499 3689 5553 virtutis

2111 5605 2164 5651 te
2204 5597 2397 5651 invitat
2448 5600 2725 5668 magister,
2774 5599 2902 5654 hinc
2956 5596 3237 5669 dispositis
3290 5595 3388 5650 tibi
3424 5593 3490 5648 ad
3544 5591 3688 5647 viam

2188 5760 2299 5833 (95)
2334 5759 2468 5814 Cod.
2510 5757 2560 5810 οι
2587 5756 2644 5809 δὲ
2681 5755 2804 5825 γάρ.
