  <div class='ocr_page' id='page_1' title='image "/cluster/home/n/w/nwhite01/storage/ocr_20150623/38/nnc1.0046978500/423.png"; bbox 0 0 4164 6350; ppageno 0'>
   <div class='ocr_carea' id='block_1_1' title="bbox 479 325 588 386">
    <p class='ocr_par' dir='ltr' id='par_1_1' title="bbox 479 325 588 386">
     <span class='ocr_line' id='line_1_1' title="bbox 479 325 588 386; baseline 0.046 -5"><span class='ocrx_word' id='word_1_1' title='bbox 479 325 588 386; x_wconf 76' lang='grc'><strong>⁸199</strong></span> 
     </span>
    </p>
   </div>
   <div class='ocr_carea' id='block_1_2' title="bbox 481 442 2068 519">
    <p class='ocr_par' dir='ltr' id='par_1_2' title="bbox 481 442 2068 519">
     <span class='ocr_line' id='line_1_2' title="bbox 481 442 2068 519; baseline 0.01 -22"><span class='ocrx_word' id='word_1_2' title='bbox 481 442 680 501; x_wconf 81' lang='lat' dir='ltr'><strong>mediis</strong></span> <span class='ocrx_word' id='word_1_3' title='bbox 734 444 992 518; x_wconf 81' lang='lat' dir='ltr'><strong>dirigaris</strong></span> <span class='ocrx_word' id='word_1_4' title='bbox 1045 448 1113 506; x_wconf 77' lang='lat' dir='ltr'><strong>ad</strong></span> <span class='ocrx_word' id='word_1_5' title='bbox 1149 457 1355 507; x_wconf 93' lang='lat' dir='ltr'><strong>metam</strong></span> <span class='ocrx_word' id='word_1_6' title='bbox 1416 451 1639 519; x_wconf 86' lang='lat' dir='ltr'><strong>bonam,</strong></span> <span class='ocrx_word' id='word_1_7' title='bbox 1686 453 1813 511; x_wconf 89' lang='lat' dir='ltr'><strong>inde</strong></span> <span class='ocrx_word' id='word_1_8' title='bbox 1868 457 2068 513; x_wconf 84' lang='lat' dir='ltr'><strong>cohibe</strong></span> 
     </span>
    </p>
   </div>
   <div class='ocr_carea' id='block_1_3' title="bbox 482 536 2072 618">
    <p class='ocr_par' dir='ltr' id='par_1_3' title="bbox 482 536 2072 618">
     <span class='ocr_line' id='line_1_3' title="bbox 482 536 2072 618; baseline 0.009 -29"><span class='ocrx_word' id='word_1_9' title='bbox 482 536 818 593; x_wconf 80' lang='lat' dir='ltr'><strong>activitatem</strong></span> <span class='ocrx_word' id='word_1_10' title='bbox 866 540 1268 599; x_wconf 78' lang='lat' dir='ltr'><strong>incessabiliter</strong></span> <span class='ocrx_word' id='word_1_11' title='bbox 1300 544 1379 599; x_wconf 89' lang='lat' dir='ltr'><strong>tui</strong></span> <span class='ocrx_word' id='word_1_12' title='bbox 1407 553 1598 615; x_wconf 87' lang='lat' dir='ltr'><strong>potens</strong></span> <span class='ocrx_word' id='word_1_13' title='bbox 1624 561 1725 602; x_wconf 89' lang='lat' dir='ltr'><strong>nec</strong></span> <span class='ocrx_word' id='word_1_14' title='bbox 1752 546 2072 618; x_wconf 81' lang='lat' dir='ltr'><strong>imperfecte</strong></span> 
     </span>
    </p>
   </div>
   <div class='ocr_carea' id='block_1_4' title="bbox 483 629 2075 699">
    <p class='ocr_par' dir='ltr' id='par_1_4' title="bbox 483 629 2075 699">
     <span class='ocr_line' id='line_1_4' title="bbox 483 629 2075 699; baseline 0.009 -19"><span class='ocrx_word' id='word_1_15' title='bbox 483 642 597 697; x_wconf 68' lang='lat' dir='ltr'><strong>prae</strong></span> <span class='ocrx_word' id='word_1_16' title='bbox 626 629 842 699; x_wconf 84' lang='lat' dir='ltr'><strong>pigritia</strong></span> <span class='ocrx_word' id='word_1_17' title='bbox 869 646 1179 689; x_wconf 87' lang='lat' dir='ltr'><strong>remaneas.</strong></span> <span class='ocrx_word' id='word_1_18' title='bbox 1239 653 1257 686; x_wconf 84' lang='lat' dir='ltr'><strong>t</strong></span> <span class='ocrx_word' id='word_1_19' title='bbox 1290 634 1421 692; x_wconf 89' lang='lat' dir='ltr'><strong>Inde</strong></span> <span class='ocrx_word' id='word_1_20' title='bbox 1454 652 1556 692; x_wconf 83' lang='lat' dir='ltr'><strong>nec</strong></span> <span class='ocrx_word' id='word_1_21' title='bbox 1598 637 1824 693; x_wconf 72' lang='lat' dir='ltr'><strong>invidia.</strong></span> <span class='ocrx_word' id='word_1_22' title='bbox 1865 658 1883 691; x_wconf 71' lang='grc' dir='ltr'><strong>ι</strong></span> <span class='ocrx_word' id='word_1_23' title='bbox 1921 640 1989 693; x_wconf 85' lang='grc' dir='ltr'><strong>Ει</strong></span> <span class='ocrx_word' id='word_1_24' title='bbox 2028 640 2075 695; x_wconf 92' lang='lat' dir='ltr'><strong>si</strong></span> 
     </span>
    </p>
   </div>
   <div class='ocr_carea' id='block_1_5' title="bbox 485 723 2076 798">
    <p class='ocr_par' dir='ltr' id='par_1_5' title="bbox 485 723 2076 798">
     <span class='ocr_line' id='line_1_5' title="bbox 485 723 2076 798; baseline 0.011 -26"><span class='ocrx_word' id='word_1_25' title='bbox 485 735 741 790; x_wconf 83' lang='lat' dir='ltr'><strong>magnum</strong></span> <span class='ocrx_word' id='word_1_26' title='bbox 798 723 929 791; x_wconf 82' lang='lat' dir='ltr'><strong>quid</strong></span> <span class='ocrx_word' id='word_1_27' title='bbox 1010 727 1171 795; x_wconf 81' lang='lat' dir='ltr'><strong>quasi</strong></span> <span class='ocrx_word' id='word_1_28' title='bbox 1231 743 1398 798; x_wconf 86' lang='lat' dir='ltr'><strong>supra</strong></span> <span class='ocrx_word' id='word_1_29' title='bbox 1455 738 1708 786; x_wconf 80' lang='lat' dir='ltr'><strong>naturam</strong></span> <span class='ocrx_word' id='word_1_30' title='bbox 1776 733 2076 789; x_wconf 88' lang='lat' dir='ltr'><strong>secundum</strong></span> 
     </span>
    </p>
   </div>
   <div class='ocr_carea' id='block_1_6' title="bbox 485 808 2079 896">
    <p class='ocr_par' dir='ltr' id='par_1_6' title="bbox 485 808 2079 896">
     <span class='ocr_line' id='line_1_6' title="bbox 485 808 2079 896; baseline 0.009 -30"><span class='ocrx_word' id='word_1_31' title='bbox 485 808 655 866; x_wconf 84' lang='lat' dir='ltr'><strong>Deum</strong></span> <span class='ocrx_word' id='word_1_32' title='bbox 684 813 781 869; x_wconf 92' lang='lat' dir='ltr'><strong>tibi</strong></span> <span class='ocrx_word' id='word_1_33' title='bbox 814 817 1078 871; x_wconf 82' lang='lat' dir='ltr'><strong>statuitur</strong></span> <span class='ocrx_word' id='word_1_34' title='bbox 1109 818 1175 873; x_wconf 90' lang='lat' dir='ltr'><strong>ad</strong></span> <span class='ocrx_word' id='word_1_35' title='bbox 1218 821 1455 889; x_wconf 81' lang='lat' dir='ltr'><strong>praxim,</strong></span> <span class='ocrx_word' id='word_1_36' title='bbox 1496 822 1736 892; x_wconf 85' lang='lat' dir='ltr'><strong>judicas,</strong></span> <span class='ocrx_word' id='word_1_37' title='bbox 1760 840 1830 880; x_wconf 89' lang='lat' dir='ltr'><strong>ne</strong></span> <span class='ocrx_word' id='word_1_38' title='bbox 1857 833 2079 896; x_wconf 88' lang='lat' dir='ltr'><strong>preptcr</strong></span> 
     </span>
    </p>
   </div>
   <div class='ocr_carea' id='block_1_7' title="bbox 484 902 2078 987">
    <p class='ocr_par' dir='ltr' id='par_1_7' title="bbox 484 902 2078 987">
     <span class='ocr_line' id='line_1_7' title="bbox 484 902 2078 987; baseline 0.01 -31"><span class='ocrx_word' id='word_1_39' title='bbox 484 902 589 957; x_wconf 89' lang='lat' dir='ltr'><strong>hoc</strong></span> <span class='ocrx_word' id='word_1_40' title='bbox 640 912 875 975; x_wconf 76' lang='lat' dir='ltr'><strong>stupens</strong></span> <span class='ocrx_word' id='word_1_41' title='bbox 918 911 1271 977; x_wconf 65' lang='lat' dir='ltr'><strong>retrocedas;</strong></span> <span class='ocrx_word' id='word_1_42' title='bbox 1320 928 1433 968; x_wconf 78' lang='lat' dir='ltr'><strong>non</strong></span> <span class='ocrx_word' id='word_1_43' title='bbox 1480 915 1626 969; x_wconf 93' lang='lat' dir='ltr'><strong>enim</strong></span> <span class='ocrx_word' id='word_1_44' title='bbox 1678 916 1878 971; x_wconf 80' lang='lat' dir='ltr'><strong>invidia</strong></span> <span class='ocrx_word' id='word_1_45' title='bbox 1934 917 2078 987; x_wconf 91' lang='lat' dir='ltr'><strong>apud</strong></span> 
     </span>
    </p>
   </div>
   <div class='ocr_carea' id='block_1_8' title="bbox 485 993 2082 1075">
    <p class='ocr_par' dir='ltr' id='par_1_8' title="bbox 485 993 2082 1075">
     <span class='ocr_line' id='line_1_8' title="bbox 485 993 2082 1075; baseline 0.011 -28"><span class='ocrx_word' id='word_1_46' title='bbox 485 993 656 1050; x_wconf 89' lang='lat' dir='ltr'><strong>Deum</strong></span> <span class='ocrx_word' id='word_1_47' title='bbox 706 999 801 1068; x_wconf 93' lang='lat' dir='ltr'><strong>qui</strong></span> <span class='ocrx_word' id='word_1_48' title='bbox 842 999 1046 1055; x_wconf 85' lang='lat' dir='ltr'><strong>bonum</strong></span> <span class='ocrx_word' id='word_1_49' title='bbox 1092 1018 1218 1057; x_wconf 83' lang='lat' dir='ltr'><strong>vere</strong></span> <span class='ocrx_word' id='word_1_50' title='bbox 1265 1020 1390 1059; x_wconf 92' lang='lat' dir='ltr'><strong>cum</strong></span> <span class='ocrx_word' id='word_1_51' title='bbox 1422 1006 1628 1075; x_wconf 83' lang='lat' dir='ltr'><strong>pietate</strong></span> <span class='ocrx_word' id='word_1_52' title='bbox 1657 1014 1711 1062; x_wconf 92' lang='lat' dir='ltr'><strong>et</strong></span> <span class='ocrx_word' id='word_1_53' title='bbox 1764 1008 1871 1062; x_wconf 82' lang='lat' dir='ltr'><strong>fide</strong></span> <span class='ocrx_word' id='word_1_54' title='bbox 1898 1006 2082 1066; x_wconf 86' lang='lat' dir='ltr'><strong>facere</strong></span> 
     </span>
    </p>
   </div>
   <div class='ocr_carea' id='block_1_9' title="bbox 487 1085 2078 1170">
    <p class='ocr_par' dir='ltr' id='par_1_9' title="bbox 487 1085 2078 1170">
     <span class='ocr_line' id='line_1_9' title="bbox 487 1085 2078 1170; baseline 0.01 -32"><span class='ocrx_word' id='word_1_55' title='bbox 487 1085 777 1157; x_wconf 80' lang='lat' dir='ltr'><strong>eligentem</strong></span> <span class='ocrx_word' id='word_1_56' title='bbox 807 1090 869 1146; x_wconf 86' lang='lat' dir='ltr'><strong>in</strong></span> <span class='ocrx_word' id='word_1_57' title='bbox 890 1106 1091 1147; x_wconf 89' lang='lat' dir='ltr'><strong>vanum</strong></span> <span class='ocrx_word' id='word_1_58' title='bbox 1119 1094 1365 1149; x_wconf 76' lang='lat' dir='ltr'><strong>remittat</strong></span> <span class='ocrx_word' id='word_1_59' title='bbox 1393 1104 1448 1151; x_wconf 88' lang='lat' dir='ltr'><strong>et</strong></span> <span class='ocrx_word' id='word_1_60' title='bbox 1487 1097 1733 1167; x_wconf 73' lang='lat' dir='ltr'><strong>repellat.</strong></span> <span class='ocrx_word' id='word_1_61' title='bbox 1772 1117 1791 1150; x_wconf 78' lang='grc' dir='ltr'><strong>ι</strong></span> <span class='ocrx_word' id='word_1_62' title='bbox 1832 1098 1946 1155; x_wconf 89' lang='lat' dir='ltr'><strong>Nec</strong></span> <span class='ocrx_word' id='word_1_63' title='bbox 1984 1102 2078 1170; x_wconf 91' lang='lat' dir='ltr'><strong>qui</strong></span> 
     </span>
    </p>
   </div>
   <div class='ocr_carea' id='block_1_10' title="bbox 486 1178 2081 1257">
    <p class='ocr_par' dir='ltr' id='par_1_10' title="bbox 486 1178 2081 1257">
     <span class='ocr_line' id='line_1_10' title="bbox 486 1178 2081 1257; baseline 0.009 -25"><span class='ocrx_word' id='word_1_64' title='bbox 486 1178 590 1234; x_wconf 73' lang='lat' dir='ltr'><strong>viae</strong></span> <span class='ocrx_word' id='word_1_65' title='bbox 636 1179 887 1238; x_wconf 88' lang='lat' dir='ltr'><strong>inutilem</strong></span> <span class='ocrx_word' id='word_1_66' title='bbox 941 1183 1132 1239; x_wconf 84' lang='lat' dir='ltr'><strong>reddat</strong></span> <span class='ocrx_word' id='word_1_67' title='bbox 1185 1187 1457 1256; x_wconf 84' lang='lat' dir='ltr'><strong>reliquum</strong></span> <span class='ocrx_word' id='word_1_68' title='bbox 1516 1187 1779 1245; x_wconf 90' lang='lat' dir='ltr'><strong>laborem.</strong></span> <span class='ocrx_word' id='word_1_69' title='bbox 1846 1210 1866 1244; x_wconf 72' lang='grc' dir='ltr'><strong>ι</strong></span> <span class='ocrx_word' id='word_1_70' title='bbox 1923 1188 2081 1257; x_wconf 80' lang='lat' dir='ltr'><strong>Quod</strong></span> 
     </span>
    </p>
   </div>
   <div class='ocr_carea' id='block_1_11' title="bbox 486 1270 2082 1342">
    <p class='ocr_par' dir='ltr' id='par_1_11' title="bbox 486 1270 2082 1342">
     <span class='ocr_line' id='line_1_11' title="bbox 486 1270 2082 1342; baseline 0.01 -16"><span class='ocrx_word' id='word_1_71' title='bbox 486 1270 641 1338; x_wconf 89' lang='lat' dir='ltr'><strong>dicit,</strong></span> <span class='ocrx_word' id='word_1_72' title='bbox 672 1274 778 1331; x_wconf 85' lang='lat' dir='ltr'><strong>hoc</strong></span> <span class='ocrx_word' id='word_1_73' title='bbox 826 1277 961 1333; x_wconf 88' lang='lat' dir='ltr'><strong>mihi</strong></span> <span class='ocrx_word' id='word_1_74' title='bbox 1011 1279 1231 1335; x_wconf 86' lang='lat' dir='ltr'><strong>videtur</strong></span> <span class='ocrx_word' id='word_1_75' title='bbox 1260 1297 1383 1338; x_wconf 90' lang='lat' dir='ltr'><strong>esse</strong></span> <span class='ocrx_word' id='word_1_76' title='bbox 1420 1282 1538 1339; x_wconf 89' lang='lat' dir='ltr'><strong>:De</strong></span> <span class='ocrx_word' id='word_1_77' title='bbox 1596 1285 1714 1341; x_wconf 85' lang='lat' dir='ltr'><strong>vias</strong></span> <span class='ocrx_word' id='word_1_78' title='bbox 1768 1286 1825 1341; x_wconf 90' lang='lat' dir='ltr'><strong>in</strong></span> <span class='ocrx_word' id='word_1_79' title='bbox 1872 1287 2082 1342; x_wconf 90' lang='lat' dir='ltr'><strong>mundo</strong></span> 
     </span>
    </p>
   </div>
   <div class='ocr_carea' id='block_1_12' title="bbox 488 1366 2080 1448">
    <p class='ocr_par' dir='ltr' id='par_1_12' title="bbox 488 1366 2080 1448">
     <span class='ocr_line' id='line_1_12' title="bbox 488 1366 2080 1448; baseline 0.009 -30"><span class='ocrx_word' id='word_1_80' title='bbox 488 1366 936 1435; x_wconf 81' lang='lat' dir='ltr'><strong>aggredientibus</strong></span> <span class='ocrx_word' id='word_1_81' title='bbox 988 1371 1034 1426; x_wconf 89' lang='lat' dir='ltr'><strong>si</strong></span> <span class='ocrx_word' id='word_1_82' title='bbox 1069 1372 1136 1427; x_wconf 90' lang='lat' dir='ltr'><strong>ad</strong></span> <span class='ocrx_word' id='word_1_83' title='bbox 1172 1374 1273 1429; x_wconf 67' lang='lat' dir='ltr'><strong>via:</strong></span> <span class='ocrx_word' id='word_1_84' title='bbox 1313 1386 1537 1441; x_wconf 90' lang='lat' dir='ltr'><strong>metam,</strong></span> <span class='ocrx_word' id='word_1_85' title='bbox 1575 1377 1641 1431; x_wconf 87' lang='lat' dir='ltr'><strong>ad</strong></span> <span class='ocrx_word' id='word_1_86' title='bbox 1686 1377 2080 1448; x_wconf 82' lang='lat' dir='ltr'><strong>perfectionem</strong></span> 
     </span>
    </p>
   </div>
   <div class='ocr_carea' id='block_1_13' title="bbox 489 1458 2082 1535">
    <p class='ocr_par' dir='ltr' id='par_1_13' title="bbox 489 1458 2082 1535">
     <span class='ocr_line' id='line_1_13' title="bbox 489 1458 2082 1535; baseline 0.008 -25"><span class='ocrx_word' id='word_1_87' title='bbox 489 1472 600 1512; x_wconf 79' lang='lat' dir='ltr'><strong>non</strong></span> <span class='ocrx_word' id='word_1_88' title='bbox 626 1458 880 1514; x_wconf 80' lang='lat' dir='ltr'><strong>adveniat</strong></span> <span class='ocrx_word' id='word_1_89' title='bbox 907 1461 1104 1528; x_wconf 87' lang='lat' dir='ltr'><strong>viator,</strong></span> <span class='ocrx_word' id='word_1_90' title='bbox 1143 1465 1353 1522; x_wconf 87' lang='lat' dir='ltr'><strong>inutilis</strong></span> <span class='ocrx_word' id='word_1_91' title='bbox 1399 1467 1553 1522; x_wconf 91' lang='lat' dir='ltr'><strong>labor</strong></span> <span class='ocrx_word' id='word_1_92' title='bbox 1589 1475 1897 1535; x_wconf 89' lang='lat' dir='ltr'><strong>sustentus,</strong></span> <span class='ocrx_word' id='word_1_93' title='bbox 1940 1483 2082 1524; x_wconf 79' lang='lat' dir='ltr'><strong>vana</strong></span> 
     </span>
    </p>
   </div>
   <div class='ocr_carea' id='block_1_14' title="bbox 487 1553 2083 1626">
    <p class='ocr_par' dir='ltr' id='par_1_14' title="bbox 487 1553 2083 1626">
     <span class='ocr_line' id='line_1_14' title="bbox 487 1553 2083 1626; baseline 0.011 -24"><span class='ocrx_word' id='word_1_94' title='bbox 487 1559 742 1620; x_wconf 80' lang='lat' dir='ltr'><strong>reputata</strong></span> <span class='ocrx_word' id='word_1_95' title='bbox 771 1560 857 1610; x_wconf 87' lang='lat' dir='ltr'><strong>est</strong></span> <span class='ocrx_word' id='word_1_96' title='bbox 906 1553 1153 1626; x_wconf 74' lang='lat' dir='ltr'><strong>fatigatio</strong></span> <span class='ocrx_word' id='word_1_97' title='bbox 1201 1576 1213 1611; x_wconf 89' lang='lat'><strong>:</strong></span> <span class='ocrx_word' id='word_1_98' title='bbox 1249 1556 1353 1624; x_wconf 86' lang='lat' dir='ltr'><strong>Qui</strong></span> <span class='ocrx_word' id='word_1_99' title='bbox 1388 1559 1456 1613; x_wconf 89' lang='lat' dir='ltr'><strong>ad</strong></span> <span class='ocrx_word' id='word_1_100' title='bbox 1510 1559 1682 1616; x_wconf 85' lang='lat' dir='ltr'><strong>Deum</strong></span> <span class='ocrx_word' id='word_1_101' title='bbox 1727 1565 2083 1619; x_wconf 82' lang='lat' dir='ltr'><strong>ascensiones</strong></span> 
     </span>
    </p>
   </div>
   <div class='ocr_carea' id='block_1_15' title="bbox 487 1643 2084 1720">
    <p class='ocr_par' dir='ltr' id='par_1_15' title="bbox 487 1643 2084 1720">
     <span class='ocr_line' id='line_1_15' title="bbox 487 1643 2084 1720; baseline 0.01 -28"><span class='ocrx_word' id='word_1_102' title='bbox 487 1654 589 1709; x_wconf 84' lang='lat' dir='ltr'><strong>per</strong></span> <span class='ocrx_word' id='word_1_103' title='bbox 645 1643 858 1711; x_wconf 77' lang='lat' dir='ltr'><strong>praxim</strong></span> <span class='ocrx_word' id='word_1_104' title='bbox 908 1652 965 1699; x_wconf 89' lang='lat' dir='ltr'><strong>et</strong></span> <span class='ocrx_word' id='word_1_105' title='bbox 1024 1646 1437 1705; x_wconf 83' lang='lat' dir='ltr'><strong>meditationem</strong></span> <span class='ocrx_word' id='word_1_106' title='bbox 1485 1651 1753 1720; x_wconf 87' lang='lat' dir='ltr'><strong>disponit,</strong></span> <span class='ocrx_word' id='word_1_107' title='bbox 1816 1652 1967 1719; x_wconf 84' lang='lat' dir='ltr'><strong>hinc,</strong></span> <span class='ocrx_word' id='word_1_108' title='bbox 2024 1661 2084 1708; x_wconf 80' lang='lat' dir='ltr'><strong>ut</strong></span> 
     </span>
    </p>
   </div>
   <div class='ocr_carea' id='block_1_16' title="bbox 489 1731 2083 1817">
    <p class='ocr_par' dir='ltr' id='par_1_16' title="bbox 489 1731 2083 1817">
     <span class='ocr_line' id='line_1_16' title="bbox 489 1731 2083 1817; baseline 0.011 -32"><span class='ocrx_word' id='word_1_109' title='bbox 489 1731 695 1787; x_wconf 86' lang='lat' dir='ltr'><strong>dictum</strong></span> <span class='ocrx_word' id='word_1_110' title='bbox 725 1744 831 1799; x_wconf 80' lang='lat' dir='ltr'><strong>est,</strong></span> <span class='ocrx_word' id='word_1_111' title='bbox 862 1737 976 1807; x_wconf 89' lang='lat' dir='ltr'><strong>jam</strong></span> <span class='ocrx_word' id='word_1_112' title='bbox 1019 1742 1281 1805; x_wconf 76' lang='lat' dir='ltr'><strong>correxit,</strong></span> <span class='ocrx_word' id='word_1_113' title='bbox 1311 1743 1439 1798; x_wconf 89' lang='lat' dir='ltr'><strong>inde</strong></span> <span class='ocrx_word' id='word_1_114' title='bbox 1475 1759 1625 1799; x_wconf 92' lang='lat' dir='ltr'><strong>nunc</strong></span> <span class='ocrx_word' id='word_1_115' title='bbox 1650 1746 1902 1817; x_wconf 85' lang='lat' dir='ltr'><strong>corrigit,</strong></span> <span class='ocrx_word' id='word_1_116' title='bbox 1934 1761 2083 1802; x_wconf 83' lang='lat' dir='ltr'><strong>nunc</strong></span> 
     </span>
    </p>
   </div>
   <div class='ocr_carea' id='block_1_17' title="bbox 490 1829 2085 1909">
    <p class='ocr_par' dir='ltr' id='par_1_17' title="bbox 490 1829 2085 1909">
     <span class='ocr_line' id='line_1_17' title="bbox 490 1829 2085 1909; baseline 0.012 -34"><span class='ocrx_word' id='word_1_117' title='bbox 490 1834 589 1891; x_wconf 85' lang='lat' dir='ltr'><strong>spe</strong></span> <span class='ocrx_word' id='word_1_118' title='bbox 631 1839 731 1879; x_wconf 86' lang='lat' dir='ltr'><strong>sua</strong></span> <span class='ocrx_word' id='word_1_119' title='bbox 768 1829 1053 1895; x_wconf 61' lang='lat' dir='ltr'><strong>praevenit,</strong></span> <span class='ocrx_word' id='word_1_120' title='bbox 1098 1832 1226 1885; x_wconf 86' lang='lat' dir='ltr'><strong>licet</strong></span> <span class='ocrx_word' id='word_1_121' title='bbox 1254 1841 1438 1888; x_wconf 84' lang='lat' dir='ltr'><strong>tamen</strong></span> <span class='ocrx_word' id='word_1_122' title='bbox 1480 1835 1548 1889; x_wconf 86' lang='lat' dir='ltr'><strong>ad</strong></span> <span class='ocrx_word' id='word_1_123' title='bbox 1596 1852 1866 1892; x_wconf 88' lang='lat' dir='ltr'><strong>summam</strong></span> <span class='ocrx_word' id='word_1_124' title='bbox 1916 1838 2085 1909; x_wconf 83' lang='lat' dir='ltr'><strong>perfe-</strong></span> 
     </span>
    </p>
   </div>
   <div class='ocr_carea' id='block_1_18' title="bbox 488 1914 2091 2000">
    <p class='ocr_par' dir='ltr' id='par_1_18' title="bbox 488 1914 2091 2000">
     <span class='ocr_line' id='line_1_18' title="bbox 488 1914 2091 2000; baseline 0.012 -34"><span class='ocrx_word' id='word_1_125' title='bbox 488 1914 727 1970; x_wconf 83' lang='lat' dir='ltr'><strong>ctionem</strong></span> <span class='ocrx_word' id='word_1_126' title='bbox 760 1922 1107 1977; x_wconf 79' lang='lat' dir='ltr'><strong>ascensionis</strong></span> <span class='ocrx_word' id='word_1_127' title='bbox 1137 1924 1205 1978; x_wconf 89' lang='lat' dir='ltr'><strong>ad</strong></span> <span class='ocrx_word' id='word_1_128' title='bbox 1250 1924 1419 1980; x_wconf 86' lang='lat' dir='ltr'><strong>Deum</strong></span> <span class='ocrx_word' id='word_1_129' title='bbox 1467 1944 1576 1983; x_wconf 89' lang='lat' dir='ltr'><strong>non</strong></span> <span class='ocrx_word' id='word_1_130' title='bbox 1624 1930 1928 2000; x_wconf 88' lang='lat' dir='ltr'><strong>perveniat,</strong></span> <span class='ocrx_word' id='word_1_131' title='bbox 1981 1946 2091 1985; x_wconf 88' lang='lat' dir='ltr'><strong>non</strong></span> 
     </span>
    </p>
   </div>
   <div class='ocr_carea' id='block_1_19' title="bbox 487 2004 2090 2091">
    <p class='ocr_par' dir='ltr' id='par_1_19' title="bbox 487 2004 2090 2091">
     <span class='ocr_line' id='line_1_19' title="bbox 487 2004 2090 2091; baseline 0.011 -32"><span class='ocrx_word' id='word_1_132' title='bbox 487 2004 740 2077; x_wconf 86' lang='lat' dir='ltr'><strong>desperet</strong></span> <span class='ocrx_word' id='word_1_133' title='bbox 792 2029 805 2066; x_wconf 92' lang='lat'>:</span> <span class='ocrx_word' id='word_1_134' title='bbox 863 2028 975 2066; x_wconf 87' lang='lat' dir='ltr'><strong>non</strong></span> <span class='ocrx_word' id='word_1_135' title='bbox 1030 2015 1173 2070; x_wconf 91' lang='lat' dir='ltr'><strong>enim</strong></span> <span class='ocrx_word' id='word_1_136' title='bbox 1221 2017 1435 2073; x_wconf 87' lang='lat' dir='ltr'><strong>inutilis</strong></span> <span class='ocrx_word' id='word_1_137' title='bbox 1485 2019 1586 2091; x_wconf 87' lang='lat' dir='ltr'><strong>ipsi</strong></span> <span class='ocrx_word' id='word_1_138' title='bbox 1639 2023 1792 2076; x_wconf 87' lang='lat' dir='ltr'><strong>labor</strong></span> <span class='ocrx_word' id='word_1_139' title='bbox 1837 2023 1979 2077; x_wconf 86' lang='lat' dir='ltr'><strong>sicut</strong></span> <span class='ocrx_word' id='word_1_140' title='bbox 2013 2023 2090 2079; x_wconf 87' lang='lat' dir='ltr'><strong>illi</strong></span> 
     </span>
    </p>
   </div>
   <div class='ocr_carea' id='block_1_20' title="bbox 487 2099 2091 2183">
    <p class='ocr_par' dir='ltr' id='par_1_20' title="bbox 487 2099 2091 2183">
     <span class='ocr_line' id='line_1_20' title="bbox 487 2099 2091 2183; baseline 0.011 -32"><span class='ocrx_word' id='word_1_141' title='bbox 487 2099 581 2167; x_wconf 80' lang='lat' dir='ltr'><strong>qui</strong></span> <span class='ocrx_word' id='word_1_142' title='bbox 615 2114 645 2153; x_wconf 89' lang='lat' dir='ltr'><strong>a</strong></span> <span class='ocrx_word' id='word_1_143' title='bbox 676 2101 764 2155; x_wconf 87' lang='lat' dir='ltr'><strong>via</strong></span> <span class='ocrx_word' id='word_1_144' title='bbox 793 2102 1072 2174; x_wconf 88' lang='lat' dir='ltr'><strong>declinat;</strong></span> <span class='ocrx_word' id='word_1_145' title='bbox 1112 2109 1169 2163; x_wconf 92' lang='lat' dir='ltr'><strong>in</strong></span> <span class='ocrx_word' id='word_1_146' title='bbox 1209 2120 1475 2180; x_wconf 86' lang='lat' dir='ltr'><strong>quantum</strong></span> <span class='ocrx_word' id='word_1_147' title='bbox 1511 2128 1839 2183; x_wconf 83' lang='lat' dir='ltr'><strong>progressus</strong></span> <span class='ocrx_word' id='word_1_148' title='bbox 1865 2124 1947 2170; x_wconf 91' lang='lat' dir='ltr'><strong>est</strong></span> <span class='ocrx_word' id='word_1_149' title='bbox 1971 2123 2091 2169; x_wconf 89' lang='lat' dir='ltr'><strong>ten-</strong></span> 
     </span>
    </p>
   </div>
   <div class='ocr_carea' id='block_1_21' title="bbox 486 2190 2085 2276">
    <p class='ocr_par' dir='ltr' id='par_1_21' title="bbox 486 2190 2085 2276">
     <span class='ocr_line' id='line_1_21' title="bbox 486 2190 2085 2276; baseline 0.011 -31"><span class='ocrx_word' id='word_1_150' title='bbox 486 2190 625 2246; x_wconf 84' lang='lat' dir='ltr'><strong>dens</strong></span> <span class='ocrx_word' id='word_1_151' title='bbox 711 2194 781 2249; x_wconf 87' lang='lat' dir='ltr'><strong>ad</strong></span> <span class='ocrx_word' id='word_1_152' title='bbox 842 2196 1235 2266; x_wconf 82' lang='lat' dir='ltr'><strong>perfectionem</strong></span> <span class='ocrx_word' id='word_1_153' title='bbox 1293 2212 1347 2257; x_wconf 91' lang='lat' dir='ltr'><strong>et</strong></span> <span class='ocrx_word' id='word_1_154' title='bbox 1407 2204 1474 2258; x_wconf 91' lang='lat' dir='ltr'><strong>ad</strong></span> <span class='ocrx_word' id='word_1_155' title='bbox 1525 2206 1768 2274; x_wconf 79' lang='lat' dir='ltr'><strong>judicent</strong></span> <span class='ocrx_word' id='word_1_156' title='bbox 1831 2222 2085 2276; x_wconf 75' lang='lat' dir='ltr'><strong>supernae</strong></span> 
     </span>
    </p>
   </div>
   <div class='ocr_carea' id='block_1_22' title="bbox 487 2284 2082 2367">
    <p class='ocr_par' dir='ltr' id='par_1_22' title="bbox 487 2284 2082 2367">
     <span class='ocr_line' id='line_1_22' title="bbox 487 2284 2082 2367; baseline 0.012 -31"><span class='ocrx_word' id='word_1_157' title='bbox 487 2284 796 2342; x_wconf 79' lang='lat' dir='ltr'><strong>vocationis</strong></span> <span class='ocrx_word' id='word_1_158' title='bbox 853 2291 1323 2364; x_wconf 88' lang='lat' dir='ltr'><strong>appropinquans,</strong></span> <span class='ocrx_word' id='word_1_159' title='bbox 1379 2311 1476 2366; x_wconf 83' lang='lat' dir='ltr'><strong>per</strong></span> <span class='ocrx_word' id='word_1_160' title='bbox 1510 2312 1663 2367; x_wconf 89' lang='lat' dir='ltr'><strong>spem</strong></span> <span class='ocrx_word' id='word_1_161' title='bbox 1713 2299 1943 2354; x_wconf 85' lang='lat' dir='ltr'><strong>salutem</strong></span> <span class='ocrx_word' id='word_1_162' title='bbox 1980 2299 2082 2355; x_wconf 87' lang='lat' dir='ltr'><strong>ob-</strong></span> 
     </span>
    </p>
   </div>
   <div class='ocr_carea' id='block_1_23' title="bbox 487 2381 673 2438">
    <p class='ocr_par' dir='ltr' id='par_1_23' title="bbox 487 2381 673 2438">
     <span class='ocr_line' id='line_1_23' title="bbox 487 2381 673 2438; baseline 0.027 -5"><span class='ocrx_word' id='word_1_163' title='bbox 487 2381 673 2438; x_wconf 71' lang='lat' dir='ltr'><strong>tinuit.</strong></span> 
     </span>
    </p>
   </div>
   <div class='ocr_carea' id='block_1_24' title="bbox 486 2472 3775 2561">
    <p class='ocr_par' dir='ltr' id='par_1_24' title="bbox 486 2472 3775 2561">
     <span class='ocr_line' id='line_1_24' title="bbox 486 2472 3775 2561; baseline 0.007 -33"><span class='ocrx_word' id='word_1_164' title='bbox 486 2472 792 2549; x_wconf 82' lang='grc' dir='ltr'>λειπομένῳ</span> <span class='ocrx_word' id='word_1_165' title='bbox 823 2478 925 2550; x_wconf 85' lang='grc' dir='ltr'><strong>τῆς</strong></span> <span class='ocrx_word' id='word_1_166' title='bbox 979 2482 1100 2541; x_wconf 81' lang='grc' dir='ltr'>ὀδοῦ</span> <span class='ocrx_word' id='word_1_167' title='bbox 1128 2499 1141 2514; x_wconf 81' lang='grc'><em>’</em></span> <span class='ocrx_word' id='word_1_168' title='bbox 1189 2483 1311 2537; x_wconf 83' lang='grc' dir='ltr'>ὅσον</span> <span class='ocrx_word' id='word_1_169' title='bbox 1338 2484 1395 2538; x_wconf 83' lang='grc' dir='ltr'>δὲ</span> <span class='ocrx_word' id='word_1_170' title='bbox 1437 2486 1723 2557; x_wconf 72' lang='grc' dir='ltr'>προκόψας</span> <span class='ocrx_word' id='word_1_171' title='bbox 1760 2486 1896 2560; x_wconf 73' lang='grc' dir='ltr'>ἔφθη</span> <span class='ocrx_word' id='word_1_172' title='bbox 1921 2529 1937 2555; x_wconf 89' lang='grc'><strong>,</strong></span> <span class='ocrx_word' id='word_1_173' title='bbox 1996 2490 2078 2561; x_wconf 82' lang='grc' dir='ltr'>τῷ</span> <span class='ocrx_word' id='word_1_174' title='bbox 2124 2489 2273 2543; x_wconf 82' lang='grc' dir='ltr'>τέλει</span> <span class='ocrx_word' id='word_1_175' title='bbox 2312 2489 2405 2543; x_wconf 74' lang='grc' dir='ltr'><strong>καὶ</strong></span> <span class='ocrx_word' id='word_1_176' title='bbox 2428 2488 2504 2560; x_wconf 79' lang='grc' dir='ltr'>τῷ</span> <span class='ocrx_word' id='word_1_177' title='bbox 2555 2488 2795 2561; x_wconf 81' lang='grc' dir='ltr'>βραϐείῳ</span> <span class='ocrx_word' id='word_1_178' title='bbox 2815 2489 2912 2559; x_wconf 84' lang='grc' dir='ltr'>τῆς</span> <span class='ocrx_word' id='word_1_179' title='bbox 2937 2490 3049 2543; x_wconf 82' lang='grc' dir='ltr'>ἄνω</span> <span class='ocrx_word' id='word_1_180' title='bbox 3068 2487 3315 2559; x_wconf 79' lang='grc' dir='ltr'><strong>κλήσεως</strong></span> <span class='ocrx_word' id='word_1_181' title='bbox 3359 2484 3775 2559; x_wconf 79' lang='grc' dir='ltr'>προσηγγικὼς.</span> 
     </span>
    </p>
   </div>
   <div class='ocr_carea' id='block_1_25' title="bbox 485 2566 1747 2653">
    <p class='ocr_par' dir='ltr' id='par_1_25' title="bbox 485 2566 1747 2653">
     <span class='ocr_line' id='line_1_25' title="bbox 485 2566 1747 2653; baseline 0.011 -33"><span class='ocrx_word' id='word_1_182' title='bbox 485 2566 575 2621; x_wconf 77' lang='grc' dir='ltr'><strong>διά</strong></span> <span class='ocrx_word' id='word_1_183' title='bbox 601 2568 703 2641; x_wconf 83' lang='grc' dir='ltr'>τῆς</span> <span class='ocrx_word' id='word_1_184' title='bbox 727 2570 942 2637; x_wconf 79' lang='grc' dir='ltr'>ἐλπίδος</span> <span class='ocrx_word' id='word_1_185' title='bbox 972 2575 1072 2645; x_wconf 82' lang='grc' dir='ltr'>τὴν</span> <span class='ocrx_word' id='word_1_186' title='bbox 1100 2576 1376 2648; x_wconf 80' lang='grc' dir='ltr'><strong>σωτηρίαν</strong></span> <span class='ocrx_word' id='word_1_187' title='bbox 1402 2579 1747 2653; x_wconf 37' lang='grc' dir='ltr'>ἐκομίσατο..</span> 
     </span>
    </p>
   </div>
   <div class='ocr_carea' id='block_1_26' title="bbox 487 2678 1192 2740">
    <p class='ocr_par' dir='ltr' id='par_1_26' title="bbox 487 2678 1192 2740">
     <span class='ocr_line' id='line_1_26' title="bbox 487 2678 1192 2740; baseline 0.011 -8"><span class='ocrx_word' id='word_1_188' title='bbox 487 2678 558 2733; x_wconf 73' lang='grc'><strong>45</strong></span> <span class='ocrx_word' id='word_1_189' title='bbox 587 2681 665 2734; x_wconf 85' lang='lat' dir='ltr'><strong>Ne</strong></span> <span class='ocrx_word' id='word_1_190' title='bbox 690 2682 920 2737; x_wconf 78' lang='lat' dir='ltr'><strong>calidius</strong></span> <span class='ocrx_word' id='word_1_191' title='bbox 952 2685 1192 2740; x_wconf 82' lang='lat' dir='ltr'><strong>assilias.</strong></span> 
     </span>
    </p>
   </div>
   <div class='ocr_carea' id='block_1_27' title="bbox 561 2769 2087 2849">
    <p class='ocr_par' dir='ltr' id='par_1_27' title="bbox 561 2769 2087 2849">
     <span class='ocr_line' id='line_1_27' title="bbox 561 2769 2087 2849; baseline 0.01 -25"><span class='ocrx_word' id='word_1_192' title='bbox 561 2769 759 2827; x_wconf 80' lang='lat' dir='ltr'><strong>lterum</strong></span> <span class='ocrx_word' id='word_1_193' title='bbox 816 2783 1044 2832; x_wconf 81' lang='lat' dir='ltr'><strong>sanctus</strong></span> <span class='ocrx_word' id='word_1_194' title='bbox 1094 2777 1319 2834; x_wconf 82' lang='lat' dir='ltr'><strong>virtutis</strong></span> <span class='ocrx_word' id='word_1_195' title='bbox 1374 2780 1657 2849; x_wconf 81' lang='lat' dir='ltr'><strong>legislator</strong></span> <span class='ocrx_word' id='word_1_196' title='bbox 1722 2782 1974 2839; x_wconf 83' lang='lat' dir='ltr'><strong>hortatur</strong></span> <span class='ocrx_word' id='word_1_197' title='bbox 2018 2800 2087 2840; x_wconf 91' lang='lat' dir='ltr'><strong>ne</strong></span> 
     </span>
    </p>
   </div>
   <div class='ocr_carea' id='block_1_28' title="bbox 490 2862 2090 2946">
    <p class='ocr_par' dir='ltr' id='par_1_28' title="bbox 490 2862 2090 2946">
     <span class='ocr_line' id='line_1_28' title="bbox 490 2862 2090 2946; baseline 0.009 -29"><span class='ocrx_word' id='word_1_198' title='bbox 490 2862 697 2933; x_wconf 86' lang='lat' dir='ltr'><strong>impetu</strong></span> <span class='ocrx_word' id='word_1_199' title='bbox 732 2866 936 2932; x_wconf 90' lang='lat' dir='ltr'><strong>irruas,</strong></span> <span class='ocrx_word' id='word_1_200' title='bbox 996 2884 1172 2939; x_wconf 90' lang='lat' dir='ltr'><strong>neque</strong></span> <span class='ocrx_word' id='word_1_201' title='bbox 1222 2870 1533 2940; x_wconf 88' lang='lat' dir='ltr'><strong>petulanter</strong></span> <span class='ocrx_word' id='word_1_202' title='bbox 1610 2874 1869 2943; x_wconf 85' lang='lat' dir='ltr'><strong>cperibus</strong></span> <span class='ocrx_word' id='word_1_203' title='bbox 1922 2890 2090 2946; x_wconf 88' lang='lat' dir='ltr'><strong>supra</strong></span> 
     </span>
    </p>
   </div>
   <div class='ocr_carea' id='block_1_29' title="bbox 491 2956 2087 3033">
    <p class='ocr_par' dir='ltr' id='par_1_29' title="bbox 491 2956 2087 3033">
     <span class='ocr_line' id='line_1_29' title="bbox 491 2956 2087 3033; baseline 0.008 -25"><span class='ocrx_word' id='word_1_204' title='bbox 491 2956 635 3010; x_wconf 83' lang='lat' dir='ltr'><strong>vires</strong></span> <span class='ocrx_word' id='word_1_205' title='bbox 670 2964 765 3011; x_wconf 91' lang='lat' dir='ltr'><strong>aut</strong></span> <span class='ocrx_word' id='word_1_206' title='bbox 802 2960 1362 3031; x_wconf 82' lang='lat' dir='ltr'><strong>contemplationibns</strong></span> <span class='ocrx_word' id='word_1_207' title='bbox 1406 2962 1733 3020; x_wconf 90' lang='lat' dir='ltr'><strong>sublimibus</strong></span> <span class='ocrx_word' id='word_1_208' title='bbox 1768 2967 2087 3033; x_wconf 68' lang='lat' dir='ltr'><strong>extollaris;</strong></span> 
     </span>
    </p>
   </div>
   <div class='ocr_carea' id='block_1_30' title="bbox 491 3046 2103 3125">
    <p class='ocr_par' dir='ltr' id='par_1_30' title="bbox 491 3046 2103 3125">
     <span class='ocr_line' id='line_1_30' title="bbox 491 3046 2103 3125; baseline 0.009 -24"><span class='ocrx_word' id='word_1_209' title='bbox 491 3046 547 3101; x_wconf 79' lang='lat' dir='ltr'><strong>in</strong></span> <span class='ocrx_word' id='word_1_210' title='bbox 580 3048 781 3117; x_wconf 90' lang='lat' dir='ltr'><strong>quibus</strong></span> <span class='ocrx_word' id='word_1_211' title='bbox 828 3059 1010 3104; x_wconf 87' lang='lat' dir='ltr'><strong>autem</strong></span> <span class='ocrx_word' id='word_1_212' title='bbox 1048 3050 1210 3107; x_wconf 90' lang='lat' dir='ltr'><strong>rebus</strong></span> <span class='ocrx_word' id='word_1_213' title='bbox 1237 3053 1437 3123; x_wconf 89' lang='lat' dir='ltr'><strong>aliquis</strong></span> <span class='ocrx_word' id='word_1_214' title='bbox 1472 3071 1569 3124; x_wconf 88' lang='lat' dir='ltr'><strong>per</strong></span> <span class='ocrx_word' id='word_1_215' title='bbox 1603 3056 1873 3124; x_wconf 88' lang='lat' dir='ltr'><strong>judicium</strong></span> <span class='ocrx_word' id='word_1_216' title='bbox 1920 3069 1974 3114; x_wconf 89' lang='lat' dir='ltr'><strong>et</strong></span> <span class='ocrx_word' id='word_1_217' title='bbox 1997 3075 2103 3125; x_wconf 81' lang='lat' dir='ltr'><strong>co-,</strong></span> 
     </span>
    </p>
   </div>
   <div class='ocr_carea' id='block_1_31' title="bbox 492 3138 2093 3223">
    <p class='ocr_par' dir='ltr' id='par_1_31' title="bbox 492 3138 2093 3223">
     <span class='ocr_line' id='line_1_31' title="bbox 492 3138 2093 3223; baseline 0.01 -31"><span class='ocrx_word' id='word_1_218' title='bbox 492 3138 789 3210; x_wconf 82' lang='lat' dir='ltr'><strong>gitationes</strong></span> <span class='ocrx_word' id='word_1_219' title='bbox 843 3142 1147 3211; x_wconf 90' lang='lat' dir='ltr'><strong>prudentes</strong></span> <span class='ocrx_word' id='word_1_220' title='bbox 1198 3152 1253 3200; x_wconf 91' lang='lat' dir='ltr'><strong>et</strong></span> <span class='ocrx_word' id='word_1_221' title='bbox 1306 3146 1695 3202; x_wconf 83' lang='lat' dir='ltr'><strong>confidentiam</strong></span> <span class='ocrx_word' id='word_1_222' title='bbox 1751 3159 1909 3207; x_wconf 90' lang='lat' dir='ltr'><strong>actus</strong></span> <span class='ocrx_word' id='word_1_223' title='bbox 1953 3168 2093 3223; x_wconf 89' lang='lat' dir='ltr'><strong>quos</strong></span> 
     </span>
    </p>
   </div>
   <div class='ocr_carea' id='block_1_32' title="bbox 494 3231 2097 3307">
    <p class='ocr_par' dir='ltr' id='par_1_32' title="bbox 494 3231 2097 3307">
     <span class='ocr_line' id='line_1_32' title="bbox 494 3231 2097 3307; baseline 0.01 -24"><span class='ocrx_word' id='word_1_224' title='bbox 494 3231 785 3302; x_wconf 65' lang='lat' dir='ltr'><strong>reputavit</strong></span> <span class='ocrx_word' id='word_1_225' title='bbox 834 3232 1205 3305; x_wconf 82' lang='lat' dir='ltr'><strong>undequaque</strong></span> <span class='ocrx_word' id='word_1_226' title='bbox 1276 3236 1796 3307; x_wconf 81' lang='lat' dir='ltr'><strong>irreprehensibiles</strong></span> <span class='ocrx_word' id='word_1_227' title='bbox 1846 3243 2097 3299; x_wconf 88' lang='lat' dir='ltr'><strong>animad-</strong></span> 
     </span>
    </p>
   </div>
   <div class='ocr_carea' id='block_1_33' title="bbox 492 3326 2097 3395">
    <p class='ocr_par' dir='ltr' id='par_1_33' title="bbox 492 3326 2097 3395">
     <span class='ocr_line' id='line_1_33' title="bbox 492 3326 2097 3395; baseline 0.01 -19"><span class='ocrx_word' id='word_1_228' title='bbox 492 3331 713 3379; x_wconf 78' lang='lat' dir='ltr'><strong>vertetis</strong></span> <span class='ocrx_word' id='word_1_229' title='bbox 764 3326 1106 3395; x_wconf 73' lang='lat' dir='ltr'><strong>cognoverit,</strong></span> <span class='ocrx_word' id='word_1_230' title='bbox 1171 3328 1226 3382; x_wconf 93' lang='lat' dir='ltr'><strong>in</strong></span> <span class='ocrx_word' id='word_1_231' title='bbox 1280 3328 1368 3385; x_wconf 89' lang='lat' dir='ltr'><strong>his</strong></span> <span class='ocrx_word' id='word_1_232' title='bbox 1412 3331 1568 3385; x_wconf 89' lang='lat' dir='ltr'><strong>decct</strong></span> <span class='ocrx_word' id='word_1_233' title='bbox 1604 3338 1664 3386; x_wconf 91' lang='lat' dir='ltr'><strong>ut</strong></span> <span class='ocrx_word' id='word_1_234' title='bbox 1721 3333 1992 3390; x_wconf 85' lang='lat' dir='ltr'><strong>stabiliter</strong></span> <span class='ocrx_word' id='word_1_235' title='bbox 2040 3338 2097 3392; x_wconf 76' lang='lat' dir='ltr'><strong>et</strong></span> 
     </span>
    </p>
   </div>
   <div class='ocr_carea' id='block_1_34' title="bbox 494 3410 2083 3493">
    <p class='ocr_par' dir='ltr' id='par_1_34' title="bbox 494 3410 2083 3493">
     <span class='ocr_line' id='line_1_34' title="bbox 494 3410 2083 3493; baseline 0.01 -29"><span class='ocrx_word' id='word_1_236' title='bbox 494 3410 616 3466; x_wconf 84' lang='lat' dir='ltr'><strong>sine</strong></span> <span class='ocrx_word' id='word_1_237' title='bbox 687 3413 989 3468; x_wconf 88' lang='lat' dir='ltr'><strong>mutatione</strong></span> <span class='ocrx_word' id='word_1_238' title='bbox 1064 3426 1412 3485; x_wconf 88' lang='lat' dir='ltr'><strong>permaneat,</strong></span> <span class='ocrx_word' id='word_1_239' title='bbox 1462 3418 1640 3475; x_wconf 91' lang='lat' dir='ltr'><strong>donec</strong></span> <span class='ocrx_word' id='word_1_240' title='bbox 1696 3420 1808 3476; x_wconf 89' lang='lat' dir='ltr'><strong>Deo</strong></span> <span class='ocrx_word' id='word_1_241' title='bbox 1860 3423 2083 3493; x_wconf 79' lang='lat' dir='ltr'><strong>dignius</strong></span> 
     </span>
    </p>
   </div>
   <div class='ocr_carea' id='block_1_35' title="bbox 495 3501 2081 3583">
    <p class='ocr_par' dir='ltr' id='par_1_35' title="bbox 495 3501 2081 3583">
     <span class='ocr_line' id='line_1_35' title="bbox 495 3501 2081 3583; baseline 0.009 -29"><span class='ocrx_word' id='word_1_242' title='bbox 495 3501 706 3572; x_wconf 77' lang='lat' dir='ltr'><strong>aliquid</strong></span> <span class='ocrx_word' id='word_1_243' title='bbox 733 3503 802 3557; x_wconf 88' lang='lat' dir='ltr'><strong>ab</strong></span> <span class='ocrx_word' id='word_1_244' title='bbox 832 3505 943 3558; x_wconf 92' lang='lat' dir='ltr'><strong>alto</strong></span> <span class='ocrx_word' id='word_1_245' title='bbox 972 3504 1074 3575; x_wconf 90' lang='lat' dir='ltr'><strong>ipsi</strong></span> <span class='ocrx_word' id='word_1_246' title='bbox 1104 3506 1457 3578; x_wconf 79' lang='lat' dir='ltr'><strong>designetur;</strong></span> <span class='ocrx_word' id='word_1_247' title='bbox 1482 3510 1659 3581; x_wconf 83' lang='lat' dir='ltr'><strong>magis</strong></span> <span class='ocrx_word' id='word_1_248' title='bbox 1680 3512 1825 3566; x_wconf 89' lang='lat' dir='ltr'><strong>enim</strong></span> <span class='ocrx_word' id='word_1_249' title='bbox 1859 3514 2081 3583; x_wconf 84' lang='lat' dir='ltr'><strong>expedit</strong></span> 
     </span>
    </p>
   </div>
   <div class='ocr_carea' id='block_1_36' title="bbox 499 3594 2083 3673">
    <p class='ocr_par' dir='ltr' id='par_1_36' title="bbox 499 3594 2083 3673">
     <span class='ocr_line' id='line_1_36' title="bbox 499 3594 2083 3673; baseline 0.009 -27"><span class='ocrx_word' id='word_1_250' title='bbox 499 3594 788 3650; x_wconf 86' lang='lat' dir='ltr'><strong>humiliora</strong></span> <span class='ocrx_word' id='word_1_251' title='bbox 816 3597 1002 3654; x_wconf 89' lang='lat' dir='ltr'><strong>multis</strong></span> <span class='ocrx_word' id='word_1_252' title='bbox 1032 3602 1302 3654; x_wconf 73' lang='lat' dir='ltr'><strong>testimata</strong></span> <span class='ocrx_word' id='word_1_253' title='bbox 1341 3601 1637 3673; x_wconf 81' lang='lat' dir='ltr'><strong>eligentem</strong></span> <span class='ocrx_word' id='word_1_254' title='bbox 1682 3618 1876 3673; x_wconf 88' lang='lat' dir='ltr'><strong>parum</strong></span> <span class='ocrx_word' id='word_1_255' title='bbox 1908 3604 1961 3658; x_wconf 91' lang='lat' dir='ltr'><strong>in</strong></span> <span class='ocrx_word' id='word_1_256' title='bbox 1996 3604 2083 3661; x_wconf 87' lang='lat' dir='ltr'><strong>bis</strong></span> 
     </span>
    </p>
   </div>
   <div class='ocr_carea' id='block_1_37' title="bbox 497 3688 2082 3767">
    <p class='ocr_par' dir='ltr' id='par_1_37' title="bbox 497 3688 2082 3767">
     <span class='ocr_line' id='line_1_37' title="bbox 497 3688 2082 3767; baseline 0.009 -30"><span class='ocrx_word' id='word_1_257' title='bbox 497 3688 750 3757; x_wconf 87' lang='lat' dir='ltr'><strong>progredi</strong></span> <span class='ocrx_word' id='word_1_258' title='bbox 776 3704 940 3758; x_wconf 90' lang='lat' dir='ltr'><strong>quam</strong></span> <span class='ocrx_word' id='word_1_259' title='bbox 972 3690 1230 3746; x_wconf 87' lang='lat' dir='ltr'><strong>sublimia</strong></span> <span class='ocrx_word' id='word_1_260' title='bbox 1256 3694 1636 3764; x_wconf 85' lang='lat' dir='ltr'><strong>intempestive</strong></span> <span class='ocrx_word' id='word_1_261' title='bbox 1676 3704 1788 3750; x_wconf 90' lang='lat' dir='ltr'><strong>tum</strong></span> <span class='ocrx_word' id='word_1_262' title='bbox 1811 3696 1863 3750; x_wconf 91' lang='lat' dir='ltr'><strong>in</strong></span> <span class='ocrx_word' id='word_1_263' title='bbox 1892 3698 2082 3767; x_wconf 75' lang='lat' dir='ltr'><strong>gradi-</strong></span> 
     </span>
    </p>
   </div>
   <div class='ocr_carea' id='block_1_38' title="bbox 496 3779 2081 3858">
    <p class='ocr_par' dir='ltr' id='par_1_38' title="bbox 496 3779 2081 3858">
     <span class='ocr_line' id='line_1_38' title="bbox 496 3779 2081 3858; baseline 0.007 -25"><span class='ocrx_word' id='word_1_264' title='bbox 496 3779 601 3835; x_wconf 88' lang='lat' dir='ltr'><strong>bus</strong></span> <span class='ocrx_word' id='word_1_265' title='bbox 625 3781 801 3837; x_wconf 87' lang='lat' dir='ltr'><strong>sacris</strong></span> <span class='ocrx_word' id='word_1_266' title='bbox 830 3790 945 3837; x_wconf 73' lang='lat' dir='ltr'><strong>tum</strong></span> <span class='ocrx_word' id='word_1_267' title='bbox 981 3783 1033 3837; x_wconf 90' lang='lat' dir='ltr'><strong>in</strong></span> <span class='ocrx_word' id='word_1_268' title='bbox 1063 3785 1187 3840; x_wconf 90' lang='lat' dir='ltr'><strong>aliis</strong></span> <span class='ocrx_word' id='word_1_269' title='bbox 1223 3801 1334 3856; x_wconf 71' lang='lat' dir='ltr'><strong>pra:</strong></span> <span class='ocrx_word' id='word_1_270' title='bbox 1375 3787 1676 3843; x_wconf 81' lang='lat' dir='ltr'><strong>ambitione</strong></span> <span class='ocrx_word' id='word_1_271' title='bbox 1725 3797 2081 3858; x_wconf 61' lang='lat' dir='ltr'><strong>quaerentem,</strong></span> 
     </span>
    </p>
   </div>
   <div class='ocr_carea' id='block_1_39' title="bbox 496 3880 2085 3949">
    <p class='ocr_par' dir='ltr' id='par_1_39' title="bbox 496 3880 2085 3949">
     <span class='ocr_line' id='line_1_39' title="bbox 496 3880 2085 3949; baseline 0.003 -19"><span class='ocrx_word' id='word_1_272' title='bbox 496 3891 621 3930; x_wconf 75' lang='lat' dir='ltr'><strong>mox</strong></span> <span class='ocrx_word' id='word_1_273' title='bbox 644 3892 967 3949; x_wconf 83' lang='lat' dir='ltr'><strong>progressus</strong></span> <span class='ocrx_word' id='word_1_274' title='bbox 996 3880 1239 3935; x_wconf 85' lang='lat' dir='ltr'><strong>minuere</strong></span> <span class='ocrx_word' id='word_1_275' title='bbox 1259 3889 1313 3936; x_wconf 88' lang='lat' dir='ltr'><strong>et</strong></span> <span class='ocrx_word' id='word_1_276' title='bbox 1339 3880 1590 3936; x_wconf 88' lang='lat' dir='ltr'><strong>decidere</strong></span> <span class='ocrx_word' id='word_1_277' title='bbox 1605 3893 1657 3936; x_wconf 90' lang='lat' dir='ltr'><strong>et</strong></span> <span class='ocrx_word' id='word_1_278' title='bbox 1677 3883 1941 3939; x_wconf 89' lang='lat' dir='ltr'><strong>minorem</strong></span> <span class='ocrx_word' id='word_1_279' title='bbox 1968 3882 2085 3937; x_wconf 86' lang='lat' dir='ltr'><strong>lieri</strong></span> 
     </span>
    </p>
   </div>
   <div class='ocr_carea' id='block_1_40' title="bbox 499 3964 2133 4047">
    <p class='ocr_par' dir='ltr' id='par_1_40' title="bbox 499 3964 2133 4047">
     <span class='ocr_line' id='line_1_40' title="bbox 499 3964 2133 4047; baseline 0.007 -28"><span class='ocrx_word' id='word_1_280' title='bbox 499 3964 555 4020; x_wconf 89' lang='lat' dir='ltr'><strong>in</strong></span> <span class='ocrx_word' id='word_1_281' title='bbox 587 3967 770 4022; x_wconf 85' lang='lat' dir='ltr'><strong>bone:</strong></span> <span class='ocrx_word' id='word_1_282' title='bbox 804 3970 933 4023; x_wconf 84' lang='lat' dir='ltr'><strong>mali</strong></span> <span class='ocrx_word' id='word_1_283' title='bbox 973 3971 1120 4024; x_wconf 91' lang='lat' dir='ltr'><strong>enim</strong></span> <span class='ocrx_word' id='word_1_284' title='bbox 1156 3968 1268 4026; x_wconf 91' lang='lat' dir='ltr'><strong>Deo</strong></span> <span class='ocrx_word' id='word_1_285' title='bbox 1310 3982 1540 4028; x_wconf 84' lang='lat' dir='ltr'><strong>auctore</strong></span> <span class='ocrx_word' id='word_1_286' title='bbox 1567 3983 1833 4028; x_wconf 82' lang='lat' dir='ltr'><strong>vucautur</strong></span> <span class='ocrx_word' id='word_1_287' title='bbox 1855 3990 1963 4029; x_wconf 93' lang='lat' dir='ltr'><strong>non</strong></span> <span class='ocrx_word' id='word_1_288' title='bbox 1993 3977 2086 4047; x_wconf 94' lang='lat' dir='ltr'><strong>qui</strong></span> <span class='ocrx_word' id='word_1_289' title='bbox 2126 4014 2133 4021; x_wconf 84' lang='grc'><strong>-</strong></span> 
     </span>
    </p>
   </div>
   <div class='ocr_carea' id='block_1_41' title="bbox 500 4056 2091 4124">
    <p class='ocr_par' dir='ltr' id='par_1_41' title="bbox 500 4056 2091 4124">
     <span class='ocr_line' id='line_1_41' title="bbox 500 4056 2091 4124; baseline 0.009 -15"><span class='ocrx_word' id='word_1_290' title='bbox 500 4056 746 4111; x_wconf 83' lang='lat' dir='ltr'><strong>infimum</strong></span> <span class='ocrx_word' id='word_1_291' title='bbox 778 4064 833 4114; x_wconf 90' lang='lat' dir='ltr'><strong>et</strong></span> <span class='ocrx_word' id='word_1_292' title='bbox 880 4059 1245 4116; x_wconf 88' lang='lat' dir='ltr'><strong>humillimum</strong></span> <span class='ocrx_word' id='word_1_293' title='bbox 1281 4062 1423 4118; x_wconf 88' lang='lat' dir='ltr'><strong>inter</strong></span> <span class='ocrx_word' id='word_1_294' title='bbox 1461 4064 1714 4121; x_wconf 92' lang='lat' dir='ltr'><strong>homines</strong></span> <span class='ocrx_word' id='word_1_295' title='bbox 1752 4068 1932 4121; x_wconf 89' lang='lat' dir='ltr'><strong>sortiti</strong></span> <span class='ocrx_word' id='word_1_296' title='bbox 1961 4079 2091 4124; x_wconf 89' lang='lat' dir='ltr'><strong>sunt</strong></span> 
     </span>
    </p>
   </div>
   <div class='ocr_carea' id='block_1_42' title="bbox 499 4147 2090 4230">
    <p class='ocr_par' dir='ltr' id='par_1_42' title="bbox 499 4147 2090 4230">
     <span class='ocr_line' id='line_1_42' title="bbox 499 4147 2090 4230; baseline 0.01 -29"><span class='ocrx_word' id='word_1_297' title='bbox 499 4147 705 4214; x_wconf 84' lang='lat' dir='ltr'><strong>locum,</strong></span> <span class='ocrx_word' id='word_1_298' title='bbox 732 4150 828 4204; x_wconf 89' lang='lat' dir='ltr'><strong>sed</strong></span> <span class='ocrx_word' id='word_1_299' title='bbox 856 4150 951 4221; x_wconf 89' lang='lat' dir='ltr'><strong>qui</strong></span> <span class='ocrx_word' id='word_1_300' title='bbox 973 4153 1091 4206; x_wconf 91' lang='lat' dir='ltr'><strong>zelo</strong></span> <span class='ocrx_word' id='word_1_301' title='bbox 1126 4153 1326 4208; x_wconf 87' lang='lat' dir='ltr'><strong>rationi</strong></span> <span class='ocrx_word' id='word_1_302' title='bbox 1354 4171 1464 4209; x_wconf 92' lang='lat' dir='ltr'><strong>non</strong></span> <span class='ocrx_word' id='word_1_303' title='bbox 1486 4168 1859 4213; x_wconf 78' lang='lat' dir='ltr'><strong>consentanea</strong></span> <span class='ocrx_word' id='word_1_304' title='bbox 1878 4160 2090 4230; x_wconf 82' lang='lat' dir='ltr'><strong>seipsos</strong></span> 
     </span>
    </p>
   </div>
   <div class='ocr_carea' id='block_1_43' title="bbox 500 4243 2090 4324">
    <p class='ocr_par' dir='ltr' id='par_1_43' title="bbox 500 4243 2090 4324">
     <span class='ocr_line' id='line_1_43' title="bbox 500 4243 2090 4324; baseline 0.01 -31"><span class='ocrx_word' id='word_1_305' title='bbox 500 4243 744 4296; x_wconf 82' lang='lat' dir='ltr'><strong>exaltant</strong></span> <span class='ocrx_word' id='word_1_306' title='bbox 782 4259 893 4314; x_wconf 74' lang='lat' dir='ltr'><strong>pra:</strong></span> <span class='ocrx_word' id='word_1_307' title='bbox 941 4246 1201 4316; x_wconf 88' lang='lat' dir='ltr'><strong>superbia</strong></span> <span class='ocrx_word' id='word_1_308' title='bbox 1256 4255 1311 4304; x_wconf 86' lang='lat' dir='ltr'><strong>et</strong></span> <span class='ocrx_word' id='word_1_309' title='bbox 1343 4247 1493 4303; x_wconf 90' lang='lat' dir='ltr'><strong>humi</strong></span> <span class='ocrx_word' id='word_1_310' title='bbox 1547 4249 1755 4304; x_wconf 89' lang='lat' dir='ltr'><strong>cadunt</strong></span> <span class='ocrx_word' id='word_1_311' title='bbox 1784 4267 1897 4321; x_wconf 65' lang='lat' dir='ltr'><strong>pra:</strong></span> <span class='ocrx_word' id='word_1_312' title='bbox 1931 4262 2090 4324; x_wconf 85' lang='lat' dir='ltr'><strong>petu-</strong></span> 
     </span>
    </p>
   </div>
   <div class='ocr_carea' id='block_1_44' title="bbox 502 4330 695 4389">
    <p class='ocr_par' dir='ltr' id='par_1_44' title="bbox 502 4330 695 4389">
     <span class='ocr_line' id='line_1_44' title="bbox 502 4330 695 4389; baseline 0.021 -4"><span class='ocrx_word' id='word_1_313' title='bbox 502 4330 695 4389; x_wconf 87' lang='lat' dir='ltr'><strong>lantia.</strong></span> 
     </span>
    </p>
   </div>
   <div class='ocr_carea' id='block_1_45' title="bbox 501 4469 2090 4545">
    <p class='ocr_par' dir='ltr' id='par_1_45' title="bbox 501 4469 2090 4545">
     <span class='ocr_line' id='line_1_45' title="bbox 501 4469 2090 4545; baseline 0.006 -21"><span class='ocrx_word' id='word_1_314' title='bbox 501 4469 573 4525; x_wconf 69' lang='lat'><strong>49</strong></span> <span class='ocrx_word' id='word_1_315' title='bbox 621 4469 712 4525; x_wconf 85' lang='lat' dir='ltr'><strong>Vel</strong></span> <span class='ocrx_word' id='word_1_316' title='bbox 755 4471 882 4526; x_wconf 80' lang='lat' dir='ltr'><strong>levis</strong></span> <span class='ocrx_word' id='word_1_317' title='bbox 919 4472 1159 4528; x_wconf 77' lang='lat' dir='ltr'><strong>scintilla</strong></span> <span class='ocrx_word' id='word_1_318' title='bbox 1208 4473 1465 4544; x_wconf 81' lang='lat' dir='ltr'><strong>ingentem</strong></span> <span class='ocrx_word' id='word_1_319' title='bbox 1514 4476 1789 4545; x_wconf 76' lang='lat' dir='ltr'><strong>ﬂammam</strong></span> <span class='ocrx_word' id='word_1_320' title='bbox 1830 4477 2090 4533; x_wconf 85' lang='lat' dir='ltr'><strong>accendit.</strong></span> 
     </span>
    </p>
   </div>
   <div class='ocr_carea' id='block_1_46' title="bbox 576 4629 2097 4707">
    <p class='ocr_par' dir='ltr' id='par_1_46' title="bbox 576 4629 2097 4707">
     <span class='ocr_line' id='line_1_46' title="bbox 576 4629 2097 4707; baseline 0.006 -24"><span class='ocrx_word' id='word_1_321' title='bbox 576 4629 1044 4696; x_wconf 86' lang='lat' dir='ltr'><strong>Quemadmodum</strong></span> <span class='ocrx_word' id='word_1_322' title='bbox 1108 4635 1377 4689; x_wconf 89' lang='lat' dir='ltr'><strong>seminum</strong></span> <span class='ocrx_word' id='word_1_323' title='bbox 1480 4636 1915 4707; x_wconf 84' lang='lat' dir='ltr'><strong>unumquodque</strong></span> <span class='ocrx_word' id='word_1_324' title='bbox 1992 4639 2097 4692; x_wconf 91' lang='lat' dir='ltr'><strong>mi-</strong></span> 
     </span>
    </p>
   </div>
   <div class='ocr_carea' id='block_1_47' title="bbox 504 4722 2093 4794">
    <p class='ocr_par' dir='ltr' id='par_1_47' title="bbox 504 4722 2093 4794">
     <span class='ocr_line' id='line_1_47' title="bbox 504 4722 2093 4794; baseline 0.004 -18"><span class='ocrx_word' id='word_1_325' title='bbox 504 4722 715 4777; x_wconf 89' lang='lat' dir='ltr'><strong>nimum</strong></span> <span class='ocrx_word' id='word_1_326' title='bbox 772 4740 898 4779; x_wconf 90' lang='lat' dir='ltr'><strong>cum</strong></span> <span class='ocrx_word' id='word_1_327' title='bbox 934 4728 1027 4794; x_wconf 90' lang='lat' dir='ltr'><strong>sit,</strong></span> <span class='ocrx_word' id='word_1_328' title='bbox 1070 4726 1161 4780; x_wconf 89' lang='lat' dir='ltr'><strong>ubi</strong></span> <span class='ocrx_word' id='word_1_329' title='bbox 1194 4724 1392 4781; x_wconf 88' lang='lat' dir='ltr'><strong>cecidit</strong></span> <span class='ocrx_word' id='word_1_330' title='bbox 1443 4727 1495 4780; x_wconf 95' lang='lat' dir='ltr'><strong>in</strong></span> <span class='ocrx_word' id='word_1_331' title='bbox 1526 4735 1726 4781; x_wconf 86' lang='lat' dir='ltr'><strong>terram</strong></span> <span class='ocrx_word' id='word_1_332' title='bbox 1753 4737 1807 4782; x_wconf 90' lang='lat' dir='ltr'><strong>et</strong></span> <span class='ocrx_word' id='word_1_333' title='bbox 1841 4728 2093 4784; x_wconf 87' lang='lat' dir='ltr'><strong>idoneum</strong></span> 
     </span>
    </p>
   </div>
   <div class='ocr_carea' id='block_1_48' title="bbox 505 4815 2094 4884">
    <p class='ocr_par' dir='ltr' id='par_1_48' title="bbox 505 4815 2094 4884">
     <span class='ocr_line' id='line_1_48' title="bbox 505 4815 2094 4884; baseline 0.004 -15"><span class='ocrx_word' id='word_1_334' title='bbox 505 4815 824 4871; x_wconf 86' lang='lat' dir='ltr'><strong>alimentum</strong></span> <span class='ocrx_word' id='word_1_335' title='bbox 853 4817 1066 4873; x_wconf 90' lang='lat' dir='ltr'><strong>invenit</strong></span> <span class='ocrx_word' id='word_1_336' title='bbox 1090 4826 1145 4871; x_wconf 92' lang='lat' dir='ltr'><strong>et</strong></span> <span class='ocrx_word' id='word_1_337' title='bbox 1173 4816 1530 4872; x_wconf 89' lang='lat' dir='ltr'><strong>tumefactum</strong></span> <span class='ocrx_word' id='word_1_338' title='bbox 1556 4818 1721 4884; x_wconf 87' lang='lat' dir='ltr'><strong>est,_in</strong></span> <span class='ocrx_word' id='word_1_339' title='bbox 1752 4819 2094 4876; x_wconf 90' lang='lat' dir='ltr'><strong>altitudinem</strong></span> 
     </span>
    </p>
   </div>
   <div class='ocr_carea' id='block_1_49' title="bbox 506 4905 2096 4977">
    <p class='ocr_par' dir='ltr' id='par_1_49' title="bbox 506 4905 2096 4977">
     <span class='ocr_line' id='line_1_49' title="bbox 506 4905 2096 4977; baseline 0.003 -19"><span class='ocrx_word' id='word_1_340' title='bbox 506 4905 766 4975; x_wconf 86' lang='lat' dir='ltr'><strong>paulatim</strong></span> <span class='ocrx_word' id='word_1_341' title='bbox 802 4907 1005 4962; x_wconf 91' lang='lat' dir='ltr'><strong>crescit</strong></span> <span class='ocrx_word' id='word_1_342' title='bbox 1034 4914 1088 4963; x_wconf 87' lang='lat' dir='ltr'><strong>et</strong></span> <span class='ocrx_word' id='word_1_343' title='bbox 1115 4907 1272 4976; x_wconf 83' lang='lat' dir='ltr'><strong>juxta</strong></span> <span class='ocrx_word' id='word_1_344' title='bbox 1296 4921 1470 4977; x_wconf 85' lang='lat' dir='ltr'><strong>genus</strong></span> <span class='ocrx_word' id='word_1_345' title='bbox 1502 4922 1647 4961; x_wconf 87' lang='lat' dir='ltr'><strong>nunc</strong></span> <span class='ocrx_word' id='word_1_346' title='bbox 1678 4908 2096 4977; x_wconf 68' lang='lat' dir='ltr'><strong>multiplicatur,</strong></span> 
     </span>
    </p>
   </div>
   <div class='ocr_carea' id='block_1_50' title="bbox 506 4996 2099 5067">
    <p class='ocr_par' dir='ltr' id='par_1_50' title="bbox 506 4996 2099 5067">
     <span class='ocr_line' id='line_1_50' title="bbox 506 4996 2099 5067; baseline -0.002 -13"><span class='ocrx_word' id='word_1_347' title='bbox 506 4998 651 5054; x_wconf 86' lang='lat' dir='ltr'><strong>sicut</strong></span> <span class='ocrx_word' id='word_1_348' title='bbox 679 5005 734 5053; x_wconf 90' lang='lat' dir='ltr'><strong>et</strong></span> <span class='ocrx_word' id='word_1_349' title='bbox 776 4998 1015 5053; x_wconf 86' lang='lat' dir='ltr'><strong>scintilla</strong></span> <span class='ocrx_word' id='word_1_350' title='bbox 1043 5014 1107 5054; x_wconf 81' lang='lat' dir='ltr'><strong>ex</strong></span> <span class='ocrx_word' id='word_1_351' title='bbox 1141 4999 1297 5053; x_wconf 87' lang='lat' dir='ltr'><strong>silice</strong></span> <span class='ocrx_word' id='word_1_352' title='bbox 1340 4997 1484 5067; x_wconf 88' lang='lat' dir='ltr'><strong>quod</strong></span> <span class='ocrx_word' id='word_1_353' title='bbox 1517 4997 1662 5051; x_wconf 84' lang='lat' dir='ltr'><strong>ferro</strong></span> <span class='ocrx_word' id='word_1_354' title='bbox 1699 4996 1962 5054; x_wconf 82' lang='lat' dir='ltr'><strong>caedimus</strong></span> <span class='ocrx_word' id='word_1_355' title='bbox 1996 4999 2099 5052; x_wconf 91' lang='lat' dir='ltr'><strong>mi-</strong></span> 
     </span>
    </p>
   </div>
   <div class='ocr_carea' id='block_1_51' title="bbox 506 5087 2099 5160">
    <p class='ocr_par' dir='ltr' id='par_1_51' title="bbox 506 5087 2099 5160">
     <span class='ocr_line' id='line_1_51' title="bbox 506 5087 2099 5160; baseline -0.001 -15"><span class='ocrx_word' id='word_1_356' title='bbox 506 5091 678 5156; x_wconf 88' lang='lat' dir='ltr'><strong>nima,</strong></span> <span class='ocrx_word' id='word_1_357' title='bbox 706 5090 907 5160; x_wconf 87' lang='lat' dir='ltr'><strong>agitata</strong></span> <span class='ocrx_word' id='word_1_358' title='bbox 940 5091 993 5144; x_wconf 90' lang='lat' dir='ltr'><strong>in</strong></span> <span class='ocrx_word' id='word_1_359' title='bbox 1028 5104 1278 5159; x_wconf 89' lang='lat' dir='ltr'><strong>magnam</strong></span> <span class='ocrx_word' id='word_1_360' title='bbox 1330 5090 1583 5159; x_wconf 91' lang='lat' dir='ltr'><strong>prorupit</strong></span> <span class='ocrx_word' id='word_1_361' title='bbox 1615 5087 1913 5151; x_wconf 83' lang='lat' dir='ltr'><strong>ﬂammam,</strong></span> <span class='ocrx_word' id='word_1_362' title='bbox 1953 5091 2099 5145; x_wconf 88' lang='lat' dir='ltr'><strong>sicut</strong></span> 
     </span>
    </p>
   </div>
   <div class='ocr_carea' id='block_1_52' title="bbox 448 5162 2099 5251">
    <p class='ocr_par' dir='ltr' id='par_1_52' title="bbox 448 5162 2099 5251">
     <span class='ocr_line' id='line_1_52' title="bbox 448 5162 2099 5251; baseline -0.002 -16"><span class='ocrx_word' id='word_1_363' title='bbox 448 5162 463 5171; x_wconf 61' lang='grc'><strong>’</strong></span> <span class='ocrx_word' id='word_1_364' title='bbox 505 5190 561 5235; x_wconf 91' lang='lat' dir='ltr'><strong>et</strong></span> <span class='ocrx_word' id='word_1_365' title='bbox 613 5180 812 5251; x_wconf 69' lang='lat' dir='ltr'><strong>viperae</strong></span> <span class='ocrx_word' id='word_1_366' title='bbox 866 5193 1140 5235; x_wconf 84' lang='lat' dir='ltr'><strong>venenum</strong></span> <span class='ocrx_word' id='word_1_367' title='bbox 1183 5179 1407 5247; x_wconf 76' lang='lat' dir='ltr'><strong>guttula:</strong></span> <span class='ocrx_word' id='word_1_368' title='bbox 1436 5178 1615 5232; x_wconf 85' lang='lat' dir='ltr'><strong>simile</strong></span> <span class='ocrx_word' id='word_1_369' title='bbox 1648 5179 1881 5233; x_wconf 89' lang='lat' dir='ltr'><strong>latenter</strong></span> <span class='ocrx_word' id='word_1_370' title='bbox 1921 5177 2099 5231; x_wconf 91' lang='lat' dir='ltr'><strong>homi-</strong></span> 
     </span>
    </p>
   </div>
   <div class='ocr_carea' id='block_1_53' title="bbox 505 5270 2091 5342">
    <p class='ocr_par' dir='ltr' id='par_1_53' title="bbox 505 5270 2091 5342">
     <span class='ocr_line' id='line_1_53' title="bbox 505 5270 2091 5342; baseline -0.001 -16"><span class='ocrx_word' id='word_1_371' title='bbox 505 5273 590 5328; x_wconf 88' lang='lat' dir='ltr'><strong>nis</strong></span> <span class='ocrx_word' id='word_1_372' title='bbox 620 5287 823 5342; x_wconf 85' lang='lat' dir='ltr'><strong>corpus</strong></span> <span class='ocrx_word' id='word_1_373' title='bbox 869 5278 1138 5340; x_wconf 88' lang='lat' dir='ltr'><strong>penetrat,</strong></span> <span class='ocrx_word' id='word_1_374' title='bbox 1170 5276 1400 5325; x_wconf 90' lang='lat' dir='ltr'><strong>mortem</strong></span> <span class='ocrx_word' id='word_1_375' title='bbox 1428 5285 1572 5339; x_wconf 66' lang='lat' dir='ltr'><strong>saepe</strong></span> <span class='ocrx_word' id='word_1_376' title='bbox 1602 5285 1700 5341; x_wconf 92' lang='lat' dir='ltr'><strong>per</strong></span> <span class='ocrx_word' id='word_1_377' title='bbox 1743 5285 1988 5325; x_wconf 91' lang='lat' dir='ltr'><strong>morsum</strong></span> <span class='ocrx_word' id='word_1_378' title='bbox 2008 5270 2091 5324; x_wconf 90' lang='lat' dir='ltr'><strong>in-</strong></span> 
     </span>
    </p>
   </div>
   <div class='ocr_carea' id='block_1_54' title="bbox 506 5362 2088 5432">
    <p class='ocr_par' dir='ltr' id='par_1_54' title="bbox 506 5362 2088 5432">
     <span class='ocr_line' id='line_1_54' title="bbox 506 5362 2088 5432; baseline -0.003 -13"><span class='ocrx_word' id='word_1_379' title='bbox 506 5365 744 5432; x_wconf 87' lang='lat' dir='ltr'><strong>vehens;</strong></span> <span class='ocrx_word' id='word_1_380' title='bbox 785 5364 865 5419; x_wconf 90' lang='lat' dir='ltr'><strong>sic</strong></span> <span class='ocrx_word' id='word_1_381' title='bbox 897 5371 951 5417; x_wconf 92' lang='lat' dir='ltr'><strong>et</strong></span> <span class='ocrx_word' id='word_1_382' title='bbox 998 5370 1284 5431; x_wconf 87' lang='lat' dir='ltr'><strong>peccatum</strong></span> <span class='ocrx_word' id='word_1_383' title='bbox 1315 5377 1542 5417; x_wconf 82' lang='lat' dir='ltr'><strong>parvum</strong></span> <span class='ocrx_word' id='word_1_384' title='bbox 1592 5378 1653 5418; x_wconf 90' lang='lat' dir='ltr'><strong>se</strong></span> <span class='ocrx_word' id='word_1_385' title='bbox 1686 5363 1924 5432; x_wconf 86' lang='lat' dir='ltr'><strong>primum</strong></span> <span class='ocrx_word' id='word_1_386' title='bbox 1954 5362 2088 5418; x_wconf 90' lang='lat' dir='ltr'><strong>insi-</strong></span> 
     </span>
    </p>
   </div>
   <div class='ocr_carea' id='block_1_55' title="bbox 507 5436 2089 5521">
    <p class='ocr_par' dir='ltr' id='par_1_55' title="bbox 507 5436 2089 5521">
     <span class='ocr_line' id='line_1_55' title="bbox 507 5436 2089 5521; baseline 0 -15"><span class='ocrx_word' id='word_1_387' title='bbox 507 5460 642 5506; x_wconf 86' lang='lat' dir='ltr'><strong>nuat</strong></span> <span class='ocrx_word' id='word_1_388' title='bbox 680 5461 736 5507; x_wconf 92' lang='lat' dir='ltr'><strong>et</strong></span> <span class='ocrx_word' id='word_1_389' title='bbox 793 5436 1115 5520; x_wconf 83' lang='lat' dir='ltr'><strong>despicitur,</strong></span> <span class='ocrx_word' id='word_1_390' title='bbox 1149 5465 1272 5503; x_wconf 84' lang='lat' dir='ltr'><strong>mox</strong></span> <span class='ocrx_word' id='word_1_391' title='bbox 1314 5451 1575 5521; x_wconf 76' lang='lat' dir='ltr'><strong>pauiatim</strong></span> <span class='ocrx_word' id='word_1_392' title='bbox 1623 5451 1979 5521; x_wconf 80' lang='lat' dir='ltr'><strong>progrediens</strong></span> <span class='ocrx_word' id='word_1_393' title='bbox 2034 5459 2089 5507; x_wconf 92' lang='lat' dir='ltr'><strong>et</strong></span> 
     </span>
    </p>
   </div>
   <div class='ocr_carea' id='block_1_56' title="bbox 508 5541 2088 5613">
    <p class='ocr_par' dir='ltr' id='par_1_56' title="bbox 508 5541 2088 5613">
     <span class='ocr_line' id='line_1_56' title="bbox 508 5541 2088 5613; baseline 0.001 -19"><span class='ocrx_word' id='word_1_394' title='bbox 508 5556 761 5597; x_wconf 87' lang='lat' dir='ltr'><strong>crescens</strong></span> <span class='ocrx_word' id='word_1_395' title='bbox 788 5557 1042 5613; x_wconf 88' lang='lat' dir='ltr'><strong>magnum</strong></span> <span class='ocrx_word' id='word_1_396' title='bbox 1074 5541 1276 5594; x_wconf 86' lang='lat' dir='ltr'><strong>malum</strong></span> <span class='ocrx_word' id='word_1_397' title='bbox 1309 5548 1365 5596; x_wconf 89' lang='lat' dir='ltr'><strong>et</strong></span> <span class='ocrx_word' id='word_1_398' title='bbox 1409 5543 1606 5597; x_wconf 78' lang='lat' dir='ltr'><strong>animae</strong></span> <span class='ocrx_word' id='word_1_399' title='bbox 1637 5542 1851 5596; x_wconf 88' lang='lat' dir='ltr'><strong>ruinam</strong></span> <span class='ocrx_word' id='word_1_400' title='bbox 1909 5542 1964 5595; x_wconf 91' lang='lat' dir='ltr'><strong>in</strong></span> <span class='ocrx_word' id='word_1_401' title='bbox 1993 5556 2088 5598; x_wconf 88' lang='lat' dir='ltr'><strong>eos</strong></span> 
     </span>
    </p>
   </div>
   <div class='ocr_carea' id='block_1_57' title="bbox 509 5630 2087 5704">
    <p class='ocr_par' dir='ltr' id='par_1_57' title="bbox 509 5630 2087 5704">
     <span class='ocr_line' id='line_1_57' title="bbox 509 5630 2087 5704; baseline 0.004 -23"><span class='ocrx_word' id='word_1_402' title='bbox 509 5630 604 5698; x_wconf 85' lang='lat' dir='ltr'><strong>qui</strong></span> <span class='ocrx_word' id='word_1_403' title='bbox 646 5632 777 5685; x_wconf 90' lang='lat' dir='ltr'><strong>illud</strong></span> <span class='ocrx_word' id='word_1_404' title='bbox 806 5632 1103 5687; x_wconf 89' lang='lat' dir='ltr'><strong>admittunt</strong></span> <span class='ocrx_word' id='word_1_405' title='bbox 1139 5631 1323 5687; x_wconf 86' lang='lat' dir='ltr'><strong>infert.</strong></span> <span class='ocrx_word' id='word_1_406' title='bbox 1392 5632 1566 5703; x_wconf 77' lang='lat' dir='ltr'><strong>liuius</strong></span> <span class='ocrx_word' id='word_1_407' title='bbox 1594 5633 1769 5704; x_wconf 82' lang='lat' dir='ltr'><strong>gratia</strong></span> <span class='ocrx_word' id='word_1_408' title='bbox 1802 5632 2087 5688; x_wconf 87' lang='lat' dir='ltr'><strong>mirandus</strong></span> 
     </span>
    </p>
   </div>
   <div class='ocr_carea' id='block_1_58' title="bbox 509 5721 2088 5795">
    <p class='ocr_par' dir='ltr' id='par_1_58' title="bbox 509 5721 2088 5795">
     <span class='ocr_line' id='line_1_58' title="bbox 509 5721 2088 5795; baseline 0.005 -25"><span class='ocrx_word' id='word_1_409' title='bbox 509 5721 859 5778; x_wconf 79' lang='lat' dir='ltr'><strong>consiliarius</strong></span> <span class='ocrx_word' id='word_1_410' title='bbox 910 5725 994 5779; x_wconf 86' lang='lat' dir='ltr'><strong>vel</strong></span> <span class='ocrx_word' id='word_1_411' title='bbox 1043 5723 1325 5779; x_wconf 90' lang='lat' dir='ltr'><strong>minimam</strong></span> <span class='ocrx_word' id='word_1_412' title='bbox 1370 5734 1719 5795; x_wconf 88' lang='lat' dir='ltr'><strong>apparentem</strong></span> <span class='ocrx_word' id='word_1_413' title='bbox 1765 5726 1981 5794; x_wconf 88' lang='lat' dir='ltr'><strong>culpam</strong></span> <span class='ocrx_word' id='word_1_414' title='bbox 2017 5725 2088 5778; x_wconf 90' lang='lat' dir='ltr'><strong>ti-</strong></span> 
     </span>
    </p>
   </div>
   <div class='ocr_carea' id='block_1_59' title="bbox 514 5810 2081 5889">
    <p class='ocr_par' dir='ltr' id='par_1_59' title="bbox 514 5810 2081 5889">
     <span class='ocr_line' id='line_1_59' title="bbox 514 5810 2081 5889; baseline 0.008 -30"><span class='ocrx_word' id='word_1_415' title='bbox 514 5810 692 5865; x_wconf 85' lang='lat' dir='ltr'><strong>mendi</strong></span> <span class='ocrx_word' id='word_1_416' title='bbox 729 5813 821 5868; x_wconf 81' lang='lat' dir='ltr'><strong>dat</strong></span> <span class='ocrx_word' id='word_1_417' title='bbox 869 5816 1179 5883; x_wconf 88' lang='lat' dir='ltr'><strong>consilium,</strong></span> <span class='ocrx_word' id='word_1_418' title='bbox 1211 5826 1263 5874; x_wconf 90' lang='lat' dir='ltr'><strong>ct</strong></span> <span class='ocrx_word' id='word_1_419' title='bbox 1311 5817 1485 5874; x_wconf 88' lang='lat' dir='ltr'><strong>donec</strong></span> <span class='ocrx_word' id='word_1_420' title='bbox 1532 5834 1702 5889; x_wconf 81' lang='lat' dir='ltr'><strong>parva</strong></span> <span class='ocrx_word' id='word_1_421' title='bbox 1736 5823 1820 5875; x_wconf 76' lang='lat' dir='ltr'><strong>est</strong></span> <span class='ocrx_word' id='word_1_422' title='bbox 1849 5826 1902 5874; x_wconf 92' lang='lat' dir='ltr'><strong>ct</strong></span> <span class='ocrx_word' id='word_1_423' title='bbox 1930 5817 2081 5885; x_wconf 78' lang='lat' dir='ltr'><strong>levis,</strong></span> 
     </span>
    </p>
   </div>
   <div class='ocr_carea' id='block_1_60' title="bbox 1804 338 2341 398">
    <p class='ocr_par' dir='ltr' id='par_1_60' title="bbox 1804 338 2341 398">
     <span class='ocr_line' id='line_1_60' title="bbox 1804 338 2341 398; baseline 0.006 -5"><span class='ocrx_word' id='word_1_424' title='bbox 1804 338 2102 397; x_wconf 81' lang='lat' dir='ltr'><strong>NICETAS</strong></span> <span class='ocrx_word' id='word_1_425' title='bbox 2134 339 2341 398; x_wconf 74' lang='lat' dir='ltr'><strong>DAVID</strong></span> 
     </span>
    </p>
   </div>
   <div class='ocr_carea' id='block_1_61' title="bbox 3646 334 3752 392">
    <p class='ocr_par' dir='ltr' id='par_1_61' title="bbox 3646 334 3752 392">
     <span class='ocr_line' id='line_1_61' title="bbox 3646 334 3752 392; baseline -0.019 0"><span class='ocrx_word' id='word_1_426' title='bbox 3646 334 3752 392; x_wconf 74' lang='lat'><strong>800</strong></span> 
     </span>
    </p>
   </div>
   <div class='ocr_carea' id='block_1_62' title="bbox 2174 455 3757 532">
    <p class='ocr_par' dir='ltr' id='par_1_62' title="bbox 2174 455 3757 532">
     <span class='ocr_line' id='line_1_62' title="bbox 2174 455 3757 532; baseline -0.005 -17"><span class='ocrx_word' id='word_1_427' title='bbox 2174 460 2374 530; x_wconf 87' lang='grc' dir='ltr'>γέλλει,</span> <span class='ocrx_word' id='word_1_428' title='bbox 2404 458 2465 514; x_wconf 82' lang='grc' dir='ltr'>τὸ</span> <span class='ocrx_word' id='word_1_429' title='bbox 2493 461 2591 532; x_wconf 83' lang='grc' dir='ltr'>μὲν</span> <span class='ocrx_word' id='word_1_430' title='bbox 2618 461 2887 532; x_wconf 85' lang='grc' dir='ltr'>κατόρθου</span> <span class='ocrx_word' id='word_1_431' title='bbox 2911 459 3020 514; x_wconf 79' lang='grc' dir='ltr'>τῶν</span> <span class='ocrx_word' id='word_1_432' title='bbox 3047 457 3167 513; x_wconf 84' lang='grc' dir='ltr'>καθ’</span> <span class='ocrx_word' id='word_1_433' title='bbox 3193 458 3312 512; x_wconf 87' lang='grc' dir='ltr'>ὀδόν</span> <span class='ocrx_word' id='word_1_434' title='bbox 3347 474 3429 511; x_wconf 89' lang='grc' dir='ltr'><strong>σοι</strong></span> <span class='ocrx_word' id='word_1_435' title='bbox 3450 455 3757 528; x_wconf 32' lang='grc' dir='ltr'>ηπροκειμέο</span> 
     </span>
    </p>
   </div>
   <div class='ocr_carea' id='block_1_63' title="bbox 2179 546 3760 624">
    <p class='ocr_par' dir='ltr' id='par_1_63' title="bbox 2179 546 3760 624">
     <span class='ocr_line' id='line_1_63' title="bbox 2179 546 3760 624; baseline -0.005 -18"><span class='ocrx_word' id='word_1_436' title='bbox 2179 571 2286 607; x_wconf 80' lang='grc' dir='ltr'><strong>νων</strong></span> <span class='ocrx_word' id='word_1_437' title='bbox 2314 555 2396 616; x_wconf 83' lang='grc' dir='ltr'><strong>εἰς</strong></span> <span class='ocrx_word' id='word_1_438' title='bbox 2424 552 2597 624; x_wconf 86' lang='grc' dir='ltr'>πέρας</span> <span class='ocrx_word' id='word_1_439' title='bbox 2622 553 2793 620; x_wconf 80' lang='grc' dir='ltr'>δεξιὸν</span> <span class='ocrx_word' id='word_1_440' title='bbox 2819 553 2989 622; x_wconf 82' lang='grc' dir='ltr'>ἄγων,</span> <span class='ocrx_word' id='word_1_441' title='bbox 3021 551 3117 605; x_wconf 82' lang='grc' dir='ltr'>τοῦ</span> <span class='ocrx_word' id='word_1_442' title='bbox 3144 550 3191 605; x_wconf 76' lang='grc' dir='ltr'><strong>δ¹</strong></span> <span class='ocrx_word' id='word_1_443' title='bbox 3223 550 3347 621; x_wconf 77' lang='grc' dir='ltr'>έχου</span> <span class='ocrx_word' id='word_1_444' title='bbox 3376 551 3475 619; x_wconf 84' lang='grc' dir='ltr'>τῆς</span> <span class='ocrx_word' id='word_1_445' title='bbox 3494 546 3760 620; x_wconf 74' lang='grc' dir='ltr'><strong>ἐργασίας</strong></span> 
     </span>
    </p>
   </div>
   <div class='ocr_carea' id='block_1_64' title="bbox 2180 640 3760 717">
    <p class='ocr_par' dir='ltr' id='par_1_64' title="bbox 2180 640 3760 717">
     <span class='ocr_line' id='line_1_64' title="bbox 2180 640 3760 717; baseline -0.002 -20"><span class='ocrx_word' id='word_1_446' title='bbox 2180 644 2493 708; x_wconf 82' lang='grc' dir='ltr'>ἁδιακόπως</span> <span class='ocrx_word' id='word_1_447' title='bbox 2522 647 2880 717; x_wconf 69' lang='grc' dir='ltr'><strong>ἀντεχόμενος</strong></span> <span class='ocrx_word' id='word_1_448' title='bbox 2922 644 3019 699; x_wconf 77' lang='grc' dir='ltr'>καὶ</span> <span class='ocrx_word' id='word_1_449' title='bbox 3058 645 3140 716; x_wconf 77' lang='grc' dir='ltr'>μὴ</span> <span class='ocrx_word' id='word_1_450' title='bbox 3172 643 3459 697; x_wconf 75' lang='grc' dir='ltr'>ἀτέλεστον</span> <span class='ocrx_word' id='word_1_451' title='bbox 3507 641 3574 696; x_wconf 80' lang='grc' dir='ltr'><strong>δι’</strong></span> <span class='ocrx_word' id='word_1_452' title='bbox 3603 640 3760 695; x_wconf 78' lang='grc' dir='ltr'>ϐκνον</span> 
     </span>
    </p>
   </div>
   <div class='ocr_carea' id='block_1_65' title="bbox 2182 734 2523 807">
    <p class='ocr_par' dir='ltr' id='par_1_65' title="bbox 2182 734 2523 807">
     <span class='ocr_line' id='line_1_65' title="bbox 2182 734 2523 807; baseline -0.003 -19"><span class='ocrx_word' id='word_1_453' title='bbox 2182 734 2523 807; x_wconf 81' lang='grc' dir='ltr'>παραλιπὼν,</span> 
     </span>
    </p>
   </div>
   <div class='ocr_carea' id='block_1_66' title="bbox 2403 827 2956 897">
    <p class='ocr_par' dir='ltr' id='par_1_66' title="bbox 2403 827 2956 897">
     <span class='ocr_line' id='line_1_66' title="bbox 2403 827 2956 897; baseline 0 -14"><span class='ocrx_word' id='word_1_454' title='bbox 2403 829 2513 883; x_wconf 82' lang='grc' dir='ltr'><strong>Τοῦ</strong></span> <span class='ocrx_word' id='word_1_455' title='bbox 2538 827 2591 881; x_wconf 74' lang='grc' dir='ltr'>δ’</span> <span class='ocrx_word' id='word_1_456' title='bbox 2611 831 2684 883; x_wconf 82' lang='grc' dir='ltr'>οὐ</span> <span class='ocrx_word' id='word_1_457' title='bbox 2711 829 2956 897; x_wconf 69' lang='grc' dir='ltr'>φθόνος.</span> 
     </span>
    </p>
   </div>
   <div class='ocr_carea' id='block_1_67' title="bbox 2252 916 3761 991">
    <p class='ocr_par' dir='ltr' id='par_1_67' title="bbox 2252 916 3761 991">
     <span class='ocr_line' id='line_1_67' title="bbox 2252 916 3761 991; baseline -0.001 -18"><span class='ocrx_word' id='word_1_458' title='bbox 2252 919 2317 973; x_wconf 83' lang='lat' dir='ltr'><strong>El</strong></span> <span class='ocrx_word' id='word_1_459' title='bbox 2348 921 2441 974; x_wconf 79' lang='grc' dir='ltr'>καὶ</span> <span class='ocrx_word' id='word_1_460' title='bbox 2475 921 2618 991; x_wconf 78' lang='grc' dir='ltr'>μέγα</span> <span class='ocrx_word' id='word_1_461' title='bbox 2643 938 2695 974; x_wconf 89' lang='grc' dir='ltr'><strong>τι</strong></span> <span class='ocrx_word' id='word_1_462' title='bbox 2733 916 2843 973; x_wconf 78' lang='grc' dir='ltr'>οἷον</span> <span class='ocrx_word' id='word_1_463' title='bbox 2879 918 2975 973; x_wconf 75' lang='grc' dir='ltr'>καὶ</span> <span class='ocrx_word' id='word_1_464' title='bbox 3004 918 3157 991; x_wconf 75' lang='grc' dir='ltr'>ὑπὲρ</span> <span class='ocrx_word' id='word_1_465' title='bbox 3173 917 3333 988; x_wconf 89' lang='grc' dir='ltr'>φύσιν</span> <span class='ocrx_word' id='word_1_466' title='bbox 3368 919 3431 974; x_wconf 75' lang='grc' dir='ltr'><strong>τδ</strong></span> <span class='ocrx_word' id='word_1_467' title='bbox 3459 917 3604 974; x_wconf 74' lang='grc' dir='ltr'>κατὰ</span> <span class='ocrx_word' id='word_1_468' title='bbox 3628 918 3761 973; x_wconf 86' lang='grc' dir='ltr'>Θεόν</span> 
     </span>
    </p>
   </div>
   <div class='ocr_carea' id='block_1_68' title="bbox 2184 1008 3762 1083">
    <p class='ocr_par' dir='ltr' id='par_1_68' title="bbox 2184 1008 3762 1083">
     <span class='ocr_line' id='line_1_68' title="bbox 2184 1008 3762 1083; baseline -0.001 -19"><span class='ocrx_word' id='word_1_469' title='bbox 2184 1028 2268 1065; x_wconf 90' lang='grc' dir='ltr'><strong>σοι</strong></span> <span class='ocrx_word' id='word_1_470' title='bbox 2297 1012 2713 1083; x_wconf 64' lang='grc' dir='ltr'>προτεινόμενον</span> <span class='ocrx_word' id='word_1_471' title='bbox 2746 1012 2825 1075; x_wconf 85' lang='grc' dir='ltr'><strong>εἰς</strong></span> <span class='ocrx_word' id='word_1_472' title='bbox 2864 1008 3063 1081; x_wconf 77' lang='grc' dir='ltr'>πρᾶξιν</span> <span class='ocrx_word' id='word_1_473' title='bbox 3109 1010 3509 1077; x_wconf 77' lang='grc' dir='ltr'>ὑποπτεύεται,</span> <span class='ocrx_word' id='word_1_474' title='bbox 3545 1010 3635 1082; x_wconf 81' lang='grc' dir='ltr'><strong>μὴ-</strong></span> <span class='ocrx_word' id='word_1_475' title='bbox 3673 1009 3762 1063; x_wconf 81' lang='grc' dir='ltr'><strong>διὰ</strong></span> 
     </span>
    </p>
   </div>
   <div class='ocr_carea' id='block_1_69' title="bbox 2182 1100 3764 1174">
    <p class='ocr_par' dir='ltr' id='par_1_69' title="bbox 2182 1100 3764 1174">
     <span class='ocr_line' id='line_1_69' title="bbox 2182 1100 3764 1174; baseline 0.001 -20"><span class='ocrx_word' id='word_1_476' title='bbox 2182 1101 2338 1155; x_wconf 82' lang='grc' dir='ltr'>τοῦτο</span> <span class='ocrx_word' id='word_1_477' title='bbox 2368 1102 2801 1174; x_wconf 83' lang='grc' dir='ltr'>ἀναϐαλλόμενος</span> <span class='ocrx_word' id='word_1_478' title='bbox 2825 1105 2905 1167; x_wconf 83' lang='grc' dir='ltr'><strong>είς</strong></span> <span class='ocrx_word' id='word_1_479' title='bbox 2928 1102 2997 1157; x_wconf 81' lang='grc' dir='ltr'><strong>τὰ</strong></span> <span class='ocrx_word' id='word_1_480' title='bbox 3031 1103 3205 1157; x_wconf 86' lang='grc' dir='ltr'>ὀπίσω</span> <span class='ocrx_word' id='word_1_481' title='bbox 3230 1100 3502 1173; x_wconf 81' lang='grc' dir='ltr'>ὑποχώρει</span> <span class='ocrx_word' id='word_1_482' title='bbox 3526 1119 3540 1133; x_wconf 76' lang='grc' dir='ltr'><strong>ο</strong></span> <span class='ocrx_word' id='word_1_483' title='bbox 3571 1103 3632 1155; x_wconf 86' lang='grc' dir='ltr'><strong>ού</strong></span> <span class='ocrx_word' id='word_1_484' title='bbox 3654 1101 3764 1174; x_wconf 82' lang='grc' dir='ltr'><strong>γάρ</strong></span> 
     </span>
    </p>
   </div>
   <div class='ocr_carea' id='block_1_70' title="bbox 2183 1193 3765 1266">
    <p class='ocr_par' dir='ltr' id='par_1_70' title="bbox 2183 1193 3765 1266">
     <span class='ocr_line' id='line_1_70' title="bbox 2183 1193 3765 1266; baseline -0.002 -18"><span class='ocrx_word' id='word_1_485' title='bbox 2183 1194 2377 1263; x_wconf 86' lang='grc' dir='ltr'>φθόνος</span> <span class='ocrx_word' id='word_1_486' title='bbox 2411 1194 2564 1265; x_wconf 79' lang='grc' dir='ltr'>παρὰ</span> <span class='ocrx_word' id='word_1_487' title='bbox 2589 1194 2668 1265; x_wconf 83' lang='grc' dir='ltr'>τῷ</span> <span class='ocrx_word' id='word_1_488' title='bbox 2712 1194 2866 1266; x_wconf 85' lang='grc' dir='ltr'><strong>Θεῷ,</strong></span> <span class='ocrx_word' id='word_1_489' title='bbox 2902 1194 3042 1249; x_wconf 77' lang='grc' dir='ltr'>ὥστε</span> <span class='ocrx_word' id='word_1_490' title='bbox 3070 1195 3163 1248; x_wconf 75' lang='grc' dir='ltr'><strong>τὸν</strong></span> <span class='ocrx_word' id='word_1_491' title='bbox 3210 1193 3327 1265; x_wconf 86' lang='grc' dir='ltr'>μετ’</span> <span class='ocrx_word' id='word_1_492' title='bbox 3358 1193 3643 1257; x_wconf 80' lang='grc' dir='ltr'>εὐλαϐείας</span> <span class='ocrx_word' id='word_1_493' title='bbox 3671 1193 3765 1245; x_wconf 75' lang='grc' dir='ltr'>καὶ</span> 
     </span>
    </p>
   </div>
   <div class='ocr_carea' id='block_1_71' title="bbox 2183 1285 3767 1358">
    <p class='ocr_par' dir='ltr' id='par_1_71' title="bbox 2183 1285 3767 1358">
     <span class='ocr_line' id='line_1_71' title="bbox 2183 1285 3767 1358; baseline 0 -19"><span class='ocrx_word' id='word_1_494' title='bbox 2183 1286 2422 1350; x_wconf 84' lang='grc' dir='ltr'>πίστεως</span> <span class='ocrx_word' id='word_1_495' title='bbox 2441 1287 2500 1339; x_wconf 78' lang='grc' dir='ltr'>τὸ</span> <span class='ocrx_word' id='word_1_496' title='bbox 2528 1286 2696 1351; x_wconf 79' lang='grc' dir='ltr'>ὅντως</span> <span class='ocrx_word' id='word_1_497' title='bbox 2716 1286 2928 1355; x_wconf 75' lang='grc' dir='ltr'>ἀγαθὸν.</span> <span class='ocrx_word' id='word_1_498' title='bbox 2953 1289 3125 1341; x_wconf 85' lang='grc' dir='ltr'>ποιεῖν</span> <span class='ocrx_word' id='word_1_499' title='bbox 3167 1285 3599 1358; x_wconf 80' lang='grc' dir='ltr'>προαιρούμενον</span> <span class='ocrx_word' id='word_1_500' title='bbox 3630 1289 3767 1339; x_wconf 73' lang='grc' dir='ltr'>ἀπο-</span> 
     </span>
    </p>
   </div>
   <div class='ocr_carea' id='block_1_72' title="bbox 2185 1379 3431 1452">
    <p class='ocr_par' dir='ltr' id='par_1_72' title="bbox 2185 1379 3431 1452">
     <span class='ocr_line' id='line_1_72' title="bbox 2185 1379 3431 1452; baseline 0.006 -19"><span class='ocrx_word' id='word_1_501' title='bbox 2185 1380 2510 1452; x_wconf 87' lang='grc' dir='ltr'>σκορακίσαι</span> <span class='ocrx_word' id='word_1_502' title='bbox 2540 1380 2636 1434; x_wconf 74' lang='grc' dir='ltr'><strong>καὶ</strong></span> <span class='ocrx_word' id='word_1_503' title='bbox 2670 1379 3016 1437; x_wconf 83' lang='grc' dir='ltr'>ἀπώσασθαι.</span> <span class='ocrx_word' id='word_1_504' title='bbox 3423 1385 3431 1394; x_wconf 87' lang='grc'><em>’</em></span> 
     </span>
    </p>
   </div>
   <div class='ocr_carea' id='block_1_73' title="bbox 2366 1472 3581 1545">
    <p class='ocr_par' dir='ltr' id='par_1_73' title="bbox 2366 1472 3581 1545">
     <span class='ocr_line' id='line_1_73' title="bbox 2366 1472 3581 1545; baseline -0.001 -20"><span class='ocrx_word' id='word_1_505' title='bbox 2366 1474 2490 1541; x_wconf 81' lang='grc' dir='ltr'><strong>Οὐχ</strong></span> <span class='ocrx_word' id='word_1_506' title='bbox 2519 1473 2599 1539; x_wconf 86' lang='grc' dir='ltr'>ὡς</span> <span class='ocrx_word' id='word_1_507' title='bbox 2634 1472 2777 1528; x_wconf 79' lang='grc' dir='ltr'>ὀδοῦ</span> <span class='ocrx_word' id='word_1_508' title='bbox 2804 1474 2870 1528; x_wconf 79' lang='grc' dir='ltr'>τὸ</span> <span class='ocrx_word' id='word_1_509' title='bbox 2892 1475 3105 1529; x_wconf 77' lang='grc' dir='ltr'>λεῖπον</span> <span class='ocrx_word' id='word_1_510' title='bbox 3123 1474 3353 1545; x_wconf 80' lang='grc' dir='ltr'>ἀχρειοῖ</span> <span class='ocrx_word' id='word_1_511' title='bbox 3371 1474 3581 1528; x_wconf 80' lang='grc' dir='ltr'><strong>πόνον.</strong></span> 
     </span>
    </p>
   </div>
   <div class='ocr_carea' id='block_1_74' title="bbox 2261 1562 3766 1638">
    <p class='ocr_par' dir='ltr' id='par_1_74' title="bbox 2261 1562 3766 1638">
     <span class='ocr_line' id='line_1_74' title="bbox 2261 1562 3766 1638; baseline -0.001 -21"><span class='ocrx_word' id='word_1_512' title='bbox 2261 1566 2327 1617; x_wconf 90' lang='grc' dir='ltr'><em>Ὃ</em></span> <span class='ocrx_word' id='word_1_513' title='bbox 2355 1564 2411 1617; x_wconf 83' lang='grc' dir='ltr'>δὲ</span> <span class='ocrx_word' id='word_1_514' title='bbox 2439 1563 2625 1632; x_wconf 88' lang='grc' dir='ltr'>λέγει,</span> <span class='ocrx_word' id='word_1_515' title='bbox 2663 1564 2902 1620; x_wconf 79' lang='grc' dir='ltr'>τοιοῦτον</span> <span class='ocrx_word' id='word_1_516' title='bbox 2953 1563 3091 1620; x_wconf 87' lang='grc' dir='ltr'>εἷναί</span> <span class='ocrx_word' id='word_1_517' title='bbox 3110 1582 3115 1585; x_wconf 85' lang='lat'><em>‘</em></span> <span class='ocrx_word' id='word_1_518' title='bbox 3135 1584 3225 1638; x_wconf 91' lang='grc' dir='ltr'><strong>μοι</strong></span> <span class='ocrx_word' id='word_1_519' title='bbox 3262 1565 3453 1619; x_wconf 80' lang='grc' dir='ltr'>δοκοῦν</span> <span class='ocrx_word' id='word_1_520' title='bbox 3479 1582 3493 1596; x_wconf 87' lang='grc'><strong>·</strong></span> <span class='ocrx_word' id='word_1_521' title='bbox 3523 1563 3616 1617; x_wconf 78' lang='grc' dir='ltr'>ἐπὶ</span> <span class='ocrx_word' id='word_1_522' title='bbox 3667 1562 3766 1635; x_wconf 75' lang='grc' dir='ltr'>μὲν</span> 
     </span>
    </p>
   </div>
   <div class='ocr_carea' id='block_1_75' title="bbox 2182 1655 3777 1730">
    <p class='ocr_par' dir='ltr' id='par_1_75' title="bbox 2182 1655 3777 1730">
     <span class='ocr_line' id='line_1_75' title="bbox 2182 1655 3777 1730; baseline -0.001 -19"><span class='ocrx_word' id='word_1_523' title='bbox 2182 1657 2292 1711; x_wconf 84' lang='grc' dir='ltr'>τῶν</span> <span class='ocrx_word' id='word_1_524' title='bbox 2325 1658 2426 1720; x_wconf 85' lang='grc' dir='ltr'>τὰς</span> <span class='ocrx_word' id='word_1_525' title='bbox 2470 1657 2780 1729; x_wconf 78' lang='grc' dir='ltr'>ὁδοιπορίας</span> <span class='ocrx_word' id='word_1_526' title='bbox 2829 1661 2888 1712; x_wconf 87' lang='grc' dir='ltr'>ὲν</span> <span class='ocrx_word' id='word_1_527' title='bbox 2933 1661 3125 1730; x_wconf 80' lang='grc' dir='ltr'>κόσμῳ</span> <span class='ocrx_word' id='word_1_528' title='bbox 3168 1658 3536 1729; x_wconf 83' lang='grc' dir='ltr'>στελλομένων</span> <span class='ocrx_word' id='word_1_529' title='bbox 3590 1658 3640 1709; x_wconf 88' lang='grc' dir='ltr'><strong>εί</strong></span> <span class='ocrx_word' id='word_1_530' title='bbox 3691 1655 3777 1726; x_wconf 64' lang='grc' dir='ltr'><strong>μὸν</strong></span> 
     </span>
    </p>
   </div>
   <div class='ocr_carea' id='block_1_76' title="bbox 2185 1748 3770 1820">
    <p class='ocr_par' dir='ltr' id='par_1_76' title="bbox 2185 1748 3770 1820">
     <span class='ocr_line' id='line_1_76' title="bbox 2185 1748 3770 1820; baseline -0.002 -17"><span class='ocrx_word' id='word_1_531' title='bbox 2185 1749 2325 1803; x_wconf 79' lang='grc' dir='ltr'>κατὰ</span> <span class='ocrx_word' id='word_1_532' title='bbox 2350 1749 2442 1802; x_wconf 81' lang='grc' dir='ltr'>τὸν</span> <span class='ocrx_word' id='word_1_533' title='bbox 2477 1748 2678 1802; x_wconf 62' lang='grc' dir='ltr'>σκοπόν</span> <span class='ocrx_word' id='word_1_534' title='bbox 2709 1750 2808 1820; x_wconf 84' lang='grc' dir='ltr'>τῆς</span> <span class='ocrx_word' id='word_1_535' title='bbox 2845 1748 2966 1803; x_wconf 83' lang='grc' dir='ltr'>ὀδοῦ</span> <span class='ocrx_word' id='word_1_536' title='bbox 3019 1750 3081 1803; x_wconf 78' lang='grc' dir='ltr'>τὸ</span> <span class='ocrx_word' id='word_1_537' title='bbox 3106 1750 3258 1814; x_wconf 82' lang='grc' dir='ltr'>τέλος</span> <span class='ocrx_word' id='word_1_538' title='bbox 3287 1752 3315 1803; x_wconf 89' lang='grc' dir='ltr'><strong>ὀ</strong></span> <span class='ocrx_word' id='word_1_539' title='bbox 3358 1749 3637 1820; x_wconf 81' lang='grc' dir='ltr'>ὀδοιπόρος</span> <span class='ocrx_word' id='word_1_540' title='bbox 3669 1764 3770 1801; x_wconf 88' lang='grc' dir='ltr'>κα-</span> 
     </span>
    </p>
   </div>
   <div class='ocr_carea' id='block_1_77' title="bbox 2186 1840 3769 1912">
    <p class='ocr_par' dir='ltr' id='par_1_77' title="bbox 2186 1840 3769 1912">
     <span class='ocr_line' id='line_1_77' title="bbox 2186 1840 3769 1912; baseline -0.002 -17"><span class='ocrx_word' id='word_1_541' title='bbox 2186 1840 2444 1904; x_wconf 88' lang='grc' dir='ltr'>ταλάϐοι,</span> <span class='ocrx_word' id='word_1_542' title='bbox 2472 1842 2692 1911; x_wconf 84' lang='grc' dir='ltr'>ἀχρεῖος</span> <span class='ocrx_word' id='word_1_543' title='bbox 2736 1841 2835 1910; x_wconf 85' lang='grc' dir='ltr'>μὲν</span> <span class='ocrx_word' id='word_1_544' title='bbox 2858 1874 2861 1879; x_wconf 89' lang='grc'><strong>-</strong></span> <span class='ocrx_word' id='word_1_545' title='bbox 2883 1842 2912 1893; x_wconf 88' lang='grc' dir='ltr'>ὁ</span> <span class='ocrx_word' id='word_1_546' title='bbox 2956 1840 3245 1912; x_wconf 86' lang='grc' dir='ltr'>προλαϐὼν</span> <span class='ocrx_word' id='word_1_547' title='bbox 3274 1841 3436 1904; x_wconf 85' lang='grc' dir='ltr'>πόνος</span> <span class='ocrx_word' id='word_1_548' title='bbox 3456 1881 3471 1905; x_wconf 89' lang='grc'><strong>,</strong></span> <span class='ocrx_word' id='word_1_549' title='bbox 3508 1841 3769 1910; x_wconf 83' lang='grc' dir='ltr'>ἀνόνητος</span> 
     </span>
    </p>
   </div>
   <div class='ocr_carea' id='block_1_78' title="bbox 2187 1932 3768 2007">
    <p class='ocr_par' dir='ltr' id='par_1_78' title="bbox 2187 1932 3768 2007">
     <span class='ocr_line' id='line_1_78' title="bbox 2187 1932 3768 2007; baseline 0.001 -20"><span class='ocrx_word' id='word_1_550' title='bbox 2187 1933 2244 1987; x_wconf 85' lang='grc' dir='ltr'>δὲ</span> <span class='ocrx_word' id='word_1_551' title='bbox 2273 1934 2584 2004; x_wconf 86' lang='grc' dir='ltr'>νενόμισται</span> <span class='ocrx_word' id='word_1_552' title='bbox 2615 1934 2644 1985; x_wconf 91' lang='grc' dir='ltr'><strong>ὀ</strong></span> <span class='ocrx_word' id='word_1_553' title='bbox 2674 1932 2842 1997; x_wconf 81' lang='grc' dir='ltr'>κόπος</span> <span class='ocrx_word' id='word_1_554' title='bbox 2871 1950 2885 1963; x_wconf 71' lang='grc' dir='ltr'><strong>ο</strong></span> <span class='ocrx_word' id='word_1_555' title='bbox 2924 1936 2953 1987; x_wconf 91' lang='grc' dir='ltr'><strong>ὀ</strong></span> <span class='ocrx_word' id='word_1_556' title='bbox 2994 1934 3132 2007; x_wconf 83' lang='grc' dir='ltr'>πρὸς</span> <span class='ocrx_word' id='word_1_557' title='bbox 3164 1935 3297 1988; x_wconf 84' lang='grc' dir='ltr'>Θεὸν</span> <span class='ocrx_word' id='word_1_558' title='bbox 3324 1934 3382 1988; x_wconf 83' lang='grc' dir='ltr'>δὲ</span> <span class='ocrx_word' id='word_1_559' title='bbox 3420 1935 3519 1998; x_wconf 80' lang='grc' dir='ltr'><strong>τάς</strong></span> <span class='ocrx_word' id='word_1_560' title='bbox 3562 1933 3768 1988; x_wconf 84' lang='grc' dir='ltr'>ἀναϐά-</span> 
     </span>
    </p>
   </div>
   <div class='ocr_carea' id='block_1_79' title="bbox 2191 2018 3780 2096">
    <p class='ocr_par' dir='ltr' id='par_1_79' title="bbox 2191 2018 3780 2096">
     <span class='ocr_line' id='line_1_79' title="bbox 2191 2018 3780 2096; baseline 0 -19"><span class='ocrx_word' id='word_1_561' title='bbox 2191 2040 2306 2088; x_wconf 88' lang='grc' dir='ltr'>σεις</span> <span class='ocrx_word' id='word_1_562' title='bbox 2335 2024 2424 2078; x_wconf 79' lang='grc' dir='ltr'><strong>διὰ</strong></span> <span class='ocrx_word' id='word_1_563' title='bbox 2448 2025 2701 2096; x_wconf 76' lang='grc' dir='ltr'>πράξεως</span> <span class='ocrx_word' id='word_1_564' title='bbox 2725 2018 2820 2079; x_wconf 77' lang='grc' dir='ltr'>καὶ</span> <span class='ocrx_word' id='word_1_565' title='bbox 2840 2023 3078 2094; x_wconf 75' lang='grc' dir='ltr'>Θεωρίας</span> <span class='ocrx_word' id='word_1_566' title='bbox 3099 2025 3357 2089; x_wconf 79' lang='grc' dir='ltr'>διατιθεὶς</span> <span class='ocrx_word' id='word_1_567' title='bbox 3378 2025 3438 2078; x_wconf 86' lang='grc' dir='ltr'>τὸ</span> <span class='ocrx_word' id='word_1_568' title='bbox 3461 2024 3559 2095; x_wconf 84' lang='grc' dir='ltr'>μὲν</span> <span class='ocrx_word' id='word_1_569' title='bbox 3579 2022 3780 2095; x_wconf 76' lang='grc' dir='ltr'>ὥσπερ</span> 
     </span>
    </p>
   </div>
   <div class='ocr_carea' id='block_1_80' title="bbox 2189 2112 3775 2190">
    <p class='ocr_par' dir='ltr' id='par_1_80' title="bbox 2189 2112 3775 2190">
     <span class='ocr_line' id='line_1_80' title="bbox 2189 2112 3775 2190; baseline -0.001 -19"><span class='ocrx_word' id='word_1_570' title='bbox 2189 2120 2401 2190; x_wconf 81' lang='grc' dir='ltr'>εἰρήκει</span> <span class='ocrx_word' id='word_1_571' title='bbox 2435 2115 2816 2188; x_wconf 87' lang='grc' dir='ltr'>κατωρθωκὼς</span> <span class='ocrx_word' id='word_1_572' title='bbox 2854 2115 2954 2187; x_wconf 71' lang='grc' dir='ltr'>ἤδη</span> <span class='ocrx_word' id='word_1_573' title='bbox 2978 2155 2993 2180; x_wconf 93' lang='grc'><strong>,</strong></span> <span class='ocrx_word' id='word_1_574' title='bbox 3019 2116 3080 2169; x_wconf 86' lang='grc' dir='ltr'>τὸ</span> <span class='ocrx_word' id='word_1_575' title='bbox 3113 2115 3169 2169; x_wconf 85' lang='grc' dir='ltr'>δὲ</span> <span class='ocrx_word' id='word_1_576' title='bbox 3204 2116 3323 2170; x_wconf 74' lang='grc' dir='ltr'>νυνὶ</span> <span class='ocrx_word' id='word_1_577' title='bbox 3362 2116 3673 2188; x_wconf 81' lang='grc' dir='ltr'>κατορθῶν,</span> <span class='ocrx_word' id='word_1_578' title='bbox 3708 2112 3775 2169; x_wconf 67' lang='grc' dir='ltr'>τὸ</span> 
     </span>
    </p>
   </div>
   <div class='ocr_carea' id='block_1_81' title="bbox 2188 2207 3772 2281">
    <p class='ocr_par' dir='ltr' id='par_1_81' title="bbox 2188 2207 3772 2281">
     <span class='ocr_line' id='line_1_81' title="bbox 2188 2207 3772 2281; baseline -0.002 -17"><span class='ocrx_word' id='word_1_579' title='bbox 2188 2211 2245 2265; x_wconf 78' lang='grc' dir='ltr'>δὲ</span> <span class='ocrx_word' id='word_1_580' title='bbox 2272 2214 2339 2281; x_wconf 85' lang='grc' dir='ltr'>τῇ</span> <span class='ocrx_word' id='word_1_581' title='bbox 2368 2210 2543 2263; x_wconf 75' lang='grc' dir='ltr'>ἐλπίδι</span> <span class='ocrx_word' id='word_1_582' title='bbox 2568 2208 3128 2281; x_wconf 85' lang='grc' dir='ltr'>προκαταλαμϐάνων,</span> <span class='ocrx_word' id='word_1_583' title='bbox 3162 2209 3209 2261; x_wconf 87' lang='grc' dir='ltr'><strong>εί</strong></span> <span class='ocrx_word' id='word_1_584' title='bbox 3239 2210 3333 2262; x_wconf 69' lang='grc' dir='ltr'><strong>καὶ</strong></span> <span class='ocrx_word' id='word_1_585' title='bbox 3369 2209 3444 2281; x_wconf 82' lang='grc' dir='ltr'>μὴ</span> <span class='ocrx_word' id='word_1_586' title='bbox 3474 2207 3568 2261; x_wconf 82' lang='grc' dir='ltr'>τοῦ</span> <span class='ocrx_word' id='word_1_587' title='bbox 3602 2209 3772 2280; x_wconf 87' lang='grc' dir='ltr'>ἀκρο-</span> 
     </span>
    </p>
   </div>
   <div class='ocr_carea' id='block_1_82' title="bbox 2189 2299 3769 2372">
    <p class='ocr_par' dir='ltr' id='par_1_82' title="bbox 2189 2299 3769 2372">
     <span class='ocr_line' id='line_1_82' title="bbox 2189 2299 3769 2372; baseline -0.002 -15"><span class='ocrx_word' id='word_1_588' title='bbox 2189 2303 2350 2357; x_wconf 84' lang='grc' dir='ltr'>τάτου</span> <span class='ocrx_word' id='word_1_589' title='bbox 2396 2302 2583 2366; x_wconf 84' lang='grc' dir='ltr'>τέλους</span> <span class='ocrx_word' id='word_1_590' title='bbox 2617 2299 2915 2372; x_wconf 76' lang='grc' dir='ltr'>ἐπιϐέϐηκε</span> <span class='ocrx_word' id='word_1_591' title='bbox 2949 2300 3052 2371; x_wconf 76' lang='grc' dir='ltr'>τῆς</span> <span class='ocrx_word' id='word_1_592' title='bbox 3087 2300 3224 2371; x_wconf 79' lang='grc' dir='ltr'>πρὸς</span> <span class='ocrx_word' id='word_1_593' title='bbox 3255 2299 3386 2354; x_wconf 80' lang='grc' dir='ltr'>Θεὸν</span> <span class='ocrx_word' id='word_1_594' title='bbox 3441 2301 3769 2369; x_wconf 78' lang='grc' dir='ltr'>ἀναγωγίας,</span> 
     </span>
    </p>
   </div>
   <div class='ocr_carea' id='block_1_83' title="bbox 2197 2391 3776 2467">
    <p class='ocr_par' dir='ltr' id='par_1_83' title="bbox 2197 2391 3776 2467">
     <span class='ocr_line' id='line_1_83' title="bbox 2197 2391 3776 2467; baseline -0.003 -17"><span class='ocrx_word' id='word_1_595' title='bbox 2197 2397 2272 2467; x_wconf 86' lang='grc' dir='ltr'>μὴ</span> <span class='ocrx_word' id='word_1_596' title='bbox 2304 2394 2608 2465; x_wconf 81' lang='grc' dir='ltr'>ἀπογνώτω</span> <span class='ocrx_word' id='word_1_597' title='bbox 2629 2412 2643 2425; x_wconf 89' lang='grc'><strong>·</strong></span> <span class='ocrx_word' id='word_1_598' title='bbox 2678 2394 2740 2446; x_wconf 85' lang='grc' dir='ltr'>οὐ</span> <span class='ocrx_word' id='word_1_599' title='bbox 2769 2394 2880 2464; x_wconf 86' lang='grc' dir='ltr'><strong>γὰρ</strong></span> <span class='ocrx_word' id='word_1_600' title='bbox 2907 2394 3126 2466; x_wconf 85' lang='grc' dir='ltr'>ἀχρεῖος</span> <span class='ocrx_word' id='word_1_601' title='bbox 3159 2392 3307 2463; x_wconf 80' lang='grc' dir='ltr'>αὐτῷ</span> <span class='ocrx_word' id='word_1_602' title='bbox 3334 2396 3362 2447; x_wconf 88' lang='grc' dir='ltr'><strong>ό</strong></span> <span class='ocrx_word' id='word_1_603' title='bbox 3393 2393 3554 2457; x_wconf 78' lang='grc' dir='ltr'>πόνος</span> <span class='ocrx_word' id='word_1_604' title='bbox 3586 2393 3662 2456; x_wconf 88' lang='grc' dir='ltr'>ὡς</span> <span class='ocrx_word' id='word_1_605' title='bbox 3694 2391 3776 2463; x_wconf 72' lang='grc' dir='ltr'><strong>τῷ</strong></span> 
     </span>
    </p>
   </div>
   <div class='ocr_carea' id='block_1_84' title="bbox 2195 2690 2892 2763">
    <p class='ocr_par' dir='ltr' id='par_1_84' title="bbox 2195 2690 2892 2763">
     <span class='ocr_line' id='line_1_84' title="bbox 2195 2690 2892 2763; baseline -0.007 -14"><span class='ocrx_word' id='word_1_606' title='bbox 2195 2694 2261 2750; x_wconf 73' lang='grc' dir='ltr'>ιὸ</span> <span class='ocrx_word' id='word_1_607' title='bbox 2276 2692 2380 2761; x_wconf 81' lang='grc' dir='ltr'><strong>Μὴ</strong></span> <span class='ocrx_word' id='word_1_608' title='bbox 2422 2691 2640 2763; x_wconf 75' lang='grc' dir='ltr'>θερμὸν</span> <span class='ocrx_word' id='word_1_609' title='bbox 2673 2690 2892 2759; x_wconf 79' lang='grc' dir='ltr'>ᾆττειν.</span> 
     </span>
    </p>
   </div>
   <div class='ocr_carea' id='block_1_85' title="bbox 2263 2782 3780 2859">
    <p class='ocr_par' dir='ltr' id='par_1_85' title="bbox 2263 2782 3780 2859">
     <span class='ocr_line' id='line_1_85' title="bbox 2263 2782 3780 2859; baseline 0 -20"><span class='ocrx_word' id='word_1_610' title='bbox 2263 2786 2432 2847; x_wconf 82' lang='grc' dir='ltr'>Πάλιν</span> <span class='ocrx_word' id='word_1_611' title='bbox 2474 2789 2501 2839; x_wconf 92' lang='grc' dir='ltr'><strong>ό</strong></span> <span class='ocrx_word' id='word_1_612' title='bbox 2530 2785 2675 2857; x_wconf 79' lang='grc' dir='ltr'>ἱερὸς</span> <span class='ocrx_word' id='word_1_613' title='bbox 2702 2788 2799 2856; x_wconf 79' lang='grc' dir='ltr'>τῆς</span> <span class='ocrx_word' id='word_1_614' title='bbox 2843 2783 3044 2856; x_wconf 79' lang='grc' dir='ltr'>ἀρετῆς</span> <span class='ocrx_word' id='word_1_615' title='bbox 3089 2782 3390 2856; x_wconf 73' lang='grc' dir='ltr'>νομοθέτης</span> <span class='ocrx_word' id='word_1_616' title='bbox 3416 2786 3672 2856; x_wconf 87' lang='grc' dir='ltr'>παραινεῖ</span> <span class='ocrx_word' id='word_1_617' title='bbox 3701 2784 3780 2859; x_wconf 74' lang='grc' dir='ltr'>μὴ</span> 
     </span>
    </p>
   </div>
   <div class='ocr_carea' id='block_1_86' title="bbox 2194 2862 3780 2948">
    <p class='ocr_par' dir='ltr' id='par_1_86' title="bbox 2194 2862 3780 2948">
     <span class='ocr_line' id='line_1_86' title="bbox 2194 2862 3780 2948; baseline -0.003 -17"><span class='ocrx_word' id='word_1_618' title='bbox 2194 2877 2396 2948; x_wconf 82' lang='grc' dir='ltr'>θερμὸν</span> <span class='ocrx_word' id='word_1_619' title='bbox 2429 2877 2643 2948; x_wconf 78' lang='grc' dir='ltr'>ᾁττειν,</span> <span class='ocrx_word' id='word_1_620' title='bbox 2682 2874 2820 2946; x_wconf 81' lang='grc' dir='ltr'>μηδὲ</span> <span class='ocrx_word' id='word_1_621' title='bbox 2859 2862 3155 2945; x_wconf 77' lang='grc' dir='ltr'>προπετῶς</span> <span class='ocrx_word' id='word_1_622' title='bbox 3197 2875 3318 2937; x_wconf 87' lang='grc' dir='ltr'>ταῖς</span> <span class='ocrx_word' id='word_1_623' title='bbox 3364 2874 3506 2945; x_wconf 79' lang='grc' dir='ltr'>ὑπὲρ</span> <span class='ocrx_word' id='word_1_624' title='bbox 3545 2872 3780 2944; x_wconf 88' lang='grc' dir='ltr'>δύναμιν</span> 
     </span>
    </p>
   </div>
   <div class='ocr_carea' id='block_1_87' title="bbox 2198 2950 3781 3042">
    <p class='ocr_par' dir='ltr' id='par_1_87' title="bbox 2198 2950 3781 3042">
     <span class='ocr_line' id='line_1_87' title="bbox 2198 2950 3781 3042; baseline -0.003 -19"><span class='ocrx_word' id='word_1_625' title='bbox 2198 2950 2461 3042; x_wconf 79' lang='grc' dir='ltr'>πράξεσιν</span> <span class='ocrx_word' id='word_1_626' title='bbox 2496 2967 2530 3039; x_wconf 81' lang='grc' dir='ltr'>ἢ</span> <span class='ocrx_word' id='word_1_627' title='bbox 2559 2966 2819 3037; x_wconf 89' lang='grc' dir='ltr'>θεωρίαις</span> <span class='ocrx_word' id='word_1_628' title='bbox 2868 2964 3213 3038; x_wconf 78' lang='grc' dir='ltr'>ὑπερφυέσιν,</span> <span class='ocrx_word' id='word_1_629' title='bbox 3247 2966 3670 3036; x_wconf 73' lang='grc' dir='ltr'><strong>ὑπεραίρεσθαι⁸</strong></span> <span class='ocrx_word' id='word_1_630' title='bbox 3696 2960 3781 3028; x_wconf 80' lang='grc' dir='ltr'>οἷς</span> 
     </span>
    </p>
   </div>
   <div class='ocr_carea' id='block_1_88' title="bbox 2195 3056 3785 3131">
    <p class='ocr_par' dir='ltr' id='par_1_88' title="bbox 2195 3056 3785 3131">
     <span class='ocr_line' id='line_1_88' title="bbox 2195 3056 3785 3131; baseline -0.004 -15"><span class='ocrx_word' id='word_1_631' title='bbox 2195 3062 2239 3115; x_wconf 84' lang='grc' dir='ltr'>δ’</span> <span class='ocrx_word' id='word_1_632' title='bbox 2271 3062 2337 3116; x_wconf 73' lang='grc' dir='ltr'>ἄν</span> <span class='ocrx_word' id='word_1_633' title='bbox 2379 3078 2463 3125; x_wconf 89' lang='grc' dir='ltr'><strong>τις</strong></span> <span class='ocrx_word' id='word_1_634' title='bbox 2511 3061 2577 3113; x_wconf 80' lang='grc' dir='ltr'>ὲκ</span> <span class='ocrx_word' id='word_1_635' title='bbox 2609 3058 2934 3131; x_wconf 85' lang='grc' dir='ltr'>διακρίσεως</span> <span class='ocrx_word' id='word_1_636' title='bbox 2967 3058 3063 3111; x_wconf 77' lang='grc' dir='ltr'>καὶ</span> <span class='ocrx_word' id='word_1_637' title='bbox 3107 3056 3501 3126; x_wconf 87' lang='grc' dir='ltr'>λελογισμένης</span> <span class='ocrx_word' id='word_1_638' title='bbox 3543 3056 3785 3121; x_wconf 76' lang='grc' dir='ltr'>διανοίας</span> 
     </span>
    </p>
   </div>
   <div class='ocr_carea' id='block_1_89' title="bbox 2199 3147 3785 3224">
    <p class='ocr_par' dir='ltr' id='par_1_89' title="bbox 2199 3147 3785 3224">
     <span class='ocr_line' id='line_1_89' title="bbox 2199 3147 3785 3224; baseline -0.005 -16"><span class='ocrx_word' id='word_1_639' title='bbox 2199 3155 2294 3208; x_wconf 75' lang='grc' dir='ltr'>καὶ</span> <span class='ocrx_word' id='word_1_640' title='bbox 2322 3151 2691 3224; x_wconf 87' lang='grc' dir='ltr'>πληροφορίας</span> <span class='ocrx_word' id='word_1_641' title='bbox 2717 3148 3051 3220; x_wconf 84' lang='grc' dir='ltr'>πανταχόθεν</span> <span class='ocrx_word' id='word_1_642' title='bbox 3081 3149 3142 3203; x_wconf 83' lang='grc' dir='ltr'>τὸ</span> <span class='ocrx_word' id='word_1_643' title='bbox 3164 3148 3395 3219; x_wconf 79' lang='grc' dir='ltr'>ἄμωμον</span> <span class='ocrx_word' id='word_1_644' title='bbox 3424 3147 3532 3202; x_wconf 85' lang='grc' dir='ltr'><strong>τῶν</strong></span> <span class='ocrx_word' id='word_1_645' title='bbox 3558 3147 3785 3219; x_wconf 85' lang='grc' dir='ltr'>δοκιμα-</span> 
     </span>
    </p>
   </div>
   <div class='ocr_carea' id='block_1_90' title="bbox 2202 3239 3785 3317">
    <p class='ocr_par' dir='ltr' id='par_1_90' title="bbox 2202 3239 3785 3317">
     <span class='ocr_line' id='line_1_90' title="bbox 2202 3239 3785 3317; baseline -0.005 -18"><span class='ocrx_word' id='word_1_646' title='bbox 2202 3244 2444 3317; x_wconf 79' lang='grc' dir='ltr'>ζομένων</span> <span class='ocrx_word' id='word_1_647' title='bbox 2488 3241 2959 3315; x_wconf 74' lang='grc' dir='ltr'>περισκεψάμενος</span> <span class='ocrx_word' id='word_1_648' title='bbox 3010 3239 3420 3311; x_wconf 81' lang='grc' dir='ltr'>καταμανθάνοι</span> <span class='ocrx_word' id='word_1_649' title='bbox 3444 3279 3461 3306; x_wconf 87' lang='grc'><strong>,</strong></span> <span class='ocrx_word' id='word_1_650' title='bbox 3496 3241 3554 3293; x_wconf 77' lang='grc' dir='ltr'>ὲν</span> <span class='ocrx_word' id='word_1_651' title='bbox 3597 3239 3785 3301; x_wconf 82' lang='grc' dir='ltr'>αὐτοῖς</span> 
     </span>
    </p>
   </div>
   <div class='ocr_carea' id='block_1_91' title="bbox 2204 3329 3784 3409">
    <p class='ocr_par' dir='ltr' id='par_1_91' title="bbox 2204 3329 3784 3409">
     <span class='ocr_line' id='line_1_91' title="bbox 2204 3329 3784 3409; baseline -0.006 -18"><span class='ocrx_word' id='word_1_652' title='bbox 2204 3337 2487 3409; x_wconf 82' lang='grc' dir='ltr'>ἀραρότως</span> <span class='ocrx_word' id='word_1_653' title='bbox 2523 3335 2704 3406; x_wconf 86' lang='grc' dir='ltr'>μένειν</span> <span class='ocrx_word' id='word_1_654' title='bbox 2751 3331 2956 3401; x_wconf 84' lang='grc' dir='ltr'>ὀφείλει</span> <span class='ocrx_word' id='word_1_655' title='bbox 3006 3331 3100 3385; x_wconf 81' lang='grc' dir='ltr'>καὶ</span> <span class='ocrx_word' id='word_1_656' title='bbox 3127 3329 3581 3400; x_wconf 85' lang='grc' dir='ltr'>δυσμεταθέτως,</span> <span class='ocrx_word' id='word_1_657' title='bbox 3622 3329 3784 3399; x_wconf 77' lang='grc' dir='ltr'>ἄχρις</span> 
     </span>
    </p>
   </div>
   <div class='ocr_carea' id='block_1_92' title="bbox 2190 3415 3786 3494">
    <p class='ocr_par' dir='ltr' id='par_1_92' title="bbox 2190 3415 3786 3494">
     <span class='ocr_line' id='line_1_92' title="bbox 2190 3415 3786 3494; baseline -0.008 -13"><span class='ocrx_word' id='word_1_658' title='bbox 2190 3428 2254 3481; x_wconf 80' lang='grc' dir='ltr'>ἄν</span> <span class='ocrx_word' id='word_1_659' title='bbox 2280 3444 2332 3481; x_wconf 87' lang='grc' dir='ltr'><strong>τι</strong></span> <span class='ocrx_word' id='word_1_660' title='bbox 2367 3425 2637 3494; x_wconf 84' lang='grc' dir='ltr'>θειότερον</span> <span class='ocrx_word' id='word_1_661' title='bbox 2669 3421 2877 3477; x_wconf 77' lang='grc' dir='ltr'>ἄνωθεν</span> <span class='ocrx_word' id='word_1_662' title='bbox 2920 3420 3195 3489; x_wconf 79' lang='grc' dir='ltr'>ὑποφανῇ.</span> <span class='ocrx_word' id='word_1_663' title='bbox 3233 3417 3345 3471; x_wconf 81' lang='grc' dir='ltr'><strong>Καὶ</strong></span> <span class='ocrx_word' id='word_1_664' title='bbox 3374 3416 3483 3488; x_wconf 80' lang='grc' dir='ltr'><strong>γάρ</strong></span> <span class='ocrx_word' id='word_1_665' title='bbox 3513 3415 3786 3469; x_wconf 83' lang='grc' dir='ltr'>λυσιτελεῖ</span> 
     </span>
    </p>
   </div>
   <div class='ocr_carea' id='block_1_93' title="bbox 2191 3507 3786 3592">
    <p class='ocr_par' dir='ltr' id='par_1_93' title="bbox 2191 3507 3786 3592">
     <span class='ocr_line' id='line_1_93' title="bbox 2191 3507 3786 3592; baseline -0.009 -18"><span class='ocrx_word' id='word_1_666' title='bbox 2191 3519 2390 3592; x_wconf 78' lang='grc' dir='ltr'>μᾶλλον</span> <span class='ocrx_word' id='word_1_667' title='bbox 2422 3519 2483 3572; x_wconf 84' lang='grc' dir='ltr'>τὸ</span> <span class='ocrx_word' id='word_1_668' title='bbox 2525 3514 2907 3589; x_wconf 85' lang='grc' dir='ltr'>ταπεινότερον</span> <span class='ocrx_word' id='word_1_669' title='bbox 2938 3515 3052 3576; x_wconf 82' lang='grc' dir='ltr'>τοῖς</span> <span class='ocrx_word' id='word_1_670' title='bbox 3082 3510 3298 3574; x_wconf 84' lang='grc' dir='ltr'>πολλοῖς</span> <span class='ocrx_word' id='word_1_671' title='bbox 3342 3507 3598 3580; x_wconf 81' lang='grc' dir='ltr'>νομισθὲν</span> <span class='ocrx_word' id='word_1_672' title='bbox 3628 3508 3786 3561; x_wconf 76' lang='grc' dir='ltr'>ἐκλε-</span> 
     </span>
    </p>
   </div>
   <div class='ocr_carea' id='block_1_94' title="bbox 2187 3588 3782 3681">
    <p class='ocr_par' dir='ltr' id='par_1_94' title="bbox 2187 3588 3782 3681">
     <span class='ocr_line' id='line_1_94' title="bbox 2187 3588 3782 3681; baseline -0.015 -17"><span class='ocrx_word' id='word_1_673' title='bbox 2187 3588 2438 3681; x_wconf 68' lang='grc' dir='ltr'>γόμενον,</span> <span class='ocrx_word' id='word_1_674' title='bbox 2467 3609 2587 3662; x_wconf 75' lang='grc' dir='ltr'>κατ’</span> <span class='ocrx_word' id='word_1_675' title='bbox 2621 3606 2801 3674; x_wconf 86' lang='grc' dir='ltr'>ὀλίγον</span> <span class='ocrx_word' id='word_1_676' title='bbox 2827 3588 3159 3675; x_wconf 85' lang='grc' dir='ltr'>προκόπτειν</span> <span class='ocrx_word' id='word_1_677' title='bbox 3187 3604 3246 3655; x_wconf 82' lang='grc' dir='ltr'>ὲν</span> <span class='ocrx_word' id='word_1_678' title='bbox 3279 3599 3528 3671; x_wconf 61' lang='grc' dir='ltr'><strong>αὐτῷιῆ</strong></span> <span class='ocrx_word' id='word_1_679' title='bbox 3550 3598 3612 3652; x_wconf 76' lang='grc' dir='ltr'>τὸ</span> <span class='ocrx_word' id='word_1_680' title='bbox 3641 3598 3782 3669; x_wconf 74' lang='grc' dir='ltr'>ὑψη-</span> 
     </span>
    </p>
   </div>
   <div class='ocr_carea' id='block_1_95' title="bbox 2188 3682 3787 3768">
    <p class='ocr_par' dir='ltr' id='par_1_95' title="bbox 2188 3682 3787 3768">
     <span class='ocr_line' id='line_1_95' title="bbox 2188 3682 3787 3768; baseline -0.007 -14"><span class='ocrx_word' id='word_1_681' title='bbox 2188 3682 2283 3754; x_wconf 29' lang='grc' dir='ltr'>λὸν·</span> <span class='ocrx_word' id='word_1_682' title='bbox 2309 3699 2550 3768; x_wconf 82' lang='grc' dir='ltr'>ἀκαίρως</span> <span class='ocrx_word' id='word_1_683' title='bbox 2578 3696 2670 3750; x_wconf 85' lang='grc' dir='ltr'>ὲπί</span> <span class='ocrx_word' id='word_1_684' title='bbox 2692 3713 2751 3748; x_wconf 87' lang='grc' dir='ltr'><strong>τε</strong></span> <span class='ocrx_word' id='word_1_685' title='bbox 2783 3694 3006 3765; x_wconf 86' lang='grc' dir='ltr'>βαθμῶν</span> <span class='ocrx_word' id='word_1_686' title='bbox 3031 3692 3216 3764; x_wconf 76' lang='grc' dir='ltr'>ἱερῶν,</span> <span class='ocrx_word' id='word_1_687' title='bbox 3252 3690 3344 3745; x_wconf 76' lang='grc' dir='ltr'>ἐπί</span> <span class='ocrx_word' id='word_1_688' title='bbox 3371 3708 3431 3744; x_wconf 89' lang='grc' dir='ltr'><strong>τε</strong></span> <span class='ocrx_word' id='word_1_689' title='bbox 3463 3689 3574 3744; x_wconf 85' lang='grc' dir='ltr'><strong>τῶν</strong></span> <span class='ocrx_word' id='word_1_690' title='bbox 3607 3689 3787 3744; x_wconf 81' lang='grc' dir='ltr'>ἄλλων</span> 
     </span>
    </p>
   </div>
   <div class='ocr_carea' id='block_1_96' title="bbox 2190 3779 3785 3860">
    <p class='ocr_par' dir='ltr' id='par_1_96' title="bbox 2190 3779 3785 3860">
     <span class='ocr_line' id='line_1_96' title="bbox 2190 3779 3785 3860; baseline -0.006 -18"><span class='ocrx_word' id='word_1_691' title='bbox 2190 3791 2254 3842; x_wconf 82' lang='grc' dir='ltr'>ὲκ</span> <span class='ocrx_word' id='word_1_692' title='bbox 2289 3787 2581 3860; x_wconf 80' lang='grc' dir='ltr'>φιλαρχίας</span> <span class='ocrx_word' id='word_1_693' title='bbox 2615 3785 2979 3858; x_wconf 86' lang='grc' dir='ltr'>προελόμενον</span> <span class='ocrx_word' id='word_1_694' title='bbox 3004 3823 3020 3848; x_wconf 90' lang='grc'><strong>,</strong></span> <span class='ocrx_word' id='word_1_695' title='bbox 3069 3779 3188 3837; x_wconf 85' lang='grc' dir='ltr'>εἶτα</span> <span class='ocrx_word' id='word_1_696' title='bbox 3222 3782 3556 3854; x_wconf 85' lang='grc' dir='ltr'>προκόπτειν</span> <span class='ocrx_word' id='word_1_697' title='bbox 3591 3779 3785 3844; x_wconf 63' lang='grc' dir='ltr'>ἐξαιτο-</span> 
     </span>
    </p>
   </div>
   <div class='ocr_carea' id='block_1_97' title="bbox 2190 3872 3783 3945">
    <p class='ocr_par' dir='ltr' id='par_1_97' title="bbox 2190 3872 3783 3945">
     <span class='ocr_line' id='line_1_97' title="bbox 2190 3872 3783 3945; baseline -0.008 -9"><span class='ocrx_word' id='word_1_698' title='bbox 2190 3882 2418 3945; x_wconf 81' lang='grc' dir='ltr'>νοῦντα,</span> <span class='ocrx_word' id='word_1_699' title='bbox 2451 3880 2784 3933; x_wconf 80' lang='grc' dir='ltr'>ἀποκόπτειν</span> <span class='ocrx_word' id='word_1_700' title='bbox 2831 3878 2926 3931; x_wconf 75' lang='grc' dir='ltr'>καὶ</span> <span class='ocrx_word' id='word_1_701' title='bbox 2975 3875 3392 3930; x_wconf 77' lang='grc' dir='ltr'>ἐλαττονοῦσθαι</span> <span class='ocrx_word' id='word_1_702' title='bbox 3445 3873 3540 3927; x_wconf 80' lang='grc' dir='ltr'>τοῦ</span> <span class='ocrx_word' id='word_1_703' title='bbox 3591 3872 3783 3927; x_wconf 76' lang='grc' dir='ltr'>καλοῦ.</span> 
     </span>
    </p>
   </div>
   <div class='ocr_carea' id='block_1_98' title="bbox 2191 3966 3786 4045">
    <p class='ocr_par' dir='ltr' id='par_1_98' title="bbox 2191 3966 3786 4045">
     <span class='ocr_line' id='line_1_98' title="bbox 2191 3966 3786 4045; baseline -0.009 -15"><span class='ocrx_word' id='word_1_704' title='bbox 2191 3970 2350 4030; x_wconf 74' lang='grc' dir='ltr'>Οὗτοι</span> <span class='ocrx_word' id='word_1_705' title='bbox 2386 3972 2496 4045; x_wconf 81' lang='grc' dir='ltr'><strong>γὰρ</strong></span> <span class='ocrx_word' id='word_1_706' title='bbox 2521 3973 2615 4025; x_wconf 71' lang='grc' dir='ltr'><strong>καὶ</strong></span> <span class='ocrx_word' id='word_1_707' title='bbox 2648 3970 2808 4025; x_wconf 74' lang='grc' dir='ltr'>κακοὶ</span> <span class='ocrx_word' id='word_1_708' title='bbox 2832 3968 3038 4041; x_wconf 87' lang='grc' dir='ltr'>κυρίως</span> <span class='ocrx_word' id='word_1_709' title='bbox 3070 3968 3449 4039; x_wconf 75' lang='grc' dir='ltr'>ὀνομάζονται,</span> <span class='ocrx_word' id='word_1_710' title='bbox 3480 3968 3579 4038; x_wconf 74' lang='grc' dir='ltr'>οὐχ</span> <span class='ocrx_word' id='word_1_711' title='bbox 3612 3968 3661 4019; x_wconf 85' lang='grc' dir='ltr'>οἱ</span> <span class='ocrx_word' id='word_1_712' title='bbox 3683 3966 3786 4035; x_wconf 80' lang='grc' dir='ltr'>τὴν</span> 
     </span>
    </p>
   </div>
   <div class='ocr_carea' id='block_1_99' title="bbox 2192 4056 3789 4132">
    <p class='ocr_par' dir='ltr' id='par_1_99' title="bbox 2192 4056 3789 4132">
     <span class='ocr_line' id='line_1_99' title="bbox 2192 4056 3789 4132; baseline -0.008 -10"><span class='ocrx_word' id='word_1_713' title='bbox 2192 4068 2344 4122; x_wconf 87' lang='grc' dir='ltr'>κάτω</span> <span class='ocrx_word' id='word_1_714' title='bbox 2397 4068 2493 4122; x_wconf 71' lang='grc' dir='ltr'><strong>καὶ</strong></span> <span class='ocrx_word' id='word_1_715' title='bbox 2538 4063 2934 4131; x_wconf 87' lang='grc' dir='ltr'>ταπεινοτάτην</span> <span class='ocrx_word' id='word_1_716' title='bbox 2983 4062 3042 4114; x_wconf 85' lang='grc' dir='ltr'>ὲν</span> <span class='ocrx_word' id='word_1_717' title='bbox 3088 4059 3400 4132; x_wconf 83' lang='grc' dir='ltr'>ἀνθρώποις</span> <span class='ocrx_word' id='word_1_718' title='bbox 3456 4056 3789 4127; x_wconf 83' lang='grc' dir='ltr'>διειληχότες</span> 
     </span>
    </p>
   </div>
   <div class='ocr_carea' id='block_1_100' title="bbox 2190 4149 3788 4229">
    <p class='ocr_par' dir='ltr' id='par_1_100' title="bbox 2190 4149 3788 4229">
     <span class='ocr_line' id='line_1_100' title="bbox 2190 4149 3788 4229; baseline -0.011 -12"><span class='ocrx_word' id='word_1_719' title='bbox 2190 4161 2363 4228; x_wconf 82' lang='grc' dir='ltr'>τάξιν,</span> <span class='ocrx_word' id='word_1_720' title='bbox 2402 4158 2521 4213; x_wconf 84' lang='grc' dir='ltr'>ἀλλ’</span> <span class='ocrx_word' id='word_1_721' title='bbox 2546 4159 2594 4211; x_wconf 90' lang='grc' dir='ltr'><strong>οί</strong></span> <span class='ocrx_word' id='word_1_722' title='bbox 2625 4157 2920 4229; x_wconf 85' lang='grc' dir='ltr'>θερμότητι</span> <span class='ocrx_word' id='word_1_723' title='bbox 2958 4152 3229 4223; x_wconf 82' lang='grc' dir='ltr'>ἀλογίστῳ</span> <span class='ocrx_word' id='word_1_724' title='bbox 3262 4153 3491 4215; x_wconf 82' lang='grc' dir='ltr'>ἑαυτοὺς</span> <span class='ocrx_word' id='word_1_725' title='bbox 3522 4149 3788 4219; x_wconf 65' lang='grc' dir='ltr'>ὑῴοὖντες</span> 
     </span>
    </p>
   </div>
   <div class='ocr_carea' id='block_1_101' title="bbox 2193 4241 3747 4325">
    <p class='ocr_par' dir='ltr' id='par_1_101' title="bbox 2193 4241 3747 4325">
     <span class='ocr_line' id='line_1_101' title="bbox 2193 4241 3747 4325; baseline -0.01 -17"><span class='ocrx_word' id='word_1_726' title='bbox 2193 4257 2258 4309; x_wconf 80' lang='grc' dir='ltr'>ὲκ</span> <span class='ocrx_word' id='word_1_727' title='bbox 2296 4251 2626 4325; x_wconf 78' lang='grc' dir='ltr'>φιλοδοξίας,</span> <span class='ocrx_word' id='word_1_728' title='bbox 2652 4249 2748 4303; x_wconf 83' lang='grc' dir='ltr'>καὶ</span> <span class='ocrx_word' id='word_1_729' title='bbox 2782 4246 2996 4319; x_wconf 73' lang='grc' dir='ltr'>χαμᾶζε</span> <span class='ocrx_word' id='word_1_730' title='bbox 3032 4244 3327 4311; x_wconf 89' lang='grc' dir='ltr'>πίπτοντες</span> <span class='ocrx_word' id='word_1_731' title='bbox 3352 4243 3412 4308; x_wconf 78' lang='grc' dir='ltr'>ἐξ</span> <span class='ocrx_word' id='word_1_732' title='bbox 3434 4241 3747 4303; x_wconf 79' lang='grc' dir='ltr'>αὐθαδείας.</span> 
     </span>
    </p>
   </div>
   <div class='ocr_carea' id='block_1_102' title="bbox 2196 4460 3784 4536">
    <p class='ocr_par' dir='ltr' id='par_1_102' title="bbox 2196 4460 3784 4536">
     <span class='ocr_line' id='line_1_102' title="bbox 2196 4460 3784 4536; baseline -0.011 -8"><span class='ocrx_word' id='word_1_733' title='bbox 2196 4472 2264 4528; x_wconf 73' lang='grc'><strong>49</strong></span> <span class='ocrx_word' id='word_1_734' title='bbox 2296 4469 2563 4536; x_wconf 79' lang='grc' dir='ltr'>Σπινθὴρ</span> <span class='ocrx_word' id='word_1_735' title='bbox 2594 4464 2847 4521; x_wconf 78' lang='grc' dir='ltr'>ἀνάπτει</span> <span class='ocrx_word' id='word_1_736' title='bbox 2886 4462 2986 4517; x_wconf 77' lang='grc' dir='ltr'>καὶ</span> <span class='ocrx_word' id='word_1_737' title='bbox 3010 4461 3252 4533; x_wconf 81' lang='grc' dir='ltr'>,ϐραχὺς</span> <span class='ocrx_word' id='word_1_738' title='bbox 3282 4460 3528 4528; x_wconf 70' lang='grc' dir='ltr'>πολλὴν</span> <span class='ocrx_word' id='word_1_739' title='bbox 3560 4461 3784 4530; x_wconf 67' lang='grc' dir='ltr'>φλόγα.</span> 
     </span>
    </p>
   </div>
   <div class='ocr_carea' id='block_1_103' title="bbox 2271 4616 3785 4696">
    <p class='ocr_par' dir='ltr' id='par_1_103' title="bbox 2271 4616 3785 4696">
     <span class='ocr_line' id='line_1_103' title="bbox 2271 4616 3785 4696; baseline -0.005 -18"><span class='ocrx_word' id='word_1_740' title='bbox 2271 4626 2481 4696; x_wconf 82' lang='grc' dir='ltr'>Ὥσπερ</span> <span class='ocrx_word' id='word_1_741' title='bbox 2526 4621 2635 4676; x_wconf 85' lang='grc' dir='ltr'><strong>τῶν</strong></span> <span class='ocrx_word' id='word_1_742' title='bbox 2681 4620 3014 4692; x_wconf 87' lang='grc' dir='ltr'>σπερμάτων</span> <span class='ocrx_word' id='word_1_743' title='bbox 3041 4619 3273 4674; x_wconf 77' lang='grc' dir='ltr'>ἕκαστον</span> <span class='ocrx_word' id='word_1_744' title='bbox 3318 4618 3663 4691; x_wconf 82' lang='grc' dir='ltr'>βραχύτατον</span> <span class='ocrx_word' id='word_1_745' title='bbox 3702 4616 3785 4681; x_wconf 83' lang='grc' dir='ltr'>ὃν,</span> 
     </span>
    </p>
   </div>
   <div class='ocr_carea' id='block_1_104' title="bbox 2200 4705 3790 4787">
    <p class='ocr_par' dir='ltr' id='par_1_104' title="bbox 2200 4705 3790 4787">
     <span class='ocr_line' id='line_1_104' title="bbox 2200 4705 3790 4787; baseline -0.003 -22"><span class='ocrx_word' id='word_1_746' title='bbox 2200 4718 2267 4787; x_wconf 72' lang='grc' dir='ltr'>τῇ</span> <span class='ocrx_word' id='word_1_747' title='bbox 2314 4717 2385 4785; x_wconf 81' lang='grc' dir='ltr'><strong>γῇ</strong></span> <span class='ocrx_word' id='word_1_748' title='bbox 2420 4714 2476 4766; x_wconf 85' lang='grc' dir='ltr'>δὲ</span> <span class='ocrx_word' id='word_1_749' title='bbox 2515 4710 2858 4781; x_wconf 83' lang='grc' dir='ltr'>καταϐληθὲν</span> <span class='ocrx_word' id='word_1_750' title='bbox 2883 4750 2899 4777; x_wconf 94' lang='grc'><strong>,</strong></span> <span class='ocrx_word' id='word_1_751' title='bbox 2936 4709 3030 4763; x_wconf 78' lang='grc' dir='ltr'>καὶ</span> <span class='ocrx_word' id='word_1_752' title='bbox 3074 4707 3190 4780; x_wconf 77' lang='grc' dir='ltr'>τῆς¹</span> <span class='ocrx_word' id='word_1_753' title='bbox 3218 4705 3533 4779; x_wconf 84' lang='grc' dir='ltr'>προσφυοῦς</span> <span class='ocrx_word' id='word_1_754' title='bbox 3576 4707 3790 4777; x_wconf 76' lang='grc' dir='ltr'>τροφῆς</span> 
     </span>
    </p>
   </div>
   <div class='ocr_carea' id='block_1_105' title="bbox 2204 4799 3789 4878">
    <p class='ocr_par' dir='ltr' id='par_1_105' title="bbox 2204 4799 3789 4878">
     <span class='ocr_line' id='line_1_105' title="bbox 2204 4799 3789 4878; baseline -0.006 -18"><span class='ocrx_word' id='word_1_755' title='bbox 2204 4807 2496 4878; x_wconf 82' lang='grc' dir='ltr'>ὲπιτυχὸν,</span> <span class='ocrx_word' id='word_1_756' title='bbox 2534 4806 2628 4859; x_wconf 78' lang='grc' dir='ltr'>καὶ</span> <span class='ocrx_word' id='word_1_757' title='bbox 2658 4801 2923 4872; x_wconf 81' lang='grc' dir='ltr'>αὐξηθὲν,</span> <span class='ocrx_word' id='word_1_758' title='bbox 2971 4803 3051 4865; x_wconf 82' lang='grc' dir='ltr'><strong>εἰς</strong></span> <span class='ocrx_word' id='word_1_759' title='bbox 3106 4800 3335 4873; x_wconf 82' lang='grc' dir='ltr'>μέγεθος</span> <span class='ocrx_word' id='word_1_760' title='bbox 3375 4799 3590 4872; x_wconf 87' lang='grc' dir='ltr'>πρόεισι</span> <span class='ocrx_word' id='word_1_761' title='bbox 3643 4799 3789 4852; x_wconf 83' lang='grc' dir='ltr'>κατὰ</span> 
     </span>
    </p>
   </div>
   <div class='ocr_carea' id='block_1_106' title="bbox 2202 4889 3787 4969">
    <p class='ocr_par' dir='ltr' id='par_1_106' title="bbox 2202 4889 3787 4969">
     <span class='ocr_line' id='line_1_106' title="bbox 2202 4889 3787 4969; baseline -0.006 -18"><span class='ocrx_word' id='word_1_762' title='bbox 2202 4897 2418 4969; x_wconf 78' lang='grc' dir='ltr'>μικρὸν,</span> <span class='ocrx_word' id='word_1_763' title='bbox 2450 4897 2544 4950; x_wconf 78' lang='grc' dir='ltr'>καὶ</span> <span class='ocrx_word' id='word_1_764' title='bbox 2570 4896 2652 4958; x_wconf 87' lang='grc' dir='ltr'><strong>είς</strong></span> <span class='ocrx_word' id='word_1_765' title='bbox 2680 4893 2883 4960; x_wconf 83' lang='grc' dir='ltr'>πλῆθος</span> <span class='ocrx_word' id='word_1_766' title='bbox 2909 4892 3093 4964; x_wconf 83' lang='grc' dir='ltr'>ἡλίκον</span> <span class='ocrx_word' id='word_1_767' title='bbox 3115 4892 3239 4945; x_wconf 80' lang='grc' dir='ltr'>ὅσον</span> <span class='ocrx_word' id='word_1_768' title='bbox 3264 4891 3576 4945; x_wconf 79' lang='grc' dir='ltr'>ἐπιδίδωσιν</span> <span class='ocrx_word' id='word_1_769' title='bbox 3597 4908 3609 4921; x_wconf 89' lang='grc'><strong>·</strong></span> <span class='ocrx_word' id='word_1_770' title='bbox 3641 4889 3787 4943; x_wconf 78' lang='grc' dir='ltr'>οὕτω</span> 
     </span>
    </p>
   </div>
   <div class='ocr_carea' id='block_1_107' title="bbox 2199 4982 3786 5065">
    <p class='ocr_par' dir='ltr' id='par_1_107' title="bbox 2199 4982 3786 5065">
     <span class='ocr_line' id='line_1_107' title="bbox 2199 4982 3786 5065; baseline -0.009 -16"><span class='ocrx_word' id='word_1_771' title='bbox 2199 4995 2294 5049; x_wconf 79' lang='grc' dir='ltr'>καὶ</span> <span class='ocrx_word' id='word_1_772' title='bbox 2341 4992 2575 5065; x_wconf 81' lang='grc' dir='ltr'>σπινθὴρ</span> <span class='ocrx_word' id='word_1_773' title='bbox 2618 4994 2683 5045; x_wconf 85' lang='grc' dir='ltr'>ὲκ</span> <span class='ocrx_word' id='word_1_774' title='bbox 2726 4990 2874 5044; x_wconf 82' lang='grc' dir='ltr'>λίθου</span> <span class='ocrx_word' id='word_1_775' title='bbox 2929 4992 2994 5060; x_wconf 83' lang='grc' dir='ltr'><strong>τῇ</strong></span> <span class='ocrx_word' id='word_1_776' title='bbox 3024 4986 3119 5040; x_wconf 83' lang='grc' dir='ltr'>τοῦ</span> <span class='ocrx_word' id='word_1_777' title='bbox 3176 4984 3401 5054; x_wconf 67' lang='grc' dir='ltr'>σιδήρου,</span> <span class='ocrx_word' id='word_1_778' title='bbox 3443 4982 3786 5052; x_wconf 70' lang='grc' dir='ltr'>παρατρίψει</span> 
     </span>
    </p>
   </div>
   <div class='ocr_carea' id='block_1_108' title="bbox 2198 5070 3783 5157">
    <p class='ocr_par' dir='ltr' id='par_1_108' title="bbox 2198 5070 3783 5157">
     <span class='ocr_line' id='line_1_108' title="bbox 2198 5070 3783 5157; baseline -0.011 -17"><span class='ocrx_word' id='word_1_779' title='bbox 2198 5088 2477 5157; x_wconf 77' lang='grc' dir='ltr'>ἐλάχιστος</span> <span class='ocrx_word' id='word_1_780' title='bbox 2505 5082 2946 5153; x_wconf 83' lang='grc' dir='ltr'>ἀποπαλλόμενος</span> <span class='ocrx_word' id='word_1_781' title='bbox 2966 5118 2981 5144; x_wconf 97' lang='grc'><strong>,</strong></span> <span class='ocrx_word' id='word_1_782' title='bbox 3015 5078 3095 5140; x_wconf 88' lang='grc' dir='ltr'><strong>είς</strong></span> <span class='ocrx_word' id='word_1_783' title='bbox 3126 5074 3392 5147; x_wconf 86' lang='grc' dir='ltr'>μεγίστην</span> <span class='ocrx_word' id='word_1_784' title='bbox 3416 5070 3783 5144; x_wconf 78' lang='grc' dir='ltr'>ἁνερῤιπίσθη</span> 
     </span>
    </p>
   </div>
   <div class='ocr_carea' id='block_1_109' title="bbox 2198 5161 3789 5247">
    <p class='ocr_par' dir='ltr' id='par_1_109' title="bbox 2198 5161 3789 5247">
     <span class='ocr_line' id='line_1_109' title="bbox 2198 5161 3789 5247; baseline -0.011 -15"><span class='ocrx_word' id='word_1_785' title='bbox 2198 5179 2372 5247; x_wconf 85' lang='grc' dir='ltr'>φλόγα</span> <span class='ocrx_word' id='word_1_786' title='bbox 2392 5195 2404 5207; x_wconf 89' lang='grc'><strong>·</strong></span> <span class='ocrx_word' id='word_1_787' title='bbox 2437 5176 2580 5231; x_wconf 77' lang='grc' dir='ltr'>οὓτω</span> <span class='ocrx_word' id='word_1_788' title='bbox 2604 5176 2699 5228; x_wconf 71' lang='grc' dir='ltr'>καὶ</span> <span class='ocrx_word' id='word_1_789' title='bbox 2725 5174 2948 5245; x_wconf 82' lang='grc' dir='ltr'>σπέρμα</span> <span class='ocrx_word' id='word_1_790' title='bbox 2984 5170 3083 5241; x_wconf 83' lang='grc' dir='ltr'>τῆς</span> <span class='ocrx_word' id='word_1_791' title='bbox 3115 5168 3361 5239; x_wconf 72' lang='grc' dir='ltr'>ἐχίδνης,</span> <span class='ocrx_word' id='word_1_792' title='bbox 3395 5161 3487 5219; x_wconf 77' lang='grc' dir='ltr'>οἷά</span> <span class='ocrx_word' id='word_1_793' title='bbox 3521 5182 3607 5228; x_wconf 83' lang='grc' dir='ltr'><strong>τις</strong></span> <span class='ocrx_word' id='word_1_794' title='bbox 3653 5164 3789 5236; x_wconf 85' lang='grc' dir='ltr'>βρα-</span> 
     </span>
    </p>
   </div>
   <div class='ocr_carea' id='block_1_110' title="bbox 2198 5257 3790 5342">
    <p class='ocr_par' dir='ltr' id='par_1_110' title="bbox 2198 5257 3790 5342">
     <span class='ocr_line' id='line_1_110' title="bbox 2198 5257 3790 5342; baseline -0.023 1"><span class='ocrx_word' id='word_1_795' title='bbox 2198 5271 2403 5342; x_wconf 83' lang='grc' dir='ltr'>κυτάτη</span> <span class='ocrx_word' id='word_1_796' title='bbox 2457 5267 2671 5337; x_wconf 86' lang='grc' dir='ltr'>σταγὼν</span> <span class='ocrx_word' id='word_1_797' title='bbox 2722 5264 3026 5337; x_wconf 86' lang='grc' dir='ltr'>λεληθότως</span> <span class='ocrx_word' id='word_1_798' title='bbox 3064 5260 3355 5333; x_wconf 83' lang='grc' dir='ltr'>ἀνθρώπου</span> <span class='ocrx_word' id='word_1_799' title='bbox 3395 5257 3611 5329; x_wconf 83' lang='grc' dir='ltr'>σώματι</span> <span class='ocrx_word' id='word_1_800' title='bbox 3645 5259 3790 5309; x_wconf 78' lang='grc' dir='ltr'>ἐνιεο</span> 
     </span>
    </p>
   </div>
   <div class='ocr_carea' id='block_1_111' title="bbox 2199 5347 3785 5432">
    <p class='ocr_par' dir='ltr' id='par_1_111' title="bbox 2199 5347 3785 5432">
     <span class='ocr_line' id='line_1_111' title="bbox 2199 5347 3785 5432; baseline -0.008 -20"><span class='ocrx_word' id='word_1_801' title='bbox 2199 5359 2335 5432; x_wconf 84' lang='grc' dir='ltr'>μένη</span> <span class='ocrx_word' id='word_1_802' title='bbox 2356 5398 2370 5420; x_wconf 89' lang='grc'><strong>,</strong></span> <span class='ocrx_word' id='word_1_803' title='bbox 2398 5357 2625 5410; x_wconf 84' lang='grc' dir='ltr'>θάνατον</span> <span class='ocrx_word' id='word_1_804' title='bbox 2650 5355 2933 5423; x_wconf 79' lang='grc' dir='ltr'>ἐνεποίησε</span> <span class='ocrx_word' id='word_1_805' title='bbox 2965 5351 3224 5413; x_wconf 79' lang='grc' dir='ltr'>πολλάκις</span> <span class='ocrx_word' id='word_1_806' title='bbox 3265 5349 3343 5420; x_wconf 79' lang='grc' dir='ltr'>τῷ</span> <span class='ocrx_word' id='word_1_807' title='bbox 3370 5347 3646 5418; x_wconf 86' lang='grc' dir='ltr'>δηχθέντι.</span> <span class='ocrx_word' id='word_1_808' title='bbox 3679 5347 3785 5400; x_wconf 62' lang='grc' dir='ltr'><strong>Τὸν</strong></span> 
     </span>
    </p>
   </div>
   <div class='ocr_carea' id='block_1_112' title="bbox 2195 5438 3788 5520">
    <p class='ocr_par' dir='ltr' id='par_1_112' title="bbox 2195 5438 3788 5520">
     <span class='ocr_line' id='line_1_112' title="bbox 2195 5438 3788 5520; baseline -0.008 -17"><span class='ocrx_word' id='word_1_809' title='bbox 2195 5449 2357 5503; x_wconf 83' lang='grc' dir='ltr'>αὐτὸν</span> <span class='ocrx_word' id='word_1_810' title='bbox 2407 5447 2607 5520; x_wconf 78' lang='grc' dir='ltr'>τρόπον</span> <span class='ocrx_word' id='word_1_811' title='bbox 2654 5446 2748 5500; x_wconf 78' lang='grc' dir='ltr'><strong>καὶ</strong></span> <span class='ocrx_word' id='word_1_812' title='bbox 2797 5447 2832 5516; x_wconf 86' lang='grc' dir='ltr'><strong>ή</strong></span> <span class='ocrx_word' id='word_1_813' title='bbox 2881 5442 3125 5515; x_wconf 84' lang='grc' dir='ltr'>ἁμαρτία</span> <span class='ocrx_word' id='word_1_814' title='bbox 3173 5440 3346 5513; x_wconf 79' lang='grc' dir='ltr'>μικρά</span> <span class='ocrx_word' id='word_1_815' title='bbox 3394 5438 3788 5510; x_wconf 79' lang='grc' dir='ltr'>προσϐαλοῦσα</span> 
     </span>
    </p>
   </div>
   <div class='ocr_carea' id='block_1_113' title="bbox 2195 5532 3786 5614">
    <p class='ocr_par' dir='ltr' id='par_1_113' title="bbox 2195 5532 3786 5614">
     <span class='ocr_line' id='line_1_113' title="bbox 2195 5532 3786 5614; baseline -0.006 -19"><span class='ocrx_word' id='word_1_816' title='bbox 2195 5542 2412 5614; x_wconf 86' lang='grc' dir='ltr'>πρῶτον</span> <span class='ocrx_word' id='word_1_817' title='bbox 2452 5541 2546 5593; x_wconf 80' lang='grc' dir='ltr'>καὶ</span> <span class='ocrx_word' id='word_1_818' title='bbox 2598 5537 2993 5610; x_wconf 83' lang='grc' dir='ltr'>παροραθεῖσα,</span> <span class='ocrx_word' id='word_1_819' title='bbox 3029 5532 3148 5590; x_wconf 80' lang='grc' dir='ltr'>εἷτα</span> <span class='ocrx_word' id='word_1_820' title='bbox 3188 5537 3308 5589; x_wconf 88' lang='grc' dir='ltr'>κατ’</span> <span class='ocrx_word' id='word_1_821' title='bbox 3339 5534 3520 5603; x_wconf 88' lang='grc' dir='ltr'>ὀλίγον</span> <span class='ocrx_word' id='word_1_822' title='bbox 3576 5534 3786 5605; x_wconf 82' lang='grc' dir='ltr'>προκό-</span> 
     </span>
    </p>
   </div>
   <div class='ocr_carea' id='block_1_114' title="bbox 2195 5625 3785 5698">
    <p class='ocr_par' dir='ltr' id='par_1_114' title="bbox 2195 5625 3785 5698">
     <span class='ocr_line' id='line_1_114' title="bbox 2195 5625 3785 5698; baseline -0.006 -12"><span class='ocrx_word' id='word_1_823' title='bbox 2195 5648 2403 5686; x_wconf 89' lang='grc' dir='ltr'>πτουσα</span> <span class='ocrx_word' id='word_1_824' title='bbox 2431 5630 2525 5683; x_wconf 78' lang='grc' dir='ltr'>καὶ</span> <span class='ocrx_word' id='word_1_825' title='bbox 2553 5627 2811 5695; x_wconf 75' lang='grc' dir='ltr'>αὔξουσα,</span> <span class='ocrx_word' id='word_1_826' title='bbox 2849 5628 2990 5698; x_wconf 86' lang='grc' dir='ltr'>μέγα</span> <span class='ocrx_word' id='word_1_827' title='bbox 3015 5627 3187 5680; x_wconf 81' lang='grc' dir='ltr'>κακὸν</span> <span class='ocrx_word' id='word_1_828' title='bbox 3218 5627 3314 5680; x_wconf 76' lang='grc' dir='ltr'>καὶ</span> <span class='ocrx_word' id='word_1_829' title='bbox 3352 5626 3532 5697; x_wconf 61' lang='grc' dir='ltr'>ψυχῆς</span> <span class='ocrx_word' id='word_1_830' title='bbox 3560 5625 3785 5695; x_wconf 80' lang='grc' dir='ltr'>ὀλεθρον</span> 
     </span>
    </p>
   </div>
   <div class='ocr_carea' id='block_1_115' title="bbox 2194 5717 3786 5791">
    <p class='ocr_par' dir='ltr' id='par_1_115' title="bbox 2194 5717 3786 5791">
     <span class='ocr_line' id='line_1_115' title="bbox 2194 5717 3786 5791; baseline -0.007 -13"><span class='ocrx_word' id='word_1_831' title='bbox 2194 5726 2306 5787; x_wconf 84' lang='grc' dir='ltr'>τοῖς</span> <span class='ocrx_word' id='word_1_832' title='bbox 2330 5721 2533 5791; x_wconf 86' lang='grc' dir='ltr'>ταύτην</span> <span class='ocrx_word' id='word_1_833' title='bbox 2560 5718 2949 5791; x_wconf 78' lang='grc' dir='ltr'>ἐργαζομένοις</span> <span class='ocrx_word' id='word_1_834' title='bbox 2982 5718 3252 5790; x_wconf 79' lang='grc' dir='ltr'>ἐπιφέρει.</span> <span class='ocrx_word' id='word_1_835' title='bbox 3297 5718 3503 5772; x_wconf 87' lang='grc' dir='ltr'>Τούτου</span> <span class='ocrx_word' id='word_1_836' title='bbox 3526 5718 3589 5787; x_wconf 83' lang='grc' dir='ltr'>δὴ</span> <span class='ocrx_word' id='word_1_837' title='bbox 3617 5717 3786 5787; x_wconf 74' lang='grc' dir='ltr'>χάριν</span> 
     </span>
    </p>
   </div>
   <div class='ocr_carea' id='block_1_116' title="bbox 2194 5805 3785 5885">
    <p class='ocr_par' dir='ltr' id='par_1_116' title="bbox 2194 5805 3785 5885">
     <span class='ocr_line' id='line_1_116' title="bbox 2194 5805 3785 5885; baseline -0.006 -15"><span class='ocrx_word' id='word_1_838' title='bbox 2194 5817 2222 5869; x_wconf 80' lang='grc' dir='ltr'>ὁ</span> <span class='ocrx_word' id='word_1_839' title='bbox 2248 5813 2558 5885; x_wconf 83' lang='grc' dir='ltr'>Θαυμαστὸς</span> <span class='ocrx_word' id='word_1_840' title='bbox 2588 5810 2886 5884; x_wconf 82' lang='grc' dir='ltr'>σύμϐουλος</span> <span class='ocrx_word' id='word_1_841' title='bbox 2916 5810 3008 5864; x_wconf 75' lang='grc' dir='ltr'>καὶ</span> <span class='ocrx_word' id='word_1_842' title='bbox 3047 5809 3144 5884; x_wconf 79' lang='grc' dir='ltr'>τὴν</span> <span class='ocrx_word' id='word_1_843' title='bbox 3178 5809 3553 5885; x_wconf 77' lang='grc' dir='ltr'>σμικροτάτην</span> <span class='ocrx_word' id='word_1_844' title='bbox 3591 5805 3785 5861; x_wconf 70' lang='lat' dir='ltr'><strong>60x05-</strong></span> 
     </span>
    </p>
   </div>
  </div>
