4164 6350
369 351 470 410 8M

372 486 472 523 σαν
497 471 772 544 ἁμαρτίαν
795 471 1121 527 ὑποπτεύειν
1148 488 1212 524 συ
1221 469 1642 542 μϐουλεύει,καὶ
1669 467 1776 532 ἕως
1797 467 1956 539 ὀλίγη

371 563 489 617 ἐστὶ
539 564 635 618 καὶ
671 565 942 637 ἀδρανὴς,
974 566 1075 636 τὴν
1127 565 1222 618 ἀπ’
1257 564 1427 634 αὐτῆς
1471 560 1833 634 φυλάττεσθαι
1864 560 1957 614 λύ-

374 672 501 725 μην,
536 657 630 709 καὶ
661 657 965 727 ὲξαναιρεῖν
989 659 1056 727 τῇ
1092 655 1351 727 μετανοίᾳ
1375 696 1389 720 ,
1424 654 1512 707 ἵνα
1559 653 1634 724 μὴ
1661 651 1956 724 χρονίσασα

371 748 467 801 καὶ⁹
497 746 839 813 δυνασθεῖσα,
874 749 956 811 εἰς
985 747 1204 801 ἀνίατον
1238 745 1565 817 καταλήξειε
1599 744 1788 799 κακόν.

371 839 441 897 53
482 841 729 909 Ἐρεύνα
761 839 996 894 σαυτὸν
1031 839 1244 894 πλεῖον
1276 838 1315 908 ἢ
1345 837 1417 892 τὰ
1448 837 1568 891 τῶν
1599 836 1811 902 πέλας.

439 932 658 1004 Ἐπειδὴ
692 932 985 1004 πρόχειρον
1024 930 1332 1003 ἀνθρώποις
1364 933 1453 986 ἀεὶ
1483 931 1577 985 καὶ
1605 931 1701 1002 ἡδὺ
1740 930 1859 983 λίαν
1888 930 1955 984 τὰ

369 1024 625 1097 ἀλλότρια
658 1028 1016 1097 περισκοπεῖν
1050 1024 1191 1079 καλά
1217 1042 1276 1078 τε
1325 1024 1511 1095 δνταῆ
1547 1024 1713 1086 κακὰ,
1740 1025 1848 1078 τῶν
1881 1026 1958 1078 οἰ-

369 1115 535 1169 κείων
571 1115 628 1168 δὲ
649 1115 725 1180 ὡς
750 1116 952 1170 ὲπίπαν
984 1117 1281 1188 ὑπερορᾷ-θ,
1319 1120 1576 1187 παραινεί
1610 1119 1638 1170 ὁ
1667 1117 1809 1181 θεῖος
1846 1116 1956 1170 τῶν

369 1207 613 1272 εὐσεϐῶς
652 1207 946 1263 ἐθελόντων
991 1210 1090 1281 ζῇν
1137 1209 1454 1281 καθηγητὴς
1498 1209 1698 1280 μᾶλλον
1740 1209 1809 1263 τά
1848 1210 1956 1263 ίδια

369 1300 762 1375 ἀνερευνᾶσθαι
798 1302 831 1375 ἢ
872 1302 940 1356 τὰ
973 1300 1083 1354 τῶν
1115 1301 1283 1365 πέλας
1317 1301 1817 1373 πολυπραγμονεῖν.
1845 1304 1956 1355 Καὶ

369 1392 479 1465 γὰρ
510 1394 577 1463 τῇ
610 1391 725 1465 τῶν.
756 1392 900 1446 ίδίων
931 1391 1323 1463 πλημμελειῶν
1352 1391 1704 1464 ὲξερευνήσει
1732 1392 1897 1457 αὐτὸς
1925 1395 1954 1447 ὁ

371 1485 563 1538 ἑαυτὸν
597 1484 904 1557 ἀνακρίνων
952 1483 1277 1553 ὠφελεῖται,
1317 1483 1393 1548 ὡς
1426 1484 1548 1553 ὅφιν
1582 1484 1845 1556 κρυπτῶς
1887 1487 1953 1556 τῇ

369 1575 535 1629 αὑτοῦ
557 1575 755 1647 καρδίᾳ
777 1576 1166 1647 ἐμφωλεύοντα
1191 1576 1450 1646 ἐλέγχων,
1477 1579 1571 1629 καὶ
1594 1578 1659 1647 τῇ
1695 1575 1956 1649 ὲξηγορίᾳ

369 1668 672 1739 ἐξαναιρῶν
711 1666 808 1739 τὴν
842 1667 1101 1739 ἀνομίαν’
1130 1667 1200 1720 τά
1229 1666 1325 1719 τοῦ
1374 1666 1544 1730 πέλας
1571 1666 1626 1719 δὲ
1670 1664 1956 1737 διερευνώ-

372 1776 536 1830 μενος
556 1757 650 1812 καὶ
672 1757 1002 1829 ἀνακρίνων,
1029 1757 1226 1828 ἐκείνῳ
1249 1759 1347 1827 μὲν
1380 1756 1571 1828 κέρδος
1597 1756 1952 1827 προύξένησε,

370 1851 563 1907 ἑαυτὸν
587 1848 1006 1921 ἀσφαλιζομένῳ
1029 1848 1117 1903 διὰ
1136 1848 1235 1920 τὴν
1259 1847 1529 1916 ὲξέλεγξιν
1552 1846 1758 1902 καὶτοῦ
1785 1849 1958 1920 ἀμαρ-

371 1945 553 1999 τάνειν
598 1943 729 2006 ίσως
759 1941 1083 2014 παυομένῳ,
1121 1940 1284 2004 αὐτὸς
1320 1939 1378 1994 δὲ
1427 1939 1754 2011 ζημιοῦται,
1805 1940 1859 1992 εἴ
1890 1957 1955 2009 γε

377 2039 479 2111 ἆρα
513 2037 587 2109 μὴ
621 2035 945 2108 κηδεμονίᾳ,
975 2034 1112 2089 ἀλλά
1155 2034 1332 2105 φθόνῳ
1359 2034 1455 2088 καὶ
1486 2033 1723 2105 πονηρίᾳ
1757 2034 1825 2087 τὰ
1860 2033 1955 2086 τοῦ

344 2110 356 2125 id
372 2130 607 2201 γείτονος
638 2126 1091 2200 περιεργάζοιτο’
1123 2125 1190 2179 δι’
1218 2126 1248 2180 ὃ
1288 2120 1435 2194 λέγει
1482 2125 1722 2195 κρείσσω
1751 2125 1843 2179 τὸν
1869 2125 1956 2178 λο-

373 2224 563 2296 γισμὸν
589 2222 698 2277 τῶν
729 2220 986 2293 πράξεων
1016 2215 1155 2274 εἶναι
1206 2219 1302 2272 καὶ
1338 2219 1625 2288 ἀνάκρισιν
1659 2219 1805 2291 ἤπερ
1846 2217 1955 2271 τῶν

379 2315 689 2388 χρημάτων.
713 2313 902 2368 Ταῦτα
927 2313 1024 2383 μὲν
1058 2312 1169 2382 γὰρ
1191 2311 1305 2383 ὅσῳ
1333 2310 1436 2365 κᾶν
1459 2308 1649 2383 λογίζῃ
1675 2311 1767 2365 τὸν
1795 2310 1956 2364 πλεο-

379 2408 575 2478 δασμὸν
600 2448 614 2471 ,
658 2407 768 2477 ὅσῳ
795 2405 900 2459 κᾶν
934 2404 1433 2477 ὲξακριϐαζόμενος
1463 2402 1725 2474 πληθύειν
1754 2403 1920 2474 δοκῇς
1938 2443 1953 2466 ,

373 2502 468 2572 τῆς
508 2500 679 2572 φορᾶς
725 2497 876 2561 ὄντα,
924 2497 1102 2551 ἄλλοτ’
1144 2497 1224 2560 εἰς
1263 2496 1457 2561 ἄλλους
1502 2496 1828 2568 μεταῤῥέει,
1863 2494 1958 2549 καὶ

379 2591 811 2662 -ιετακινούμενα
858 2590 917 2643 οὐ
965 2588 1274 2660 παραμένει
1321 2604 1437 2641 σοι⁹
1474 2590 1506 2659 ή
1544 2587 1651 2642 τῶν
1704 2588 1957 2658 πράξεων

370 2686 430 2740 δὲ
469 2685 766 2755 συζήτησις
789 2723 803 2748 ,
838 2683 933 2735 καὶ
969 2681 1080 2734 τῶν
1113 2679 1392 2750 λογισμῶν
1420 2680 1519 2751 τῆς
1547 2680 1724 2750 ψυχῆς
1745 2679 1959 2751 διάκριο

371 2796 455 2842 σις
485 2779 579 2833 καὶ
617 2775 887 2848 κάθαρσις
912 2814 926 2838 ,
976 2776 1056 2839 είς
1109 2771 1378 2828 ἀπάθειαν
1417 2771 1658 2841 ἄγουσα,
1718 2774 1954 2839 ἵσταται,

371 2872 469 2925 καὶ
506 2871 586 2934 εἰς
613 2868 703 2924 τὸν
732 2867 906 2923 αίῶνα
936 2865 1201 2937 διαμένει.
1531 2872 1535 2876 ’

376 2964 444 3019 57
486 2964 541 3014 '0
577 2961 725 3028 νοῦς
754 2961 847 3015 ἀεί
874 2974 974 3014 σοι
999 2960 1268 3030 καμνέτω
1300 2958 1675 3027 τυπούμενος

374 3034 444 3090 58
477 3035 663 3100 Θείοις
690 3032 994 3101 νοήμασίν
1022 3048 1086 3084 τε
1121 3032 1218 3084 καὶ
1247 3030 1396 3095 ,Βίου
1414 3030 1638 3099 λόγοις.

457 3123 770 3194 Ἀκούωμεν
797 3124 848 3176 οἱ
869 3122 962 3175 τὸν
990 3120 1290 3192 ἀσκητικὸν
1319 3120 1414 3174 καὶ
1450 3121 1570 3174 κατ’
1615 3116 1815 3191 ἀρετὴν
1846 3116 1960 3189 βίον

383 3217 527 3274 ’ϐιοῦν
560 3215 1004 3289 προαιρούμενοι,
1038 3208 1126 3268 οἷα
1147 3214 1280 3286 δρᾷν
1317 3215 1346 3267 ὁ
1366 3213 1466 3283 τῆς
1494 3213 1698 3285 ἀρετῆς
1737 3212 1961 3282 νομοθέ-

383 3328 471 3382 .ης
531 3310 853 3379 εἰσηγεῖται.
884 3306 989 3359 Τὸν
1042 3305 1139 3376 μὲν
1193 3303 1318 3357 νοῦν
1369 3305 1501 3374 ἡμῖν
1534 3304 1650 3374 (96)
1695 3302 1960 3373 διηνεκῶς

371 3402 711 3474 ἐμμέριμνον
742 3395 902 3464 εἶναι,
937 3401 1050 3461 τοῖς
1074 3414 1132 3451 τε
1164 3399 1330 3468 ἱεροῖς
1356 3397 1450 3451 καὶ
1503 3396 1669 3461 θείοις
1695 3398 1961 3468 νοήμασιν

374 3493 767 3566 ἀδολεσχοῦντα
787 3531 802 3556 ,
834 3492 931 3545 καὶ
967 3494 1081 3555 τοῖς
1105 3490 1308 3559 λογίοις
1331 3490 1433 3560 τῆς
1463 3491 1685 3563 χάριτος
1723 3491 1961 3563 ἐμμελε-

371 3587 572 3648 τῶντα,
614 3584 710 3638 καὶ
732 3582 945 3647 τούτοις
980 3582 1075 3636 τὸν
1106 3580 1218 3652 βίον
1246 3581 1585 3652 τυπούμενον
1619 3583 1711 3636 καὶ
1744 3600 1959 3637 κανονι-

374 3679 601 3748 ζόμενον
621 3718 635 3742 ,
669 3676 807 3745 πρός
834 3691 894 3727 τε
925 3674 1027 3745 τὴν
1060 3670 1259 3745 πρᾶξιν
1288 3673 1687 3745 κατορθοῦσθαι
1729 3676 1824 3728 καὶ
1860 3675 1960 3747 τὴν

375 3770 641 3842 θεωρίανο
680 3769 778 3839 τῆς
825 3765 1079 3837 γλώσσης
1110 3766 1167 3819 δὲ
1206 3765 1480 3835 φείδεσθαι
1526 3767 1621 3820 καὶ
1658 3766 1861 3837 ταύτης
1899 3768 1960 3821 τὸ

375 3863 614 3934 ἀκρατὲς
638 3859 967 3915 ἀνακόπτειν
999 3856 1372 3928 παραγγέλλει
1398 3898 1410 3920 ,
1443 3857 1520 3921 ὡς
1552 3858 1626 3929 μὴ
1652 3857 1961 3929 προχείρως

378 3955 512 4028 μηδὲ
545 3950 834 4025 προπετῶς
861 3950 1032 4021 αὐτὴν
1059 3950 1139 4012 είς
1167 3949 1229 4001 τὸ
1254 3948 1527 4003 διδάσκειν
1557 3948 1959 4020 ἢδογματίζειν

375 4044 780 4111 αύθαδίζεσθαι.
810 4043 920 4097 Καὶ
968 4041 1078 4114 γὰρ
1115 4039 1385 4110 ἀχαλίνως
1423 4039 1561 4111 αὕτη
1592 4040 1729 4111 πρὸς
1758 4057 1958 4094 παντοο

381 4138 692 4212 ρημοσύνας
750 4134 1183 4205 ὲξανισταμένη,
1239 4132 1321 4194 είς
1387 4131 1664 4195 ἀπωλείας
1714 4132 1961 4203 αἱρέσεις

375 4230 502 4289 τοὺς
536 4226 610 4297 μὴ
645 4225 746 4296 τὴν
779 4225 873 4277 ἀπ’
914 4222 1088 4294 αὐτῆς
1137 4220 1342 4293 βλάϐην
1376 4221 1798 4293 εὐλαϐουμένοις
1850 4217 1957 4277 οἶδε

376 4315 665 4385 κατασπᾷν
701 4312 796 4366 καὶ
826 4310 1063 4374 εὐκόλως
1090 4310 1359 4374 κινδύνοις
1403 4310 1699 4382 ὑποφέρειν
1728 4312 1826 4384 τὴν
1864 4314 1960 4383 ψυ-

377 4409 479 4478 χήν
504 4426 517 4437 ·
547 4405 727 4470 καλῶς
752 4403 811 4459 δὲ
831 4403 1002 4474 αὐτῆς
1029 4403 1385 4475 κινουμένης,
1417 4403 1512 4458 καὶ
1538 4403 1851 4475 ὀρθοτόμως
1869 4403 1958 4457 τὸν

376 4500 475 4571 τῆς
528 4497 810 4560 εὐσεϐείας
841 4495 999 4565 λόγον
1049 4496 1573 4569 ἀποφθεγγομένης,
1609 4497 1659 4550 εί
1700 4496 1775 4568 μὴ
1811 4497 1960 4550 καὶὸ

379 4590 494 4662 βίος
515 4588 815 4661 ἀμώμητος
848 4587 925 4643 ὢν
960 4586 1136 4660 τύχοι,
1164 4582 1327 4660 ἦττον
1352 4588 1411 4643 τὸ
1440 4589 1549 4643 ἀπὸ
1592 4590 1690 4661 τῆς
1723 4589 1961 4660 εὐγλωτ-

375 4684 498 4748 τίας
544 4683 732 4756 κέρδος
760 4682 856 4737 καὶ
886 4682 948 4736 οὐ
996 4681 1164 4753 πολλὴ
1199 4684 1232 4754 ἠ
1265 4681 1502 4751 ὠφέλεια
1553 4684 1667 4747 τοῖς
1699 4681 1958 4736 ἀκούουσι

377 4777 729 4847 παρίσταται.

374 4868 440 4924 61
472 4870 642 4937 Ὄψις
674 4865 1076 4936 συνήρπασέν
1100 4884 1196 4936 με,
1230 4866 1400 4935 πλὴν
1425 4866 1561 4920 ἀλλ’
1592 4865 1838 4936 ἐσχέθη.

445 4959 751 5021 Κανονίσας
781 4957 872 5010 τὸν
896 4956 1022 5010 νοῦν
1049 4957 1144 5010 καὶ
1173 4957 1271 5028 τὴν
1303 4956 1558 5025 γλῶσσαν
1579 4959 1608 5010 ὁ
1628 4956 1975 5011 θεοειδέστα-·

373 5070 496 5118 τος,
527 5050 776 5106 ἐντεῦθεν
806 5049 993 5103 λοιπὸν
1019 5049 1222 5121 ἑκάστῃ
1243 5049 1352 5103 τῶν
1374 5048 1622 5121 ψυχικῶν
1654 5048 1961 5121 αἰσθήσεων

378 5145 668 5217 ῥυθμίζει,
710 5143 906 5214 "Odos,
965 5139 1170 5211 λέγων,
1231 5141 1575 5213 συνήρπασεν
1629 5139 1960 5207 ἐξαπιναίως

379 5234 632 5306 σώματος
663 5233 894 5299 κάλλος,
938 5231 1315 5304 ἀστραφθεῖσα
1347 5233 1454 5287 τῶν
1486 5234 1585 5287 ὅσα
1622 5234 1823 5306 λίχνοις
1856 5234 1960 5306 δμ-

379 5344 544 5400 μασιν
603 5327 901 5381 ὑποπίπτει
951 5325 1282 5398 θαυμαστά’
1339 5326 1531 5398 ὅρασις
1575 5324 1714 5399 αὕτη
1779 5326 1981 5398 πάσης·

376 5420 684 5491 αἰσθήσεως
730 5417 1045 5490 κυριωτέρα
1079 5418 1172 5471 καὶ
1222 5416 1556 5491 τιμιωτέρα,
1595 5417 1672 5482 ὡς
1725 5419 1818 5473 καὶ
1867 5419 1962 5473 τοῦ

378 5510 655 5575 καλλίονος
690 5509 799 5564 τῶν
828 5508 1102 5581 αἰσθητῶν
1139 5510 1396 5564 ἁπάντων
1424 5507 1559 5566 οὖσα
1594 5510 1774 5581 φωτὸς
1813 5511 1962 5565 ἀντι-

373 5605 636 5677 ληπτικὴ.
671 5603 826 5675 Αὕτη
858 5602 1039 5658 τοίνυν
1070 5600 1329 5672 ἐξαίφνης
1348 5602 1462 5674 (97)
1504 5601 1689 5657 ίδοῦσά
1714 5619 1769 5656 τι
1798 5601 1958 5673 σῶμα

376 5696 665 5768 φωταυγὲς
698 5696 731 5767 ἢ
762 5694 1118 5765 περικαλλὲς,
1156 5693 1504 5765 συνήρπασεν
1552 5710 1621 5764 με
1645 5733 1661 5759 ,
1700 5692 1957 5766 ὲξέστησέ

449 5853 562 5929 (96)
598 5852 733 5910 Cod.
773 5855 869 5926 μὶν
908 5848 1000 5907 οὖν
1031 5854 1183 5925 ἡμῖν.

1361 353 1430 409 ΙΝ
1465 350 1772 410 CARMINA
1799 350 2085 408 ARCANA
2123 349 2183 408 S.
2222 350 2574 410 GREGORII.

3538 360 3643 418 808

2059 468 2129 523 ab
2155 469 2332 540 ipsius
2363 471 2570 527 damno
2606 473 2836 529 cavendi
2871 481 2926 529 et
2965 473 3291 545 pmnitentia
3339 475 3514 548 ipsam
3542 480 3643 534 de-

2058 559 2227 625 lendi,
2265 577 2335 616 ne
2365 563 2664 617 inveterata
2695 572 2751 620 et
2773 565 3006 622 validior
3041 566 3187 622 facta
3222 567 3279 622 in
3318 568 3645 626 irremedia-

2060 651 2167 706 bile
2211 651 2426 707 desinat
2468 655 2695 709 malum.

2059 809 2128 863 55
2168 810 2420 865 Scrutare
2454 813 2630 881 potius
2662 823 2710 867 te
2743 815 2915 884 ipsum
2961 833 3116 885 quam
3154 835 3237 872 res
3268 821 3498 876 alienas.

2131 901 2412 973 Siquidem
2459 906 2562 960 sub
2608 922 2773 960 manu
2810 924 3027 977 semper
3085 919 3169 965 cst
3220 913 3534 969 hominibus
3586 920 3641 968 et

2058 1009 2272 1065 gratum
2303 997 2467 1053 nimis
2490 997 2666 1052 aliena
2687 1000 3016 1069 investigare
3044 1009 3157 1054 tum
3183 1002 3322 1056 bona
3342 1013 3457 1056 tum
3477 1004 3637 1068 mala,

2058 1090 2281 1159 propria
2326 1105 2458 1145 vero
2488 1091 2647 1161 quasi
2682 1092 2938 1148 universe
2967 1093 3105 1148 nihil
3137 1109 3354 1159 curare,
3389 1094 3641 1150 hortatur

2058 1183 2218 1237 divus
2261 1185 2524 1253 magister
2554 1199 2651 1239 eos
2683 1185 2779 1254 qui
2815 1185 2903 1255 pie
2942 1186 3135 1240 volunt
3183 1187 3370 1241 vivere
3399 1188 3466 1242 ad
3523 1201 3645 1257 pro.

2058 1275 2175 1344 prin
2227 1276 2404 1344 magis
2450 1275 2756 1345 indaganda
2792 1257 2957 1348 quam
3003 1279 3237 1349 proximi
3269 1293 3432 1350 opera
3458 1264 3661 1333 curio-7

2058 1367 2175 1420 sius
2230 1366 2559 1435 requirenda
2619 1385 2633 1422 :
2687 1368 3032 1438 pr0priarum
3104 1367 3251 1423 enim
3306 1383 3401 1439 per
3466 1369 3645 1438 negli-

2058 1459 2362 1527 gentiarum
2411 1475 2638 1514 examen
2690 1461 2923 1531 quisque
2968 1477 3027 1516 se
3055 1477 3459 1532 recognoscens
3494 1462 3644 1516 utili-

2059 1561 2221 1607 tatem
2270 1553 2523 1623 percipit,
2582 1561 2891 1624 serpentem
2941 1552 3143 1609 furtive
3202 1557 3258 1609 in
3321 1554 3495 1624 ipsius
3545 1568 3645 1610 cor

2059 1642 2389 1713 irrepentem
2437 1644 2696 1714 detegens
2757 1653 2812 1701 et
2855 1645 3204 1702 cenfessiooe
3255 1646 3518 1700 delictum
3554 1661 3645 1701 re-

2054 1733 2288 1803 jiciens;
2357 1735 2451 1806 qui
2513 1752 2646 1792 vero
2715 1753 2882 1809 opera
2946 1738 3181 1808 proximi
3237 1746 3521 1793 scrutatur
3588 1746 3644 1792 ct

2057 1826 2342 1892 discernit,
2413 1828 2488 1882 illi
2545 1830 2762 1899 quidem
2820 1830 3035 1884 lucrum
3101 1829 3341 1900 acquirit
3399 1830 3661 1899 seipsum.

2055 1921 2231 1974 tuenti
2262 1929 2487 1991 prepter
2528 1922 2972 1993 objurgationem
3012 1932 3066 1977 et
3113 1938 3143 1976 a
3199 1928 3429 1993 peccato
3481 1921 3646 1977 simul

2056 2014 2329 2081 cessanti;
2376 2014 2698 2086 objurgator
2751 2023 2929 2071 autem
2981 2016 3368 2071 detrimentum
3409 2015 3643 2087 patitur,

2056 2105 2103 2158 si
2142 2104 2282 2160 forte
2319 2121 2429 2161 non
2464 2108 2602 2170 zelo,
2663 2107 2759 2163 sed
2810 2108 3014 2164 invidia
3057 2117 3112 2163 et
3161 2108 3370 2162 malitia
3405 2107 3644 2178 proximi

2055 2212 2220 2268 opera
2254 2197 2620 2270 indagaverit;
2657 2200 2845 2271 itaque
2881 2200 3017 2255 dicit
3050 2202 3335 2256 meliorem
3371 2200 3641 2255 rationem

2055 2306 2280 2362 operum
2306 2306 2431 2347 esse
2464 2299 2519 2347 et
2562 2294 3037 2362 percontationem
3065 2309 3251 2365 quam.
3272 2278 3591 2349 divitiarum
3623 2310 3639 2325 ·

2057 2382 2251 2438 harum
2277 2384 2420 2439 enim
2494 2389 2762 2455 quantum
2824 2386 3150 2457 supputabis
3224 2387 3645 2453 abundantiam,

2057 2478 2279 2547 quantis
2307 2492 2510 2534 curans
2557 2477 2783 2534 effocari
2805 2478 3101 2545 videberis,
3154 2480 3487 2535 transitoria:
3521 2494 3644 2550 qua:

2058 2578 2210 2631 sunt.
2240 2571 2360 2626 aliae
2390 2572 2460 2626 ad
2482 2571 2619 2628 alios
2640 2570 2859 2628 eilluent
2884 2579 2938 2628 et
2969 2573 3184 2644 agitatae
3220 2588 3332 2628 non
3352 2573 3449 2629 tibi
3472 2587 3648 2628 rema-

2056 2664 2302 2729 nebunt,
2358 2679 2584 2734 operum
2652 2679 2785 2720 vero
2835 2668 3175 2735 comparatio
3245 2675 3305 2721 et
3364 2665 3642 2721 rationum

2059 2755 2254 2809 animae
2300 2755 2565 2811 discretio
2613 2764 2669 2811 et
2717 2756 3026 2827 puriﬁcatio
3056 2758 3123 2812 ad
3165 2758 3644 2829 morigerationem

2058 2846 2267 2902 ducens
2299 2847 2548 2901 firmatur
2575 2849 2705 2904 etin
2737 2858 3005 2904 aeternum
3042 2857 3349 2921 permanet.

2059 2938 2127 2993 57
2159 2938 2457 2993 Continuus
2489 2940 2582 2993 tibi
2609 2940 2762 2995 labor
2803 2942 2873 2995 sit
2896 2951 2952 2995 ut
2995 2959 3140 2996 mens
3197 2952 3290 2997 tua
3331 2943 3650 3014 informatur

2062 3032 2132 3088 58
2185 3032 2391 3088 Divinis
2438 3035 2848 3105 cogitationibus
2915 3046 2965 3090 et
3013 3036 3348 3092 salutaribus
3407 3042 3647 3100 monitis.

2131 3125 2455 3191 Audiamus,
2492 3128 2587 3196 qui
2615 3128 2912 3182 asceticam
2935 3139 2989 3183 et
3015 3128 3174 3198 juxta
3203 3132 3461 3187 virtutem
3482 3135 3646 3189 vitam

2062 3220 2349 3290 elegimus,
2379 3235 2500 3290 quae
2523 3220 2722 3276 suadet
2768 3229 2828 3274 ut
2862 3219 3131 3276 faciamus
3175 3223 3394 3280 virtutis
3431 3225 3650 3296 legisla-
3720 3276 3723 3277 ν

2056 3318 2168 3367 tor.
2213 3310 2451 3379 Spiritus
2497 3312 2657 3367 nobis
2708 3310 3093 3366 indesinenter
3141 3313 3214 3367 sit
3265 3314 3536 3371 sollicitus
3580 3315 3648 3373 de

2062 3403 2270 3457 sanctis
2297 3409 2352 3457 et
2381 3402 2585 3458 divinis
2615 3402 3044 3473 cogitationibus
3078 3405 3397 3461 conversari
3430 3414 3484 3461 et
3527 3423 3649 3478 qua:

2063 3496 2294 3565 gratiam
2328 3502 2578 3564 spectant
2609 3504 2789 3560 curet,
2846 3503 3011 3567 atque
3063 3497 3366 3552 secundum
3416 3499 3521 3555 ista
3564 3501 3650 3555 in-

2063 3586 2261 3641 formet
2304 3595 2359 3642 et
2393 3588 2646 3642 instituat
2701 3588 2865 3641 vitam
2921 3587 3163 3659 dirigens
3222 3588 3287 3645 ad
3336 3592 3546 3661 praxim
3594 3603 3649 3648 et

2062 3679 2511 3747 meditationem;
2570 3679 2770 3750 linguae
2832 3695 3061 3751 parcere
3114 3689 3169 3737 et
3222 3682 3400 3752 ipsius
3437 3684 3648 3740 inordi-

2062 3781 2249 3825 natum
2283 3772 2579 3842 reprimere
2614 3773 2940 3842 prtescribit,
2973 3773 3048 3827 ita
3085 3782 3141 3828 ut
3175 3788 3276 3830 nec
3332 3774 3383 3829 fa
3423 3774 3494 3831 ile
3545 3793 3648 3833 nec

2064 3860 2373 3930 petulanter
2404 3870 2652 3931 erumpat
2680 3861 2735 3915 in
2769 3861 3018 3916 docendo
3042 3872 3136 3917 aut
3174 3862 3595 3934 dogmatizando
3628 3887 3642 3923 :

2060 3969 2301 4025 namque
2340 3969 2464 4009 cum
2511 3970 2619 4008 non
2665 3953 2954 4009 refra-nata
3013 3963 3264 4011 movetur
3312 3957 3365 4011 in
3427 3972 3646 4013 omnem

2061 4060 2393 4109 sermonem,
2427 4047 2481 4100 in
2532 4046 2763 4102 lethales
2791 4046 3026 4104 haereses
3067 4047 3190 4103 illos
3219 4048 3310 4118 qui
3345 4064 3458 4104 non
3485 4063 3516 4103 a
3546 4047 3644 4106 de-

2060 4139 2206 4194 lictis
2251 4154 2349 4209 per
2395 4140 2568 4209 ipsam
2602 4149 2913 4210 pra‘cavent
2946 4141 3099 4196 novit
3118 4141 3379 4197 inducere
3407 4148 3462 4197 et
3486 4141 3649 4200 facile

2061 4231 2322 4302 periculis
2371 4245 2646 4300 exponere
2714 4231 2992 4301 animam;
3080 4233 3200 4303 ipsa
3254 4241 3437 4288 autem
3498 4240 3646 4290 recte

2061 4330 2351 4375 moveatur
2404 4328 2460 4376 et
2524 4320 2664 4377 bene
2718 4336 3029 4378 sermonem
3100 4324 3319 4394 pietatis
3378 4324 3641 4394 proferat,

2060 4414 2141 4468 sic
2210 4413 2661 4485 reprehensibilis
2737 4429 2848 4470 non
2924 4423 3010 4472 est
3079 4416 3230 4483 gvita,
3299 4417 3483 4473 minus
3561 4426 3649 4473 est

2058 4504 2218 4560 bona:
2265 4504 2495 4575 loquelae
2550 4506 2766 4563 lucrum
2824 4522 2928 4564 nec
2965 4508 3134 4563 multa
3163 4509 3374 4565 utilitas
3417 4508 3646 4566 audien-

2059 4597 2208 4654 tibus
2241 4598 2535 4670 praebetur.

2062 4866 2123 4922 6i
2163 4867 2415 4937 Aspectas
2452 4883 2532 4922 me
2555 4866 2808 4937 abripuit,
2844 4867 2934 4923 sed
2973 4875 3146 4922 tamen
3170 4883 3249 4922 me
3272 4865 3499 4922 cohibui.

2137 4956 2455 5012 Moderatus
2497 4957 2754 5027 spiritum
2789 4965 2844 5012 et
2878 4956 3120 5028 linguam
3163 4957 3386 5013 divinus
3428 4955 3642 5024 doctor,

2063 5046 2264 5103 exinde
2298 5048 2540 5118 reliquos
2572 5063 2769 5104 sensus
2806 5049 3085 5105 naturales
3123 5049 3422 5120 componit.
3456 5046 3644 5113 Visus,

2062 5140 2278 5211 inquit,
2339 5140 2524 5196 subito
2564 5140 2746 5211 rapuit
2814 5155 3108 5211 corporum
3180 5140 3644 5212 pulchritudinem

2065 5233 2411 5301 illnminans,
2445 5244 2713 5305 quantum
2750 5233 3003 5289 miranda
3029 5234 3209 5290 oculis
3241 5234 3648 5305 concupiscen-

2067 5327 2156 5381 tiae
2184 5327 2344 5383 obvia
2382 5326 2540 5382 fiunt.
2572 5326 2739 5382 Visus
2776 5329 2893 5398 ipse
2922 5342 3114 5383 omnes
3154 5341 3351 5383 sensus
3378 5339 3646 5395 superans

2064 5419 2305 5476 efficacia
2337 5425 2394 5476 et
2436 5419 2757 5493 reverentiae
2790 5421 3138 5487 necessitate,
3170 5418 3371 5490 quippe
3393 5415 3484 5487 qui
3526 5430 3647 5471 om-
3725 5438 3737 5470 ,η

2067 5512 2225 5567 nium
2265 5511 2610 5567 sensibilium
2656 5511 3029 5581 pulchriorem
3070 5509 3334 5582 fulgorem
3372 5506 3644 5580 percipit;

2069 5602 2224 5657 visus
2271 5616 2403 5672 ergo
2456 5601 2643 5657 subito
2698 5618 2901 5674 corpus
2954 5603 3225 5675 quoddam
3284 5600 3498 5671 fulgens
3554 5604 3649 5652 aut

2070 5691 2459 5763 perpulchrum
2493 5707 2725 5748 cernens
2758 5708 2843 5749 me
2876 5693 3088 5764 rapuit,
3119 5691 3354 5747 alienum
3396 5704 3484 5744 me
3517 5686 3646 5743 abs-

2147 5850 2257 5923 (97)
2291 5850 2424 5906 Cod.
2460 5851 2722 5925 ἐξαίφνις.

3408 5944 3497 5986 ..ν
