4164 6350
533 377 637 434 803

533 500 680 563 tulit,
711 507 881 553 totum
916 499 1157 555 incendit
1191 508 1318 556 ante
1345 510 1699 573 conspectam
1730 504 2101 574 pulchritudi-

534 607 695 658 ncm;
745 592 840 646 sed
883 607 1171 662 repressus
1195 603 1300 660 est,
1347 595 1442 649 sed
1471 595 1748 652 cohibitus
1787 605 1872 653 est
1914 599 2111 654 timore

535 682 629 737 Dei
655 691 708 738 et
740 683 1123 738 mandatorum
1155 685 1556 752 recordatione,
1582 689 1664 744 sic
1697 704 1998 746 conversus
2028 700 2114 747 est

534 784 590 829 et
634 775 938 829 exstinctus
983 783 1088 839 est,
1138 777 1211 830 ita
1253 784 1312 830 ut
1353 777 1408 832 in
1459 779 1640 834 anima
1680 796 1790 836 non
1836 795 2116 840 remaneat

534 866 974 934 repraesentatio,
997 865 1113 921 sive
1139 869 1428 940 vestigium
1458 883 1551 926 aut
1585 873 1777 927 umbra
1806 875 1933 928 mali
1969 877 2114 930 desi-

534 956 689 1011 derii.
745 954 960 1012 Primus
1011 957 1232 1028 gradus,
1279 967 1334 1014 et
1381 961 1584 1033 absque
1623 973 1846 1034 peccato
1878 966 2005 1036 quia
2057 967 2114 1020 (it

543 1062 690 1102 mera
730 1048 928 1119 imago.
968 1049 1026 1104 Si
1065 1060 1246 1106 autem
1287 1053 1466 1124 imago
1518 1065 1623 1112 stet
1657 1068 1710 1112 et
1739 1073 1862 1128 quas
1899 1059 2116 1129 conSpi-

534 1137 678 1191 citur
735 1136 908 1192 forma
970 1147 1063 1194 aut
1114 1141 1466 1210 pulchritudo
1523 1161 1645 1200 cum
1703 1150 2117 1218 perturbatione

535 1226 588 1278 in
637 1227 993 1297 intelligentia
1040 1230 1414 1298 inscribatur,
1470 1235 1747 1292 secundus
1796 1247 1880 1294 est
1914 1238 2116 1309 gradus

533 1321 588 1367 et
638 1316 1052 1385 senii-perfecta
1099 1321 1259 1390 culpa
1293 1331 1547 1390 vocatur;
1583 1326 1630 1379 si
1672 1334 1851 1382 tamen
1879 1328 2117 1398 fugiatur

532 1416 910 1462 consummata
969 1424 1064 1478 per
1116 1413 1506 1482 experientiam
1556 1417 1739 1487 culpa.
1796 1414 1932 1475 Tres
1989 1436 2118 1490 ergo

535 1497 625 1552 isti
674 1499 874 1569 gradus
912 1502 1071 1557 lucta:
1110 1512 1239 1559 sunt
1271 1506 1572 1576 spiritualis
1619 1525 1649 1563 a
1689 1513 1967 1566 communi
2014 1511 2117 1564 ini-

537 1591 678 1645 mi'co
721 1595 925 1650 nostris
975 1596 1265 1653 animabus
1319 1599 1508 1668 oblati,
1558 1601 1762 1674 imago,
1805 1603 2116 1668 delectatio,

532 1683 897 1754 experientia.
925 1684 1233 1743 Fortissimi
1266 1700 1350 1745 est
1371 1692 1551 1761 primo
1579 1696 1763 1750 audito
1791 1696 2117 1750 intentatam

531 1788 563 1830 ι
596 1778 951 1847 sequentibus
981 1781 1238 1836 resistere
1264 1800 1278 1849 ;
1307 1794 1361 1838 et
1385 1786 1431 1838 si
1463 1785 1518 1840 in
1561 1788 1863 1842 secundum
1900 1789 2116 1844 induci-

534 1884 678 1932 mur,
729 1869 976 1926 secundo
1027 1872 1202 1942 gradu
1247 1873 1450 1929 bonum
1497 1891 1644 1933 esset
1687 1881 1859 1934 multa
1906 1891 2114 1953 tempe-

533 1963 710 2016 rantia
744 1971 798 2017 et
837 1965 1089 2033 prudenti
1125 1966 1309 2021 animo
1341 1977 1558 2026 utentes
1592 1971 1804 2026 ruinam
1833 1975 2115 2044 experien-

531 2054 620 2108 tize
654 2054 874 2110 totalem
911 2059 1104 2112 vitare.

530 2189 602 2247 65
638 2189 774 2248 Cera
797 2209 952 2247 aures
983 2192 1195 2248 obstrue
1220 2194 1470 2249 adversus
1495 2211 1680 2265 pravos
1698 2213 1982 2253 sermones.

601 2283 1071 2350 Quemadmodum
1117 2303 1214 2357 per
1261 2290 1437 2342 visum
1479 2291 1636 2359 quasi
1682 2305 1779 2360 per
1839 2290 2116 2348 fenestras

530 2379 927 2448 cupiditatibus
950 2381 1016 2435 ad
1053 2380 1474 2436 fornicationem
1509 2383 1888 2439 allicientibus
1911 2385 2118 2440 intrare

531 2471 586 2524 in
611 2473 848 2526 animam
881 2473 1236 2537 conantibus,
1267 2475 1363 2545 qui
1398 2475 1657 2543 prudenti
1687 2477 1858 2532 utitur
1884 2479 2117 2534 consilio

529 2563 753 2617 obturat
786 2565 979 2619 oculos
1013 2572 1067 2619 et
1097 2564 1166 2619 ab
1200 2565 1285 2620 his
1313 2565 1534 2620 divertit
1563 2575 1616 2622 et
1637 2567 1928 2633 alienatur,
1957 2569 2038 2625 sic
2066 2579 2118 2625 et

531 2671 626 2724 per
657 2653 902 2709 auditum
942 2655 1160 2709 allicere
1193 2664 1429 2712 conante
1472 2657 1818 2726 impudente,
1854 2674 1982 2714 cera
2015 2674 2116 2714 auo

529 2763 620 2803 res
657 2746 874 2812 obtura,
914 2746 1236 2815 pronuntiat
1283 2747 1446 2804 divus
1491 2757 1686 2818 pater;
1736 2749 1805 2804 ad
1847 2752 2116 2807 amatoria

528 2839 695 2893 verba
727 2846 782 2892 et
811 2838 1123 2892 indecentia
1156 2846 1210 2892 et
1251 2839 1427 2908 turpia
1459 2848 1514 2894 et
1547 2840 1836 2896 cantiones
1866 2843 2117 2897 meretri-

529 2930 647 2983 cias
677 2927 852 2982 allicit
884 2927 1147 2992 animam,
1190 2928 1546 2983 cantionibus
1583 2927 1876 2985 diabolicis
1908 2930 1976 2985 ad
2016 2946 2116 2984 vo-

533 3021 796 3089 luptatem
828 3017 1178 3073 trahentibus
1205 3017 1357 3072 omni
1398 3033 1501 3090 ope
1543 3019 1875 3076 difﬂuentem
1905 3032 1960 3075 et
1987 3021 2117 3077 effe-

531 3111 798 3164 minatum
839 3109 1072 3164 reddere
1119 3110 1374 3180 spiritum
1414 3112 1530 3166 vult
1577 3112 1820 3177 auditus,
1862 3130 2021 3183 quem
2055 3121 2115 3168 tu

529 3201 756 3254 ottinino
809 3199 1007 3254 cohibe
1055 3218 1069 3254 :
1117 3198 1591 3266 Quemadmodum
1651 3204 1743 3273 qui
1805 3204 2114 3259 sirenarum

531 3309 702 3364 prope
758 3293 1075 3348 mansiones
1135 3295 1449 3349 canentium
1504 3295 1608 3350 iter
1658 3305 1906 3366 agentes,
1953 3313 2115 3354 aures

529 3401 655 3440 cera
687 3385 842 3455 juxta
875 3393 1066 3454 poetas
1099 3385 1524 3451 obturaverunt,
1570 3388 1652 3443 sic
1697 3396 1750 3443 et
1789 3396 1871 3451 tu,
1915 3389 2114 3459 inquit,

530 3475 701 3533 surdo
734 3477 935 3532 similis
973 3492 1083 3533 non
1124 3477 1358 3534 audiens
1396 3479 1780 3550 symphoniam
1820 3479 2116 3537 fornicarie

530 3569 874 3632 canentium,
911 3569 1168 3636 declina;
1209 3570 1343 3625 solis
1377 3578 1556 3627 autem
1590 3571 1834 3642 pulchris
1861 3581 1915 3628 et
1956 3575 2116 3632 bonis

531 3659 772 3731 Spiritus
813 3661 1055 3716 oraculis
1094 3676 1282 3716 aurem
1319 3677 1534 3733 semper
1573 3661 1873 3719 admovens
1907 3665 2112 3730 cordis,

529 3753 818 3807 incumbas
870 3752 938 3807 ad
994 3752 1289 3808 dicendum
1349 3753 1458 3809 Deo
1505 3754 1683 3809 laudis
1735 3766 1811 3824 et:
1846 3757 2116 3814 orationis

531 3845 757 3899 verbum
785 3852 841 3899 et
871 3843 938 3898 ad
965 3844 1300 3900 audiendum
1328 3846 1398 3900 ab
1430 3846 1552 3916 ipso
1588 3861 1733 3916 saepe
1763 3862 1886 3918 quae
1927 3848 2116 3903 audire

528 3947 782 4006 oportet;
813 3943 867 3991 et
899 3936 1105 3992 interea
1147 3952 1212 3993 ex
1243 3936 1332 3992 bis
1373 3952 1496 4008 quae
1531 3939 1598 3993 ad
1649 3936 1820 3993 Deum
1877 3937 2111 4004 diceres,

529 4037 623 4082 aut
651 4042 718 4081 ex
763 4027 848 4083 his
879 4043 1001 4098 quae
1053 4029 1122 4082 ab
1176 4029 1296 4098 ipso
1342 4027 1588 4094 audires,
1641 4028 1826 4086 facere
1881 4031 1966 4086 vel
2011 4032 2114 4086 ali-

529 4119 662 4192 quid
693 4134 942 4190 parvum,
977 4119 1032 4176 id
1066 4119 1347 4178 evidenter
1368 4129 1644 4194 prmeepto
1681 4130 1736 4180 et
1764 4121 1970 4180 virtute
2023 4125 2109 4180 di-

529 4226 698 4282 gnum
733 4218 839 4266 est.

530 4303 598 4356 69
635 4301 759 4356 Non
791 4311 838 4356 te
863 4301 1014 4357 valde
1037 4303 1330 4359 dissoluant
1363 4303 1551 4360 odores
1575 4306 1884 4375 e/Teminatt'.

602 4393 862 4450 Mundatis
909 4396 1142 4451 maculis
1176 4412 1298 4467 quae
1333 4412 1430 4468 per
1453 4398 1632 4453 visum
1666 4408 1722 4452 et
1761 4397 2010 4453 auditum
2058 4398 2113 4454 in

529 4485 770 4540 animam
828 4486 1108 4552 incidunt,
1169 4503 1292 4558 quae
1346 4489 1413 4543 ab
1451 4489 1574 4544 aliis
1626 4488 1882 4546 sensibus
1923 4504 2117 4546 conse-

529 4581 776 4644 quuntur
803 4575 1221 4646 inquinamenta
1243 4587 1294 4633 et
1320 4578 1470 4634 labes
1501 4587 1695 4650 purgat
1723 4579 2020 4638 exhortans
2048 4581 2116 4636 ad

532 4683 641 4722 non
673 4669 836 4725 nimis
868 4669 1366 4726 intumescendum.
1400 4669 1476 4726 De
1504 4672 1611 4734 his,
1646 4688 1747 4728 nec
1779 4688 1882 4728 nos
1910 4673 2120 4730 eﬂ'emi-

532 4761 746 4815 nandos
764 4761 819 4816 in
842 4761 1209 4817 suavitatibus
1231 4762 1462 4817 odorum
1481 4762 1780 4819 dissolutos
1803 4775 1854 4820 et
1871 4765 1927 4819 in
1948 4765 2120 4821 varie-

531 4855 740 4909 tatibus
765 4853 1175 4909 esculentnrum
1209 4854 1450 4910 mellitos
1484 4864 1538 4910 et
1572 4857 1628 4910 in
1654 4863 1911 4912 contactu
1938 4857 2118 4914 delec-

533 4956 677 5002 tatos
717 4954 773 5002 et
813 4945 1013 5002 furtive
1051 4945 1330 5010 inductos,
1375 4947 1577 5016 quibus
1614 4949 1867 5004 comitem
1891 4965 1954 5005 se
1979 4949 2117 5006 dans

533 5038 952 5109 intemperantia
983 5045 1039 5093 et
1063 5038 1458 5094 incontinentia
1480 5055 1510 5092 a
1536 5039 1629 5094 Dei
1664 5041 1860 5096 timore
1887 5049 1942 5098 et
1963 5057 2119 5096 man-

533 5114 676 5187 datis
713 5131 997 5201 elongant;
1036 5130 1124 5186 his
1163 5130 1306 5186 enim
1339 5132 1711 5202 voluptatibus
1754 5133 1948 5206 ignave
1987 5150 2117 5191 suc-

533 5225 800 5279 cumbens
822 5231 878 5278 et
909 5231 1224 5288 enervatus,
1255 5223 1388 5279 dicit
1419 5224 1812 5295 cupiditatibus
1835 5235 2118 5297 exemptus

535 5330 736 5371 sermo.
763 5315 823 5368 ln
853 5328 962 5386 quo
984 5313 1182 5369 animae
1199 5321 1466 5385 quaestum
1489 5326 1542 5371 et
1561 5316 1726 5370 animi
1751 5316 1919 5372 robur
1933 5327 2118 5372 osten-

534 5409 670 5464 des?
698 5405 945 5478 Namque
977 5405 1238 5464 odoratus
1270 5423 1366 5478 per
1387 5409 1584 5465 odores
1612 5411 1883 5464 excitatur
1903 5451 1917 5474 ,
1958 5425 2119 5480 sapo-

534 5500 689 5553 ribus
722 5507 916 5568 gustus
955 5499 1100 5553 ultra
1129 5499 1352 5554 modum
1380 5499 1578 5570 gaudet
1613 5507 1666 5555 et
1696 5501 1944 5568 inservit,
1975 5503 2117 5558 lenia

535 5598 739 5643 tactum
777 5600 1043 5647 recreant.
1087 5589 1245 5646 Unde
1279 5593 1446 5663 igitur
1473 5609 1594 5663 qua:
1629 5594 1803 5650 virum
1838 5603 2118 5650 sanctum-

535 5695 640 5748 que
663 5680 847 5734 dicent
873 5681 1190 5750 concipies?
1217 5679 1345 5736 Haec
1374 5682 1518 5736 enim
1553 5684 1735 5738 omnia
1771 5685 1965 5738 animae
2006 5700 2116 5738 non

537 5770 709 5824 virilis
744 5780 798 5823 et
839 5771 1085 5828 femineae
1108 5784 1161 5826 et
1191 5775 1436 5845 gentium
1460 5776 1826 5846 peccatricum
1872 5777 1926 5833 in
1968 5784 2114 5833 terra

611 5897 722 5972 (98)
757 5901 889 5959 Cod.
927 5904 1222 5974 καταοεογο
1230 5925 1286 5976 μ.

1876 381 2169 439 NICETAS

2241 383 2449 439 DAVID
3691 385 3796 442 804

2217 525 2307 577 με,
2341 507 2460 560 ὅλον
2494 503 2658 576 ἐξῆψε
2686 504 2780 558 τοῦ
2821 502 3094 573 θεωμένου
3123 499 3374 565 κάλλους·
3427 498 3542 552 ἀλλ’
3568 501 3794 571 ἐπεσχέ-

2215 598 2281 670 θη
2304 642 2318 663 ,
2353 597 2468 651 ἀλλ’
2499 597 2740 666 ἀνεκόπη
2779 595 2930 665 φόϐῳ
2957 591 3122 656 Θεοῦ,
3159 592 3254 645 καὶ
3288 590 3386 661 τῆς
3412 590 3632 662 ἐντολῆς
3659 594 3792 646 ὑπο-

2219 692 2411 761 μνήσει
2438 708 2451 721 ·
2481 688 2654 751 οὕτως
2683 688 2960 758 ἀνετράπη
3003 702 3062 738 τε
3092 685 3184 738 καὶ
3216 681 3484 737 ἀπολώλει
3504 722 3520 747 ,
3551 682 3628 746 ὡς
3659 683 3794 754 μηδὲ

2215 780 2434 834 εἴδωλον
2457 821 2472 846 ,
2499 777 2674 832 είτουν
2708 779 2852 847 ῐχνος
2884 776 2917 847 ἦ
2947 775 3260 845 φάντασμα,
3292 771 3586 842 ἐπιθυμίας
3620 774 3794 842 κακῆς

2216 874 2551 943 παραμεῖναι
2611 873 2678 941 τῇ
2735 869 2904 940 ψυχῇ.
2955 866 3128 920 Τοῦτο
3178 867 3393 938 πρῶτος
3449 864 3650 935 βαθμδς
3702 865 3795 918 καὶ

2217 965 2489 1036 ἁμαρτίας
2514 964 2680 1034 χωρὶς
2700 1003 2714 1029 ,
2767 962 2848 1014 ὅτι
2877 959 3006 1030 ψιλὴ
3046 959 3235 1028 γέγονε
3269 956 3576 1028 προσϐολή·
3618 958 3711 1008 ἐὰν
3738 956 3794 1008 δὲ

2215 1057 2433 1115 εἴδωλον
2461 1059 2561 1127 στῇ
2593 1057 2686 1108 καὶ
2724 1054 2786 1108 τὸ
2811 1054 2906 1122 τοῦ
2941 1053 3200 1122 ὀφθέντος
3238 1047 3373 1113 εἶδος
3403 1051 3434 1121 ἢ
3469 1049 3663 1112 κάλλος
3693 1049 3794 1119 έμ-

2219 1149 2408 1213 παθῶς
2435 1151 2469 1220 ὴ
2491 1148 2698 1201 διάνοια
2725 1147 2888 1217 ἐαυτῇ
2921 1141 3566 1214 ὲναπογράψηται,τοῦτο
3595 1139 3796 1211 βαθμδς

2219 1242 2468 1312 δεύτερος
2523 1241 2617 1294 καὶ
2671 1239 2934 1310 ἡμιτελὴς
2969 1238 3215 1308 ἁμαρτία
3257 1233 3617 1308 χρηματίζει,
3652 1234 3795 1301 εἴγε
3875 1275 3880 1280 .

2218 1333 2326 1404 ἀρα
2346 1331 2445 1402 τὴν
2469 1331 2557 1384 διὰ
2577 1331 2774 1402 πείρας
2805 1329 3016 1383 τελείαν
3039 1327 3306 1391 ὑπαλύξαι
3330 1325 3800 1396 ἁμαρτίαν.Τρεῖς

2219 1418 2313 1475 οὖν
2341 1417 2485 1474 οὗτοι
2518 1419 2717 1490 βαθμοί
2769 1421 2874 1472 εἱσι
2921 1418 3022 1487 τῆς
3057 1416 3234 1486 πάλης
3285 1413 3386 1485 τῆς
3429 1413 3658 1484 νοητῆς,
3693 1413 3799 1465 ὑπὸ

2218 1511 2313 1565 τοῦ
2347 1511 2528 1564 κοινοῦ
2573 1509 2880 1581 Δυσμενοῦς
2907 1511 3027 1572 ταῖς
3061 1507 3359 1579 ἡμετέραις
3393 1505 3797 1574 ὑποτεινόμενοι

2219 1604 2447 1674 ψυχαῖς,
2490 1600 2795 1672 προσϐολὴ,
2831 1599 3098 1669 φαντασία
3135 1615 3196 1651 τε
3239 1597 3332 1650 καὶ
3369 1599 3553 1668 πεῖρα.
3594 1594 3800 1666 Κράτι-

2224 1711 2348 1748 στον
2384 1695 2482 1765 μὲν
2528 1689 2622 1747 οὖν
2666 1693 2757 1746 τὸν
2789 1692 3007 1762 πρῶτον
3038 1688 3596 1760 ἀποκρουσαμένους,
3639 1686 3798 1740 ἀπεί-

2220 1803 2383 1858 ρατον
2415 1785 2598 1857 μένειν
2627 1784 2735 1837 τῶν
2764 1776 2892 1854 ἑξῆς
2921 1799 2934 1814 ο
2971 1784 3019 1835 εί
3051 1781 3106 1835 δὲ
3153 1780 3248 1834 καὶ
3275 1779 3354 1850 τῷ
3391 1779 3628 1849 δευτέρῳ
3674 1776 3800 1830 ὑπε-

2219 1879 2560 1950 νεχθείημεν,
2592 1875 2843 1949 δεύτερον
2876 1874 3039 1929 καλὸν
3069 1873 3134 1928 ἂν
3169 1872 3255 1942 εῐη
3277 1915 3291 1938 ,
3319 1871 3478 1942 νήψει
3507 1870 3675 1940 πολλῇ
3703 1868 3800 1922 καὶ

2220 1969 2454 2040 σώφρονι
2482 1969 2558 2041 νῷ
2582 1965 3094 2040 χρησαμένους,τὴν
3121 1964 3208 2020 διὰ
3234 1963 3428 2035 πείρας
3451 1964 3640 2033 φυγεῖν
3665 1977 3801 2014 παν⁶

2219 2063 2506 2136 ωλεθρίαν.

2220 2200 2290 2255 65
2327 2197 2498 2268 Κηρῷ
2535 2201 2606 2251 τὰ
2636 2191 2756 2251 ὦτα
2794 2194 3034 2266 φράσσε
3067 2192 3218 2262 πρὸς
3254 2190 3528 2262 φαύλους
3554 2189 3796 2258 λόγους.

2291 2295 2539 2363 Ὥσπερ,
2587 2291 2676 2346 διὰ
2709 2291 2920 2362 θυρίδος
2978 2289 3080 2359 τῆς
3140 2286 3387 2360 ὁράσεως
3441 2282 3536 2338 τοῦ
3598 2282 3801 2345 πάθους

2219 2382 2649 2456 προσϐάλλοντος
2672 2379 2764 2435 τοῦ
2793 2381 2893 2451 τῆς
2921 2378 3175 2450 πορνείας
3205 2375 3510 2448 ὲπεισρέειν
3537 2377 3601 2445 τῇ
3631 2372 3800 2443 ψυχῇ,

2217 2479 2247 2530 6
2280 2477 2518 2548 σώφρονι
2551 2473 2833 2546 χρώμενος
2859 2472 2936 2542 τῷ
2963 2469 3208 2542 λογισμῷ
3232 2510 3247 2534 ,
3277 2469 3377 2538 τὴν
3403 2467 3525 2537 ὄψιν
3547 2465 3773 2519 ἀποκλεί

2221 2585 2320 2632 σας
2336 2609 2351 2632 ,
2373 2567 2433 2632 ἐξ
2465 2565 2661 2620 ἑαυτοῦ
2682 2564 2887 2634 ταύτην
2915 2561 3264 2635 ἀπερρἀισε
3289 2560 3381 2614 κα)⁸
3407 2557 3758 2629 διεκρούσατο
3781 2571 3799 2588 ο

2218 2660 2362 2715 οὕτω
2399 2659 2494 2712 καὶ
2531 2657 2598 2712 δι’
2640 2657 2808 2727 ἀκοῆς
2850 2653 3148 2726 παραδύειν
3177 2651 3277 2721 τῆς
3316 2648 3564 2712 ἀναιδοῦς
3594 2648 3801 2717 ἐπιχει-

2222 2748 2421 2821 ρούσης
2442 2785 2458 2810 ,
2489 2745 2645 2817 κηρῷ
2681 2745 2893 2816 φράσσε
2925 2743 2994 2796 τά
3033 2735 3178 2805 ὦτα,
3217 2741 3246 2793 ὁ
3270 2739 3410 2801 θεῖος
3440 2736 3627 2808 Πατὴρ
3658 2754 3801 2804 γνω-

2223 2839 2432 2911 μοδοτεῖ
2457 2854 2469 2867 ·
2513 2837 2608 2890 καὶ
2657 2835 2794 2908 πρὸς
2822 2834 3120 2905 ἐρωτικοὺς
3167 2831 3359 2901 λόγους
3388 2830 3484 2884 καὶ
3533 2830 3800 2900 ἀσέμνους

2219 2933 2313 2987 καὶ
2341 2933 2656 3002 ἀσχήμονας
2682 2968 2698 2995 ,
2721 2929 2808 2982 ναὶ
2838 2928 2902 2998 δὴ
2928 2927 3020 2981 καὶ
3049 2926 3271 2998 ᾅσματα
3300 2923 3536 2996 πορνικά
3560 2939 3801 2990 κατακη-

2219 3024 2413 3078 λοῦντα
2442 3021 2621 3093 ψυχὴν
2641 3061 2656 3087 ,
2690 3021 2834 3092 ᾠδάς
2875 3027 2937 3074 τε
2970 3016 3285 3082 διαϐολικάς
3341 3015 3478 3088 πρὸς
3508 3015 3702 3086 ἡδονὴν
3739 3014 3802 3066 τὸ

2219 3118 2340 3172 ὅλον
2365 3114 2720 3188 ῆρμοσμένας
2739 3155 2754 3180 ,
2781 3111 3119 3184 θηλυνούσας
3148 3129 3210 3165 τε
3239 3110 3332 3164 καὶ
3355 3107 3802 3180 καταχαυνούσας

2219 3206 2310 3263 τὸν
2342 3207 2467 3262 νοῦν
2489 3247 2504 3271 ,
2543 3207 2859 3261 παντάπασι
2892 3204 2990 3275 τὴν
3038 3203 3209 3274 ἀκοὴν
3239 3199 3543 3270 ἀπαγαγὼν
3567 3238 3582 3264 ,
3613 3198 3802 3269 ὥσπερ

2221 3301 2269 3353 oi
2300 3297 2397 3368 τὴν
2425 3297 2733 3368 Σειρήνειον
2763 3293 3154 3366 παροδεύοντες
3183 3293 3448 3365 φθογγὴν,
3480 3293 3574 3346 καὶ
3600 3291 3668 3345 τὰ
3688 3285 3804 3344 ὦτα

2222 3388 2408 3460 κηρῷ,
2455 3387 2596 3442 κατὰ
2628 3387 2727 3459 τὴν
2762 3386 2982 3456 ποίησιν
3009 3423 3024 3450 ,
3055 3385 3460 3457 ἐμφράττοντες
3483 3425 3498 3448 ,
3532 3383 3674 3436 οὓτω
3708 3384 3802 3436 καὶ

2225 3482 2288 3534 σὺ
2315 3520 2330 3545 ,
2377 3482 2542 3550 φησὶν
2565 3519 2578 3542 ,
2611 3479 2744 3532 ὡσεὶ
2776 3477 2958 3546 κωφὸς
2991 3477 3090 3530 οὐκ
3136 3477 3350 3530 ἀκούων
3391 3476 3458 3529 τὰ
3494 3475 3802 3544 λυγίσματα

2221 3574 2328 3626 τῶν
2363 3570 2625 3643 μοιχικῶν
2658 3570 2927 3643 ὲκτρέπου
2960 3569 3160 3640 μελῶν,
3192 3569 3372 3640 μόνοις
3396 3569 3452 3622 δὲ
3478 3570 3590 3632 τοῖς
3615 3568 3803 3632 καλοῖς

2222 3665 2317 3718 καὶ
2346 3663 2568 3733 ἀγαθοῖς
2599 3662 2799 3730 λογίοις
2819 3661 2914 3714 τοῦ
2945 3661 3266 3731 Πνεύματος
3295 3659 3357 3714 τὸ
3386 3655 3479 3720 οὖς
3516 3659 3604 3712 ἀεὶ
3631 3676 3807 3728 παρσ-

2221 3755 2433 3810 ϐάλλων
2469 3755 2570 3824 τῆς
2607 3753 2865 3825 καρδίας,
2916 3751 3010 3805 καὶ
3060 3753 3235 3804 εἰπεῖν
3275 3750 3413 3821 πρὸς
3467 3749 3601 3802 Θεὸν
3651 3749 3801 3820 ῥῆμα

2221 3848 2479 3911 αἰνέσεως
2522 3846 2618 3899 καὶ¹
2651 3844 2997 3917 προσευχῆς,
3048 3845 3144 3898 καὶ
3192 3842 3424 3896 ἀκοῦσαι
3471 3841 3601 3915 παρ’
3636 3842 3798 3895 αὐτοῦ

2221 3942 2483 4004 πολλάκις
2505 3981 2519 4005 ,
2563 3939 2708 4009 ἀπερ
2737 3938 2958 3992 ἀκούειν
2993 3935 3171 4007 χρεὼν
3196 3975 3211 4001 ,
3250 3935 3426 3989 δίδου·
3463 3936 3560 3988 καὶ
3597 3933 3800 4005 μεταξὺ

2219 4033 2298 4098 δὲ,
2327 4027 2404 4087 ὧν
2429 4032 2492 4086 τέ
2516 4049 2601 4095 τις
2624 4030 2762 4100 πρὸς
2790 4029 2922 4082 Θεὸν
2952 4028 3123 4097 λέγοι,
3154 4028 3249 4081 καὶ
3275 4019 3351 4081 ὧν
3371 4026 3439 4080 ἂν
3459 4025 3647 4081 ἀκούοι
3673 4025 3800 4094 παρ’

2220 4125 2386 4178 αὐτοῦ
2413 4163 2428 4190 ,
2459 4125 2554 4180 καὶ
2582 4125 2754 4176 ποιεῖν
2783 4139 2836 4174 τι
2866 4121 3083 4193 μικρὸν,
3113 4119 3261 4187 ἀξιον
3281 4118 3439 4190 δῆλον
3468 4118 3553 4172 ὅτι
3587 4118 3684 4188 τῆς
3710 4119 3798 4170 ὲν-

2219 4218 2380 4286 τολῆς
2404 4217 2498 4270 καὶ
2525 4218 2626 4286 τῆς
2653 4214 2881 4285 ἀρετῆς.

2217 4309 2286 4364 69
2320 4307 2416 4376 Μὴ
2445 4307 2588 4361 λίαν
2616 4304 2822 4376 ὀσμῶν
2857 4305 3080 4360 ἐκλύου
3103 4305 3509 4374 θηλύσμασιν.

2302 4398 2683 4470 Ἀνακαθάρας
2709 4397 2808 4460 τὰς
2833 4397 2899 4450 δι’
2930 4396 3106 4465 ὅψεως
3158 4396 3253 4450 καλ⁵
3297 4396 3469 4465 ἀκοῆς
3499 4394 3801 4464 ὲμπιπτούυ

2222 4509 2322 4555 σας
2346 4489 2550 4562 βλάϐας
2576 4493 2642 4560 τῇ
2674 4490 2821 4560 ψυχῇ
2844 4528 2858 4552 ,
2895 4489 2991 4542 καὶ
3017 4488 3089 4541 τὰ
3110 4487 3217 4542 ἀπὸ
3248 4487 3356 4540 τῶν
3392 4487 3568 4543 ἀλλων
3603 4486 3798 4558 αἰσθή-

2223 4601 2361 4638 σεων
2392 4581 2751 4654 παρεπόμενα
2775 4581 2921 4654 ῥύπη
2951 4579 3044 4634 καὶ
3081 4579 3403 4651 μολύσματα
3433 4579 3798 4648 διακαθαίρει,

2222 4674 2504 4748 παραινῶν
2530 4673 2605 4746 μὴ
2631 4673 2753 4726 λίαν
2777 4671 3216 4742 ὑποχαυνοῦσθαι
3251 4672 3373 4725 κατ’
3397 4669 3568 4734 αὑτὰς
3597 4671 3689 4724 καὶ
3711 4669 3802 4740 θη-

2219 4763 2473 4820 λύνεσθαι
2495 4803 2510 4828 ,
2538 4762 2595 4816 ἔν
2624 4779 2683 4815 τε
2709 4762 2829 4823 ταῖς
2853 4761 2962 4814 τῶν
3005 4760 3191 4831 ὀσμῶν
3237 4759 3494 4831 ήδύτησιν
3542 4758 3802 4828 ἐκλυομέ-

2219 4876 2342 4922 νους
2362 4899 2376 4921 ,
2413 4857 2471 4910 ἔν
2496 4874 2558 4910 τε
2577 4857 2697 4918 ταῖς
2727 4853 2834 4906 τῶν
2869 4852 3104 4906 ἐδεστῶν
3143 4852 3438 4916 ποικιλίαις
3471 4851 3803 4920 καταθελγο-

2223 4951 2417 5021 μένους
2447 4947 2558 5019 (98)
2584 4987 2598 5010 ,
2640 4947 2698 5000 ἔν
2725 4963 2784 5000 τε
2813 4948 2934 5008 ταῖς
2965 4943 3074 4998 τῶν
3111 4944 3298 5000 ἁπτῶν
3326 4944 3562 5015 ὁμιλίαις
3593 4961 3804 5016 γαργα-

2219 5039 2536 5111 λιζομένους
2589 5038 2684 5092 καὶ
2749 5037 3182 5108 κλεπτομένους,
3236 5033 3317 5102 οἷς
3375 5037 3619 5106 ἀκρασία
3679 5053 3805 5089 συν-

2219 5131 2524 5201 εζευγμένη
2557 5131 2652 5183 καὶ
2690 5130 2957 5184 ἀκολασία
2981 5171 2996 5197 ,
3025 5130 3119 5183 τοῦ
3171 5128 3335 5198 φόϐου
3369 5129 3504 5182 Θεοῦ
3536 5129 3803 5201 μακρύνει

2219 5224 2312 5275 καὶ
2342 5223 2441 5293 τῆς
2469 5220 2710 5290 ἐντολῆς.
2739 5220 2956 5275 Τούτων
2978 5227 3087 5292 γὰρ
3129 5220 3237 5274 τῶν
3268 5217 3608 5290 ἡδυπαθειῶν
3641 5222 3807 5290 ἀγεν-

2219 5313 2326 5378 νῶς
2357 5313 2922 5384 ὑποκατακλινόμενος
2951 5313 3056 5367 καὶ·
3079 5311 3446 5384 θηλυνόμενος
3474 5312 3495 5383 (
3522 5314 3552 5366 6
3585 5312 3809 5383 ἀπαθὴς

2220 5404 2326 5475 ἔφη
2352 5404 2568 5475 λόγος),
2615 5409 2672 5461 ὲν
2699 5407 2806 5461 τίνι
2833 5406 2892 5458 τὸ
2929 5406 3079 5476 λῆμα
3118 5405 3217 5474 τῆς
3243 5404 3421 5475 ψυχῆς
3457 5404 3552 5458 καὶ
3580 5403 3673 5457 τοῦ
3711 5404 3806 5456 νοῦ

2217 5496 2318 5567 τὴν
2374 5497 2709 5570 στερρότητα
2757 5498 3054 5566 ἐνδείξαιο;
3110 5497 3236 5560 Τοῖς
3291 5497 3485 5568 ἀτμοῖς
3539 5496 3651 5567 γὰρ
3706 5497 3808 5566 τὴν

2220 5588 2490 5661 ὄσφρησιν
2523 5591 2956 5662 παθαινόμενος,
2993 5593 3104 5654 τοῖς
3141 5593 3334 5661 χυμοῖς
3370 5589 3429 5643 δὲ
3465 5589 3566 5661 τὴν
3613 5588 3809 5657 γεῦσιν

2221 5682 2366 5753 πέρα
2417 5683 2511 5736 τοῦ
2543 5683 2756 5747 δέοντος
2789 5684 3116 5756 ἡδυνόμενος
3153 5684 3249 5738 καὶ
3287 5682 3808 5754 καταδουλούμενος,

2219 5777 2337 5839 ταῖς
2369 5775 2605 5846 λειότησι
2634 5777 2691 5830 δὲ
2717 5775 3298 5848 καταμαλακιζόαενος
3327 5776 3424 5829 τῆν
3453 5777 3600 5848 ἁφὴν
3626 5814 3642 5841 ,
3687 5776 3809 5829 πότ’
