4164 6350
423 365 530 423 805

424 479 491 531 ἀν
515 477 890 549 άνδροπρεπές
910 497 962 532 τι
984 481 1078 533 καὶ
1102 482 1434 554 ἀγιοπρεπὲς
1455 484 1794 554 ἐννοηθείης;
1821 482 2005 536 Ταῦτα

425 570 533 638 γὰρ
557 569 737 623 πάντα
761 570 1025 642 ἀνάνδρου
1051 571 1231 643 ψυχῆς
1261 574 1388 640 ίδια,
1418 575 1512 628 καὶ
1544 573 1874 645 γυναικώδη,
1905 574 2002 626 καὶ

424 661 532 713 τῶν
580 661 924 733 ἁμαρτωλῶν
969 662 1138 716 ὲθνῶν
1187 666 1279 717 ἐπὶ
1326 667 1427 736 γῆς
1483 667 1551 719 τὰ
1592 667 2000 736 σπουδάσματα,

1450 368 1519 424 ΙΝ
1539 370 1851 427 CARMINA
1891 369 2167 425 ARCANA
2210 371 2267 426 S.
2309 372 2660 430 GREGORII.

3583 375 3693 434 806‘

2114 485 2318 550 studia,
2338 486 2470 540 nihil
2487 502 2776 543 commune
2803 488 3059 544 habentia
3076 504 3201 545 cum
3222 491 3505 562 generosis
3526 500 3688 560 atque

2108 577 2360 633 virilibus
2408 594 2597 634 eorum
2654 582 2749 651 qui
2797 582 3131 652 mancipium
3185 582 3240 637 in
3287 582 3444 640 caelis
3489 583 3689 638 habent

2110 668 2557 736 cogitationibus.

433 757 587 809 οὒδὲν
619 757 674 809 δὲ
725 758 900 813 κοινὸν
927 757 1118 829 ἔχοντα
1156 759 1293 829 πρὸς
1327 760 1396 814 τὰ
1442 762 1734 833 ἀρῤενωπὰ
1758 763 1853 827 καὶ
1884 761 2099 831 ἀνδρεῖα
2132 762 2240 815 τῶν
2260 764 2317 815 ὲν
2337 764 2585 835 οὐρανοῖς
2618 766 2678 818 τὸ
2706 766 3007 837 πολίτευμα
3029 765 3259 837 ἐχόντων
3280 770 3623 839 φρονήματα.

423 940 494 994 75
534 941 665 1006 Δὸς,
693 938 824 995 εἶπε
858 944 1109 1013 γαστήρ.

494 1033 744 1097 Κολάσας
786 1038 893 1106 ,τὴν
934 1036 1022 1091 διὰ
1067 1035 1177 1091 τῶν
1214 1036 1517 1109 αἰσθήσεων
1570 1039 2003 1109 προσγινομένην

422 1124 692 1195 ἀκρασίαν
727 1128 821 1179 καὶ
856 1128 1166 1199 φιληδονίαν
1198 1132 1265 1200 τῇ
1312 1129 1487 1201 ψυχῇ,
1514 1131 2001 1202 τὴνηγαστριμαρ-

422 1217 546 1284 γίαν
571 1220 628 1270 ἐν
654 1220 864 1282 τούτοις
883 1262 895 1281 ,
922 1219 999 1283 ὡς
1029 1221 1475 1293 δραστικωτάτην
1503 1219 1668 1276 οὖσαν
1694 1224 1873 1276 αἰτίαν
1901 1223 2003 1292 τῆς

424 1308 680 1378 πορνείας
700 1349 716 1374 ,
770 1311 1081 1365 ἐπικόπτων
1117 1313 1147 1364 6
1180 1312 1613 1380 φιλοσοφώτατος
1634 1355 1649 1373 ,
1700 1313 1847 1377 Δὸς,
1877 1309 1998 1366 εἷπε

422 1401 634 1471 γαστὴρ
656 1443 669 1467 ,
698 1402 797 1455 ὅσα
837 1403 966 1473 ἡδέα
992 1406 1057 1456 ὲκ
1083 1404 1186 1474 γῆς
1205 1444 1220 1469 ,
1248 1405 1313 1457 ὲκ
1363 1404 1636 1475 θαλάσσης
1655 1445 1670 1470 ,
1714 1404 1776 1469 ἐξ
1819 1404 1997 1475 ἀέρος,

422 1491 522 1544 ὅσα
548 1491 731 1563 βρωτά
759 1494 1297 1566 ὲπιδαψιλευομένηὴ
1331 1497 1705 1568 μεγαλόδωρος
1719 1494 1853 1552 Θεοῦ
1878 1495 2001 1565 χεὶρ

421 1585 500 1647 εἰς
524 1585 823 1639 ἀπόλαυσιν
853 1587 1192 1657 ἐδωρήσατο·
1231 1588 1349 1653 δὸς,
1381 1590 1414 1660 ἡ
1443 1590 1656 1660 γαστὴρ
1684 1585 1836 1642 εἶπεν
1855 1629 1869 1652 ,
1903 1605 2002 1641 κα-

419 1677 768 1747 τεδηδοκέναι
795 1680 888 1731 καί
914 1678 1124 1742 τούτοις
1164 1678 1455 1751 ἀπλήστως
1483 1682 1824 1752 ὲπεντρυφᾷν
1850 1697 1863 1710 ο
1890 1680 2001 1747 ἐγὼ

418 1768 475 1822 δὲ
510 1770 648 1842 πρὸς
689 1772 893 1842 αὐτὴν,
948 1773 1023 1835 ώς
1069 1773 1190 1826 Ἐὰν
1252 1773 1545 1844 σωφρόνως
1595 1773 1690 1827 καὶ
1728 1776 1808 1836 εἰς
1845 1773 2000 1838 δόξαν

418 1861 555 1914 Θεοῦ
582 1865 695 1926 τοῖς
722 1863 1018 1934 διδομένοις
1040 1865 1273 1937 χρῆσθαι
1299 1864 1445 1935 εἰδῇς
1463 1905 1478 1926 ,
1500 1865 1654 1918 δώσω
1683 1865 1997 1937 προθύμως,

418 1955 556 2008 καθὸ
578 1955 837 2026 θεμιστόν
855 1973 868 1986 ·
902 1958 996 2011 ἐὰν
1015 1958 1071 2010 δὲ
1097 1959 1170 2029 μὴ
1198 1958 1488 2027 σωφρόνως
1519 1959 1651 2028 μηδὲ
1676 1959 2002 2030 συμμέτρως

416 2050 482 2118 τῇ
536 2047 835 2100 ἀπολαύσει
875 2048 1191 2120 κεχρημένη
1218 2088 1233 2113 ,
1272 2048 1408 2119 πρὸς
1440 2050 1508 2101 τὰ
1544 2050 1693 2102 κάτω
1720 2050 1776 2102 δὲ
1810 2050 1904 2104 κα)⁹
1931 2050 2000 2103 τὰ

419 2135 763 2206 ὑπογάστρια
832 2136 977 2207 πάθη
1056 2136 1426 2201 συννεύουσα,
1485 2136 1814 2209 ὑπέκκαυμα
1865 2139 2001 2207 πρὸς

418 2227 705 2294 ἀσέλγειαν
726 2227 821 2280 καὶ
844 2226 1002 2298 ὓϐριν
1031 2227 1316 2299 λαμϐάνῃς
1339 2226 1433 2280 τοῦ
1467 2232 1826 2300 πεποιηκότος
1846 2270 1859 2293 ,
1884 2231 2001 2293 πῶς

416 2318 607 2384 δώσω;
635 2318 668 2389 ἢ
696 2319 900 2390 κόπρον
929 2321 1047 2390 μὲν,
1081 2322 1199 2391 ἦτοι
1222 2321 1319 2390 τὴν
1342 2321 1645 2387 ἀναγκαίαν
1668 2323 1761 2375 καί
1783 2318 1851 2393 ἦς
1871 2325 1998 2377 ἄνευ

419 2409 517 2481 ζῇν
548 2411 649 2464 οὐκ
695 2410 805 2476 ἔνι,
860 2411 1003 2483 λήψῃ
1036 2414 1242 2483 τροφὴν
1269 2452 1283 2475 ,
1318 2410 1680 2474 σπανίζουσαν
1708 2413 1765 2466 δὲ
1812 2417 1906 2467 καὶ
1937 2415 1997 2466 οὐ

416 2499 646 2572 δαψιλῆ,
678 2503 752 2564 ὡς
788 2501 856 2555 ἂν
891 2504 966 2574 μὴ
1000 2503 1088 2557 διὰ
1118 2506 1210 2558 τὸν
1255 2507 1418 2577 κόρον
1463 2506 1845 2577 ὲκπυρουμένη
1878 2505 2000 2572 ἐξυ-

418 2596 631 2669 ϐρίζοις
654 2611 667 2625 ⁸
699 2596 882 2648 εἴποτε
911 2595 968 2647 δὲ
991 2636 1005 2660 ,
1041 2596 1176 2666 φησὶ
1201 2635 1215 2659 ,
1245 2596 1673 2667 σωφρονισθεῖσα
1703 2598 1766 2665 τῇ
1802 2596 1996 2668 ἐνδείᾳ,

416 2688 621 2758 ἑαυτήν
651 2703 713 2739 τε
745 2685 1072 2755 κατάσχοις,
1128 2688 1221 2740 καὶ
1265 2690 1362 2751 τὰς
1396 2688 1624 2755 ἀλόγους
1653 2687 1860 2758 ὀρέξεις
1903 2687 1996 2741 τοῦ

418 2779 672 2849 σώματος
702 2776 1141 2845 ἀνασειράζουσα
1188 2779 1282 2831 καὶ
1326 2778 1707 2831 ἀνακόπτουσα
1738 2796 1999 2832 ταπεινω-

416 2871 602 2941 θείης,
636 2870 697 2923 οὐ
734 2868 1074 2939 φθονήσομέν
1106 2886 1186 2922 σοι
1216 2871 1312 2922 καὶ
1349 2869 1447 2941 τὴν
1479 2869 1807 2941 ἀποχρῶσαν
1837 2871 1997 2923 πλου⁴

417 2962 676 3032 σιώτερον
702 2961 1101 3031 ὲπιχορηγῆσαι
1139 2962 1363 3032 τροφήν.

415 3056 481 3109 '77
516 3055 718 3121 Γέλως
750 3052 1007 3123 γέλωτος
1040 3048 1109 3107 εὖ
1131 3053 1466 3121 φρονοῦσιν
1490 3055 1680 3120 ἄξιος.

498 3143 832 3207 Ἀκολούθως
869 3147 897 3197 ό
956 3144 1329 3214 σωφρονιστὴς
1375 3144 1484 3199 τῶν
1534 3145 1671 3199 νέων
1715 3144 1993 3216 θεηγόρος,

418 3234 557 3305 μετά
581 3235 642 3287 τὸ
676 3233 935 3303 ἐπικόψαι
964 3233 1318 3303 λαιμαργίαν,
1353 3236 1447 3288 καί
1470 3235 1568 3307 τὴν
1602 3237 1693 3289 ἀπὶ
1725 3240 1841 3301 ταῖς
1866 3255 1998 3308 τραο

415 3323 613 3388 πέζαις
645 3324 1050 3393 κοιλιομανίαν,
1086 3325 1181 3377 καὶ
1231 3325 1321 3379 τὸν
1357 3327 1783 3398 συνεζευγμένον
1814 3331 1998 3393 αὐτοῖς

414 3416 628 3484 γέλωτα
650 3414 907 3485 πορνικὸν
935 3416 1285 3486 ἐπιρραπίζει
1303 3434 1316 3447 ·
1344 3420 1437 3471 καὶ
1459 3420 1637 3473 πάντα
1668 3420 1765 3491 μὲν
1785 3421 1997 3489 γέλωτα

415 3505 650 3574 γέλωτος
683 3503 832 3568 ἀξιον
867 3499 1005 3556 εἶναι
1030 3545 1046 3569 ,
1081 3506 1140 3556 οὐ
1181 3510 1338 3575 μόνον
1388 3509 1463 3571 ώς
1491 3510 1798 3581 παιδαρίοις
1827 3513 1995 3566 ἀπαι-

413 3596 619 3659 δεύτοις
643 3596 985 3666 προσήκοντα
1024 3596 1119 3649 κα)⁴
1149 3598 1397 3669 ἀνοήτοις
1418 3639 1431 3661 ,
1457 3595 1537 3663 οἷς
1568 3602 1685 3664 ὅλος
1708 3605 1736 3655 ό
1757 3601 1871 3672 βίος
1894 3621 1992 3655 κα-

413 3688 745 3755 ταγέλαστος
769 3726 783 3751 ,
821 3686 916 3739 καὶ
964 3686 1294 3755 ἀκόλαστος,
1339 3692 1432 3742 καὶ
1482 3693 1727 3763 ἀκρατὴς
1755 3736 1768 3759 ,
1804 3696 1997 3764 εὐτρα-

414 3779 627 3842 πελίαις
668 3780 761 3831 καὶ
807 3778 1210 3849 αἰσχρολογίαις
1264 3780 1399 3844 ζῶσι
1451 3785 1543 3837 καί¹
1590 3786 1838 3855 ἡδοναῖς,
1894 3789 1992 3857 οὐχ

412 3870 613 3940 ἥκιστα
655 3869 712 3922 δὲ
756 3869 847 3923 τὸν
884 3868 1140 3939 πορνικὸν
1198 3872 1576 3927 κατάπτυστον
1629 3876 1992 3944 ἀποφαίνεται

413 3964 506 4015 καὶ
540 3961 805 4032 θεοστυγῆ
841 3962 933 4014 καὶ
965 3960 1253 4031 βδελυκτὸν
1275 4002 1288 4027 ,
1324 3964 1398 4027 ώς
1423 3966 1517 4018 καὶ
1545 3966 1875 4039 ταλανισμοῦ
1897 3971 1991 4024 τοῦ

411 4054 563 4124 παρά
592 4055 703 4116 τοῖς
745 4052 1099 4121 Εὑαγγελίοις
1126 4051 1273 4119 ἄξιον
1296 4094 1310 4119 ,
1346 4056 1442 4109 καὶ
1467 4058 1575 4109 τῶν
1612 4059 1668 4111 ὲν
1697 4062 1763 4129 τῇ
1798 4060 1991 4134 γεέννῃ

411 4146 623 4215 θρήνων
657 4145 751 4197 καὶ
788 4146 1039 4216 ὀδυρμῶν
1082 4146 1362 4219 πρόξενον.
1394 4149 1548 4201 Ἔστι
1600 4149 1655 4201 δὲ
1691 4152 1798 4205 τῶν
1827 4154 1886 4206 ὲν
1913 4154 1991 4226 τῷ

414 4236 659 4306 μέλλοντι
690 4235 845 4290 αἰῶνι
900 4238 994 4291 καὶ
1049 4241 1111 4309 τῇ
1166 4238 1343 4310 κρίσει
1398 4239 1648 4310 δακρύων
1703 4244 1987 4315 προοίμιον

410 4332 541 4400 όρᾷν
574 4331 800 4400 ἐναργὲς
848 4330 908 4382 τὸ
941 4331 999 4384 ὲν
1043 4327 1180 4402 αὑτῇ
1228 4334 1292 4402 τῇ
1341 4332 1561 4403 ἀτάκτῳ
1599 4334 1845 4405 διαχύσει
1890 4338 1984 4390 τοῦ

409 4419 707 4473 ἀκολάστου
732 4420 964 4488 γέλωτος
986 4421 1147 4486 ὲξυπε
1158 4420 1490 4492 ρ6αλλούσης
1510 4425 1602 4476 καὶ
1627 4426 1859 4497 σφοδρᾶς
1878 4428 1985 4482 τῶν

414 4509 616 4578 μορίων
666 4509 959 4574 διατάσεως
1014 4512 1107 4563 καὶ
1157 4511 1499 4581 ἀποθλίψεως
1544 4514 1652 4568 τῶν
1690 4516 1986 4589 ὀφθαλμῶν

411 4598 555 4652 ἔστιν
581 4601 668 4652 ὅτε
690 4601 922 4672 δάκρυον
946 4602 1251 4665 ἀποστάζον
1280 4607 1392 4667 τοῖς
1426 4604 1657 4670 πολλοῖς.
1696 4602 1862 4672 Οὗτος
1888 4611 1986 4681 μὲν

409 4686 501 4743 οὖν
541 4694 653 4754 τοῖς
687 4692 927 4762 σώφροσι
962 4694 1367 4762 καταγέλαστος
1395 4699 1423 4748 6
1464 4696 1669 4765 γέλως,
1705 4700 1780 4763 ὡς
1813 4702 1871 4753 ἐν
1908 4702 1986 4773 τῷ

409 4783 654 4851 γίνεσθαι
692 4785 834 4854 μόνῳ
867 4784 1036 4838 δοκῶν
1061 4782 1217 4850 εἰναι,
1248 4788 1341 4839 καὶ
1371 4788 1568 4857 μᾶλλον
1598 4790 1699 4843 οὐκ
1724 4790 1798 4845 ὢν
1829 4792 1862 4864 ἤ
1887 4792 1982 4856 ῶν,

408 4874 873 4947 περισπούδαστος
925 4877 1038 4939 τοῖς
1088 4875 1287 4948 ἄφροσι
1336 4878 1584 4945 γίνεται’
1640 4878 1840 4934 ἔστιδὲ
1891 4884 1985 4936 καὶ

406 4964 675 5028 οἴκτιστος
708 4968 735 5018 ό
778 4965 967 5029 αὐτὸς,
994 4966 1070 5028 ὡς
1117 4968 1335 5021 αἰωνίου
1379 4969 1636 5040 πρόξενος
1665 4971 1940 5043 κλαυθμοῦ
1968 4991 1983 5006 ο

407 5055 474 5109 δι’
502 5056 531 5109 6
558 5074 722 5127 φησιν
746 5059 774 5109 6
801 5057 942 5127 ἱερὸς
963 5057 1121 5126 λόγος
1140 5098 1154 5121 ,
1194 5061 1447 5127 κρεῖσσον
1476 5056 1612 5114 εἶναι
1654 5063 1747 5115 καί
1777 5062 1983 5133 βέλτιον

403 5146 488 5200 ὅτι
514 5147 747 5217 μάλιστα
768 5142 899 5217 ἦθος
925 5150 1165 5219 κατηφὲς
1189 5148 1221 5219 ἢ
1250 5150 1627 5221 τεθρυμμένον
1647 5154 1741 5205 καὶ
1761 5154 1983 5226 ἀσέμνῳ

405 5239 602 5308 γέλωτι
629 5240 998 5309 διαχεόμενον.

401 5470 466 5528 81
507 5471 750 5538 Κάλλος
781 5471 975 5542 νόμιζε
1011 5472 1125 5543 τὴν
1156 5475 1389 5544 φρενῶν
1417 5479 1764 5549 εὐκοσμίαν.

473 5585 536 5637 Οἰ
565 5584 635 5637 τά
666 5585 774 5637 τῶν
812 5588 1078 5655 σωμάτων
1126 5589 1297 5658 κάλλη
1345 5591 1855 5665 περιεργαζόμενοι,
1887 5598 1980 5651 καὶ

399 5674 461 5727 τὸ
504 5675 603 5744 τῆς
639 5675 815 5747 ψυχῆς
861 5678 1082 5750 φίλτρον
1130 5681 1567 5751 ἀναπτεροῦντες
1625 5685 1762 5755 πρὸς
1816 5688 1977 5753 αὐτὰ,

401 5767 769 5837 κατανοήσατε
810 5770 904 5822 καὶ
936 5769 1143 5834 σύνετε,
1175 5771 1249 5835 ὡς
1285 5774 1499 5844 ματαίῳ
1529 5775 1621 5827 καὶ
1644 5775 1979 5848 ψευδωνύμῳ

402 5856 585 5913 κάλλει
618 5858 983 5931 ὲπερείδεσθε.
1022 5864 1233 5927 Κάλλος
1266 5866 1371 5935 γὰρ
1396 5864 1610 5935 ἀληθῶς
1649 5868 1743 5923 καὶ
1773 5869 1977 5942 κυρίως

2108 948 2178 1003 75
2216 948 2299 1001 Da
2319 990 2332 1011 ,
2364 950 2535 1019 inquit
2567 961 2760 1005 venter.

2098 1034 2103 1039 “
2176 1038 2469 1109 Postquam
2507 1058 2602 1111 per
2624 1058 2820 1097 sensus
2849 1044 3045 1097 animae
3067 1045 3433 1099 adhaerentem
3485 1046 3684 1100 intem-

2105 1132 2406 1201 perantiam
2432 1142 2483 1186 et
2512 1134 2852 1202 voluptatum
2877 1148 3116 1189 amorem
3144 1136 3472 1205 objurgavit,
3500 1138 3681 1206 gulam

2102 1220 2159 1273 in
2198 1220 2320 1274 istis
2355 1227 2613 1290 tanquam
2647 1222 3079 1278 efﬁcacissimam
3130 1224 3506 1281 fornicationis
3550 1242 3684 1280 cau-

2104 1324 2219 1364 sam
2251 1311 2651 1379 reprebendcns
2684 1312 2838 1366 valde
2865 1312 3220 1383 philosophus
3243 1314 3345 1379 vir,
3380 1313 3476 1382 Da,
3507 1316 3684 1385 inquit

2103 1410 2304 1470 gaster,
2331 1409 2598 1471 quotquot
2630 1404 2819 1457 suavia
2842 1405 2909 1458 de
2940 1413 3104 1469 terra,
3156 1406 3223 1459 de
3251 1407 3411 1468 mari,
3440 1406 3507 1460 de
3533 1422 3681 1475 aere;

2102 1499 2371 1561 quotquot
2415 1494 2670 1547 alimenta
2705 1494 2921 1549 abunde
2970 1495 3204 1550 fundens
3249 1496 3537 1566 magniﬁca
3587 1496 3682 1552 Dei

2103 1600 2301 1639 manus
2352 1585 2418 1640 ad
2468 1584 2759 1639 fruendum
2805 1588 3024 1655 sparsit.
3085 1586 3192 1651 Da,
3245 1588 3424 1656 inquit
3466 1595 3683 1656 gaster,

2102 1678 2317 1745 plenius
2357 1679 2693 1747 gustavisse,
2735 1686 2790 1733 et
2834 1679 2954 1733 istis
2994 1679 3378 1734 insatiabiliter
3418 1679 3679 1749 repletum

2105 1780 2247 1826 esse;
2273 1772 2327 1820 et
2356 1780 2456 1836 ego
2497 1774 2709 1835 gastro:
2747 1767 2806 1820 Si
2836 1768 3113 1836 sapienter
3138 1775 3193 1823 et
3224 1769 3291 1823 ad
3329 1767 3423 1822 Dei
3454 1770 3681 1840 gloriam

2104 1857 2244 1911 datis
2276 1858 2351 1910 uti
2386 1859 2638 1922 sciveris,
2668 1869 2863 1928 sponte
2887 1861 3027 1914 dabo
3053 1868 3316 1931 quantum
3338 1860 3549 1931 justum
3574 1874 3680 1928 est;

2105 1949 2150 2003 si
2193 1958 2372 2003 autem
2408 1966 2516 2004 non
2548 1952 2825 2020 sapienter
2855 1968 2954 2006 nec
2987 1964 3358 2021 temperanter
3385 1956 3685 2010 esculentis

2104 2050 2264 2096 utens
2295 2042 2361 2096 ad
2404 2042 2621 2097 infimas
2649 2051 2707 2097 et
2738 2044 3003 2097 ventrales
3026 2043 3343 2113 cupiditates
3374 2047 3681 2111 declinans,

2104 2131 2435 2186 incentivum
2469 2135 2533 2186 ad
2563 2134 2843 2189 lasciviam
2878 2144 2933 2190 et
2956 2135 3204 2192 Factoris
3237 2140 3495 2207 injuriom
3521 2140 3684 2194 affec'

2105 2233 2207 2286 tas,
2244 2225 2373 2293 quid
2409 2226 2595 2280 dabo?
2632 2226 2749 2281 Nisi
2783 2225 2987 2293 fimum,
3028 2244 3161 2284 sane
3221 2233 3587 2285 necessariam
3627 2244 3683 2287 et

2103 2316 2219 2369 sine
2278 2333 2385 2386 qua
2444 2319 2627 2373 vivere
2673 2320 2970 2389 nequimus
3025 2334 3273 2377 assumes
3314 2339 3532 2385 escam,
3584 2324 3681 2377 sed

2102 2407 2318 2462 brevem
2369 2421 2423 2463 et
2467 2425 2577 2463 non
2620 2410 3019 2478 abundantem,
3058 2428 3129 2467 ne
3176 2414 3440 2469 satianter
3479 2416 3679 2483 impin-

2102 2508 2297 2566 gualus
2331 2498 2648 2563 insolescas,
2685 2503 2729 2554 si
2763 2500 2925 2567 forte,
2959 2502 3161 2572 inquit,
3195 2504 3409 2573 jejunio
3439 2506 3681 2574 prudens

2101 2587 2325 2643 cﬂ‘ectus
2345 2592 2581 2659 teipsum
2606 2593 2867 2647 cohibeas
2894 2602 2947 2647 et
2974 2594 3378 2649 irrationabiles
3407 2597 3683 2665 appetitus

2100 2680 2350 2747 corporis
2373 2696 2638 2737 revocans
2662 2693 2714 2736 et
2737 2700 2943 2738 sanans
2962 2685 3182 2740 humilis
3202 2686 3319 2751 fias,
3341 2702 3450 2741 non
3476 2687 3682 2741 invide-

2099 2765 2282 2822 bimus
2310 2770 2405 2823 tibi
2429 2770 2791 2828 sufﬁcientem
2814 2774 3188 2830 abundantius
3213 2791 3395 2831 escam
3419 2778 3678 2847 praebere.

2100 3043 2170 3098 77
2212 3043 2371 3098 Risus
2404 3046 2516 3099 risu
2546 3047 2739 3115 dignus
2764 3056 2841 3100 est
2874 3048 3128 3103 cordatts.

2170 3135 2583 3206 consequenter
2636 3138 2858 3205 sapiens
2913 3138 3176 3206 juvenum
3236 3138 3290 3192 in
3322 3138 3524 3193 divinis
3560 3156 3679 3193 ma-

2099 3228 2297 3299 gister,
2328 3237 2619 3297 postquam
2666 3229 2965 3298 ingluviem
3004 3230 3318 3300 objurgavit
3358 3238 3411 3283 et
3455 3232 3681 3285 sedendi

2099 3321 2167 3375 ad
2209 3337 2427 3377 mensas
2481 3323 2873 3388 voracitatem,
2929 3324 3250 3394 adjunctum
3306 3327 3441 3395 ipsis
3507 3332 3678 3383 risum

2099 3414 2440 3467 luxuriosum
2478 3415 2827 3483 reprehendit
2867 3429 2921 3471 et
2971 3417 3137 3472 risum
3173 3433 3388 3472 omnem
3442 3421 3556 3473 risu
3590 3422 3678 3476 di-

2096 3519 2262 3573 gnum
2295 3505 2571 3567 ostendit,
2606 3505 2821 3559 scilicet
2874 3521 2980 3559 non
3024 3507 3201 3558 solum
3249 3517 3503 3575 tanquam
3540 3526 3676 3579 pue-

2096 3610 2280 3648 rorum
2317 3596 2692 3665 insipientium
2729 3605 2783 3651 et
2811 3598 3099 3667 disciplina
3132 3601 3435 3653 carentium
3472 3611 3674 3669 partes.

2095 3689 2300 3757 quibus
2347 3689 2605 3743 universa
2642 3691 2757 3743 vita
2804 3690 3036 3744 ridicula
3068 3703 3123 3744 et
3166 3706 3276 3745 non
3318 3694 3583 3762 castigata
3623 3703 3678 3749 et

2096 3781 2347 3836 licentior
2371 3781 2427 3834 in
2452 3782 2880 3835 scurrilitatibus
2907 3793 2958 3836 et
2987 3781 3200 3837 facetiis
3221 3789 3275 3836 et
3307 3783 3675 3851 voluptatibus

2092 3873 2425 3938 viventibus,
2457 3874 2553 3928 sed
2579 3872 2741 3927 etiam
2769 3888 2875 3925 non
2905 3873 3086 3928 minus
3117 3874 3456 3928 luxuriosum
3489 3884 3672 3929 osten-

2094 3967 2173 4021 dit
2202 3965 2615 4034 despiciendum
2659 3973 2713 4018 et
2751 3964 2864 4019 Deo
2898 3964 3160 4019 odibilem
3198 3973 3254 4019 et
3290 3965 3673 4020 detestandum

2093 4066 2356 4127 tanquam
2392 4057 2549 4127 juxta
2580 4056 2873 4124 Evangelia
2905 4055 3125 4127 dignum
3158 4056 3452 4127 gemitibus
3491 4067 3543 4112 et
3575 4060 3673 4112 lle-

2095 4148 2242 4203 tibus
2260 4148 2315 4201 in
2339 4148 2586 4219 gehenna
2603 4155 2658 4201 et
2685 4147 2930 4200 dentium
2957 4146 3288 4202 stridoribus
3318 4164 3507 4203 ansam
3536 4165 3673 4219 pra:-

2094 4240 2350 4306 bentem;
2386 4248 2469 4295 est
2522 4246 2706 4293 autem
2757 4238 3122 4308 lacrymarum
3180 4239 3234 4292 in
3277 4243 3581 4297 aeternitate
3621 4252 3675 4297 et

2090 4334 2297 4404 judicio
2338 4332 2665 4401 prooemium
2706 4340 2896 4399 patens
2941 4331 3126 4387 videre
3181 4332 3235 4387 in
3287 4334 3391 4388 ista
3440 4336 3670 4389 cachin-

2095 4437 2291 4478 norum
2361 4422 2900 4491 indisciplinatorum
2968 4421 3333 4476 immoderata
3401 4422 3673 4480 eﬂ‘usione

2095 4512 2576 4583 superabundante
2595 4520 2651 4566 et
2681 4511 3053 4564 membrorum
3079 4514 3417 4576 extensione,
3443 4524 3495 4567 et
3518 4530 3675 4585 pres-

2094 4607 2248 4661 sione
2284 4605 2602 4668 oculorum,
2647 4602 2793 4656 unde
2829 4602 3160 4672 quandoque
3204 4604 3445 4676 lacryma
3483 4608 3670 4662 multis

2093 4700 2282 4755 stillat.
2321 4697 2427 4752 Iste
2447 4710 2579 4766 ergo
2624 4694 2967 4765 sapientibus
2999 4694 3117 4749 risu
3155 4696 3354 4767 dignus
3393 4701 3538 4754 risus
3576 4702 3693 4777 qui.

2093 4800 2305 4845 tantum
2337 4787 2554 4843 videtur
2592 4802 2748 4848 esse,
2786 4795 2839 4841 et
2884 4788 3057 4858 magis
3102 4806 3213 4845 non
3248 4802 3331 4846 est
3365 4807 3527 4861 quam
3562 4800 3665 4858 est,

2092 4892 2146 4938 et
2175 4883 2243 4937 ab
2276 4879 2714 4950 imprudentibus
2746 4879 2959 4933 ardenti
2986 4880 3349 4936 insectatione
3379 4882 3666 4951 quaeritur.

2092 4974 2189 5029 Est
2221 4984 2273 5030 et
2301 4973 2645 5029 miserandus
2684 4971 2787 5026 iste
2823 4977 3083 5040 tanquam
3125 4980 3458 5026 aeternorum
3494 4975 3668 5043 gemi-

2093 5075 2242 5120 tuum
2275 5077 2499 5130 auctor;
2527 5064 2753 5128 idcirco,
2785 5064 2961 5133 inquit
2985 5072 3209 5118 sanctus
3237 5080 3438 5130 sermo,
3472 5066 3666 5120 melius

2089 5168 2172 5214 est
2208 5167 2261 5213 ct
2290 5158 2506 5228 expedit
2540 5157 2714 5226 magis
2749 5156 2997 5211 moribus
3037 5157 3325 5210 taciturnis
3356 5173 3475 5212 esse
3503 5174 3664 5227 quam

2090 5252 2144 5305 in
2180 5251 2391 5306 deliciis
2425 5250 2658 5305 ellusum
2702 5257 2757 5304 et
2801 5248 2857 5302 in
2910 5248 3113 5305 risibus
3145 5250 3238 5319 qui
3285 5249 3355 5303 ad
3398 5249 3664 5304 rationem

2090 5360 2197 5397 non
2226 5343 2519 5413 pertinent.

2087 5486 2149 5540 81
2199 5485 2650 5540 Pulchritudt‘nem
2692 5488 2938 5543 existima
2981 5487 3167 5542 mentis
3214 5495 3481 5541 ornatum.

2149 5599 2252 5661 Qui
2303 5614 2597 5669 corporum
2654 5609 2999 5656 venustatem
3046 5600 3311 5669 deperitis
3360 5606 3415 5651 et
3461 5597 3655 5652 animae

2080 5687 2305 5744 allectus
2323 5688 2389 5742 ad
2415 5690 2574 5744 istam
2611 5690 2790 5753 cietis,
2828 5693 3002 5762 sapite
3030 5699 3084 5746 et
3116 5689 3427 5760 intelligite,
3457 5704 3655 5744 Vanam

2077 5784 2129 5832 et
2173 5777 2293 5832 falsi
2367 5782 2606 5834 nominis
2680 5782 3148 5850 pulchritudinem
3203 5781 3657 5842 animadvertite;

2078 5871 2428 5941 pulchritudo
2460 5874 2605 5929 enim
2641 5885 2848 5952 vere_et
2877 5876 3120 5947 proprie,
3161 5884 3215 5932 ct
3250 5883 3337 5931 est
3366 5883 3419 5931 et
3442 5887 3673 5944 nuncug
