4164 6350
459 266 566 324 8-97

460 399 624 460 patur
651 389 959 445 animorum
987 388 1300 445 ordinatio:
1337 387 1567 459 pulcher
1587 394 1673 444 est
1699 386 1884 447 cordis
1907 402 2039 442 can-

460 482 564 536 dor
590 489 645 537 et
674 483 904 553 spiritus
925 482 1195 547 decentia,
1219 481 1313 539 sed
1334 495 1445 537 non
1474 479 1606 535 illud
1632 480 1852 550 proprie
1880 495 2043 535 voca-

465 581 617 627 retur
651 574 1002 643 pulchritudo
1043 574 1191 646 quod
1227 573 1509 629 hominum
1554 586 1753 628 manus
1799 572 2040 640 scripse-

461 671 594 719 runt
621 672 717 718 aut
747 665 1197 729 delineaverunt;
1233 663 1588 734 corruptibile
1617 662 1785 717 enim.
1804 660 1912 716 Sed
1941 674 2043 715 nec

463 757 609 826 quod
645 767 843 812 natura
883 758 1040 812 tinxit
1074 767 1169 812 aut
1212 756 1505 824 formavit;
1550 755 1786 809 mortale
1814 754 1960 809 enim
1988 759 2044 808 et

464 845 855 909 marcescibile,
900 857 1147 920 tempore
1188 848 1418 903 solvitur
1449 855 1502 901 et
1533 847 1587 901 in
1623 854 1823 900 terram
1857 858 2041 899 rever-

464 938 622 994 titur.
650 938 760 994 Nec
782 941 927 1011 quod
952 943 1146 997 oculus
1167 950 1365 996 eterra
1392 938 1661 994 oriundus
1693 938 1785 1008 qui
1817 946 2043 991 externa

465 1031 873 1099 contemplatur,
898 1032 1168 1103 iudicatur
1192 1032 1473 1101 pulchrum
1493 1072 1509 1099 ,
1540 1030 1636 1086 sed
1676 1029 2044 1103 quodcunque

468 1122 758 1191 prudentis
796 1123 1027 1191 spiritus
1082 1122 1366 1177 meditatio
1414 1122 1700 1192 intelligit,
1755 1128 1810 1176 et
1857 1110 2046 1174 divino

467 1210 697 1283 Spiritui
735 1213 1062 1269 illuminanti
1098 1215 1397 1279 consentit,
1428 1213 1481 1268 id
1510 1212 1797 1283 pulchrum
1828 1218 1882 1265 et
1924 1209 2046 1280 pul-

465 1304 742 1369 chritudo,
768 1304 820 1358 id
845 1306 1079 1360 amabile
1102 1295 1372 1360 nominari
1402 1311 1458 1359 et
1472 1303 1793 1359 estimabile
1820 1303 2045 1371 dignum

467 1394 816 1465 pradicatur.
862 1395 1332 1463 Quemadmodum
1373 1410 1504 1465 ergo
1542 1393 1892 1464 pulchritudo
1934 1406 2046 1447 non

465 1487 790 1543 aestimanda
841 1489 897 1543 in
938 1488 1309 1544 membrorum
1366 1487 1656 1542 harmonia
1691 1501 1817 1541 cum
1860 1485 2047 1540 colore

470 1580 669 1636 blando
693 1596 819 1636 cum
842 1581 909 1637 iis
931 1582 1022 1652 qui
1054 1594 1318 1651 corporea
1355 1589 1563 1634 tantum
1592 1578 1911 1649 inspiciunt,
1949 1575 2045 1633 sed

469 1671 527 1724 in
576 1672 773 1725 anima:
808 1685 1022 1725 morum
1060 1669 1406 1724 institutione
1454 1677 1509 1724 et
1563 1668 1821 1740 symetria
1869 1666 2046 1720 admi-

471 1761 669 1825 randa,
689 1762 835 1815 omni
870 1777 1100 1817 excessu
1126 1761 1454 1830 defectuque
1477 1760 1712 1823 sublato,
1743 1758 1920 1828 gratia
1952 1755 2046 1810 Dei

469 1856 697 1923 spiritus
717 1868 883 1921 supra
910 1850 1089 1908 omnis
1110 1832 1309 1907 coloris
1335 1852 1655 1907 suavitatem
1680 1850 1937 1918 fulgente,
1967 1846 2049 1901 sic

468 1954 523 2001 et
568 1944 806 1999 dedecus
852 1960 961 1999 non
1003 1944 1056 1998 in
1101 1955 1324 2015 compto
1364 1956 1420 2000 et
1465 1945 1520 2002 in
1566 1944 1936 1999 membrorum
1967 1942 2050 1995 in-

467 2034 778 2103 aequalitate
810 2034 1094 2103 corporis,
1127 2035 1222 2090 sed
1256 2045 1476 2105 propter
1504 2034 1881 2103 intelligentiae
1912 2046 2049 2086 con-

472 2126 740 2180 fusionem
770 2133 823 2179 et
854 2125 1282 2195 imprudentiam
1316 2126 1542 2197 spiritus
1570 2125 1937 2195 reputabitur.

470 2307 540 2362 83
578 2304 837 2361 Hotcstta:
866 2313 1111 2360 verterunt
1133 2345 1147 2367 ,
1179 2304 1469 2372 voluptates
1490 2343 1504 2367 ,
1533 2303 1763 2372 Μυσίαν,
1797 2303 2047 2369 timores,

471 2379 541 2432 86
582 2378 821 2439 Divitias,
852 2375 1371 2446 paupertas,_gloria
1391 2373 1657 2446 ,Vdedecus
1677 2414 1693 2440 ,
1730 2374 1941 2426 throni:

473 2450 542 2503 87
585 2446 783 2500 Fluant
806 2444 862 2499 ut
898 2446 1088 2499 volent.
1131 2444 1283 2498 Nihil
1302 2460 1365 2498 ea:
1388 2445 1455 2497 iis

472 2520 544 2575 88
583 2519 714 2585 Quae
749 2527 1020 2571 transeunt
1046 2516 1216 2586 tangit
1242 2517 1412 2569 virum
1435 2523 1782 2568 constantem.

547 2610 808 2667 Honores
830 2610 1072 2664 incidere
1100 2609 1277 2663 solent
1302 2607 1369 2662 de
1389 2622 1571 2662 rerum
1601 2614 1904 2661 amatarum
1937 2606 2054 2678 jac-

472 2688 601 2757 tura
644 2713 697 2758 et
730 2702 798 2757 de
843 2716 1027 2757 rerum
1071 2714 1193 2769 qua:
1240 2707 1530 2768 sperantur
1567 2706 1623 2753 et
1668 2697 2054 2753 desiderantur

474 2797 704 2854 adverso
734 2806 1016 2858 successu;
1039 2792 1429 2847 delectationes
1456 2805 1487 2845 e
1510 2797 1722 2856 contra,
1751 2806 1876 2845 curn
1897 2791 2053 2860 juxta

474 2896 600 2942 vota
639 2886 957 2956 attingimus
991 2893 1084 2939 aut
1123 2898 1250 2939 cum
1294 2895 1473 2937 amata
1519 2883 1680 2939 nobis
1730 2893 2050 2940 occurrunt.

474 2975 701 3033 Fiducia
733 2978 912 3049 agitur
940 2992 1065 3032 cum
1087 2976 1244 3046 juxta
1269 2976 1606 3031 curriculum
1635 2978 1744 3031 vita
1769 2977 1973 3032 labitur
1999 2985 2054 3033 et

474 3085 565 3125 res
587 3075 886 3123 occurrunt
913 3067 1216 3123 secundum
1248 3066 1643 3134 intentionem;
1668 3068 1894 3122 timores
1925 3066 2061 3123 infe-

475 3161 661 3217 licium
693 3167 887 3215 contra
912 3174 1062 3228 spem
1092 3158 1431 3213 obviantium
1460 3166 1513 3213 et
1534 3158 1835 3215 odientium
1871 3160 1927 3215 in
1955 3176 2057 3218 nos

475 3251 774 3306 valentium
803 3269 820 3305 :
856 3249 1068 3304 Divitiae
1101 3259 1404 3305 evenerunt
1443 3247 1736 3318 superﬂuis
1774 3251 2060 3306 abundan-

480 3345 658 3407 tibus,
698 3352 753 3398 et
784 3358 816 3398 e
863 3351 1058 3396 contra
1100 3349 1393 3413 paupertas
1434 3342 1740 3397 imminutis
1770 3353 1823 3397 et
1866 3357 2061 3398 caren-

479 3438 629 3492 tibus
660 3435 1016 3491 necessariis.
1052 3432 1270 3500 Gloria,
1317 3434 1385 3489 ab
1417 3437 1693 3491 extraneis
1743 3438 1884 3491 bona
1917 3436 2061 3490 fama

477 3536 533 3584 et
579 3538 798 3598 prepter
841 3528 1078 3581 honores
1121 3527 1405 3582 hominum
1452 3537 1505 3582 et
1556 3536 1747 3583 tronos
1801 3530 2059 3598 plausus,

478 3622 832 3686 obscuritas,
869 3619 1104 3689 abjcctio
1139 3620 1195 3673 in
1244 3610 1421 3675 his‘et
1457 3620 1511 3673 in
1552 3620 1870 3689 ignominiis
1910 3636 2062 3675 com-

482 3713 710 3785 puttctio
742 3719 798 3766 et
838 3711 1248 3766 condemnatio.
1281 3709 1407 3765 Hac
1432 3714 1647 3775 omnia,
1675 3712 1912 3767 ludibria
1941 3715 2065 3768 vitae

480 3814 535 3861 et
570 3805 855 3876 paululum
901 3803 1145 3875 jucunda
1193 3812 1288 3857 aut
1347 3805 1620 3871 molesta,
1669 3804 1927 3859 vexantia
1973 3816 2066 3859 aut

481 3898 774 3968 placentia,
803 3897 1100 3951 exaltantia
1125 3904 1219 3950 aut
1243 3895 1612 3959 humiliantia,
1640 3896 1889 3951 avolante
1914 3911 2067 3951 som-

481 3986 579 4042 nio
606 3986 957 4042 transeuntia
986 3988 1332 4055 praeterimus
1352 4025 1366 4049 ,
1401 3994 1456 4040 et
1486 3987 1851 4046 sicut.vellent
1881 3988 2066 4043 venire

482 4082 577 4131 aut
599 4075 767 4140 abire,
794 4074 1150 4144 negligentes,
1176 4073 1371 4128 horum
1395 4074 1795 4129 assecutionem
1815 4090 1883 4130 ne
1906 4077 2066 4132 nobis

481 4181 829 4222 assumamus
855 4164 1074 4236 quando
1098 4165 1203 4219 hoc
1228 4166 1308 4219 vel
1336 4164 1469 4220 illud
1498 4166 1807 4236 contigerit;
1837 4176 2066 4238 pereunt

480 4258 626 4313 enim
657 4271 819 4327 quam
851 4257 1117 4314 citissime
1145 4257 1235 4311 illa
1268 4273 1388 4328 qua:
1427 4259 1631 4312 nullam
1662 4259 1862 4313 habent
1895 4260 2063 4315 [irrui-

482 4356 652 4405 tatem
681 4358 774 4403 aut
803 4349 1174 4417 stabilitatem;
1204 4350 1440 4406 hominis
1477 4361 1561 4406 est
1601 4366 1725 4406 vere
1755 4351 2063 4423 philosophi

481 4449 537 4498 et
575 4444 850 4512 sapienter
891 4441 1073 4511 gravis
1105 4450 1160 4497 et
1202 4443 1257 4496 in
1298 4443 1548 4499 veritatis
1586 4445 1930 4501 sermonibus
1975 4448 2067 4501 lir-

484 4535 645 4589 miter
670 4533 964 4604 perstantis
994 4548 1094 4589 nec
1123 4534 1193 4589 de
1234 4532 1442 4590 dextris
1474 4536 1659 4591 extolli
1687 4544 1742 4590 et
1780 4538 2064 4607 superbire

484 4640 585 4697 pro
633 4624 859 4695 spiritus
915 4624 1049 4688 acie,
1100 4639 1198 4681 nec
1255 4625 1324 4681 de
1371 4626 1610 4683 sinistris
1667 4630 2059 4699 apparentibus

485 4719 756 4773 coarctari
786 4725 840 4771 et
858 4717 1042 4771 animo
1068 4718 1284 4773 cadere.

1830 266 2126 325 NICETAS
2157 267 2367 325 DAVID

3614 264 3720 322 808

2142 387 2236 441 καὶ
2282 386 2399 440 ἔστι
2447 385 2540 439 καὶ
2575 384 2887 456 ὠνόμασται
2937 386 2972 457 ἡ
3005 383 3272 457 εὐκοσμία
3317 383 3427 439 τῶν
3467 383 3717 456 φρενῶνο

2143 478 2339 541 κάλλος
2377 478 2524 531 ἐστὶν
2556 479 2590 550 ἡ
2626 478 2724 548 τῆς
2763 477 2987 550 καρδίας
3016 478 3289 551 ὡραιότης
3317 476 3413 532 καὶ
3449 478 3484 547 ἠ
3519 474 3720 547 εὐπρέ-

2143 588 2273 624 πεια
2304 568 2396 622 τοῦ
2445 569 2569 624 νοῦ·
2607 569 2724 627 ἀλλ’
2755 571 2818 623 οὐ
2858 570 3020 624 τοῦτο
3058 570 3262 641 κυρίως
3302 569 3369 622 ἂν
3392 567 3716 638 όνομασθείη

2143 666 2360 731 κάλλος,
2410 664 2440 718 ὃ
2483 666 2667 738 χεῖρες
2713 664 3001 737 ἀνθρώπου
3041 665 3434 733 διαγράφουσιν
3467 663 3500 733 ἥ
3540 662 3721 715 διατυ-

2144 756 2343 811 ποῦσι·
2378 756 2613 827 φθαρτὸν
2660 756 2804 828 γάρ’
2851 756 2967 810 ἀλλ’
2994 755 3103 809 οὐδ’
3139 754 3168 808 ὃ
3214 754 3371 823 φύσις
3402 753 3720 825 ἐμόρφωσεν

2144 847 2178 918 ἢ
2242 847 2536 901 διέπλασε·
2602 846 2795 917 θνητὸν
2841 846 2952 914 γάρ
2994 847 3088 899 καὶ
3136 845 3497 915 εὐμάραντον,
3545 843 3720 914 χρόνῳ

2145 938 2403 1009 λυόμενον
2448 939 2543 991 καὶ
2593 940 2674 1001 είς
2732 936 2862 1008 χοῦν
2921 936 3351 1007 ἀφανιζόμενονο
3405 935 3514 989 οὐδ’
3585 936 3722 1004 ὅπερ

2147 1030 2420 1102 ὀφθαλμὸς
2456 1030 2720 1100 γηγενοῦς
2755 1033 2784 1084 ὁ
2814 1030 2881 1083 τὰ
2902 1029 3099 1095 ἔξωθεν
3120 1028 3333 1100 βλέπων
3356 1027 3623 1099 διακρίνει
3645 1028 3720 1091 ὡς

2147 1123 2346 1177 καλόνο
2404 1123 2519 1176 ἀλλ’
2573 1125 2711 1196 ὅπερ
2751 1122 3025 1195 σώφρονος
3068 1121 3159 1175 νοῦ
3191 1120 3417 1192 θεωρία,
3442 1119 3722 1189 Πνεῦματι

2149 1215 2502 1287 φωτιζομένῳ
2535 1215 2665 1287 θείῳ
2696 1219 3040 1269 κατανοεῑται
3072 1215 3169 1268 καὶ
3197 1213 3542 1285 γνωρίζεται,
3565 1210 3724 1265 τοῦτο

2148 1308 2311 1362 καλὸν
2345 1308 2438 1361 καὶ
2469 1307 2684 1373 κάλλος,
2739 1306 2899 1361 τοῦτο
2946 1309 3040 1361 καὶ
3072 1306 3357 1375 ἀγαπητὸν
3402 1303 3725 1373 ἀξιωνύμως

2149 1400 2244 1453 καὶ
2275 1398 2501 1469 ἐραστδν
2547 1399 3033 1471 προσαγορεύεται.
3065 1398 3278 1468 Ὥσπερ
3317 1393 3408 1450 οῦν
3445 1396 3504 1449 τὸ
3532 1394 3725 1457 κάλλος

2149 1489 2249 1542 οὐκ
2279 1492 2337 1543 ἐν
2374 1493 2439 1561 τῇ
2472 1489 2582 1543 τῶν
2618 1489 2796 1559 μελῶν
2846 1488 3159 1561 συμμετρίᾳ
3194 1489 3311 1559 μετ’
3338 1487 3593 1558 εὐχροίας
3616 1487 3727 1547 τοῖς

2150 1581 2219 1635 τά
2251 1581 2539 1652 σωματικά
2569 1582 2705 1652 μόνα
2746 1581 3034 1652 βλέπουσιν
3080 1578 3378 1653 ὁρώμενον,
3411 1577 3525 1631 ἀλλ’
3559 1578 3617 1630 ἐν
3659 1577 3726 1644 τῇ

2153 1674 2261 1727 τῶν
2286 1672 2436 1744 ἠθῶν
2478 1672 2577 1743 τῆς
2613 1672 2791 1743 ψυχῆς
2845 1670 3175 1725 καταστάσει
3206 1686 3268 1723 τε
3312 1668 3596 1739 θεωρεῖται
3635 1664 3730 1717 καὶ

2153 1768 2219 1837 τῇ
2251 1765 2581 1838 συμμετρίᾳ,
2631 1765 2813 1837 πάσης
2846 1764 2946 1835 μὲν
2975 1761 3283 1835 ὑπερϐολῆς
3306 1760 3399 1815 καὶ
3439 1756 3723 1827 ἐλλείψεως

2153 1857 2541 1927 ἀποιχομένης,
2578 1856 2797 1927 χάριτος
2835 1855 2891 1909 δὲ
2938 1855 3073 1908 Θεοῦ
3108 1853 3424 1923 Πνεῦματος
3445 1849 3586 1919 ὓπὲρ
3627 1849 3729 1900 1:1-

2157 1967 2256 2003 σαν
2285 1948 2539 2021 εὔχροιαν
2572 1948 2651 2019 τῷ
2678 1948 2829 2019 καλῷ
2862 1944 3312 2018 περιλαμπούσης
3331 1960 3345 1973 ’
3379 1941 3524 1996 οὕτω
3552 1938 3644 1994 καὶ
3671 1938 3732 1991 τδ

2154 2040 2366 2113 αἶσχος,
2402 2044 2501 2096 οὐκ
2526 2045 2583 2096 ἐν
2606 2045 2672 2113 τῇ
2702 2042 2944 2113 ἀκοσμίᾳ
2976 2042 3069 2094 καὶ
3101 2037 3383 2109 ἀνωμαλία
3418 2035 3527 2088 τῶν
3559 2031 3732 2103 μελῶν

2154 2135 2249 2189 τοῦ
2282 2136 2553 2206 σώματος,
2583 2135 2699 2190 ἀλλ’
2741 2137 2799 2188 ὲν
2842 2138 2908 2205 τῇ
2955 2134 3052 2203 τῆς
3096 2132 3335 2194 διανοίας
3361 2124 3732 2194 ἀκαταστασία

2157 2230 2253 2283 καὶ
2278 2231 2557 2300 ἀφροσύνῃ
2586 2228 2904 2299 κριθήσεται
2928 2226 3023 2280 τοῦ
3056 2225 3169 2279 νοῦ.

2158 2321 2228 2374 85
2266 2323 2459 2375 Λύπαι
2492 2318 2844 2389 προσῆλθον
2876 2318 3009 2383 (99),
3033 2315 3283 2389 λήδοναὶ,
3310 2312 3517 2389 θάρῤῃ,
3539 2309 3727 2378 φόϐοι,

2152 2390 2228 2445 86
2263 2384 2555 2456 Πλοῦτος,
2591 2391 2788 2452 πενία,
2820 2388 2989 2452 δόξα.
3020 2386 3349 2456 δύσκλεια,-
3371 2384 3569 2450 θρόνοι
3590 2396 3603 2408 ·

2159 2462 2226 2515 87
2278 2453 2597 2515 Ῥείτωσὶιν
2627 2460 2707 2525 ὡς
2744 2458 3060 2513 θέλουσιν
3096 2455 3278 2525 οιᾏδὲν
3314 2453 3558 2525 ἅπτεται

2159 2531 2229 2586 88
2271 2532 2395 2586 Τῶν
2426 2532 2496 2585 οὐ
2522 2521 2828 2601 μενόντων
2858 2527 3077 2596 ἀνδρὸς
3110 2521 3177 2581 εὖ
3205 2523 3556 2590 βεϐηκότος.

2232 2624 2414 2677 Λύπαι
2451 2623 2547 2691 μὲν
2574 2620 2797 2675 είῶθασι
2827 2611 3160 2690 συμπίπτειν
3188 2616 3279 2669 ἐπί
3307 2632 3366 2668 τε
3392 2612 3502 2667 τῶν
3526 2612 3735 2680 ἀγαπη-

2160 2715 2266 2771 τῶν
2293 2718 2411 2779 ταῖς
2439 2714 2750 2780 ἀποϐολαῐς,
2782 2712 2874 2767 ἐπί
2909 2728 2968 2765 τε
2996 2710 3106 2765 τῶν
3132 2707 3502 2780 ἐλπιζομένων
3543 2703 3734 2757 ἐπιθυ-

2167 2808 2352 2880 μητῶν
2393 2810 2515 2872 ταῖς
2542 2806 2850 2871 ἀτευξίαις·
2892 2804 3077 2877 ἡδοναὶ⁸
3115 2803 3173 2856 δὲ
3204 2800 3461 2873 ἔμπαλιν,
3490 2799 3618 2852 ὅταν
3644 2796 3735 2848 ὥς

2165 2888 2442 2970 στοχῶμεν
2465 2901 2580 2963 τοῖς
2606 2898 2726 2951 κατ’
2764 2896 2949 2968 εὐχὴν,
2977 2896 3010 2968 ἢ
3039 2895 3166 2949 ὅταν
3192 2895 3301 2957 τοῖς
3332 2891 3579 2963 ἐραστοϊς
3602 2889 3734 2959 ἡμῖν

2162 2991 2667 3064 περιτυγχάνωμεν.
2725 2988 2836 3043 Καὶ
2907 2987 3085 3059 θάρρη
3146 2986 3242 3057 μὲν
3289 2981 3543 3055 προσίασι
3594 2978 3736 3032 καοά

2161 3083 2289 3157 ῥοῦν
2330 3082 2626 3155 φερομένου
2659 3079 2755 3134 τοῦ
2790 3080 2906 3150 βίου
2943 3077 3036 3131 καὶ
3071 3076 3180 3129 τῶν
3212 3073 3553 3145 πραγμάτων
3584 3070 3735 3121 ἀντι-

2160 3177 2459 3231 ϐολούντων
2482 3173 2623 3229 κατά
2654 3172 2852 3226 σκοπόν
2875 3188 2889 3203 ο
2917 3169 3072 3240 φόϐοι
3093 3168 3149 3221 δὲ
3176 3165 3444 3221 ἀνάπαλιν
3472 3162 3579 3216 τῶν
3606 3159 3735 3231 παρ’

2160 3268 2352 3322 ἐλπίδα
2401 3263 2678 3337 δυσχερῶν
2729 3258 3093 3315 ἀπαντώντων
3133 3255 3229 3310 καὶ
3275 3254 3386 3308 τῶν
3434 3250 3738 3323 ἐχθραινόν-

2160 3377 2268 3414 των
2302 3361 2433 3430 ἡμῖν
2458 3354 2888 3411 δυναστευόντων
2907 3369 2921 3382 ο
2951 3351 3045 3405 καὶ
3083 3347 3310 3410 πλοῦτος
3342 3345 3441 3417 μὲν
3465 3341 3737 3416 προσῆλθε

2160 3452 2271 3506 τῶν
2301 3448 2610 3522 προσόντων
2628 3445 2859 3513 ἐξάπινα
2883 3440 3292 3515 πληθυομένων,
3309 3436 3470 3491 πενία
3501 3435 3558 3488 δὲ
3584 3431 3738 3495 αὖθις

2163 3541 2569 3612 ἐλαττουμένων
2598 3539 2694 3592 καὶ
2724 3535 3091 3590 σπανιζόντων
3120 3532 3229 3586 τῶν
3261 3527 3579 3599 ἐπιτηδείων
3597 3541 3612 3556 ·
3646 3526 3739 3579 καὶ

2162 3634 2288 3699 δόξα
2339 3635 2437 3705 μὲν
2479 3632 2587 3685 τῶν
2618 3629 2816 3695 ἔξωθεν
2853 3630 2909 3682 αί
2958 3625 3222 3698 εὐφημίαι
3274 3624 3370 3677 καὶ
3412 3624 3446 3693 ἠ
3481 3621 3573 3674 ἐπὶ
3618 3620 3740 3680 ταῖς

2162 3728 2350 3796 τιμαῖς
2382 3722 2488 3776 τῶν
2516 3720 2818 3791 ἀνθρώπων
2861 3718 2958 3773 καὶ
2984 3720 3095 3782 τοῖς
3125 3715 3334 3787 θρόνοις
3363 3709 3735 3784 ἐπικρότησις,

2164 3815 2422 3870 δύσκλεια
2465 3814 2521 3868 δὲ
2564 3814 2597 3885 ἡ
2648 3810 2942 3884 ἀπόρῤιῲις
2984 3808 3187 3862 τούτων
3220 3807 3316 3859 καὶ
3357 3805 3447 3857 ἐπ’
3497 3801 3740 3872 ἀτιμίαις

2166 3905 2454 3971 κατάνυξις
2497 3905 2591 3959 καὶ
2635 3905 2996 3972 κατάγνωσις.
3055 3898 3239 3953 Ταῦτα
3277 3896 3452 3950 πάντα
3514 3893 3741 3961 παίγνια

2166 4000 2260 4055 τοῦ
2284 3999 2400 4070 βίου
2420 3998 2568 4060 ὄντα,
2605 3997 2699 4051 καὶ¹
2731 3995 2867 4067 πρὸς
2893 3993 3071 4063 ὀλίγον
3092 3992 3361 4063 τέρποντα
3406 3990 3440 4058 ἢ
3485 3988 3738 4051 ἀνιῶντα,

2166 4092 2435 4164 τρύχοντα
2468 4090 2501 4161 ἢ
2535 4088 2814 4161 ήδύνοντα,
2849 4085 3087 4155 ὑψοῦντα
3134 4084 3169 4154 ἢ
3205 4080 3587 4146 ταπεινοῦντα,
3607 4079 3743 4132 6st-

2173 4199 2269 4254 ρου
2316 4181 2697 4251 ἀφιπταμένου
2743 4182 2854 4251 ῥεῖν
2900 4174 3354 4256 παρρχωρῶμεν,
3397 4172 3493 4226 καὶ
3529 4170 3626 4233 ’ὡς
3675 4169 3742 4221 ἂν

2171 4272 2404 4326 ἐθέλοιεν
2434 4271 2645 4325 ἐπιέναι
2676 4287 2734 4324 τε
2773 4269 2866 4323 καὶ
2887 4267 3111 4321 ἀπιέναι
3143 4264 3431 4333 παριέντες
3450 4302 3465 4329 ,
3496 4262 3596 4332 τὴν
3619 4259 3742 4314 τού.

2170 4382 2278 4417 των
2337 4362 2692 4435 προσέλευσιν
2749 4359 2822 4432 μὴ
2865 4356 3309 4430 προσποιῶμεθα,
3348 4354 3477 4408 ὅταν
3508 4352 3668 4406 τοῦτο
3707 4352 3742 4421 ἣ

2168 4453 2330 4508 τοῦτο
2383 4456 2567 4526 παρῇο
2614 4454 2818 4524 οἴχεται
2879 4450 2987 4521 γὰρ
3041 4450 3124 4502 ὅτι
3182 4447 3413 4517 τάχιστα
3469 4444 3657 4499 στάσιν
3706 4443 3740 4513 ἢ

2170 4546 2377 4618 ἵδρυσιν
2421 4544 2728 4615 κεκτημένα
2768 4541 3058 4612 οὐδεμίανο
3112 4538 3304 4610 ἀνδρὸς
3350 4536 3407 4589 δὲ
3432 4534 3742 4605 ’φιλοσόφου

2164 4636 2244 4707 τῷ
2286 4636 2397 4691 ὖντι
2426 4636 2520 4689 καὶ
2551 4631 2609 4689 εὗ
2643 4633 2936 4705 βεϐηκότος
2965 4632 3061 4684 καὶ
3101 4632 3215 4693 τοῖς
3248 4628 3347 4699 τῆς
3375 4626 3632 4697 ἀληθείας
3661 4627 3747 4677 λο-

2165 4728 2306 4796 γίοις
2340 4727 2621 4800 ἀραρότως
2651 4726 3009 4797 ἡδρασμένου,
3046 4722 3184 4794 μήτε
3223 4723 3337 4782 τοῖς
3369 4717 3563 4786 δεξιοῖς
3590 4717 3748 4771 ἐπαί-

486 4811 678 4883 ρεσθαι
722 4808 756 4879 ἢ
805 4807 1237 4892 ὕποχαυνοῦσθαι
1277 4811 1339 4864 τὸ
1383 4809 1593 4866 ἔντονον
1642 4811 1738 4865 τοῦ
1786 4812 1898 4880 νοῦ,
1934 4816 2058 4886 μήτ’
2085 4811 2179 4872 οῦν
2220 4821 2332 4884 τοῖς
2386 4820 2693 4890 ἀριστεροῖς
2732 4815 2948 4871 δοκοῦσι
3000 4811 3383 4867 συστέλλεσθαι
3430 4813 3525 4866 καὶ
3579 4826 3748 4863 κατα-
3792 4889 3796 4894 '

487 4903 732 4959 πίπτειν.

487 4999 557 5056 89
594 4998 791 5053 Attolle
825 5008 872 5053 te
901 4998 1008 5052 vita
1044 4998 1218 5067 potius
1247 5011 1405 5065 quam
1435 4996 1785 5066 cogitatione,
1818 5007 1925 5054 etc.

564 5089 686 5146 Vita
732 5090 1012 5147 extollitur
1048 5088 1142 5159 qui
1188 5103 1285 5159 per
1325 5088 1640 5159 diligentem
1686 5092 2067 5145 mandatorum

488 5183 894 5240 observantiam
923 5182 1107 5237 carnis
1128 5180 1441 5249 superbiant
1466 5181 1761 5236 mortiﬁcat
1791 5190 1846 5237 et
1872 5198 2072 5252 corpus

490 5275 800 5331 humilitate
850 5273 965 5330 fere
1005 5273 1223 5338 domat;
1275 5274 1589 5343 arrogantia
1635 5288 1766 5329 vero
1798 5276 2074 5330 extollitur

492 5369 585 5439 qui
612 5384 720 5423 non
751 5374 862 5422 se'a‘
886 5367 1308 5437 prasumptione
1328 5366 1574 5431 ntundat,
1601 5367 1694 5422 scd
1726 5383 1864 5422 vana
1896 5369 2074 5423 homi-

495 5476 623 5513 num
656 5460 827 5528 gloria
872 5457 1093 5513 eiiertur
1134 5473 1301 5526 seque
1336 5458 1478 5511 inter
1507 5458 1821 5528 hypocritas
1852 5462 2074 5515 consti—

496 5549 618 5602 tuit.
645 5548 907 5602 Hortatur
934 5563 1064 5618 ergo
1097 5548 1317 5601 divinus
1344 5546 1730 5618 Gregorius‘ut
1756 5551 1865 5605 vita
1899 5553 2073 5605 extol-

565 5740 682 5812 (99)
723 5740 843 5795 Ald.
879 5747 934 5798 et
967 5740 1131 5799 Basil.
1170 5740 1456 5813 προῆλθον.

2171 5002 2239 5057 89
2288 4999 2465 5070 ’Υψοῦ
2500 5001 2619 5065 ,βίῳ
2660 4999 2724 5053 τὸ
2753 4997 2964 5052 πλεῖον
2990 4996 3029 5065 ἢ
3053 4995 3407 5065 φρονήματι.

2254 5091 2515 5163 ’Υψοῦται
2552 5090 2629 5161 τῷ
2660 5089 2760 5161 βίῳ
2791 5091 2819 5144 ό
2858 5091 2926 5160 τῇ
2958 5088 3179 5159 ἀκριϐεῖ
3205 5089 3303 5159 τῆς
3335 5087 3553 5158 ἐντολῆς
3573 5087 3749 5158 τηρὴ-

2174 5200 2257 5237 σει
2295 5184 2357 5237 τὸ
2399 5182 2652 5254 φρόνημα
2695 5179 3159 5243 καταθανατώσας
3189 5180 3289 5251 τῆς
3322 5178 3524 5251 σαρκὸς
3566 5177 3754 5231 καὶτὸ

2175 5275 2335 5346 σῶμα
2363 5275 2462 5343 τῆς
2486 5271 2867 5335 ταπεινώσεως
2900 5272 3081 5340 όλίγου
3108 5272 3219 5325 δεῖν
3254 5271 3500 5341 ὑπερϐάς
3523 5287 3535 5299 ·
3587 5270 3758 5339 ὑψοῦ-

2177 5382 2269 5419 ται
2300 5365 2357 5418 δέ
2389 5365 2697 5435 φρονήματι
2731 5364 2760 5414 ό
2795 5362 2869 5433 μὴ
2897 5362 2997 5431 τῆς
3026 5363 3254 5431 οἰήσεως
3281 5359 3535 5431 καθαρῶς
3578 5360 3757 5429 ὁπηλ-

2176 5457 2470 5527 λαγμένος,
2523 5454 2658 5509 ἀλλά
2705 5453 2784 5524 τῷ
2833 5452 2973 5522 κενῷ
3019 5452 3253 5524 δοξαρίῳ
3299 5452 3407 5506 τῶν
3448 5450 3755 5522 ἀνθρώπων

2181 5546 2539 5619 ἐπαιρόμενος
2583 5549 2676 5602 καὶ
2717 5545 2908 5600 ἑαυτὸν
2952 5543 3094 5599 κατὰ
3122 5547 3249 5609 τοὺς
3294 5542 3591 5618 ὑποκριτὰς
3628 5559 3759 5602 συνρ
