4164 6350
345 352 449 407 809

345 469 532 525 ιστῶν.
569 468 836 539 Παραινεῖ
861 467 1042 523 τοίνυν
1060 470 1089 522 6
1117 468 1390 535 θειότατος
1432 472 1733 544 Γρηγόριος
1763 473 1932 542 ὑψοῦ-

346 562 470 615 σθαι
527 559 627 631 μὲν
671 559 751 630 τῷ
796 559 898 631 βίῳ
939 560 1030 616 διὰ
1080 561 1448 634 θεομιμῃσίας
1492 564 1813 633 ἐγγίζοντας
1855 564 1935 635 τῷ

348 657 513 725 πραεῖ
542 653 637 708 καὶ
663 653 907 725 ταπεινῷ
938 654 1036 725 τὴν
1080 656 1309 727 καρδίαν
1349 656 1549 729 Ἰησοῦ,
1583 658 1721 711 ἀλλὰ
1756 658 1829 728 μὴ
1856 658 1935 728 τῷ

346 745 658 814 φρονήματι
703 744 1091 813 κατοιομένους
1123 747 1217 798 καὶ
1250 746 1730 816 καταφρονοῦντας
1760 749 1933 817 ὑπερ·-

346 836 637 907 αίρεσθαι’
688 837 802 891 θεοῖ
832 837 929 906 μὲν
956 836 1064 907 γὰρ
1095 840 1123 890 6
1156 838 1271 907 βίος
1298 843 1363 911 τῇ
1404 842 1632 911 μιμήσει
1668 839 1764 894 τοῦ
1800 842 1936 912 Χρι-

348 929 496 990 στοῦ,
531 931 597 1000 τῇ
645 928 1093 1000 μεγαλοφροσύνῃ
1142 930 1199 983 δὲ
1247 932 1392 1001 μέγα
1440 932 1640 1002 πτῶμα
1679 933 1819 987 κατὰ
1867 934 1935 987 τὰ

349 1021 617 1092 θεαρχικά
656 1020 943 1092 μαρτύρια
985 1021 1289 1075 ἀκολουθεῖ.
1326 1022 1495 1075 Πόθεν
1537 1019 1629 1076 οῦν
1677 1023 1933 1096 ἐπιτεύξῃ

344 1117 445 1184 τῆς
487 1114 750 1184 ὑψούσης,
787 1114 905 1183 ήτοι
945 1112 1171 1183 θεούσης
1198 1114 1735 1185 ταπεινοφροσύνηςς
1780 1116 1811 1185 ἢ
1855 1116 1935 1186 τῷ

350 1203 426 1273 μὴ
479 1206 589 1267 τοῖς
641 1205 857 1274 μικροῖς
901 1202 1092 1256 ἑαυτὸν
1139 1202 1443 1273 μετροῦντα
1482 1205 1578 1259 καὶ
1618 1205 1758 1275 πρὸς
1805 1207 1933 1269 τοὺς

348 1295 721 1365 χαμαιζήλους
755 1294 1115 1366 συγκρίνοντα
1150 1296 1272 1365 εἰκῆ
1308 1297 1671 1366 ὑπερφρονεῖν
1705 1299 1797 1351 καὶ
1830 1316 1930 1369 μεο

349 1385 813 1456 γαλορῤημονεῖν·
870 1388 903 1456 ἡ
962 1387 1071 1456 γὰρ
1124 1387 1260 1457 πρὸς
1307 1389 1434 1452 τοὺς
1484 1390 1684 1460 ἥττους
1736 1393 1931 1446 ἐαυτοῦ

348 1476 768 1548 παραμέτρησις
800 1478 893 1529 καὶ
937 1476 1285 1543 ἀντεξέτασις
1312 1481 1374 1534 τὸ
1414 1482 1669 1554 φρόνημα
1715 1485 1932 1549 πάντως

349 1568 444 1620 καὶ
472 1568 563 1621 τὸν
584 1566 707 1620 νοῦν
740 1568 816 1631 ὡς
837 1568 945 1621 τῶν
975 1568 1187 1622 πολλῶν
1211 1570 1547 1642 ὑπερέχοντα
1572 1575 1895 1645 μετεωρίζει
1915 1593 1927 1605 ⁸

356 1657 426 1709 Σὺ
444 1658 518 1722 δὲ,
544 1656 699 1727 φησὶ,
732 1656 869 1726 πρὸς
892 1658 992 1727 τὴν
1023 1658 1244 1729 ἐντολὴν
1276 1661 1496 1732 ἀφορῶν
1524 1664 1617 1716 καὶ
1651 1665 1814 1719 αὑτὸν
1840 1665 1931 1719 τόν

347 1744 445 1808 τὰς
474 1746 749 1817 σωτηρίας
782 1746 1157 1818 ἐντελλόμενον
1197 1750 1300 1802 κᾶν
1342 1751 1437 1803 ἐπὶ
1466 1752 1600 1806 πολὺ
1639 1754 1748 1809 τῶν
1790 1755 1931 1807 ἐθνι-

348 1833 459 1896 κῶς
493 1834 711 1898 ζώντων
756 1835 951 1909 ἀρθῇς,
994 1837 1097 1893 κᾶν
1143 1840 1360 1904 πολλοῖς
1411 1842 1522 1897 τῶν
1568 1841 1627 1899 εὖ
1674 1846 1931 1915 βιούντων

345 1927 617 1998 ὀμοιωθῇς
642 1931 700 1982 ἐν
732 1930 987 2002 ἀληθείᾳ,
1017 1932 1136 2002 ὄψει
1162 1935 1314 1989 κάτω
1344 1937 1594 2009 κείμενον
1622 1941 1813 1995 ἐαυτὸν
1844 1944 1937 1997 καὶ

349 2019 452 2087 τῆς
483 2020 660 2091 ἄκρας
691 2023 1123 2093 ἀπολειπόμενον
1154 2027 1515 2099 τελειότητος.

452 2112 645 2191 ,δόξαν
674 2113 850 2191 δίωκε.
872 2114 1026 2191 μήζε
1053 2117 1428 2191 πᾶσαν-μήτ’
1457 2121 1613 2191 ἄγαν
1633 2142 1647 2155 θ

347 2182 417 2235 ‘J-i
454 2183 758 2250 Κρεῖσσον
790 2182 900 2255 γὰρ
945 2184 1098 2241 εἶναι
1127 2190 1234 2243 τοῦ
1259 2182 1477 2246 δοκεῖν.

423 2297 577 2349 Ἔστι
615 2297 741 2363 δόξα
791 2298 887 2352 καὶ
941 2300 1098 2371 φήμη
1147 2319 1231 2365 τις
1284 2304 1462 2375 ἀγαθὴ
1513 2305 1607 2358 καὶ
1650 2308 1741 2359 ἐπὶ
1802 2307 1935 2361 πολὺ

351 2386 515 2455 μέρος
548 2387 642 2440 τοῦ
681 2389 888 2460 κόσμου
924 2392 1062 2463 πρὸς
1093 2394 1285 2462 καιρὸν
1315 2396 1547 2467 χεομένη
1584 2398 1676 2450 καὶ
1705 2400 1786 2459 είς
1835 2399 1939 2467 μά-

348 2497 500 2531 ταιον
530 2483 641 2538 τοῖς
674 2480 1049 2553 δοξαζομένοις
1069 2485 1419 2558 πληθυομένη
1450 2487 1545 2542 καὶ
1574 2489 1832 2559 κενόν,ήν
1849 2492 1940 2543 ἐπὶ

351 2568 527 2642 βλάϐῃ
560 2572 818 2625 πλειόνων
850 2576 1175 2643 μεγαλύνειν
1220 2575 1359 2631 οἶδεν
1391 2581 1419 2631 6
1459 2579 1673 2651 ἐχθρός⁹
1710 2584 1804 2635 καὶ
1824 2582 1939 2634 ἔστι

349 2664 475 2728 δόξα
503 2664 609 2717 τῶν
645 2665 806 2730 ὁσίως
833 2666 1089 2736 βιούντων
1123 2669 1218 2722 ἐπὶ
1250 2670 1347 2746 τῇς
1378 2672 1480 2741 γῆς
1510 2675 1934 2746 κραταιουμένη,

348 2757 473 2826 ἣτις
512 2758 605 2810 καὶ
641 2757 776 2829 πρὸς
808 2759 1094 2830 οἰκοδομὴν
1128 2760 1237 2813 τῶν
1282 2761 1613 2827 δοξαζόντων
1665 2764 1803 2834 πρὸς
1842 2767 1936 2819 τοῦ

350 2848 489 2906 Θεοῦ
530 2854 913 2920 συγκροτεῖται
944 2852 1037 2905 καὶ
1084 2851 1345 2921 ὑψοῦται⁸
1383 2855 1447 2906 σὺ
1482 2854 1540 2906 δὲ
1580 2856 1716 2925 μήτε
1756 2859 1937 2911 πᾶσαν

352 2940 486 3010 ἡγοῦ
510 2942 971 3012 περισπούδαστον
999 2945 1094 2997 καὶ
1121 2946 1297 3016 ἐαυτῷ
1327 2946 1658 3017 προσαύξειν
1686 2950 1936 3020 ἐπιζήτει

352 3034 493 3087 κατὰ
525 3041 652 3097 τοὺς
680 3036 978 3106 ὑποκριτὰς
1003 3039 1099 3089 καὶ
1127 3036 1457 3108 δοξοχαρεῖς,
1494 3039 1617 3107 μήτ’
1645 3033 1738 3091 οὖν
1769 3040 1938 3108 αὐτῆς

351 3127 447 3196 τῆς
475 3126 541 3178 δι’
578 3127 781 3197 ἀρετὴν
807 3129 1176 3198 κροτουμένης
1222 3128 1360 3196 ἄγαν
1394 3130 1623 3199 ἀντέχου
1659 3130 1753 3183 καὶ
1792 3131 1937 3183 ἀντι-

354 3216 508 3269 ποιοῦ
533 3234 546 3247 ο
595 3220 647 3268 τί
677 3218 791 3288 γάρ
827 3235 909 3270 σοι
952 3219 1046 3271 καὶ
1079 3222 1145 3289 τῇ
1190 3218 1452 3290 ὑπολήψει
1486 3220 1595 3274 τῶν
1630 3220 1860 3286 πολλῶν,
1893 3214 1938 3290 ᾧ

351 3309 446 3362 τοῦ
480 3305 619 3364 εἶναι
656 3310 820 3374 πολὺς
857 3313 884 3363 6
918 3311 1109 3381 λόγος;
1160 3315 1413 3381 κρεῖσσον
1451 3312 1559 3383 γὰρ
1592 3315 1938 3385 ἁσυγκρίτως

352 3404 414 3457 τὸ
440 3400 581 3456 εἶναι
628 3404 721 3457 τοῦ
756 3404 930 3457 δοκεῖν
955 3421 968 3434 ·
1014 3407 1094 3467 είς
1122 3405 1177 3457 τί
1219 3400 1312 3460 οὖν
1346 3422 1428 3458 σοι
1462 3407 1613 3475 μέλει
1664 3408 1939 3477 σπουδαίῳ

353 3495 466 3548 ὄντι
493 3494 588 3547 τοῦ
633 3496 935 3558 σπουδαίως
978 3492 1116 3548 εἶναι
1156 3496 1370 3561 δοκεῖν;
1426 3497 1667 3567 πλουσίῳ
1700 3498 1812 3551 ὄντι
1844 3499 1937 3550 καὶ

357 3586 575 3638 πάντων
592 3585 786 3657 πλήρει
809 3584 1024 3653 ἀγαθῶν
1044 3586 1094 3638 τί
1117 3602 1198 3638 σοι
1225 3586 1407 3656 μέλον,
1437 3589 1485 3639 εἰ
1515 3586 1657 3640 τοῦτ’
1680 3586 1939 3654 ἀγνοοῦν-

359 3691 458 3736 τες.
480 3673 757 3745 ἄνθρωποι
789 3675 1000 3743 πένητά
1028 3691 1086 3726 σε
1120 3675 1212 3727 καὶ
1253 3675 1407 3746 ἐνδεῆ
1437 3674 1936 3745 ὑπολαμϐάνουσιν;

363 3765 519 3818 Οὕτω
557 3769 650 3819 ml.
690 3766 808 3836 Θεῷ
855 3766 1005 3836 φίλον
1040 3766 1168 3820 ὄντα
1193 3767 1320 3819 ποία
1359 3784 1440 3820 σοι
1484 3768 1721 3838 φροντὶς,
1767 3768 1813 3820 εί
1863 3766 1936 3836 μὴ

358 3858 515 3910 τοῦτο
548 3857 693 3911 ἴσασι
719 3858 905 3911 πολλοί
929 3875 942 3922 ;
964 3859 1027 3910 Εἰ
1056 3859 1099 3909 δ’
1128 3858 1365 3928 ἄμετρος
1387 3854 1455 3921 εἴ,
1486 3857 1710 3921 πολλοὺς
1735 3856 1935 3909 ἐθέλων

362 3949 488 4010 τοὺς
526 3949 818 4011 ἐπαινέτας
854 3947 1018 4018 ἔχειν,
1064 3948 1204 4001 ὥστε
1248 3950 1422 4022 ταύτῃ
1467 3949 1683 4012 πλείους
1739 3950 1939 4001 οἰκοδο-

364 4041 483 4107 μεῖν
526 4040 604 4103 είς
635 4039 854 4109 ἀρετὴν,
907 4038 1040 4092 ἀλλὰ
1086 4040 1149 4092 σὺ
1183 4039 1258 4109 μὴ
1306 4040 1403 4110 τὴν
1452 4040 1689 4109 ματαίαν
1743 4038 1939 4109 θήρευε

359 4132 517 4197 δόξαν
562 4132 661 4202 τὴν
712 4134 776 4185 ἐκ
821 4131 929 4184 τῶν
987 4132 1110 4202 είκῆ
1168 4132 1581 4204 μακαριζόντων
1627 4150 1685 4185 σε
1732 4133 1940 4203 πλάνην

362 4220 821 4290 ἐγκομϐούμενος,
860 4221 994 4291 μηδὲ
1026 4222 1127 4291 τὴν
1178 4222 1307 4274 νέαν
1351 4221 1441 4274 καὶ
1485 4221 1543 4287 ἐξ
1585 4221 1941 4292 ἀνθρωπίνων

361 4310 687 4380 ἀξιωμάτων
736 4311 830 4364 καὶ
874 4310 1080 4382 θρόνων
1122 4311 1555 4382 προστιθεμένην
1606 4312 1698 4364 καὶ
1743 4313 1936 4384 τιμῶν.

360 4402 424 4453 Τί
456 4402 565 4473 γὰρ
590 4402 779 4474 κέρδος
808 4402 1047 4474 πιθήκῳ,
1080 4402 1147 4456 ἂν
1172 4402 1310 4457 λέων
1340 4405 1602 4475 νομισθῇ;
1638 4404 1825 4469 Οὕτως
1853 4406 1941 4458 οὑ-

360 4494 521 4564 δεμία
563 4494 767 4564 ὄνησις,
819 4495 1038 4565 ἐμπαθῆ
1085 4494 1212 4547 ὄντα
1255 4495 1349 4547 καὶ
1391 4496 1577 4566 ἀτελῆ,
1632 4496 1812 4566 ἀπαθῆ
1846 4497 1940 4549 καὶ

361 4587 564 4641 τέλειον
609 4587 918 4659 ἀνθρώποις
966 4583 1106 4640 εἶναι
1153 4587 1361 4641 δοκεῖν·
1411 4588 1636 4658 οὐδεμία
1682 4588 1939 4657 ὠφέλεια,

363 4680 578 4745 ἀνάξιον
609 4680 738 4734 ὄντα
772 4680 1045 4750 βασιλείας
1097 4681 1130 4752 ἢ
1186 4682 1491 4753 ίεραρχίας,
1537 4681 1687 4748 ἄξιον
1732 4681 1945 4753 νομίζε·

362 4771 520 4826 σθαι·
554 4772 742 4844 ὥσπερ
783 4773 905 4826 οὑδὲ
938 4775 1150 4844 πτωχὸν
1177 4776 1270 4829 καὶ
1303 4776 1470 4847 ἄρτου
1504 4774 1692 4844 ἐπιδεῆ
1739 4775 1941 4844 τυγχά-

362 4882 539 4927 νοντα,
572 4866 725 4918 οὑδὲν
766 4865 920 4919 ἔσται
966 4868 1107 4937 πρὸς
1154 4868 1361 4938 κέρδος,
1394 4866 1595 4939 χρυσοῦ
1631 4866 1941 4938 θησαυροὺς

364 4955 660 5025 κεκτῆσθαι
694 4955 907 5018 πολλοῖς
934 4955 1349 5026 ὑπονοούμενον.

361 5068 430 5124 97
460 5068 623 5122 Αἴνει
652 5068 767 5136 μὲν
804 5067 1018 5131 ἄλλον,
1052 5066 1138 5136 μὴ
1174 5069 1380 5136 φρόνει
1411 5067 1463 5121 δ’
1491 5068 1867 5136 αὶνούμενος.

435 5182 630 5235 ’Δλλον
664 5183 780 5253 μὲν,
810 5183 974 5253 φησὶν
1013 5184 1041 5235 6
1076 5180 1366 5254 μακάριος,
1400 5183 1641 5235 ἐπαινεῖν
1677 5182 1941 5236 ἐπέὑσε-

364 5273 486 5345 Θείᾳ
548 5274 641 5327 καὶ
698 5274 865 5345 ἀρετῇ
920 5273 1103 5337 οὔπως
1154 5274 1220 5327 ἂν
1263 5272 1605 5343 κωλύσαιμι,
1654 5273 1791 5327 ἀλλὰ
1843 5275 1939 5328 καὶ

363 5364 789 5434 παραινέσαιμιο
827 5364 886 5415 σὲ
937 5364 992 5416 δὲ
1037 5365 1176 5431 πρὸς
1204 5363 1377 5418 ἄλλων
1405 5362 1816 5433 ἐπαινούμενον,
1866 5365 1941 5437 μὴ

366 5456 804 5526 μεγαλοφρονεῖν,
840 5456 974 5527 μηδὲ
1004 5459 1117 5519 τοῖς
1150 5457 1390 5519 ἐπαίνοις
1422 5456 1543 5527 είκῆ
1580 5456 1942 5527 φυσιούμενον

365 5548 755 5618 ὑψηλοφρονεῖν
816 5547 1136 5619 παρεγγυῶ.
1200 5547 1438 5601 Δεδιέναι
1503 5548 1609 5619 γὰρ
1654 5548 1801 5615 ἄξιον
1849 5552 1942 5604 καὶ

362 5638 743 5702 εὐλαϐεῖσθαι,
825 5640 1020 5709 μήπως
1092 5638 1199 5691 τῶν
1265 5638 1644 5708 κροτουμένων
1710 5639 1943 5694 ἐπαίνων

365 5729 604 5800 ὑστερῶν
637 5729 998 5801 ἀπελεγχθῇς’
1029 5728 1164 5783 ἀλλὰ
1192 5728 1285 5782 καὶ
1321 5729 1459 5799 πρὸς
1488 5728 1585 5799 τὴν
1616 5728 1726 5783 τῶν
1766 5730 1939 5785 ἄλλων

363 5821 638 5891 εὐφημίαν
669 5822 728 5872 οὑ
762 5822 1047 5893 πρόχειρον
1079 5821 1186 5875 οὐδ’
1229 5821 1445 5890 ἕτοιμον
1478 5817 1617 5875 εἷναί
1661 5839 1719 5875 σε
1764 5823 1793 5875 6
1836 5824 1940 5893 τῆς

646 5917 915 5977 ΡΑτιιοι.
951 5917 1069 5978 (in.
1102 5915 1469 5978 XXXVIII.

1404 350 1471 405 IN
1495 348 1807 409 CARMINA
1841 345 2119 404 ARCANA
2156 348 2195 401 S
2246 347 2593 404 GREGORII.

3511 349 3613 403 8l0

2042 472 2218 526 lamur
2251 488 2343 539 per
2376 473 2729 526 imitationem
2763 472 2877 525 miti
2901 480 2954 527 et
2989 472 3177 527 humili
3208 470 3371 526 corde
3395 470 3614 525 Christo

2038 564 2543 633 appropinquantes
2568 604 2578 621 .
2608 563 2701 617 sed
2732 576 3021 619 caveamus
3052 579 3119 619 ne
3156 562 3487 625 conﬁdentia
3524 570 3614 615 tu-

2037 662 2250 707 mentes
2290 662 2344 707 et
2377 653 2756 723 superbientes
2797 668 2898 707 nos
2934 652 3365 722 magnificemus.
3402 649 3615 705 Etenim

2036 744 2253 799 deificat
2287 748 2401 800 vita
2428 745 2629 800 Christi
2669 744 2965 807 imitatrix,
3007 752 3060 797 et
3090 744 3256 797 animi
3289 741 3616 797 extollentia:

2031 839 2191 907 juxta
2229 839 2544 894 testimonia
2590 838 2773 891 divina
2824 837 3008 891 clades
3056 851 3249 906 magna
3297 835 3615 889 comitatur.

2037 930 2191 985 Unde
2231 942 2362 1001 ergo
2407 930 2771 1001 comparanda
2816 944 2938 999 qua:
2992 927 3194 983 exaltat
3248 942 3350 982 seu
3400 926 3616 980 deificat

2038 1022 2359 1077 humilitas?
2394 1022 2542 1077 Hanc
2564 1021 2832 1076 obtinebit
2858 1020 2948 1091 qui
2976 1035 3084 1074 non
3108 1020 3346 1088 seipsum
3378 1019 3617 1071 minimis

2035 1116 2345 1185 quibusque
2381 1115 2726 1183 mquiparans
2766 1121 2821 1167 et
2858 1128 2979 1167 cum
3024 1112 3251 1180 abjectis
3282 1124 3617 1179 componens

2037 1216 2238 1260 temere
2279 1205 2558 1274 superbiet
2595 1214 2648 1257 et
2692 1218 2751 1258 se
2784 1202 3186 1271 magniﬁcabit;
3223 1216 3461 1270 namque
3492 1215 3616 1253 cum

2036 1296 2392 1353 inferioribus
2430 1295 2786 1368 aequiparatio
2823 1295 2906 1348 sui
2960 1304 3011 1348 et
3055 1294 3276 1348 collatio
3313 1292 3617 1361 intelligen-

2035 1388 2166 1441 tiam
2212 1387 2437 1442 omnino
2468 1396 2523 1441 et
2567 1387 2809 1440 animum
2856 1370 3333 1454 advarroganliam
3384 1384 3615 1445 inducit,

2033 1479 2188 1549 quasi
2223 1494 2388 1548 supra
2425 1479 2627 1533 multos
2669 1477 2980 1533 efferamur.
3031 1476 3111 1530 Tu
3152 1486 3367 1538 autem,
3403 1476 3616 1546 inquit,

2034 1573 2349 1628 mandatum
2376 1573 2734 1628 considerans
2754 1579 2807 1626 et
2833 1585 2959 1624 eum
2982 1570 3075 1640 qui
3101 1570 3330 1624 salutem
3359 1569 3614 1638 injungit,

2033 1664 2161 1719 licet
2200 1665 2360 1735 longe
2389 1665 2604 1720 ethnice
2631 1666 2881 1719 viventes
2912 1678 3138 1733 superes
3160 1702 3174 1725 ,
3210 1662 3335 1716 licet
3364 1662 3618 1730 plurimis

2036 1756 2174 1810 bene
2188 1757 2482 1811 viventium
2507 1757 2702 1810 similis
2726 1758 2777 1810 in
2798 1757 3027 1809 veritate
3047 1755 3361 1819 invenieris,
3381 1755 3614 1823 teipsum

2043 1847 2192 1900 humi
2215 1848 2487 1917 jacentem
2516 1849 2724 1904 videbis
2741 1858 2793 1903 et
2816 1849 2972 1918 longe
2999 1863 3029 1901 a
3053 1863 3265 1903 summa
3284 1846 3618 1917 perfectione

2041 1938 2360 1995 distantem.

2039 2113 2107 2184 {l5
2146 2111 2387 2184 Gloriam
2413 2131 2737 2184 persequere,
2764 2131 2868 2169 non
2893 2132 3096 2170 omnem
3127 2133 3215 2169 nec
3248 2117 3572 2171 vehementer
3593 2156 3606 2169 .

2039 2181 2109 2235 94
2148 2182 2342 2237 Helius
2372 2181 2448 2238 est
2477 2181 2615 2239 enim
2643 2202 2756 2240 esse
2788 2202 2948 2255 quam
2972 2188 3157 2241 videri.

2113 2295 2205 2349 Est
2233 2306 2288 2351 et
2317 2299 2511 2367 gloria,
2535 2312 2619 2355 est
2647 2310 2702 2354 et
2732 2299 2873 2354 fama
2906 2301 3047 2355 bona
3080 2308 3135 2355 et
3162 2316 3257 2370 per
3279 2300 3469 2354 mundi
3500 2316 3617 2354 ma-

2041 2404 2200 2459 gnam
2235 2403 2442 2459 partem
2469 2403 2778 2463 Opportune
2806 2394 3004 2450 diffusa
3028 2403 3083 2449 et
3104 2395 3428 2463 insipienter
3453 2404 3617 2464 atque

2041 2496 2178 2534 vane
2212 2481 2267 2535 in
2309 2482 2622 2540 hominibus
2674 2486 2959 2539 aestimatis
2993 2485 3309 2546 abundans,
3349 2500 3512 2554 quam
3547 2486 3616 2540 ad

2040 2574 2336 2628 multorum
2365 2578 2660 2645 perniciem
2686 2578 3036 2648 magnificare
3071 2578 3220 2632 novit
3248 2578 3533 2641 inimicus;
3562 2588 3617 2633 et

2040 2675 2123 2720 est
2155 2675 2342 2724 sancte
2367 2668 2665 2723 viventium
2689 2671 2863 2740 gloria
2892 2686 3054 2740 super
3083 2679 3283 2727 terram
3316 2674 3617 2740 praevalens

2039 2773 2161 2826 quae
2211 2767 2266 2811 et
2315 2756 2383 2811 ad
2426 2758 2841 2814 aedificationem
2892 2760 3231 2814 laudantium
3277 2777 3459 2815 coram
3508 2761 3619 2816 Deo

2042 2850 2418 2919 spectaculum
2446 2859 2531 2905 est
2564 2859 2618 2907 et
2649 2853 2907 2907 exaltatio
2932 2871 2947 2915 ;
2977 2861 3035 2907 tu
3067 2862 3247 2908 autem
3278 2871 3379 2910 nec
3400 2871 3618 2909 omnem

2034 2942 2219 3012 judica
2250 2943 2432 2997 studio
2463 2943 2704 3012 dignam,
2737 2945 2827 3013 qui
2866 2945 2963 2999 tibi
2997 2955 3331 3002 crescentem
3372 2950 3620 3018 requiras

2038 3050 2157 3088 eam
2197 3035 2605 3105 hypocritarum
2640 3036 2815 3090 instar
2847 3044 2902 3090 et
2933 3038 3161 3106 gloriam
3202 3041 3612 3109 aucupantium,

2044 3141 2144 3180 nec
2175 3141 2308 3196 ergo
2336 3126 2511 3195 ipsam
2554 3135 2777 3197 propter
2817 3129 3073 3183 virtutem
3107 3132 3423 3199 applavusam
3454 3133 3622 3187 nimis

2044 3216 2313 3272 insectare
2346 3218 2448 3287 ipsi
2482 3219 2697 3272 obviam
2736 3233 2985 3276 currens.
3025 3219 3167 3285 Quid
3208 3222 3353 3275 enim
3392 3222 3487 3276 tibi
3521 3239 3621 3291 pu-

2040 3309 2181 3363 blica
2208 3312 2580 3375 existimatio,
2632 3311 2721 3365 cui
2766 3327 2888 3366 esse
2934 3326 3129 3382 magna
3159 3328 3246 3367 res
3274 3315 3394 3368 est?
3429 3313 3621 3369 Melius

2040 3401 2183 3453 enim
2230 3410 2316 3455 est
2367 3401 2486 3455 sine
2534 3401 2703 3455 dubio
2733 3416 2855 3456 esse
2888 3417 3049 3471 quam
3083 3402 3276 3457 videri.
3308 3403 3448 3468 Quid
3489 3420 3622 3473 ergo

2042 3501 2131 3546 tua
2172 3493 2400 3547 interest
2442 3492 2674 3564 diligens
2719 3496 2809 3563 qui
2843 3494 2941 3561 sis,
2974 3494 3204 3565 diligens
3247 3497 3292 3551 si
3342 3495 3620 3551 videaris?

2042 3582 2202 3637 Dives
2229 3598 2353 3639 cum
2371 3585 2448 3639 sis
2462 3591 2515 3639 et
2532 3587 2785 3641 omnibus
2800 3587 2959 3642 bonis
2974 3586 3281 3654 abundans,
3297 3587 3428 3657 quid
3456 3586 3623 3640 refert

2042 3676 2087 3732 si
2144 3677 2247 3730 hoc
2305 3676 2621 3744 ignorantes
2666 3678 2918 3730 homines
2970 3692 3261 3746 pauperem
3306 3687 3358 3731 te
3388 3686 3442 3730 et
3478 3678 3623 3732 indi-

2040 3776 2253 3837 gentem
2300 3768 2663 3821 existiment?
2702 3768 2968 3822 Similiter
3004 3770 3182 3822 amico
3229 3767 3319 3822 Dei
3361 3770 3455 3823 tibi
3499 3786 3623 3838 quae

2041 3872 2208 3918 cura,
2247 3858 2293 3911 si
2340 3857 2469 3910 illud
2517 3872 2627 3910 non
2684 3860 2934 3910 noverint
2979 3859 3171 3912 multi?
3203 3860 3259 3913 Si
3287 3859 3488 3913 nimius
3535 3875 3619 3922 es.

2043 3947 2244 4000 multos
2274 3947 2503 4016 cupiens
2535 3947 2848 4001 laudatores
2880 3948 3100 4010 habere,
3130 3949 3287 4017 quasi
3321 3950 3447 4004 inde
3479 3952 3623 4004 mul-

2044 4046 2223 4092 torum
2270 4036 2434 4093 fuerit
2472 4037 2758 4119 aedificatio
2792 4039 2860 4093 ad
2925 4039 3215 4103 virtutem,
3272 4042 3366 4095 sed
3410 4048 3464 4094 tu
3509 4044 3621 4096 noli

2042 4145 2236 4183 vanam
2296 4130 2482 4186 venari
2524 4131 2794 4200 gloriam,
2847 4145 3036 4184 errore
3087 4131 3367 4185 hominum
3420 4144 3622 4188 temere

2042 4222 2467 4275 beatificantium
2503 4228 2555 4277 te
2594 4222 2879 4276 involvens
2911 4237 3012 4276 nec
3042 4224 3213 4292 gloria
3252 4239 3388 4277 nova
3421 4226 3489 4278 ab
3518 4225 3622 4278 hu-

2043 4315 2223 4369 manis
2257 4313 2674 4384 dignationibus
2716 4326 2768 4369 et
2808 4314 3023 4369 thronis
3050 4324 3104 4369 et
3139 4315 3440 4370 honoribus
3472 4315 3625 4371 deri-

2042 4413 2225 4461 vante.
2266 4404 2407 4470 Quid
2442 4406 2589 4459 enim
2623 4406 2837 4459 lucrum
2875 4406 3069 4467 simio,
3120 4406 3164 4460 si
3199 4406 3282 4460 leo
3325 4407 3627 4463 credatur?

2048 4500 2316 4555 Similiter
2363 4501 2515 4554 nulla
2580 4501 2827 4565 utilitas,
2881 4501 3277 4571 cupiditatibus
3340 4502 3625 4572 obtempe-

2044 4600 2257 4647 rantem
2304 4599 2358 4647 et
2412 4592 2812 4662 imperfectum,
2844 4591 3163 4647 hominibus
3216 4602 3396 4649 tamen
3450 4595 3624 4650 videri

2043 4682 2435 4751 morigeratum
2461 4690 2515 4736 et
2540 4680 2871 4751 perfectum;
2904 4682 3053 4734 nulla
3080 4682 3307 4744 utilitas,
3338 4684 3621 4754 indignum

2042 4774 2374 4842 quemlibet,
2423 4774 2569 4842 regia
2626 4781 2720 4826 aut
2762 4772 3086 4827 sacerdotali
3122 4774 3386 4843 dignitate
3437 4792 3623 4845 parem

2041 4864 2325 4929 aestimari,
2362 4865 2504 4918 sicut
2540 4880 2641 4919 nec
2674 4866 2901 4934 pauperi
2931 4873 2984 4919 et
3011 4880 3149 4932 pane
3180 4866 3443 4937 indigenti
3471 4869 3625 4921 lucro

2046 4964 2156 5021 est,
2187 4957 2234 5012 si
2268 4957 2387 5010 auri
2424 4957 2713 5011 thesauros
2749 4956 2952 5011 multos
2992 4956 3284 5027 possidens
3316 4968 3620 5027 reputetur.

2046 5068 2113 5124 97
2127 5066 2316 5120 Lauda
2333 5068 2539 5136 quidem
2565 5067 2756 5133 alium,
2770 5074 2825 5120 at
2848 5067 3101 5121 laudatus
3120 5084 3181 5120 ne
3195 5068 3492 5136 superbius,
3512 5077 3620 5124 etc.

2117 5181 2298 5233 Alium
2331 5179 2590 5249 quidem,
2631 5178 2810 5249 inquit
2848 5180 3079 5247 beatus,
3132 5180 3359 5239 laudare
3398 5193 3626 5252 propter

2047 5269 2302 5340 pietatem
2334 5278 2388 5325 et
2422 5272 2680 5324 virtutem
2712 5284 2821 5323 non
2853 5270 3199 5340 prohibercm
3220 5313 3234 5337 ,
3266 5273 3360 5326 sed
3388 5282 3441 5326 et
3468 5273 3533 5326 ad
3571 5274 3622 5327 id

2047 5363 2359 5430 provocabo
2386 5379 2400 5427 ;
2431 5369 2485 5415 te
2516 5368 2698 5415 autem
2724 5360 2795 5414 ab
2823 5362 2947 5414 aliis
2972 5360 3193 5414 laudato
3221 5377 3289 5416 ne
3314 5363 3621 5423 extollaris.

2045 5468 2182 5507 neve
2212 5461 2412 5507 temere
2439 5468 2549 5521 prae
2576 5451 2827 5506 laudibus
2854 5461 3129 5508 tumescas
3152 5453 3375 5507 suadeo.
3400 5450 3625 5507 Timen-

2046 5546 2174 5599 dum
2228 5547 2373 5599 enim
2426 5546 2727 5613 meritoque
2780 5542 3077 5598 verendum
3129 5552 3212 5598 est
3259 5560 3327 5599 ne
3371 5544 3625 5599 laudibus

2051 5636 2345 5691 celebratis
2379 5638 2558 5690 minor
2590 5638 2845 5707 arguaris
2872 5654 2886 5703 ;
2921 5636 3016 5691 sed
3047 5644 3101 5689 ct
3127 5634 3194 5689 ad
3221 5636 3452 5689 aliorum
3484 5653 3626 5705 prae-

2046 5730 2265 5784 conium
2292 5746 2398 5784 non
2428 5729 2641 5783 facilem
2668 5744 2769 5783 nec
2798 5736 3109 5799 promptum
3138 5743 3257 5782 csse
3282 5742 3464 5782 sermo
3495 5745 3624 5784 san-

2045 5823 2116 5877 cti
2141 5821 2336 5892 judicii
2362 5829 2414 5878 te
2442 5822 2749 5893 prmscribit
2774 5839 2788 5877 :
2817 5820 3274 5893 quemadmodum
3304 5823 3450 5876 enim
3478 5822 3621 5880 msti-

3228 5917 3305 5975 26
