4108 6376
529 370 631 428 ΕΗ

529 491 741 539 matum
782 490 837 537 te
874 479 1067 534 timere
1100 485 1320 550 oportet
1358 494 1426 535 ne
1459 479 1720 538 laudibus
1760 480 2021 554 indignus
2059 489 2114 538 et

531 582 704 653 gloria
736 580 1008 643 videaris,
1043 578 1125 635 sic
1158 586 1214 634 et
1252 584 1310 632 tu
1345 574 1579 632 laudans
1613 577 1780 630 alium
1815 590 1885 630 ne
1923 576 2114 645 copio-

531 674 650 729 sius
690 680 745 728 et
784 672 1081 735 libentius,
1120 669 1449 740 priusquam
1493 668 1831 739 experientia
1860 673 2114 731 constet,

531 780 601 818 ne
635 763 940 819 studiosius
975 762 1029 815 in
1080 760 1274 829 laudes
1314 760 1626 816 immoreris
1651 798 1664 821 ,
1713 774 1783 814 ne
1824 757 1966 812 forte
2012 758 2116 812 isto

533 859 842 929 iniquitatis
887 857 1140 926 Operario
1193 854 1460 923 temporis
1509 854 1565 906 in
1620 851 1909 905 intervallo
1949 865 2118 920 appa-

532 963 689 1007 rente
710 993 725 1017 ,
756 951 1016 1004 ruborem
1048 949 1142 1002 tibi
1170 947 1418 1017 inﬂigas,
1455 944 1613 1014 quasi
1641 958 1960 1014 perperam,
1996 955 2118 1012 qua:

531 1063 641 1102 non
669 1060 902 1100 noveras
919 1087 931 1109 ,
963 1051 1194 1097 testans.

591 1220 691 1273 101
727 1217 966 1272 Prarstnt
995 1214 1132 1269 male
1156 1212 1344 1268 audire
1365 1227 1523 1282 quam
1553 1209 1692 1263 male
1717 1208 1908 1262 dicere.

600 1311 774 1381 Magis
803 1307 1024 1379 expedit
1057 1308 1199 1360 mala
1233 1305 1427 1360 audire
1451 1344 1466 1370 ,
1499 1303 1574 1356 ait
1607 1311 1834 1357 sanctus
1855 1342 1870 1367 ,
1904 1306 1958 1354 et
1985 1313 2118 1352 con-

529 1403 772 1458 tumeliis
804 1400 944 1454 allici
975 1407 1029 1453 et
1060 1397 1338 1468 objurgari
1373 1394 1882 1450 tolerabilissimum
1932 1391 2116 1461 potius

531 1509 699 1564 quam
735 1493 860 1546 aliis
900 1491 1016 1544 huic
1056 1488 1226 1558 inlligi
1260 1504 1290 1542 a
1325 1487 1504 1541 nobis.
1545 1484 1705 1539 Cur?
1744 1485 1906 1554 quia,
1947 1483 1994 1538 si
2036 1488 2120 1536 te-

533 1603 680 1641 mere
708 1600 937 1656 prorsus
975 1591 1029 1637 et
1055 1582 1262 1636 frustra
1303 1587 1528 1648 propter
1565 1578 1825 1630 virtutem
1863 1581 1918 1628 et
1951 1573 2122 1644 pieta-

531 1689 642 1735 tem
666 1694 792 1733 cum
819 1677 1002 1746 impiis
1025 1672 1369 1728 calumniose
1394 1670 1556 1726 nobis
1587 1683 1714 1740 pars
1743 1668 1924 1729 datur,
1955 1663 2122 1719 beati-

531 1770 786 1826 tudinum
837 1766 1246 1822 Dominicarum
1297 1770 1352 1816 et
1406 1760 1717 1816 caelestium
1768 1757 2121 1829 prwmiornm

531 1863 682 1934 digni
714 1861 1016 1924 habemur;
1051 1858 1096 1912 si
1129 1863 1310 1910 autem
1343 1853 1670 1908 cadentibus
1715 1851 1912 1906 merito
1956 1847 2117 1902 nobis

533 1955 602 2009 de
632 1955 718 2010 bis
750 1965 873 2023 qua)
902 1949 1138 2004 facimus
1169 1947 1552 2002 conviciantur
1584 1943 1838 1998 homines
1859 1980 1873 2006 ,
1906 1941 1988 1996 sic
2019 1953 2120 1992 no-

532 2049 620 2102 bis
651 2051 885 2116 prosunt
914 2039 1184 2096 dedecora
1206 2081 1220 2105 ,
1253 2054 1349 2109 per
1375 2037 1622 2093 convicia
1655 2033 1858 2090 ablutis
1887 2041 1941 2086 et
1967 2032 2118 2084 lava-

532 2141 626 2195 tis.
662 2137 804 2191 Male
835 2150 963 2190 vero
998 2134 1287 2203 loquentes
1331 2139 1385 2186 et
1435 2130 1743 2200 proximum
1782 2125 2003 2196 injuriis
2039 2128 2120 2178 la-

530 2237 854 2297 cessantes,
896 2229 945 2285 si
979 2227 1185 2283 invidia
1219 2231 1314 2278 aut
1352 2223 1479 2278 odio
1517 2223 1777 2276 virtutem
1818 2219 2116 2274 colentium

529 2327 866 2386 laboramus,
893 2318 1241 2375 miserabiles
1269 2325 1324 2372 et
1354 2315 1628 2380 damnati,
1659 2314 1819 2384 quasi
1852 2313 2118 2383 quosdam

529 2435 561 2474 e
587 2415 833 2473 minimis
868 2414 921 2468 in
951 2411 1138 2468 Jesum
1174 2408 1526 2464 credentibus
1558 2406 2001 2462 scandalizantes
2027 2403 2118 2472 jn-

531 2511 885 2574 dicabimur;
919 2505 1066 2576 quod
1103 2503 1151 2559 si
1193 2517 1358 2572 prave
1399 2509 1624 2571 agentes
1665 2500 1865 2554 merito
1899 2498 2117 2566 vitupe-

534 2615 724 2656 ramus
745 2607 798 2654 et
822 2598 972 2668 juste
1002 2594 1391 2664 redarguimus
1410 2634 1424 2658 ,
1455 2592 1578 2648 linis
1605 2590 1922 2646 omnimodo
1946 2604 1975 2641 a
2009 2588 2120 2642 Deo

534 2693 916 2764 redarguetur.
971 2687 1289 2758 Siquidem,
1341 2693 1404 2740 ut
1452 2685 1577 2740 istis
1629 2699 1726 2754 per
1777 2681 2119 2751 objurgatio-

533 2802 659 2842 nem
687 2781 1051 2840 correctionis
1074 2780 1389 2836 dederimus
1409 2786 1463 2832 et
1487 2776 1928 2846 compunctionis
1953 2774 2118 2836 viam,

531 2887 587 2933 et
622 2877 691 2932 iis
729 2876 823 2946 qui
861 2873 1004 2943 apud
1035 2886 1136 2925 nos
1169 2878 1302 2926 sunt
1343 2867 1827 2923 intercluderimus
1862 2864 1991 2918 mali
2033 2878 2122 2919 so-

532 2972 790 3026 cietatem
842 2977 897 3022 et
944 2965 1426 3038 participationem
1483 2978 1610 3018 cum
1661 2961 1821 3025 istis,
1875 2959 2119 3029 irrepre-

534 3061 840 3117 hensibiles
892 3061 1102 3129 absque
1149 3055 1610 3111 condemnatione
1652 3053 1802 3108 omni
1847 3051 2122 3121 judicabi-

534 3170 690 3221 mur;
721 3155 810 3209 sin
841 3160 1037 3208 contra
1059 3191 1074 3217 ,
1108 3157 1167 3204 ut
1196 3149 1372 3203 zelum
1405 3161 1652 3201 amarum
1687 3153 1742 3200 et
1774 3143 1961 3199 odium
1991 3145 2118 3199 abs-

534 3263 642 3318 que
679 3246 889 3317 judicio
943 3257 1263 3313 sequamur,
1315 3241 1459 3294 male
1493 3239 1792 3309 loquimur,
1840 3235 2118 3307 quomodo

535 3337 937 3396 maledicentia).
975 3344 1070 3389 aut
1101 3332 1524 3389 insimulationis
1559 3330 1792 3400 proximi
1826 3329 2119 3392 vitabimus

533 3426 990 3486 accusationem?
1015 3423 1159 3491 Quid
1190 3438 1320 3493 ergo
1357 3418 1704 3476 faciendum?
1731 3417 1964 3484 Quando
1999 3418 2119 3487 qui-

534 3524 696 3586 dam,
747 3519 965 3590 inquit,
1019 3519 1074 3571 in
1110 3516 1351 3570 medium
1402 3512 1612 3584 profert
1670 3511 2005 3565 mentionem
2053 3511 2120 3564 de

533 3616 783 3687 proxinm
812 3612 877 3666 ad
901 3606 1342 3680 exprobrandum
1367 3614 1422 3661 et
1443 3602 1906 3670 maledicendum,
1936 3603 2118 3672 prius-

533 3719 701 3775 quam
730 3717 919 3757 aurem
955 3699 1123 3754 saties
1156 3704 1210 3751 et
1243 3695 1486 3748 mulceas
1533 3701 1683 3746 tuam
1705 3731 1719 3755 ,
1755 3698 1888 3745 tunc
1926 3701 1979 3744 tu
2012 3690 2122 3744 fra-

533 3798 638 3852 tris
667 3794 866 3850 faciem
897 3803 1157 3860 tanquam
1192 3787 1426 3857 teipsum
1457 3786 1524 3840 ad
1556 3785 1864 3839 aculeatum
1897 3784 2119 3838 verbum

533 3886 835 3946 obnoxium
882 3883 1146 3952 opinans,
1193 3887 1247 3933 et
1291 3879 1391 3932 tibi
1443 3877 1548 3947 ipsi
1593 3887 1646 3931 et
1691 3877 1769 3930 illi
1822 3875 2030 3932 servies
2073 3874 2118 3928 si

537 3992 848 4037 sermonem
883 3973 1246 4030 obtrectantis
1275 3983 1430 4041 aeque
1459 3968 1628 4024 feras.

535 4073 642 4131 105
687 4071 946 4138 Prospere
978 4065 1233 4135 navigans
1258 4103 1274 4129 ,
1311 4077 1374 4117 ne
1401 4061 1645 4168 glorierif
1683 4071 1962 4143 antequam
1987 4076 2117 4142 por-

1650 4142 1755 4168 {ann
1790 4142 2025 4168 nllonorac

1623 4142 1757 4203 [tum
1789 4142 2046 4202 alligerts.

607 4230 1079 4302 Quemadmodum
1117 4227 1348 4283 feliciter
1383 4240 1534 4280 mare
1563 4224 1871 4294 naviganti,
1910 4223 2033 4277 licet
2068 4223 2120 4275 in

539 4331 774 4400 trajectu
802 4336 951 4383 recte
981 4324 1254 4393 dirigatur
1282 4319 1459 4383 navis,
1488 4327 1676 4390 utpote
1702 4318 1914 4371 incerto
1935 4317 2118 4378 exitu,

538 4437 648 4477 non
687 4429 866 4474 tutum
914 4426 999 4473 est
1043 4415 1305 4487 gloriari,
1339 4423 1393 4469 et
1425 4421 1551 4466 ante
1592 4412 1950 4465 retinaculum
1973 4451 1987 4476 ,
2023 4427 2122 4463 ru-

538 4517 755 4570 dentem
784 4512 909 4566 dico
935 4525 1042 4580 quo
1063 4508 1128 4562 ad
1160 4515 1378 4579 portum
1409 4505 1672 4574 religatur
1695 4504 1850 4558 navis
1870 4544 1884 4568 ,
1911 4503 2121 4573 magni-

538 4610 643 4662 tiee
674 4604 825 4675 loqui
865 4618 974 4656 non
1007 4608 1259 4670 oportet,
1294 4599 1374 4653 sic
1418 4612 1521 4653 nec
1560 4597 1781 4652 divitem
1820 4596 2117 4652 secundum

539 4713 801 4762 carnem,
835 4694 1150 4748 divitiarum
1195 4691 1469 4746 conﬁdere
1511 4705 1621 4743 non
1675 4689 1894 4757 expedit
1935 4689 1990 4742 in
2043 4688 2125 4742 in-

538 4802 692 4849 certo
714 4829 730 4855 ,
762 4789 1172 4844 obliviscentem
1209 4798 1331 4838 eum
1360 4781 1456 4852 qui
1486 4781 1619 4836 dicit
1647 4799 1660 4835 :
1692 4779 1880 4833 Finem
1913 4779 2124 4848 inspice

537 4888 718 4956 longae
745 4882 902 4946 vitae;
942 4881 1024 4935 sic
1056 4893 1158 4933 nec
1188 4891 1313 4931 eum
1343 4875 1438 4945 qui
1470 4873 1770 4928 virtutibus
1811 4872 1953 4926 bene
1995 4886 2122 4940 pro-

540 4979 651 5034 licit
680 4984 735 5033 et
771 4972 1201 5031 charismatibus
1238 4967 1622 5039 spiritualihus
1657 4966 1796 5020 bene
1835 4964 2039 5020 incedit
2070 4975 2124 5020 et

537 5068 718 5122 valide
745 5063 971 5124 crescit,
990 5071 1284 5132 antequam
1333 5059 1578 5129 requiem
1629 5069 1829 5127 portus
1876 5057 2122 5112 cmlestis

540 5158 816 5231 attigerit,
854 5155 1131 5228 grandiori
1161 5167 1293 5208 voce
1327 5152 1406 5206 uti
1446 5166 1556 5205 non
1597 5149 1774 5203 decet.
1817 5146 2122 5201 Multorum

540 5252 687 5306 enim
722 5265 820 5320 per
844 5248 1044 5302 ﬂuctus
1077 5254 1131 5302 et
1165 5251 1518 5315 tempestates
1549 5242 1722 5297 maris
1746 5241 2084 5295 salvatorum
2107 5281 2121 5305 ,

540 5360 666 5400 cum
702 5344 770 5397 ad
798 5349 988 5413 portus
1015 5339 1556 5410 appropinquarent,
1591 5334 1777 5389 subito
1810 5334 1865 5388 in
1896 5333 2122 5404 profun-

540 5435 670 5487 dum
699 5431 984 5487 submersa
1018 5436 1104 5484 est
1131 5429 1324 5494 navis;
1353 5433 1407 5481 et
1443 5424 1601 5478 multi
1634 5424 1688 5477 in
1727 5424 2124 5493 irreprehensi-

539 5523 747 5576 liilibus
781 5521 1029 5575 maribus
1065 5519 1229 5589 digne
1253 5519 1526 5570 luctantes
1555 5524 1650 5568 aut
1689 5514 1972 5567 exercitati
2018 5513 2122 5569 visi

538 5622 688 5675 sunt,
715 5612 809 5684 qui
840 5613 1131 5667 occasione
1157 5609 1391 5679 quadam
1419 5607 1525 5663 levi
1557 5617 1610 5660 et
1631 5605 1753 5659 visu
1780 5603 1926 5659 facili
1959 5621 2125 5676 expo-

541 5704 634 5759 siti
671 5704 958 5773 periclitati
986 5710 1115 5756 sunt
1136 5710 1189 5756 et
1216 5716 1245 5754 a
1273 5698 1607 5756 beatitudine
1636 5711 1873 5769 superna
1902 5697 2122 5756 defece-

616 5859 691 5920 (1)
729 5860 865 5916 Cod.
907 5861 1295 5925 ἁναφάναντος.

1879 363 2177 422 NICETAS
2214 364 2425 423 DAVID

3702 362 3808 420 812

2221 483 2376 555 ἱερᾶς
2403 480 2730 554 διακρίσεως
2760 480 2917 552 λόγος
2949 482 3189 536 ἀπαιτεῖ.
3235 482 3322 544 Ὠς
3352 479 3461 553 γὰρ
3495 481 3555 534 οὲ
3585 479 3806 548 6051(6-

2224 593 2385 648 μενον
2424 575 2707 645 φοϐεῖσθαι
2747 575 2874 646 χρὴ,
2914 573 2990 646 μὴ
3032 574 3142 628 τῶν
3172 573 3410 628 ἐπαίνων
3456 571 3673 639 ἀνάξιος
3710 576 3807 630 καὶ

2219 667 2322 738 τῆς
2349 665 2506 739 δόξης
2527 667 2699 739 ὀφθῇς
2719 685 2733 698 ·
2765 667 2908 721 οὕτω
2938 668 3031 721 καὶ
3065 668 3131 721 σὺ
3152 663 3516 736 ἐγκωμιάζων
3541 665 3700 719 ἄλλον
3730 669 3804 736 μὴ

2219 758 2688 830 ἀπληροφορήτως
2736 759 2831 812 καὶ
2875 760 3205 830 προχείρως,
3257 759 3389 828 πρὶν
3433 757 3466 828 ἣ
3520 761 3586 830 τῇ
3640 758 3806 829 πείρᾳ

2220 851 2499 921 διαγνοίης
2521 851 2930 922 ἀκριϐέστερον,
2963 853 3041 914 είς
3067 853 3192 913 τοὺς
3222 851 3479 914 ἐπαίνους
3506 853 3803 921 καταστῇς,

2225 945 2422 1016 μήπως
2454 943 2647 996 τούτου
2697 944 2896 1006 κακίας
2933 943 3168 1014 ἐργάτου
3212 942 3301 996 διὰ
3327 943 3419 996 τοῦ
3449 943 3643 1015 χρόνου
3678 945 3810 997 ἀνα-

2223 1039 2485 1108 φανέντος
2513 1038 2611 1109 (Ι),
2651 1037 2916 1108 αἰσχύνην
2950 1037 3112 1101 αὐτὸς
3133 1037 3395 1108 ὀφλήσῃς,
3424 1037 3501 1100 ὼς
3542 1036 3804 1108 ἀκαίρως,

2223 1130 2258 1185 ἃ.
2291 1131 2390 1183 ούκ
2416 1130 2586 1201 ᾕδεις,
2621 1130 2934 1201 μαρτυρῶν.

2227 1222 2321 1278 101
2367 1219 2578 1286 Κακῶς
2621 1220 2869 1274 ἀκούειν
2912 1219 3203 1289 κρεῖσσον
3249 1218 3288 1288 ἢ
3332 1219 3535 1289 λέγειν
3589 1216 3805 1283 κακῶς.

2293 1311 2580 1365 Δυσιτελεῖ
2628 1310 2827 1382 μᾶλλον
2862 1310 3049 1374 κακῶς
3081 1312 3321 1377 ἀκούειν,
3360 1309 3511 1365 εἶπεν
3556 1313 3585 1364 ὁ
3631 1311 3807 1381 ἆγιος,

2209 1405 2319 1458 καὶ
2345 1403 2704 1475 λοιδορεῖσθαι
2733 1403 2826 1457 καὶ
2855 1405 3343 1474 μωμοσκοπεῖσθαι
3383 1407 3810 1478 συμφορώτατον

2225 1494 2258 1566 ἢ
2298 1494 2479 1558 ἄλλοις
2503 1493 2658 1549 ταῦτ’
2689 1495 3095 1566 ἐπηρεάζεσθαι
3125 1496 3261 1568 πρὸς
3293 1497 3473 1568 ἡμῶν.
3507 1497 3666 1561 Τίνος
3695 1499 3810 1550 ἐνε.

2226 1605 2360 1654 κεν;
2414 1589 2557 1652 Ὅτι,
2587 1589 2636 1641 εἰ
2671 1587 2769 1658 μὲν
2806 1588 2928 1659 είκῆ
2962 1589 3136 1658 πάντη
3175 1590 3267 1642 καὶ
3299 1589 3474 1660 μάτην
3514 1589 3583 1643 δι’
3608 1589 3811 1661 ἀρετὴν

2226 1680 2260 1751 ἢ
2316 1680 2599 1734 εὐσέϐειαν
2643 1684 2756 1744 τοῖς
2813 1681 3066 1735 ἀσεϐέσιν
3124 1681 3638 1753 ἐνδιαϐαλλοίμεθα,
3701 1683 3812 1735 τῶν

2227 1772 2574 1825 Δεσποτικῶν
2605 1774 2822 1836 πάντως
2857 1774 3222 1844 μακαρισμῶν
3267 1777 3360 1828 καὶ
3396 1776 3505 1830 τῶν
3541 1777 3810 1847 οὐρανίων

2230 1861 2438 1932 μισθῶν
2475 1862 2913 1933 καταξιούμεθα·
2967 1866 3015 1916 εί
3061 1864 3118 1918 δὲ
3164 1866 3471 1930 πταίοντες,
3519 1867 3688 1934 ἀξίως
3738 1862 3808 1924 ὧν

2227 1954 2540 2026 πράττομεν
2577 1955 2651 2026 (2)
2681 1955 3072 2026 ὀνειδιζόμεθα,
3101 1959 3196 2012 καὶ
3227 1957 3400 2023 οὕτως
3427 1959 3808 2032 ὠφελούμεθα,

2223 2045 2289 2098 τά
2331 2048 2494 2118 αἴσχη
2541 2051 2659 2111 ταῖς
2693 2048 2917 2120 ὕϐρεσιν
2953 2050 3370 2121 ἀποσμήχοντες
3403 2051 3498 2105 καὶ
3539 2053 3810 2124 πλυνόμε-

2223 2154 2326 2191 νοι.
2358 2137 2559 2202 Κακῶς
2603 2139 2660 2192 δὲ
2701 2139 2951 2208 λέγοντες
2990 2141 3088 2194 καὶ
3118 2144 3230 2204 τοῖς
3260 2141 3428 2206 πέλας
3461 2143 3814 2215 διαλοιδορού-

2228 2247 2399 2300 μενοι,
2433 2233 2482 2284 εί
2530 2232 2627 2302 μὲν
2671 2231 2994 2302 φθονοῦντες
3057 2235 3091 2306 ἢ
3132 2235 3416 2305 μισοῦντες
3461 2236 3569 2290 τῶν
3607 2254 3812 2308 κατορ-

2224 2319 2461 2374 θούντων
2491 2323 2591 2394 τὴν
2619 2323 2842 2395 ἀρετὴν,
2867 2325 3040 2378 ἄθλιοι
3069 2326 3166 2380 καὶ
3193 2328 3533 2399 κατάκριτοι,
3563 2328 3637 2392 ῶς
3655 2346 3812 2394 τινας

2223 2410 2333 2465 τῶν
2367 2413 2582 2484 μικρῶν
2608 2413 2716 2467 τῶν
2760 2416 2934 2486 Ἰησοῦ
2969 2419 3336 2472 πιστευόντων
3365 2420 3812 2485 σκανδαλίζοντες

2225 2502 2600 2576 κριθησόμεθα
2624 2521 2638 2535 ·
2685 2507 2734 2560 εί
2777 2506 2835 2560 δὲ
2865 2509 3374 2580 κακοπραγοῦντας,
3406 2511 3573 2577 ἀξίως
3614 2513 3811 2576 αὐτοὺς

2222 2595 2484 2667 ψέγομεν,
2513 2600 2607 2651 καὶ
2632 2598 2857 2664 δικαίως
2895 2602 3347 2673 ὲπιμεμφόμεθα,
3388 2607 3417 2657 ό
3447 2605 3646 2669 σκοπὸς
3676 2606 3813 2660 πάν-

2222 2704 2332 2752 τως
2359 2689 2464 2741 ὑπὸ
2489 2689 2580 2743 τοῦ
2619 2690 2754 2745 Θεοῦ
2783 2691 3243 2765 διελεγχθήσεται.
3278 2696 3340 2748 Εἰ
3372 2697 3473 2766 μὲν
3505 2695 3635 2750 ὥστ’
3662 2698 3810 2752 ἐκεί·

2224 2798 2337 2843 νοις
2388 2781 2486 2851 μὲν
2532 2781 2620 2835 διὰ
2663 2783 2773 2836 τῶν
2830 2784 3070 2855 ἐλέγχων
3111 2785 3448 2858 διορθώσεως
3489 2788 3673 2841 δοῦναι
3722 2790 3812 2843 καὶ

2229 2873 2518 2943 μετανοίας
2539 2874 2679 2941 ὁδὸν,
2709 2878 2824 2940 τοῖς
2847 2879 2968 2947 μεθ’
2993 2878 3150 2948 ἡμῶν
3185 2879 3241 2932 δὲ
3275 2879 3374 2951 τὴν
3401 2881 3540 2951 πρὸς
3568 2882 3811 2946 ἐκείνους

2223 2963 2503 3018 ἐκκλεῖσαι
2547 2966 2831 3020 κοινωνίαν
2864 2968 2957 3021 τοῦ
2991 2969 3187 3033 κακοῦ,
3219 2971 3504 3025 ἀνεύθυνοι
3537 2972 3717 3036 οὕτως
3747 2974 3811 3026 ἂν

2226 3055 2320 3107 καὶ
2347 3055 2626 3126 ἄμεμπτοι
2659 3056 3012 3130 κριθείημενσ
3066 3062 3115 3114 εί
3163 3061 3229 3128 δ’,
3291 3062 3375 3115 ἵνα
3407 3061 3578 3133 θυμὸν
3615 3061 3813 3131 ἄλογον

2228 3148 2320 3199 καὶ
2349 3151 2504 3218 μῖσος
2529 3148 2956 3222 θεραπεύσωμεν
2976 3153 3216 3224 ἄκριτον,
3239 3153 3672 3224 κακολογοῦμεν,
3697 3155 3814 3218 πῶς

2227 3237 2294 3290 ἂν
2325 3237 2423 3309 τὴν
2457 3240 2556 3311 τῆς
2604 3241 2932 3307 καταλαλιάς
2964 3244 2998 3315 ἢ
3048 3245 3140 3298 τοῦ
3173 3244 3399 3316 πλησίον
3430 3247 3813 3318 κατακρίσεως

2225 3327 2614 3402 διαδράσαιμεν
2640 3331 2738 3404 τὴν
2779 3332 3021 3403 ἐλεγξιν;
3065 3334 3128 3388 Τί
3173 3330 3266 3389 οὗν
3301 3337 3590 3409 ποιητέον;
3639 3338 3816 3392 ’Όταν

2226 3438 2330 3484 τις,
2362 3425 2514 3495 φησὶ,
2565 3425 2816 3500 προϐάλῃ
2855 3426 2976 3480 τινὰ
3028 3427 3137 3482 τῶν
3166 3429 3395 3499 πλησίον
3435 3431 3518 3494 είς
3559 3431 3620 3483 τὸ
3656 3447 3815 3501 κωμυ

2225 3515 2429 3586 ῳδῆσαι
2464 3518 2558 3570 καὶ
2593 3517 3096 3592 διαλοιδορήσασθαι
3151 3521 3287 3592 πρὸς
3317 3523 3378 3575 τὸ
3427 3523 3681 3577 ἐστιάσαι
3724 3525 3816 3578 καὶ

2225 3607 2519 3675 καθηδύναι
2549 3627 2641 3663 σου
2689 3611 2784 3682 τὴν
2824 3612 3012 3683 ἀκοὴν,
3064 3613 3184 3666 τότε
3224 3615 3287 3667 σὺ
3338 3613 3397 3667 τὸ
3428 3614 3522 3667 τοῦ
3571 3614 3810 3686 ἀδελφοῦ

2226 3698 2514 3768 πρόσωπον
2549 3701 2624 3764 ῶς
2652 3701 2878 3755 σεαυτόν
2910 3705 2989 3766 εἰς
3027 3704 3320 3775 κωμῳδίαν
3347 3706 3670 3776 ἐκκείμενον
3701 3708 3817 3762 διαο

2225 3790 2534 3862 νοούμενος,
2567 3794 2664 3846 καὶ
2694 3794 2921 3848 σεαυτὸν
2957 3797 3207 3852 κάκεῖνον
3240 3797 3565 3871 ὠφελήσεις,
3599 3800 3686 3873 τῷ
3718 3800 3816 3870 τῆς

2224 3881 2491 3955 λοιδορίας
2516 3884 2852 3958 δυσχεράνας
2880 3888 3042 3960 λόγῳ.

2227 4061 2330 4117 105
2360 4064 2570 4134 Μηδὲν
2583 4066 2714 4137 μέγ’
2732 4068 2908 4138 εἴπῃς
2932 4071 3213 4126 εὐπλοῶν
3237 4072 3350 4142 πρὸ
3372 4074 3732 4145 πείσματος.

2298 4222 2510 4294 ’Ὠσπερ
2538 4222 2617 4294 τῷ
2651 4225 2967 4280 εύπλοοῦντι
2998 4228 3138 4282 κατά
3163 4229 3456 4298 θάλασσαν,
3479 4235 3526 4286 εί
3547 4235 3642 4288 καὶ
3674 4237 3815 4289 κατὰ

2227 4313 2355 4384 ῥοῦν
2385 4315 2534 4386 αὐτῷ
2581 4317 2962 4372 κατευθύνοιτο
3001 4322 3034 4391 ή
3077 4321 3231 4388 ναῦς,
3273 4323 3470 4396 ἀδήλου
3499 4326 3592 4378 τοῦ
3620 4328 3815 4389 τέλους

2225 4403 2398 4468 ὄντος,
2446 4406 2548 4459 οὐκ
2592 4407 2834 4475 ἀσφαλὲς
2883 4410 2944 4463 τὸ
2993 4412 3372 4483 μεγαλαυχεῖν,
3418 4415 3514 4467 καὶ
3559 4417 3673 4486 πρὸ
3723 4417 3815 4469 τοῦ

2231 4496 2552 4564 πείσματος,
2584 4497 2677 4551 τοῦ
2709 4500 2943 4570 σχοινίου
2967 4519 3039 4572 φη
3050 4503 3110 4572 μὶ
3135 4502 3198 4574 δὴ
3225 4503 3318 4556 τοῦ
3343 4504 3480 4575 πρὸς
3502 4504 3593 4559 τὸν
3613 4505 3817 4577 λιμένα

2228 4588 2289 4641 τὸ
2316 4590 2522 4659 σκάφος
2552 4592 3029 4664 προσορμίζοντος,
3059 4597 3368 4669 μεγαλοῤῥη
3379 4600 3558 4668 μονείν
3582 4600 3646 4652 οὐ
3672 4601 3814 4672 χρή·

2225 4681 2398 4745 οὕτως
2450 4683 2570 4736 οὐδὲ
2628 4684 2718 4738 τὸν
2777 4685 3110 4740 πλουτοῦντα
3157 4689 3298 4743 κατὰ
3345 4690 3545 4762 σάρκα,
3601 4696 3676 4766 τῇ
3724 4693 3818 4747 τοῦ

2226 4772 2463 4826 πλούτου
2492 4774 2573 4827 δεῖ
2605 4776 2923 4830 πεποιθέναι
2963 4778 3269 4850 ἀδηλότητι,
3322 4782 3819 4855 ἐπιλανθανόμενον

2225 4865 2320 4918 τοῦ
2359 4867 2640 4935 λέγοντος’
2673 4868 2837 4931 Τέλος
2879 4869 2982 4940 ὅρα
3027 4872 3240 4943 μακροῦ
3288 4872 3402 4943 βίου
3425 4891 3440 4905 ο
3486 4873 3666 4939 οὕτως
3697 4876 3819 4930 οὐδὲ

2226 4959 2316 5011 τὸν
2341 4961 2397 5012 ἐν
2424 4960 2646 5029 ἀρεταῖς
2675 4960 3092 5032 εύθηνούμενον,
3122 4965 3216 5018 καὶ
3247 4965 3546 5036 χαρίσμασι
3572 4983 3820 5040 πνευμα-

2225 5055 2396 5112 τικοῖς
2419 5053 2792 5123 εὐοδούμενον,
2822 5056 2917 5108 καὶ
2950 5056 3452 5132 ἀναθάλλοντα,πρὸ
3481 5059 3580 5131 τῆς
3601 5063 3693 5126 είς
3731 5064 3821 5116 τὸν

2226 5147 2338 5200 ἄνω
2389 5147 2583 5218 λιμένα
2632 5151 3033 5214 καταπαύσεως
3091 5153 3623 5229 μεγαλορῤημοσύνῃ
3678 5158 3814 5228 χρῆ-

2229 5237 2374 5293 σθαι.
2406 5238 2630 5302 Πολλοῖς
2656 5239 2763 5311 γὰρ
2809 5242 2873 5293 ἐκ
2899 5242 3194 5313 τρικυμίας
3229 5244 3322 5297 κα)⁸
3352 5245 3521 5316 ζάλης
3546 5247 3822 5302 διασεσω-

2228 5329 2446 5400 σμένοις
2470 5331 2562 5384 τοῦ
2593 5333 2882 5402 πελάγους,
2923 5335 3056 5405 πρὸς
3099 5336 3282 5399 αὐτοῖς
3316 5337 3572 5406 ἠγγικόσι
3595 5343 3716 5404 τοῖς
3742 5341 3820 5394 λι-

2230 5420 2405 5489 μέσιν,
2456 5421 2609 5490 ἄφνω
2654 5424 2851 5475 κατέδυ
2879 5424 2939 5476 τὸ
2969 5425 3177 5494 σκάφος
3218 5429 3298 5490 εἰς
3330 5427 3490 5498 βυθόν
3513 5447 3527 5460 ο
3563 5431 3663 5484 καὶ
3701 5433 3820 5486 πολ-

2225 5510 2336 5574 λοῖς
2381 5513 2437 5564 ἐν
2483 5513 2758 5584 ἀμέμπτῳ
2810 5515 2986 5570 δοκεῖν
3039 5518 3287 5590 πολιτείᾳ
3326 5520 3818 5593 ἀγωνιζομένοιςῆ

2225 5603 2615 5674 ἀσκουμένοις,
2666 5605 2724 5672 ἐξ
2776 5608 2954 5671 αἰτίας
2999 5610 3144 5673 τινὸς
3185 5610 3430 5681 ἀφανοῦς
3476 5613 3508 5683 ἢ
3571 5615 3819 5686 φανεράς

2226 5697 2664 5770 προδεδομένοις,
2696 5700 3039 5756 κινδυνεῦσαι
3067 5705 3162 5758 καὶ
3189 5707 3289 5779 τῆς
3333 5707 3448 5764 ἄνω
3483 5707 3800 5780 μακαριότη

2299 5857 2375 5926 (2)
2415 5857 2547 5914 Cod.
2585 5859 2749 5925 ἀξίως
2781 5860 2856 5915 ῶν
2892 5863 3088 5920 ποάττ.
