4164 6350
355 378 459 433 81$

355 509 445 557 τος
476 492 767 546 ἐκπεσεῖν*
813 490 1081 561 ἀσφάλεια
1124 490 1180 545 δὲ
1222 493 1525 565 ἑκατέροις,
1572 497 1683 557 τοῖς
1716 512 1777 547 τε
1833 494 1930 565 τὴν

353 580 621 652 αἰσθητὴν
657 581 882 652 ταυτηνὶ
911 580 1203 647 θάλασσαν,
1231 583 1347 645 τοῖς
1369 600 1429 635 τε
1463 583 1563 654 τὴν
1594 584 1792 654 νοητὴν
1824 582 1938 635 δια-

356 671 591 741 περῶσι,
640 672 759 743 μία,
806 672 869 725 τὸ
911 671 1193 740 φοϐεῖσθαι
1237 672 1325 725 ἀεὶ
1358 673 1453 726 xui
1496 674 1782 745 προσέχειν
1823 675 1940 726 ἐαυ-

355 769 489 831 τοίς,
540 767 617 830 ὡς
670 768 807 837 μήτε
853 769 965 829 τοῖς
1014 765 1156 819 κατὰ
1202 765 1382 837 σάρκα
1431 767 1797 820 κινδυνεύουσι
1839 768 1937 831 τὰς

359 858 530 928 τύχας
575 857 876 921 ὀνειδίζειν,
929 858 1065 928 μήτε
1098 860 1211 919 τοῖς
1237 858 1378 910 κατά
1405 859 1630 929 Πνεῦμα
1664 859 1757 911 τοῦ
1802 858 1935 911 Θεοῦ

364 951 765 1022 ἁμαρτάνουσιν
786 951 879 1003 xui
899 949 1296 1003 ἀποπίπτουσιν
1315 951 1753 1020 ὲπιχαιρεκάκως
1777 953 1872 1003 ὲπε
1881 970 1938 1021 μ-

361 1043 570 1096 6αίνειν
616 1058 677 1094 τε
725 1042 821 1094 xui
863 1039 1233 1111 κατακρίνειν,
1278 1039 1415 1093 ἀλλὰ
1458 1042 1580 1104 ταῖς
1629 1040 1937 1111 δυστυχίαις

359 1134 469 1188 τῶν
504 1134 675 1196 πέλας
704 1133 798 1186 xui
831 1136 951 1196 ταῖς
989 1135 1296 1203 συμφοραῖς
1322 1132 1627 1204 τρέμοντας
1664 1132 1759 1187 xui
1784 1132 1936 1203 φρίσ-

362 1242 554 1286 σοντας
584 1224 809 1287 ἑαυτοὺς
836 1224 1354 1294 κατασφαλίζεσθαι.

362 1357 461 1413 109
501 1357 800 1426 Κρεῖσσον
831 1358 1029 1425 καλῶς
1054 1358 1332 1424 βιοῦντα,
1367 1377 1420 1413 κ.
1453 1376 1503 1413 τ.
1538 1361 1588 1413 λ.

432 1471 678 1524 ¹Ἤκουσα
702 1471 883 1535 καλῶς
915 1472 1171 1541 βιούντων
1194 1473 1289 1525 καὶ
1312 1473 1478 1536 ἀξίως
1506 1473 1933 1544 πολιτευομένων

357 1562 494 1617 Θεοῦ
528 1564 822 1635 προφητῶν
861 1566 955 1619 xui
982 1564 1192 1619 πολλῶν
1216 1566 1385 1634 ἁγίων
1421 1566 1563 1637 ὑπέρ
1590 1583 1651 1619 τε
1677 1566 1776 1635 τῆς
1816 1567 1935 1619 ἑαυ-

358 1654 467 1709 τῶν
518 1656 792 1726 πτωχείας
833 1658 927 1710 xui
971 1657 1369 1728 ταλαιπωρίας,
1393 1658 1534 1730 ὑπέρ
1578 1676 1639 1711 τε
1686 1662 1786 1729 τῆς
1826 1658 1934 1712 τῶν

357 1746 604 1815 πενήτων
637 1746 1091 1811 καταδυναστείας
1140 1750 1233 1801 xui
1273 1749 1524 1819 θλίψεως,
1576 1744 1643 1820 ἧς
1690 1750 1795 1801 ὑπὸ
1823 1748 1934 1801 τῶν

356 1835 686 1890 ἀδικούντων
718 1838 915 1901 αὐτοὺς
961 1839 1310 1909 ὑπομένουσι,
1356 1840 1805 1911 διαπονουμένους
1852 1842 1932 1893 ὅτι

358 1927 613 1998 μάλιστα,
642 1930 735 1983 xui
759 1931 1285 1999 ἀποδυσπετοῦντας,
1316 1935 1408 1987 xui
1428 1933 1526 2003 τῆς
1553 1933 1934 2005 μακροθυμίας

354 2017 489 2069 Θεοῦ
539 2018 1085 2087 καταγογγύζονταςο
1142 2020 1363 2092 ἑώρακα
1408 2021 1466 2075 δὲ
1522 2022 1713 2085 ἄλλους
1769 2024 1934 2075 πᾶσιν

354 2108 843 2179 ὲνευθηνουμένους
906 2110 1000 2164 τοῦ
1069 2111 1185 2181 βίου
1240 2113 1336 2165 καὶ
1398 2111 1934 2174 κατασπαταλῶντας

354 2201 596 2269 ἀγαθοῖς,
627 2201 778 2257 οὐδὲν
799 2202 855 2254 δὲ
876 2202 1075 2273 ἀρετῆς
1101 2204 1132 2274 ἢ
1164 2204 1575 2275 εὐαρεστήσεως
1596 2203 1746 2270 ἀξιον
1773 2221 1934 2258 κατα-

355 2293 762 2363 πραττομὲνους
793 2293 888 2347 τοῦ
917 2294 1074 2359 Θεοῦ,
1113 2295 1252 2368 πλὴν
1279 2299 1336 2350 ὲν
1365 2298 1528 2351 παντὶ
1557 2296 1932 2368 εὐχαριστοῦν-

355 2402 454 2449 τας
499 2386 594 2439 xui
638 2385 1160 2458 ὲξομολογουμένους
1204 2387 1284 2459 τῷ
1325 2389 1537 2460 Κυρίῳ,
1560 2390 1688 2443 ὅταν
1737 2387 1938 2456 ἀγαθύ-

355 2494 574 2530 νωνται.
622 2480 891 2549 Κρεῖσσον
938 2474 1031 2533 οῦν
1068 2482 1114 2551 (ὁ
1159 2481 1258 2551 τῆς
1291 2481 1623 2551 διακρίσεως-
1665 2479 1938 2548 ἀπεφθέγ-

357 2568 484 2633 ξατο
505 2572 773 2643 φωστὴρ),
796 2572 973 2637 καλῶς
1000 2573 1094 2626 xui
1119 2574 1472 2646 ἀγιοπρεπῶς
1497 2572 1933 2643 πολιτευόμενον,

357 2658 455 2711 xui.
493 2659 593 2732 βίῳ
628 2661 845 2734 ἀμώμῳ
890 2663 1278 2732 πορευόμενον,
1316 2664 1509 2735 μικρόν
1535 2681 1587 2716 τι
1630 2662 1937 2735 παρρησιά-

358 2751 546 2814 ζεσθαι
587 2752 676 2805 διὰ
707 2753 806 2825 τὴν
838 2754 1083 2825 πύρωσιν
1127 2755 1235 2810 τῶν
1270 2756 1523 2825 θλίψεων,
1559 2756 1654 2809 xui
1696 2754 1930 2825 μετρίως

358 2857 474 2903 πως
502 2842 594 2894 ἐπὶ
625 2844 736 2906 τοῖς
771 2844 1001 2916 κρίμασι
1031 2845 1124 2897 τοῦ
1160 2845 1293 2898 Θεοῦ
1320 2844 1715 2914 διαγογγύζειν,
1747 2843 1780 2914 ἦ
1817 2844 1930 2901 τοῖς

356 2928 539 2999 ἔργοις
569 2935 670 3004 τῆς
713 2934 983 3004 ἀκρασίας
1019 2934 1113 2989 xui
1164 2934 1474 2999 πλεονεξίας
1515 2937 1608 2988 xui
1644 2931 1930 3000 ἀσελγείας

1348 374 1415 429 ΙΝ
1462 372 1770 431 CARlllNA.
1808 372 2091 435 ΑΒΕΔ-ΝΑ
2157 377 2216 430 8.
2295 376 2641 435 CREGOR".

3509 391 3608 446 8H

2042 502 2187 548 runt.
2232 494 2485 567 Utrisque
2524 507 2766 554 tutamen
2797 510 2915 567 est,
2952 510 3007 558 et
3042 504 3109 561 iis
3143 506 3236 576 qui
3270 505 3526 563 sensibile
3557 519 3613 565 et

2041 584 2110 639 iis
2137 585 2231 654 qui
2264 587 2549 669 Spirituale
2588 596 2928 645 transmeant
2977 597 3357 660 mare,timere
3396 614 3616 669 semper

2041 686 2095 731 et
2124 678 2228 732 sibi
2267 676 2714 749 circumspicere,
2736 682 2933 737 exinde
2965 700 3065 738 nec
3093 688 3531 755 periclitantibus
3557 691 3612 745 in

2039 780 2203 821 carne
2226 782 2389 823 casus
2421 772 2775 837 exprobrare,
2809 787 2910 827 nec
2940 774 3204 830 adversus
3228 776 3488 845 Spiritum
3521 781 3612 833 Dei

2041 861 2392 926 peccantibus
2440 869 2494 915 et
2527 862 3107 936 cadentibusimprobe
3144 867 3316 924 laetari
3352 879 3405 922 et
3438 870 3615 925 insul-

2039 956 2156 1003 tare
2190 952 2579 1018 accusatione;
2616 953 2710 1007 sed
2744 954 2811 1008 de
2850 954 3256 1013 calamitatibus
3291 961 3524 1029 proximi
3560 970 3617 1015 et

2040 1037 2361 1095 infortuniis
2397 1050 2707 1099 metuentes
2738 1055 2792 1100 et
2823 1046 3083 1103 timentes
3113 1064 3213 1105 nos
3257 1048 3310 1103 in
3349 1058 3466 1105 tuto
3500 1059 3616 1104 sta-
3700 1102 3701 1105 η

2040 1135 2193 1183 tuere
2226 1141 2459 1199 oportet.

2040 1345 2141 1402 109
2180 1347 2415 1403 Ρνωδιαι
2456 1350 2579 1406 bene
2616 1354 2883 1410 viventem.

2105 1460 2304 1514 Audivi
2350 1464 2485 1518 bene
2527 1466 2775 1523 viventes
2806 1478 2857 1521 et
2893 1468 3054 1540 digne
3088 1479 3313 1539 agentes
3345 1472 3439 1528 Dei
3488 1490 3615 1544 pro-

2036 1553 2229 1623 phetas
2264 1566 2316 1608 et
2348 1566 2569 1611 sanctos
2601 1560 2799 1615 multos
2833 1563 2899 1615 de
2929 1571 3247 1633 paupertate
3290 1573 3343 1619 et
3389 1568 3614 1623 miseria

2036 1645 2294 1714 pr0pria,
2340 1656 2395 1701 et
2439 1648 2506 1702 de
2558 1665 2856 1718 pauperum
2894 1656 3252 1723 oppressione
3287 1665 3342 1711 et
3380 1659 3611 1712 tribula.

2036 1740 2188 1793 tione
2218 1754 2339 1809 quae
2365 1741 2433 1794 ab
2469 1742 2691 1809 injustis
2728 1747 3195 1815 sustinent,quam
3233 1751 3467 1805 maxime
3502 1753 3613 1806 las.

2038 1839 2189 1885 satos
2219 1832 2420 1900 aegrius
2450 1832 2686 1889 ferentes
2719 1846 2773 1890 et
2807 1837 2874 1891 de
2899 1839 3307 1908 longanimitate
3344 1841 3438 1897 Dei
3467 1860 3614 1898 mur-

2040 1929 2343 1978 murantes.
2375 1923 2494 1978 Vidi
2520 1934 2576 1980 et
2607 1927 2744 1980 alios
2773 1928 3027 1983 omnibus
3054 1930 3109 1983 in
3134 1932 3242 1985 vita
3274 1932 3615 1988 abundantes

2037 2022 2093 2067 et
2118 2013 2278 2069 bonis
2310 2015 2605 2083 eﬂ'ocatos,
2638 2019 2773 2071 nihil
2803 2035 2933 2074 vero
2962 2021 3163 2077 virtute
3189 2032 3243 2078 et
3270 2023 3614 2095 beneplacito

2040 2101 2133 2157 Dei
2164 2103 2389 2173 dignum
2428 2104 2695 2162 facientes
2729 2109 2834 2162 nisi
2867 2110 3011 2178 quod
3044 2110 3098 2164 in
3131 2113 3281 2166 omni
3319 2128 3376 2168 re
3412 2117 3614 2184 gratias

2037 2206 2204 2264 agunt
2231 2206 2284 2250 et
2318 2198 2505 2252 Iaudes
2542 2198 2801 2259 Domino.
2850 2216 2972 2254 cum
3028 2205 3382 2259 cumulantur
3430 2207 3609 2264 bonis.

2035 2284 2229 2341 Melius
2260 2302 2390 2357 ergo
2410 2329 2425 2353 ,
2459 2289 2593 2343 dicit
2616 2290 2806 2358 judicii
2833 2294 2953 2358 lux,
2981 2295 3185 2363 optime
3214 2304 3268 2350 et
3293 2297 3453 2367 digne
3482 2315 3614 2353 san-

2036 2378 2142 2433 ctis
2193 2379 2465 2434 viventem
2513 2391 2570 2436 et
2614 2383 3131 2452 irreprehensihiles
3173 2386 3291 2443 dies
3327 2388 3613 2460 degentem

2033 2476 2240 2523 temere
2287 2471 2570 2540 paululum
2624 2488 2914 2544 erumpere
2966 2485 3190 2546 propter
3236 2479 3615 2538 tribulationis

2032 2567 2228 2614 :estum
2259 2571 2463 2616 etcum
2496 2564 2873 2621 moderatione
2913 2568 3150 2637 quadam
3177 2570 3244 2626 de
3272 2570 3366 2625 Dei
3392 2572 3614 2641 judiciis

2035 2665 2385 2709 murmurare
2405 2695 2420 2720 ,
2457 2670 2620 2724 quam
2650 2656 2910 2728 operibus
2940 2658 3376 2728 intemperantiae
3414 2668 3468 2715 et
3497 2676 3612 2715 am-

2037 2742 2263 2799 bitionis
2315 2754 2369 2801 et
2402 2747 2642 2803 lasciviae
2674 2750 2854 2805 omnis
2885 2751 3268 2809 incumbentes
3316 2764 3373 2808 et
3417 2769 3476 2809 se
3515 2754 3613 2809 (ἰε-

2037 2836 2339 2899 lectantes,
2392 2854 2586 2909 ptenas
2629 2841 2685 2896 in
2735 2842 2823 2897 die
2864 2842 3057 2912 judicii
3092 2843 3259 2917 dare,
3299 2845 3425 2902 licet
3477 2848 3614 2903 nihil

2038 2927 2414 2984 irrationabile
2444 2940 2701 3001 operatos
2736 2932 2908 2989 fuisse
2940 2934 3296 2990 arbitrentur.

356 3027 537 3096 πάσης
576 3028 935 3099 σχολάζοντας
984 3031 1081 3083 xui
1123 3029 1412 3093 θάλλοντας
1434 3071 1449 3097 ,
1483 3031 1639 3095 δίκας
1671 3031 1728 3083 ὲν
1764 3026 1952 3099 ἡμέρᾳ.
2000 3022 2234 3091 κρίσεως
2264 3025 2647 3092 ἀποτιννύναι,
2679 3028 2728 3079 εί
2768 3028 2859 3081 καὶ
2892 3028 3055 3099 μηδὲν
3098 3028 3305 3098 ἀλόγως
3346 3030 3613 3100 νομίζοιεν

356 3117 705 3187 ἐργάζεσθαι.

356 3233 460 3287 115
496 3234 691 3302 Πρόου
720 3235 794 3289 τὰ
818 3238 1019 3292 πάντα
1048 3238 1148 3292 καί
1184 3238 1332 3292 Θεὸν
1361 3237 1580 3305 κτῆσαι
1614 3238 1824 3306 μόνον.

423 3346 587 3415 Τρεῖς
614 3346 794 3412 τάξεις
821 3350 928 3403 τῶν
955 3350 1048 3403 ἐπὶ
1077 3350 1152 3421 τῷ
1179 3349 1476 3420 σωματικῷ
1499 3350 1713 3421 πλούτῳ
1740 3351 1832 3403 xui
1859 3352 1923 3421 τῇ

351 3435 465 3489 τῶν
496 3437 793 3508 χρημάτων
826 3440 1109 3511 οἰκονομίᾳ
1157 3440 1599 3510 δοκιμαζομένων
1643 3443 1672 3494 ὁ
1716 3440 1931 3511 θαυμά-

358 3544 472 3591 σιος
517 3530 849 3584 ἐπιδείκνυσι
888 3532 1219 3603 Γρηγόριος·
1273 3531 1497 3603 πρώτην
1546 3533 1663 3603 μὲν,
1711 3533 1805 3586 καὶ
1842 3549 1929 3584 τε-

354 3619 526 3683 λείαν,
560 3620 653 3672 xui
687 3622 912 3686 τελείοις
950 3624 1351 3694 προσήκουσαν,
1378 3623 1436 3676 τὸ
1463 3625 1641 3677 πάντα
1667 3624 1928 3695 προέσθαι

357 3714 451 3770 καὶ
501 3714 825 3783 προπέμψαι
875 3713 944 3767 τὰ
986 3716 1256 3785 προσόντα
1300 3714 1417 3784 Θεῷ
1450 3714 1539 3768 διὰ
1572 3717 1804 3787 Χριστὸν
1838 3718 1931 3770 xui.

354 3809 454 3880 τὴν
485 3807 725 3878 ἐντολὴν,
756 3805 898 3859 ὥστε
944 3804 1132 3859 τοῦτον
1175 3806 1621 3876 κατακτήσασθαι
1664 3808 1758 3859 xui.
1782 3806 1931 3877 αὐτῷ

362 3903 507 3973 μόνῳ
556 3899 812 3970 καθαρῶς
860 3896 991 3969 ζῇν-
1035 3897 1289 3968 ἀλλότρια
1318 3898 1426 3968 γὰρ
1454 3898 1520 3951 τά
1565 3915 1627 3950 τε
1671 3900 1931 3969 χρήματα

358 3995 450 4048 xui
496 3996 774 4063 κτήματα,
822 3991 898 4055 ὡς
943 3989 1143 4054 ἔξωθεν
1193 3989 1350 4060 ἡμῶν
1393 3990 1485 4044 καὶ
1535 3990 1632 4059 οὐχ
1689 3991 1931 4061 ἡμέτερα

356 4081 545 4153 ῶσπερ
578 4082 636 4134 τὸ
665 4080 846 4152 σῶμα,
881 4079 1017 4134 ἀλλὰ
1047 4080 1174 4151 περὶ
1204 4080 1354 4151 ἡμᾶς
1380 4080 1528 4144 ὄντα,
1560 4074 1633 4133 ὧν
1660 4082 1933 4149 οἰκονόμοι

356 4172 450 4225 xui
498 4170 753 4242 μερισταὶ
799 4168 1219 4240 καθεστήκαμεν
1264 4171 1454 4240 ἡμεῖς·
1507 4170 1788 4224 κάλλιστον
1835 4171 1933 4240 μὲν

355 4258 470 4328 οῦν,
526 4262 619 4315 καὶ
673 4261 1101 4331 θεοφιλέστατον,
1137 4260 1231 4313 xui
1272 4260 1495 4325 τέλειον,
1547 4260 1762 4315 ἅπαντα
1808 4278 1933 4331 προ-

355 4353 544 4416 δόντας
578 4351 771 4414 ταῦτα,
812 4351 958 4421 μόνῳ
983 4351 1230 4403 πλουτεῖν
1258 4350 1350 4403 xui
1373 4349 1799 4421 ἀπερισπάστως
1831 4349 1931 4421 ζῇν

355 4443 433 4513 τῷ
474 4442 613 4513 Θεῷ.
646 4442 887 4513 Δευτέρα
909 4442 965 4494 δὲ
987 4441 1160 4505 τάξις,
1183 4440 1250 4493 τὰ
1279 4440 1447 4493 πλείω
1474 4440 1656 4494 δοῦναι
1690 4441 1784 4495 xui
1809 4441 1932 4494 καλ-

355 4533 474 4598 λίω,
526 4533 595 4586 τὰ
643 4533 851 4589 ἐλάττω
898 4533 954 4584 δὲ
1004 4533 1098 4584 xui
1132 4532 1301 4601 χείρω
1335 4535 1453 4595 ταῖς
1494 4530 1687 4586 ἑαυτοῦ
1722 4530 1932 4603 χρείαις

358 4623 819 4695 προσπορίζεσθαι
867 4624 961 4678 καὶ
996 4623 1156 4676 τοῦτο
1219 4625 1539 4676 ἐπαινετόν
1600 4624 1821 4686 εὐσεϐὲς
1869 4623 1927 4676 δὲ

356 4718 452 4769 xui.
507 4711 669 4787 ἦττον
719 4713 1150 4785 φιλανθρώπινον
1202 4716 1307 4769 κάν
1356 4717 1469 4777 τοῖς
1526 4713 1932 4784 περιττεύουσιν

355 4804 617 4867 εὐσεϐεῖν,
653 4804 747 4857 xui
783 4802 880 4872 τὴν
914 4804 1258 4874 χρηστότητα
1293 4803 1447 4875 δρᾷν,
1484 4803 1577 4855 xui.
1610 4802 1669 4855 τὸ
1709 4802 1935 4872 μεγαλό-

354 4896 525 4966 ψυχον
562 4894 773 4956 τούτοις
808 4893 1214 4948 ἐπιδείκνυσθαι
1238 4911 1252 4927 ο
1288 4892 1348 4945 τὺ
1373 4893 1427 4946 δὲ
1466 4894 1567 4946 κάν
1607 4896 1719 4956 τοῖς
1756 4910 1934 4964 περιτ-

354 4990 468 5050 τοῖς
502 4984 760 5056 φειδωλὸν
794 4979 934 5036 εἶναι
965 4985 1058 5039 xui
1079 4984 1322 5055 γνίφωνα
1352 4984 1447 5036 xui
1485 4982 1837 5052 μικρόψυχον,
1860 4980 1934 5045 ὡς

354 5077 436 5139 είς
482 5075 683 5149 χρυσὸν
717 5074 861 5129 αὐτὰ
889 5074 1213 5144 διαμείὸειν,
1252 5075 1348 5128 xui
1394 5074 1818 5142 καταχωννύειν,
1860 5072 1934 5134 ὡς

354 5165 475 5219 λίαν
520 5165 737 5230 ἀσεὸὲς,
788 5164 882 5219 xui
928 5164 1370 5235 ἀπανθρῶπινον,
1412 5166 1505 5218 xui
1542 5164 1700 5235 ἔργον
1730 5163 1936 5217 εἰδωλο-

354 5254 629 5326 λατρείας,
678 5254 821 5308 κατὰ
865 5256 956 5309 τὸν
995 5254 1347 5321 Ἀπόστολον,
1390 5256 1481 5307 xui
1518 5256 1618 5325 τῆς
1665 5255 1758 5307 τοῦ
1798 5254 1933 5307 Θεοῦ

356 5347 634 5417 βασιλείας
664 5347 976 5418 ἀλλοτριοῦν
1009 5344 1341 5399 ἱκανώτατον
1373 5346 1455 5411 ὃν,
1489 5345 1931 5417 παρεσιῶπησεν.

358 5460 458 5514 117
486 5461 693 5514 Καλόν
719 5477 775 5513 τι
806 5459 1009 5527 σητῶν
1037 5457 1307 5526 ἁρπάσαι
1339 5457 1437 5510 καὶ
1472 5458 1577 5511 τοῦ
1612 5459 1858 5526 φθόνου.

425 5636 598 5689 Τοῦτο
624 5636 791 5689 καλὸν
817 5635 911 5689 xui
932 5634 1040 5688 τῶν
1069 5633 1250 5686 καλῶν
1276 5634 1583 5697 κάλλιστον,
1614 5633 1720 5688 τῶν
1745 5651 1803 5686 τε
1835 5651 1930 5704 ση-

354 5728 460 5783 τῶν
483 5727 827 5798 ὑφαρπάζειν
844 5727 934 5779 τὸν
967 5726 1194 5779 πλοῦτον
1224 5726 1318 5779 xui
1354 5725 1446 5778 τοῦ
1483 5726 1709 5794 φθόνου,
1737 5728 1825 5795 ὑφ’
1853 5721 1928 5779 ὧν

351 5824 560 5885 ἐκεῖνος
573 5823 782 5894 πέφυκε
800 5822 1205 5897 διαφθείρεσθαι
1233 5822 1325 5879 καὶ
1344 5821 1620 5878 ὃλλυσθαιο
1645 5821 1924 5893 φθείρεται

2040 3232 2143 3286 “5
2175 3231 2389 3300 Projice
2419 3231 2597 3283 omnia
2629 3239 2680 3283 et
2714 3232 2883 3285 Deum
2911 3233 3125 3299 posside
3159 3235 3351 3289 solum.

2109 3343 2245 3399 Tres
2291 3358 2426 3399 usus
2472 3358 2655 3397 rerum
2701 3359 2823 3414 quae
2880 3344 2933 3399 in
2982 3345 3188 3403 divitiis
3240 3351 3614 3420 corporalibus

2031 3446 2085 3491 et
2130 3437 2404 3490 bonorum
2458 3434 2872 3505 dispensatione
2917 3439 3279 3501 aestimantur,
3333 3443 3615 3497 mirandus

2033 3527 2277 3583 ostendit
2326 3526 2647 3597 Gregorius.
2701 3526 2922 3581 Primus
2969 3539 3022 3583 et
3068 3530 3342 3599 perfectus
3386 3546 3440 3587 et
3485 3550 3612 3603 per-

2030 3618 2187 3673 fectis
2222 3625 2514 3683 assuetus,
2551 3618 2736 3671 omnia
2770 3618 3039 3688 projicere
3071 3629 3128 3675 et
3162 3622 3476 3692 relinquere
3522 3640 3612 3679 su-

2030 3708 2239 3780 perﬂua
2290 3717 2513 3779 pr0pter
2559 3709 2838 3763 Christum
2873 3718 2927 3765 et
2962 3711 3277 3765 mandatum
3330 3715 3486 3783 ejus,
3535 3716 3609 3769 ita

2032 3810 2094 3855 ιιι
2121 3816 2246 3856 eum
2291 3800 2675 3870 possideamus
2730 3811 2781 3856 et
2832 3802 2935 3872 ipsi
2988 3804 3089 3859 soli
3137 3820 3271 3873 pure
3319 3807 3608 3871 vivamus;

2033 3893 2209 3946 aliena
2235 3892 2381 3947 enim
2411 3904 2464 3946 et
2492 3892 2634 3945 bona
2657 3901 2711 3946 et
2737 3906 2994 3961 possessa
3016 3895 3175 3961 quasi
3198 3893 3358 3949 nobis
3384 3903 3610 3949 externa

2034 3992 2089 4038 et
2118 3999 2228 4038 non
2264 3992 2451 4037 nostra
2485 3984 2629 4037 sicut
2658 3998 2888 4053 corpus,
2918 3983 3013 4039 sed
3048 3984 3193 4039 circa
3229 4000 3331 4041 nos
3364 3996 3609 4047 versata.

2034 4090 2271 4145 quorum
2298 4075 2779 4130 administratores
2807 4084 2863 4130 et
2894 4075 3297 4144 dispensatores
3327 4079 3610 4133 constituti

2035 4182 2245 4222 sumus.
2282 4165 2558 4235 Optimum
2589 4176 2673 4220 est
2703 4181 2834 4235 ergo
2865 4175 2919 4221 et
2952 4165 3063 4221 Deo
3093 4167 3351 4237 placitum
3385 4179 3440 4223 et
3484 4183 3611 4238 per—-

2031 4261 2270 4321 fectum,
2318 4259 2575 4313 omnibus
2618 4259 2738 4313 istis
2784 4259 3049 4328 abjectis,
3095 4260 3197 4313 soli
3233 4258 3345 4315 Deo
3391 4262 3611 4319 divitem

2035 4369 2162 4409 esse
2201 4363 2255 4406 et
2293 4352 2522 4406 ﬁrmiter
2553 4352 2756 4406 vivere.
2802 4351 3092 4408 Secundus
3124 4368 3258 4407 usus
3292 4354 3449 4422 plura
3481 4352 3613 4406 dare

2032 4453 2085 4499 et
2119 4444 2466 4513 pulchriora,
2500 4452 2554 4497 et
2583 4445 2799 4498 minora
2846 4443 3145 4515 pejoraque
3187 4445 3612 4500 necessitatibus

2037 4532 2152 4587 suis
2182 4533 2287 4587 sibi
2315 4534 2551 4587 retinere
2572 4573 2586 4595 ,
2617 4533 2723 4587 hoc
2752 4542 2805 4587 et
2834 4533 3125 4587 laudabile.
3158 4531 3314 4591 Pium
3351 4544 3528 4588 autem
3558 4544 3614 4589 et

2038 4625 2223 4680 minus
2254 4640 2382 4694 erga
2432 4624 2685 4679 homines
2732 4625 3035 4679 beneﬁcum
3079 4626 3145 4684 de
3189 4625 3480 4695 superﬂuis
3524 4628 3612 4696 pie

2032 4728 2192 4782 agere
2240 4724 2293 4767 et
2337 4713 2775 4768 misericordiam
2826 4714 3044 4783 operari
3097 4721 3149 4771 et
3204 4716 3609 4784 magnanimum

2034 4821 2092 4859 se
2119 4804 2427 4860 ostendere.
2461 4803 2562 4859 Sed
2593 4806 2660 4859 de
2686 4804 2978 4873 superﬂuis
3006 4821 3235 4875 parcum
3263 4821 3385 4860 esse
3406 4817 3459 4859 et
3483 4821 3612 4861 ava-

2034 4914 2153 4952 rum
2186 4906 2244 4952 et
2286 4896 2469 4952 tenuis
2515 4897 2715 4961 animi,
2746 4896 2820 4950 ita
2851 4906 2911 4950 ut
2938 4896 3030 4950 illa
3061 4896 3115 4949 in
3148 4911 3341 4950 aurum
3393 4904 3611 4950 muten-

2034 4996 2123 5041 tur
2150 4996 2205 5041 et
2240 4986 2931 5056 abstrudantur,tanquam
2968 4988 3132 5041 nimis
3172 4987 3399 5056 impium
3423 4997 3476 5041 et
3511 4991 3612 5041 lili-

2035 5078 2282 5132 manitati
2309 5079 2623 5148 oppositum
2653 5088 2706 5133 et
2744 5078 3062 5132 idololatriae
3089 5094 3248 5147 opus,
3270 5078 3426 5149 juxta
3464 5081 3611 5149 Apo-

2034 5174 2236 5228 stolum
2269 5184 2324 5227 et
2351 5174 2507 5227 valde
2538 5183 2723 5242 aptum
2758 5174 2825 5226 ad
2856 5171 3201 5228 alienandum
3230 5188 3260 5227 a
3287 5172 3380 5226 Dei
3413 5188 3609 5243 regno,

2035 5266 2136 5320 sub
2167 5265 2390 5321 silentio
2423 5265 2792 5333 praetermisit.

2044 5462 2142 5516 H7
2186 5460 2519 5517 Prwclarum
2553 5471 2631 5514 est
2665 5462 2870 5531 ahquid
2903 5462 3157 5515 vermibus
3189 5470 3238 5516 et
3269 5463 3481 5602 invildia:
3509 5479 3611 5515 ert-

3399 5548 3536 5598 pere.

3399 5548 3536 5598 pere.

2108 5641 2400 5696 Pulchrum
2455 5642 2587 5696 illud
2646 5651 2700 5697 et
2766 5643 3118 5713 pulchrorum
3178 5643 3607 5711 pulcherrimum

2035 5732 2305 5786 vermium
2341 5732 2627 5802 subripere
2676 5734 2897 5789 divitias
2946 5742 2999 5788 et
3048 5733 3300 5797 invidiae,
3349 5750 3444 5803 per
3488 5750 3611 5804 qua}

2037 5825 2360 5882 naturaliter
2389 5825 2591 5885 divitiie
2624 5832 3050 5898 corrumpuntur
3091 5836 3144 5882 et
3173 5836 3419 5896 pereunt.
3467 5828 3609 5887 (Jor-
