4108 6376
563 414 670 473 815

564 542 900 605 rumpuntur
947 548 1044 605 per
1098 531 1347 598 vermes,
1396 544 1740 602 quaecunque
1789 529 2043 585 mortalia
2093 538 2148 586 et

567 626 943 698 putrescibilia
991 634 1042 680 et
1092 622 1473 694 corruptibilia
1500 666 1515 689 ,
1566 637 1664 693 per
1704 620 1972 677 invidiam
2018 636 2153 677 vero

566 718 904 789 diripiuntur
930 726 986 772 et
1016 723 1252 787 pereunt
1280 729 1475 769 aurum
1510 724 1566 770 et
1597 722 1883 785 argentum
1917 722 1971 770 et
1998 728 2152 784 quat-

563 826 781 881 cunque
809 809 1132 864 naturaliter
1157 808 1245 863 vix
1274 796 1727 878 corrumpuntur.
1751 805 1960 860 Bonum
1986 804 2151 876 igitur

562 901 864 973 praevenire
920 899 1142 954 Christo
1200 897 1556 963 fenerantem,
1597 903 1654 951 et
1712 895 1894 966 ipsum
1960 894 2148 964 potius

562 994 862 1049 debitorem
921 990 1122 1046 habere
1177 988 1398 1061 expedit
1456 988 1629 1059 magis
1696 1001 1863 1058 quam
1949 1000 2144 1041 omnes

560 1085 752 1142 mundi
804 1084 1024 1140 divitias
1080 1083 1458 1155 possidentem
1531 1079 1723 1137 videri.
1768 1078 2023 1135 Christus
2068 1078 2148 1134 sic

561 1177 848 1250 magniﬁce
894 1174 1236 1232 feneratores
1290 1189 1422 1229 suos
1469 1186 1828 1227 remunerare
1863 1171 2053 1235 novit,
2085 1181 2150 1224 ut

561 1280 615 1325 et
647 1270 910 1325 caelorum
943 1282 1173 1337 regnum
1221 1266 1334 1320 illis
1384 1266 1479 1336 qui
1530 1279 1653 1320 eum
1696 1264 1802 1318 ﬁde
1842 1261 2148 1333 fragmento

562 1362 722 1432 panis
755 1360 1094 1415 Salvatorem
1129 1358 1424 1423 nutriunt,
1480 1355 1795 1422 retribuat;
1842 1368 1945 1409 nec
1990 1368 2147 1425 aqua;

558 1452 771 1523 frigidae
799 1461 987 1522 potum
1021 1450 1142 1504 sine
1176 1449 1429 1503 mercede
1462 1462 1588 1503 esse
1623 1448 1766 1517 apud
1798 1446 1979 1516 ipsum
2012 1460 2146 1501 con-

560 1540 840 1596 ﬁdentiam
870 1539 968 1594 tibi
1001 1538 1191 1593 afferat
1218 1536 1384 1593 vidua
1430 1537 1501 1592 ob
1539 1537 1648 1592 duo
1691 1536 1852 1592 obola
1874 1577 1890 1602 ,
1922 1552 2045 1607 quae
2088 1537 2144 1592 in

562 1632 881 1686 thesaurum
910 1627 1331 1696 misit,laudata.
1371 1626 1661 1693 Quomodo
1709 1627 1893 1698 igitur,
1928 1627 2141 1696 inquit,

559 1722 932 1778 fenerabimur
955 1720 1176 1778 Christo
1202 1728 1257 1776 et
1281 1719 1395 1775 Deo
1415 1728 1470 1774 et
1496 1719 1699 1774 nullius
1723 1717 1984 1790 indigenti
2006 1726 2060 1774 et
2087 1718 2142 1773 in

559 1813 716 1869 caelis
747 1813 814 1867 ad
848 1814 1133 1868 dexteram
1164 1810 1342 1868 Patris
1387 1810 1646 1867 sedenti“!
1689 1808 2007 1876 Christum,
2053 1825 2141 1865 re-

557 1905 794 1976 spondet
831 1903 930 1958 tibi
970 1903 1284 1973 theologice
1312 1902 1381 1957 de
1413 1916 1479 1957 eo
1514 1908 1762 1956 tractans
1787 1940 1803 1965 ,
1835 1909 1891 1954 ct
1923 1900 2130 1966 vestis,

558 2005 613 2051 et
646 1998 862 2064 nutris,
899 2004 953 2052 et
983 1997 1195 2066 potioni
1241 1996 1478 2061 invitas,
1527 2004 1582 2049 et
1628 1994 1777 2047 omni
1827 1991 2141 2047 misericor-

555 2089 645 2144 dia
678 2089 889 2153 donas,
931 2103 1074 2160 opus
1114 2089 1223 2142 tale
1267 2088 1520 2159 praebens
1567 2100 1697 2157 erga
1744 2098 2041 2156 pauperem
2088 2090 2142 2138 et

556 2197 786 2253 egenum
797 2223 810 2237 .

557 2274 653 2328 121
680 2272 896 2344 Pauper
923 2272 1182 2337 accessit,
1208 2269 1399 2325 deinde
1417 2267 1550 2323 abiit
1573 2284 1660 2339 spe
1684 2267 1995 2339 frustratus.

627 2364 754 2420 llaec
782 2364 1004 2436 quidem
1039 2362 1553 2433 interpretationem
1587 2361 1897 2416 evidentem
1936 2358 2142 2413 habent

554 2459 762 2525 verba;
796 2473 898 2513 nec
940 2465 1128 2511 tamen
1171 2466 1641 2525 supervacaneum
1692 2459 1825 2522 puto
1858 2451 2139 2523 paululum

556 2551 626 2606 de
658 2550 745 2605 his
776 2548 1100 2605 conversari
1130 2566 1145 2614 ;
1181 2560 1420 2616 namque
1447 2545 1614 2600 etiam
1651 2544 1759 2598 ﬁde
1791 2543 2017 2597 minima
2042 2557 2144 2597 au-

557 2642 839 2698 dientibus
883 2641 1148 2697 inserviet
1189 2638 1256 2694 de
1306 2638 1392 2693 his
1426 2637 1599 2691 multa
1631 2636 1858 2691 dicere:
1896 2649 2143 2705 persua-

559 2751 680 2791 sum
717 2735 863 2791 enim
900 2733 1102 2788 habere
1135 2738 1351 2803 oportet
1382 2726 1528 2800 quod
1568 2727 1842 2799 judicium
1888 2734 2141 2781 nostrum

560 2844 665 2884 nos
704 2826 1121 2896 nobismetipsis
1167 2837 1447 2905 paramus.
1475 2818 1761 2887 Quomodo
1795 2827 1851 2873 et
1886 2834 1993 2889 qua
2012 2817 2144 2872 via?

555 2919 805 2991 Paupcre
837 2918 905 2973 ad
938 2932 1025 2972 me
1053 2916 1309 2972 veniente
1331 2954 1346 2979 ,
1379 2913 1560 2983 inquit
1591 2912 1869 2983 magister,
1904 2918 1958 2965 et
1997 2911 2142 2965 elec-

560 3011 806 3083 uiosynis
840 3010 1158 3081 indigente,
1194 3022 1325 3062 mox
1356 3006 1565 3075 absque
1606 3004 1954 3075 eleemosyna
2003 3002 2143 3071 reje-

558 3116 682 3171 izto,
719 3113 900 3159 metus
943 3109 998 3157 et
1035 3102 1202 3156 timor
1254 3097 1544 3153 confestim
1581 3095 1784 3151 adsunt
1814 3112 1882 3151 ne
1916 3094 2058 3149 forte
2089 3102 2142 3149 et

562 3211 664 3265 ego
700 3204 794 3249 tua
829 3192 1191 3248 miseratione
1230 3190 1484 3260 indigens
1518 3189 1848 3253 adveniens,
1880 3186 2098 3243 Christe
2121 3225 2137 3251 ,

557 3302 767 3341 vacuus
795 3285 1030 3356 repellar
1068 3284 1228 3354 juxta
1272 3282 1457 3339 cordis
1509 3281 1616 3337 mei
1659 3280 1917 3336 duritatis
1955 3279 2138 3352 leges,

564 3394 705 3447 opus
733 3378 939 3433 habens
970 3375 1193 3446 quidem
1222 3374 1659 3431 benevolentiam
1693 3369 2046 3436 inveniendi,
2077 3385 2143 3426 eo

557 3479 741 3525 autem
815 3483 927 3523 non
978 3467 1321 3540 perveniens.
1374 3464 1535 3521 Cur?
1585 3464 1725 3531 Quia
1775 3463 1868 3533 qui
1916 3478 2142 3533 possum

556 3575 730 3632 egeno
760 3561 959 3630 stipem
989 3572 1218 3629 erogare
1242 3564 1301 3611 et
1344 3569 1453 3609 non
1484 3568 1672 3624 erogo,
1704 3551 1980 3622 quomodo
2027 3552 2144 3620 ipse

558 3648 813 3719 indigens
847 3661 965 3702 mea
995 3646 1115 3700 vice
1143 3641 1459 3717 recipiam?
1501 3641 1546 3694 A
1590 3640 1814 3694 Christo
1862 3639 2008 3693 enim
2053 3654 2142 3694 re-

558 3740 705 3810 cipio
734 3752 803 3793 an
831 3735 1052 3793 aliunde
1070 3736 1094 3790 ?
1112 3734 1257 3803 Quid
1287 3734 1434 3790 enim
1466 3732 1639 3787 habes
1666 3731 1813 3801 quod
1842 3746 1950 3786 non
1982 3746 2141 3786 acce-

557 3833 727 3904 pisti,
759 3841 814 3888 et
847 3831 917 3886 ab
946 3830 1100 3901 ipso,
1158 3837 1214 3883 ut
1270 3825 1465 3897 patet?
1511 3823 1617 3891 Qui
1666 3839 1799 3895 ergo
1838 3824 2060 3894 accepi,
2090 3831 2143 3878 et

558 3938 653 3995 per
684 3935 982 3994 pauperem
1029 3918 1359 3976 sollicitatus
1411 3915 1778 3986 experimenti
1825 3914 2036 3985 gratia,
2089 3922 2144 3969 et

558 4030 670 4085 prae
704 4013 994 4084 iniquitate
1025 4026 1136 4066 non
1170 4023 1374 4080 erogo,
1420 4006 1700 4077 quomodo
1752 4007 1949 4061 iterum
2003 4005 2144 4059 reci-

559 4105 744 4176 piam?
775 4104 878 4171 Qui
910 4103 1057 4158 enim
1108 4100 1262 4155 danti
1320 4098 1506 4153 omnia
1555 4097 1686 4152 dare
1733 4104 1892 4151 tenax
1923 4095 2144 4150 sordide

562 4201 800 4258 recusat,
835 4192 976 4247 nihil
1039 4192 1287 4260 recipere
1337 4198 1549 4259 speret,
1578 4204 1608 4241 e
1637 4196 1828 4241 contra
1872 4185 2040 4256 igitur
2089 4193 2144 4239 et

559 4296 684 4350 qua:
711 4280 933 4335 videtur
966 4278 1170 4334 habere
1201 4278 1269 4333 ab
1299 4292 1365 4333 eo
1394 4276 1690 4332 auferenda
1724 4276 1882 4332 sciat.

562 4385 689 4440 125.
734 4383 976 4453 Paupere
1001 4384 1112 4439 viro
1139 4382 1272 4437 nihil
1308 4384 1567 4437 securius.

629 4500 766 4554 Cum
801 4499 954 4553 multi
985 4504 1363 4569 paupertatem
1402 4494 1707 4558 vitandam,
1745 4493 1903 4549 valde
1942 4494 2140 4549 malam

559 4594 614 4641 et
640 4586 1019 4643 detestandam
1040 4586 1263 4651 ducant,
1290 4585 1414 4640 ideo
1434 4584 1737 4655 praesertim
1776 4590 1830 4638 et
1855 4583 2144 4654 egentibus

561 4679 854 4734 subvenire
905 4677 1141 4743 nolunt,
1189 4684 1570 4748 paupertatem
1612 4674 1926 4745 suspicione
1973 4675 2138 4729 attin-

560 4780 789 4842 gentes,
838 4769 1246 4842 sapientissime
1297 4768 1479 4824 divine
1524 4782 1861 4823 conversans
1907 4767 2137 4822 istorum

560 4863 802 4934 inopiam
830 4863 1145 4918 consolatur
1197 4868 1252 4916 et
1307 4859 1536 4916 divitum
1580 4860 1772 4914 animai
1819 4860 2137 4915 tenuitatem

560 4955 804 5012 remedio
830 4963 986 5011 curat
1014 4954 1204 5009 dicens
1230 4968 1471 5025 paupere
1497 4953 1634 5007 nihil
1661 4955 1856 5031 tutius,
1901 4952 2039 5007 nihil
2064 4952 2135 5006 ti-

562 5061 715 5102 more
765 5053 821 5101 et
878 5044 1122 5117 periculo
1181 5043 1445 5111 liberius;
1502 5057 1612 5097 non
1659 5043 1805 5097 enim
1847 5043 1991 5098 bona
2044 5052 2139 5097 aut

561 5154 741 5210 agros,
767 5147 861 5193 aut
901 5153 1125 5211 gregum
1170 5145 1416 5192 catervas
1444 5142 1538 5191 aut
1575 5150 1859 5192 servorum
1888 5136 2139 5208 providet

562 5230 990 5295 multitudinem,
1031 5228 1254 5285 ﬂuentia
1276 5237 1331 5285 et
1372 5229 1551 5283 instar
1582 5229 1783 5284 somnii
1816 5228 2137 5283 transitoria

558 5331 610 5378 ct
664 5323 971 5393 pereuntia,
1031 5321 1209 5376 solum
1278 5319 1447 5374 Deum
1491 5317 1825 5384 considerat,
1876 5317 1970 5389 qui
2020 5326 2134 5384 est,

558 5414 654 5483 qui
714 5420 935 5481 manet,
996 5413 1091 5482 qui
1143 5421 1351 5466 naturae
1426 5409 1827 5481 providentiam
1898 5410 2140 5480 priebet;

560 5506 628 5559 ad
691 5520 854 5577 quem
885 5505 1088 5576 jugiter
1150 5504 1368 5569 tendit,
1415 5503 1739 5573 proximum
1809 5504 1990 5574 ipsum
2064 5503 2141 5556 vi-

635 5682 716 5750 (3)
744 5681 881 5754 Con.
907 5680 1225 5754 σκωληκῶν.

636 5755 712 5813 i4)
743 5752 876 5806 Cod.
910 5750 1126 5806 συνιῶν.

637 5823 715 5889 (5)
741 5822 1049 5885 Δυσπιθῶς,
1078 5822 1157 5875 sic
1184 5820 1373 5875 codex.

638 5883 711 5956 ιδ)
738 5890 982 5947 Zonaras
1010 5883 1106 5946 ‘fol.
1132 5891 1204 5945 25
1231 5906 1277 5946 ι’.
1305 5889 1337 5960 ἢ
1360 5890 1440 5957 τὸ,
1470 5883 1540 5956 ’ῼ
1572 5888 1680 5959 γάρ
1707 5905 1789 5953 τις
1813 5888 1913 5943 οὐκ
1936 5888 2128 5955 ἔδωκε,

698 6182 729 6199 ⁵1..

1840 407 2137 464 NltlE't'AS
2209 392 2449 464 eum“

3718 412 3805 464 lib

2259 534 2360 602 μὲν
2381 526 2491 600 γὰρ
2518 527 2624 582 ὑπὸ
2643 525 2937 598 σκωλήκων
2954 523 3056 597 (3),
3087 524 3187 579 ὅσα
3214 522 3419 596 βρωτὰ,
3443 522 3539 578 καὶ
3558 521 3801 601 είόσηϊιτιι1

2251 622 2348 676 καὶ
2376 619 2680 692 εὔφθαρτα·
2708 618 2816 673 ὑπὸ
2848 616 3045 689 φθόνον
3071 617 3130 671 δὲ
3157 616 3454 689 διαρπᾶται
3478 617 3575 670 καὶ
3597 616 3806 671 ἀπόλλυ-

2250 730 2342 768 ται
2372 713 2594 786 χρυσὸς,
2642 711 2737 765 καὶ
2772 710 3035 785 ἄργυρος,
3069 707 3165 764 καὶ
3196 709 3299 764 ὅσα
3336 707 3654 781 δύσφθαρτα
3687 708 3806 763 κατὰ

2251 804 2414 875 φύσιν
2448 806 2607 858 εἰσίν.
2654 803 2884 873 ’Δγαθδν
2909 799 3025 868 οὖν,
3052 801 3133 873 τῷ
3155 800 3378 873 Χριστῷ
3411 801 3805 872 προφθάσαπας

2248 898 2515 963 δανεῖσαι,
2543 898 2641 953 καὶ
2671 897 2834 951 αὐτὸν
2889 895 3093 968 μᾶλλον
3128 893 3275 966 ἔχειν
3312 892 3595 966 χρεώστην
3620 893 3806 947 λυσιτε-

2250 989 2508 1045 λέστατον
2538 990 2573 1062 ἢ
2615 990 2795 1045 πάντα
2819 988 2916 1043 τοῦ
2950 988 3158 1058 κόσμου
3180 986 3273 1041 τὸν
3318 987 3550 1041 πλοῦτον
3579 989 3806 1058 κατέχειν

2246 1082 2424 1137 δοκεῖν
2439 1098 2455 1113 ⁸
2486 1083 2547 1147 ὃς
2571 1082 2713 1137 οὕτω
2736 1080 3168 1153 μεγαλοπρεπῶς
3189 1076 3331 1134 οἶδεν
3353 1079 3680 1152 ἀμείϐεσθαι
3701 1080 3808 1143 τοὺς

2246 1175 2528 1240 δανειστὰς
2547 1215 2562 1238 ,
2596 1175 2674 1239 ὡς
2707 1175 2800 1229 καὶ
2827 1176 2926 1246 τὴν
2965 1173 3074 1228 τῶν
3111 1173 3356 1246 οὐρανῶν
3402 1171 3677 1245 βασιλείαν
3711 1170 3806 1235 τοῖς

2246 1265 2521 1337 κλάσματι
2550 1265 2718 1337 ἄρτου
2750 1265 2890 1338 μετὰ
2916 1267 3153 1330 πίστεως
3184 1264 3374 1319 τοῦτον
3399 1256 3634 1335 θρέψασι
3668 1262 3807 1334 χαρί-

2246 1357 2426 1422 (star
2454 1358 2549 1411 καὶ
2577 1358 2834 1430 ποτήριον
2862 1357 3054 1422 ὕδατος
3077 1355 3286 1431 ψυχροῦ
3324 1356 3402 1429 μὴ
3425 1355 3658 1426 ἄμισθον
3684 1351 3805 1410 εἶναι

2246 1449 2377 1521 παρ’
2420 1448 2569 1521 αὐτῷ
2602 1449 2836 1504 πειθέτω
2880 1467 2941 1503 σε
2980 1452 3075 1505 καὶ
3120 1452 3267 1521 χήρα
3306 1448 3396 1503 διὰ
3435 1449 3580 1503 δυοῖν
3624 1448 3807 1502 ὀϐολῶν

2244 1542 2551 1615 καταϐολῆς
2580 1543 2970 1613 ἐπαινουμένη.
3001 1541 3126 1607 Πῶς
3152 1538 3266 1609 οὖν,
3303 1541 3459 1615 φησὶ,
3491 1541 3806 1612 δανείσωμεν

2245 1634 2487 1708 Χριστῷ,
2514 1633 2635 1706 Θεῷ
2656 1650 2714 1687 τε
2745 1634 2840 1687 καὶ
2862 1633 3099 1688 ἀνενδεεῖ
3120 1634 3258 1697 ὄντι,
3294 1634 3398 1688 κάν
3433 1635 3546 1697 τοῖς
3573 1632 3808 1705 οὐρανοῖς

2243 1728 2321 1799 τῷ
2348 1726 2527 1799 Πατρὶ
2555 1724 2995 1798 συγκαθημένῳς
3029 1726 3135 1781 Τδν
3162 1726 3399 1798 Χριστὸν
3425 1725 3808 1798 (ἀποκρίνεταί

2246 1836 2329 1873 σοι
2364 1821 2393 1873 ὁ
2422 1821 2480 1871 ἐν
2519 1817 2668 1890 αὐτῷ
2705 1817 2992 1890 θεολογῶν)
3023 1819 3120 1873 καὶ
3164 1819 3409 1886 σκέπεις,
3457 1819 3553 1874 καὶ
3579 1818 3809 1891 τρέφεις,

2243 1911 2338 1966 καὶ
2369 1909 2632 1975 ποτίζεις,
2653 1910 2745 1963 και
2771 1910 2952 1981 πάσης
2976 1910 3275 1981 θεραπείας
3297 1910 3489 1977 ἀξιοῖς,
3518 1909 3716 1964 συνιὼν
3740 1910 3807 1979 (ι)

2242 2002 2337 2056 ἐπὶ
2363 2002 2580 2072 πτωχὸν
2607 2001 2701 2055 καὶ
2726 2001 2956 2075 πένητα,
2987 2002 3085 2056 καὶ
3110 2002 3261 2057 τόνδε
3281 2002 3373 2058 τὸν
3397 2003 3600 2075 τρόπον
3623 2002 3812 2070 δεξιού-

2245 2111 2424 2166 μενος.

2244 2279 2343 2334 121
2376 2277 2575 2348 Πένης
2601 2277 2953 2348 προσῆλθεν
2970 2318 2984 2345 ,
3013 2274 3117 2333 εἶτ’
3155 2277 3395 2349 ἀπῆλθε
3415 2277 3502 2348 μὴ
3531 2276 3750 2349 τυχών.

2313 2368 2501 2424 Ταῦτα
2547 2369 2646 2441 μέν
2681 2370 2827 2442 σαφῆ
2874 2368 2975 2442 τὴν
3012 2369 3263 2424 ἐπίλυσιν
3312 2369 3426 2441 ἔχει
3462 2369 3532 2423 τὰ
3565 2369 3727 2441 ρητά,
3758 2367 3813 2422 οὗ

2245 2459 2502 2533 περιττὸν
2545 2459 2603 2515 δὲ
2645 2461 2886 2534 ἠγοῦμαι
2933 2461 3130 2534 μικρὸν
3163 2461 3223 2516 ἐν
3263 2462 3450 2528 αὐτοῖς
3479 2462 3813 2534 ἀδολεσχεῖν

2243 2553 2396 2608 ἔσται
2418 2552 2524 2626 γὰρ
2553 2554 2683 2618 ῐσως
2710 2556 2824 2618 τοῖς
2849 2552 3124 2619 δυσπιθῶς
3261 2554 3555 2609 ἀκούουσιν
3588 2552 3819 2626 ὠφέλεια

2244 2646 2305 2699 τὸ
2342 2645 2473 2717 περὶ
2508 2643 2714 2698 τούτων
2753 2644 3151 2717 πολυρημονεῖν
3170 2660 3184 2674 ’
3220 2645 3317 2699 καὶ
3349 2644 3459 2720 γὰρ
3490 2645 3612 2700 δέον
3642 2647 3821 2700 πεπεῖ-

2247 2736 2392 2802 σθαι,
2440 2736 2516 2800 ὡς
2552 2735 2613 2790 τὸ
2651 2734 2773 2789 καθ’
2804 2737 2961 2807 ἡμῶν
3004 2737 3176 2807 κρῖμα
3202 2738 3367 2808 ἡμεῖς
3409 2737 3567 2791 αὐτοὶ
3616 2738 3819 2798 ἑαυτοῖς

2245 2828 2737 2903 προετοιμάζομεν.
2769 2828 2895 2893 Πῶς
2926 2829 3021 2882 καὶ
3047 2828 3151 2882 τίνι
3179 2829 3406 2901 τρόπῳς
3437 2829 3683 2902 Πένητός
3716 2846 3820 2900 μοι,

2246 2920 2410 2990 φησὶν
2435 2921 2465 2973 ὁ
2494 2917 2834 2984 διδάσκαλος,
2864 2918 3300 2989 προσερχομένου
3331 2917 3427 2972 καὶ
3458 2918 3581 2990 ἐλεη
3591 2919 3821 2990 μοσύνης

2244 3012 2612 3084 ἐπιδεομένου,
2643 3006 2741 3065 εἶτ’
2776 3012 3151 3082 ἀνελεημόνως
3188 3012 3683 3083 ἀποπεμπομένου,
3713 3012 3823 3076 δέος

2243 3105 2504 3176 παραυτά
2541 3104 2633 3158 καὶ
2668 3103 2831 3173 φόϐος
2862 3103 3228 3174 παρίσταται,
3266 3106 3341 3176 μή
3380 3120 3512 3158 ποτε
3539 3104 3703 3174 κάγὼ
3732 3101 3822 3157 τοῦ

2248 3196 2342 3250 σοῦ
2386 3196 2570 3260 ἐλέους
2619 3195 2839 3267 ἐπιδεὴς
2888 3197 3346 3268 προσερχόμενος,
3388 3197 3619 3268 Χριστέ,
3678 3197 3827 3259 κενὸς

2245 3281 2591 3359 ἀποπεμφθῶ
2634 3287 2776 3342 κατά
2820 3290 2946 3350 τοὺς
2985 3289 3086 3360 τῆς
3127 3289 3268 3360 ἐμῆς
3307 3288 3713 3360 ἀπανθρωπίας
3746 3289 3827 3342 v6-

2235 3397 2410 3453 μους,
2432 3380 2647 3451 χρῄζων
2680 3379 2777 3448 μὲν
2806 3383 2991 3451 τυχεῖν
3023 3380 3452 3452 φιλανθρωπίας,
3470 3380 3825 3452 ἀποχῶνδέ·

2243 3469 2390 3533 τινος
2419 3468 2639 3536 ἕνεκεν;
2674 3470 2756 3522 ὄτι
2791 3469 3090 3541 δυνάμενος
3136 3470 3440 3544 δοῦναι,τῷ
3488 3472 3705 3526 έπιδεεῖ
3742 3470 3832 3524 τὸν

2244 3560 2393 3615 ἔλεον
2414 3598 2429 3625 ,
2461 3561 2556 3614 καὶ
2594 3561 2667 3634 μὴ
2700 3561 2875 3626 διδοὺς
2897 3602 2913 3629 ,
2952 3562 3070 3626 πῶς
3107 3561 3414 3633 ἐπιδεηθεὶς
3457 3562 3629 3628 αὐτὸς
3672 3561 3833 3627 αὖθις

2240 3653 2502 3725 πρόσειμι
2532 3652 2752 3720 λαϐεῖν;
2788 3653 2926 3725 πρὸς
2956 3654 3195 3725 Χριστοῦ
3242 3656 3354 3727 γάρ
3385 3655 3634 3726 εἰληφὼς
3663 3658 3699 3728 ἦ
3737 3655 3831 3710 πό-

2245 3746 2369 3813 θεν;
2404 3746 2458 3800 τί
2491 3746 2600 3818 γὰρ
2629 3745 2804 3817 ἔχεις,
2834 3746 2863 3799 ὃ
2888 3748 2991 3800 οὐκ
3017 3745 3209 3810 ἔλαϐες
3232 3748 3392 3818 δῆλον
3430 3749 3513 3802 ὅτι
3555 3751 3701 3822 παρ’
3739 3749 3835 3805 αύ-

2244 3835 2368 3901 τοῦ;
2406 3834 2603 3889 Λαϐὼν
2652 3831 2766 3899 οὖν,
2811 3833 2907 3887 καὶ
2944 3834 3032 3887 διὰ
3078 3833 3171 3888 τοῦ
3223 3834 3454 3905 πένητος
3498 3834 3835 3907 δοκιμασίας

2244 3926 2402 3997 χάριν
2436 3925 2701 3997 αἰτηθεὶς,
2736 3925 2830 3979 καὶ
2860 3926 3225 4000 ἀγνωμοσύνῃ
3253 3927 3327 3998 μὴ
3357 3926 3550 3993 διδοὺς,
3586 3928 3720 3992 πῶς
3744 3927 3838 3982 πά·

2244 4020 2326 4073 λιν
2358 4020 2638 4092 λήψομαι;
2666 4022 2695 4074 ὁ
2727 4020 2836 4091 γὰρ
2873 4019 2951 4091 τῷ
2980 4020 3050 4073 τά
3075 4020 3256 4074 πάντα
3283 4021 3476 4075 διδόντι
3495 4021 3699 4078 δοῦναι
3724 4040 3837 4077 κνισ-

2246 4113 2591 4184 πνευόμενος,
2630 4113 2795 4184 μηδὲν
2835 4111 3101 4177 ἐλπιζέτω
3131 4112 3315 4166 λαϐεῖν
3348 4112 3429 4184 (6)
3450 4130 3465 4144 ·
3508 4115 3839 4169 τούναντίον

2247 4206 2346 4276 μὲν
2377 4202 2472 4259 οὖν
2506 4206 2601 4259 καὶ
2628 4205 2664 4259 ἀ
2691 4204 2840 4259 δοκεῖ
2868 4204 3033 4275 ἔχειν,
3062 4203 3411 4277 ἀφαιρεῖσθαι
3444 4206 3832 4278 προσδοκάτω.

2248 4382 2350 4438 125
2377 4381 2641 4450 Πθητος
2666 4381 2886 4450 ἀνδρὸς
2911 4380 3093 4435 οὐδὲν
3121 4381 3606 4452 ἀσφαλέστερον.

2328 4493 2541 4563 Ἐπειδὴ
2572 4491 2758 4545 πολλοὶ
2792 4491 2890 4563 τὴν
2921 4491 3112 4545 πενίαν
3139 4490 3215 4554 ὡς
3240 4492 3516 4545 ἀπευκτὸν
3549 4493 3661 4547 καὶ
3696 4494 3842 4566 μάλα

2250 4585 2417 4639 κακὸν
2446 4586 2541 4639 καὶ
2577 4584 2945 4656 ἀποτρόπαιον
2983 4582 3260 4655 ἡγοῦνται,
3293 4583 3359 4637 δι’
3388 4584 3417 4637 ὅ
3452 4585 3710 4655 μάλιστα
3748 4585 3841 4638 καὶ

2245 4679 2357 4740 τοῖς
2394 4676 2670 4746 δεομένοις
2706 4677 2967 4747 ἐπαρκεῖν
2993 4676 3091 4728 οὐκ
3110 4656 3388 4741 ἐθέλουσι,
3415 4676 3516 4747 τὴν
3548 4678 3844 4750 πτωχείαν

2244 4768 2674 4832 ὑποπτεύοντες,
2710 4769 2849 4821 πάνυ
2890 4767 3066 4836 σοφῶς
3111 4768 3141 4819 ό
3180 4765 3503 4839 θεορρήμων
3550 4769 3843 4823 κάκείνων

2242 4860 2340 4930 τὴν
2390 4858 2598 4912 ἔνδειαν
2645 4857 3072 4929 παραμυθεῖται,
3124 4857 3221 4911 καὶ
3257 4857 3367 4911 τῶν
3411 4857 3710 4914 πλουσίων
3746 4858 3845 4929 τὴν

2246 4950 2608 5022 μικροψυχίαν
2639 4950 2871 5016 satam,
2899 4950 3154 5020 Πένητος,
3189 4948 3385 5018 λέγων,
3420 4948 3629 5021 ἀνδρὸς
3657 4953 3845 5021 ἀσφα-

2243 5042 2495 5114 λέστερον
2528 5041 2701 5106 οὐδὲν,
2730 5041 3075 5112 ἀφοϐώτερον
3107 5041 3140 5111 ἢ
3171 5041 3588 5112 ἀκινδυνότερον
3644 5042 3845 5097 οὒδέν·

2243 5134 2302 5188 οὐ
2330 5133 2465 5204 πρὸς
2495 5133 2754 5204 χρήματα
2778 5133 2888 5203 γὰρ
2917 5132 2950 5203 ἢ
2979 5134 3254 5203 κτήματα,
3288 5133 3322 5205 ἢ
3352 5131 3571 5202 κτηνῶν
3606 5134 3844 5203 ἀγέλας,

2242 5227 2277 5298 ἢ
2314 5226 2661 5298 ἀνδραπόδων
2706 5227 2809 5297 ὀρᾷ
2857 5226 3338 5296 περιουσιασμοὺς,
3394 5223 3462 5277 τὰ
3500 5224 3723 5296 ῥέοντα
3756 5224 3853 5281 καὶ

2244 5317 2444 5387 τρόπον
2465 5316 2673 5389 ὀνείρου
2700 5316 3115 5388 παρατρέχοντα
3144 5316 3239 5370 καὶ
3266 5315 3634 5386 ἀπολλύμενα
3662 5335 3679 5349 ·
3715 5319 3854 5389 πρὸς

2244 5408 2405 5478 μόνον
2430 5407 2486 5460 δὲ
2513 5408 2605 5462 τὸν
2634 5408 2767 5461 Θεὸν
2791 5410 3118 5474 ἀποσκοπεῖ,
3151 5408 3243 5461 τὸν
3272 5408 3423 5471 ὄντα,
3446 5408 3541 5461 τὸν
3580 5411 3854 5481 μένοντα,

2239 5502 2331 5556 τὸν
2365 5502 2600 5573 χρηστὸν
2630 5501 2823 5572 φύσει’
2857 5502 2995 5574 πρὸς
3032 5502 3223 5555 τοῦτον
3255 5502 3342 5555 ἀεὶ
3372 5501 3558 5569 νεύει,
3594 5505 3856 5574 γνησίως

2238 5676 2560 5753 νοηθῄσεται
2587 5677 2682 5731 καὶ
2704 5678 2903 5753 οὕτως·
2929 5671 3111 5753 Ὧτινι
3134 5668 3563 5753 γὰρ-ῆχουνμτῷ
3592 5679 3853 5753 Χρισῖπῷι

2237 5745 2338 5800 οὐκ
2371 5745 2539 5800 ἐδωκέ
2565 5764 2661 5820 τις
2698 5745 3071 5820 ἐλεημοσύνην
3090 5745 3606 5820 [μηδὲ-ἐλπιζέτω
3656 5745 3858 5820 τούτου

2237 5820 2421 5892 τυχεῖν
2445 5819 2576 5892 παρ’
2604 5817 3140 5892 ἐκε-ίνουίὴγουνζτοῦ
3156 5817 3446 5892 ἐλεηθῆναι
3468 5821 3623 5892 παρ’
3655 5818 3859 5887 αὐτοῦ,

2239 5882 2338 5942 hia"
2356 5882 2633 5960 γράφηται
2660 5889 2722 5942 τὸ
2833 5882 2923 5943 διᾶ
2959 5889 3051 5943 τοῦ
3082 5907 3128 5944 ω
3171 5882 3427 5964 μεῖίάλου.
