  <div class='ocr_page' id='page_1' title='image "/cluster/home/n/w/nwhite01/storage/ocr_20150623/38/nnc1.0046978500/432.png"; bbox 0 0 4164 6350; ppageno 0'>
   <div class='ocr_carea' id='block_1_1' title="bbox 391 366 496 421">
    <p class='ocr_par' dir='ltr' id='par_1_1' title="bbox 391 366 496 421">
     <span class='ocr_line' id='line_1_1' title="bbox 391 366 496 421; baseline -0.029 0"><span class='ocrx_word' id='word_1_1' title='bbox 391 366 496 421; x_wconf 83' lang='grc'><strong>817</strong></span> 
     </span>
    </p>
   </div>
   <div class='ocr_carea' id='block_1_2' title="bbox 388 482 1975 575">
    <p class='ocr_par' dir='ltr' id='par_1_2' title="bbox 388 482 1975 575">
     <span class='ocr_line' id='line_1_2' title="bbox 388 482 1975 575; baseline 0.018 -42"><span class='ocrx_word' id='word_1_2' title='bbox 388 482 553 535; x_wconf 84' lang='grc' dir='ltr'>αὑτὸν</span> <span class='ocrx_word' id='word_1_3' title='bbox 587 487 820 557; x_wconf 78' lang='grc' dir='ltr'><strong>προορᾷ,</strong></span> <span class='ocrx_word' id='word_1_4' title='bbox 856 491 985 560; x_wconf 78' lang='grc' dir='ltr'>παρ’</span> <span class='ocrx_word' id='word_1_5' title='bbox 1005 484 1065 545; x_wconf 80' lang='grc' dir='ltr'>οὗ</span> <span class='ocrx_word' id='word_1_6' title='bbox 1088 490 1184 563; x_wconf 82' lang='grc' dir='ltr'>τὴν</span> <span class='ocrx_word' id='word_1_7' title='bbox 1207 493 1396 566; x_wconf 81' lang='grc' dir='ltr'><strong>ὀλίγην</strong></span> <span class='ocrx_word' id='word_1_8' title='bbox 1424 499 1482 551; x_wconf 85' lang='grc' dir='ltr'><strong>ἐν</strong></span> <span class='ocrx_word' id='word_1_9' title='bbox 1509 499 1720 572; x_wconf 85' lang='grc' dir='ltr'>σώματι</span> <span class='ocrx_word' id='word_1_10' title='bbox 1748 504 1975 575; x_wconf 69' lang='grc' dir='ltr'>ἦλπισεν</span> 
     </span>
    </p>
   </div>
   <div class='ocr_carea' id='block_1_3' title="bbox 388 577 1976 670">
    <p class='ocr_par' dir='ltr' id='par_1_3' title="bbox 388 577 1976 670">
     <span class='ocr_line' id='line_1_3' title="bbox 388 577 1976 670; baseline 0.017 -44"><span class='ocrx_word' id='word_1_11' title='bbox 388 577 791 670; x_wconf 81' lang='grc' dir='ltr'>οἰκονομεῖσθαι</span> <span class='ocrx_word' id='word_1_12' title='bbox 831 581 997 654; x_wconf 78' lang='grc' dir='ltr'>ζωὴν,</span> <span class='ocrx_word' id='word_1_13' title='bbox 1046 586 1139 638; x_wconf 76' lang='grc' dir='ltr'><strong>καὶ</strong></span> <span class='ocrx_word' id='word_1_14' title='bbox 1181 588 1311 657; x_wconf 88' lang='grc' dir='ltr'>παρ’</span> <span class='ocrx_word' id='word_1_15' title='bbox 1349 583 1409 644; x_wconf 83' lang='grc' dir='ltr'><strong>οὑ</strong></span> <span class='ocrx_word' id='word_1_16' title='bbox 1449 591 1547 663; x_wconf 84' lang='grc' dir='ltr'>τὴν</span> <span class='ocrx_word' id='word_1_17' title='bbox 1588 595 1649 647; x_wconf 83' lang='grc' dir='ltr'>ἐν</span> <span class='ocrx_word' id='word_1_18' title='bbox 1699 596 1976 670; x_wconf 87' lang='grc' dir='ltr'>Πνεύματι</span> 
     </span>
    </p>
   </div>
   <div class='ocr_carea' id='block_1_4' title="bbox 389 666 1977 760">
    <p class='ocr_par' dir='ltr' id='par_1_4' title="bbox 389 666 1977 760">
     <span class='ocr_line' id='line_1_4' title="bbox 389 666 1977 760; baseline 0.019 -44"><span class='ocrx_word' id='word_1_19' title='bbox 389 666 838 760; x_wconf 30' lang='grc' dir='ltr'>αἰωνίωςῌζήσειν</span> <span class='ocrx_word' id='word_1_20' title='bbox 871 675 1165 748; x_wconf 80' lang='grc' dir='ltr'><strong>προσδοκᾷ.</strong></span> <span class='ocrx_word' id='word_1_21' title='bbox 1202 679 1275 733; x_wconf 84' lang='grc' dir='ltr'>Σὺ</span> <span class='ocrx_word' id='word_1_22' title='bbox 1310 679 1365 733; x_wconf 86' lang='grc' dir='ltr'><strong>δέ</strong></span> <span class='ocrx_word' id='word_1_23' title='bbox 1394 682 1423 734; x_wconf 83' lang='grc' dir='ltr'>ὁ</span> <span class='ocrx_word' id='word_1_24' title='bbox 1471 683 1687 758; x_wconf 84' lang='grc' dir='ltr'>πλούτῳ</span> <span class='ocrx_word' id='word_1_25' title='bbox 1712 666 1919 760; x_wconf 72' lang='grc' dir='ltr'>κομῶν,</span> <span class='ocrx_word' id='word_1_26' title='bbox 1948 693 1977 745; x_wconf 89' lang='grc' dir='ltr'><strong>ὀ</strong></span> 
     </span>
    </p>
   </div>
   <div class='ocr_carea' id='block_1_5' title="bbox 389 757 1976 851">
    <p class='ocr_par' dir='ltr' id='par_1_5' title="bbox 389 757 1976 851">
     <span class='ocr_line' id='line_1_5' title="bbox 389 757 1976 851; baseline 0.018 -44"><span class='ocrx_word' id='word_1_27' title='bbox 389 757 523 809; x_wconf 71' lang='grc' dir='ltr'>πᾶσι</span> <span class='ocrx_word' id='word_1_28' title='bbox 552 757 647 810; x_wconf 81' lang='grc' dir='ltr'>τοῦ</span> <span class='ocrx_word' id='word_1_29' title='bbox 680 760 884 831; x_wconf 86' lang='grc' dir='ltr'>κόσμου</span> <span class='ocrx_word' id='word_1_30' title='bbox 912 768 1028 827; x_wconf 89' lang='grc' dir='ltr'>τοῖς</span> <span class='ocrx_word' id='word_1_31' title='bbox 1055 768 1282 835; x_wconf 78' lang='grc' dir='ltr'><strong>ἀγαθοῖς</strong></span> <span class='ocrx_word' id='word_1_32' title='bbox 1310 757 1793 846; x_wconf 68' lang='grc' dir='ltr'>ἐνευθηνούμενος,</span> <span class='ocrx_word' id='word_1_33' title='bbox 1817 782 1846 833; x_wconf 82' lang='grc' dir='ltr'><strong>ὁ</strong></span> <span class='ocrx_word' id='word_1_34' title='bbox 1878 781 1976 851; x_wconf 84' lang='grc' dir='ltr'><strong>μὲ-</strong></span> 
     </span>
    </p>
   </div>
   <div class='ocr_carea' id='block_1_6' title="bbox 386 849 1976 939">
    <p class='ocr_par' dir='ltr' id='par_1_6' title="bbox 386 849 1976 939">
     <span class='ocr_line' id='line_1_6' title="bbox 386 849 1976 939; baseline 0.016 -41"><span class='ocrx_word' id='word_1_35' title='bbox 386 861 490 915; x_wconf 88' lang='grc' dir='ltr'><strong>γας</strong></span> <span class='ocrx_word' id='word_1_36' title='bbox 519 849 614 901; x_wconf 69' lang='grc' dir='ltr'><strong>κα)⁸</strong></span> <span class='ocrx_word' id='word_1_37' title='bbox 641 851 806 915; x_wconf 82' lang='grc' dir='ltr'>πολὺς</span> <span class='ocrx_word' id='word_1_38' title='bbox 833 855 891 907; x_wconf 85' lang='grc' dir='ltr'>ἐν</span> <span class='ocrx_word' id='word_1_39' title='bbox 918 855 995 926; x_wconf 85' lang='grc' dir='ltr'>τῷ</span> <span class='ocrx_word' id='word_1_40' title='bbox 1030 855 1132 928; x_wconf 85' lang='grc' dir='ltr'><strong>βίῳ</strong></span> <span class='ocrx_word' id='word_1_41' title='bbox 1163 862 1277 924; x_wconf 87' lang='grc' dir='ltr'>τοῖς</span> <span class='ocrx_word' id='word_1_42' title='bbox 1306 862 1519 927; x_wconf 85' lang='grc' dir='ltr'>πολλοῖς</span> <span class='ocrx_word' id='word_1_43' title='bbox 1543 865 1650 919; x_wconf 83' lang='grc' dir='ltr'><strong>τῶν</strong></span> <span class='ocrx_word' id='word_1_44' title='bbox 1673 849 1976 939; x_wconf 83' lang='grc' dir='ltr'>ἀνθρώπων</span> 
     </span>
    </p>
   </div>
   <div class='ocr_carea' id='block_1_7' title="bbox 388 940 1976 1035">
    <p class='ocr_par' dir='ltr' id='par_1_7' title="bbox 388 940 1976 1035">
     <span class='ocr_line' id='line_1_7' title="bbox 388 940 1976 1035; baseline 0.016 -42"><span class='ocrx_word' id='word_1_45' title='bbox 388 940 764 1012; x_wconf 58' lang='grc' dir='ltr'>κομιζόμενος,</span> <span class='ocrx_word' id='word_1_46' title='bbox 796 945 1093 1014; x_wconf 79' lang='grc' dir='ltr'>ἀγκαλίζου</span> <span class='ocrx_word' id='word_1_47' title='bbox 1115 952 1206 1005; x_wconf 84' lang='grc' dir='ltr'><strong>τὸν</strong></span> <span class='ocrx_word' id='word_1_48' title='bbox 1229 955 1427 1026; x_wconf 86' lang='grc' dir='ltr'>μικρὸν</span> <span class='ocrx_word' id='word_1_49' title='bbox 1447 959 1635 1011; x_wconf 83' lang='grc' dir='ltr'>τοῦτον</span> <span class='ocrx_word' id='word_1_50' title='bbox 1656 962 1748 1014; x_wconf 80' lang='grc' dir='ltr'><strong>καὶ</strong></span> <span class='ocrx_word' id='word_1_51' title='bbox 1768 963 1976 1035; x_wconf 84' lang='grc' dir='ltr'>πένητα</span> 
     </span>
    </p>
   </div>
   <div class='ocr_carea' id='block_1_8' title="bbox 389 1032 1975 1125">
    <p class='ocr_par' dir='ltr' id='par_1_8' title="bbox 389 1032 1975 1125">
     <span class='ocr_line' id='line_1_8' title="bbox 389 1032 1975 1125; baseline 0.018 -41"><span class='ocrx_word' id='word_1_52' title='bbox 389 1032 483 1085; x_wconf 74' lang='grc' dir='ltr'><strong>καὶ</strong></span> <span class='ocrx_word' id='word_1_53' title='bbox 526 1036 763 1105; x_wconf 84' lang='grc' dir='ltr'>πτωχὸν,</span> <span class='ocrx_word' id='word_1_54' title='bbox 792 1042 1008 1110; x_wconf 82' lang='grc' dir='ltr'>τρέφων</span> <span class='ocrx_word' id='word_1_55' title='bbox 1048 1045 1145 1098; x_wconf 77' lang='grc' dir='ltr'><strong>καὶ</strong></span> <span class='ocrx_word' id='word_1_56' title='bbox 1174 1047 1393 1101; x_wconf 84' lang='grc' dir='ltr'><strong>σκέπων</strong></span> <span class='ocrx_word' id='word_1_57' title='bbox 1435 1052 1529 1104; x_wconf 74' lang='grc' dir='ltr'>καὶ</span> <span class='ocrx_word' id='word_1_58' title='bbox 1562 1054 1739 1125; x_wconf 81' lang='grc' dir='ltr'>πάσης</span> <span class='ocrx_word' id='word_1_59' title='bbox 1794 1032 1975 1123; x_wconf 80' lang='grc' dir='ltr'>ξενίας</span> 
     </span>
    </p>
   </div>
   <div class='ocr_carea' id='block_1_9' title="bbox 393 1128 1973 1221">
    <p class='ocr_par' dir='ltr' id='par_1_9' title="bbox 393 1128 1973 1221">
     <span class='ocr_line' id='line_1_9' title="bbox 393 1128 1973 1221; baseline 0.016 -42"><span class='ocrx_word' id='word_1_60' title='bbox 393 1128 709 1221; x_wconf 86' lang='grc' dir='ltr'>μεταδιδοὺς</span> <span class='ocrx_word' id='word_1_61' title='bbox 747 1132 841 1185; x_wconf 74' lang='grc' dir='ltr'>καὶ</span> <span class='ocrx_word' id='word_1_62' title='bbox 877 1132 1176 1206; x_wconf 83' lang='grc' dir='ltr'>θεραπείας</span> <span class='ocrx_word' id='word_1_63' title='bbox 1201 1179 1215 1204; x_wconf 91' lang='grc'><strong>,</strong></span> <span class='ocrx_word' id='word_1_64' title='bbox 1257 1140 1333 1205; x_wconf 86' lang='grc' dir='ltr'>ὡς</span> <span class='ocrx_word' id='word_1_65' title='bbox 1373 1143 1536 1197; x_wconf 85' lang='grc' dir='ltr'>αὑτὸν</span> <span class='ocrx_word' id='word_1_66' title='bbox 1585 1147 1973 1221; x_wconf 85' lang='grc' dir='ltr'>ὑποδεχόμενος</span> 
     </span>
    </p>
   </div>
   <div class='ocr_carea' id='block_1_10' title="bbox 388 1220 1974 1310">
    <p class='ocr_par' dir='ltr' id='par_1_10' title="bbox 388 1220 1974 1310">
     <span class='ocr_line' id='line_1_10' title="bbox 388 1220 1974 1310; baseline 0.015 -37"><span class='ocrx_word' id='word_1_67' title='bbox 388 1220 480 1274; x_wconf 75' lang='grc' dir='ltr'><strong>τὸν</strong></span> <span class='ocrx_word' id='word_1_68' title='bbox 515 1221 780 1310; x_wconf 68' lang='grc' dir='ltr'>Χριστὸν,</span> <span class='ocrx_word' id='word_1_69' title='bbox 826 1227 919 1280; x_wconf 77' lang='grc' dir='ltr'><strong>καὶ</strong></span> <span class='ocrx_word' id='word_1_70' title='bbox 945 1226 1034 1281; x_wconf 83' lang='grc' dir='ltr'>διὰ</span> <span class='ocrx_word' id='word_1_71' title='bbox 1075 1230 1169 1283; x_wconf 83' lang='grc' dir='ltr'>τοῦ</span> <span class='ocrx_word' id='word_1_72' title='bbox 1204 1233 1485 1304; x_wconf 80' lang='grc' dir='ltr'><strong>ὁρωμένου</strong></span> <span class='ocrx_word' id='word_1_73' title='bbox 1522 1238 1751 1310; x_wconf 83' lang='grc' dir='ltr'>πένητος</span> <span class='ocrx_word' id='word_1_74' title='bbox 1778 1240 1869 1294; x_wconf 87' lang='grc' dir='ltr'><strong>τὸν</strong></span> <span class='ocrx_word' id='word_1_75' title='bbox 1916 1244 1974 1297; x_wconf 86' lang='grc' dir='ltr'>ὲν</span> 
     </span>
    </p>
   </div>
   <div class='ocr_carea' id='block_1_11' title="bbox 387 1309 1971 1399">
    <p class='ocr_par' dir='ltr' id='par_1_11' title="bbox 387 1309 1971 1399">
     <span class='ocr_line' id='line_1_11' title="bbox 387 1309 1971 1399; baseline 0.017 -37"><span class='ocrx_word' id='word_1_76' title='bbox 387 1309 537 1383; x_wconf 84' lang='grc' dir='ltr'>αὑτῷ</span> <span class='ocrx_word' id='word_1_77' title='bbox 563 1316 945 1387; x_wconf 81' lang='grc' dir='ltr'>κεκρυμμένον</span> <span class='ocrx_word' id='word_1_78' title='bbox 971 1319 1179 1391; x_wconf 83' lang='grc' dir='ltr'>Ἰησοῦν</span> <span class='ocrx_word' id='word_1_79' title='bbox 1193 1327 1305 1388; x_wconf 88' lang='grc' dir='ltr'>τοῖς</span> <span class='ocrx_word' id='word_1_80' title='bbox 1326 1329 1615 1399; x_wconf 83' lang='grc' dir='ltr'><strong>κρυφαίοις</strong></span> <span class='ocrx_word' id='word_1_81' title='bbox 1640 1333 1734 1384; x_wconf 81' lang='grc' dir='ltr'>τοῦ</span> <span class='ocrx_word' id='word_1_82' title='bbox 1762 1333 1854 1387; x_wconf 82' lang='grc' dir='ltr'><strong>σοῦ</strong></span> <span class='ocrx_word' id='word_1_83' title='bbox 1879 1335 1971 1389; x_wconf 81' lang='grc' dir='ltr'><strong>νοῦ</strong></span> 
     </span>
    </p>
   </div>
   <div class='ocr_carea' id='block_1_12' title="bbox 386 1402 1968 1497">
    <p class='ocr_par' dir='ltr' id='par_1_12' title="bbox 386 1402 1968 1497">
     <span class='ocr_line' id='line_1_12' title="bbox 386 1402 1968 1497; baseline 0.015 -41"><span class='ocrx_word' id='word_1_84' title='bbox 386 1402 649 1497; x_wconf 80' lang='grc' dir='ltr'>θαλάμοις</span> <span class='ocrx_word' id='word_1_85' title='bbox 672 1406 762 1497; x_wconf 85' lang='grc' dir='ltr'>διὰ</span> <span class='ocrx_word' id='word_1_86' title='bbox 801 1410 1036 1476; x_wconf 87' lang='grc' dir='ltr'>πίστεως</span> <span class='ocrx_word' id='word_1_87' title='bbox 1064 1416 1488 1489; x_wconf 80' lang='grc' dir='ltr'>είσοικιζόμενος</span> <span class='ocrx_word' id='word_1_88' title='bbox 1530 1422 1625 1475; x_wconf 79' lang='grc' dir='ltr'><strong>καὶ</strong></span> <span class='ocrx_word' id='word_1_89' title='bbox 1653 1424 1968 1497; x_wconf 87' lang='grc' dir='ltr'>ἐνιδρυόμε-</span> 
     </span>
    </p>
   </div>
   <div class='ocr_carea' id='block_1_13' title="bbox 386 1496 1972 1590">
    <p class='ocr_par' dir='ltr' id='par_1_13' title="bbox 386 1496 1972 1590">
     <span class='ocr_line' id='line_1_13' title="bbox 386 1496 1972 1590; baseline 0.017 -46"><span class='ocrx_word' id='word_1_90' title='bbox 386 1509 495 1590; x_wconf 80' lang='grc' dir='ltr'>νος·</span> <span class='ocrx_word' id='word_1_91' title='bbox 536 1496 630 1548; x_wconf 78' lang='grc' dir='ltr'><strong>καὶ</strong></span> <span class='ocrx_word' id='word_1_92' title='bbox 659 1496 847 1570; x_wconf 82' lang='grc' dir='ltr'>ὥσπερ</span> <span class='ocrx_word' id='word_1_93' title='bbox 881 1502 909 1552; x_wconf 86' lang='grc' dir='ltr'>ὁ</span> <span class='ocrx_word' id='word_1_94' title='bbox 938 1504 1093 1569; x_wconf 88' lang='grc' dir='ltr'>ἀετὸς</span> <span class='ocrx_word' id='word_1_95' title='bbox 1118 1546 1133 1569; x_wconf 91' lang='grc'><strong>,</strong></span> <span class='ocrx_word' id='word_1_96' title='bbox 1170 1508 1314 1561; x_wconf 86' lang='grc' dir='ltr'>κατὰ</span> <span class='ocrx_word' id='word_1_97' title='bbox 1350 1509 1442 1564; x_wconf 82' lang='grc' dir='ltr'><strong>τὸν</strong></span> <span class='ocrx_word' id='word_1_98' title='bbox 1479 1513 1623 1584; x_wconf 88' lang='grc' dir='ltr'>ἱερὸν</span> <span class='ocrx_word' id='word_1_99' title='bbox 1657 1515 1835 1583; x_wconf 88' lang='grc' dir='ltr'>λόγον,</span> 
     </span>
    </p>
   </div>
   <div class='ocr_carea' id='block_1_14' title="bbox 386 1585 1970 1670">
    <p class='ocr_par' dir='ltr' id='par_1_14' title="bbox 386 1585 1970 1670">
     <span class='ocr_line' id='line_1_14' title="bbox 386 1585 1970 1670; baseline 0.016 -34"><span class='ocrx_word' id='word_1_100' title='bbox 386 1585 552 1639; x_wconf 87' lang='grc' dir='ltr'>αὑτοῦ</span> <span class='ocrx_word' id='word_1_101' title='bbox 602 1590 882 1655; x_wconf 82' lang='grc' dir='ltr'>σκευάζων</span> <span class='ocrx_word' id='word_1_102' title='bbox 930 1596 1186 1663; x_wconf 80' lang='grc' dir='ltr'>νοσσιὰν,</span> <span class='ocrx_word' id='word_1_103' title='bbox 1217 1601 1313 1653; x_wconf 74' lang='grc' dir='ltr'><strong>καὶ</strong></span> <span class='ocrx_word' id='word_1_104' title='bbox 1352 1604 1464 1665; x_wconf 87' lang='grc' dir='ltr'>τοῖς</span> <span class='ocrx_word' id='word_1_105' title='bbox 1501 1610 1742 1670; x_wconf 83' lang='grc' dir='ltr'>νεοσσοῖς</span> <span class='ocrx_word' id='word_1_106' title='bbox 1774 1609 1970 1661; x_wconf 80' lang='grc' dir='ltr'>ἐπιπο-</span> 
     </span>
    </p>
   </div>
   <div class='ocr_carea' id='block_1_15' title="bbox 385 1672 1972 1770">
    <p class='ocr_par' dir='ltr' id='par_1_15' title="bbox 385 1672 1972 1770">
     <span class='ocr_line' id='line_1_15' title="bbox 385 1672 1972 1770; baseline 0.016 -44"><span class='ocrx_word' id='word_1_107' title='bbox 385 1672 527 1728; x_wconf 84' lang='grc' dir='ltr'><strong>θῶν⁶</strong></span> <span class='ocrx_word' id='word_1_108' title='bbox 571 1677 714 1732; x_wconf 83' lang='grc' dir='ltr'>οὑτω</span> <span class='ocrx_word' id='word_1_109' title='bbox 743 1682 837 1733; x_wconf 82' lang='grc' dir='ltr'><strong>καὶ</strong></span> <span class='ocrx_word' id='word_1_110' title='bbox 871 1683 936 1736; x_wconf 85' lang='grc' dir='ltr'><strong>σὺ</strong></span> <span class='ocrx_word' id='word_1_111' title='bbox 968 1685 1136 1749; x_wconf 85' lang='grc' dir='ltr'>πολὺς</span> <span class='ocrx_word' id='word_1_112' title='bbox 1164 1688 1425 1760; x_wconf 84' lang='grc' dir='ltr'>ὑπάρχων</span> <span class='ocrx_word' id='word_1_113' title='bbox 1459 1696 1524 1763; x_wconf 78' lang='grc' dir='ltr'>τῇ</span> <span class='ocrx_word' id='word_1_114' title='bbox 1560 1698 1848 1770; x_wconf 75' lang='grc' dir='ltr'>περιουσίᾳ</span> <span class='ocrx_word' id='word_1_115' title='bbox 1884 1693 1972 1752; x_wconf 78' lang='grc' dir='ltr'><strong>οἷα</strong></span> 
     </span>
    </p>
   </div>
   <div class='ocr_carea' id='block_1_16' title="bbox 384 1764 1968 1857">
    <p class='ocr_par' dir='ltr' id='par_1_16' title="bbox 384 1764 1968 1857">
     <span class='ocr_line' id='line_1_16' title="bbox 384 1764 1968 1857; baseline 0.016 -40"><span class='ocrx_word' id='word_1_116' title='bbox 384 1764 580 1822; x_wconf 84' lang='grc' dir='ltr'>λεπτὸν</span> <span class='ocrx_word' id='word_1_117' title='bbox 614 1768 763 1840; x_wconf 81' lang='grc' dir='ltr'>ὄρνιν</span> <span class='ocrx_word' id='word_1_118' title='bbox 804 1773 1077 1843; x_wconf 82' lang='grc' dir='ltr'>ἀμφέπων</span> <span class='ocrx_word' id='word_1_119' title='bbox 1111 1778 1203 1831; x_wconf 85' lang='grc' dir='ltr'>τὸν</span> <span class='ocrx_word' id='word_1_120' title='bbox 1232 1780 1440 1852; x_wconf 86' lang='grc' dir='ltr'>πένητα</span> <span class='ocrx_word' id='word_1_121' title='bbox 1471 1785 1565 1837; x_wconf 73' lang='grc' dir='ltr'><strong>καὶ</strong></span> <span class='ocrx_word' id='word_1_122' title='bbox 1596 1764 1968 1857; x_wconf 30' lang='grc' dir='ltr'>περισκέίπων,</span> 
     </span>
    </p>
   </div>
   <div class='ocr_carea' id='block_1_17' title="bbox 382 1860 1190 1938">
    <p class='ocr_par' dir='ltr' id='par_1_17' title="bbox 382 1860 1190 1938">
     <span class='ocr_line' id='line_1_17' title="bbox 382 1860 1190 1938; baseline 0.015 -27"><span class='ocrx_word' id='word_1_123' title='bbox 382 1860 441 1912; x_wconf 79' lang='grc' dir='ltr'>ἐν</span> <span class='ocrx_word' id='word_1_124' title='bbox 474 1860 624 1932; x_wconf 88' lang='grc' dir='ltr'>αὑτῷ</span> <span class='ocrx_word' id='word_1_125' title='bbox 648 1862 904 1935; x_wconf 81' lang='grc' dir='ltr'>εὑρήσεις</span> <span class='ocrx_word' id='word_1_126' title='bbox 933 1865 1190 1938; x_wconf 84' lang='grc' dir='ltr'>Χριστόν.</span> 
     </span>
    </p>
   </div>
   <div class='ocr_carea' id='block_1_18' title="bbox 383 1993 1745 2082">
    <p class='ocr_par' dir='ltr' id='par_1_18' title="bbox 383 1993 1745 2082">
     <span class='ocr_line' id='line_1_18' title="bbox 383 1993 1745 2082; baseline 0.018 -35"><span class='ocrx_word' id='word_1_127' title='bbox 383 1993 487 2050; x_wconf 70' lang='grc'><strong>129</strong></span> <span class='ocrx_word' id='word_1_128' title='bbox 515 1996 823 2063; x_wconf 82' lang='grc' dir='ltr'>Κρεῑσσον</span> <span class='ocrx_word' id='word_1_129' title='bbox 850 2003 1028 2057; x_wconf 78' lang='grc' dir='ltr'>πενία</span> <span class='ocrx_word' id='word_1_130' title='bbox 1066 2004 1153 2074; x_wconf 84' lang='grc' dir='ltr'>μὴ</span> <span class='ocrx_word' id='word_1_131' title='bbox 1188 2006 1424 2075; x_wconf 78' lang='grc' dir='ltr'><strong>δικαίας</strong></span> <span class='ocrx_word' id='word_1_132' title='bbox 1456 2012 1745 2082; x_wconf 80' lang='grc' dir='ltr'>κτήσεως.</span> 
     </span>
    </p>
   </div>
   <div class='ocr_carea' id='block_1_19' title="bbox 452 2134 1969 2224">
    <p class='ocr_par' dir='ltr' id='par_1_19' title="bbox 452 2134 1969 2224">
     <span class='ocr_line' id='line_1_19' title="bbox 452 2134 1969 2224; baseline 0.013 -36"><span class='ocrx_word' id='word_1_133' title='bbox 452 2134 620 2188; x_wconf 88' lang='grc' dir='ltr'>Πάλιν</span> <span class='ocrx_word' id='word_1_134' title='bbox 658 2137 754 2191; x_wconf 68' lang='grc' dir='ltr'>καὶ</span> <span class='ocrx_word' id='word_1_135' title='bbox 790 2137 880 2191; x_wconf 87' lang='grc' dir='ltr'>διὰ</span> <span class='ocrx_word' id='word_1_136' title='bbox 918 2140 1029 2193; x_wconf 84' lang='grc' dir='ltr'>τῶν</span> <span class='ocrx_word' id='word_1_137' title='bbox 1073 2146 1452 2217; x_wconf 79' lang='grc' dir='ltr'>προκειμένων</span> <span class='ocrx_word' id='word_1_138' title='bbox 1488 2149 1579 2202; x_wconf 86' lang='grc' dir='ltr'><strong>τὸν</strong></span> <span class='ocrx_word' id='word_1_139' title='bbox 1626 2151 1834 2224; x_wconf 89' lang='grc' dir='ltr'>πένητα</span> <span class='ocrx_word' id='word_1_140' title='bbox 1869 2153 1969 2223; x_wconf 84' lang='grc' dir='ltr'><strong>μὲν</strong></span> 
     </span>
    </p>
   </div>
   <div class='ocr_carea' id='block_1_20' title="bbox 379 2228 1967 2316">
    <p class='ocr_par' dir='ltr' id='par_1_20' title="bbox 379 2228 1967 2316">
     <span class='ocr_line' id='line_1_20' title="bbox 379 2228 1967 2316; baseline 0.013 -38"><span class='ocrx_word' id='word_1_141' title='bbox 379 2228 714 2298; x_wconf 84' lang='grc' dir='ltr'>παρακαλεῖ,</span> <span class='ocrx_word' id='word_1_142' title='bbox 749 2232 846 2286; x_wconf 81' lang='grc' dir='ltr'>τοῦ</span> <span class='ocrx_word' id='word_1_143' title='bbox 886 2234 1142 2290; x_wconf 84' lang='grc' dir='ltr'>πλουσίου</span> <span class='ocrx_word' id='word_1_144' title='bbox 1176 2237 1233 2291; x_wconf 84' lang='grc' dir='ltr'>δὲ</span> <span class='ocrx_word' id='word_1_145' title='bbox 1264 2241 1619 2295; x_wconf 81' lang='grc' dir='ltr'><strong>καταστέλλει</strong></span> <span class='ocrx_word' id='word_1_146' title='bbox 1649 2244 1746 2314; x_wconf 80' lang='grc' dir='ltr'>τὴν</span> <span class='ocrx_word' id='word_1_147' title='bbox 1774 2244 1967 2316; x_wconf 81' lang='grc' dir='ltr'>ὀφρὺν,</span> 
     </span>
    </p>
   </div>
   <div class='ocr_carea' id='block_1_21' title="bbox 380 2321 1972 2403">
    <p class='ocr_par' dir='ltr' id='par_1_21' title="bbox 380 2321 1972 2403">
     <span class='ocr_line' id='line_1_21' title="bbox 380 2321 1972 2403; baseline 0.012 -31"><span class='ocrx_word' id='word_1_148' title='bbox 380 2323 635 2389; x_wconf 86' lang='grc' dir='ltr'>κρεῖσσον</span> <span class='ocrx_word' id='word_1_149' title='bbox 661 2321 800 2378; x_wconf 79' lang='grc' dir='ltr'>εἷναί</span> <span class='ocrx_word' id='word_1_150' title='bbox 827 2343 880 2379; x_wconf 92' lang='grc' dir='ltr'><strong>τι</strong></span> <span class='ocrx_word' id='word_1_151' title='bbox 908 2327 1081 2397; x_wconf 87' lang='grc' dir='ltr'>λέγων</span> <span class='ocrx_word' id='word_1_152' title='bbox 1104 2330 1293 2403; x_wconf 84' lang='grc' dir='ltr'>χρῆμα</span> <span class='ocrx_word' id='word_1_153' title='bbox 1314 2333 1415 2403; x_wconf 83' lang='grc' dir='ltr'>τὴν</span> <span class='ocrx_word' id='word_1_154' title='bbox 1441 2335 1633 2388; x_wconf 87' lang='grc' dir='ltr'>πενίαν</span> <span class='ocrx_word' id='word_1_155' title='bbox 1655 2334 1750 2389; x_wconf 80' lang='grc' dir='ltr'>τοῦ</span> <span class='ocrx_word' id='word_1_156' title='bbox 1776 2337 1837 2402; x_wconf 83' lang='grc' dir='ltr'><strong>ἐξ</strong></span> <span class='ocrx_word' id='word_1_157' title='bbox 1857 2338 1972 2392; x_wconf 86' lang='grc' dir='ltr'>ἁδι-</span> 
     </span>
    </p>
   </div>
   <div class='ocr_carea' id='block_1_22' title="bbox 382 2413 1971 2497">
    <p class='ocr_par' dir='ltr' id='par_1_22' title="bbox 382 2413 1971 2497">
     <span class='ocr_line' id='line_1_22' title="bbox 382 2413 1971 2497; baseline 0.013 -33"><span class='ocrx_word' id='word_1_158' title='bbox 382 2413 507 2477; x_wconf 87' lang='grc' dir='ltr'>κίας</span> <span class='ocrx_word' id='word_1_159' title='bbox 533 2419 921 2488; x_wconf 86' lang='grc' dir='ltr'>συνεστηκότος</span> <span class='ocrx_word' id='word_1_160' title='bbox 951 2420 1205 2487; x_wconf 82' lang='grc' dir='ltr'>πλούτου,</span> <span class='ocrx_word' id='word_1_161' title='bbox 1238 2422 1429 2497; x_wconf 85' lang='grc' dir='ltr'>ὥσπερ</span> <span class='ocrx_word' id='word_1_162' title='bbox 1456 2443 1518 2494; x_wconf 86' lang='grc' dir='ltr'><strong>γε</strong></span> <span class='ocrx_word' id='word_1_163' title='bbox 1554 2427 1647 2480; x_wconf 72' lang='grc' dir='ltr'>καὶ</span> <span class='ocrx_word' id='word_1_164' title='bbox 1684 2428 1838 2483; x_wconf 88' lang='grc' dir='ltr'>νόσον</span> <span class='ocrx_word' id='word_1_165' title='bbox 1867 2429 1971 2483; x_wconf 83' lang='grc' dir='ltr'><strong>σώ-</strong></span> 
     </span>
    </p>
   </div>
   <div class='ocr_carea' id='block_1_23' title="bbox 384 2508 1970 2597">
    <p class='ocr_par' dir='ltr' id='par_1_23' title="bbox 384 2508 1970 2597">
     <span class='ocr_line' id='line_1_23' title="bbox 384 2508 1970 2597; baseline 0.013 -38"><span class='ocrx_word' id='word_1_166' title='bbox 384 2525 551 2577; x_wconf 90' lang='grc' dir='ltr'>ματος</span> <span class='ocrx_word' id='word_1_167' title='bbox 580 2508 773 2580; x_wconf 81' lang='grc' dir='ltr'>βελτίω</span> <span class='ocrx_word' id='word_1_168' title='bbox 797 2530 856 2565; x_wconf 89' lang='grc' dir='ltr'><strong>τε</strong></span> <span class='ocrx_word' id='word_1_169' title='bbox 887 2509 1024 2568; x_wconf 82' lang='grc' dir='ltr'>εἶναι</span> <span class='ocrx_word' id='word_1_170' title='bbox 1054 2516 1132 2587; x_wconf 84' lang='grc' dir='ltr'>τῷ</span> <span class='ocrx_word' id='word_1_171' title='bbox 1158 2519 1401 2573; x_wconf 81' lang='grc' dir='ltr'>νοσοῦντι</span> <span class='ocrx_word' id='word_1_172' title='bbox 1435 2522 1530 2574; x_wconf 76' lang='grc' dir='ltr'><strong>καὶ</strong></span> <span class='ocrx_word' id='word_1_173' title='bbox 1571 2523 1706 2576; x_wconf 82' lang='grc' dir='ltr'><strong>Θεοῦ</strong></span> <span class='ocrx_word' id='word_1_174' title='bbox 1738 2525 1970 2597; x_wconf 89' lang='grc' dir='ltr'>κρίμασι</span> 
     </span>
    </p>
   </div>
   <div class='ocr_carea' id='block_1_24' title="bbox 383 2600 1970 2684">
    <p class='ocr_par' dir='ltr' id='par_1_24' title="bbox 383 2600 1970 2684">
     <span class='ocr_line' id='line_1_24' title="bbox 383 2600 1970 2684; baseline 0.015 -34"><span class='ocrx_word' id='word_1_175' title='bbox 383 2600 758 2675; x_wconf 78' lang='grc' dir='ltr'>πιιδευομένῳ</span> <span class='ocrx_word' id='word_1_176' title='bbox 803 2604 1251 2681; x_wconf 78' lang='grc' dir='ltr'>λυσιτελεστέραν</span> <span class='ocrx_word' id='word_1_177' title='bbox 1294 2613 1474 2684; x_wconf 80' lang='grc' dir='ltr'>κακῆς</span> <span class='ocrx_word' id='word_1_178' title='bbox 1516 2616 1730 2682; x_wconf 81' lang='grc' dir='ltr'>εὐεξίας</span> <span class='ocrx_word' id='word_1_179' title='bbox 1768 2635 1828 2671; x_wconf 91' lang='grc' dir='ltr'><strong>τε</strong></span> <span class='ocrx_word' id='word_1_180' title='bbox 1875 2621 1970 2674; x_wconf 78' lang='grc' dir='ltr'>καὶ</span> 
     </span>
    </p>
   </div>
   <div class='ocr_carea' id='block_1_25' title="bbox 380 2693 1966 2784">
    <p class='ocr_par' dir='ltr' id='par_1_25' title="bbox 380 2693 1966 2784">
     <span class='ocr_line' id='line_1_25' title="bbox 380 2693 1966 2784; baseline 0.012 -39"><span class='ocrx_word' id='word_1_181' title='bbox 380 2693 612 2762; x_wconf 86' lang='grc' dir='ltr'>ὑγιείας.</span> <span class='ocrx_word' id='word_1_182' title='bbox 649 2697 745 2761; x_wconf 90' lang='grc' dir='ltr'><strong>Τίς</strong></span> <span class='ocrx_word' id='word_1_183' title='bbox 780 2699 826 2750; x_wconf 90' lang='grc' dir='ltr'>δ’</span> <span class='ocrx_word' id='word_1_184' title='bbox 868 2699 934 2753; x_wconf 82' lang='grc' dir='ltr'>ἂν</span> <span class='ocrx_word' id='word_1_185' title='bbox 981 2702 1015 2772; x_wconf 83' lang='grc' dir='ltr'>ὴ</span> <span class='ocrx_word' id='word_1_186' title='bbox 1060 2703 1205 2775; x_wconf 86' lang='grc' dir='ltr'>κακὴ</span> <span class='ocrx_word' id='word_1_187' title='bbox 1241 2708 1409 2759; x_wconf 80' lang='grc' dir='ltr'>νοοῖτο</span> <span class='ocrx_word' id='word_1_188' title='bbox 1454 2707 1666 2775; x_wconf 80' lang='grc' dir='ltr'>εὐεξία,</span> <span class='ocrx_word' id='word_1_189' title='bbox 1706 2711 1738 2782; x_wconf 85' lang='grc' dir='ltr'>ἢ</span> <span class='ocrx_word' id='word_1_190' title='bbox 1775 2713 1808 2784; x_wconf 82' lang='grc' dir='ltr'><strong>ἡ</strong></span> <span class='ocrx_word' id='word_1_191' title='bbox 1855 2715 1966 2776; x_wconf 86' lang='grc' dir='ltr'>τοῖς</span> 
     </span>
    </p>
   </div>
   <div class='ocr_carea' id='block_1_26' title="bbox 379 2786 1958 2876">
    <p class='ocr_par' dir='ltr' id='par_1_26' title="bbox 379 2786 1958 2876">
     <span class='ocr_line' id='line_1_26' title="bbox 379 2786 1958 2876; baseline 0.011 -37"><span class='ocrx_word' id='word_1_192' title='bbox 379 2786 691 2858; x_wconf 82' lang='grc' dir='ltr'>ἀσελγείαις</span> <span class='ocrx_word' id='word_1_193' title='bbox 724 2794 816 2846; x_wconf 81' lang='grc' dir='ltr'>καὶ</span> <span class='ocrx_word' id='word_1_194' title='bbox 855 2796 1194 2865; x_wconf 89' lang='grc' dir='ltr'>μιαιφονίαις</span> <span class='ocrx_word' id='word_1_195' title='bbox 1214 2797 1247 2867; x_wconf 80' lang='grc' dir='ltr'>ἢ</span> <span class='ocrx_word' id='word_1_196' title='bbox 1271 2798 1508 2864; x_wconf 84' lang='grc' dir='ltr'>ἀδικίαις</span> <span class='ocrx_word' id='word_1_197' title='bbox 1531 2802 1783 2872; x_wconf 80' lang='grc' dir='ltr'>χαίρουσι</span> <span class='ocrx_word' id='word_1_198' title='bbox 1813 2820 1958 2876; x_wconf 89' lang='grc' dir='ltr'>παρ-</span> 
     </span>
    </p>
   </div>
   <div class='ocr_carea' id='block_1_27' title="bbox 378 2882 1969 2968">
    <p class='ocr_par' dir='ltr' id='par_1_27' title="bbox 378 2882 1969 2968">
     <span class='ocr_line' id='line_1_27' title="bbox 378 2882 1969 2968; baseline 0.012 -38"><span class='ocrx_word' id='word_1_199' title='bbox 378 2882 620 2954; x_wconf 83' lang='grc' dir='ltr'>επομένη</span> <span class='ocrx_word' id='word_1_200' title='bbox 640 2900 653 2947; x_wconf 92' lang='grc'><strong>;</strong></span> <span class='ocrx_word' id='word_1_201' title='bbox 675 2885 785 2938; x_wconf 81' lang='grc' dir='ltr'><strong>Καὶ</strong></span> <span class='ocrx_word' id='word_1_202' title='bbox 810 2886 919 2959; x_wconf 80' lang='grc' dir='ltr'>γὰρ</span> <span class='ocrx_word' id='word_1_203' title='bbox 943 2886 1021 2958; x_wconf 80' lang='grc' dir='ltr'><strong>τῷ</strong></span> <span class='ocrx_word' id='word_1_204' title='bbox 1051 2888 1117 2942; x_wconf 83' lang='grc' dir='ltr'><strong>ἐκ</strong></span> <span class='ocrx_word' id='word_1_205' title='bbox 1142 2890 1405 2955; x_wconf 82' lang='grc' dir='ltr'>σιτοδείας</span> <span class='ocrx_word' id='word_1_206' title='bbox 1437 2892 1535 2961; x_wconf 86' lang='grc' dir='ltr'><strong>μὲν</strong></span> <span class='ocrx_word' id='word_1_207' title='bbox 1564 2893 1805 2965; x_wconf 80' lang='grc' dir='ltr'>ἦπενίας</span> <span class='ocrx_word' id='word_1_208' title='bbox 1826 2895 1969 2968; x_wconf 85' lang='grc' dir='ltr'>λιμῴ</span> 
     </span>
    </p>
   </div>
   <div class='ocr_carea' id='block_1_28' title="bbox 377 2971 1967 3055">
    <p class='ocr_par' dir='ltr' id='par_1_28' title="bbox 377 2971 1967 3055">
     <span class='ocr_line' id='line_1_28' title="bbox 377 2971 1967 3055; baseline 0.012 -32"><span class='ocrx_word' id='word_1_209' title='bbox 377 2971 549 3037; x_wconf 77' lang='grc' dir='ltr'>οὐδεὶς</span> <span class='ocrx_word' id='word_1_210' title='bbox 581 2974 659 3045; x_wconf 82' lang='grc' dir='ltr'>τῷ</span> <span class='ocrx_word' id='word_1_211' title='bbox 698 2974 914 3050; x_wconf 83' lang='grc' dir='ltr'>θανάτῳ</span> <span class='ocrx_word' id='word_1_212' title='bbox 952 2982 1274 3051; x_wconf 87' lang='grc' dir='ltr'>περιπίπτει</span> <span class='ocrx_word' id='word_1_213' title='bbox 1304 2984 1404 3055; x_wconf 82' lang='grc' dir='ltr'>τῆς</span> <span class='ocrx_word' id='word_1_214' title='bbox 1441 2984 1619 3055; x_wconf 70' lang='grc' dir='ltr'>ψυχῆς</span> <span class='ocrx_word' id='word_1_215' title='bbox 1641 3025 1656 3050; x_wconf 93' lang='grc'><strong>,</strong></span> <span class='ocrx_word' id='word_1_216' title='bbox 1692 2986 1806 3040; x_wconf 87' lang='grc' dir='ltr'>ἀλλ’</span> <span class='ocrx_word' id='word_1_217' title='bbox 1847 2990 1967 3042; x_wconf 83' lang='grc' dir='ltr'>οὑδὲ</span> 
     </span>
    </p>
   </div>
   <div class='ocr_carea' id='block_1_29' title="bbox 376 3057 1977 3150">
    <p class='ocr_par' dir='ltr' id='par_1_29' title="bbox 376 3057 1977 3150">
     <span class='ocr_line' id='line_1_29' title="bbox 376 3057 1977 3150; baseline 0.014 -41"><span class='ocrx_word' id='word_1_218' title='bbox 376 3057 456 3129; x_wconf 83' lang='grc' dir='ltr'>τῷ</span> <span class='ocrx_word' id='word_1_219' title='bbox 485 3060 579 3113; x_wconf 77' lang='grc' dir='ltr'>τοῦ</span> <span class='ocrx_word' id='word_1_220' title='bbox 614 3061 866 3133; x_wconf 86' lang='grc' dir='ltr'>σώματος</span> <span class='ocrx_word' id='word_1_221' title='bbox 895 3068 1119 3139; x_wconf 77' lang='grc' dir='ltr'>ῥᾳδίως,</span> <span class='ocrx_word' id='word_1_222' title='bbox 1160 3074 1276 3134; x_wconf 91' lang='grc' dir='ltr'>τοῖς</span> <span class='ocrx_word' id='word_1_223' title='bbox 1302 3072 1649 3143; x_wconf 84' lang='grc' dir='ltr'>ἁμαρτωλοῖς</span> <span class='ocrx_word' id='word_1_224' title='bbox 1685 3075 1743 3130; x_wconf 89' lang='grc' dir='ltr'>δὲ</span> <span class='ocrx_word' id='word_1_225' title='bbox 1772 3078 1865 3130; x_wconf 73' lang='grc' dir='ltr'><strong>καὶ</strong></span> <span class='ocrx_word' id='word_1_226' title='bbox 1890 3079 1977 3150; x_wconf 72' lang='grc' dir='ltr'>τῷ</span> 
     </span>
    </p>
   </div>
   <div class='ocr_carea' id='block_1_30' title="bbox 376 3151 1684 3239">
    <p class='ocr_par' dir='ltr' id='par_1_30' title="bbox 376 3151 1684 3239">
     <span class='ocr_line' id='line_1_30' title="bbox 376 3151 1684 3239; baseline 0.013 -35"><span class='ocrx_word' id='word_1_227' title='bbox 376 3151 493 3207; x_wconf 82' lang='grc' dir='ltr'>δντι</span> <span class='ocrx_word' id='word_1_228' title='bbox 520 3159 708 3221; x_wconf 87' lang='grc' dir='ltr'>κακοῖς</span> <span class='ocrx_word' id='word_1_229' title='bbox 737 3158 965 3224; x_wconf 86' lang='grc' dir='ltr'>θάνατος</span> <span class='ocrx_word' id='word_1_230' title='bbox 990 3162 1331 3234; x_wconf 82' lang='grc' dir='ltr'>καθέστηκεν</span> <span class='ocrx_word' id='word_1_231' title='bbox 1358 3166 1390 3237; x_wconf 77' lang='grc' dir='ltr'>ἡ</span> <span class='ocrx_word' id='word_1_232' title='bbox 1421 3166 1684 3239; x_wconf 84' lang='grc' dir='ltr'>ἁμαρτία.</span> 
     </span>
    </p>
   </div>
   <div class='ocr_carea' id='block_1_31' title="bbox 377 3289 1969 3377">
    <p class='ocr_par' dir='ltr' id='par_1_31' title="bbox 377 3289 1969 3377">
     <span class='ocr_line' id='line_1_31' title="bbox 377 3289 1969 3377; baseline 0.012 -34"><span class='ocrx_word' id='word_1_233' title='bbox 377 3289 481 3347; x_wconf 73' lang='grc'><strong>135</strong></span> <span class='ocrx_word' id='word_1_234' title='bbox 516 3293 609 3358; x_wconf 79' lang='grc' dir='ltr'>Τίς</span> <span class='ocrx_word' id='word_1_235' title='bbox 640 3293 716 3366; x_wconf 84' lang='grc'>(7)</span> <span class='ocrx_word' id='word_1_236' title='bbox 747 3294 1051 3367; x_wconf 80' lang='grc' dir='ltr'>δεσπότης</span> <span class='ocrx_word' id='word_1_237' title='bbox 1088 3300 1127 3368; x_wconf 85' lang='grc' dir='ltr'><strong><em>ἣ</em></strong></span> <span class='ocrx_word' id='word_1_238' title='bbox 1171 3299 1413 3367; x_wconf 81' lang='grc' dir='ltr'>δοῦλος,</span> <span class='ocrx_word' id='word_1_239' title='bbox 1448 3304 1488 3371; x_wconf 79' lang='grc' dir='ltr'><strong><em>ή</em></strong></span> <span class='ocrx_word' id='word_1_240' title='bbox 1535 3305 1740 3375; x_wconf 74' lang='grc' dir='ltr'>φαύλη</span> <span class='ocrx_word' id='word_1_241' title='bbox 1771 3306 1921 3377; x_wconf 83' lang='grc' dir='ltr'>τομή</span> <span class='ocrx_word' id='word_1_242' title='bbox 1949 3325 1969 3372; x_wconf 85' lang='grc'><strong><em>;</em></strong></span> 
     </span>
    </p>
   </div>
   <div class='ocr_carea' id='block_1_32' title="bbox 449 3448 1969 3531">
    <p class='ocr_par' dir='ltr' id='par_1_32' title="bbox 449 3448 1969 3531">
     <span class='ocr_line' id='line_1_32' title="bbox 449 3448 1969 3531; baseline 0.011 -31"><span class='ocrx_word' id='word_1_243' title='bbox 449 3448 874 3521; x_wconf 86' lang='grc' dir='ltr'>Γνωμοδοτήσας</span> <span class='ocrx_word' id='word_1_244' title='bbox 920 3455 949 3506; x_wconf 85' lang='grc' dir='ltr'>ὁ</span> <span class='ocrx_word' id='word_1_245' title='bbox 997 3454 1439 3524; x_wconf 64' lang='grc' dir='ltr'>φιλοσοφώτατος</span> <span class='ocrx_word' id='word_1_246' title='bbox 1485 3458 1553 3514; x_wconf 85' lang='grc' dir='ltr'>τὰ</span> <span class='ocrx_word' id='word_1_247' title='bbox 1600 3461 1729 3531; x_wconf 66' lang='grc' dir='ltr'><strong>περ)⁵</strong></span> <span class='ocrx_word' id='word_1_248' title='bbox 1777 3462 1969 3528; x_wconf 91' lang='grc' dir='ltr'>πενίας</span> 
     </span>
    </p>
   </div>
   <div class='ocr_carea' id='block_1_33' title="bbox 376 3540 1965 3621">
    <p class='ocr_par' dir='ltr' id='par_1_33' title="bbox 376 3540 1965 3621">
     <span class='ocr_line' id='line_1_33' title="bbox 376 3540 1965 3621; baseline 0.008 -29"><span class='ocrx_word' id='word_1_249' title='bbox 376 3540 471 3593; x_wconf 75' lang='grc' dir='ltr'><strong>καὶ</strong></span> <span class='ocrx_word' id='word_1_250' title='bbox 502 3541 735 3595; x_wconf 88' lang='grc' dir='ltr'>πλούτου</span> <span class='ocrx_word' id='word_1_251' title='bbox 769 3543 1162 3613; x_wconf 79' lang='grc' dir='ltr'>εὑαγγελικῷς,</span> <span class='ocrx_word' id='word_1_252' title='bbox 1201 3546 1279 3610; x_wconf 87' lang='grc' dir='ltr'><strong>ὡς</strong></span> <span class='ocrx_word' id='word_1_253' title='bbox 1318 3547 1507 3619; x_wconf 82' lang='grc' dir='ltr'>ἐχρῆν,</span> <span class='ocrx_word' id='word_1_254' title='bbox 1548 3549 1643 3601; x_wconf 64' lang='grc' dir='ltr'><strong>καὶ⁹</strong></span> <span class='ocrx_word' id='word_1_255' title='bbox 1671 3549 1965 3621; x_wconf 87' lang='grc' dir='ltr'>θεοσόφως,</span> 
     </span>
    </p>
   </div>
   <div class='ocr_carea' id='block_1_34' title="bbox 377 3633 1967 3715">
    <p class='ocr_par' dir='ltr' id='par_1_34' title="bbox 377 3633 1967 3715">
     <span class='ocr_line' id='line_1_34' title="bbox 377 3633 1967 3715; baseline 0.008 -31"><span class='ocrx_word' id='word_1_256' title='bbox 377 3633 507 3705; x_wconf 73' lang='grc' dir='ltr'>περὶ</span> <span class='ocrx_word' id='word_1_257' title='bbox 537 3634 855 3698; x_wconf 86' lang='grc' dir='ltr'>δεσποτείας</span> <span class='ocrx_word' id='word_1_258' title='bbox 888 3635 1073 3691; x_wconf 86' lang='grc' dir='ltr'>λοιπὸν</span> <span class='ocrx_word' id='word_1_259' title='bbox 1104 3640 1199 3691; x_wconf 81' lang='grc' dir='ltr'><strong>καὶ</strong></span> <span class='ocrx_word' id='word_1_260' title='bbox 1228 3639 1473 3704; x_wconf 85' lang='grc' dir='ltr'>δουλείας</span> <span class='ocrx_word' id='word_1_261' title='bbox 1500 3640 1580 3711; x_wconf 83' lang='grc' dir='ltr'>τῷ</span> <span class='ocrx_word' id='word_1_262' title='bbox 1612 3642 1967 3715; x_wconf 83' lang='grc' dir='ltr'>πνευματικῷ</span> 
     </span>
    </p>
   </div>
   <div class='ocr_carea' id='block_1_35' title="bbox 376 3724 1964 3805">
    <p class='ocr_par' dir='ltr' id='par_1_35' title="bbox 376 3724 1964 3805">
     <span class='ocr_line' id='line_1_35' title="bbox 376 3724 1964 3805; baseline 0.008 -28"><span class='ocrx_word' id='word_1_263' title='bbox 376 3724 526 3795; x_wconf 86' lang='grc' dir='ltr'>νόμῳ</span> <span class='ocrx_word' id='word_1_264' title='bbox 550 3727 643 3779; x_wconf 79' lang='grc' dir='ltr'>καὶ</span> <span class='ocrx_word' id='word_1_265' title='bbox 665 3726 836 3781; x_wconf 76' lang='grc' dir='ltr'>ταῦτα</span> <span class='ocrx_word' id='word_1_266' title='bbox 859 3727 1150 3801; x_wconf 88' lang='grc' dir='ltr'>διακρίνει,</span> <span class='ocrx_word' id='word_1_267' title='bbox 1189 3732 1287 3796; x_wconf 90' lang='grc' dir='ltr'>Τίς</span> <span class='ocrx_word' id='word_1_268' title='bbox 1315 3734 1431 3786; x_wconf 88' lang='grc' dir='ltr'>ἐστι</span> <span class='ocrx_word' id='word_1_269' title='bbox 1457 3733 1746 3805; x_wconf 84' lang='grc' dir='ltr'>δεσπότης,</span> <span class='ocrx_word' id='word_1_270' title='bbox 1769 3734 1964 3804; x_wconf 90' lang='grc' dir='ltr'>λέγων,</span> 
     </span>
    </p>
   </div>
   <div class='ocr_carea' id='block_1_36' title="bbox 375 3817 1966 3899">
    <p class='ocr_par' dir='ltr' id='par_1_36' title="bbox 375 3817 1966 3899">
     <span class='ocr_line' id='line_1_36' title="bbox 375 3817 1966 3899; baseline 0.008 -30"><span class='ocrx_word' id='word_1_271' title='bbox 375 3817 458 3881; x_wconf 87' lang='grc' dir='ltr'><strong>τίς</strong></span> <span class='ocrx_word' id='word_1_272' title='bbox 489 3817 545 3872; x_wconf 85' lang='grc' dir='ltr'>δὲ</span> <span class='ocrx_word' id='word_1_273' title='bbox 571 3818 713 3873; x_wconf 86' lang='grc' dir='ltr'>κατὰ</span> <span class='ocrx_word' id='word_1_274' title='bbox 739 3820 899 3889; x_wconf 79' lang='grc' dir='ltr'>φύσιν</span> <span class='ocrx_word' id='word_1_275' title='bbox 924 3822 1144 3891; x_wconf 79' lang='grc' dir='ltr'>δοῦλος;</span> <span class='ocrx_word' id='word_1_276' title='bbox 1170 3825 1284 3878; x_wconf 88' lang='grc' dir='ltr'>Οὐκ</span> <span class='ocrx_word' id='word_1_277' title='bbox 1308 3825 1531 3898; x_wconf 77' lang='grc' dir='ltr'>ἐκτίσθη</span> <span class='ocrx_word' id='word_1_278' title='bbox 1553 3826 1840 3899; x_wconf 87' lang='grc' dir='ltr'>δεσπότης,</span> <span class='ocrx_word' id='word_1_279' title='bbox 1865 3828 1966 3881; x_wconf 86' lang='grc' dir='ltr'><strong>οὑκ</strong></span> 
     </span>
    </p>
   </div>
   <div class='ocr_carea' id='block_1_37' title="bbox 376 3909 1964 3991">
    <p class='ocr_par' dir='ltr' id='par_1_37' title="bbox 376 3909 1964 3991">
     <span class='ocr_line' id='line_1_37' title="bbox 376 3909 1964 3991; baseline 0.008 -29"><span class='ocrx_word' id='word_1_280' title='bbox 376 3909 600 3983; x_wconf 75' lang='grc' dir='ltr'>ἐκτίσθη</span> <span class='ocrx_word' id='word_1_281' title='bbox 636 3911 822 3977; x_wconf 79' lang='grc' dir='ltr'>δοῦλος</span> <span class='ocrx_word' id='word_1_282' title='bbox 850 3914 945 3968; x_wconf 85' lang='grc' dir='ltr'>ἀπ’</span> <span class='ocrx_word' id='word_1_283' title='bbox 976 3916 1149 3987; x_wconf 84' lang='grc' dir='ltr'>ἀρχῆς</span> <span class='ocrx_word' id='word_1_284' title='bbox 1172 3932 1184 3945; x_wconf 91' lang='grc'><strong>·</strong></span> <span class='ocrx_word' id='word_1_285' title='bbox 1220 3916 1360 3989; x_wconf 77' lang='grc' dir='ltr'>αὕτη</span> <span class='ocrx_word' id='word_1_286' title='bbox 1398 3917 1575 3989; x_wconf 86' lang='grc' dir='ltr'>φαύλη</span> <span class='ocrx_word' id='word_1_287' title='bbox 1605 3920 1779 3991; x_wconf 82' lang='grc' dir='ltr'>τομὴ,</span> <span class='ocrx_word' id='word_1_288' title='bbox 1822 3920 1964 3991; x_wconf 80' lang='grc' dir='ltr'>αὕτη</span> 
     </span>
    </p>
   </div>
   <div class='ocr_carea' id='block_1_38' title="bbox 375 4001 1957 4085">
    <p class='ocr_par' dir='ltr' id='par_1_38' title="bbox 375 4001 1957 4085">
     <span class='ocr_line' id='line_1_38' title="bbox 375 4001 1957 4085; baseline 0.008 -30"><span class='ocrx_word' id='word_1_289' title='bbox 375 4001 639 4076; x_wconf 88' lang='grc' dir='ltr'>διαίρεσις</span> <span class='ocrx_word' id='word_1_290' title='bbox 671 4008 991 4078; x_wconf 84' lang='grc' dir='ltr'>τυραννική.</span> <span class='ocrx_word' id='word_1_291' title='bbox 1022 4010 1132 4064; x_wconf 74' lang='grc' dir='ltr'>Καὶ</span> <span class='ocrx_word' id='word_1_292' title='bbox 1164 4009 1273 4081; x_wconf 85' lang='grc' dir='ltr'>γὰρ</span> <span class='ocrx_word' id='word_1_293' title='bbox 1313 4011 1389 4075; x_wconf 84' lang='grc' dir='ltr'>ὡς</span> <span class='ocrx_word' id='word_1_294' title='bbox 1418 4006 1498 4075; x_wconf 74' lang='grc' dir='ltr'>εἷς</span> <span class='ocrx_word' id='word_1_295' title='bbox 1530 4013 1665 4065; x_wconf 81' lang='grc' dir='ltr'>πᾶσι</span> <span class='ocrx_word' id='word_1_296' title='bbox 1705 4012 1957 4085; x_wconf 87' lang='grc' dir='ltr'>πλάστης</span> 
     </span>
    </p>
   </div>
   <div class='ocr_carea' id='block_1_39' title="bbox 374 4091 1964 4176">
    <p class='ocr_par' dir='ltr' id='par_1_39' title="bbox 374 4091 1964 4176">
     <span class='ocr_line' id='line_1_39' title="bbox 374 4091 1964 4176; baseline 0.009 -30"><span class='ocrx_word' id='word_1_297' title='bbox 374 4094 598 4164; x_wconf 85' lang='grc' dir='ltr'>ὁμοίως,</span> <span class='ocrx_word' id='word_1_298' title='bbox 644 4091 726 4161; x_wconf 84' lang='grc' dir='ltr'>εἷς</span> <span class='ocrx_word' id='word_1_299' title='bbox 765 4101 900 4154; x_wconf 82' lang='grc' dir='ltr'>πᾶσι</span> <span class='ocrx_word' id='word_1_300' title='bbox 942 4102 1128 4171; x_wconf 89' lang='grc' dir='ltr'>νόμος,</span> <span class='ocrx_word' id='word_1_301' title='bbox 1178 4103 1361 4174; x_wconf 88' lang='grc' dir='ltr'>κρίσις</span> <span class='ocrx_word' id='word_1_302' title='bbox 1402 4104 1502 4173; x_wconf 86' lang='grc' dir='ltr'><strong>μία</strong></span> <span class='ocrx_word' id='word_1_303' title='bbox 1538 4106 1632 4157; x_wconf 77' lang='grc' dir='ltr'>καὶ</span> <span class='ocrx_word' id='word_1_304' title='bbox 1660 4108 1758 4175; x_wconf 87' lang='grc' dir='ltr'><strong>μία</strong></span> <span class='ocrx_word' id='word_1_305' title='bbox 1802 4107 1964 4176; x_wconf 85' lang='grc' dir='ltr'>φύσις</span> 
     </span>
    </p>
   </div>
   <div class='ocr_carea' id='block_1_40' title="bbox 376 4184 1963 4265">
    <p class='ocr_par' dir='ltr' id='par_1_40' title="bbox 376 4184 1963 4265">
     <span class='ocr_line' id='line_1_40' title="bbox 376 4184 1963 4265; baseline 0.009 -27"><span class='ocrx_word' id='word_1_306' title='bbox 376 4184 579 4241; x_wconf 82' lang='grc' dir='ltr'>διπασιν</span> <span class='ocrx_word' id='word_1_307' title='bbox 618 4190 926 4262; x_wconf 86' lang='grc' dir='ltr'>ἀνθρώποις</span> <span class='ocrx_word' id='word_1_308' title='bbox 971 4195 1003 4265; x_wconf 85' lang='grc' dir='ltr'><strong>ἡ</strong></span> <span class='ocrx_word' id='word_1_309' title='bbox 1045 4194 1182 4265; x_wconf 84' lang='grc' dir='ltr'>αὐτή</span> <span class='ocrx_word' id='word_1_310' title='bbox 1204 4211 1217 4224; x_wconf 88' lang='grc'><strong>·</strong></span> <span class='ocrx_word' id='word_1_311' title='bbox 1254 4194 1397 4249; x_wconf 83' lang='grc' dir='ltr'>οὑτω</span> <span class='ocrx_word' id='word_1_312' title='bbox 1429 4196 1523 4250; x_wconf 74' lang='grc' dir='ltr'><strong>καὶ</strong></span> <span class='ocrx_word' id='word_1_313' title='bbox 1550 4197 1727 4251; x_wconf 78' lang='grc' dir='ltr'>δοῦλοι</span> <span class='ocrx_word' id='word_1_314' title='bbox 1761 4200 1963 4264; x_wconf 80' lang='grc' dir='ltr'>πάντες</span> 
     </span>
    </p>
   </div>
   <div class='ocr_carea' id='block_1_41' title="bbox 374 4281 1962 4364">
    <p class='ocr_par' dir='ltr' id='par_1_41' title="bbox 374 4281 1962 4364">
     <span class='ocr_line' id='line_1_41' title="bbox 374 4281 1962 4364; baseline 0.008 -31"><span class='ocrx_word' id='word_1_315' title='bbox 374 4281 575 4350; x_wconf 81' lang='grc' dir='ltr'>ὁμοίως</span> <span class='ocrx_word' id='word_1_316' title='bbox 602 4282 878 4356; x_wconf 78' lang='grc' dir='ltr'>ἄνθρωποι</span> <span class='ocrx_word' id='word_1_317' title='bbox 918 4286 1009 4356; x_wconf 87' lang='grc' dir='ltr'>ὑφ’</span> <span class='ocrx_word' id='word_1_318' title='bbox 1036 4288 1117 4341; x_wconf 75' lang='grc' dir='ltr'><strong>ἐνὶ</strong></span> <span class='ocrx_word' id='word_1_319' title='bbox 1148 4289 1350 4359; x_wconf 79' lang='grc' dir='ltr'>Ποιητῇ</span> <span class='ocrx_word' id='word_1_320' title='bbox 1382 4289 1475 4342; x_wconf 74' lang='grc' dir='ltr'>καὶ</span> <span class='ocrx_word' id='word_1_321' title='bbox 1521 4292 1769 4364; x_wconf 85' lang='grc' dir='ltr'>Δεσπότῃ</span> <span class='ocrx_word' id='word_1_322' title='bbox 1811 4309 1962 4346; x_wconf 88' lang='grc' dir='ltr'>τετα-</span> 
     </span>
    </p>
   </div>
   <div class='ocr_carea' id='block_1_42' title="bbox 376 4372 1951 4455">
    <p class='ocr_par' dir='ltr' id='par_1_42' title="bbox 376 4372 1951 4455">
     <span class='ocr_line' id='line_1_42' title="bbox 376 4372 1951 4455; baseline 0.008 -32"><span class='ocrx_word' id='word_1_323' title='bbox 376 4372 571 4443; x_wconf 87' lang='grc' dir='ltr'>γμένοι</span> <span class='ocrx_word' id='word_1_324' title='bbox 596 4374 675 4444; x_wconf 82' lang='grc' dir='ltr'><strong>τῷ</strong></span> <span class='ocrx_word' id='word_1_325' title='bbox 703 4376 844 4447; x_wconf 85' lang='grc' dir='ltr'>Θεῷ.</span> <span class='ocrx_word' id='word_1_326' title='bbox 880 4377 951 4431; x_wconf 83' lang='grc' dir='ltr'><strong>Σὺ</strong></span> <span class='ocrx_word' id='word_1_327' title='bbox 981 4374 1075 4430; x_wconf 75' lang='grc' dir='ltr'><strong>οὖν</strong></span> <span class='ocrx_word' id='word_1_328' title='bbox 1094 4418 1109 4440; x_wconf 87' lang='grc'><strong>,</strong></span> <span class='ocrx_word' id='word_1_329' title='bbox 1139 4380 1345 4448; x_wconf 82' lang='grc' dir='ltr'>φησὶνὸ</span> <span class='ocrx_word' id='word_1_330' title='bbox 1372 4381 1688 4449; x_wconf 81' lang='grc' dir='ltr'>φιλοσοφίας</span> <span class='ocrx_word' id='word_1_331' title='bbox 1718 4382 1951 4455; x_wconf 89' lang='grc' dir='ltr'>ἀρίστης</span> 
     </span>
    </p>
   </div>
   <div class='ocr_carea' id='block_1_43' title="bbox 375 4465 1959 4544">
    <p class='ocr_par' dir='ltr' id='par_1_43' title="bbox 375 4465 1959 4544">
     <span class='ocr_line' id='line_1_43' title="bbox 375 4465 1959 4544; baseline 0.006 -27"><span class='ocrx_word' id='word_1_332' title='bbox 375 4465 470 4517; x_wconf 81' lang='grc' dir='ltr'><strong>καὶ</strong></span> <span class='ocrx_word' id='word_1_333' title='bbox 508 4465 766 4536; x_wconf 88' lang='grc' dir='ltr'>ἀληθείας</span> <span class='ocrx_word' id='word_1_334' title='bbox 796 4468 969 4537; x_wconf 86' lang='grc' dir='ltr'>λόγων</span> <span class='ocrx_word' id='word_1_335' title='bbox 1007 4470 1262 4541; x_wconf 76' lang='grc' dir='ltr'>ἐραστὴς,</span> <span class='ocrx_word' id='word_1_336' title='bbox 1299 4472 1404 4524; x_wconf 84' lang='grc' dir='ltr'><strong>ὑπὸ</strong></span> <span class='ocrx_word' id='word_1_337' title='bbox 1437 4472 1545 4524; x_wconf 84' lang='grc' dir='ltr'><strong>τῶν</strong></span> <span class='ocrx_word' id='word_1_338' title='bbox 1574 4472 1959 4544; x_wconf 84' lang='grc' dir='ltr'>περιεστώτων</span> 
     </span>
    </p>
   </div>
   <div class='ocr_carea' id='block_1_44' title="bbox 373 4557 1958 4635">
    <p class='ocr_par' dir='ltr' id='par_1_44' title="bbox 373 4557 1958 4635">
     <span class='ocr_line' id='line_1_44' title="bbox 373 4557 1958 4635; baseline 0.006 -26"><span class='ocrx_word' id='word_1_339' title='bbox 373 4557 601 4611; x_wconf 87' lang='grc' dir='ltr'>οίκετῶν</span> <span class='ocrx_word' id='word_1_340' title='bbox 635 4559 1096 4631; x_wconf 82' lang='grc' dir='ltr'>ὑπηρετούμενος,</span> <span class='ocrx_word' id='word_1_341' title='bbox 1144 4562 1217 4634; x_wconf 80' lang='grc' dir='ltr'>μὴ</span> <span class='ocrx_word' id='word_1_342' title='bbox 1258 4564 1470 4634; x_wconf 83' lang='grc' dir='ltr'>σεαυτῷ</span> <span class='ocrx_word' id='word_1_343' title='bbox 1500 4565 1725 4635; x_wconf 80' lang='grc' dir='ltr'>μὲν-τὴν</span> <span class='ocrx_word' id='word_1_344' title='bbox 1763 4565 1958 4619; x_wconf 89' lang='grc' dir='ltr'>δεσπο-</span> 
     </span>
    </p>
   </div>
   <div class='ocr_carea' id='block_1_45' title="bbox 371 4649 1959 4727">
    <p class='ocr_par' dir='ltr' id='par_1_45' title="bbox 371 4649 1959 4727">
     <span class='ocr_line' id='line_1_45' title="bbox 371 4649 1959 4727; baseline 0.004 -23"><span class='ocrx_word' id='word_1_345' title='bbox 371 4649 545 4716; x_wconf 78' lang='grc' dir='ltr'>τείαν,</span> <span class='ocrx_word' id='word_1_346' title='bbox 582 4653 695 4713; x_wconf 83' lang='grc' dir='ltr'>τοῖς</span> <span class='ocrx_word' id='word_1_347' title='bbox 731 4651 788 4704; x_wconf 81' lang='grc' dir='ltr'><strong>δὲ</strong></span> <span class='ocrx_word' id='word_1_348' title='bbox 826 4652 925 4723; x_wconf 86' lang='grc' dir='ltr'>τὴν</span> <span class='ocrx_word' id='word_1_349' title='bbox 970 4653 1212 4707; x_wconf 86' lang='grc' dir='ltr'>δουλείαν</span> <span class='ocrx_word' id='word_1_350' title='bbox 1254 4655 1553 4726; x_wconf 79' lang='grc' dir='ltr'>ἀφορίζων,</span> <span class='ocrx_word' id='word_1_351' title='bbox 1596 4658 1959 4727; x_wconf 85' lang='grc' dir='ltr'>ὑπερφρονεῖν</span> 
     </span>
    </p>
   </div>
   <div class='ocr_carea' id='block_1_46' title="bbox 373 4743 1956 4817">
    <p class='ocr_par' dir='ltr' id='par_1_46' title="bbox 373 4743 1956 4817">
     <span class='ocr_line' id='line_1_46' title="bbox 373 4743 1956 4817; baseline 0.004 -23"><span class='ocrx_word' id='word_1_352' title='bbox 373 4743 505 4813; x_wconf 80' lang='grc' dir='ltr'>παρ’</span> <span class='ocrx_word' id='word_1_353' title='bbox 549 4743 578 4795; x_wconf 83' lang='grc' dir='ltr'>ὃ</span> <span class='ocrx_word' id='word_1_354' title='bbox 613 4743 695 4796; x_wconf 86' lang='grc' dir='ltr'><strong>δεῖ</strong></span> <span class='ocrx_word' id='word_1_355' title='bbox 737 4747 955 4813; x_wconf 86' lang='grc' dir='ltr'>φρονεῖν</span> <span class='ocrx_word' id='word_1_356' title='bbox 1002 4747 1405 4817; x_wconf 79' lang='grc' dir='ltr'>ἐπιτολμήσας,</span> <span class='ocrx_word' id='word_1_357' title='bbox 1456 4748 1599 4802; x_wconf 85' lang='grc' dir='ltr'>κατὰ</span> <span class='ocrx_word' id='word_1_358' title='bbox 1640 4748 1731 4800; x_wconf 85' lang='grc' dir='ltr'><strong>τοῦ</strong></span> <span class='ocrx_word' id='word_1_359' title='bbox 1775 4748 1956 4802; x_wconf 82' lang='grc' dir='ltr'>κοινοῦ</span> 
     </span>
    </p>
   </div>
   <div class='ocr_carea' id='block_1_47' title="bbox 373 4836 1959 4911">
    <p class='ocr_par' dir='ltr' id='par_1_47' title="bbox 373 4836 1959 4911">
     <span class='ocr_line' id='line_1_47' title="bbox 373 4836 1959 4911; baseline 0.004 -23"><span class='ocrx_word' id='word_1_360' title='bbox 373 4836 645 4889; x_wconf 90' lang='grc' dir='ltr'>Δεσπότου</span> <span class='ocrx_word' id='word_1_361' title='bbox 674 4836 783 4888; x_wconf 85' lang='grc' dir='ltr'>τῶν</span> <span class='ocrx_word' id='word_1_362' title='bbox 817 4836 953 4891; x_wconf 83' lang='grc' dir='ltr'>ὅλων</span> <span class='ocrx_word' id='word_1_363' title='bbox 987 4838 1316 4911; x_wconf 72' lang='grc' dir='ltr'>ἀπονοηθῇςο</span> <span class='ocrx_word' id='word_1_364' title='bbox 1354 4840 1488 4894; x_wconf 83' lang='grc' dir='ltr'>ἀλλὰ</span> <span class='ocrx_word' id='word_1_365' title='bbox 1529 4841 1745 4911; x_wconf 88' lang='grc' dir='ltr'>φρονῶν</span> <span class='ocrx_word' id='word_1_366' title='bbox 1778 4844 1859 4905; x_wconf 87' lang='grc' dir='ltr'><strong>είς</strong></span> <span class='ocrx_word' id='word_1_367' title='bbox 1898 4841 1959 4895; x_wconf 86' lang='grc' dir='ltr'><strong>τὸ</strong></span> 
     </span>
    </p>
   </div>
   <div class='ocr_carea' id='block_1_48' title="bbox 376 4929 1963 5000">
    <p class='ocr_par' dir='ltr' id='par_1_48' title="bbox 376 4929 1963 5000">
     <span class='ocr_line' id='line_1_48' title="bbox 376 4929 1963 5000; baseline 0.003 -18"><span class='ocrx_word' id='word_1_368' title='bbox 376 4932 679 5000; x_wconf 89' lang='grc' dir='ltr'>σωφρονεῖν</span> <span class='ocrx_word' id='word_1_369' title='bbox 727 4930 821 4983; x_wconf 73' lang='grc' dir='ltr'><strong>καὶ</strong></span> <span class='ocrx_word' id='word_1_370' title='bbox 868 4929 1157 4998; x_wconf 84' lang='grc' dir='ltr'>γινώσκειν</span> <span class='ocrx_word' id='word_1_371' title='bbox 1206 4931 1431 4997; x_wconf 83' lang='grc' dir='ltr'>ἐαυτὸν,</span> <span class='ocrx_word' id='word_1_372' title='bbox 1473 4933 1684 4996; x_wconf 76' lang='grc' dir='ltr'>πάντας</span> <span class='ocrx_word' id='word_1_373' title='bbox 1729 4932 1786 4985; x_wconf 84' lang='grc' dir='ltr'>δὲ</span> <span class='ocrx_word' id='word_1_374' title='bbox 1835 4933 1963 4997; x_wconf 81' lang='grc' dir='ltr'>τοὺς</span> 
     </span>
    </p>
   </div>
   <div class='ocr_carea' id='block_1_49' title="bbox 373 5022 1965 5097">
    <p class='ocr_par' dir='ltr' id='par_1_49' title="bbox 373 5022 1965 5097">
     <span class='ocr_line' id='line_1_49' title="bbox 373 5022 1965 5097; baseline 0.002 -22"><span class='ocrx_word' id='word_1_375' title='bbox 373 5022 851 5095; x_wconf 85' lang='grc' dir='ltr'>ὑπηρετουμένους</span> <span class='ocrx_word' id='word_1_376' title='bbox 882 5041 963 5076; x_wconf 94' lang='grc' dir='ltr'><strong>σοι</strong></span> <span class='ocrx_word' id='word_1_377' title='bbox 1000 5024 1320 5090; x_wconf 86' lang='grc' dir='ltr'>συνδούλους</span> <span class='ocrx_word' id='word_1_378' title='bbox 1354 5026 1449 5079; x_wconf 74' lang='grc' dir='ltr'><strong>καὶ</strong></span> <span class='ocrx_word' id='word_1_379' title='bbox 1473 5025 1617 5080; x_wconf 87' lang='grc' dir='ltr'><strong>κατά</strong></span> <span class='ocrx_word' id='word_1_380' title='bbox 1645 5026 1808 5096; x_wconf 88' lang='grc' dir='ltr'>φύσιν</span> <span class='ocrx_word' id='word_1_381' title='bbox 1833 5029 1965 5097; x_wconf 86' lang='grc' dir='ltr'>ὀμο-</span> 
     </span>
    </p>
   </div>
   <div class='ocr_carea' id='block_1_50' title="bbox 372 5115 1962 5189">
    <p class='ocr_par' dir='ltr' id='par_1_50' title="bbox 372 5115 1962 5189">
     <span class='ocr_line' id='line_1_50' title="bbox 372 5115 1962 5189; baseline 0.003 -22"><span class='ocrx_word' id='word_1_382' title='bbox 372 5115 565 5186; x_wconf 88' lang='grc' dir='ltr'>τίμους</span> <span class='ocrx_word' id='word_1_383' title='bbox 596 5116 760 5188; x_wconf 82' lang='grc' dir='ltr'>ὁρῶν,</span> <span class='ocrx_word' id='word_1_384' title='bbox 796 5120 1079 5188; x_wconf 83' lang='grc' dir='ltr'>συνεργοῖς</span> <span class='ocrx_word' id='word_1_385' title='bbox 1118 5117 1359 5189; x_wconf 87' lang='grc' dir='ltr'>κέχρησο</span> <span class='ocrx_word' id='word_1_386' title='bbox 1383 5118 1594 5181; x_wconf 87' lang='grc' dir='ltr'>τούτοις</span> <span class='ocrx_word' id='word_1_387' title='bbox 1616 5120 1710 5172; x_wconf 80' lang='grc' dir='ltr'><strong>καὶ</strong></span> <span class='ocrx_word' id='word_1_388' title='bbox 1746 5119 1962 5174; x_wconf 89' lang='grc' dir='ltr'>συνδια-</span> 
     </span>
    </p>
   </div>
   <div class='ocr_carea' id='block_1_51' title="bbox 374 5209 1961 5283">
    <p class='ocr_par' dir='ltr' id='par_1_51' title="bbox 374 5209 1961 5283">
     <span class='ocr_line' id='line_1_51' title="bbox 374 5209 1961 5283; baseline 0.001 -21"><span class='ocrx_word' id='word_1_389' title='bbox 374 5209 552 5272; x_wconf 83' lang='grc' dir='ltr'>κόνοις</span> <span class='ocrx_word' id='word_1_390' title='bbox 596 5211 734 5280; x_wconf 82' lang='grc' dir='ltr'>πρὸς</span> <span class='ocrx_word' id='word_1_391' title='bbox 766 5211 866 5281; x_wconf 84' lang='grc' dir='ltr'>τὴν</span> <span class='ocrx_word' id='word_1_392' title='bbox 896 5211 991 5264; x_wconf 81' lang='grc' dir='ltr'>τοῦ</span> <span class='ocrx_word' id='word_1_393' title='bbox 1034 5211 1367 5265; x_wconf 83' lang='grc' dir='ltr'>Δεσποτικοῦ</span> <span class='ocrx_word' id='word_1_394' title='bbox 1414 5211 1719 5283; x_wconf 85' lang='grc' dir='ltr'>θελήματος</span> <span class='ocrx_word' id='word_1_395' title='bbox 1756 5213 1961 5283; x_wconf 84' lang='grc' dir='ltr'>ἐκπλή-</span> 
     </span>
    </p>
   </div>
   <div class='ocr_carea' id='block_1_52' title="bbox 377 5299 1958 5375">
    <p class='ocr_par' dir='ltr' id='par_1_52' title="bbox 377 5299 1958 5375">
     <span class='ocr_line' id='line_1_52' title="bbox 377 5299 1958 5375; baseline 0.003 -22"><span class='ocrx_word' id='word_1_396' title='bbox 377 5317 563 5372; x_wconf 91' lang='grc' dir='ltr'>ρωσιν.</span> <span class='ocrx_word' id='word_1_397' title='bbox 616 5302 707 5373; x_wconf 82' lang='grc' dir='ltr'><strong>Μὴ</strong></span> <span class='ocrx_word' id='word_1_398' title='bbox 751 5299 843 5356; x_wconf 79' lang='grc' dir='ltr'>οὖν</span> <span class='ocrx_word' id='word_1_399' title='bbox 891 5304 953 5356; x_wconf 87' lang='grc' dir='ltr'><strong>τὸ</strong></span> <span class='ocrx_word' id='word_1_400' title='bbox 998 5303 1217 5372; x_wconf 83' lang='grc' dir='ltr'>εὐγενὲς</span> <span class='ocrx_word' id='word_1_401' title='bbox 1266 5302 1361 5356; x_wconf 81' lang='grc' dir='ltr'>τοῦ</span> <span class='ocrx_word' id='word_1_402' title='bbox 1408 5304 1636 5375; x_wconf 86' lang='grc' dir='ltr'>τρόπου,</span> <span class='ocrx_word' id='word_1_403' title='bbox 1684 5304 1776 5356; x_wconf 71' lang='grc' dir='ltr'>καὶ</span> <span class='ocrx_word' id='word_1_404' title='bbox 1819 5305 1958 5358; x_wconf 76' lang='grc' dir='ltr'>κατὰ</span> 
     </span>
    </p>
   </div>
   <div class='ocr_carea' id='block_1_53' title="bbox 373 5392 1959 5467">
    <p class='ocr_par' dir='ltr' id='par_1_53' title="bbox 373 5392 1959 5467">
     <span class='ocr_line' id='line_1_53' title="bbox 373 5392 1959 5467; baseline 0.003 -22"><span class='ocrx_word' id='word_1_405' title='bbox 373 5392 575 5463; x_wconf 80' lang='grc' dir='ltr'>πρᾶξιν</span> <span class='ocrx_word' id='word_1_406' title='bbox 610 5394 643 5464; x_wconf 84' lang='grc' dir='ltr'><strong>ἢ</strong></span> <span class='ocrx_word' id='word_1_407' title='bbox 688 5394 923 5464; x_wconf 87' lang='grc' dir='ltr'>θεωρίαν</span> <span class='ocrx_word' id='word_1_408' title='bbox 963 5396 1303 5466; x_wconf 88' lang='grc' dir='ltr'>μεγαλοφυὲς</span> <span class='ocrx_word' id='word_1_409' title='bbox 1339 5396 1432 5449; x_wconf 78' lang='grc' dir='ltr'><strong>καὶ</strong></span> <span class='ocrx_word' id='word_1_410' title='bbox 1469 5396 1670 5466; x_wconf 90' lang='grc' dir='ltr'>τίμιον,</span> <span class='ocrx_word' id='word_1_411' title='bbox 1711 5396 1817 5467; x_wconf 80' lang='grc' dir='ltr'>πρὸ</span> <span class='ocrx_word' id='word_1_412' title='bbox 1859 5396 1959 5465; x_wconf 79' lang='grc' dir='ltr'>τῆς</span> 
     </span>
    </p>
   </div>
   <div class='ocr_carea' id='block_1_54' title="bbox 370 5480 1956 5557">
    <p class='ocr_par' dir='ltr' id='par_1_54' title="bbox 370 5480 1956 5557">
     <span class='ocr_line' id='line_1_54' title="bbox 370 5480 1956 5557; baseline -0.001 -20"><span class='ocrx_word' id='word_1_413' title='bbox 370 5482 481 5537; x_wconf 82' lang='grc' dir='ltr'><strong>ἀπὸ</strong></span> <span class='ocrx_word' id='word_1_414' title='bbox 501 5480 597 5535; x_wconf 79' lang='grc' dir='ltr'>τοῦ</span> <span class='ocrx_word' id='word_1_415' title='bbox 620 5482 873 5553; x_wconf 82' lang='grc' dir='ltr'>σώματος</span> <span class='ocrx_word' id='word_1_416' title='bbox 895 5484 1101 5548; x_wconf 88' lang='grc' dir='ltr'>λύσεως</span> <span class='ocrx_word' id='word_1_417' title='bbox 1128 5485 1222 5538; x_wconf 76' lang='grc' dir='ltr'><strong>καὶ</strong></span> <span class='ocrx_word' id='word_1_418' title='bbox 1246 5484 1354 5557; x_wconf 76' lang='grc' dir='ltr'><strong>πρὸ</strong></span> <span class='ocrx_word' id='word_1_419' title='bbox 1372 5484 1465 5538; x_wconf 82' lang='grc' dir='ltr'>τοῦ</span> <span class='ocrx_word' id='word_1_420' title='bbox 1488 5485 1843 5555; x_wconf 82' lang='grc' dir='ltr'>κατανικῆσαι</span> <span class='ocrx_word' id='word_1_421' title='bbox 1865 5484 1956 5536; x_wconf 81' lang='grc' dir='ltr'><strong>τὸν</strong></span> 
     </span>
    </p>
   </div>
   <div class='ocr_carea' id='block_1_55' title="bbox 372 5572 1958 5648">
    <p class='ocr_par' dir='ltr' id='par_1_55' title="bbox 372 5572 1958 5648">
     <span class='ocr_line' id='line_1_55' title="bbox 372 5572 1958 5648; baseline 0 -20"><span class='ocrx_word' id='word_1_422' title='bbox 372 5572 580 5644; x_wconf 81' lang='grc' dir='ltr'>κόσμον</span> <span class='ocrx_word' id='word_1_423' title='bbox 609 5574 1057 5647; x_wconf 86' lang='grc' dir='ltr'>ἐνδεικνύμενος,</span> <span class='ocrx_word' id='word_1_424' title='bbox 1093 5577 1186 5631; x_wconf 81' lang='grc' dir='ltr'>καὶ</span> <span class='ocrx_word' id='word_1_425' title='bbox 1222 5576 1470 5648; x_wconf 84' lang='grc' dir='ltr'>ἀκαίρως</span> <span class='ocrx_word' id='word_1_426' title='bbox 1511 5575 1835 5646; x_wconf 74' lang='grc' dir='ltr'>ὑψούμενος,</span> <span class='ocrx_word' id='word_1_427' title='bbox 1878 5576 1958 5638; x_wconf 85' lang='grc' dir='ltr'><strong>είς</strong></span> 
     </span>
    </p>
   </div>
   <div class='ocr_carea' id='block_1_56' title="bbox 366 5668 1959 5743">
    <p class='ocr_par' dir='ltr' id='par_1_56' title="bbox 366 5668 1959 5743">
     <span class='ocr_line' id='line_1_56' title="bbox 366 5668 1959 5743; baseline 0 -22"><span class='ocrx_word' id='word_1_428' title='bbox 366 5668 705 5727; x_wconf 68' lang='grc' dir='ltr'>ταπείνωσιν</span> <span class='ocrx_word' id='word_1_429' title='bbox 745 5670 1134 5743; x_wconf 73' lang='grc' dir='ltr'>ἀποστραφῇςο</span> <span class='ocrx_word' id='word_1_430' title='bbox 1166 5670 1280 5723; x_wconf 89' lang='grc' dir='ltr'>ἀλλ’</span> <span class='ocrx_word' id='word_1_431' title='bbox 1316 5670 1446 5724; x_wconf 82' lang='grc' dir='ltr'>ὅταν</span> <span class='ocrx_word' id='word_1_432' title='bbox 1475 5669 1583 5724; x_wconf 85' lang='grc' dir='ltr'><strong>τῶν</strong></span> <span class='ocrx_word' id='word_1_433' title='bbox 1618 5687 1678 5722; x_wconf 88' lang='grc' dir='ltr'><strong>τε</strong></span> <span class='ocrx_word' id='word_1_434' title='bbox 1717 5686 1959 5740; x_wconf 88' lang='grc' dir='ltr'>σωματι-</span> 
     </span>
    </p>
   </div>
   <div class='ocr_carea' id='block_1_57' title="bbox 1385 380 2603 453">
    <p class='ocr_par' dir='ltr' id='par_1_57' title="bbox 1385 380 2603 453">
     <span class='ocr_line' id='line_1_57' title="bbox 1385 380 2603 453; baseline 0.016 -19"><span class='ocrx_word' id='word_1_435' title='bbox 1385 380 1453 435; x_wconf 76' lang='lat' dir='ltr'><strong>IN</strong></span> <span class='ocrx_word' id='word_1_436' title='bbox 1491 382 1805 442; x_wconf 77' lang='lat' dir='ltr'><strong>CARMINA</strong></span> <span class='ocrx_word' id='word_1_437' title='bbox 1840 390 2121 448; x_wconf 79' lang='lat' dir='ltr'><strong>ARCANA</strong></span> <span class='ocrx_word' id='word_1_438' title='bbox 2164 395 2221 448; x_wconf 94' lang='lat' dir='ltr'><strong>S.</strong></span> <span class='ocrx_word' id='word_1_439' title='bbox 2257 395 2603 453; x_wconf 77' lang='lat' dir='ltr'><strong>GREGORII.</strong></span> 
     </span>
    </p>
   </div>
   <div class='ocr_carea' id='block_1_58' title="bbox 3560 405 3665 459">
    <p class='ocr_par' dir='ltr' id='par_1_58' title="bbox 3560 405 3665 459">
     <span class='ocr_line' id='line_1_58' title="bbox 3560 405 3665 459; baseline 0.019 -2"><span class='ocrx_word' id='word_1_440' title='bbox 3560 405 3665 459; x_wconf 69' lang='lat'><strong>818</strong></span> 
     </span>
    </p>
   </div>
   <div class='ocr_carea' id='block_1_59' title="bbox 2085 510 3667 586">
    <p class='ocr_par' dir='ltr' id='par_1_59' title="bbox 2085 510 3667 586">
     <span class='ocr_line' id='line_1_59' title="bbox 2085 510 3667 586; baseline 0.007 -22"><span class='ocrx_word' id='word_1_441' title='bbox 2085 510 2175 565; x_wconf 87' lang='lat' dir='ltr'><strong>det</strong></span> <span class='ocrx_word' id='word_1_442' title='bbox 2205 526 2235 565; x_wconf 92' lang='lat' dir='ltr'><strong>a</strong></span> <span class='ocrx_word' id='word_1_443' title='bbox 2258 529 2368 582; x_wconf 91' lang='lat' dir='ltr'><strong>quo</strong></span> <span class='ocrx_word' id='word_1_444' title='bbox 2392 529 2562 583; x_wconf 86' lang='lat' dir='ltr'><strong>pauca</strong></span> <span class='ocrx_word' id='word_1_445' title='bbox 2595 524 2836 584; x_wconf 79' lang='lat' dir='ltr'><strong>speravit</strong></span> <span class='ocrx_word' id='word_1_446' title='bbox 2871 530 2967 585; x_wconf 89' lang='lat' dir='ltr'><strong>pro</strong></span> <span class='ocrx_word' id='word_1_447' title='bbox 3012 530 3241 586; x_wconf 89' lang='lat' dir='ltr'><strong>corpore</strong></span> <span class='ocrx_word' id='word_1_448' title='bbox 3280 517 3537 573; x_wconf 92' lang='lat' dir='ltr'><strong>distribui</strong></span> <span class='ocrx_word' id='word_1_449' title='bbox 3570 535 3667 575; x_wconf 86' lang='lat' dir='ltr'><strong>ne-</strong></span> 
     </span>
    </p>
   </div>
   <div class='ocr_carea' id='block_1_60' title="bbox 2080 607 3669 680">
    <p class='ocr_par' dir='ltr' id='par_1_60' title="bbox 2080 607 3669 680">
     <span class='ocr_line' id='line_1_60' title="bbox 2080 607 3669 680; baseline 0.004 -21"><span class='ocrx_word' id='word_1_450' title='bbox 2080 608 2317 659; x_wconf 86' lang='lat' dir='ltr'><strong>cessaria</strong></span> <span class='ocrx_word' id='word_1_451' title='bbox 2376 607 2521 671; x_wconf 68' lang='lat' dir='ltr'><strong>vitae,</strong></span> <span class='ocrx_word' id='word_1_452' title='bbox 2559 614 2612 661; x_wconf 90' lang='lat' dir='ltr'><strong>et</strong></span> <span class='ocrx_word' id='word_1_453' title='bbox 2668 608 2777 661; x_wconf 87' lang='lat' dir='ltr'><strong>vita</strong></span> <span class='ocrx_word' id='word_1_454' title='bbox 2838 609 2895 662; x_wconf 90' lang='lat' dir='ltr'><strong>in</strong></span> <span class='ocrx_word' id='word_1_455' title='bbox 2930 610 3137 680; x_wconf 79' lang='lat' dir='ltr'><strong>Spiritu</strong></span> <span class='ocrx_word' id='word_1_456' title='bbox 3201 617 3407 665; x_wconf 62' lang='lat' dir='ltr'><strong>aeterna</strong></span> <span class='ocrx_word' id='word_1_457' title='bbox 3473 610 3669 666; x_wconf 84' lang='lat' dir='ltr'><strong>fruitu-</strong></span> 
     </span>
    </p>
   </div>
   <div class='ocr_carea' id='block_1_61' title="bbox 2081 697 3664 767">
    <p class='ocr_par' dir='ltr' id='par_1_61' title="bbox 2081 697 3664 767">
     <span class='ocr_line' id='line_1_61' title="bbox 2081 697 3664 767; baseline 0.004 -18"><span class='ocrx_word' id='word_1_458' title='bbox 2081 712 2202 751; x_wconf 88' lang='lat' dir='ltr'><strong>rum</strong></span> <span class='ocrx_word' id='word_1_459' title='bbox 2237 712 2296 753; x_wconf 92' lang='lat' dir='ltr'><strong>se</strong></span> <span class='ocrx_word' id='word_1_460' title='bbox 2318 705 2618 767; x_wconf 76' lang='lat' dir='ltr'><strong>exspectat.</strong></span> <span class='ocrx_word' id='word_1_461' title='bbox 2644 697 2727 752; x_wconf 91' lang='lat' dir='ltr'><strong>Tu</strong></span> <span class='ocrx_word' id='word_1_462' title='bbox 2753 714 2883 754; x_wconf 87' lang='lat' dir='ltr'><strong>vero</strong></span> <span class='ocrx_word' id='word_1_463' title='bbox 2912 700 3118 756; x_wconf 77' lang='lat' dir='ltr'><strong>divitiis</strong></span> <span class='ocrx_word' id='word_1_464' title='bbox 3147 700 3357 766; x_wconf 81' lang='lat' dir='ltr'><strong>fruens,</strong></span> <span class='ocrx_word' id='word_1_465' title='bbox 3406 702 3664 756; x_wconf 82' lang='lat' dir='ltr'><strong>omnibus</strong></span> 
     </span>
    </p>
   </div>
   <div class='ocr_carea' id='block_1_62' title="bbox 2079 789 3665 862">
    <p class='ocr_par' dir='ltr' id='par_1_62' title="bbox 2079 789 3665 862">
     <span class='ocr_line' id='line_1_62' title="bbox 2079 789 3665 862; baseline 0.003 -19"><span class='ocrx_word' id='word_1_466' title='bbox 2079 789 2270 845; x_wconf 90' lang='lat' dir='ltr'><strong>mundi</strong></span> <span class='ocrx_word' id='word_1_467' title='bbox 2294 792 2456 845; x_wconf 83' lang='lat' dir='ltr'><strong>bonis</strong></span> <span class='ocrx_word' id='word_1_468' title='bbox 2480 791 2789 857; x_wconf 91' lang='lat' dir='ltr'><strong>abundans,</strong></span> <span class='ocrx_word' id='word_1_469' title='bbox 2824 807 3059 862; x_wconf 81' lang='lat' dir='ltr'><strong>magnus</strong></span> <span class='ocrx_word' id='word_1_470' title='bbox 3081 800 3134 848; x_wconf 88' lang='lat' dir='ltr'><strong>et</strong></span> <span class='ocrx_word' id='word_1_471' title='bbox 3166 794 3375 849; x_wconf 91' lang='lat' dir='ltr'><strong>multus</strong></span> <span class='ocrx_word' id='word_1_472' title='bbox 3409 794 3465 847; x_wconf 93' lang='lat' dir='ltr'><strong>in</strong></span> <span class='ocrx_word' id='word_1_473' title='bbox 3491 795 3599 848; x_wconf 90' lang='lat' dir='ltr'><strong>vita</strong></span> <span class='ocrx_word' id='word_1_474' title='bbox 3632 810 3665 847; x_wconf 86' lang='lat' dir='ltr'><strong>a</strong></span> 
     </span>
    </p>
   </div>
   <div class='ocr_carea' id='block_1_63' title="bbox 2082 869 3665 953">
    <p class='ocr_par' dir='ltr' id='par_1_63' title="bbox 2082 869 3665 953">
     <span class='ocr_line' id='line_1_63' title="bbox 2082 869 3665 953; baseline 0.004 -20"><span class='ocrx_word' id='word_1_475' title='bbox 2082 880 2357 949; x_wconf 85' lang='lat' dir='ltr'><strong>plerisque</strong></span> <span class='ocrx_word' id='word_1_476' title='bbox 2403 880 2719 936; x_wconf 85' lang='lat' dir='ltr'><strong>hominibus</strong></span> <span class='ocrx_word' id='word_1_477' title='bbox 2788 883 3131 948; x_wconf 81' lang='lat' dir='ltr'><strong>aestimatus,</strong></span> <span class='ocrx_word' id='word_1_478' title='bbox 3185 884 3239 937; x_wconf 89' lang='lat' dir='ltr'><strong>in</strong></span> <span class='ocrx_word' id='word_1_479' title='bbox 3285 869 3443 939; x_wconf 85' lang='lat' dir='ltr'><strong>ulnas</strong></span> <span class='ocrx_word' id='word_1_480' title='bbox 3477 884 3665 953; x_wconf 85' lang='lat' dir='ltr'><strong>accipe</strong></span> 
     </span>
    </p>
   </div>
   <div class='ocr_carea' id='block_1_64' title="bbox 2083 973 3660 1047">
    <p class='ocr_par' dir='ltr' id='par_1_64' title="bbox 2083 973 3660 1047">
     <span class='ocr_line' id='line_1_64' title="bbox 2083 973 3660 1047; baseline 0.005 -22"><span class='ocrx_word' id='word_1_481' title='bbox 2083 973 2368 1042; x_wconf 90' lang='lat' dir='ltr'><strong>parvulum</strong></span> <span class='ocrx_word' id='word_1_482' title='bbox 2413 973 2615 1042; x_wconf 88' lang='lat' dir='ltr'><strong>istum,</strong></span> <span class='ocrx_word' id='word_1_483' title='bbox 2658 990 2952 1045; x_wconf 89' lang='lat' dir='ltr'><strong>pauperem</strong></span> <span class='ocrx_word' id='word_1_484' title='bbox 2999 987 3052 1030; x_wconf 92' lang='lat' dir='ltr'><strong>et</strong></span> <span class='ocrx_word' id='word_1_485' title='bbox 3092 992 3320 1047; x_wconf 82' lang='lat' dir='ltr'><strong>egenum</strong></span> <span class='ocrx_word' id='word_1_486' title='bbox 3373 979 3660 1041; x_wconf 76' lang='lat' dir='ltr'><strong>nutriens.</strong></span> 
     </span>
    </p>
   </div>
   <div class='ocr_carea' id='block_1_65' title="bbox 2084 1066 3664 1142">
    <p class='ocr_par' dir='ltr' id='par_1_65' title="bbox 2084 1066 3664 1142">
     <span class='ocr_line' id='line_1_65' title="bbox 2084 1066 3664 1142; baseline 0.004 -23"><span class='ocrx_word' id='word_1_487' title='bbox 2084 1066 2337 1135; x_wconf 90' lang='lat' dir='ltr'><strong>operiens</strong></span> <span class='ocrx_word' id='word_1_488' title='bbox 2364 1074 2417 1121; x_wconf 92' lang='lat' dir='ltr'><strong>et</strong></span> <span class='ocrx_word' id='word_1_489' title='bbox 2453 1068 2603 1121; x_wconf 92' lang='lat' dir='ltr'><strong>omni</strong></span> <span class='ocrx_word' id='word_1_490' title='bbox 2629 1068 3007 1138; x_wconf 84' lang='lat' dir='ltr'><strong>hospitalitate</strong></span> <span class='ocrx_word' id='word_1_491' title='bbox 3027 1072 3315 1126; x_wconf 90' lang='lat' dir='ltr'><strong>cumulans</strong></span> <span class='ocrx_word' id='word_1_492' title='bbox 3354 1080 3519 1142; x_wconf 85' lang='lat' dir='ltr'><strong>atque</strong></span> <span class='ocrx_word' id='word_1_493' title='bbox 3546 1088 3664 1128; x_wconf 85' lang='lat' dir='ltr'><strong>ser-</strong></span> 
     </span>
    </p>
   </div>
   <div class='ocr_carea' id='block_1_66' title="bbox 2082 1158 3661 1235">
    <p class='ocr_par' dir='ltr' id='par_1_66' title="bbox 2082 1158 3661 1235">
     <span class='ocr_line' id='line_1_66' title="bbox 2082 1158 3661 1235; baseline 0.005 -24"><span class='ocrx_word' id='word_1_494' title='bbox 2082 1158 2235 1222; x_wconf 85' lang='lat' dir='ltr'><strong>vitio,</strong></span> <span class='ocrx_word' id='word_1_495' title='bbox 2269 1160 2426 1229; x_wconf 89' lang='lat' dir='ltr'><strong>quasi</strong></span> <span class='ocrx_word' id='word_1_496' title='bbox 2456 1160 2635 1230; x_wconf 89' lang='lat' dir='ltr'><strong>ipsum</strong></span> <span class='ocrx_word' id='word_1_497' title='bbox 2663 1162 2938 1231; x_wconf 87' lang='lat' dir='ltr'><strong>recipiens</strong></span> <span class='ocrx_word' id='word_1_498' title='bbox 2964 1162 3258 1231; x_wconf 81' lang='lat' dir='ltr'><strong>Christum,</strong></span> <span class='ocrx_word' id='word_1_499' title='bbox 3276 1164 3344 1219; x_wconf 82' lang='lat' dir='ltr'><strong>&#39;et</strong></span> <span class='ocrx_word' id='word_1_500' title='bbox 3387 1181 3483 1235; x_wconf 90' lang='lat' dir='ltr'><strong>per</strong></span> <span class='ocrx_word' id='word_1_501' title='bbox 3515 1165 3661 1219; x_wconf 89' lang='lat' dir='ltr'><strong>hunc</strong></span> 
     </span>
    </p>
   </div>
   <div class='ocr_carea' id='block_1_67' title="bbox 2079 1251 3660 1323">
    <p class='ocr_par' dir='ltr' id='par_1_67' title="bbox 2079 1251 3660 1323">
     <span class='ocr_line' id='line_1_67' title="bbox 2079 1251 3660 1323; baseline 0.005 -19"><span class='ocrx_word' id='word_1_502' title='bbox 2079 1267 2244 1321; x_wconf 91' lang='lat' dir='ltr'><strong>quem</strong></span> <span class='ocrx_word' id='word_1_503' title='bbox 2292 1251 2446 1307; x_wconf 87' lang='lat' dir='ltr'><strong>vides</strong></span> <span class='ocrx_word' id='word_1_504' title='bbox 2498 1268 2795 1323; x_wconf 89' lang='lat' dir='ltr'><strong>pauperem</strong></span> <span class='ocrx_word' id='word_1_505' title='bbox 2852 1256 3114 1311; x_wconf 86' lang='lat' dir='ltr'><strong>latentem</strong></span> <span class='ocrx_word' id='word_1_506' title='bbox 3162 1257 3217 1310; x_wconf 89' lang='lat' dir='ltr'><strong>in</strong></span> <span class='ocrx_word' id='word_1_507' title='bbox 3263 1271 3328 1311; x_wconf 93' lang='lat' dir='ltr'><strong>eo</strong></span> <span class='ocrx_word' id='word_1_508' title='bbox 3369 1255 3556 1312; x_wconf 86' lang='lat' dir='ltr'><strong>Jesum</strong></span> <span class='ocrx_word' id='word_1_509' title='bbox 3605 1258 3660 1313; x_wconf 88' lang='lat' dir='ltr'><strong>in</strong></span> 
     </span>
    </p>
   </div>
   <div class='ocr_carea' id='block_1_68' title="bbox 2082 1344 3665 1418">
    <p class='ocr_par' dir='ltr' id='par_1_68' title="bbox 2082 1344 3665 1418">
     <span class='ocr_line' id='line_1_68' title="bbox 2082 1344 3665 1418; baseline 0.005 -21"><span class='ocrx_word' id='word_1_510' title='bbox 2082 1344 2267 1400; x_wconf 87' lang='lat' dir='ltr'><strong>cordis</strong></span> <span class='ocrx_word' id='word_1_511' title='bbox 2311 1345 2390 1399; x_wconf 91' lang='lat' dir='ltr'><strong>tui</strong></span> <span class='ocrx_word' id='word_1_512' title='bbox 2426 1346 2726 1415; x_wconf 83' lang='lat' dir='ltr'><strong>penetralia</strong></span> <span class='ocrx_word' id='word_1_513' title='bbox 2766 1362 2863 1416; x_wconf 85' lang='lat' dir='ltr'><strong>per</strong></span> <span class='ocrx_word' id='word_1_514' title='bbox 2908 1347 3068 1402; x_wconf 85' lang='lat' dir='ltr'><strong>ﬁdem</strong></span> <span class='ocrx_word' id='word_1_515' title='bbox 3110 1348 3351 1417; x_wconf 88' lang='lat' dir='ltr'><strong>hospitio</strong></span> <span class='ocrx_word' id='word_1_516' title='bbox 3388 1350 3567 1418; x_wconf 86' lang='lat' dir='ltr'><strong>recipe</strong></span> <span class='ocrx_word' id='word_1_517' title='bbox 3608 1358 3665 1405; x_wconf 88' lang='lat' dir='ltr'><strong>et</strong></span> 
     </span>
    </p>
   </div>
   <div class='ocr_carea' id='block_1_69' title="bbox 2080 1438 3656 1510">
    <p class='ocr_par' dir='ltr' id='par_1_69' title="bbox 2080 1438 3656 1510">
     <span class='ocr_line' id='line_1_69' title="bbox 2080 1438 3656 1510; baseline 0.003 -19"><span class='ocrx_word' id='word_1_518' title='bbox 2080 1438 2340 1493; x_wconf 86' lang='lat' dir='ltr'><strong>colloca:</strong></span> <span class='ocrx_word' id='word_1_519' title='bbox 2383 1446 2437 1493; x_wconf 94' lang='lat' dir='ltr'><strong>et</strong></span> <span class='ocrx_word' id='word_1_520' title='bbox 2469 1439 2612 1494; x_wconf 87' lang='lat' dir='ltr'><strong>sicut</strong></span> <span class='ocrx_word' id='word_1_521' title='bbox 2658 1441 2864 1509; x_wconf 90' lang='lat' dir='ltr'><strong>aquila,</strong></span> <span class='ocrx_word' id='word_1_522' title='bbox 2910 1441 3067 1510; x_wconf 86' lang='lat' dir='ltr'><strong>juxta</strong></span> <span class='ocrx_word' id='word_1_523' title='bbox 3109 1452 3358 1497; x_wconf 86' lang='lat' dir='ltr'><strong>sanctum</strong></span> <span class='ocrx_word' id='word_1_524' title='bbox 3408 1444 3656 1508; x_wconf 81' lang='lat' dir='ltr'><strong>verbum,</strong></span> 
     </span>
    </p>
   </div>
   <div class='ocr_carea' id='block_1_70' title="bbox 2080 1532 3656 1604">
    <p class='ocr_par' dir='ltr' id='par_1_70' title="bbox 2080 1532 3656 1604">
     <span class='ocr_line' id='line_1_70' title="bbox 2080 1532 3656 1604; baseline 0.004 -21"><span class='ocrx_word' id='word_1_525' title='bbox 2080 1532 2261 1600; x_wconf 86' lang='lat' dir='ltr'><strong>pullos</strong></span> <span class='ocrx_word' id='word_1_526' title='bbox 2312 1548 2447 1588; x_wconf 91' lang='lat' dir='ltr'><strong>suos</strong></span> <span class='ocrx_word' id='word_1_527' title='bbox 2493 1534 2699 1589; x_wconf 84' lang='lat' dir='ltr'><strong>mulcet</strong></span> <span class='ocrx_word' id='word_1_528' title='bbox 2746 1534 2992 1604; x_wconf 90' lang='lat' dir='ltr'><strong>ipsisque</strong></span> <span class='ocrx_word' id='word_1_529' title='bbox 3057 1535 3326 1604; x_wconf 83' lang='lat' dir='ltr'><strong>providet,</strong></span> <span class='ocrx_word' id='word_1_530' title='bbox 3371 1535 3450 1589; x_wconf 92' lang='lat' dir='ltr'><strong>sic</strong></span> <span class='ocrx_word' id='word_1_531' title='bbox 3503 1545 3557 1589; x_wconf 92' lang='lat' dir='ltr'><strong>et</strong></span> <span class='ocrx_word' id='word_1_532' title='bbox 3597 1547 3656 1589; x_wconf 89' lang='lat' dir='ltr'><strong>tu</strong></span> 
     </span>
    </p>
   </div>
   <div class='ocr_carea' id='block_1_71' title="bbox 2075 1623 3656 1696">
    <p class='ocr_par' dir='ltr' id='par_1_71' title="bbox 2075 1623 3656 1696">
     <span class='ocr_line' id='line_1_71' title="bbox 2075 1623 3656 1696; baseline 0.004 -22"><span class='ocrx_word' id='word_1_533' title='bbox 2075 1623 2281 1678; x_wconf 90' lang='lat' dir='ltr'><strong>multus</strong></span> <span class='ocrx_word' id='word_1_534' title='bbox 2315 1626 2762 1693; x_wconf 84' lang='lat' dir='ltr'><strong>possessionibus</strong></span> <span class='ocrx_word' id='word_1_535' title='bbox 2790 1626 3064 1682; x_wconf 82' lang='lat' dir='ltr'><strong>exsistens</strong></span> <span class='ocrx_word' id='word_1_536' title='bbox 3114 1635 3379 1696; x_wconf 85' lang='lat' dir='ltr'><strong>tanquam</strong></span> <span class='ocrx_word' id='word_1_537' title='bbox 3421 1627 3656 1682; x_wconf 87' lang='lat' dir='ltr'><strong>debilem</strong></span> 
     </span>
    </p>
   </div>
   <div class='ocr_carea' id='block_1_72' title="bbox 2075 1712 3659 1788">
    <p class='ocr_par' dir='ltr' id='par_1_72' title="bbox 2075 1712 3659 1788">
     <span class='ocr_line' id='line_1_72' title="bbox 2075 1712 3659 1788; baseline 0.004 -22"><span class='ocrx_word' id='word_1_538' title='bbox 2075 1729 2228 1769; x_wconf 87' lang='lat' dir='ltr'><strong>avem</strong></span> <span class='ocrx_word' id='word_1_539' title='bbox 2276 1730 2479 1771; x_wconf 88' lang='lat' dir='ltr'><strong>curans</strong></span> <span class='ocrx_word' id='word_1_540' title='bbox 2536 1731 2833 1786; x_wconf 89' lang='lat' dir='ltr'><strong>pauperem</strong></span> <span class='ocrx_word' id='word_1_541' title='bbox 2859 1723 2914 1769; x_wconf 90' lang='lat' dir='ltr'><strong>et</strong></span> <span class='ocrx_word' id='word_1_542' title='bbox 2940 1712 3131 1773; x_wconf 83' lang='lat' dir='ltr'><strong>fovens</strong></span> <span class='ocrx_word' id='word_1_543' title='bbox 3158 1717 3214 1771; x_wconf 90' lang='lat' dir='ltr'><strong>in</strong></span> <span class='ocrx_word' id='word_1_544' title='bbox 3246 1719 3366 1788; x_wconf 89' lang='lat' dir='ltr'><strong>ipso</strong></span> <span class='ocrx_word' id='word_1_545' title='bbox 3413 1718 3659 1773; x_wconf 81' lang='lat' dir='ltr'><strong>invenies</strong></span> 
     </span>
    </p>
   </div>
   <div class='ocr_carea' id='block_1_73' title="bbox 2074 1805 2379 1861">
    <p class='ocr_par' dir='ltr' id='par_1_73' title="bbox 2074 1805 2379 1861">
     <span class='ocr_line' id='line_1_73' title="bbox 2074 1805 2379 1861; baseline 0.007 -2"><span class='ocrx_word' id='word_1_546' title='bbox 2074 1805 2379 1861; x_wconf 84' lang='lat' dir='ltr'><strong>Christum.</strong></span> 
     </span>
    </p>
   </div>
   <div class='ocr_carea' id='block_1_74' title="bbox 2076 2022 3438 2097">
    <p class='ocr_par' dir='ltr' id='par_1_74' title="bbox 2076 2022 3438 2097">
     <span class='ocr_line' id='line_1_74' title="bbox 2076 2022 3438 2097; baseline 0.003 -19"><span class='ocrx_word' id='word_1_547' title='bbox 2076 2024 2179 2078; x_wconf 71' lang='grc'><strong>129</strong></span> <span class='ocrx_word' id='word_1_548' title='bbox 2224 2022 2416 2078; x_wconf 78' lang='lat' dir='ltr'><strong>Melior</strong></span> <span class='ocrx_word' id='word_1_549' title='bbox 2438 2034 2514 2078; x_wconf 84' lang='lat' dir='ltr'><strong>est</strong></span> <span class='ocrx_word' id='word_1_550' title='bbox 2545 2036 2831 2094; x_wconf 80' lang='lat' dir='ltr'><strong>paupertas</strong></span> <span class='ocrx_word' id='word_1_551' title='bbox 2861 2028 3063 2097; x_wconf 86' lang='lat' dir='ltr'><strong>injusta</strong></span> <span class='ocrx_word' id='word_1_552' title='bbox 3094 2028 3438 2097; x_wconf 72' lang='lat' dir='ltr'><strong>possessione.</strong></span> 
     </span>
    </p>
   </div>
   <div class='ocr_carea' id='block_1_75' title="bbox 2145 2157 3659 2235">
    <p class='ocr_par' dir='ltr' id='par_1_75' title="bbox 2145 2157 3659 2235">
     <span class='ocr_line' id='line_1_75' title="bbox 2145 2157 3659 2235; baseline 0.006 -25"><span class='ocrx_word' id='word_1_553' title='bbox 2145 2157 2384 2212; x_wconf 80' lang='lat' dir='ltr'><strong>Rursum</strong></span> <span class='ocrx_word' id='word_1_554' title='bbox 2416 2168 2469 2212; x_wconf 90' lang='lat' dir='ltr'><strong>et</strong></span> <span class='ocrx_word' id='word_1_555' title='bbox 2493 2175 2589 2230; x_wconf 89' lang='lat' dir='ltr'><strong>per</strong></span> <span class='ocrx_word' id='word_1_556' title='bbox 2603 2162 2893 2230; x_wconf 72' lang='lat' dir='ltr'><strong>praesentia</strong></span> <span class='ocrx_word' id='word_1_557' title='bbox 2912 2177 3205 2233; x_wconf 84' lang='lat' dir='ltr'><strong>pauperem</strong></span> <span class='ocrx_word' id='word_1_558' title='bbox 3223 2166 3440 2235; x_wconf 90' lang='lat' dir='ltr'><strong>quidem</strong></span> <span class='ocrx_word' id='word_1_559' title='bbox 3461 2180 3659 2221; x_wconf 85' lang='lat' dir='ltr'><strong>conso-</strong></span> 
     </span>
    </p>
   </div>
   <div class='ocr_carea' id='block_1_76' title="bbox 2072 2247 3653 2325">
    <p class='ocr_par' dir='ltr' id='par_1_76' title="bbox 2072 2247 3653 2325">
     <span class='ocr_line' id='line_1_76' title="bbox 2072 2247 3653 2325; baseline 0.006 -26"><span class='ocrx_word' id='word_1_560' title='bbox 2072 2247 2239 2311; x_wconf 83' lang='lat' dir='ltr'><strong>latur,</strong></span> <span class='ocrx_word' id='word_1_561' title='bbox 2280 2247 2466 2305; x_wconf 83' lang='lat' dir='ltr'><strong>divitis</strong></span> <span class='ocrx_word' id='word_1_562' title='bbox 2497 2265 2627 2305; x_wconf 88' lang='lat' dir='ltr'><strong>vero</strong></span> <span class='ocrx_word' id='word_1_563' title='bbox 2667 2252 2917 2322; x_wconf 89' lang='lat' dir='ltr'><strong>reprimit</strong></span> <span class='ocrx_word' id='word_1_564' title='bbox 2950 2256 3339 2325; x_wconf 83' lang='lat' dir='ltr'><strong>arrogantiam,</strong></span> <span class='ocrx_word' id='word_1_565' title='bbox 3373 2258 3653 2313; x_wconf 86' lang='lat' dir='ltr'><strong>meliorem</strong></span> 
     </span>
    </p>
   </div>
   <div class='ocr_carea' id='block_1_77' title="bbox 2070 2338 3654 2414">
    <p class='ocr_par' dir='ltr' id='par_1_77' title="bbox 2070 2338 3654 2414">
     <span class='ocr_line' id='line_1_77' title="bbox 2070 2338 3654 2414; baseline 0.007 -22"><span class='ocrx_word' id='word_1_566' title='bbox 2070 2353 2195 2393; x_wconf 89' lang='lat' dir='ltr'><strong>esse</strong></span> <span class='ocrx_word' id='word_1_567' title='bbox 2263 2338 2454 2395; x_wconf 91' lang='lat' dir='ltr'><strong>dicens</strong></span> <span class='ocrx_word' id='word_1_568' title='bbox 2504 2350 2880 2412; x_wconf 87' lang='lat' dir='ltr'><strong>paupertatem</strong></span> <span class='ocrx_word' id='word_1_569' title='bbox 2944 2362 3110 2414; x_wconf 88' lang='lat' dir='ltr'><strong>quam</strong></span> <span class='ocrx_word' id='word_1_570' title='bbox 3175 2348 3378 2403; x_wconf 84' lang='lat' dir='ltr'><strong>divitiae</strong></span> <span class='ocrx_word' id='word_1_571' title='bbox 3458 2365 3524 2404; x_wconf 82' lang='lat' dir='ltr'><strong>ex</strong></span> <span class='ocrx_word' id='word_1_572' title='bbox 3568 2348 3654 2403; x_wconf 46' lang='lat' dir='ltr'><strong>in,</strong></span> 
     </span>
    </p>
   </div>
   <div class='ocr_carea' id='block_1_78' title="bbox 2069 2430 3654 2509">
    <p class='ocr_par' dir='ltr' id='par_1_78' title="bbox 2069 2430 3654 2509">
     <span class='ocr_line' id='line_1_78' title="bbox 2069 2430 3654 2509; baseline 0.005 -24"><span class='ocrx_word' id='word_1_573' title='bbox 2069 2430 2282 2499; x_wconf 89' lang='lat' dir='ltr'><strong>justitia</strong></span> <span class='ocrx_word' id='word_1_574' title='bbox 2310 2443 2654 2503; x_wconf 88' lang='lat' dir='ltr'><strong>constantes;</strong></span> <span class='ocrx_word' id='word_1_575' title='bbox 2688 2435 3154 2505; x_wconf 84' lang='lat' dir='ltr'><strong>quemadmodum</strong></span> <span class='ocrx_word' id='word_1_576' title='bbox 3188 2439 3414 2495; x_wconf 87' lang='lat' dir='ltr'><strong>morbus</strong></span> <span class='ocrx_word' id='word_1_577' title='bbox 3456 2455 3654 2509; x_wconf 85' lang='lat' dir='ltr'><strong>corpo-</strong></span> 
     </span>
    </p>
   </div>
   <div class='ocr_carea' id='block_1_79' title="bbox 2072 2526 3653 2604">
    <p class='ocr_par' dir='ltr' id='par_1_79' title="bbox 2072 2526 3653 2604">
     <span class='ocr_line' id='line_1_79' title="bbox 2072 2526 3653 2604; baseline 0.007 -27"><span class='ocrx_word' id='word_1_578' title='bbox 2072 2526 2152 2580; x_wconf 90' lang='lat' dir='ltr'><strong>ris</strong></span> <span class='ocrx_word' id='word_1_579' title='bbox 2184 2528 2383 2582; x_wconf 90' lang='lat' dir='ltr'><strong>melior</strong></span> <span class='ocrx_word' id='word_1_580' title='bbox 2410 2536 2496 2584; x_wconf 89' lang='lat' dir='ltr'><strong>est</strong></span> <span class='ocrx_word' id='word_1_581' title='bbox 2540 2530 2853 2600; x_wconf 62' lang='lat' dir='ltr'><strong>mgrOtanti,</strong></span> <span class='ocrx_word' id='word_1_582' title='bbox 2889 2538 2943 2586; x_wconf 89' lang='lat' dir='ltr'><strong>et</strong></span> <span class='ocrx_word' id='word_1_583' title='bbox 2993 2531 3202 2602; x_wconf 89' lang='lat' dir='ltr'><strong>judicio</strong></span> <span class='ocrx_word' id='word_1_584' title='bbox 3247 2533 3341 2588; x_wconf 87' lang='lat' dir='ltr'><strong>Dei</strong></span> <span class='ocrx_word' id='word_1_585' title='bbox 3386 2534 3653 2604; x_wconf 81' lang='lat' dir='ltr'><strong>castigato</strong></span> 
     </span>
    </p>
   </div>
   <div class='ocr_carea' id='block_1_80' title="bbox 2075 2617 3655 2690">
    <p class='ocr_par' dir='ltr' id='par_1_80' title="bbox 2075 2617 3655 2690">
     <span class='ocr_line' id='line_1_80' title="bbox 2075 2617 3655 2690; baseline 0.008 -23"><span class='ocrx_word' id='word_1_586' title='bbox 2075 2617 2261 2669; x_wconf 88' lang='lat' dir='ltr'><strong>utilior</strong></span> <span class='ocrx_word' id='word_1_587' title='bbox 2288 2626 2374 2671; x_wconf 84' lang='lat' dir='ltr'><strong>est</strong></span> <span class='ocrx_word' id='word_1_588' title='bbox 2404 2633 2566 2688; x_wconf 91' lang='lat' dir='ltr'><strong>quam</strong></span> <span class='ocrx_word' id='word_1_589' title='bbox 2598 2619 2854 2674; x_wconf 84' lang='lat' dir='ltr'><strong>valetudo</strong></span> <span class='ocrx_word' id='word_1_590' title='bbox 2878 2622 3020 2675; x_wconf 90' lang='lat' dir='ltr'><strong>mala</strong></span> <span class='ocrx_word' id='word_1_591' title='bbox 3049 2630 3104 2677; x_wconf 92' lang='lat' dir='ltr'><strong>et</strong></span> <span class='ocrx_word' id='word_1_592' title='bbox 3124 2623 3353 2677; x_wconf 88' lang='lat' dir='ltr'><strong>sanitas.</strong></span> <span class='ocrx_word' id='word_1_593' title='bbox 3397 2625 3528 2690; x_wconf 76' lang='lat' dir='ltr'><strong>Quae</strong></span> <span class='ocrx_word' id='word_1_594' title='bbox 3556 2641 3655 2679; x_wconf 92' lang='lat' dir='ltr'><strong>au-</strong></span> 
     </span>
    </p>
   </div>
   <div class='ocr_carea' id='block_1_81' title="bbox 2076 2709 3657 2785">
    <p class='ocr_par' dir='ltr' id='par_1_81' title="bbox 2076 2709 3657 2785">
     <span class='ocr_line' id='line_1_81' title="bbox 2076 2709 3657 2785; baseline 0.009 -26"><span class='ocrx_word' id='word_1_595' title='bbox 2076 2714 2182 2761; x_wconf 89' lang='lat' dir='ltr'><strong>tem</strong></span> <span class='ocrx_word' id='word_1_596' title='bbox 2215 2709 2583 2763; x_wconf 60' lang='lat' dir='ltr'><strong>aestimaretur</strong></span> <span class='ocrx_word' id='word_1_597' title='bbox 2633 2711 2775 2764; x_wconf 88' lang='lat' dir='ltr'><strong>mala</strong></span> <span class='ocrx_word' id='word_1_598' title='bbox 2799 2713 3072 2776; x_wconf 87' lang='lat' dir='ltr'><strong>valetudo,</strong></span> <span class='ocrx_word' id='word_1_599' title='bbox 3108 2714 3213 2769; x_wconf 90' lang='lat' dir='ltr'><strong>nisi</strong></span> <span class='ocrx_word' id='word_1_600' title='bbox 3260 2730 3323 2771; x_wconf 85' lang='lat' dir='ltr'><strong>ea</strong></span> <span class='ocrx_word' id='word_1_601' title='bbox 3353 2733 3460 2785; x_wconf 84' lang='lat' dir='ltr'><strong>qua</strong></span> <span class='ocrx_word' id='word_1_602' title='bbox 3496 2728 3657 2772; x_wconf 84' lang='lat' dir='ltr'><strong>uten—</strong></span> 
     </span>
    </p>
   </div>
   <div class='ocr_carea' id='block_1_82' title="bbox 2076 2800 3656 2876">
    <p class='ocr_par' dir='ltr' id='par_1_82' title="bbox 2076 2800 3656 2876">
     <span class='ocr_line' id='line_1_82' title="bbox 2076 2800 3656 2876; baseline 0.008 -24"><span class='ocrx_word' id='word_1_603' title='bbox 2076 2805 2156 2853; x_wconf 90' lang='lat' dir='ltr'><strong>tes</strong></span> <span class='ocrx_word' id='word_1_604' title='bbox 2187 2800 2401 2855; x_wconf 73' lang='lat' dir='ltr'><strong>lusuria</strong></span> <span class='ocrx_word' id='word_1_605' title='bbox 2453 2808 2509 2856; x_wconf 91' lang='lat' dir='ltr'><strong>et</strong></span> <span class='ocrx_word' id='word_1_606' title='bbox 2555 2802 2867 2860; x_wconf 87' lang='lat' dir='ltr'><strong>homicidiis</strong></span> <span class='ocrx_word' id='word_1_607' title='bbox 2917 2815 2970 2859; x_wconf 89' lang='lat' dir='ltr'><strong>et</strong></span> <span class='ocrx_word' id='word_1_608' title='bbox 3021 2805 3316 2876; x_wconf 83' lang='lat' dir='ltr'><strong>injustitiis</strong></span> <span class='ocrx_word' id='word_1_609' title='bbox 3360 2809 3656 2864; x_wconf 69' lang='lat' dir='ltr'><strong>laetantur?</strong></span> 
     </span>
    </p>
   </div>
   <div class='ocr_carea' id='block_1_83' title="bbox 2073 2887 3656 2966">
    <p class='ocr_par' dir='ltr' id='par_1_83' title="bbox 2073 2887 3656 2966">
     <span class='ocr_line' id='line_1_83' title="bbox 2073 2887 3656 2966; baseline 0.011 -25"><span class='ocrx_word' id='word_1_610' title='bbox 2073 2887 2320 2959; x_wconf 87' lang='lat' dir='ltr'><strong>Namque</strong></span> <span class='ocrx_word' id='word_1_611' title='bbox 2350 2890 2492 2947; x_wconf 81' lang='lat' dir='ltr'><strong>fame</strong></span> <span class='ocrx_word' id='word_1_612' title='bbox 2541 2894 2699 2963; x_wconf 88' lang='lat' dir='ltr'><strong>panis</strong></span> <span class='ocrx_word' id='word_1_613' title='bbox 2743 2896 2799 2950; x_wconf 79' lang='lat' dir='ltr'><strong>et</strong></span> <span class='ocrx_word' id='word_1_614' title='bbox 2844 2899 3062 2966; x_wconf 79' lang='lat' dir='ltr'><strong>egentia</strong></span> <span class='ocrx_word' id='word_1_615' title='bbox 3119 2900 3303 2955; x_wconf 86' lang='lat' dir='ltr'><strong>nullus</strong></span> <span class='ocrx_word' id='word_1_616' title='bbox 3356 2901 3411 2955; x_wconf 87' lang='lat' dir='ltr'><strong>in</strong></span> <span class='ocrx_word' id='word_1_617' title='bbox 3456 2902 3656 2959; x_wconf 65' lang='lat' dir='ltr'><strong>anima:</strong></span> 
     </span>
    </p>
   </div>
   <div class='ocr_carea' id='block_1_84' title="bbox 2074 2984 3651 3060">
    <p class='ocr_par' dir='ltr' id='par_1_84' title="bbox 2074 2984 3651 3060">
     <span class='ocr_line' id='line_1_84' title="bbox 2074 2984 3651 3060; baseline 0.01 -25"><span class='ocrx_word' id='word_1_618' title='bbox 2074 2991 2303 3038; x_wconf 89' lang='lat' dir='ltr'><strong>mortem</strong></span> <span class='ocrx_word' id='word_1_619' title='bbox 2336 2984 2503 3051; x_wconf 89' lang='lat' dir='ltr'><strong>cadit,</strong></span> <span class='ocrx_word' id='word_1_620' title='bbox 2542 2984 2639 3039; x_wconf 90' lang='lat' dir='ltr'><strong>sed</strong></span> <span class='ocrx_word' id='word_1_621' title='bbox 2672 2986 2762 3040; x_wconf 86' lang='lat' dir='ltr'><strong>vix</strong></span> <span class='ocrx_word' id='word_1_622' title='bbox 2804 2989 2949 3044; x_wconf 92' lang='lat' dir='ltr'><strong>ullus</strong></span> <span class='ocrx_word' id='word_1_623' title='bbox 2999 2990 3055 3043; x_wconf 93' lang='lat' dir='ltr'><strong>in</strong></span> <span class='ocrx_word' id='word_1_624' title='bbox 3091 2992 3342 3060; x_wconf 91' lang='lat' dir='ltr'><strong>corporis</strong></span> <span class='ocrx_word' id='word_1_625' title='bbox 3381 3001 3613 3049; x_wconf 82' lang='lat' dir='ltr'><strong>mortem</strong></span> <span class='ocrx_word' id='word_1_626' title='bbox 3638 3038 3651 3060; x_wconf 96' lang='lat'><strong>,</strong></span> 
     </span>
    </p>
   </div>
   <div class='ocr_carea' id='block_1_85' title="bbox 2072 3077 3655 3157">
    <p class='ocr_par' dir='ltr' id='par_1_85' title="bbox 2072 3077 3655 3157">
     <span class='ocr_line' id='line_1_85' title="bbox 2072 3077 3655 3157; baseline 0.01 -28"><span class='ocrx_word' id='word_1_627' title='bbox 2072 3077 2457 3145; x_wconf 87' lang='lat' dir='ltr'><strong>peccatoribus</strong></span> <span class='ocrx_word' id='word_1_628' title='bbox 2496 3086 2677 3135; x_wconf 90' lang='lat' dir='ltr'><strong>autem</strong></span> <span class='ocrx_word' id='word_1_629' title='bbox 2707 3086 2762 3135; x_wconf 93' lang='lat' dir='ltr'><strong>et</strong></span> <span class='ocrx_word' id='word_1_630' title='bbox 2790 3081 3013 3137; x_wconf 89' lang='lat' dir='ltr'><strong>realiter</strong></span> <span class='ocrx_word' id='word_1_631' title='bbox 3069 3084 3227 3140; x_wconf 90' lang='lat' dir='ltr'><strong>malis</strong></span> <span class='ocrx_word' id='word_1_632' title='bbox 3264 3093 3495 3141; x_wconf 87' lang='lat' dir='ltr'><strong>mortem</strong></span> <span class='ocrx_word' id='word_1_633' title='bbox 3526 3103 3655 3157; x_wconf 82' lang='lat' dir='ltr'><strong>pec-</strong></span> 
     </span>
    </p>
   </div>
   <div class='ocr_carea' id='block_1_86' title="bbox 2078 3170 2482 3225">
    <p class='ocr_par' dir='ltr' id='par_1_86' title="bbox 2078 3170 2482 3225">
     <span class='ocr_line' id='line_1_86' title="bbox 2078 3170 2482 3225; baseline 0.007 -3"><span class='ocrx_word' id='word_1_634' title='bbox 2078 3181 2260 3223; x_wconf 86' lang='lat' dir='ltr'><strong>catum</strong></span> <span class='ocrx_word' id='word_1_635' title='bbox 2305 3170 2482 3225; x_wconf 70' lang='lat' dir='ltr'><strong>aﬂert.</strong></span> 
     </span>
    </p>
   </div>
   <div class='ocr_carea' id='block_1_87' title="bbox 2074 3303 3652 3452">
    <p class='ocr_par' dir='ltr' id='par_1_87' title="bbox 2074 3303 3652 3452">
     <span class='ocr_line' id='line_1_87' title="bbox 2074 3303 3652 3452; baseline 0.008 -97"><span class='ocrx_word' id='word_1_636' title='bbox 2074 3303 2200 3359; x_wconf 76' lang='grc'><strong>155.</strong></span> <span class='ocrx_word' id='word_1_637' title='bbox 2244 3303 2377 3370; x_wconf 84' lang='lat' dir='ltr'><strong>Quis</strong></span> <span class='ocrx_word' id='word_1_638' title='bbox 2426 3305 2707 3375; x_wconf 82' lang='lat' dir='ltr'><strong>dominus,</strong></span> <span class='ocrx_word' id='word_1_639' title='bbox 2752 3309 2870 3377; x_wconf 85' lang='lat' dir='ltr'><strong>quis</strong></span> <span class='ocrx_word' id='word_1_640' title='bbox 2920 3324 3131 3373; x_wconf 83' lang='lat' dir='ltr'><strong>servus,</strong></span> <span class='ocrx_word' id='word_1_641' title='bbox 3185 3309 3289 3363; x_wconf 82' lang='lat' dir='ltr'><strong>uisi</strong></span> <span class='ocrx_word' id='word_1_642' title='bbox 3323 3310 3478 3452; x_wconf 73' lang='lat' dir='ltr'><strong>ma[la_</strong></span> <span class='ocrx_word' id='word_1_643' title='bbox 3516 3312 3652 3423; x_wconf 62' lang='lat' dir='ltr'><strong>d’ivi-</strong></span> 
     </span>
     <span class='ocr_line' id='line_1_88' title="bbox 3432 3399 3546 3438; baseline 0.035 -4"><span class='ocrx_word' id='word_1_644' title='bbox 3432 3399 3546 3438; x_wconf 77' lang='lat' dir='ltr'><strong>sio.</strong></span> 
     </span>
    </p>
   </div>
   <div class='ocr_carea' id='block_1_88' title="bbox 3432 3399 3546 3438">
    <p class='ocr_par' dir='ltr' id='par_1_88' title="bbox 3432 3399 3546 3438">
     <span class='ocr_line' id='line_1_89' title="bbox 3432 3399 3546 3438; baseline 0.035 -4"><span class='ocrx_word' id='word_1_645' title='bbox 3432 3399 3511 3435; x_wconf 79' lang='grc' dir='ltr'>διο</span> <span class='ocrx_word' id='word_1_646' title='bbox 3533 3399 3546 3438; x_wconf 71' lang='grc'>2</span> 
     </span>
    </p>
   </div>
   <div class='ocr_carea' id='block_1_89' title="bbox 2140 3461 3653 3542">
    <p class='ocr_par' dir='ltr' id='par_1_89' title="bbox 2140 3461 3653 3542">
     <span class='ocr_line' id='line_1_90' title="bbox 2140 3461 3653 3542; baseline 0.008 -26"><span class='ocrx_word' id='word_1_647' title='bbox 2140 3461 2437 3533; x_wconf 90' lang='lat' dir='ltr'><strong>Postquam</strong></span> <span class='ocrx_word' id='word_1_648' title='bbox 2469 3467 2796 3521; x_wconf 89' lang='lat' dir='ltr'><strong>sententiam</strong></span> <span class='ocrx_word' id='word_1_649' title='bbox 2832 3470 3089 3538; x_wconf 82' lang='lat' dir='ltr'><strong>exposuit</strong></span> <span class='ocrx_word' id='word_1_650' title='bbox 3112 3469 3487 3542; x_wconf 91' lang='lat' dir='ltr'><strong>Philosophus</strong></span> <span class='ocrx_word' id='word_1_651' title='bbox 3538 3490 3653 3528; x_wconf 86' lang='lat' dir='ltr'><strong>ma-</strong></span> 
     </span>
    </p>
   </div>
   <div class='ocr_carea' id='block_1_90' title="bbox 2071 3556 3655 3635">
    <p class='ocr_par' dir='ltr' id='par_1_90' title="bbox 2071 3556 3655 3635">
     <span class='ocr_line' id='line_1_91' title="bbox 2071 3556 3655 3635; baseline 0.006 -26"><span class='ocrx_word' id='word_1_652' title='bbox 2071 3570 2212 3625; x_wconf 78' lang='lat' dir='ltr'><strong>gnus</strong></span> <span class='ocrx_word' id='word_1_653' title='bbox 2244 3556 2311 3611; x_wconf 92' lang='lat' dir='ltr'><strong>de</strong></span> <span class='ocrx_word' id='word_1_654' title='bbox 2352 3564 2672 3628; x_wconf 86' lang='lat' dir='ltr'><strong>paupertate</strong></span> <span class='ocrx_word' id='word_1_655' title='bbox 2712 3567 2768 3614; x_wconf 90' lang='lat' dir='ltr'><strong>et</strong></span> <span class='ocrx_word' id='word_1_656' title='bbox 2793 3560 2998 3616; x_wconf 89' lang='lat' dir='ltr'><strong>divitiis</strong></span> <span class='ocrx_word' id='word_1_657' title='bbox 3026 3563 3345 3633; x_wconf 81' lang='lat' dir='ltr'><strong>evangelice</strong></span> <span class='ocrx_word' id='word_1_658' title='bbox 3392 3572 3452 3618; x_wconf 90' lang='lat' dir='ltr'><strong>ut</strong></span> <span class='ocrx_word' id='word_1_659' title='bbox 3488 3580 3655 3635; x_wconf 83' lang='lat' dir='ltr'><strong>opor-</strong></span> 
     </span>
    </p>
   </div>
   <div class='ocr_carea' id='block_1_91' title="bbox 2069 3650 3653 3723">
    <p class='ocr_par' dir='ltr' id='par_1_91' title="bbox 2069 3650 3653 3723">
     <span class='ocr_line' id='line_1_92' title="bbox 2069 3650 3653 3723; baseline 0.007 -21"><span class='ocrx_word' id='word_1_660' title='bbox 2069 3650 2241 3716; x_wconf 90' lang='lat' dir='ltr'><strong>tebat,</strong></span> <span class='ocrx_word' id='word_1_661' title='bbox 2270 3658 2324 3704; x_wconf 90' lang='lat' dir='ltr'><strong>et</strong></span> <span class='ocrx_word' id='word_1_662' title='bbox 2356 3666 2456 3721; x_wconf 92' lang='lat' dir='ltr'><strong>pro</strong></span> <span class='ocrx_word' id='word_1_663' title='bbox 2486 3650 2583 3707; x_wconf 90' lang='lat' dir='ltr'><strong>Dei</strong></span> <span class='ocrx_word' id='word_1_664' title='bbox 2609 3653 2881 3723; x_wconf 88' lang='lat' dir='ltr'><strong>sapientia</strong></span> <span class='ocrx_word' id='word_1_665' title='bbox 2919 3655 2987 3709; x_wconf 90' lang='lat' dir='ltr'><strong>de</strong></span> <span class='ocrx_word' id='word_1_666' title='bbox 3009 3655 3126 3710; x_wconf 91' lang='lat' dir='ltr'><strong>heri</strong></span> <span class='ocrx_word' id='word_1_667' title='bbox 3178 3664 3234 3711; x_wconf 90' lang='lat' dir='ltr'><strong>et</strong></span> <span class='ocrx_word' id='word_1_668' title='bbox 3271 3658 3417 3712; x_wconf 86' lang='lat' dir='ltr'><strong>servi</strong></span> <span class='ocrx_word' id='word_1_669' title='bbox 3444 3659 3653 3713; x_wconf 83' lang='lat' dir='ltr'><strong>.condi-</strong></span> 
     </span>
    </p>
   </div>
   <div class='ocr_carea' id='block_1_92' title="bbox 2068 3744 3646 3817">
    <p class='ocr_par' dir='ltr' id='par_1_92' title="bbox 2068 3744 3646 3817">
     <span class='ocr_line' id='line_1_93' title="bbox 2068 3744 3646 3817; baseline 0.008 -22"><span class='ocrx_word' id='word_1_670' title='bbox 2068 3744 2219 3799; x_wconf 90' lang='lat' dir='ltr'><strong>tione</strong></span> <span class='ocrx_word' id='word_1_671' title='bbox 2273 3744 2343 3798; x_wconf 88' lang='lat' dir='ltr'><strong>ad</strong></span> <span class='ocrx_word' id='word_1_672' title='bbox 2404 3745 2750 3814; x_wconf 90' lang='lat' dir='ltr'><strong>spiritualem</strong></span> <span class='ocrx_word' id='word_1_673' title='bbox 2817 3762 3068 3801; x_wconf 88' lang='lat' dir='ltr'><strong>normam</strong></span> <span class='ocrx_word' id='word_1_674' title='bbox 3132 3748 3347 3817; x_wconf 88' lang='lat' dir='ltr'><strong>judicat</strong></span> <span class='ocrx_word' id='word_1_675' title='bbox 3412 3750 3646 3807; x_wconf 68' lang='lat' dir='ltr'><strong>dicens&#39;</strong></span> 
     </span>
    </p>
   </div>
   <div class='ocr_carea' id='block_1_93' title="bbox 2067 3834 3651 3906">
    <p class='ocr_par' dir='ltr' id='par_1_93' title="bbox 2067 3834 3651 3906">
     <span class='ocr_line' id='line_1_94' title="bbox 2067 3834 3651 3906; baseline 0.006 -21"><span class='ocrx_word' id='word_1_676' title='bbox 2067 3834 2201 3898; x_wconf 88' lang='lat' dir='ltr'><strong>Quis</strong></span> <span class='ocrx_word' id='word_1_677' title='bbox 2225 3842 2309 3888; x_wconf 89' lang='lat' dir='ltr'><strong>est</strong></span> <span class='ocrx_word' id='word_1_678' title='bbox 2341 3834 2510 3890; x_wconf 91' lang='lat' dir='ltr'><strong>herus</strong></span> <span class='ocrx_word' id='word_1_679' title='bbox 2542 3843 2595 3889; x_wconf 88' lang='lat' dir='ltr'><strong>et</strong></span> <span class='ocrx_word' id='word_1_680' title='bbox 2635 3837 2760 3906; x_wconf 92' lang='lat' dir='ltr'><strong>quis</strong></span> <span class='ocrx_word' id='word_1_681' title='bbox 2796 3847 2881 3892; x_wconf 92' lang='lat' dir='ltr'><strong>est</strong></span> <span class='ocrx_word' id='word_1_682' title='bbox 2906 3849 3101 3892; x_wconf 90' lang='lat' dir='ltr'><strong>natura</strong></span> <span class='ocrx_word' id='word_1_683' title='bbox 3128 3840 3349 3894; x_wconf 89' lang='lat' dir='ltr'><strong>servus?</strong></span> <span class='ocrx_word' id='word_1_684' title='bbox 3383 3856 3495 3895; x_wconf 88' lang='lat' dir='ltr'><strong>non</strong></span> <span class='ocrx_word' id='word_1_685' title='bbox 3517 3855 3651 3895; x_wconf 90' lang='lat' dir='ltr'><strong>con-</strong></span> 
     </span>
    </p>
   </div>
   <div class='ocr_carea' id='block_1_94' title="bbox 2065 3923 3650 3989">
    <p class='ocr_par' dir='ltr' id='par_1_94' title="bbox 2065 3923 3650 3989">
     <span class='ocr_line' id='line_1_95' title="bbox 2065 3923 3650 3989; baseline 0.006 -14"><span class='ocrx_word' id='word_1_686' title='bbox 2065 3923 2214 3979; x_wconf 91' lang='lat' dir='ltr'><strong>ditus</strong></span> <span class='ocrx_word' id='word_1_687' title='bbox 2252 3932 2338 3980; x_wconf 91' lang='lat' dir='ltr'><strong>est</strong></span> <span class='ocrx_word' id='word_1_688' title='bbox 2365 3924 2552 3989; x_wconf 89' lang='lat' dir='ltr'><strong>herus,</strong></span> <span class='ocrx_word' id='word_1_689' title='bbox 2578 3942 2680 3981; x_wconf 91' lang='lat' dir='ltr'><strong>nec</strong></span> <span class='ocrx_word' id='word_1_690' title='bbox 2714 3927 2965 3982; x_wconf 89' lang='lat' dir='ltr'><strong>conditus</strong></span> <span class='ocrx_word' id='word_1_691' title='bbox 2990 3938 3285 3985; x_wconf 90' lang='lat' dir='ltr'><strong>estservus</strong></span> <span class='ocrx_word' id='word_1_692' title='bbox 3334 3931 3405 3985; x_wconf 88' lang='lat' dir='ltr'><strong>ab</strong></span> <span class='ocrx_word' id='word_1_693' title='bbox 3450 3932 3650 3987; x_wconf 91' lang='lat' dir='ltr'><strong>initio:</strong></span> 
     </span>
    </p>
   </div>
   <div class='ocr_carea' id='block_1_95' title="bbox 2067 4016 3649 4093">
    <p class='ocr_par' dir='ltr' id='par_1_95' title="bbox 2067 4016 3649 4093">
     <span class='ocr_line' id='line_1_96' title="bbox 2067 4016 3649 4093; baseline 0.004 -22"><span class='ocrx_word' id='word_1_694' title='bbox 2067 4016 2241 4071; x_wconf 91' lang='lat' dir='ltr'><strong>sectio</strong></span> <span class='ocrx_word' id='word_1_695' title='bbox 2274 4016 2401 4073; x_wconf 90' lang='lat' dir='ltr'><strong>vilis</strong></span> <span class='ocrx_word' id='word_1_696' title='bbox 2434 4017 2563 4082; x_wconf 90' lang='lat' dir='ltr'><strong>ista,</strong></span> <span class='ocrx_word' id='word_1_697' title='bbox 2606 4020 2714 4075; x_wconf 85' lang='lat' dir='ltr'><strong>ista</strong></span> <span class='ocrx_word' id='word_1_698' title='bbox 2745 4020 2943 4076; x_wconf 90' lang='lat' dir='ltr'><strong>divisio</strong></span> <span class='ocrx_word' id='word_1_699' title='bbox 2978 4023 3304 4093; x_wconf 75' lang='lat' dir='ltr'><strong>tyrannica;</strong></span> <span class='ocrx_word' id='word_1_700' title='bbox 3336 4024 3480 4079; x_wconf 89' lang='lat' dir='ltr'><strong>sicut</strong></span> <span class='ocrx_word' id='word_1_701' title='bbox 3505 4024 3649 4078; x_wconf 90' lang='lat' dir='ltr'><strong>enim</strong></span> 
     </span>
    </p>
   </div>
   <div class='ocr_carea' id='block_1_96' title="bbox 2068 4108 3645 4183">
    <p class='ocr_par' dir='ltr' id='par_1_96' title="bbox 2068 4108 3645 4183">
     <span class='ocr_line' id='line_1_97' title="bbox 2068 4108 3645 4183; baseline 0.004 -20"><span class='ocrx_word' id='word_1_702' title='bbox 2068 4108 2326 4165; x_wconf 84' lang='lat' dir='ltr'><strong>omnibus</strong></span> <span class='ocrx_word' id='word_1_703' title='bbox 2372 4125 2519 4165; x_wconf 89' lang='lat' dir='ltr'><strong>unus</strong></span> <span class='ocrx_word' id='word_1_704' title='bbox 2552 4121 2605 4166; x_wconf 89' lang='lat' dir='ltr'><strong>et</strong></span> <span class='ocrx_word' id='word_1_705' title='bbox 2643 4111 2788 4167; x_wconf 89' lang='lat' dir='ltr'><strong>idem</strong></span> <span class='ocrx_word' id='word_1_706' title='bbox 2818 4114 3141 4183; x_wconf 86' lang='lat' dir='ltr'><strong>plasmator,</strong></span> <span class='ocrx_word' id='word_1_707' title='bbox 3182 4132 3291 4170; x_wconf 87' lang='lat' dir='ltr'><strong>una</strong></span> <span class='ocrx_word' id='word_1_708' title='bbox 3334 4116 3421 4171; x_wconf 79' lang='lat' dir='ltr'><strong>lex</strong></span> <span class='ocrx_word' id='word_1_709' title='bbox 3469 4117 3645 4170; x_wconf 84' lang='lat' dir='ltr'><strong>omni-</strong></span> 
     </span>
    </p>
   </div>
   <div class='ocr_carea' id='block_1_97' title="bbox 2065 4199 3653 4271">
    <p class='ocr_par' dir='ltr' id='par_1_97' title="bbox 2065 4199 3653 4271">
     <span class='ocr_line' id='line_1_98' title="bbox 2065 4199 3653 4271; baseline 0.005 -17"><span class='ocrx_word' id='word_1_710' title='bbox 2065 4199 2193 4264; x_wconf 87' lang='lat' dir='ltr'><strong>bus,</strong></span> <span class='ocrx_word' id='word_1_711' title='bbox 2221 4200 2492 4271; x_wconf 87' lang='lat' dir='ltr'><strong>judicium</strong></span> <span class='ocrx_word' id='word_1_712' title='bbox 2520 4219 2692 4257; x_wconf 90' lang='lat' dir='ltr'><strong>unum</strong></span> <span class='ocrx_word' id='word_1_713' title='bbox 2733 4212 2787 4259; x_wconf 90' lang='lat' dir='ltr'><strong>et</strong></span> <span class='ocrx_word' id='word_1_714' title='bbox 2814 4220 2919 4260; x_wconf 90' lang='lat' dir='ltr'><strong>una</strong></span> <span class='ocrx_word' id='word_1_715' title='bbox 2954 4217 3151 4262; x_wconf 91' lang='lat' dir='ltr'><strong>natura</strong></span> <span class='ocrx_word' id='word_1_716' title='bbox 3190 4208 3448 4263; x_wconf 87' lang='lat' dir='ltr'><strong>omnibus</strong></span> <span class='ocrx_word' id='word_1_717' title='bbox 3474 4210 3653 4263; x_wconf 86' lang='lat' dir='ltr'><strong>homi-</strong></span> 
     </span>
    </p>
   </div>
   <div class='ocr_carea' id='block_1_98' title="bbox 2064 4290 3651 4359">
    <p class='ocr_par' dir='ltr' id='par_1_98' title="bbox 2064 4290 3651 4359">
     <span class='ocr_line' id='line_1_99' title="bbox 2064 4290 3651 4359; baseline 0.006 -14"><span class='ocrx_word' id='word_1_718' title='bbox 2064 4290 2229 4346; x_wconf 89' lang='lat' dir='ltr'><strong>nibus</strong></span> <span class='ocrx_word' id='word_1_719' title='bbox 2255 4291 2470 4359; x_wconf 90' lang='lat' dir='ltr'><strong>eadem,</strong></span> <span class='ocrx_word' id='word_1_720' title='bbox 2506 4293 2587 4348; x_wconf 91' lang='lat' dir='ltr'><strong>sic</strong></span> <span class='ocrx_word' id='word_1_721' title='bbox 2618 4305 2671 4349; x_wconf 87' lang='lat' dir='ltr'><strong>et</strong></span> <span class='ocrx_word' id='word_1_722' title='bbox 2697 4295 2841 4351; x_wconf 89' lang='lat' dir='ltr'><strong>servi</strong></span> <span class='ocrx_word' id='word_1_723' title='bbox 2873 4311 3066 4352; x_wconf 90' lang='lat' dir='ltr'><strong>omnes</strong></span> <span class='ocrx_word' id='word_1_724' title='bbox 3099 4298 3354 4354; x_wconf 88' lang='lat' dir='ltr'><strong>similiter</strong></span> <span class='ocrx_word' id='word_1_725' title='bbox 3398 4300 3651 4356; x_wconf 90' lang='lat' dir='ltr'><strong>homines</strong></span> 
     </span>
    </p>
   </div>
   <div class='ocr_carea' id='block_1_99' title="bbox 2066 4380 3647 4446">
    <p class='ocr_par' dir='ltr' id='par_1_99' title="bbox 2066 4380 3647 4446">
     <span class='ocr_line' id='line_1_100' title="bbox 2066 4380 3647 4446; baseline 0.006 -10"><span class='ocrx_word' id='word_1_726' title='bbox 2066 4383 2170 4438; x_wconf 89' lang='lat' dir='ltr'><strong>sub</strong></span> <span class='ocrx_word' id='word_1_727' title='bbox 2192 4397 2303 4437; x_wconf 90' lang='lat' dir='ltr'><strong>uno</strong></span> <span class='ocrx_word' id='word_1_728' title='bbox 2326 4380 2673 4439; x_wconf 90' lang='lat' dir='ltr'><strong>Plasmatore</strong></span> <span class='ocrx_word' id='word_1_729' title='bbox 2698 4394 2751 4440; x_wconf 93' lang='lat' dir='ltr'><strong>et</strong></span> <span class='ocrx_word' id='word_1_730' title='bbox 2767 4385 3000 4441; x_wconf 82' lang='lat' dir='ltr'><strong>Domino</strong></span> <span class='ocrx_word' id='word_1_731' title='bbox 3030 4389 3320 4445; x_wconf 89' lang='lat' dir='ltr'><strong>constituti</strong></span> <span class='ocrx_word' id='word_1_732' title='bbox 3354 4398 3485 4445; x_wconf 92' lang='lat' dir='ltr'><strong>sunt</strong></span> <span class='ocrx_word' id='word_1_733' title='bbox 3515 4390 3647 4446; x_wconf 92' lang='lat' dir='ltr'><strong>Deo.</strong></span> 
     </span>
    </p>
   </div>
   <div class='ocr_carea' id='block_1_100' title="bbox 2066 4472 3651 4548">
    <p class='ocr_par' dir='ltr' id='par_1_100' title="bbox 2066 4472 3651 4548">
     <span class='ocr_line' id='line_1_101' title="bbox 2066 4472 3651 4548; baseline 0.006 -21"><span class='ocrx_word' id='word_1_734' title='bbox 2066 4472 2151 4528; x_wconf 90' lang='lat' dir='ltr'><strong>Tu</strong></span> <span class='ocrx_word' id='word_1_735' title='bbox 2182 4488 2335 4544; x_wconf 79' lang='lat' dir='ltr'><strong>ergo,</strong></span> <span class='ocrx_word' id='word_1_736' title='bbox 2358 4474 2492 4529; x_wconf 89' lang='lat' dir='ltr'><strong>dicit</strong></span> <span class='ocrx_word' id='word_1_737' title='bbox 2512 4476 2735 4546; x_wconf 64' lang='lat' dir='ltr'><strong>optimae</strong></span> <span class='ocrx_word' id='word_1_738' title='bbox 2768 4477 3130 4548; x_wconf 78' lang='lat' dir='ltr'><strong>philosophiae</strong></span> <span class='ocrx_word' id='word_1_739' title='bbox 3167 4488 3221 4535; x_wconf 92' lang='lat' dir='ltr'><strong>et</strong></span> <span class='ocrx_word' id='word_1_740' title='bbox 3251 4483 3501 4538; x_wconf 90' lang='lat' dir='ltr'><strong>veritatis</strong></span> <span class='ocrx_word' id='word_1_741' title='bbox 3535 4498 3651 4539; x_wconf 88' lang='lat' dir='ltr'><strong>ser-</strong></span> 
     </span>
    </p>
   </div>
   <div class='ocr_carea' id='block_1_101' title="bbox 2071 4567 3650 4633">
    <p class='ocr_par' dir='ltr' id='par_1_101' title="bbox 2071 4567 3650 4633">
     <span class='ocr_line' id='line_1_102' title="bbox 2071 4567 3650 4633; baseline 0.007 -15"><span class='ocrx_word' id='word_1_742' title='bbox 2071 4580 2299 4619; x_wconf 88' lang='lat' dir='ltr'><strong>monum</strong></span> <span class='ocrx_word' id='word_1_743' title='bbox 2333 4577 2562 4633; x_wconf 89' lang='lat' dir='ltr'><strong>amator,</strong></span> <span class='ocrx_word' id='word_1_744' title='bbox 2610 4583 2640 4621; x_wconf 92' lang='lat' dir='ltr'><strong>a</strong></span> <span class='ocrx_word' id='word_1_745' title='bbox 2688 4567 2908 4624; x_wconf 82' lang='lat' dir='ltr'><strong>famulis</strong></span> <span class='ocrx_word' id='word_1_746' title='bbox 2946 4572 3439 4630; x_wconf 85' lang='lat' dir='ltr'><strong>circumstantibus</strong></span> <span class='ocrx_word' id='word_1_747' title='bbox 3483 4577 3650 4629; x_wconf 87' lang='lat' dir='ltr'><strong>mini—</strong></span> 
     </span>
    </p>
   </div>
   <div class='ocr_carea' id='block_1_102' title="bbox 2070 4658 3651 4732">
    <p class='ocr_par' dir='ltr' id='par_1_102' title="bbox 2070 4658 3651 4732">
     <span class='ocr_line' id='line_1_103' title="bbox 2070 4658 3651 4732; baseline 0.008 -22"><span class='ocrx_word' id='word_1_748' title='bbox 2070 4664 2299 4719; x_wconf 89' lang='lat' dir='ltr'><strong>stratus,</strong></span> <span class='ocrx_word' id='word_1_749' title='bbox 2332 4672 2401 4711; x_wconf 90' lang='lat' dir='ltr'><strong>ne</strong></span> <span class='ocrx_word' id='word_1_750' title='bbox 2430 4658 2529 4712; x_wconf 90' lang='lat' dir='ltr'><strong>tibi</strong></span> <span class='ocrx_word' id='word_1_751' title='bbox 2561 4658 2780 4729; x_wconf 89' lang='lat' dir='ltr'><strong>quidem</strong></span> <span class='ocrx_word' id='word_1_752' title='bbox 2826 4661 2943 4715; x_wconf 93' lang='lat' dir='ltr'><strong>heri</strong></span> <span class='ocrx_word' id='word_1_753' title='bbox 2986 4664 3381 4732; x_wconf 87' lang='lat' dir='ltr'><strong>conditionem,</strong></span> <span class='ocrx_word' id='word_1_754' title='bbox 3415 4665 3522 4720; x_wconf 87' lang='lat' dir='ltr'><strong>illis</strong></span> <span class='ocrx_word' id='word_1_755' title='bbox 3553 4683 3651 4721; x_wconf 85' lang='lat' dir='ltr'><strong>au-</strong></span> 
     </span>
    </p>
   </div>
   <div class='ocr_carea' id='block_1_103' title="bbox 2068 4745 3651 4827">
    <p class='ocr_par' dir='ltr' id='par_1_103' title="bbox 2068 4745 3651 4827">
     <span class='ocr_line' id='line_1_104' title="bbox 2068 4745 3651 4827; baseline 0.008 -27"><span class='ocrx_word' id='word_1_756' title='bbox 2068 4754 2178 4802; x_wconf 92' lang='lat' dir='ltr'><strong>tem</strong></span> <span class='ocrx_word' id='word_1_757' title='bbox 2221 4745 2545 4802; x_wconf 83' lang='lat' dir='ltr'><strong>famulatum</strong></span> <span class='ocrx_word' id='word_1_758' title='bbox 2592 4763 2906 4816; x_wconf 89' lang='lat' dir='ltr'><strong>reservans,</strong></span> <span class='ocrx_word' id='word_1_759' title='bbox 2955 4755 3147 4808; x_wconf 81' lang='lat' dir='ltr'><strong>extolli</strong></span> <span class='ocrx_word' id='word_1_760' title='bbox 3192 4771 3359 4825; x_wconf 90' lang='lat' dir='ltr'><strong>supra</strong></span> <span class='ocrx_word' id='word_1_761' title='bbox 3404 4757 3459 4811; x_wconf 91' lang='lat' dir='ltr'><strong>id</strong></span> <span class='ocrx_word' id='word_1_762' title='bbox 3500 4758 3651 4827; x_wconf 93' lang='lat' dir='ltr'><strong>quod</strong></span> 
     </span>
    </p>
   </div>
   <div class='ocr_carea' id='block_1_104' title="bbox 2071 4837 3651 4908">
    <p class='ocr_par' dir='ltr' id='par_1_104' title="bbox 2071 4837 3651 4908">
     <span class='ocr_line' id='line_1_105' title="bbox 2071 4837 3651 4908; baseline 0.007 -16"><span class='ocrx_word' id='word_1_763' title='bbox 2071 4845 2287 4908; x_wconf 91' lang='lat' dir='ltr'><strong>oportet</strong></span> <span class='ocrx_word' id='word_1_764' title='bbox 2326 4837 2699 4904; x_wconf 87' lang='lat' dir='ltr'><strong>audeas,ante</strong></span> <span class='ocrx_word' id='word_1_765' title='bbox 2732 4856 3081 4897; x_wconf 91' lang='lat' dir='ltr'><strong>communem</strong></span> <span class='ocrx_word' id='word_1_766' title='bbox 3120 4846 3503 4901; x_wconf 89' lang='lat' dir='ltr'><strong>universorum</strong></span> <span class='ocrx_word' id='word_1_767' title='bbox 3545 4847 3651 4903; x_wconf 80' lang='lat' dir='ltr'><strong>Do-</strong></span> 
     </span>
    </p>
   </div>
   <div class='ocr_carea' id='block_1_105' title="bbox 2068 4929 3649 5002">
    <p class='ocr_par' dir='ltr' id='par_1_105' title="bbox 2068 4929 3649 5002">
     <span class='ocr_line' id='line_1_106' title="bbox 2068 4929 3649 5002; baseline 0.006 -20"><span class='ocrx_word' id='word_1_768' title='bbox 2068 4932 2280 4983; x_wconf 91' lang='lat' dir='ltr'><strong>minum</strong></span> <span class='ocrx_word' id='word_1_769' title='bbox 2307 4929 2634 4999; x_wconf 90' lang='lat' dir='ltr'><strong>insipienter</strong></span> <span class='ocrx_word' id='word_1_770' title='bbox 2667 4931 2938 5002; x_wconf 79' lang='lat' dir='ltr'><strong>cogitans,</strong></span> <span class='ocrx_word' id='word_1_771' title='bbox 2989 4934 3087 4988; x_wconf 89' lang='lat' dir='ltr'><strong>sed</strong></span> <span class='ocrx_word' id='word_1_772' title='bbox 3122 4934 3263 4989; x_wconf 91' lang='lat' dir='ltr'><strong>bene</strong></span> <span class='ocrx_word' id='word_1_773' title='bbox 3305 4937 3547 4992; x_wconf 86' lang='lat' dir='ltr'><strong>sentiens</strong></span> <span class='ocrx_word' id='word_1_774' title='bbox 3589 4948 3649 4992; x_wconf 92' lang='lat' dir='ltr'><strong>ut</strong></span> 
     </span>
    </p>
   </div>
   <div class='ocr_carea' id='block_1_106' title="bbox 2071 5022 3650 5093">
    <p class='ocr_par' dir='ltr' id='par_1_106' title="bbox 2071 5022 3650 5093">
     <span class='ocr_line' id='line_1_107' title="bbox 2071 5022 3650 5093; baseline 0.004 -15"><span class='ocrx_word' id='word_1_775' title='bbox 2071 5022 2292 5092; x_wconf 89' lang='lat' dir='ltr'><strong>sapiens</strong></span> <span class='ocrx_word' id='word_1_776' title='bbox 2329 5026 2407 5078; x_wconf 88' lang='lat' dir='ltr'><strong>sis</strong></span> <span class='ocrx_word' id='word_1_777' title='bbox 2438 5034 2491 5078; x_wconf 89' lang='lat' dir='ltr'><strong>et</strong></span> <span class='ocrx_word' id='word_1_778' title='bbox 2518 5025 2753 5093; x_wconf 80' lang='lat' dir='ltr'><strong>teipsum</strong></span> <span class='ocrx_word' id='word_1_779' title='bbox 2774 5027 3017 5086; x_wconf 87' lang='lat' dir='ltr'><strong>noveris,</strong></span> <span class='ocrx_word' id='word_1_780' title='bbox 3043 5042 3236 5082; x_wconf 90' lang='lat' dir='ltr'><strong>omnes</strong></span> <span class='ocrx_word' id='word_1_781' title='bbox 3262 5027 3650 5084; x_wconf 88' lang='lat' dir='ltr'><strong>ministrantes</strong></span> 
     </span>
    </p>
   </div>
   <div class='ocr_carea' id='block_1_107' title="bbox 2068 5116 3651 5192">
    <p class='ocr_par' dir='ltr' id='par_1_107' title="bbox 2068 5116 3651 5192">
     <span class='ocr_line' id='line_1_108' title="bbox 2068 5116 3651 5192; baseline 0.006 -23"><span class='ocrx_word' id='word_1_782' title='bbox 2068 5116 2169 5170; x_wconf 90' lang='lat' dir='ltr'><strong>tibi</strong></span> <span class='ocrx_word' id='word_1_783' title='bbox 2218 5130 2523 5171; x_wconf 78' lang='lat' dir='ltr'><strong>conservos</strong></span> <span class='ocrx_word' id='word_1_784' title='bbox 2565 5127 2623 5171; x_wconf 87' lang='lat' dir='ltr'><strong>et</strong></span> <span class='ocrx_word' id='word_1_785' title='bbox 2668 5124 2870 5171; x_wconf 89' lang='lat' dir='ltr'><strong>natura</strong></span> <span class='ocrx_word' id='word_1_786' title='bbox 2914 5119 3031 5188; x_wconf 90' lang='lat' dir='ltr'><strong>pari</strong></span> <span class='ocrx_word' id='word_1_787' title='bbox 3080 5119 3286 5175; x_wconf 91' lang='lat' dir='ltr'><strong>honore</strong></span> <span class='ocrx_word' id='word_1_788' title='bbox 3329 5120 3527 5192; x_wconf 81' lang='lat' dir='ltr'><strong>dignos</strong></span> <span class='ocrx_word' id='word_1_789' title='bbox 3569 5124 3651 5177; x_wconf 85' lang='lat' dir='ltr'><strong>vi-</strong></span> 
     </span>
    </p>
   </div>
   <div class='ocr_carea' id='block_1_108' title="bbox 2066 5207 3651 5278">
    <p class='ocr_par' dir='ltr' id='par_1_108' title="bbox 2066 5207 3651 5278">
     <span class='ocr_line' id='line_1_109' title="bbox 2066 5207 3651 5278; baseline 0.004 -16"><span class='ocrx_word' id='word_1_790' title='bbox 2066 5208 2226 5273; x_wconf 89' lang='lat' dir='ltr'><strong>dens,</strong></span> <span class='ocrx_word' id='word_1_791' title='bbox 2256 5207 2533 5262; x_wconf 91' lang='lat' dir='ltr'><strong>consociis</strong></span> <span class='ocrx_word' id='word_1_792' title='bbox 2571 5208 2627 5261; x_wconf 93' lang='lat' dir='ltr'><strong>in</strong></span> <span class='ocrx_word' id='word_1_793' title='bbox 2671 5223 2835 5278; x_wconf 91' lang='lat' dir='ltr'><strong>opere</strong></span> <span class='ocrx_word' id='word_1_794' title='bbox 2872 5219 2928 5264; x_wconf 88' lang='lat' dir='ltr'><strong>et</strong></span> <span class='ocrx_word' id='word_1_795' title='bbox 2974 5210 3201 5265; x_wconf 91' lang='lat' dir='ltr'><strong>servitio</strong></span> <span class='ocrx_word' id='word_1_796' title='bbox 3248 5219 3403 5267; x_wconf 88' lang='lat' dir='ltr'><strong>utere</strong></span> <span class='ocrx_word' id='word_1_797' title='bbox 3443 5212 3510 5266; x_wconf 91' lang='lat' dir='ltr'><strong>ad</strong></span> <span class='ocrx_word' id='word_1_798' title='bbox 3552 5230 3651 5269; x_wconf 89' lang='lat' dir='ltr'><strong>vo-</strong></span> 
     </span>
    </p>
   </div>
   <div class='ocr_carea' id='block_1_109' title="bbox 2071 5296 3650 5372">
    <p class='ocr_par' dir='ltr' id='par_1_109' title="bbox 2071 5296 3650 5372">
     <span class='ocr_line' id='line_1_110' title="bbox 2071 5296 3650 5372; baseline 0.006 -21"><span class='ocrx_word' id='word_1_799' title='bbox 2071 5298 2299 5353; x_wconf 91' lang='lat' dir='ltr'><strong>luntatis</strong></span> <span class='ocrx_word' id='word_1_800' title='bbox 2341 5296 2639 5353; x_wconf 71' lang='lat' dir='ltr'><strong>Dominicae</strong></span> <span class='ocrx_word' id='word_1_801' title='bbox 2688 5299 3117 5354; x_wconf 87' lang='lat' dir='ltr'><strong>observantiam.</strong></span> <span class='ocrx_word' id='word_1_802' title='bbox 3158 5299 3236 5357; x_wconf 86' lang='lat' dir='ltr'><strong>Ne</strong></span> <span class='ocrx_word' id='word_1_803' title='bbox 3281 5317 3412 5372; x_wconf 82' lang='lat' dir='ltr'><strong>ergo</strong></span> <span class='ocrx_word' id='word_1_804' title='bbox 3466 5319 3650 5361; x_wconf 91' lang='lat' dir='ltr'><strong>mores</strong></span> 
     </span>
    </p>
   </div>
   <div class='ocr_carea' id='block_1_110' title="bbox 2073 5391 3649 5464">
    <p class='ocr_par' dir='ltr' id='par_1_110' title="bbox 2073 5391 3649 5464">
     <span class='ocr_line' id='line_1_111' title="bbox 2073 5391 3649 5464; baseline 0.004 -19"><span class='ocrx_word' id='word_1_805' title='bbox 2073 5391 2286 5446; x_wconf 90' lang='lat' dir='ltr'><strong>nobiles</strong></span> <span class='ocrx_word' id='word_1_806' title='bbox 2316 5400 2369 5445; x_wconf 90' lang='lat' dir='ltr'><strong>et</strong></span> <span class='ocrx_word' id='word_1_807' title='bbox 2398 5391 2468 5445; x_wconf 93' lang='lat' dir='ltr'><strong>ob</strong></span> <span class='ocrx_word' id='word_1_808' title='bbox 2490 5392 2702 5460; x_wconf 87' lang='lat' dir='ltr'><strong>praxim</strong></span> <span class='ocrx_word' id='word_1_809' title='bbox 2734 5400 2788 5446; x_wconf 91' lang='lat' dir='ltr'><strong>et</strong></span> <span class='ocrx_word' id='word_1_810' title='bbox 2832 5392 3335 5448; x_wconf 88' lang='lat' dir='ltr'><strong>considerationem</strong></span> <span class='ocrx_word' id='word_1_811' title='bbox 3370 5396 3649 5464; x_wconf 80' lang='lat' dir='ltr'><strong>egregiam</strong></span> 
     </span>
    </p>
   </div>
   <div class='ocr_carea' id='block_1_111' title="bbox 2071 5482 3651 5554">
    <p class='ocr_par' dir='ltr' id='par_1_111' title="bbox 2071 5482 3651 5554">
     <span class='ocr_line' id='line_1_112' title="bbox 2071 5482 3651 5554; baseline 0.001 -16"><span class='ocrx_word' id='word_1_812' title='bbox 2071 5484 2310 5538; x_wconf 90' lang='lat' dir='ltr'><strong>indolem</strong></span> <span class='ocrx_word' id='word_1_813' title='bbox 2359 5492 2414 5538; x_wconf 92' lang='lat' dir='ltr'><strong>et</strong></span> <span class='ocrx_word' id='word_1_814' title='bbox 2466 5483 2674 5538; x_wconf 88' lang='lat' dir='ltr'><strong>honore</strong></span> <span class='ocrx_word' id='word_1_815' title='bbox 2717 5482 2937 5554; x_wconf 82' lang='lat' dir='ltr'><strong>dignam</strong></span> <span class='ocrx_word' id='word_1_816' title='bbox 3009 5493 3136 5539; x_wconf 88' lang='lat' dir='ltr'><strong>ante</strong></span> <span class='ocrx_word' id='word_1_817' title='bbox 3182 5485 3564 5541; x_wconf 87' lang='lat' dir='ltr'><strong>liberationem</strong></span> <span class='ocrx_word' id='word_1_818' title='bbox 3621 5504 3651 5540; x_wconf 90' lang='lat' dir='ltr'><strong>a</strong></span> 
     </span>
    </p>
   </div>
   <div class='ocr_carea' id='block_1_112' title="bbox 2072 5577 3650 5648">
    <p class='ocr_par' dir='ltr' id='par_1_112' title="bbox 2072 5577 3650 5648">
     <span class='ocr_line' id='line_1_113' title="bbox 2072 5577 3650 5648; baseline 0.002 -18"><span class='ocrx_word' id='word_1_819' title='bbox 2072 5591 2323 5646; x_wconf 86' lang='lat' dir='ltr'><strong>corpore,</strong></span> <span class='ocrx_word' id='word_1_820' title='bbox 2366 5586 2421 5633; x_wconf 89' lang='lat' dir='ltr'><strong>et</strong></span> <span class='ocrx_word' id='word_1_821' title='bbox 2471 5586 2765 5648; x_wconf 90' lang='lat' dir='ltr'><strong>antequam</strong></span> <span class='ocrx_word' id='word_1_822' title='bbox 2812 5577 3102 5633; x_wconf 86' lang='lat' dir='ltr'><strong>victoriam</strong></span> <span class='ocrx_word' id='word_1_823' title='bbox 3165 5579 3432 5636; x_wconf 89' lang='lat' dir='ltr'><strong>adversus</strong></span> <span class='ocrx_word' id='word_1_824' title='bbox 3490 5596 3650 5634; x_wconf 87' lang='lat' dir='ltr'><strong>mun-</strong></span> 
     </span>
    </p>
   </div>
   <div class='ocr_carea' id='block_1_113' title="bbox 2080 5672 3648 5746">
    <p class='ocr_par' dir='ltr' id='par_1_113' title="bbox 2080 5672 3648 5746">
     <span class='ocr_line' id='line_1_114' title="bbox 2080 5672 3648 5746; baseline 0.002 -20"><span class='ocrx_word' id='word_1_825' title='bbox 2080 5672 2209 5727; x_wconf 93' lang='lat' dir='ltr'><strong>dum</strong></span> <span class='ocrx_word' id='word_1_826' title='bbox 2243 5673 2628 5743; x_wconf 89' lang='lat' dir='ltr'><strong>consequaris,</strong></span> <span class='ocrx_word' id='word_1_827' title='bbox 2680 5690 2789 5744; x_wconf 75' lang='lat' dir='ltr'><strong>pra:</strong></span> <span class='ocrx_word' id='word_1_828' title='bbox 2826 5686 2877 5729; x_wconf 84' lang='lat' dir='ltr'><strong>te</strong></span> <span class='ocrx_word' id='word_1_829' title='bbox 2924 5674 3071 5731; x_wconf 84' lang='lat' dir='ltr'><strong>ferre</strong></span> <span class='ocrx_word' id='word_1_830' title='bbox 3114 5675 3312 5746; x_wconf 88' lang='lat' dir='ltr'><strong>jactes,</strong></span> <span class='ocrx_word' id='word_1_831' title='bbox 3360 5684 3413 5731; x_wconf 88' lang='lat' dir='ltr'><strong>et</strong></span> <span class='ocrx_word' id='word_1_832' title='bbox 3454 5675 3648 5731; x_wconf 88' lang='lat' dir='ltr'><strong>intem-</strong></span> 
     </span>
    </p>
   </div>
   <div class='ocr_carea' id='block_1_114' title="bbox 448 5828 3645 5909">
    <p class='ocr_par' dir='ltr' id='par_1_114' title="bbox 448 5828 3645 5909">
     <span class='ocr_line' id='line_1_115' title="bbox 448 5828 3645 5909; baseline 0.003 -25"><span class='ocrx_word' id='word_1_833' title='bbox 448 5828 675 5909; x_wconf 71' lang='lat' dir='ltr'><strong>(7)_Ali_l.</strong></span> <span class='ocrx_word' id='word_1_834' title='bbox 709 5830 847 5891; x_wconf 81' lang='lat' dir='ltr'><strong>Ven.</strong></span> <span class='ocrx_word' id='word_1_835' title='bbox 885 5834 1051 5893; x_wconf 85' lang='lat' dir='ltr'><strong>Basil.</strong></span> <span class='ocrx_word' id='word_1_836' title='bbox 1098 5834 1290 5893; x_wconf 85' lang='lat' dir='ltr'><strong>Colon.</strong></span> <span class='ocrx_word' id='word_1_837' title='bbox 1329 5834 1423 5907; x_wconf 92' lang='lat' dir='ltr'><strong>[et</strong></span> <span class='ocrx_word' id='word_1_838' title='bbox 1455 5833 1697 5907; x_wconf 69' lang='lat' dir='ltr'><strong>Bened.)</strong></span> <span class='ocrx_word' id='word_1_839' title='bbox 1737 5834 1808 5889; x_wconf 84' lang='grc' dir='ltr'>τί.</span> <span class='ocrx_word' id='word_1_840' title='bbox 1842 5834 1967 5891; x_wconf 84' lang='lat' dir='ltr'><strong>Ald.</strong></span> <span class='ocrx_word' id='word_1_841' title='bbox 2005 5832 2196 5891; x_wconf 82' lang='lat' dir='ltr'><strong>Venet.</strong></span> <span class='ocrx_word' id='word_1_842' title='bbox 2231 5840 2285 5890; x_wconf 89' lang='lat' dir='ltr'><strong>et</strong></span> <span class='ocrx_word' id='word_1_843' title='bbox 2324 5831 2491 5895; x_wconf 86' lang='lat' dir='ltr'><strong>Basil.</strong></span> <span class='ocrx_word' id='word_1_844' title='bbox 2525 5833 2557 5905; x_wconf 78' lang='grc' dir='ltr'><strong>ἥ</strong></span> <span class='ocrx_word' id='word_1_845' title='bbox 2588 5850 2685 5906; x_wconf 82' lang='lat' dir='ltr'><strong>pro</strong></span> <span class='ocrx_word' id='word_1_846' title='bbox 2722 5836 2777 5905; x_wconf 79' lang='grc' dir='ltr'>ἡ,</span> <span class='ocrx_word' id='word_1_847' title='bbox 2808 5843 2861 5892; x_wconf 89' lang='lat' dir='ltr'><strong>ct</strong></span> <span class='ocrx_word' id='word_1_848' title='bbox 2891 5845 3014 5908; x_wconf 88' lang='lat' dir='ltr'><strong>post</strong></span> <span class='ocrx_word' id='word_1_849' title='bbox 3044 5852 3093 5894; x_wconf 89' lang='lat' dir='ltr'><strong>v.</strong></span> <span class='ocrx_word' id='word_1_850' title='bbox 3129 5836 3271 5909; x_wconf 79' lang='grc' dir='ltr'>τομή</span> <span class='ocrx_word' id='word_1_851' title='bbox 3310 5844 3436 5892; x_wconf 87' lang='lat' dir='ltr'><strong>nota</strong></span> <span class='ocrx_word' id='word_1_852' title='bbox 3476 5836 3645 5892; x_wconf 84' lang='lat' dir='ltr'><strong>inter-</strong></span> 
     </span>
    </p>
   </div>
   <div class='ocr_carea' id='block_1_115' title="bbox 375 5901 696 5972">
    <p class='ocr_par' dir='ltr' id='par_1_115' title="bbox 375 5901 696 5972">
     <span class='ocr_line' id='line_1_116' title="bbox 375 5901 696 5972; baseline 0.012 -19"><span class='ocrx_word' id='word_1_853' title='bbox 375 5915 428 5953; x_wconf 65' lang='grc' dir='ltr'><strong>τε</strong></span> <span class='ocrx_word' id='word_1_854' title='bbox 439 5901 696 5972; x_wconf 69' lang='lat' dir='ltr'><strong>gationis.</strong></span> 
     </span>
    </p>
   </div>
  </div>
