4108 6376
505 398 612 461 819

505 528 712 596 pestive
786 528 1030 598 glorians
1090 528 1144 582 in
1195 527 1562 598 abjectionem
1617 528 1929 599 dejiciaris,
1981 530 2078 585 sed

504 617 726 686 quando
755 618 824 674 de
863 619 1215 676 ubviantibus
1259 622 1625 690 corporaliter
1672 622 1978 677 obstaculis
2028 631 2084 676 et

504 709 890 778 spiritualibus
920 713 1142 766 malitiae
1168 713 1611 781 oppositionihus
1642 712 1820 767 victor
1844 715 2083 768 evadens

505 801 720 855 solutus
759 799 952 867 fueris,
996 811 1126 859 tunc
1169 804 1237 859 ad
1275 804 1443 858 Deum
1484 805 1672 859 venies
1713 805 1888 876 gloria
1925 805 2087 862 deco-

505 903 657 948 ratus
688 909 906 964 magna.

505 1003 604 1056 157
647 1001 795 1058 Servi
850 1014 1025 1059 autem
1073 1005 1220 1075 quid,
1261 1022 1324 1059 ac
1369 1005 1632 1075 praecipue
1670 1005 1763 1075 qui
1824 1005 1921 1061 Dei
1947 1009 2085 1062 servi

1820 1077 1968 1148 [sunt
1987 1081 2013 1132 ?

574 1180 873 1252 Postquam
907 1189 1077 1255 legem
1110 1185 1274 1240 dictis
1300 1185 1540 1241 dominis
1571 1185 2085 1256 posuit,humiliare

505 1287 565 1326 se
592 1281 646 1327 et
679 1276 961 1330 conservis
999 1275 1078 1330 uti
1116 1275 1359 1341 famulis,
1395 1276 1635 1332 scientes
1678 1277 1828 1348 quod
1869 1286 1926 1333 et
1976 1280 2084 1350 ipsi

505 1364 799 1422 Dominum
835 1369 1037 1425 habent
1069 1370 1126 1423 in
1173 1369 1352 1435 caelis,
1385 1379 1445 1423 ut
1485 1370 1575 1425 isti
1619 1370 1751 1424 talia
1797 1370 2083 1430 audientes

505 1460 651 1513 sicut
691 1464 810 1531 pari
839 1462 1037 1531 dignos
1082 1465 1292 1518 honore
1330 1477 1439 1518 non
1475 1464 1767 1534 insurgant
1811 1465 1867 1518 in
1904 1463 2079 1519 domi-

504 1567 626 1618 nos,
655 1554 786 1622 quid
822 1555 889 1609 de
932 1556 1192 1613 famulis?
1239 1571 1338 1626 pro
1385 1555 1542 1610 vobis
1586 1557 1732 1610 enim
1777 1557 2083 1626 spiritualis

505 1644 787 1713 legislator
831 1661 1142 1701 sermonem
1185 1647 1479 1719 protrahit.
1526 1647 1669 1712 Quid
1719 1663 1850 1720 ergo
1888 1659 2083 1714 vos,et

503 1738 811 1804 prmsertim
838 1739 930 1808 qui
966 1738 1055 1793 Dei
1089 1743 1232 1794 servi
1265 1756 1389 1795 esse
1414 1740 1628 1796 vultis?
1656 1756 1763 1794 non
1792 1741 2080 1812 indignum

501 1825 858 1894 iudicandum
891 1836 978 1883 est
1005 1828 1250 1883 dominis
1273 1829 1480 1884 servire
1500 1845 1515 1894 ;
1535 1836 1588 1883 et
1606 1829 1740 1882 illud
1766 1829 2086 1898 quomodo?

503 1929 613 1970 non
649 1919 714 1970 ad
767 1919 987 1994 oculum
1045 1919 1366 1974 obedientes
1402 1921 1546 1976 sicut
1595 1921 1910 1976 hominibus
1966 1921 2083 1991 pla-

502 2018 710 2073 centes,
740 2011 834 2065 sed
859 1997 926 2065 ex
956 2013 1144 2065 animo
1187 2028 1312 2066 cum
1356 2011 1523 2067 corde
1578 2013 1847 2067 benevolo
1877 2021 1932 2066 et
1957 2009 2079 2078 ﬁde,

499 2098 804 2153 secundum
838 2101 1202 2168 apostolicum
1237 2103 1644 2174 praescriptum,
1672 2103 1819 2158 sicut
1849 2102 2083 2157 Domino

498 2199 554 2246 et
589 2207 699 2246 non
741 2194 1081 2260 hominibus,
1115 2197 1197 2252 sic
1241 2199 1484 2255 dominis
1521 2202 1721 2256 vestris
1771 2200 2083 2255 inservien-

498 2293 606 2338 tem
637 2286 897 2341 honorem
923 2296 977 2342 et
1009 2287 1336 2342 famulatum
1368 2289 1516 2356 date,
1553 2305 1655 2345 nec
1681 2291 2080 2346 exhibitionem

499 2374 800 2434 famulatus
829 2379 1176 2445 erubescite;
1211 2382 1448 2437 liberum
1479 2384 1626 2437 enim
1654 2393 1709 2438 et
1738 2399 1956 2439 servum
1997 2386 2082 2440 lex

498 2468 684 2540 dirigit
712 2489 725 2525 :
759 2472 854 2542 qui
886 2473 1250 2543 dispositione
1286 2476 1484 2530 animae
1513 2491 1636 2546 quae
1677 2475 1901 2532 Christo
1950 2493 2083 2532 con-

498 2565 684 2617 veniat
712 2572 765 2619 et
788 2565 1022 2620 consilio
1051 2581 1219 2637 agens
1244 2567 1390 2637 quod
1429 2567 1538 2623 Deo
1571 2570 2079 2638 conveniat,coram

501 2655 610 2710 Deo
643 2669 696 2711 et
716 2657 1034 2715 hominibus
1065 2660 1208 2714 bona
1241 2660 1561 2724 meditatur,
1597 2663 1688 2717 ille
1721 2663 1906 2734 reipsa
1939 2664 2078 2718 liber

497 2755 618 2811 est;
650 2751 744 2820 qui
773 2760 956 2805 autem
999 2767 1122 2806 cum
1171 2752 1296 2806 dolo
1326 2760 1380 2807 et
1416 2755 1623 2808 malitia
1662 2755 1830 2809 vitam
1874 2757 2082 2824 degens

499 2854 676 2906 suam,
736 2850 925 2898 contra
989 2843 1156 2897 Deum
1187 2852 1241 2898 et
1284 2844 1536 2900 homines
1582 2854 1772 2915 peccat
1831 2855 2082 2902 contem-

498 2939 644 3000 ptor,
675 2932 764 2987 hic
794 2949 920 2988 vere
970 2948 1165 2988 servus
1203 2941 1288 2987 est
1335 2935 1709 3003 castigandus.
1757 2934 1930 3004 Igitur
1972 2949 2079 2988 non

500 3025 699 3078 malum
734 3034 818 3080 est
851 3040 1069 3080 servum
1106 3040 1250 3087 esse,
1295 3025 1389 3079 sed
1445 3040 1676 3094 peccare
1722 3026 1924 3079 malum
1973 3035 2077 3089 est,

497 3131 624 3171 cum
661 3118 916 3173 Christus
948 3119 1066 3188 ipse
1096 3135 1291 3174 servus
1322 3119 1605 3172 hominum
1652 3131 1816 3171 verus
1862 3118 1953 3181 sit,
1985 3119 2078 3173 sed

498 3209 764 3263 servitute
815 3212 1038 3266 realiter
1093 3211 1256 3272 mala,
1310 3216 1670 3279 peccato,eos
1713 3210 1810 3281 qui
1855 3210 1911 3263 in
1952 3225 2076 3264 eum

497 3299 731 3354 credunt
754 3307 1013 3370 tanquam
1043 3300 1188 3355 Deus
1214 3299 1433 3354 liberat.

497 3450 594 3505 Ml
642 3448 850 3504 Pudeat
905 3459 954 3504 te
990 3450 1036 3504 si
1077 3449 1250 3504 malus
1279 3448 1495 3515 audias,
1532 3465 1638 3502 non
1679 3464 1798 3501 vero
1840 3448 2082 3589 lsivi-gnto-

1901 3536 1914 3571 ι
1943 3537 2007 3573 τε.

1901 3536 2007 3573 ιιιδ.

568 3609 764 3665 Adhuc
796 3612 986 3665 eadem
1011 3596 1393 3680 prepositione
1427 3624 1662 3680 pergens
1693 3608 1915 3663 divinus
1952 3610 2074 3662 illu-

497 3704 740 3758 minator
786 3703 984 3758 suadet
1023 3719 1091 3758 ne
1123 3703 1426 3758 erubesaas
1472 3710 1524 3755 te
1555 3708 1808 3755 vocatum
1852 3701 2083 3756 audiens

499 3811 717 3851 servum
767 3803 862 3851 aut
911 3796 1165 3850 obscurae
1210 3795 1480 3864 prosapia:
1530 3793 1841 3860 hominem,
1892 3810 1962 3849 ne
1992 3811 2084 3849 ex-

497 3888 626 3944 inde
665 3895 908 3944 mutatus
952 3888 1219 3942 adversus
1253 3902 1376 3941 eum
1418 3886 1512 3956 qui
1547 3887 1940 3941 contumeliam
1983 3886 2086 3939 im-

498 3992 703 4047 ponere
723 3979 939 4034 videlur
963 3978 1290 4048 indignaris.
1327 3976 1470 4044 Quid
1506 3979 1652 4033 enim
1700 3987 1784 4032 est
1827 3978 2084 4049 prosapia

497 4081 552 4129 ct
585 4073 712 4141 quis
736 4072 803 4128 de
836 4072 1007 4126 nohili
1036 4085 1236 4142 genere
1275 4071 1638 4126 celebratus?
1682 4070 1801 4125 Non
1840 4072 1934 4141 qui
1969 4073 2083 4140 jam

498 4161 709 4231 pridem
748 4159 949 4214 mortui
985 4165 1112 4212 sunt
1139 4167 1192 4212 et
1225 4158 1278 4211 in
1309 4159 1564 4228 sepulcro
1621 4166 2084 4227 putruerunt,uec

501 4249 594 4303 isti
638 4264 872 4318 quorum
929 4248 1178 4316 dispersa
1227 4255 1356 4300 sunt
1388 4247 1546 4316 juxta
1589 4246 1907 4316 Scripturas
1956 4255 2082 4300 Ossa

500 4353 597 4408 per
645 4335 941 4389 infernum.
982 4334 1185 4404 thuid
1235 4349 1365 4404 ergo
1429 4333 1655 4403 grandia
1696 4334 1968 4404 cogitares
2014 4335 2085 4389 ob

499 4427 846 4499 putredinem
881 4434 935 4481 et
972 4425 1242 4481 fetentes?
1270 4424 1377 4479 Sed
1418 4426 1620 4477 malum
1653 4433 1706 4478 ct
1743 4425 2006 4492 injuslum
2037 4435 2087 4480 te

499 4520 734 4575 audiens
795 4527 889 4572 aut
942 4519 1168 4588 impium
1223 4519 1640 4588 exprobratum,
1693 4518 1981 4584 erubesce,
2032 4528 2086 4573 et

498 4625 597 4685 per
638 4611 1018 4682 paenitentiam
1055 4620 1303 4665 mutatus
1332 4610 1508 4666 bonus
1541 4610 1635 4665 lias
1672 4610 1726 4663 in
1762 4611 2004 4676 Christo,
2031 4619 2084 4666 et

499 4708 583 4761 sic
612 4706 728 4775 ipse
762 4704 1066 4758 honoratus
1095 4711 1150 4756 et
1176 4719 1274 4772 per
1306 4703 1559 4755 virtutem
1586 4701 1803 4756 celeber
1833 4699 2081 4764 ell‘ectus,

499 4795 686 4865 generi
715 4795 933 4848 initium
968 4794 1127 4848 dabis
1169 4801 1222 4847 et
1264 4793 1516 4863 gloriatio
1553 4792 1608 4845 in
1653 4793 1820 4845 vitam
1861 4793 2084 4846 venien-

500 4890 646 4944 tibus
677 4894 802 4958 post
832 4896 884 4942 te
913 4889 1046 4951 eris,
1085 4886 1232 4956 quod
1262 4886 1435 4938 multo
1470 4886 1666 4939 melius
1702 4885 1877 4957 magis
1918 4901 2084 4955 expc-

499 4981 578 5034 dit
612 4980 706 5034 tibi
735 4994 900 5048 quam
937 4979 1156 5049 generis
1189 4977 1440 5031 ultimum
1473 4993 1597 5032 esse
1631 4985 1684 5032 et
1711 4994 1805 5047 per
1857 4978 2081 5032 nimiam

498 5075 763 5130 malitiam
790 5076 1029 5127 dedecus
1060 5082 1113 5128 et
1139 5072 1491 5126 abolitionem
1518 5086 1660 5126 esse.
1697 5072 1884 5142 Itaque
1919 5072 1964 5125 si
2003 5073 2082 5128 sis

498 5169 718 5236 integer
756 5173 811 5220 et
845 5166 1025 5220 bonus
1057 5165 1113 5218 in
1159 5163 1310 5218 omni
1359 5164 1565 5234 pietate
1601 5170 1657 5218 et
1702 5164 1905 5218 virtute
1951 5180 2084 5218 con-

498 5263 748 5330 spicuus,
780 5260 954 5312 multo
985 5259 1182 5312 melius
1212 5265 1266 5312 et
1297 5257 1677 5312 honorabilius
1699 5257 1801 5312 erit
1823 5274 1990 5328 quam
2014 5274 2079 5314 ex

499 5353 657 5405 bonis
685 5360 739 5406 et
769 5351 991 5420 optimis
1020 5356 1178 5406 ortus
1211 5349 1304 5419 qui
1335 5351 1461 5404 talis
1488 5365 1595 5403 non
1628 5350 1723 5405 sis.

500 5448 602 5502 145
672 5445 770 5499 Dei
837 5445 1005 5499 solius
1050 5456 1327 5514 rerumque
1391 5444 1694 5496 divinarum
1756 5443 2079 5584 iniiatiabilis

1848 5524 1980 5568 esto.

1848 5524 1980 5568 εδιο.

571 5607 669 5661 Est
698 5617 751 5662 et
776 5607 1014 5662 aviditas
1068 5603 1364 5659 laudabilis
1404 5613 1458 5658 et
1479 5603 1814 5660 desiderium
1857 5607 2082 5662 insatia-

497 5701 608 5755 bile
638 5716 750 5771 quo
789 5700 983 5755 ardere
1045 5706 1283 5769 oportet,
1337 5695 1485 5767 quod
1523 5697 1744 5752 divinus
1784 5715 1966 5754 sermo
2011 5715 2080 5756 ne

499 5794 832 5864 repellamus
865 5794 1073 5846 incitat.
1101 5791 1244 5857 Quid
1284 5800 1367 5847 est
1415 5791 1608 5846 istud?
1652 5791 1735 5846 Ad
1778 5790 1949 5847 Deum
1989 5807 2080 5848 so-

503 5885 618 5948 tum
649 5895 703 5944 ct
744 5887 928 5943 divina
954 5888 1343 5955 insatiabiliter
1377 5885 1790 5957 concupiscere.
1825 5883 1946 5941 llaec
1971 5901 2077 5942 am-

1869 405 2168 464 NICETAS
2210 407 2414 466 DAVID

3664 402 3770 460 82'!

2187 531 2299 594 κῶς
2328 531 2871 603 ὲμποδοστατούντων
2901 533 3263 604 κωλυμάτων,
3292 531 3398 586 τῶν
3428 549 3486 587 τε
3520 547 3769 601 πνευμα-

2185 625 2354 676 τικῶν
2389 624 2492 694 τῆς
2531 626 2795 697 πονηρίας
2840 627 3166 680 ἀντιθέσεων
3205 625 3556 697 ὑπεραναϐἀς
3579 665 3592 686 ,
3630 625 3773 678 ἀπο-

2185 713 2371 786 λυθῇς,
2403 716 2523 769 τότε
2552 716 2687 788 πρὸς
2707 717 2799 770 τὸν
2829 718 2964 773 Θεὸν
2993 719 3277 791 εἰσελεύσῃ
3315 719 3456 789 μετά
3487 718 3648 787 δόξης
3689 733 3772 770 τι-

2189 805 2476 878 μιώτατος.

2188 1003 2289 1059 157
2321 1006 2386 1057 Οἱ
2417 1003 2469 1057 δ’
2494 1004 2714 1060 οἰκέται
2738 1023 2790 1060 τι
2819 1006 2916 1060 καὶ
2938 1002 3212 1076 μάλιστα
3245 1005 3301 1061 οἱ
3331 1007 3518 1071 Θεοῦὶ

2255 1179 2641 1251 Νομθετὴσας
2676 1181 2802 1245 τοὺς
2833 1180 3160 1252 λεγομένους
3208 1181 3473 1246 δεσπότας
3518 1199 3776 1235 ταπεινο-

2187 1274 2402 1342 φρονεῖν
2431 1274 2524 1325 καὶ
2554 1271 2856 1336 συνδούλοις
2878 1274 3112 1345 χρῆσθαι
3136 1277 3250 1338 τοῖς
3273 1273 3528 1340 οίκέταις,
3558 1276 3773 1339 εἰδότας

2185 1363 2267 1416 ὅτι
2320 1363 2415 1417 καὶ
2459 1364 2612 1417 αὐτοὶ
2656 1364 2856 1435 Κύριον
2887 1364 3101 1434 ἔχουσιν
3139 1366 3198 1418 ἐν
3229 1365 3508 1436 οὐρανοῖς,
3547 1362 3634 1421 {va

2185 1453 2337 1506 ταῦτ’
2362 1454 2652 1518 ἀκούοντες
2677 1457 2907 1519 ἐκεῖνοι,
2940 1453 3017 1517 ὡς
3058 1451 3336 1527 ὁμοτίμων
3379 1456 3775 1529 κατεπαρθῶσι

2185 1544 2294 1598 τῶν
2327 1545 2623 1611 δεσποτῶν,
2657 1545 2709 1600 τί
2747 1545 2834 1598 δαὶ
2863 1548 2912 1599 οἱ
2955 1546 3200 1614 οἱκέται;
3238 1549 3376 1619 πρὸς
3420 1548 3565 1618 ὑμᾶς
3600 1548 3712 1620 γὰρ
3747 1552 3778 1601 ὁ

2186 1637 2552 1710 πνευματικὸς
2583 1635 2880 1710 νομοθέτης
2899 1638 2991 1691 τὸν
3017 1638 3172 1708 λόγον
3195 1640 3535 1696 ἀποτείνεται
3558 1657 3572 1669 ·
3599 1639 3652 1693 τί
3677 1636 3778 1693 οῦν

2185 1733 2363 1803 ὑμεῖς,
2404 1731 2499 1785 καὶ
2540 1731 2774 1802 μάλιστα
2821 1735 2870 1786 οἱ
2916 1733 3011 1786 τοῦ
3064 1733 3200 1787 Θεοῦ
3251 1734 3428 1788 δοῦλοι
3478 1738 3791 1806 τυγχάνειν-

2189 1825 2494 1891 ὲθέλοντες;
2528 1826 2620 1896 Μὴ
2668 1825 2960 1890 ἀπαξιοῦτε
2997 1826 3267 1881 δουλεύειν
3303 1829 3417 1892 τοῖς
3444 1828 3735 1892 δεσπόταις
3757 1847 3773 1860 ·

2191 1916 2284 1969 καὶ
2310 1915 2467 1969 τοῦτο
2496 1915 2614 1978 πῶς
2631 1933 2644 1980 ;
2663 1915 2755 1987 Μὴ
2772 1917 2889 1969 κατ’
2905 1915 3394 1988 ὀφθαλμοδουλείαν
3421 1917 3495 1981 ὡς
3521 1916 3780 1990 ἀνθρωπ⁴

2185 2008 2428 2079 ἁρεσκοι,
2480 2007 2595 2060 ἀλλ’
2627 2009 2692 2060 ὲκ
2740 2007 2919 2078 ψυχῆς
2958 2010 3075 2079 μετ’
3114 2009 3328 2074 εὐνοίας
3367 2011 3462 2062 καὶ⁹
3507 2009 3791 2073 πίστεως,.

2183 2101 2326 2155 κατά
2362 2101 2462 2172 τὴν
2500 2099 2862 2171 ἀποστολικὴν
2885 2101 3280 2170 παραγγελίαν,
3313 2101 3390 2166 ὡς
3433 2101 3512 2173 τῷ
3553 2102 3776 2172 Κυρέῳ,

2183 2192 2277 2246 καὶ
2319 2191 2419 2245 οὐκ
2466 2190 2797 2263 ἀνθρώποις,
2849 2190 2992 2244 οὕτω
3040 2194 3153 2254 τοῖς
3195 2193 3406 2264 κυρίοις
3463 2192 3614 2263 ὑμῶν
3667 2194 3779 2264 τὴν

2183 2282 2539 2354 ὀφειλομένην
2570 2262 2738 2354 τιμὴν
2780 2282 2877 2335 καὶ
2916 2281 3157 2336 δουλείαν
3200 2262 3508 2349 ἀποδίδοτε,
3544 2285 3640 2337 καὶ
3695 2262 3778 2355 μὴ

2181 2375 2242 2427 τὸ
2269 2375 2566 2446 πρόσχημα
2606 2372 2707 2444 τῆς
2733 2373 2978 2438 δουλείας
3023 2374 3420 2445 ἐπαισχύνεσθε
3440 2393 3454 2407 ·
3483 2376 3779 2448 ἐλεύθερον

2181 2467 2288 2538 γὰρ
2320 2467 2412 2520 καὶ
2453 2465 2636 2520 δοῦλον
2665 2467 2693 2518 ό
2729 2465 2930 2536 τρόπος
2958 2465 3221 2532 ὁρίζεται.
3269 2467 3366 2530 ’ος
3401 2465 3501 2537 μὲν
3537 2467 3779 2537 Χριστο-

2182 2561 2384 2628 πρεπεῖ
2410 2557 2590 2629 ψυχῆς
2619 2557 2855 2611 διαθέσει
2885 2557 2980 2610 καὶ
3009 2556 3203 2629 γνώμῃ
3233 2556 3514 2629 χρώμενος
3540 2556 3787 2627 θεοπρε-

2183 2656 2276 2706 πεῖ
2313 2650 2544 2705 ἐνώπιον
2578 2651 2712 2704 Θεοῦ
2754 2651 2847 2705 καὶ⁸
2882 2651 3184 2722 ἀνθρώπων
3216 2652 3527 2721 προνοεῖται
3567 2650 3779 2720 ἀγαθὰ,

2181 2741 2334 2809 οὗτος
2360 2743 2644 2815 ἐλεύθερος
2666 2742 2743 2812 τῷ
2775 2743 2887 2797 ὄντι
2921 2743 3068 2796 ἐστίν
3091 2761 3104 2772 ·
3137 2741 3196 2806 ὃς
3225 2744 3282 2797 δὲ
3320 2743 3510 2805 δολίως
3547 2743 3640 2796 καὶ
3670 2759 3780 2795 κα-

2183 2839 2465 2911 κοτρόπως
2497 2838 2588 2891 τὸν
2630 2837 2795 2891 αὑτοῦ
2844 2835 3189 2889 διαϐιώσκων
3226 2835 3371 2907 βίον,
3406 2835 3545 2907 πρός
3583 2851 3642 2888 τε
3679 2833 3781 2888 τὸν

2181 2931 2315 2984 Θεὸν
2335 2932 2497 2984 αὐτὸν
2527 2930 2620 2983 καὶ
2644 2930 2771 2992 τοὺς
2801 2926 3120 3000 ἀνθρώπους
3146 2929 3474 3000 ἁμαρτάνων
3505 2944 3782 3000 καταφροο

2181 3025 2282 3087 νεῖ,
2311 3018 2464 3087 οὗτος
2489 3021 2702 3094 ἀληθῶς
2726 3020 2912 3085 δοῦλος
2945 3021 3181 3095 ὑπάρχει
3217 3022 3532 3092 μαστιγίας.
3561 3021 3794 3074 Οὔκουν-

2181 3116 2241 3167 τὸ
2275 3115 2460 3170 δοῦλον
2492 3110 2630 3168 εἶναι
2660 3115 2830 3168 κακὸν
2854 3157 2869 3181 ,
2900 3115 2962 3168 τὸ
3009 3114 3346 3186 ἁμαρτάνειν
3385 3115 3475 3178 δὲ,
3505 3113 3628 3166 ἐπεὶ
3676 3115 3782 3166 καὶ

2185 3209 2418 3281 Χριστὸς
2452 3206 2612 3270 αὐτὸς
2629 3207 2814 3269 δοῦλος
2837 3207 3140 3278 ἀνθρώπων
3164 3201 3362 3273 ὦπται,
3389 3205 3525 3260 ἀλλά
3551 3205 3644 3260 καὶ
3672 3207 3781 3274 τῆς

2183 3298 2350 3360 ὅντως
2379 3296 2623 3359 δουλείας
2655 3297 2848 3368 κακῆς,
2879 3298 2980 3369 τῆς
3009 3296 3305 3368 ἁμαρτίας,
3338 3296 3464 3360 τοὺς
3501 3294 3648 3365 αὐτῷ
3680 3313 3798 3348 πι-ιη

2186 3388 2473 3452 στεύοντας
2494 3388 2570 3447 ὠς
2595 3388 2728 3452 Θεὸς
2757 3388 3054 3460 ἐλευθεροῖ.

2187 3485 2282 3539 141
2315 3480 2513 3549 Κακὸς
2543 3482 2594 3536 δ’
2625 3483 2862 3538 ἀκούων
2885 3483 3208 3552 αὶσχύνου,
3242 3481 3330 3552 μὴ
3365 3481 3701 3552 δυσγενής.

2258 3642 2377 3695 Ἔτι
2407 3641 2505 3711 τῆς
2532 3641 2699 3712 αὐτῆς
2729 3640 2936 3706 ἐννοίας,
2958 3640 3211 3712 ἐχόμενος
3235 3643 3263 3695 ὁ
3291 3639 3606 3713 θεοφάντωρ
3628 3659 3797 3713 παρα.

2182 3739 2326 3790 αινεῖ
2371 3737 2446 3807 μὴ
2488 3734 2932 3804 ἐπαισχύνεσθαι,
2961 3733 3146 3787 δοῦλον
3166 3732 3431 3788 ἀκούοντα
3455 3732 3488 3804 ἢ
3513 3733 3780 3805 δυσγενῆ,

2188 3829 2310 3900 μηδ’
2348 3829 2440 3882 ἐπὶ
2492 3828 2667 3897 τούτῳ
2701 3826 3152 3898 διατρεπόμενον,
3187 3825 3328 3880 κατά
3377 3824 3469 3878 τοῦ
3521 3826 3778 3896 ὑϐρίζειν

2184 3918 2468 3982 δοκοῦντος
2499 3919 2850 3987 ἀγανακτεῖν.
2897 3918 2962 3970 Τί
3000 3917 3108 3989 γάρ
3141 3919 3257 3970 ἐστι
3289 3917 3462 3984 γένος.
3506 3917 3601 3970 καὶ
3631 3917 3721 3980 τίς
3752 3919 3785 3970 ὁ

2187 4009 2556 4081 φημιζόμενος
2586 4009 2845 4078 εὐγενής;
2883 4007 2994 4077 Οὐχ
3026 4009 3074 4059 οἱ
3111 4007 3280 4061 πάλαι
3317 4007 3566 4070 θανόντες
3587 4007 3685 4060 καὶ
3719 4009 3783 4060 ἐν

2185 4104 2340 4175 τάφῳ
2373 4102 2692 4173 σεσηπότες,
2725 4101 2823 4171 οὑχ
2847 4093 2921 4153 ὧν
2950 4100 3307 4171 ὲσκορπίσθη,
3333 4099 3476 4153 κατά
3501 4098 3600 4170 τὴν
3627 4100 3786 4170 Γρα-

2188 4196 2314 4270 φοὴν,
2343 4197 2410 4249 τά
2429 4197 2562 4248 ὀστᾶ
2591 4193 2740 4265 παρά
2761 4193 2851 4246 τὸν
2882 4192 3016 4264 ᾅδην
3036 4209 3047 4222 ·
3075 4193 3128 4246 τί
3161 4189 3254 4246 οὖν
3292 4210 3372 4246 σοι
3395 4191 3490 4245 καὶ
3515 4192 3576 4244 τὸ
3600 4209 3775 4263 μεγαο

2187 4290 2464 4360 λοφρονεῖν
2487 4287 2578 4340 ἐπὶ
2602 4289 2666 4357 τῇ
2693 4285 2900 4356 σαπρία
2928 4287 3154 4348 καὶτοῖς
3183 4285 3466 4350 όδωδόσιν;
3495 4285 3684 4348 Κακὸς
3717 4285 3782 4338 δὲ

2188 4383 2282 4434 καὶ
2308 4381 2489 4444 ἄδικος
2515 4381 2727 4433 ἀκούων
2753 4379 2785 4450 ἢ
2813 4377 3032 4449 ἀσεϐὴς,
3066 4377 3343 4448 αἰσχύνου,
3362 4379 3455 4432 καὶ
3479 4379 3566 4431 διὰ
3603 4397 3784 4449 μετα-

2189 4473 2334 4535 νοίας
2377 4470 2754 4541 ἁλλοιούμενος
2789 4469 3061 4539 ἁγαθύνου
3110 4470 3168 4522 ὲν
3212 4469 3450 4541 Χριστῷ,
3475 4470 3569 4524 καὶ
3597 4470 3784 4534 οὕτως

2193 4563 2353 4626 αὐτὸς
2381 4562 2654 4634 τιμηθεὶς,
2686 4562 2777 4615 καὶ
2807 4561 2873 4614 δι’
2903 4562 3101 4633 ἀρετῆς
3126 4561 3413 4631 γενόμενος
3447 4562 3782 4632 ὀνομαστὸς,

2187 4656 2378 4725 γένους
2425 4655 2720 4728 προάρξεις
2770 4656 2864 4708 καὶ
2915 4654 3182 4725 καύχησις
3227 4657 3342 4716 τοῖς
3388 4656 3469 4716 είς
3518 4655 3609 4707 τὸν
3653 4654 3791 4724 βίον

2191 4746 2358 4800 ἰοῦσιν
2392 4746 2490 4816 ἔσῃ
2521 4746 2661 4816 μετὰ
2691 4747 2772 4805 σὲ.
2803 4745 2830 4798 ὃ
2859 4747 2993 4800 πολὺ
3023 4745 3241 4816 βέλτιον.
3263 4746 3358 4799 καὶ
3395 4745 3786 4800 λυσιτελέστε-

2188 4839 2280 4908 ρόν
2326 4837 2406 4890 σοί
2452 4839 2620 4902 ἐστιν,
2664 4836 2697 4908 ἢ
2744 4838 2806 4890 τὸ
2837 4839 2990 4905 γένος
3020 4837 3172 4890 λύειν
3217 4837 3314 4890 καὶ
3360 4837 3426 4890 δι’
3461 4837 3782 4909 ὑπερϐολὴν

2185 4929 2382 4994 κακίας
2422 4929 2650 5000 ἀτιμοῦν
2681 4929 2774 4982 καὶ
2812 4926 3116 4997 ἀφανίζειν·
3151 4929 3340 4999 ὥσπερ
3383 4930 3476 4984 καὶ
3515 4931 3577 4983 τὸ
3606 4932 3783 4984 αὐτὸν

2185 5015 2323 5074 εἶναι
2350 5019 2514 5073 καλὸν
2545 5021 2639 5074 καὶ
2666 5018 2867 5087 ἀγαθὸν
2891 5019 2960 5071 δι’
2992 5017 3274 5082 εὐσεϐείας
3303 5019 3487 5091 πάσης
3517 5021 3610 5074 καὶ
3635 5023 3779 5093 ἀρε-

2182 5110 2282 5180 τῆς
2308 5111 2577 5181 ἐπίσημον
2599 5110 2992 5182 καθεστηκότα,
3009 5109 3143 5163 πολὺ
3168 5109 3374 5180 βέλτιον
3393 5111 3492 5165 καὶ
3514 5112 3784 5182 τιμιώτε-

2188 5221 2298 5274 ρον,
2338 5203 2370 5274 ἢ
2418 5203 2480 5255 τὸ
2513 5184 2576 5266 ἐξ
2608 5201 2829 5270 ἀγαθῶν
2882 5202 2977 5255 καὶ
3021 5201 3200 5256 καλῶν
3248 5202 3658 5276 βεϐλαστηκότα
3696 5207 3782 5279 μὴ

2182 5294 2421 5349 τοιοῦτον
2456 5291 2616 5351 εἶναι.

2184 5451 2287 5506 145
2314 5449 2461 5504 Θεοῦ
2480 5449 2671 5520 μόνου
2694 5449 2869 5504 θείων
2891 5466 2956 5502 τε
2980 5448 3310 5519 ἀπλήστως
3332 5450 3514 5520 ἔχειν.

2257 5610 2414 5662 Ἔστι
2451 5609 2545 5660 καὶ
2572 5606 2849 5679 ἀπληστία
2868 5589 3126 5677 ἐπαινετὴ
3152 5607 3248 5660 καὶ
3274 5606 3544 5679 ἐπιθυμία
3565 5608 3777 5680 ἀκόρε-

2185 5718 2306 5765 στος
2328 5700 2514 5771 δεητὴ,
2537 5694 2604 5772 ἧς
2625 5703 2652 5752 ὀ
2675 5700 2818 5762 θεῖος
2839 5697 2996 5766 λόγος
3025 5697 3345 5768 ἀντέχεσθαι
3368 5698 3774 5768 προτρέπεται.

2182 5794 2280 5856 Τίς
2308 5787 2399 5846 οὖν
2427 5795 2570 5846 ἐστιν
2597 5791 2733 5863 αῦτη
2756 5809 2770 5857 ;
2802 5789 2938 5844 Θεοῦ
2965 5791 3124 5860 μόνου
3152 5791 3246 5843 καὶ
3269 5791 3377 5844 τῶν
3403 5789 3564 5844 θείων
3587 5791 3775 5860 ἀπλή-

2192 5901 2328 5949 στως
2359 5885 2488 5957 ἐρᾷν
2512 5900 2525 5915 ·
2561 5881 2697 5954 αὐτη
2732 5881 3013 5947 πλεονεξία
3043 5880 3202 5954 καλὴ,
3236 5882 3297 5935 τὸ
3325 5880 3413 5936 ἀεὶ
3452 5881 3638 5940 ποθεῖν
3673 5881 3784 5940 καὶ,
