4108 6376
290 387 391 447 821

290 505 472 575 ζητεῖν
495 501 556 557 τὸ
589 503 880 575 πρόσωπον
909 505 1001 557 τοῦ
1028 504 1165 559 Θεοῦ
1212 507 1403 561 Ἰακὼϐ
1429 512 1486 563 ἐν
1506 511 1728 582 Χριστῷ
1764 513 1868 583 Ἰη-

293 594 409 663 σόῦ,
433 596 492 659 ὃς
517 598 631 660 τοῖς
658 596 1024 668 λαμϐάνουσιν
1058 598 1217 651 αὑτὸν
1257 598 1337 652 ἔτι
1376 603 1702 673 προσδίδωσι
1734 604 1868 674 μᾶλ-

291 689 378 741 λον
412 688 631 742 ἐαυτόνο
663 689 915 743 τοσοῦτον
951 689 1061 760 γὰρ
1102 690 1297 761 ἀπέχει
1335 693 1430 745 τοῦ
1464 695 1872 766 ἀποτρέπεσθαι

290 784 323 853 ἢ
352 782 790 852 ἀποστρέφεσθαι
820 784 945 852 τοὺς
975 784 1291 853 ἐγγίζοντας
1321 785 1489 856 αὐτῷ,
1515 788 1597 840 ὅτι
1624 790 1721 841 καὶ
1744 790 1874 860 μᾶλ-

289 875 381 927 λον
413 875 541 946 διψᾷ
564 875 625 928 τὸ
651 876 929 946 διψᾶσθαι,
964 878 991 930 ὅ
1015 877 1132 930 ἐστι
1166 878 1322 930 ποθεῖ
1345 877 1406 930 τὸ
1434 879 1739 946 ποθεῖσθαι,
1778 880 1874 933 καὶ

293 967 441 1035 φιλεῖ
479 968 539 1022 τὸ
581 967 932 1035 ἀγαπᾶσθαι,
961 968 1048 1022 καὶ
1100 968 1349 1038 ἀφθόνως
1400 969 1485 1022 ἀεὶ
1528 970 1718 1023 ἑαυτὸν
1760 973 1872 1034 τοῖς

294 1061 553 1129 ἐρασταῖς
585 1060 749 1113 αὑτοῦ
774 1060 1093 1131 χαρίζεται·
1138 1060 1352 1114 τοιοῦτο
1379 1062 1488 1133 γὰρ
1520 1063 1554 1133 ὴ
1589 1063 1871 1133 ὑπεράγα-

294 1150 384 1214 Θος
397 1151 731 1222 ἀγαθαρχία,
758 1152 847 1205 διὰ
873 1151 983 1204 τῶν
1009 1152 1341 1220 παναγάθων
1367 1153 1462 1207 καὶ
1486 1154 1871 1225 πνευματικῶν

292 1244 463 1314 αὐτῆς
512 1243 731 1314 δωρεῶν
790 1246 904 1306 τοῖς
953 1243 1294 1315 ἀπληρώτως
1342 1243 1509 1315 αὐτῆς
1561 1245 1873 1314 ἐφιεμένοις

294 1334 776 1405 συνεισερχομένη.
818 1334 908 1387 Ἐν
945 1335 1156 1398 τούτοις
1196 1334 1378 1406 μόνοις
1405 1338 1439 1406 ὴ
1476 1335 1749 1405 ἀπληστία
1777 1336 1873 1389 καὶ

295 1426 575 1491 πλεονεξία
605 1426 888 1482 κάλλιστον
915 1429 997 1481 ὅτι
1029 1428 1285 1499 μάλιστα,
1316 1429 1411 1482 καὶ
1440 1429 1874 1501 ἀγιοπρεπέστα-

291 1538 405 1587 τον,
445 1523 540 1575 καὶ
574 1521 811 1575 τέλειον·
850 1524 907 1575 ἐν
943 1525 1057 1586 τοῖς
1094 1526 1426 1594 σωματικοῖς
1452 1523 1507 1576 δὲ
1546 1524 1642 1577 καὶ
1682 1523 1873 1595 ζηλου-

294 1614 478 1684 μένοις
502 1613 751 1677 πλούτοις
787 1616 882 1667 καὶ
904 1612 1084 1678 δόξαις
1114 1615 1208 1668 καὶ
1236 1617 1369 1669 πᾶσι
1406 1618 1519 1678 τοῖς
1556 1614 1739 1686 ῥέουσι
1780 1617 1873 1668 καὶ

292 1704 724 1776 παρερχομένοις
764 1704 858 1756 τοῦ
888 1704 983 1758 νῦν
1022 1704 1216 1768 αἰῶνος
1257 1705 1481 1773 ἀγαθοῖς
1511 1706 1775 1776 ήττᾶσθαί
1812 1725 1873 1760 τε

290 1795 387 1847 καὶ
435 1794 498 1847 τὸ
542 1793 760 1847 ἔλαττον
812 1794 975 1863 ἔχειν.
1028 1792 1175 1857 ἀξιον
1224 1794 1479 1865 εὐμαρῶς
1537 1795 1874 1865 ὑπομένοντα

291 1884 449 1955 χάριν
477 1883 675 1937 εἰδέναι
696 1886 762 1954 τῇ
798 1882 975 1954 ἀγαθῇ
1002 1884 1097 1936 καὶ
1122 1883 1445 1955 παντουργῷ
1470 1884 1725 1955 Προνοίᾳ.

292 2106 394 2161 M9
419 2104 517 2173 Μὴ
544 2103 741 2157 πάντα
769 2101 949 2168 νικᾶν
966 2102 1103 2171 μηδ’
1139 2101 1230 2156 ἀεὶ
1258 2100 1542 2170 σπουδὴν
1578 2101 1609 2154 ἕ
1613 2119 1703 2170 χε.

362 2219 572 2288 Ὥσπερ
593 2216 740 2270 ἐστιν
769 2214 1033 2287 ἡττᾶσθαι
1062 2214 1241 2278 καλῶς
1265 2214 1359 2267 καὶ
1384 2213 1592 2280 κακῶς,
1615 2212 1758 2265 οὑτω
1779 2213 1871 2266 καὶ

290 2311 446 2382 νικᾷν
470 2309 749 2379 ἐνθέσμως
786 2308 881 2362 καὶ¹
907 2306 1162 2376 ἁθέσμως
1187 2322 1201 2336 ·
1227 2307 1457 2376 ἡττᾶται
1487 2304 1588 2375 μὲν
1624 2302 1807 2365 καλῶς
1843 2304 1871 2355 6

292 2402 580 2472 φιλοσοφίᾳ
629 2401 827 2473 ἀρίστῃ
882 2399 975 2453 καὶ
1018 2396 1493 2468 ταπεινοφροσύνῃ
1539 2395 1870 2465 εὑαγγελικῇ

292 2494 457 2557 πᾶσιν
507 2493 748 2546 ὑπείκων
781 2494 892 2554 τοῖς
931 2488 1217 2557 ἀδικοῦσι,
1266 2490 1359 2542 καὶ
1421 2489 1495 2559 μὴ
1528 2487 1872 2559 ἀμυνόμενος

290 2587 416 2649 τοὺς
464 2584 869 2655 ἐπηρεάζοντας
919 2582 1110 2643 αὐτόν⁸
1166 2581 1393 2652 ἡττᾶται
1440 2580 1497 2633 δέ
1546 2578 1730 2642 κακῶς
1778 2577 1873 2631 καὶ

291 2677 491 2740 ἀθλίως
527 2679 554 2730 6
587 2676 690 2730 ὑπὸ
723 2674 895 2745 θυμοῦ
944 2674 976 2745 ἢ
1024 2672 1320 2744 ἐπιθυμίας
1359 2672 1554 2741 ἀλόγου
1582 2671 1875 2743 τυραννοὺε

296 2784 476 2837 μενος,
506 2766 600 2819 καὶ
633 2763 873 2832 ἀγεννῶς
900 2762 1037 2835 πρὸς
1073 2764 1172 2834 τὴν
1209 2763 1487 2834 ἁμαρτίαν
1520 2762 1871 2832 ἀπαγόμενος

292 2859 386 2912 καὶ
419 2856 941 2929 ἐκπολιορκοὺμενος
961 2873 974 2885 ·
1007 2854 1269 2918 ὡσαύτως
1306 2856 1434 2925 νικᾷ
1469 2854 1565 2924 μὲν
1596 2854 1875 2924 ἐνθέσμως

293 2951 386 3003 καὶ
413 2949 670 3018 ἀσφαλῶς
714 2949 743 3001 6
774 2946 853 3017 τῷ
902 2945 1094 3017 ἀγαθῷ
1126 2948 1220 3000 καὶ
1246 2946 1523 3017 εὑαρέστῳ
1553 2930 1646 2999 καὶ
1684 2945 1875 3016 τελείῳ

292 3042 428 3097 Θεοῦ
474 3041 741 3113 θελήματι
786 3042 914 3112 ἄχρι
958 3034 1148 3103 τέλους
1198 3039 1616 3109 ἀμετακινήτως
1656 3037 1873 3108 ἱδρυμέ-

294 3152 403 3198 νος,
435 3135 560 3204 νικᾷ
587 3133 645 3186 δὲ
677 3132 933 3203 ἁθέσμως
960 3131 1052 3184 καί
1079 3129 1363 3201 σφαλερῶς
1388 3132 1416 3183 6
1433 3130 1511 3200 τῷ
1537 3129 1637 3200 τῆς
1665 3129 1878 3192 ἀδικίας

294 3224 389 3277 καὶ
419 3223 731 3293 τυραννίδος
755 3222 947 3293 κράτει
970 3219 1412 3291 κατευμεγεθῶν,
1444 3220 1539 3272 καὶ
1562 3220 1671 3271 τῶν
1686 3217 1877 3274 ἀθώων

295 3315 721 3388 καθυπερτερῶν
752 3314 845 3368 καὶ
872 3312 1253 3375 κατακτιννύς.
1281 3312 1353 3365 Σὺ
1383 3306 1497 3376 οὗν,
1529 3305 1574 3363 ὧ
1599 3310 1877 3379 ἀγωνιστά

293 3406 387 3462 τοῦ
418 3406 704 3461 ἀθλοθέτου
738 3402 997 3478 Χριστοῦ,
1033 3405 1061 3457 6
1092 3403 1356 3474 ἀλείπτης
1396 3402 1496 3473 τῆς
1528 3402 1729 3473 ἀρετῆς
1770 3418 1877 3456 πα-

300 3500 545 3573 ρακαλεῖ,
583 3500 658 3571 μὴ
694 3501 773 3563 εἰς
807 3498 989 3552 πάντα
1040 3498 1110 3550 τὰ
1149 3497 1482 3569 νομιζόμενα
1515 3493 1655 3551 εἶναι
1698 3494 1882 3564 ἀγαθὰ

297 3595 453 3663 νικᾷν
486 3589 829 3659 διαγωνίζου,
859 3590 972 3644 ἀλλ’
994 3592 1073 3654 είς
1110 3589 1247 3661 μόνα
1272 3589 1339 3641 τὰ
1369 3589 1537 3653 ὅντως
1566 3588 1693 3641 ὅντα
1717 3585 1879 3653 καλά,

299 3685 366 3737 τὰ
399 3684 522 3737 θεῖα
554 3683 754 3755 δηλαδὴ
788 3681 883 3736 καὶ
927 3679 1295 3751 πνευματικὰ,
1335 3680 1430 3733 καὶ
1478 3681 1558 3742 είς
1594 3677 1765 3731 ταῦτα
1806 3678 1880 3749 μὴ

299 3775 387 3830 ἀεὶ
435 3775 531 3830 καὶ
576 3775 851 3847 ἀκαίρως,
899 3774 1014 3827 ἀλλ’
1068 3774 1196 3826 ὅταν
1246 3774 1274 3825 6
1322 3771 1510 3834 δεκτὸς
1645 3770 1873 3841 καιρός·

300 3869 555 3938 κρεῖσσον
588 3867 695 3939 γὰρ
749 3866 1068 3935 κρατεῖσθαι
1106 3865 1202 3919 καὶ
1244 3863 1539 3926 νικᾶσθαι,
1572 3861 1651 3932 τῷ
1705 3861 1881 3931 Ἰησοῦ

300 3960 394 4013 καὶ
421 3960 529 4013 τῶν
559 3960 723 4021 αὑτοῦ
746 3958 1001 4031 μαθητῶν
1019 3958 1374 4027 ὑποδείγματι
1400 3954 1880 4025 ταπεινουμένους,

297 4049 332 4122 ἢ
368 4051 525 4119 νικᾷν
554 4050 649 4102 καὶ
679 4050 904 4120 κρατεῖν
931 4047 1329 4118 ἐπαιρομένους
1356 4046 1451 4099 καὶ
1485 4044 1627 4099 κατὰ
1652 4045 1751 4116 τὴν
1775 4046 1884 4097 τῶν

298 4140 511 4195 ἀσεϐῶν
556 4140 876 4213 ἐξομοίωσιν
916 4138 1337 4210 κατακυριεύειν
1367 4138 1476 4191 τῶν
1523 4135 1762 4189 εὑσεϐῶν
1790 4135 1884 4188 καὶ

296 4230 589 4285 ταπεινῶν.
628 4228 804 4293 Ἔστι,
840 4228 996 4299 φησὶ,
1043 4228 1139 4281 καὶ
1171 4229 1297 4291 τοὺς
1328 4228 1386 4279 ἐν
1428 4226 1506 4297 τῷ
1551 4226 1743 4297 κόσμῳ
1778 4243 1882 4279 πα-

296 4321 548 4384 λαίοντας
590 4322 722 4392 ὁρᾷν
769 4320 828 4372 οὑ
878 4319 1097 4382 πάντως
1152 4317 1558 4389 κρατουμένους
1600 4317 1680 4386 τῷ
1731 4316 1884 4371 κάτω

298 4416 506 4467 πεσεῖν’
538 4412 1040 4483 ὑποκατακλιθῆναι
1070 4410 1179 4482 γὰρ
1202 4410 1349 4463 ἔστιν
1377 4411 1465 4463 ὅτε
1493 4409 1745 4474 δόξαντες
1765 4412 1881 4473 τοῖς

298 4504 612 4566 ἀντιπάλοις
646 4503 740 4557 καὶ
774 4501 990 4573 χαμάζε
1020 4504 1228 4566 πεσεῖν,
1269 4499 1366 4553 εἶτ’
1407 4501 1736 4564 ἐξαπιναίως
1783 4499 1883 4565 λὰξ

299 4598 419 4650 κατ’
460 4596 638 4655 αὑτῶν
681 4595 1002 4664 ἐναλάμενοι
1052 4595 1148 4647 καί
1180 4592 1556 4663 ἀναθορόντες,
1592 4592 1880 4663 ὑπέρθετοι

297 4688 504 4740 τούτων
552 4687 1037 4745 καταδείκνυνται·
1070 4684 1241 4748 οὑτως
1275 4686 1323 4737 οἱ
1373 4684 1461 4737 διὰ
1507 4684 1597 4737 τὸν
1644 4684 1882 4754 Χριστὸν

301 4780 395 4830 καὶ
424 4778 522 4848 τὴν
557 4778 778 4848 ἐντολὴν
813 4778 925 4839 τοῖς
951 4777 1237 4845 τυραννεῖν
1272 4774 1518 4828 εἰωθόσιν
1551 4775 1886 4827 ὑποπίπτον-

297 4887 413 4935 τες,
442 4872 501 4923 ἐν
526 4873 592 4941 τῇ
620 4868 949 4922 ταπεινώσει
985 4867 1164 4921 αὑτῶν
1197 4866 1585 4937 ὑπερνικῶσιν.

300 4984 404 5039 135
433 4982 539 5037 Καὶ
558 4980 762 5051 ζημιοῦ
789 4998 871 5034 τι·
901 4957 1078 5034 τοῦτο
1104 4979 1318 5048 κέρδος
1340 4976 1659 5043 πολλάκις.

374 5138 582 5207 ’Ὠσπερ
610 5136 710 5188 οὑκ
739 5136 818 5197 είς
849 5132 1027 5187 πάντα
1056 5132 1164 5185 οὐδ’
1192 5131 1361 5185 ἀεὶτὸ
1390 5130 1546 5200 νικᾷν
1578 5125 1881 5192 ἐπαινετὸν,

303 5229 417 5283 ἀλλ’
461 5229 583 5282 οὑδὲ
626 5228 686 5280 τὸ
728 5226 985 5279 νικᾶσθαι
1014 5228 1032 5296 (
1057 5225 1215 5295 νικᾷν
1252 5222 1363 5293 γὰρ
1411 5223 1468 5274 ὲν
1500 5219 1577 5290 τῷ
1605 5217 1792 5288 ἀγαθῷ
1822 5216 1884 5270 τὸ

303 5322 495 5387 κακὸν,
520 5320 633 5373 ἀλλ’
664 5320 722 5372 o6
752 5317 1006 5371 νικᾶσθαι
1036 5317 1141 5369 ὑπὸ
1175 5314 1269 5368 τοῦ
1300 5313 1472 5366 κακοῦ
1509 5310 1882 5389 παραγγελλό-

306 5412 446 5484 μεθα
468 5411 486 5481 )
507 5430 519 5441 ·
544 5410 715 5472 οὑτως
737 5409 858 5462 οὐδὲ
879 5409 941 5461 τὸ
969 5408 1273 5481 κερδαίνειν
1295 5406 1383 5460 ἀεὶ
1410 5406 1635 5475 ἀγαθὸν,
1658 5406 1691 5477 ἢ
1715 5402 1883 5459 κακὸν

302 5503 364 5557 τὸ
407 5502 767 5573 ζημιοῦσθαν
811 5501 1081 5555 ἀνάπαλιν
1116 5500 1174 5553 δέ
1225 5498 1523 5569 συμϐαῖνον
1570 5499 1880 5568 θεωρεῖται.

306 5594 516 5666 Ὥσπερ
550 5593 659 5664 γὰρ
689 5595 722 5664 ἡ
754 5593 900 5663 κακὴ
930 5592 1055 5663 νίκη
1080 5633 1094 5658 ,
1125 5583 1263 5661 ἧττα
1312 5590 1593 5662 προφανὴς
1614 5632 1627 5655 ,
1656 5586 1795 5662 ἦττα
1827 5588 1885 5642 δὲ

308 5681 465 5753 καλὴ,
489 5681 613 5753 νίκη
644 5683 878 5753 ὑπάρχει
911 5681 1115 5752 ἀληθής
1136 5699 1148 5711 ·
1186 5680 1359 5744 οὕτως
1387 5680 1577 5752 κέρδος
1604 5680 1701 5750 μέν
1736 5678 1884 5731 ἔστιν

304 5775 392 5827 ὅτε
422 5775 731 5845 σωματικὸν
766 5776 939 5846 ζημία
965 5776 1198 5846 μεγίστη
1220 5775 1296 5845 τῷ
1326 5773 1684 5845 κερδαίνοντι,
1711 5770 1886 5841 ζημία

306 5865 361 5920 δὲ
402 5861 554 5932 αὖθις
588 5869 666 5933 εἰς
694 5867 882 5938 κέρδος
908 5868 1090 5940 ἀπέϐη
1120 5866 1197 5938 τῷ
1228 5866 1597 5939 ζημιουμένῳ.
1633 5864 1743 5920 Καὶ
1770 5862 1878 5934 γὰρ

1296 396 1364 449 ΙΝ
1402 396 1713 453 CARMIN’A
1750 399 2031 457 ARCANA
2073 401 2133 457 S.
2169 403 2519 460 GREGORII.

3446 414 3551 469 822

1974 514 2110 570 bitio
2141 516 2305 579 bona,
2346 532 2562 587 semper
2591 517 2940 573 desiderandi
2969 526 3022 573 et
3048 523 3328 591 quaerendi
3354 524 3549 583 faciem

1978 603 2074 659 Dei
2107 604 2280 661 Jacoh
2309 608 2364 660 in
2392 606 2610 661 Christo
2649 606 2779 662 Jesu
2830 609 2924 678 qui
2980 611 3411 681 suscipientibus
3463 618 3551 687 ip-

1976 710 2099 750 sum
2130 697 2304 768 magis
2341 698 2521 752 adhuc
2550 714 2609 753 se
2632 700 2821 764 tradit,
2869 708 3083 756 tantum
3137 705 3285 759 enim
3331 708 3555 765 absistit

1973 802 2042 842 ne
2094 787 2163 841 ad
2197 788 2302 842 alia
2350 804 2409 844 se
2454 801 2670 845 vertant
2703 791 2797 861 qui
2847 792 3026 861 ipsum
3068 797 3552 868 appropinquant,

1974 886 2035 932 ut
2074 878 2252 949 magis
2286 880 2438 934 sitiat
2460 887 2521 935 ut
2557 881 2631 935 sit
2659 882 2781 937 sitis
2810 882 2877 937 de
2920 884 3061 953 ipso,
3099 887 3202 940 hoc
3248 899 3351 954 est,
3403 891 3551 948 desi-

1972 973 2154 1028 derari
2194 972 2491 1037 desiderat,
2530 985 2677 1029 amat
2707 977 2880 1030 amari
2911 985 2967 1031 et
2999 977 3179 1041 ipsum
3237 982 3553 1039 amantibus

1973 1064 2179 1135 absque
2206 1065 2410 1119 invidia
2439 1082 2655 1137 semper
2690 1084 2749 1123 se
2780 1069 3028 1140 largitur.
3081 1070 3262 1140 Usque
3298 1088 3365 1128 eo
3406 1076 3550 1130 enim

1973 1159 2417 1237 superexcellens
2469 1162 2805 1231 principium
2869 1165 3050 1219 omnis
3130 1165 3393 1223 bonitatis
3457 1185 3556 1239 per

1973 1247 2116 1301 dona
2148 1264 2212 1303 ex
2242 1250 2393 1304 omni
2428 1260 2583 1320 parte
2616 1254 2758 1307 bona
2798 1261 2850 1307 et
2873 1256 3182 1325 spiritualia
3214 1258 3299 1311 his
3334 1259 3427 1328 qui
3476 1260 3557 1314 in-

1974 1339 2302 1394 satiabiliter
2344 1342 2549 1397 fontem
2608 1344 2873 1401 bonitatis
2907 1348 3244 1412 desiderant,
3282 1365 3342 1405 se
3373 1351 3555 1405 immi-

1973 1437 2107 1484 scet.
2136 1430 2195 1484 ln
2224 1431 2312 1486 his
2342 1432 2474 1488 solis
2504 1433 2666 1489 donis
2696 1435 3026 1491 insatiabilis
3049 1438 3283 1493 aviditas
3311 1448 3364 1494 et
3388 1442 3557 1495 ainbi-

1972 1519 2050 1573 tio
2089 1536 2251 1589 quam
2290 1524 2529 1577 maxime
2557 1524 2699 1577 bona
2752 1535 2838 1580 est
2877 1533 2932 1580 et
2977 1528 3185 1582 sanctis
3224 1532 3556 1584 conveniens

1972 1619 2023 1663 et
2053 1609 2326 1679 perfecta;
2360 1610 2415 1665 in
2453 1614 2841 1682 corporalibus
2865 1630 2997 1670 vero
3017 1623 3072 1671 et
3107 1617 3265 1673 avide
3307 1620 3554 1688 quaesitis

1973 1700 2178 1756 divitiis
2205 1710 2259 1757 et
2288 1702 2461 1771 gloria
2493 1713 2547 1759 et
2577 1706 2832 1761 omnibus
2860 1706 3154 1765 ﬂuentibus
3183 1718 3237 1764 et
3273 1720 3559 1766 transeun-

1973 1788 2123 1847 tibus
2182 1792 2283 1844 a‘vi
2310 1793 2455 1861 quod
2491 1808 2637 1847 nunc
2668 1803 2751 1850 est
2777 1796 2961 1859 bonis,
3000 1798 3234 1854 minoris
3279 1801 3454 1869 partis
3501 1811 3557 1854 et

1975 1878 2179 1948 gradus
2199 1895 2339 1945 esse,
2371 1882 2596 1952 dignum
2639 1892 2723 1941 est
2772 1884 3005 1941 tolerare
3044 1895 3099 1941 et
3144 1890 3350 1958 gratias
3395 1906 3557 1959 agere

1978 1972 2135 2027 bonae
2161 1982 2217 2028 et
2241 1974 2488 2028 omnium
2536 1979 2833 2047 Operatriei
2862 1978 3248 2036 Providentiae.

1975 2108 2077 2165 M9
2118 2107 2229 2163 Nec
2263 2111 2441 2165 omnia
2473 2128 2564 2166 nec
2602 2129 2804 2184 semper
2827 2114 3026 2171 vincere
3051 2115 3286 2170 studeas.

2053 2213 2523 2280 Quemadmodum
2574 2230 2657 2275 est
2693 2222 2840 2274 vinci
2873 2221 2987 2275 sive
3026 2222 3184 2287 bene,
3226 2226 3340 2278 sive
3376 2232 3514 2280 male
3537 2268 3552 2290 ,

1987 2307 2065 2362 sic
2098 2316 2179 2362 est
2225 2311 2453 2366 victoria
2506 2314 2746 2383 legitime
2778 2322 2871 2367 aut
2909 2314 3098 2369 illicite
3137 2334 3150 2369 :
3200 2316 3338 2371 bene
3380 2320 3556 2374 victus

1974 2396 2119 2450 cedit
2136 2397 2229 2467 qui
2246 2397 2595 2466 philosophia
2609 2399 2815 2466 Optima
2841 2406 2893 2450 et
2908 2398 3215 2450 luunihtate
3242 2399 3555 2465 evangeliea

1974 2490 2320 2558 obtemperat
2364 2488 2622 2544 erunibus
2659 2488 2865 2559 injuste
2910 2488 3196 2558 agentibus
3241 2495 3295 2540 et
3331 2487 3397 2539 de
3448 2485 3555 2540 sibi

1974 2581 2301 2635 nocentibus
2334 2579 2595 2633 ultionem
2618 2596 2729 2634 non
2760 2579 2964 2650 exigit;
3000 2578 3138 2632 male
3162 2583 3345 2631 autem
3364 2582 3418 2630 et
3450 2576 3556 2630 mi-

1975 2670 2286 2723 serabiliter
2315 2669 2555 2723 vincitur
2587 2684 2748 2738 quem
2781 2669 2858 2722 ira
2878 2676 2931 2723 et
2965 2668 3237 2722 desideria
3273 2682 3300 2719 a
3344 2666 3559 2719 ratione

1977 2777 2167 2816 aversa
2190 2762 2542 2815 dominantur
2565 2771 2618 2816 et
2653 2763 2843 2832 ignave
2872 2762 2937 2814 ad
2970 2768 3253 2830 peccatum
3291 2759 3561 2812 inducunt

1977 2865 2031 2912 et
2074 2868 2405 2927 expugnant.
2459 2857 2585 2910 Pari
2639 2856 2801 2911 modo
2843 2855 3083 2925 legitime
3127 2861 3182 2907 et
3223 2860 3341 2907 tuto
3390 2853 3562 2906 vincit

1978 2949 2071 3019 qui
2109 2949 2164 3002 in
2194 2950 2337 3003 bona
2363 2957 2418 3003 et
2462 2948 2699 3018 placenti
2753 2956 2806 3002 et
2858 2946 3097 3018 perfecta
3145 2944 3240 3001 Dei
3278 2946 3564 2999 voluntate

1980 3057 2156 3110 usque
2187 3041 2252 3094 ad
2288 3040 2677 3110 perfectionem
2708 3041 2917 3109 absque
2946 3038 3328 3093 immutatione
3353 3038 3557 3092 contir-
3600 3067 3673 3117 η.

1981 3142 2190 3200 matur;
2233 3133 2403 3186 vincit
2448 3148 2576 3187 vero
2629 3133 2819 3186 illicite
2843 3140 2897 3185 et
2935 3130 3247 3200 periculose
3293 3130 3386 3198 qui
3418 3128 3564 3197 inju-

1985 3226 2148 3279 stitiaa
2171 3232 2225 3279 et
2253 3225 2558 3295 tyrannidis
2593 3224 2968 3278 dominatione
3012 3222 3266 3290 praevalet
3315 3229 3369 3275 et
3406 3222 3567 3274 inno-

1983 3324 2171 3369 centes
2230 3313 2490 3383 Opprimit
2549 3320 2603 3366 et
2665 3320 2888 3365 mactat.
2948 3311 3031 3365 Tu
3082 3326 3292 3380 ergo,o
3361 3309 3565 3364 athleta

1984 3405 2187 3460 Christi
2215 3405 2421 3474 judicis
2458 3404 2513 3457 in
2537 3404 2860 3466 certamine,
2907 3403 3098 3456 incitat
3147 3398 3566 3456 virtutis'insti—

1984 3504 2152 3560 tutor,
2187 3513 2254 3550 ne
2286 3496 2341 3550 in
2394 3496 2650 3550 omnibus
2696 3511 2819 3564 qua:
2850 3502 3109 3564 putantur
3155 3493 3301 3547 bona
3348 3491 3567 3546 vincere

1984 3596 2184 3653 certes,
2223 3588 2316 3643 sed
2355 3589 2409 3641 in
2459 3587 2546 3642 his
2603 3587 2737 3641 solis
2798 3602 2920 3656 quae
2982 3586 3125 3640 bona
3174 3598 3368 3638 revera
3415 3591 3563 3645 sunt,

1986 3680 2196 3735 scilicet
2228 3681 2411 3733 divina
2444 3686 2499 3732 et
2521 3678 2856 3747 spiritualia;
2888 3688 2941 3731 et
2966 3677 3020 3729 in
3046 3677 3130 3730 his
3154 3681 3238 3732 'ne
3273 3690 3491 3750 semper
3512 3683 3567 3728 et

1986 3772 2370 3840 intempestive
2422 3770 2761 3833 contendas,
2807 3769 2905 3824 sed
2948 3768 3170 3839 quando
3228 3774 3448 3836 tempus
3482 3776 3567 3820 est

1987 3864 2341 3933 acceptabilc.
2391 3863 2582 3917 Melius
2622 3869 2705 3916 est
2745 3861 2890 3915 enim
2945 3878 2975 3913 a
3017 3859 3147 3915 Jesu
3192 3866 3247 3913 et
3301 3858 3567 3926 exemplis

1987 3956 2383 4024 discipulorum
2453 3954 2573 4023 ejus
2638 3952 2959 4006 humiliatos
3031 3948 3175 4004 vinci
3214 3947 3559 4016 etsuperari.

1988 4062 2149 4115 quam
2181 4063 2302 4102 sese
2331 4047 2655 4101 extollentes
2684 4045 2899 4099 vincere
2912 4052 2966 4098 et
2986 4056 3253 4115 superare
3283 4048 3337 4095 et
3361 4039 3429 4093 ad
3459 4038 3564 4092 imo
3608 4040 3611 4041 ⁷

1986 4140 2203 4208 piorum
2241 4153 2491 4192 normam
2523 4138 2578 4193 in
2614 4136 2733 4207 pios
2766 4144 2821 4190 et
2852 4135 3091 4189 humiles
3118 4132 3412 4187 dominari.
3445 4129 3563 4193 Est,

1988 4228 2189 4298 inquit,
2223 4234 2276 4281 et
2310 4228 2363 4281 in
2399 4227 2603 4288 mundo
2642 4232 2919 4279 certantes
2970 4222 3158 4277 videre
3182 4234 3293 4274 non
3339 4216 3567 4271 omnino

1988 4320 2166 4374 victos
2214 4333 2279 4373 eo
2324 4317 2469 4388 quod
2520 4316 2752 4371 inferius
2801 4314 3153 4379 ceciderunt;
3197 4311 3376 4366 evenit
3420 4308 3564 4363 enim

1988 4409 2207 4480 quando
2239 4409 2600 4465 succubuisse
2625 4407 2879 4461 hostibus
2908 4405 3013 4459 visi
3055 4410 3185 4458 sunt
3218 4409 3272 4455 et
3301 4400 3451 4456 humi
3482 4401 3567 4470 ja-

1990 4504 2194 4567 cuisse,
2229 4502 2323 4572 qui
2352 4501 2538 4557 subito
2579 4500 2716 4572 pede
2760 4498 3070 4554 insilientes
3112 4497 3167 4549 in
3220 4492 3569 4549 adversarios

1992 4605 2047 4651 et
2079 4603 2365 4665 surgentes
2395 4594 2711 4663 superiores
2736 4597 3038 4662 apparent;
3062 4589 3144 4645 sic
3193 4588 3285 4657 qui
3344 4596 3565 4656 propter

1992 4688 2271 4743 Christum
2302 4696 2357 4741 et
2388 4685 2647 4739 mandata
2679 4685 2782 4740 sub
2814 4683 2882 4738 iis
2913 4682 3008 4751 qui
3042 4678 3389 4750 tyrannidem
3413 4693 3570 4731 exer-

1989 4797 2115 4836 cere
2144 4781 2324 4836 solent
2352 4778 2814 4841 succumbunt,in
2836 4774 3144 4830 humilitate
3174 4788 3273 4828 sua
3294 4773 3566 4826 vicerunt.

1990 4959 2093 5014 155
2148 4957 2530 5011 Detrimentum
2597 4951 2812 5021 aliquod
2862 4950 3205 5091 patiare;
3258 4949 3395 5002 enim
3434 4964 3571 5017 swpe

3191 5029 3495 5073 ucrumesl.

3191 5035 3373 5073 uorum
3396 5029 3495 5073 est.

2062 5120 2219 5175 Sicut
2255 5133 2353 5172 nec
2384 5120 2440 5171 in
2470 5115 2729 5169 omnibus
2775 5130 2877 5168 nec
2923 5129 3140 5182 semper
3185 5113 3403 5165 vincere
3450 5112 3571 5165 lau-

1986 5214 2187 5275 dabile,
2223 5211 2316 5266 sed
2373 5225 2473 5263 nec
2522 5208 2686 5271 vinci,
2739 5222 2977 5275 namque
3028 5204 3095 5258 ad
3140 5203 3469 5263 vincendum
3514 5201 3569 5255 in

1985 5306 2129 5361 bono
2160 5305 2382 5367 malum,
2420 5317 2528 5355 non
2561 5315 2690 5355 vero
2723 5299 2868 5352 vinci
2904 5314 2933 5351 a
2972 5297 3117 5351 malo
3142 5296 3465 5349 invitamur:
3493 5294 3573 5348 sic

1989 5413 2092 5452 nec
2157 5394 2359 5449 lucrari
2416 5406 2629 5461 semper
2691 5390 2925 5459 bonum,
2981 5395 3075 5443 aut
3150 5386 3355 5439 malum
3402 5384 3573 5438 detri-

1992 5495 2236 5545 mentum
2285 5485 2435 5556 pati;
2480 5493 2535 5539 et
2591 5498 2809 5537 rursum
2855 5480 3001 5552 quod
3055 5480 3239 5539 evenit
3299 5478 3569 5532 videmus.

1989 5577 2459 5646 Quemadmodum
2493 5575 2638 5629 enim
2687 5573 2830 5626 mala
2861 5572 3089 5626 victoria
3136 5570 3319 5625 clades
3347 5576 3432 5623 est
3460 5567 3574 5623 evi—

1989 5673 2148 5735 dens,
2180 5669 2362 5726 clades
2386 5683 2518 5722 vero
2566 5665 2707 5721 bona
2757 5679 2885 5717 vera
2935 5664 3163 5716 victoria
3216 5668 3319 5725 est,
3372 5659 3453 5712 sic
3487 5664 3574 5711 est

1988 5766 2203 5821 lucrum
2236 5760 2381 5833 quod
2413 5760 2480 5817 de
2533 5757 2913 5827 corporalibus
2955 5768 3213 5824 magnum
3268 5750 3567 5806 detrimen-

1989 5869 2104 5923 tum
2137 5856 2291 5914 all'ert
2319 5851 2595 5933 lucranti,‘
2626 5868 2656 5908 e
2691 5857 2883 5906 contra
2914 5847 3302 5913 detrimentum
3338 5842 3480 5917 quod
3513 5842 3572 5903 in
