4108 6376
526 328 632 384 823

525 447 737 501 lum-um
796 462 896 517 pro
946 447 1172 517 patienti
1226 464 1443 505 versum
1505 459 1607 505 est.
1665 449 1910 522 Namque
1961 455 2104 508 sicut

527 539 840 608 plantarum
869 539 1286 608 germinationis
1324 542 1600 612 superﬂua
1645 551 1919 612 secantes,
1955 545 2105 599 fruc-

527 643 679 685 tuum
732 632 944 685 lucrum
1001 633 1180 701 majus
1227 634 1560 698 obtinemus,
1610 637 1693 692 sic
1737 639 2104 708 corporalium

534 738 678 792 saepe
704 722 1088 778 detrimentum
1140 725 1321 780 facere
1371 727 1655 798 eligentes,
1705 730 1760 784 in
1806 732 2108 800 spirituali-

528 813 630 866 bus
663 813 1044 880 abundamus;
1089 823 1144 869 et
1189 834 1383 873 rursus
1426 819 1480 872 in
1529 822 1692 875 rebus
1730 823 2106 879 materialibus

527 904 804 959 lucrantes
852 919 962 959 non
1008 907 1145 961 bene
1197 915 1251 962 et
1299 909 1662 974 abundantes,
1716 926 1804 968 res
1854 912 2105 968 immate-

527 997 691 1051 riales
737 1005 792 1050 et
835 1007 1120 1054 manentes
1171 1000 1472 1069 perdimus.
1503 1001 1607 1056 Per
1639 1017 1762 1073 quae
1805 1005 1950 1061 enim
1996 1022 2108 1062 non

521 1089 674 1157 juste
714 1093 798 1144 vel
849 1091 1013 1146 etiam
1065 1092 1215 1161 juste
1268 1095 1648 1171 prtevalemus,
1698 1101 1789 1169 qui
1823 1115 1933 1154 non
1971 1101 2110 1156 bene

529 1181 624 1236 sed
655 1182 860 1250 injuste
905 1199 1122 1254 semper
1149 1185 1414 1243 addentes
1446 1190 1768 1258 augebimus
1810 1191 2032 1247 divitias
2056 1203 2111 1249 et

529 1270 584 1323 iu
615 1271 772 1325 vanis
826 1274 1361 1342 superabundamus,
1393 1279 1678 1333 materiam
1723 1281 1863 1350 ignis
1898 1282 1996 1335 ira:
2026 1281 2112 1335 di-

528 1365 667 1418 vinae
691 1368 1132 1423 thesaurizamus
1167 1377 1222 1422 et
1248 1370 1501 1425 morbum
1536 1375 1753 1442 corpori
1785 1389 1880 1443 per
1912 1375 2111 1430 intem-

530 1457 836 1522 perantiam
873 1458 928 1510 in
962 1458 1046 1513 his
1078 1460 1438 1520 acquirimus.

767 1549 970 1604 nullam
1001 1549 1109 1604 Deo
1140 1569 1344 1621 poenam
1379 1553 1554 1613 debes,

677 1616 790 1696 [ἵει-
825 1616 1311 1696 ipse_in_debitores_
1335 1624 1631 1696 misericors
1659 1627 1766 1688 sis;

535 1687 636 1744 439
684 1687 878 1765 Verum
908 1692 955 1744 si
983 1691 1165 1765 _debili
1215 1693 1311 1744 tibi
1359 1694 1601 1750 conscius
1660 1687 1754 1759 es,
1790 1696 1938 1764 prior
2002 1697 2112 1765 ipsa

753 1760 1029 1814 clementia
1056 1772 1218 1816 utere.

535 1828 638 1883 160
673 1827 1010 1952 Miseratiloni
1054 1835 1194 1886 enim
1243 1835 1514 1888 miseratio
1553 1837 1716 1890 etiam
1763 1837 1904 1906 apud
1937 1833 2109 1890 Deum

748 1917 898 1952 νευεη
945 1911 1071 1952 itur.

748 1911 1071 1968 rependitur.

605 1990 680 2044 De
711 1993 973 2060 patientia
1005 2006 1058 2047 et
1089 1995 1513 2051 mansuetudine
1541 1999 1853 2067 evangelice
1890 2000 1944 2054 in
1991 2000 2114 2056 istis

534 2097 561 2133 ιι
599 2081 708 2136 Deo
744 2084 1046 2151 procedens
1095 2093 1149 2138 et
1203 2086 1433 2155 loquens
1487 2088 1662 2156 gratia
1719 2089 1994 2146 admouet.
2055 2089 2114 2146 Si

533 2175 774 2236 noveris.
809 2176 1008 2244 inquit,
1034 2177 1177 2245 quod
1211 2193 1382 2247 purus
1424 2186 1477 2233 et
1507 2181 1731 2234 omnino
1772 2181 2115 2252 irreprehen-

532 2266 712 2321 sibilis
736 2268 873 2320 nihil
909 2267 1020 2322 Deo
1051 2269 1250 2323 debeas
1295 2283 1488 2338 paenae,
1533 2271 1933 2327 rationabiliter
1976 2271 2117 2329 forte

530 2369 586 2413 et
635 2367 692 2412 tu
749 2359 958 2429 absque
1011 2361 1388 2415 misericordia
1437 2378 1563 2417 cum
1624 2363 1962 2421 debitoribus
2003 2367 2115 2422 tuis

533 2458 740 2514 tracta;
782 2450 829 2504 si
875 2465 1003 2504 vero
1054 2449 1358 2504 debitorem
1396 2459 1448 2507 te
1482 2453 1769 2522 agnoveris
1812 2454 2114 2510 innumeris

531 2542 978 2610 cogitationibus,
1017 2541 1194 2597 verbis
1245 2551 1299 2596 et
1344 2544 1626 2613 operibus,
1670 2539 1920 2613 profecto
1949 2545 2115 2601 debes

533 2648 586 2697 et
614 2634 909 2703 patientem
959 2632 1070 2687 Deo
1111 2632 1360 2688 fenerare
1403 2649 1532 2702 erga
1575 2649 1924 2702 conservum,
1962 2651 2118 2689 man—

534 2723 825 2780 suetudine
868 2725 1169 2779 Dominica:
1226 2725 1323 2778 irae
1369 2724 1713 2780 intolerabile
1771 2727 2012 2796 placare,
2064 2737 2118 2782 et

535 2817 889 2872 miseratione
913 2832 1041 2887 erga
1066 2819 1379 2886 proximum
1407 2817 1938 2874 animadversionem
1963 2835 2116 2874 aver-

535 2917 676 2975 tens,
725 2909 1162 2964 benevolentiam
1217 2925 1345 2980 erga
1393 2918 1448 2965 te
1499 2910 1776 2966 hominem
1828 2912 1910 2967 sic
1953 2913 2119 2968 bene-

534 3001 775 3056 volentia
833 3011 922 3055 tua
977 3017 1104 3072 erga
1174 3003 1310 3057 alios
1367 3003 1614 3058 obtinere
1666 3022 1679 3058 :
1741 3005 2118 3060 misericordia

535 3087 682 3146 e'nim
713 3102 766 3147 et
798 3093 1137 3164 benignitate
1186 3094 1347 3149 nobis
1390 3095 1528 3164 ipsis
1578 3096 2012 3152 misericordiam
2063 3107 2117 3151 et

538 3184 931 3253 benignitatem
987 3184 1228 3238 divinam
1293 3186 1636 3250 attrahimus,
1695 3187 1883 3243 eadem
1947 3190 2120 3244 abun-

538 3277 724 3329 dantia
757 3291 864 3345 qua
895 3277 1146 3332 dedimus
1169 3278 1421 3330 collatam
1457 3279 1644 3344 nobis;
1672 3289 1726 3333 et
1753 3279 1942 3335 eadem
1964 3297 2118 3336 men-

540 3382 669 3420 sura
705 3383 809 3437 qua
839 3368 1012 3422 mensi
1052 3367 1255 3422 fuimus
1288 3369 1447 3424 nobis
1485 3371 1790 3424 remetitur.

542 3461 637 3514 ’iﬁl
684 3461 744 3515 Si
770 3461 980 3530 quando
1016 3461 1216 3529 injuria
1265 3461 1563 3515 accenderit
1609 3475 1832 3517 mentem
1874 3472 2043 3530 tuam,

541 3531 646 3585 ib?
686 3531 945 3585 Memento
976 3530 1178 3586 Christi
1209 3532 1426 3602 ejusque
1457 3534 1750 3587 vulnerum.

613 3623 842 3689 Quando
874 3623 944 3678 ab
968 3638 1078 3678 uno
1112 3639 1143 3678 e
1172 3624 1370 3678 vicinis
1400 3623 1601 3694 injuria
1636 3634 1870 3682 aestuare
1905 3625 2038 3681 facit
2071 3634 2125 3681 et

541 3719 784 3770 animum
813 3717 1046 3770 multum
1084 3730 1312 3770 movens
1343 3722 1508 3786 atque
1530 3715 1881 3770 vehementer
1913 3724 2124 3770 tumere

543 3809 773 3874 iaciens,
816 3823 1072 3880 magnum
1099 3817 1159 3861 ut
1189 3823 1318 3862 vero
1342 3807 1521 3861 simile
1553 3819 1637 3862 est
1659 3808 1880 3862 malitia:
1905 3806 2123 3862 inﬂatu-

542 3909 654 3954 mat
711 3901 1021 3955 incendium
1083 3911 1138 3955 et
1197 3909 1344 3953 tuam
1408 3908 1646 3954 mentem
1697 3899 1762 3954 ad
1827 3900 2123 3955 vindictam

544 3992 746 4055 adurit,
795 3991 1086 4048 confestim
1135 4000 1411 4046 memento
1461 3991 1692 4055 Christi,
1748 3993 2126 4047 recordatione

544 4091 796 4155 prompta
818 4091 873 4138 et
897 4084 1019 4137 viva
1047 4082 1190 4152 [lnge
1221 4083 1318 4136 tibi
1343 4083 1462 4151 ejus
1492 4083 1728 4151 injurias
1752 4089 1806 4137 et
1840 4083 2127 4139 illusiones

545 4186 598 4228 et
633 4175 842 4244 ﬂagella
871 4182 926 4229 et
956 4175 1183 4229 vulnera
1211 4189 1330 4243 quae
1362 4175 1417 4227 in
1468 4189 1632 4228 cruce
1673 4183 1896 4244 propter
1927 4184 1979 4229 te
2001 4191 2127 4244 pas-

549 4281 645 4319 sus
671 4273 775 4328 est,
819 4272 875 4318 et
935 4264 1212 4334 aaquipara
1257 4265 1310 4316 in
1359 4264 1555 4333 spiritu
1604 4277 1715 4332 qua
1756 4279 2013 4318 mensura
2051 4265 2128 4318 tui

547 4355 766 4411 dolores
819 4365 968 4410 retro
1013 4355 1232 4409 dolores
1283 4353 1494 4408 Domini
1543 4355 1891 4424 relinquunt;
1949 4359 2128 4426 cogita

550 4461 660 4499 non
714 4445 891 4500 solum
935 4445 1188 4500 dolorum
1227 4444 1613 4512 diﬂ‘erentiam,
1663 4449 1935 4516 quomodo
1977 4465 2127 4503 com-

554 4541 729 4610 parati
761 4539 838 4593 tui
871 4538 1153 4593 minimam
1198 4549 1404 4609 partem
1447 4540 1698 4592 dolorum
1744 4541 1918 4609 ipsius
1945 4551 2132 4596 osten-

553 4637 728 4695 dunt,
793 4631 890 4688 sed
940 4639 993 4684 et
1028 4646 1319 4701 personam
1364 4631 1658 4687 recordare
1707 4634 1980 4702 patientis,
2006 4635 2134 4703 quia

551 4726 669 4794 ipse
692 4723 834 4779 Deus
869 4730 922 4778 et
950 4725 1229 4794 magister,
1263 4723 1387 4792 quia
1414 4724 1497 4778 vel
1530 4739 1640 4778 non
1685 4739 1847 4794 quam
1889 4725 2132 4790 minime,

553 4833 654 4873 nec
699 4819 1031 4888 cogitatione
1083 4832 1182 4871 nec
1231 4818 1415 4886 lingua
1459 4833 1700 4886 unquam
1737 4819 2000 4887 peccavit.
2053 4817 2138 4872 Tu

555 4925 687 4964 vero
718 4917 772 4966 et
798 4911 962 4964 homo
991 4925 1050 4964 es
1072 4921 1126 4964 et
1157 4925 1371 4971 servus,
1419 4917 1473 4962 et
1502 4910 1772 4964 obnoxius
1799 4910 1987 4965 multis
2015 4910 2138 4964 mil-

552 5005 699 5060 libus
748 5003 1100 5072 negligentiis
1150 5002 1395 5072 quotidie
1442 5001 1665 5068 laberis,
1715 5010 1768 5056 et
1813 5004 1893 5057 sic
1936 5003 2137 5058 talibus

556 5093 984 5163 cogitationibus
1023 5095 1181 5162 quasi
1222 5093 1378 5162 aquis
1423 5091 1725 5147 Salvatoris
1762 5094 2052 5148 incantans
2083 5104 2139 5149 et

557 5187 796 5255 irrigans
833 5186 1070 5239 animam
1119 5195 1289 5251 tuam,
1333 5185 1560 5241 ardores
1602 5185 1911 5240 aﬂlictionis
1945 5194 1999 5242 et
2043 5187 2138 5242 irae

557 5278 861 5344 exstingue.

553 5457 656 5512 165
701 5458 889 5523 Amor,
921 5457 1168 5524 ebrietas,
1207 5458 1356 5522 livor,
1400 5468 1449 5513 et
1489 5458 1717 5520 dmmon,
1745 5457 1992 5522 (equal-ia.

629 5549 881 5615 Quatuor
935 5550 1051 5604 haec
1102 5551 1417 5605 summatim
1467 5565 1730 5620 apparere
1767 5549 2136 5618 insipientiam

554 5653 608 5700 et.
640 5644 1050 5700 aberrationem
1089 5646 1314 5715 spiritus
1356 5643 1423 5698 ad
1469 5645 1655 5714 pejora
1692 5650 1746 5697 et
1804 5641 2140 5695 immutatio-

559 5752 682 5792 nem
709 5736 1029 5791 inducentia
1053 5737 1496 5807 cognoscendum
1526 5743 1631 5799 est,
1655 5749 1808 5788 amor
1839 5746 2132 5802 corporum

557 5834 862 5892 ementitus
901 5839 954 5889 et
990 5832 1381 5890 immoderatus
1431 5839 1483 5888 et
1540 5830 1766 5895 ardens,
1807 5828 2041 5884 ebrietas
2085 5833 2139 5881 et

1902 332 2198 392 NICETAS
2220 335 2427 392 DAV'ID

3698 344 3796 400 ὅ·ἔᾶ

2214 457 2404 528 ὥσπερ
2423 457 2490 510 τὰ
2521 458 2749 529 περιττά
2779 459 2876 529 τῆς
2892 457 3128 528 βλάστης
3143 458 3252 510 τῶν
3270 458 3452 528 φυτῶν
3480 463 3796 530 περιτεμόν-

2205 559 2317 611 τες,
2343 547 2402 598 τὸ
2429 547 2536 599 ἀπὸ
2549 546 2650 617 τῆς
2677 541 2985 617 εὐκαρπίας
3007 549 3197 620 κέρδος
3221 549 3384 601 πλέον
3412 547 3753 620 ποριζόμεθα
3783 564 3795 575 ⁸

2208 635 2350 688 οὕτω
2358 635 2428 688 τὰ
2442 636 2726 707 σωματικά
2741 638 3000 700 πολλάκις
3013 637 3044 702 ζ
3046 657 3076 708 η
3087 637 3207 708 μιοῦ
3215 638 3336 691 σθαι
3356 637 3795 709 προαιρούμενοι,

2206 728 2322 789 τοῖς
2353 727 2742 795 πνευματικοῖς
2771 725 3204 797 ἔνευθηνούμεθα
3229 741 3242 755 ⁸
3277 727 3371 779 καὶ
3396 725 3654 795 ἔμπαλιν,
3687 730 3795 790 τοῖς

2209 814 2318 867 ἀπὸ
2342 815 2443 883 τῆς
2469 813 2601 884 ὕλης
2631 815 3004 886 κερδαίνοντες
3032 814 3092 867 οὐ
3121 813 3299 878 καλῶς
3320 815 3416 866 καὶ
3445 813 3790 884 πληθυνόμε-

2210 925 2290 960 νοι
2309 947 2324 970 ,
2347 909 2414 960 τά
2437 907 2572 962 ama
2595 907 2941 978 ζημιούμεθα
2955 908 3049 960 καὶ
3077 909 3329 976 μένοντα’
3359 909 3443 975 ἐφ’
3477 901 3558 970 οἷς
3586 909 3716 978 γὰρ,
3730 911 3787 960 οὐ

2209 1000 2435 1062 δικαίως
2477 998 2512 1070 ἦ
2546 1000 2642 1052 καὶ
2678 999 2902 1062 δικαίως
2940 998 3271 1070 προέχομεν,
3307 1000 3468 1069 εἴπερ
3501 1001 3564 1052 οὔ
3619 1000 3791 1063 καλῶς

2212 1089 2334 1141 ἀλλ’
2358 1089 2562 1151 ἀδίκως
2590 1089 2677 1142 ἀεὶ
2701 1088 3087 1160 προστιθέντες
3114 1090 3498 1161 προσαύξομεν
3518 1091 3612 1143 τὸν
3644 1091 3794 1144 πλοῦ-

2211 1198 2302 1234 τον
2333 1182 2428 1234 καὶ
2475 1181 2654 1251 μάτην
2684 1178 3214 1251 ὑπερπλεονάζομεν,
3259 1181 3393 1251 ὕλην
3423 1183 3521 1251 μὲν
3546 1179 3627 1252 τῷ
3669 1184 3797 1252 πυρὶ

2211 1276 2312 1342 τῆς
2339 1273 2488 1337 θείας
2515 1272 3033 1344 ἀποθησαυρίζομεν
3071 1273 3240 1344 ὀργῆς
3261 1313 3275 1337 ,
3309 1275 3464 1326 νόσον
3489 1273 3544 1325 δὲ
3581 1272 3662 1343 τῷ
3692 1272 3794 1324 σώ-

2218 1381 2345 1437 ματι
2373 1365 2464 1419 διὰ
2491 1365 2592 1434 τῆς
2629 1365 2900 1436 ἀμετρίας
2924 1363 3159 1418 ἐνταῦθα
3189 1363 3588 1436 προξενοῦμεν.

2218 1568 2320 1620 157
2350 1570 2419 1621 El
2443 1566 2640 1634 μηδὲν
2661 1566 2870 1636 ὀφλεις
2890 1565 2973 1636 τῷ
3000 1564 3122 1630 Θεῷ
3148 1563 3454 1634 τιμωρίας,

2219 1638 2320 1692 158
2344 1633 2492 1705 Μηδ⁹
2519 1633 2714 1705 αὺτὸῤ
2743 1637 2866 1691 ἴσθι
2891 1635 3016 1702 τοῖς
3049 1637 3307 1704 ὀςρλουσι
3347 1633 3698 1705 συμπαθήςζ

2220 1708 2322 1763 159
2356 1701 2436 1762 Εἴ
2457 1706 2510 1759 δ’
2532 1701 2701 1773 οἶδας
2721 1706 2947 1776 ὅφλων,
2978 1701 3458 1775 καὶ’πρόγρησον
3484 1702 3551 1756 τὸ
3576 1701 3799 1771 πρᾶογο
3895 1753 3898 1756 .

2218 1843 2322 1897 160
2359 1843 2546 1909 Οἴκτῳ
2572 1844 2681 1913 γὰρ
2712 1841 2915 1906 οἶκτος
2941 1841 3038 1894 καὶ
3078 1836 3200 1903 Θεῷ
3226 1836 3627 1906 σταθμίζετιιι.

2287 2000 2421 2071 Περὶ
2459 1997 2812 2061 ἀνεξικακίας
2844 1998 2939 2049 καὶ
2980 1997 3285 2068 πραότητος
3322 1993 3699 2064 εὐαγγελικῶς
3744 1994 3798 2044 ὲν

2215 2093 2424 2154 τούτοις
2454 2093 2486 2161 ὴ
2515 2089 2804 2161 θεόϐρυτος
2829 2089 2989 2159 χάρις
3015 2089 3110 2141 καὶ
3135 2087 3398 2158 θεηγόρος
3423 2085 3690 2140 νουθετεῖ.
3715 2085 3797 2137 Et-

2216 2202 2322 2256 περ
2347 2179 2516 2247 οἶδας,
2546 2181 2729 2253 φησὶν,
2761 2180 2834 2244 ὡς
2866 2179 3107 2251 καθαρὸς
3128 2177 3203 2232 ὣν
3224 2180 3319 2232 καὶ
3347 2180 3525 2247 πάντη
3551 2175 3797 2245 ἀναμάρ-

2215 2294 2396 2346 τητος,
2446 2273 2597 2328 οὐδὲν
2637 2271 2718 2344 τῷ
2765 2271 2884 2342 Θεῷ
2937 2271 3172 2339 ὀφείλεις
3209 2269 3515 2341 τιμωρίας,
3566 2268 3797 2336 εὐλόγως

2216 2365 2377 2438 τυχὸν
2407 2366 2502 2420 καὶ
2527 2365 2690 2429 αὐτὸς
2714 2365 2816 2418 ἀσυ
2827 2359 3056 2434 μπαθῶς
3079 2363 3319 2434 κέχρησο
3341 2365 3458 2426 τοῖς
3492 2359 3797 2431 ὀφειλέταις

2216 2465 2328 2525 τοῖς
2354 2463 2496 2522 σοῖςο
2535 2461 2584 2512 εἰ
2609 2459 2666 2512 δὲ
2705 2458 2990 2528 ὀφειλέτην
3044 2455 3292 2520 σύνοιδας
3320 2455 3518 2509 σαυτὸν
3552 2456 3615 2507 ὲν
3648 2455 3798 2507 ἀπεί-

2221 2569 2333 2623 ροις
2357 2567 2415 2604 τε
2449 2550 2730 2619 λογισμοῖς
2773 2549 2866 2601 καὶ
2910 2545 3090 2616 λόγοις
3127 2545 3224 2599 καὶ
3269 2545 3501 2617 πράξεσι
3521 2585 3538 2608 ,
3588 2545 3798 2605 πάντως

2217 2641 2454 2712 ὀφείλεις
2470 2640 2566 2695 καὶ
2590 2639 2651 2693 τὸ
2674 2639 2996 2706 ἀνεξίκακον
3021 2637 3392 2709 προδανείσειν
3414 2636 3492 2706 τῷ
3515 2635 3660 2706 Θεῷ,

2220 2734 2355 2803 πρὸς
2377 2733 2469 2788 τὸν
2494 2729 2777 2786 σύνδουλον
2799 2731 3066 2802 πραότητι
3091 2729 3151 2782 τὸ
3176 2729 3310 2783 πολὺ
3339 2730 3440 2800 τῆς
3465 2727 3798 2796 Δεσποτικῆς

2219 2826 2388 2897 ὀργῆς
2422 2826 2586 2877 ὑποτε
2595 2826 2737 2894 μεῖν,
2759 2823 2853 2876 καὶ
2875 2824 2941 2893 τῇ
2970 2820 3283 2891 συμπαθείᾳ
3299 2821 3366 2891 τῇ
3393 2820 3531 2891 πρὸς
3550 2819 3646 2902 τὸν
3675 2816 3800 2887 πλη-

2224 2918 2337 2971 σίον
2364 2916 2769 2988 ὑφαιρούμενος
2806 2914 2904 2987 τὴν
2937 2914 3332 2984 ἀγανάκτησιν,
3360 2913 3462 2983 τὴν
3494 2910 3798 2981 φιλανθρω-

2223 3008 2351 3060 πίαν
2382 3006 2525 3059 οὕτω
2549 3005 2638 3059 διὰ
2666 3002 3074 3074 φιλανθρωπίας
3104 3001 3442 3054 ἐπισπᾶσθαι
3465 3015 3477 3028 ·
3507 3001 3677 3069 οῐκτῳ
3702 2997 3802 3068 γὰρ

2223 3097 2316 3150 τὸν
2349 3092 2528 3150 οἶκτον
2556 3096 2651 3150 καὶ
2674 3092 2811 3164 ἐλέῳ
2836 3094 2926 3146 τὸν
2955 3093 3102 3146 ἔλεον
3124 3093 3334 3154 ἑαυτοῖς
3366 3093 3457 3145 τὸν
3481 3091 3626 3144 θεῖον
3647 3087 3802 3158 ἐφελ-

2223 3189 2452 3262 κόμεθα,
2476 3189 2754 3259 ἀναλόγως
2775 3180 2819 3255 ᾧ
2834 3185 3049 3258 δίδομεν
3073 3183 3634 3256 ἀντισταθμιζόμενον
3653 3185 3799 3254 ἡμῖν,

2225 3282 2319 3336 καὶ
2355 3275 2400 3350 ᾧ
2435 3281 2617 3352 μέτρῳ
2647 3277 2954 3350 μετροῦμεν
2991 3275 3490 3349 ἀντιμετρούμενον
3525 3277 3683 3347 ἡμῖν.

2227 3463 2322 3517 161
2361 3465 2549 3516 Ὅταν
2570 3461 2704 3517 ποθ’
2736 3463 2902 3527 ὕϐρις
2923 3459 3111 3529 ἐκκάῃ
3137 3459 3254 3527 τὴν
3277 3458 3398 3524 σὴν
3423 3457 3637 3526 φρένα,

2229 3535 2330 3589 162
2344 3532 2655 3600 Μνήσθητι
2683 3533 2940 3601 Χριστοῦ
2961 3527 3143 3584 τῶν-τ’
3173 3531 3409 3583 ἐκείνοιν
3433 3527 3798 3597 τραυμάτων.

2307 3623 2478 3675 Ἡνίκ’
2505 3621 2570 3676 ἄν
2606 3639 2698 3675 του
2727 3623 2792 3675 ὲκ
2813 3622 3071 3689 γειτόνων
3093 3621 3127 3690 ἡ
3157 3617 3316 3691 ὕϐρις
3357 3617 3695 3682 ἀναζέσασα,
3718 3613 3804 3668 καὶ

2227 3719 2306 3780 είς
2332 3715 2464 3785 ὕψος
2502 3713 2732 3787 ἀρθεῖσα
2767 3713 2909 3784 μέγα
2935 3752 2950 3775 ,
2979 3712 3071 3766 καὶ
3103 3711 3310 3782 σφόδρα
3354 3706 3798 3782 μετεωρισθεῖσα,

2229 3807 2449 3878 πολλὴν,
2479 3807 2556 3871 ὡς
2589 3806 2756 3870 εἰκὸς,
2779 3807 2877 3875 τὴν
2909 3805 3007 3875 τῆς
3033 3804 3233 3865 κακίας
3265 3802 3607 3874 ἀναῤῥιπίσῃ
3637 3800 3804 3869 φλόγα

2229 3900 2322 3954 καὶ
2351 3902 2449 3971 τὴν
2485 3899 2583 3970 σὴν
2621 3895 2906 3968 ἀνακαύσῃ
2939 3896 3181 3949 διάνοιαν
3230 3893 3367 3965 πρὸς
3401 3893 3634 3962 ἄμυναν,
3680 3889 3804 3942 ὑπο-

2233 3990 2498 4062 μνήσθητι
2540 3986 2793 4059 παραυτά
2837 3987 2931 4039 τοῦ
2973 3981 3243 4058 Χριστοῦ,
3281 3979 3690 4051 φαντασιώθητι
3736 3976 3802 4030 δι’

2229 4082 2487 4154 ἐνεργοῦς
2520 4080 2871 4153 μνημοσύνης
2900 4079 3061 4142 εὐθὺς
3087 4077 3196 4130 τῶν
3227 4073 3438 4146 ὕϐρεων
3472 4073 3688 4127 ἐκείνου
3718 4068 3806 4122 καὶ

2230 4173 2564 4246 ἐμπαιγμῶν
2609 4171 2705 4226 καὶ
2761 4169 3042 4240 μαστίγων
3085 4168 3179 4221 καὶ
3230 4164 3580 4237 τραυμάτων,
3635 4155 3709 4215 ὧν
3751 4159 3807 4210 ὲν

2233 4262 2452 4337 σταυρῷ
2495 4264 2699 4334 ὑπέσχε
2744 4263 2832 4316 διὰ
2860 4263 2948 4324 σὲ,
2986 4259 3080 4314 καὶ
3113 4257 3429 4327 ἀναλόγισαι
3479 4254 3558 4327 τῷ
3590 4253 3672 4308 νοῒ
3717 4266 3804 4304 σου

2232 4355 2454 4428 νοερῶς,
2479 4355 2628 4426 πόσῳ
2648 4352 2831 4425 μέτρῳ
2847 4351 2912 4406 τὰ
2929 4352 2994 4405 σὰ
3019 4351 3162 4422 πάθη
3180 4349 3288 4402 τῶν
3314 4347 3660 4402 Δεσποτικῶν
3687 4346 3806 4399 am

2233 4451 2558 4522 λιμπὰνεται
2577 4463 2591 4478 ⁸
2616 4448 2896 4519 ἐννοήθητι
2925 4445 2998 4516 μὴ
3027 4443 3134 4498 τῶν
3155 4443 3494 4513 παθημάτων
3527 4439 3688 4510 μόνον
3717 4437 3808 4508 τὴν

2230 4541 2512 4614 διαφορὰν,
2549 4539 2624 4603 ὡς
2647 4539 2708 4592 τὸ
2738 4537 3027 4592 πολλοστὸν
3067 4536 3231 4608 μέρος
3258 4533 3367 4587 τῶν
3400 4533 3608 4586 ἐκείνου
3637 4544 3806 4601 παραε-

2232 4636 2491 4706 τιθέμενα
2529 4633 2806 4686 δείκνυται
2850 4629 2920 4682 τὰ
2963 4627 3074 4692 σὰ,
3102 4625 3236 4681 ἀλλὰ
3279 4626 3374 4678 καὶ
3417 4623 3480 4678 τὸ
3518 4624 3804 4696 πρόσωπον

2240 4725 2622 4800 μνήσθητιτοῦ
2649 4724 2968 4792 πάσχοντος,
3007 4722 3091 4773 ὅτι
3122 4721 3151 4773 δ
3187 4719 3285 4789 μὲν
3314 4715 3446 4779 Θεὸς
3479 4716 3574 4769 καὶ
3605 4713 3802 4768 Δεσπό-

2234 4818 2460 4886 της,καὶ
2491 4814 2600 4868 οὐδ’
2637 4815 2760 4866 ὅσον
2793 4812 2972 4879 ὀλίγον
3005 4811 3114 4864 οὐδ’
3153 4811 3238 4862 ἐπ’
3262 4807 3492 4871 ἐννοίαις
3525 4807 3559 4877 ἢ
3593 4803 3808 4875 γλώσσῃ

2238 4909 2455 4961 πώποτε
2501 4905 2782 4976 ἁμαρτὼν,
2831 4903 2895 4956 σὺ
2939 4902 2997 4954 δὲ
3026 4902 3122 4954 καὶ
3167 4899 3456 4969 ἅνθρωπος
3504 4897 3599 4951 καὶ
3631 4893 3804 4956 δοῦλος

2238 5001 2331 5054 καὶ
2369 4999 2550 5068 ἔνοχος
2587 4997 2805 5068 μυρίοις
2839 4995 2960 5047 καθ’
2992 4995 3232 5063 ἑκάστην
3263 4991 3590 5045 ὑποπίπτων
3635 4990 3807 5058 πλημ-

2241 5089 2535 5158 μελήμασι,
2563 5086 2657 5139 καὶ
2685 5083 2826 5137 οὕτω
2854 5083 2918 5153 δὴ
2948 5085 3068 5144 ταῖς
3102 5079 3382 5142 τοιαύταις
3405 5078 3516 5131 τῶν
3539 5073 3806 5146 λογισμῶν

2236 5178 2467 5240 ἐννοίαις
2493 5178 2567 5239 ὡς
2597 5175 2782 5228 ὕδασιν
2813 5171 3005 5226 ἑαυτοῦ
3040 5169 3362 5241 κατεπᾴδων
3390 5168 3486 5222 καὶ
3513 5166 3691 5238 ἄρδων
3719 5163 3807 5232 τὴν

2238 5271 2439 5342 ψυχὴν,
2479 5269 2539 5321 τὸ
2590 5267 2919 5338 φλεγμαῖνον
2957 5263 3056 5334 τῆς
3103 5262 3280 5332 λύπης
3326 5259 3693 5315 κατασϐέσαιο
3724 5255 3807 5309 καὶ

2239 5366 2339 5434 τῆς
2367 5362 2556 5434 ὀργῆς.

2243 5455 2344 5512 165
2375 5457 2583 5521 Ἔρως,
2603 5449 2775 5520 μέθη,
2808 5448 2984 5516 ζῆλός
3006 5463 3069 5500 τε
3094 5445 3190 5499 καὶ
3207 5444 3435 5512 δαίμων
3457 5445 3581 5498 ἴσα.

2315 5545 2570 5616 Τέσσαρα
2596 5543 2790 5607 ταῦτα,
2831 5539 3218 5610 κεφαλαιωδῶς
3251 5539 3436 5604 φάναι,
3467 5531 3791 5608 παραφροσύ

2242 5657 2340 5712 νης
2375 5638 2469 5692 καὶ
2493 5637 2592 5706 τῆς
2623 5637 2714 5689 ἐπὶ
2735 5634 2796 5687 τὺ
2825 5635 3005 5705 χεῖρον
3032 5631 3341 5693 ἐκστάσεως
3371 5627 3465 5682 τοῦ
3501 5626 3590 5682 νοῦ
3619 5643 3802 5695 γνωρι-

2245 5730 2396 5783 στέον
2445 5728 2542 5782 καὶ
2589 5725 2948 5798 παρατροπῆς
3004 5722 3299 5793 ποιητικὰ,
3359 5721 3499 5792 ἔρως
3552 5721 3806 5789 σωμάτων

2244 5821 2540 5884 ἀκόλαστος
2577 5821 2669 5876 καὶ
2709 5817 2957 5890 ἀκρατὴς
2990 5817 3081 5870 καὶ
3115 5813 3387 5888 μανιώδης
3405 5851 3425 5879 ,_
3452 5811 3597 5887 μέθη
3617 5810 3710 5867 καὶ
3737 5814 3805 5862 ot-
