4108 6376
338 385 444 442 8'35

343 506 626 575 νοφλυγία,
653 504 787 576 πρὸς
815 504 871 558 δὲ
897 504 991 558 καὶ
1024 505 1184 577 ζῆλος
1217 507 1482 579 φονὼδης,
1512 509 1570 572 ὅς
1591 511 1737 564 ἐστιν
1756 512 1930 582 ὀργῆς

347 599 536 668 ἔξαψις
574 597 669 650 καὶ
699 596 872 650 λύσσα
893 615 906 626 ·
951 596 1026 660 ὡς
1060 598 1251 669 πόρρω
1291 599 1389 668 μὲν
1429 599 1524 653 τοῦ
1555 601 1760 670 ἀγαθοῦ
1789 603 1926 656 ἀπο-

343 687 714 760 διοικιζόμενα
737 730 751 752 ,
789 689 1017 760 δαίμονα
1055 689 1111 741 δὲ
1155 688 1360 742 τούτων
1394 691 1623 745 ἕκαστον
1677 693 1926 765 ἀνάπτην

348 783 442 835 καὶ
487 781 926 852 ἐπισπουδαστὴν
971 781 1412 852 κεκληρωμένον,
1443 777 1524 847 οἷς
1557 783 1623 837 ἂν
1653 787 1925 854 ἐπισφρα-

346 874 550 940 γίσειεν
589 872 812 942 ἀφανῶς
845 864 1252 943 ἐπιτιθέμενον,
1284 872 1382 945 τὴν
1417 875 1678 946 φρόνησιν
1716 877 1927 941 τούτοις

348 966 648 1031 ἐπικλύζει,
682 966 777 1020 καὶ
804 965 894 1018 τὸν
928 966 1086 1037 ὀρθὸν
1106 966 1265 1035 λόγον
1293 970 1667 1038 παραιρεῖται.
1699 969 1798 1032 Τίς
1830 966 1926 1023 οὖν

346 1063 378 1130 ἡ
421 1058 624 1112 τούτων
661 1057 801 1121 ἴασις
853 1059 946 1112 καὶ
993 1058 1300 1129 θεραπεία;
1343 1059 1511 1131 Τῆξις
1557 1060 1810 1132 σώματος
1859 1062 1926 1114 δι’

348 1151 523 1221 ἄκρας
545 1149 798 1220 νηστείας
815 1166 875 1200 τε
900 1149 992 1202 καὶ
1018 1151 1344 1221 ἀγρυπνίας,
1369 1153 1647 1224 προσευχὴ
1673 1151 1930 1222 διηνεκὴς

349 1245 443 1296 καὶ
468 1243 844 1314 ἀνατεταμένη
877 1244 1013 1313 πρὸς
1032 1243 1124 1297 τὸν
1153 1244 1380 1315 Κύριον,
1416 1245 1654 1316 δάκρυον
1686 1245 1748 1309 ἐξ
1777 1245 1928 1315 ἱερᾶς

349 1337 442 1389 καὶ
474 1333 799 1407 εἰλικρινοῦς
842 1333 1194 1401 κατανύξεως
1229 1336 1324 1390 καὶ
1366 1337 1654 1407 μετανοίας
1689 1337 1932 1390 ἀποστά-

351 1430 443 1492 ζον
487 1428 597 1481 τῶν
648 1426 944 1498 ὀφθαλμῶν
972 1444 985 1457 ·
1035 1427 1212 1482 ταῦτά
1252 1430 1370 1482 ἐστι
1405 1429 1514 1482 τῶν
1560 1428 1712 1500 ἐμῶν
1761 1430 1932 1482 νόσων

353 1521 621 1591 φάρμακα
666 1520 911 1590 σωτήρια
941 1519 1036 1571 καὶ
1065 1518 1174 1570 τῶν
1211 1518 1310 1589 τῆς
1353 1519 1580 1590 καρδίας
1611 1517 1934 1590 ἀρρωστιῶν

353 1610 702 1680 ἀλεξητήρια.

355 1701 457 1752 1ϋ9
489 1700 708 1766 ’Ὅρκον
730 1697 800 1751 δὲ
829 1697 1012 1767 φεῦγε
1038 1696 1236 1750 πάντα
1275 1696 1435 1767 (8-9).

427 1789 668 1842 Καθόλου
697 1789 788 1841 τὸν
819 1789 980 1859 ὅρκον
1016 1787 1307 1858 ἀπώμοτον
1336 1789 1431 1841 καὶ¹
1468 1787 1837 1858 ἀποτρόπαιον
1868 1787 1938 1840 τά

353 1898 413 1935 τε
467 1881 588 1952 ίερά
637 1881 947 1950 Εὑαγγέλια
998 1881 1093 1933 καὶ
1146 1883 1175 1934 6
1225 1879 1729 1949 εὐαγγελικώτατος
1780 1874 1934 1942 οὗτος

356 1969 604 2041 θεολόγος
630 1972 1013 2042 ἀποφαίνεται,
1051 1973 1230 2026 πάντα
1257 1973 1480 2042 φεύγειν
1518 1975 1680 2044 ὅρκον
1723 1991 1935 2046 παρεγ-

356 2063 525 2133 γυῶν,
576 2063 652 2128 ὡς
701 2064 984 2134 ἐπιορκίας
1031 2063 1347 2135 ὑπάρχοντα
1386 2065 1643 2136 πατέρα·
1695 2066 1782 2130 τίς
1827 2066 1936 2137 γάρ

357 2159 520 2228 ὅρκου
547 2156 802 2222 καθάπαξ
843 2159 1182 2229 ἀπεχόμενος
1217 2156 1533 2229 ἐπιώρκησε
1570 2155 1831 2224 πώποτε;
1880 2158 1938 2209 ’0

357 2252 414 2304 δὲ
448 2251 663 2321 ὀμνύων
688 2251 722 2321 ἢ
749 2250 808 2314 ἐξ
837 2251 1082 2318 ἀγνοίας,
1113 2251 1147 2320 ἢ
1180 2249 1244 2304 ἐκ
1269 2267 1412 2313 τινος
1444 2249 1702 2302 ἀκουσίου
1737 2249 1878 2319 βίας,
1904 2248 1938 2318 ἢ

361 2346 820 2415 καταφρονήσεως
858 2345 951 2395 καὶ
989 2341 1127 2395 Θεοῦ
1175 2341 1404 2411 ἀφοϐίας
1444 2342 1941 2412 παρακινούμενος.

362 2438 440 2501 εἰς
467 2435 751 2507 ἐπιορκίαν
783 2435 984 2488 ἐπίπαν
1010 2433 1364 2508 ὑποφέρεται,
1398 2435 1491 2487 καὶ
1520 2433 1692 2497 οὓτως
1723 2435 1751 2486 6
1780 2433 1943 2503 ὅρκος

364 2526 649 2598 ἐπιορκίας
677 2524 890 2595 γίνεται
937 2526 1142 2595 πατήρ.
1189 2524 1245 2577 '0
1277 2525 1373 2595 μὲν
1403 2520 1494 2576 οὖν
1519 2522 1750 2585 παλαιὸς
1784 2523 1946 2592 νόμος

362 2618 737 2690 ἀτελεπέροις
761 2615 1284 2688 προσδιαλεγόμενος
1310 2617 1366 2666 ἐν
1394 2615 1534 2677 θεοῖς
1555 2615 1648 2668 καὶ
1671 2613 1947 2683 δαίμοσιν,

365 2705 447 2774 οἷς
466 2709 778 2781 ἐλάτρευον,
805 2706 1025 2779 ὀμνύειν
1047 2705 1394 2776 εἰθισμένοις,
1419 2706 1605 2776 ὥσπερ
1623 2705 1720 2768 τὰς
1747 2703 1950 2766 ζωοθυ-

368 2803 487 2866 σίας
529 2804 608 2865 εἰς
637 2801 827 2855 ἐαυτὸν
870 2799 1101 2871 μεθιστᾷ
1125 2800 1223 2862 τὰς
1265 2797 1711 2866 εἰδωλολατρείας
1765 2795 1954 2849 ἐπικό-

369 2911 539 2958 πτων,
563 2893 706 2946 οὕτω
733 2893 827 2946 καὶ⁵
854 2893 978 2956 τοὺς
1013 2892 1230 2962 ὅρκους,
1255 2889 1440 2960 ἐπειδὴ
1459 2887 1711 2954 καθάπαξ
1744 2885 1952 2941 ἀνελεῖν

367 2989 467 3042 οὐκ
501 2981 613 3056 εἶχε
660 2984 874 3058 καιρὸν,
895 2984 1145 3054 μετάγων
1186 2983 1266 3045 είς
1299 2981 1389 3034 τὸν
1422 2981 1666 3044 Θεὸν,είς
1699 2979 1954 3050 εύορκίαν

368 3078 456 3132 τὸν
485 3078 646 3148 ὅρκον
679 3075 1026 3148 περιίστησιν
1048 3089 1066 3104 ο
1097 3072 1371 3141 εὐκαίρως
1399 3071 1456 3126 δὲ
1498 3074 1532 3141 ἡ
1564 3071 1728 3142 χάρις
1774 3067 1954 3139 Ἰησοῦ

370 3163 606 3234 Χριστοῦ
629 3205 643 3225 ,
682 3162 758 3226 ὡς
791 3162 819 3214 ὁ
844 3161 994 3232 ἥλιος
1024 3157 1481 3225 ἐξανατέλλουσα,
1527 3157 1622 3213 καὶ
1652 3156 1731 3228 τῷ
1777 3159 1952 3227 ὑπερ·-

371 3254 620 3311 6ἀλλοντι
663 3251 764 3322 τῆς
795 3251 1054 3322 ἀληθείας
1089 3250 1286 3319 φέγγει
1315 3251 1404 3303 τὸν
1433 3249 1624 3319 λύχνον
1654 3249 1747 3302 τοῦ
1785 3248 1951 3318 νόμου

373 3345 726 3418 καταργοῦσα
763 3344 820 3397 ἓν
871 3362 930 3397 τε
979 3348 1092 3407 τοῖς
1127 3344 1436 3414 θεαρχικοῖς
1471 3341 1859 3410 Εὑαγγελίοις,
1900 3339 1958 3393 ἐν

373 3456 432 3495 τε
471 3440 584 3504 τοῖς
617 3437 1000 3505 εὐαγγελικοῖς
1056 3437 1408 3507 ἱεροφάνταις
1432 3475 1446 3498 ,
1493 3435 1684 3505 ὥσπερ
1727 3432 1956 3487 καθόλου

376 3529 677 3595 ζωοθυσίαν
725 3530 928 3593 πᾶσαν,
978 3526 1122 3580 οὕτω
1162 3528 1256 3579 καὶ
1302 3527 1482 3580 πάντα
1531 3527 1692 3597 ὅρκον
1737 3524 1959 3594 φεύγειν

377 3623 631 3687 καθάπαξ
679 3619 1076 3691 παραγγέλλει.
1129 3619 1254 3682 Πῶς
1300 3613 1417 3681 οὖν,
1468 3618 1638 3688 φησι,
1690 3599 1960 3686 πείσομεν

377 3717 502 3778 τοὺς
540 3714 668 3784 περὶ
710 3705 786 3766 ὧν
828 3711 1097 3782 λαλοῦμεν
1138 3710 1615 3779 ἀμφιϐάλλοντας;
1659 3708 1818 3778 Λόγῳ
1861 3707 1960 3778 μὲν

376 3806 532 3876 δῆλον
559 3807 640 3858 ὅτι
668 3802 1156 3873 διαὸεϐαιούμενοι,
1188 3801 1281 3854 καὶ
1309 3800 1386 3871 τῷ
1409 3799 1595 3871 τρόπῳ
1621 3798 1678 3851 δέ
1705 3799 1807 3867 τῆς
1838 3796 1960 3850 κατ’

377 3901 581 3972 ἀρετὴν
616 3897 858 3970 βιώσεως
887 3896 984 3949 καὶ
1011 3893 1375 3964 ἀληθευτικῆς
1405 3892 1571 3955 ἕξεως
1615 3889 1962 3960 πιστουμένῳ

380 3991 477 4047 τοῦ
514 3991 675 4060 λόγου
703 3990 801 4060 τὴν
831 3986 1143 4059 ἀκρίϐειαν,
1174 3984 1408 4054 ἑτοίμως
1434 3983 1694 4051 ἐνάξομεν
1730 3981 1810 4043 είς
1838 3996 1964 4048 συγ-

383 4083 674 4138 κατάθεσιν
696 4096 708 4109 ·
738 4080 824 4143 τίς
859 4078 970 4148 γὰρ
994 4076 1152 4146 λόγον
1185 4075 1314 4147 παρ’
1340 4073 1532 4145 ἀνδρὸς
1565 4071 1800 4136 ἀκούων,
1835 4069 1967 4141 ἀλή-

382 4176 533 4229 θειαν
589 4175 676 4229 ἀεὶ
721 4172 1000 4233 ποιοῦντος
1047 4171 1140 4224 καὶ
1195 4166 1488 4229 λαλοῦντος
1515 4206 1530 4228 ,
1578 4164 1884 4230 ἀντιλέγειν
1929 4162 1963 4234 ἢ

381 4271 632 4324 ἀπιστεῖν
669 4266 822 4338 ἐχοι;
860 4266 972 4321 Καὶ
997 4263 1112 4334 γάρ
1150 4254 1194 4329 ᾧ
1238 4257 1565 4330 φιλοψευδὴς
1594 4258 1622 4309 ὁ
1646 4254 1847 4327 τρόπος
1873 4255 1969 4307 καὶ

385 4362 826 4433 φιλαμαρτήμων
873 4357 995 4420 ὅλος
1019 4358 1048 4408 6
1096 4353 1207 4425 βίος
1241 4348 1610 4422 χρηματίζει,
1645 4344 1821 4413 τούτῳ
1857 4342 1966 4395 οὐδ’

384 4453 645 4525 ὀμνύοντι
679 4454 808 4524 ῥᾷον
839 4450 906 4504 ἀν
934 4467 1018 4512 τις
1059 4444 1420 4519 ἐμπιστεύσαι
1439 4460 1453 4476 σ
1483 4433 1638 4503 οὗτος
1669 4437 1763 4491 καὶ
1808 4438 1970 4507 ἀρνη-

382 4551 483 4617 τής
508 4549 625 4600 ἐστι
659 4546 752 4598 καὶ
777 4542 1089 4614 ἐμπαίκτης
1121 4537 1256 4591 Θεοῦ
1292 4535 1388 4590 καὶ¹
1419 4526 1968 4601 καταφρονητὴς,καὶ

385 4641 487 4709 τῆς
529 4639 810 4709 ἀρνήσεως
842 4635 1064 4704 ἐλεγχος
1094 4633 1130 4702 ἡ
1163 4628 1480 4701 ψευδορκία.
1524 4626 1617 4688 Εἰς
1649 4622 1701 4674 τί
1730 4621 1841 4691 γάρ
1887 4634 1970 4672 σοι

387 4731 620 4802 ὀμνύναι
641 4731 733 4782 τὸν
765 4729 898 4781 Θεὸν
919 4727 1014 4780 καὶ
1036 4725 1096 4778 τὸ
1122 4721 1352 4793 φοϐερὸν
1378 4720 1548 4789 ὄνομα
1570 4716 1666 4770 καὶ
1696 4713 1971 4784 οὐρανίοις

388 4828 563 4883 ἅπασι
607 4822 748 4885 νόοις
802 4816 1243 4890 φρικωδέστατον
1281 4831 1340 4867 τε
1380 4813 1478 4867 καὶ
1518 4806 1969 4877 σεδασμιώτατον

389 4920 483 4973 ἐπὶ
521 4914 771 4988 ματαίοις
802 4909 1212 4981 παρειλῆφθαι;
1250 4907 1314 4959 Ei
1345 4905 1409 4976 δὴ
1441 4904 1536 4960 καὶ
1569 4901 1697 4974 περὶ
1739 4899 1848 4952 τῶν
1887 4900 1968 4962 είς

392 5007 668 5080 σωτηρίαν
701 5002 1020 5072 ἀναγκαίων
1067 5017 1150 5053 σοι
1183 5000 1211 5051 6
1251 4997 1412 5065 λόγος
1453 4995 1540 5064 εῐη
1566 5035 1579 5056 ,
1610 4996 1638 5046 6
1681 4991 1882 5064 τρόπος
1916 4992 1975 5042 ὲν

397 5104 547 5176 μέσῳ
573 5095 1144 5168 παραλαμῦανόμενος
1167 5091 1474 5161 ἀποχρήσει
1506 5086 1584 5156 τῷ
1618 5084 1806 5139 ἀσεϐεῖ
1839 5081 1975 5152 πρὸς

392 5197 597 5249 πίστιν.
631 5190 762 5245 Οἶδα
802 5192 896 5244 καὶ
927 5191 1228 5259 πέπεισμαι
1271 5189 1329 5240 ἐν
1360 5182 1581 5252 Χριστῷ
1629 5178 1804 5250 Ἰησοῦ
1827 5194 1840 5207 ·
1886 5176 1979 5228 καὶ

403 5288 585 5347 πάλιν,
617 5280 1055 5353 Ἀλήθειανλέγω
1072 5281 1128 5332 ἐν
1147 5276 1364 5351 Χριστῷ
1391 5275 1586 5345 Ἰησοῦ,
1602 5275 1664 5328 οὐ
1688 5273 1972 5344 ψεύδομαι,

399 5382 427 5431 ὁ
444 5380 544 5447 τῆς
566 5372 825 5444 ἀληθείας
856 5370 1173 5432 Ἀπόστολός
1188 5384 1367 5440 φησιν·
1391 5367 1486 5420 καὶ
1504 5365 1679 5435 τοῦτῳ
1699 5365 1776 5436 τῷ
1792 5365 1979 5438 τρόπῳ

402 5471 492 5524 τὸν
543 5468 700 5536 λόγον
757 5465 922 5520 αὑτοῦ
973 5459 1486 5530 πιστοποιούμενος,
1536 5458 1711 5512 πάντα
1757 5458 1977 5530 δημώδη

404 5566 566 5627 ὅρκον
597 5560 984 5629 ἀποτρέπεται.

405 5650 501 5705 173
534 5648 597 5702 Τί
626 5645 1032 5717 χρηστότητος
1062 5639 1254 5709 δόγμα
1281 5634 1774 5705 συντομώτατονς

470 5739 767 5796 Sermones
799 5737 870 5792 de
911 5734 1182 5789 charitatc
1226 5737 1281 5785 et
1313 5729 1606 5784 dilectione
1632 5739 1772 5794 quos
1800 5723 1975 5778 sancti

1371 381 1438 437 IN
1476 385 1781 442 CARMINA
1820 391 2096 449 ARCANA
2134 393 2191 450 S.
2233 393 2584 451 GREGORII.

3506 393 3610 450 826

2031 516 2350 584 vinolentia,
2381 531 2642 588 praeterea
2673 517 2875 572 invidia
2914 527 3143 572 mortem
3190 515 3460 570 meditans
3492 531 3612 583 qua:

2032 621 2118 664 est
2145 613 2239 665 irae
2274 611 2608 666 incentivum
2655 619 2710 667 et
2757 611 2966 676 rabies;
3013 609 3171 680 longe
3200 625 3229 662 a
3257 609 3400 663 bono
3435 621 3612 661 remo-

2031 708 2183 764 vent,
2235 702 2432 756 horum
2491 701 2924 771 unumquodque
2973 701 3272 754 dmmonem
3326 698 3610 766 impellen-

2034 797 2144 844 tem
2172 799 2223 846 et
2249 792 2554 846 studiosum
2592 795 2847 846 sortitum
2889 802 2974 846 est
3022 793 3160 844 clam
3206 788 3611 859 aggredientem

2036 897 2132 934 eos
2151 883 2243 951 qui
2275 897 2334 936 se
2365 882 2453 938 his
2485 883 2763 951 obsignari
2787 883 2999 946 sinunt,
3026 882 3228 950 quibus
3251 878 3612 947 intelligentia

2036 974 2390 1028 obnubilatur
2418 982 2472 1029 et
2501 987 2649 1029 recta
2681 975 2820 1028 ratio
2853 974 3078 1027 tollitur.
3111 973 3242 1038 Quae
3262 986 3390 1040 ergo
3416 970 3612 1022 horum

2038 1064 2311 1119 medicina
2343 1072 2399 1119 et
2429 1065 2601 1119 cura?
2639 1065 2986 1119 mortiﬁcatio
3030 1063 3280 1133 corporis
3331 1077 3427 1130 per
3474 1060 3617 1129 jeju-

2037 1156 2189 1210 nium
2224 1164 2281 1210 et
2316 1156 2550 1227 vigilias,
2589 1158 2832 1225 precatio
2864 1156 3086 1211 assidua
3125 1164 3181 1210 et
3216 1154 3282 1207 ad
3326 1152 3614 1206 Dominum

2039 1246 2249 1315 prolixe
2276 1247 2529 1317 supplex,
2564 1248 2819 1317 lacrymae
2851 1263 2882 1302 e
2925 1255 3117 1301 sancta
3141 1253 3195 1299 et
3222 1245 3436 1298 sincera
3467 1259 3620 1298 com-

2040 1338 2337 1407 punetione
2372 1347 2426 1395 et
2455 1341 2772 1410 paenitentia
2816 1341 2885 1393 ab
2925 1341 3102 1395 oculis
3149 1338 3422 1393 stillantes
3457 1355 3468 1389 :
3505 1336 3618 1388 haec

2040 1440 2170 1486 sunt
2201 1434 2517 1488 morborum
2557 1450 2800 1487 meorum
2836 1432 3075 1487 remedia
3115 1431 3376 1487 salutaria
3405 1441 3458 1483 et
3496 1443 3618 1483 cor-

2039 1526 2125 1581 dis
2160 1525 2539 1581 iniirmitatum
2579 1525 2810 1580 medela.

2044 1700 2147 1756 169
2189 1701 2358 1756 Omne
2374 1700 2763 1771 jusjurandum
2795 1699 2938 1770 fuge.

2113 1789 2368 1846 Profecto
2393 1790 2778 1860 jusjurandum
2814 1790 3128 1859 fugiendum
3161 1801 3214 1844 et
3238 1789 3624 1845 detestandum

2044 1893 2158 1937 tum
2191 1897 2351 1936 sacra
2382 1882 2701 1950 Evangelia,
2738 1889 2851 1933 tum
2885 1880 3178 1952 Evangelia
3210 1881 3366 1935 valde
3390 1897 3624 1936 consen-

2039 1973 2180 2026 tiens
2215 1973 2306 2025 ille
2329 1969 2642 2039 Theologus
2689 1972 2914 2035 revelat,
2963 1971 3203 2026 suadens
3249 1982 3308 2025 ut
3343 1972 3627 2041 jusjuran-

2038 2062 2166 2116 dum
2198 2077 2358 2117 omne
2390 2072 2651 2130 tanquam
2683 2061 2908 2132 perjurii
2942 2074 3149 2131 patrem
3185 2063 3462 2128 vitemus;
3501 2064 3625 2132 quis

2039 2155 2185 2208 enim
2228 2169 2257 2208 a
2285 2154 2647 2223 jurejurando
2681 2154 2849 2209 semel
2897 2153 3183 2209 abStinens
3226 2155 3490 2224 pejeravit
3530 2172 3630 2208 un-

2043 2247 2242 2316 quam?
2282 2246 2388 2300 Sed
2433 2246 2526 2316 qui
2570 2245 2724 2315 jurat
2772 2247 2888 2302 sive
2935 2247 3179 2313 inscitia,
3209 2249 3327 2300 sive
3368 2246 3631 2301 violentia

2044 2337 2280 2409 quadam
2322 2339 2524 2403 invita,
2572 2337 2687 2393 sive
2738 2346 3057 2409 contemptu
3108 2339 3226 2394 sive
3273 2338 3488 2392 timoris
3539 2337 3630 2392 Dei

2045 2428 2259 2486 defectu
2287 2429 2544 2495 motus,in
2566 2429 2871 2500 perjnrium
2897 2431 3219 2500 plerumque
3249 2429 3551 2494 inducitur,
3579 2438 3634 2482 et

2048 2523 2130 2579 sic
2152 2519 2542 2592 jusjurandum
2589 2521 2817 2591 perjurii
2851 2521 2908 2574 [it
2939 2531 3112 2591 pater.
3147 2521 3316 2590 Igitur
3354 2520 3441 2575 lex
3478 2531 3634 2574 vetus

2049 2613 2386 2685 imperfectis
2432 2613 2736 2684 proposita,
2784 2614 2880 2683 qui
2935 2629 3031 2683 per
3081 2612 3215 2668 deos
3265 2623 3318 2668 et
3361 2612 3638 2666 daemones

2051 2725 2191 2780 quos
2221 2707 2526 2762 adorabant
2567 2707 2758 2778 jurare
2807 2713 3235 2768 consueverant,
3290 2703 3638 2759 mactationi-

2054 2802 2158 2856 bus
2181 2800 2498 2854 animalium
2545 2809 2738 2853 contra
2781 2799 2954 2870 legem
3007 2798 3279 2852 assimilat
3309 2813 3427 2861 eos,
3461 2796 3640 2851 idolo-

2053 2893 2270 2947 latriam
2305 2891 2641 2961 reprimens;
2678 2891 2760 2945 sic
2789 2899 2844 2945 et
2889 2890 3226 2958 juramenta,
3261 2889 3389 2942 dum
3424 2887 3649 2957 penitus

2056 2983 2275 3040 auferre
2309 2998 2419 3038 non
2444 2989 2812 3050 opportunum
2837 2982 3051 3043 habuit,
3083 2979 3328 3035 referens
3355 2980 3421 3034 ad
3451 2979 3640 3044 Deum,

2058 3076 2123 3130 ad
2181 3075 2500 3145 religiosum
2556 3074 2948 3143 jusjurandum
3001 3073 3267 3127 restituit.
3325 3071 3647 3141 Opportune

2059 3177 2241 3220 autem
2277 3166 2452 3235 gratia
2485 3162 2617 3219 Jesu
2649 3164 2860 3218 Christi
2906 3164 3050 3218 sicut
3087 3163 3170 3217 sol
3211 3163 3398 3219 oriens
3429 3170 3485 3216 et
3507 3161 3647 3215 vivi-

2058 3258 2200 3313 diori
2225 3258 2473 3312 veritatis
2506 3258 2627 3312 luce
2657 3258 2792 3328 legis
2822 3258 3102 3311 lucernam
3137 3269 3500 3325 exsuperans,
3535 3265 3653 3308 tum

2060 3352 2117 3406 in
2156 3352 2357 3407 divinis
2387 3351 2723 3422 Evangeliis,
2767 3361 2879 3404 tum
2926 3351 2981 3405 in
3027 3350 3363 3420 evangelicis
3401 3347 3648 3402 doctori-

2061 3442 2184 3506 bus,
2235 3443 2380 3496 sicut
2430 3456 2648 3495 omnem
2699 3440 3021 3494 animalium
3068 3454 3298 3510 prorsus
3340 3438 3648 3502 victimam,

2063 3536 2143 3589 sic
2172 3543 2227 3589 et
2259 3549 2423 3588 omne
2456 3534 2832 3604 juramentum
2870 3549 2979 3587 una
3018 3532 3140 3602 lege
3178 3530 3472 3600 explodere
3506 3544 3655 3598 pra:-

2063 3626 2279 3682 scribit.
2300 3625 2587 3692 Quomodo
2615 3639 2768 3695 ergo,
2801 3624 3002 3694 inquit,
3032 3623 3192 3678 fidem
3223 3622 3504 3677 interillos
3525 3633 3659 3673 cum

2062 3720 2264 3789 quibus
2299 3718 2579 3787 loquimur
2625 3716 3032 3772 obtinebimus?
3071 3715 3222 3768 Patet
3253 3713 3472 3784 quidem
3507 3711 3660 3781 quod

2064 3813 2232 3866 verbo
2274 3826 2404 3864 vero
2449 3810 2679 3865 stabiles
2728 3817 2783 3864 et
2819 3807 3038 3863 vivendi
3088 3807 3303 3860 ratione
3344 3807 3664 3858 secundum-

2065 3903 2324 3956 virtutem
2370 3908 2424 3956 et
2457 3916 2710 3956 veracem
2765 3915 2976 3954 murem
3028 3899 3185 3950 Iidem
3237 3896 3496 3959 faciente,
3540 3909 3651 3948 ser-

2068 3994 2247 4049 monis
2310 3993 2650 4047 accurationi
2723 3999 2848 4060 apte
2919 4004 3279 4059 assequemur
3345 4001 3666 4041 assensum.

2067 4087 2204 4154 Quis
2238 4086 2384 4141 enim
2427 4100 2739 4140 sermonem
2787 4083 2889 4136 viri
2934 4081 3164 4136 audiens
3207 4095 3424 4150 semper
3453 4077 3670 4132 verita--

2069 4190 2176 4235 tem
2211 4180 2464 4234 facientis
2512 4187 2566 4233 et
2615 4178 2873 4236 dicentis,
2923 4174 3304 4230 obsistendum
3359 4180 3455 4226 aut
3497 4168 3659 4225 dubi-

2068 4273 2297 4326 tandum
2339 4269 2636 4325 habuerit?
2680 4270 2753 4324 sit
2795 4269 2883 4321 cui
2924 4284 3042 4322 IlIOS
3076 4265 3423 4319 mendacium
3467 4261 3661 4317 fovens

2069 4372 2126 4417 et
2158 4361 2397 4430 peccatis
2449 4368 2560 4413 tota
2592 4359 2702 4412 vita
2732 4357 3043 4428 indulgens,
3068 4355 3160 4411 isti
3191 4354 3275 4410 vel
3306 4353 3516 4424 juranti
3546 4367 3657 4406 non

2073 4453 2237 4510 facile
2270 4451 2578 4506 conﬁderet
2617 4450 2798 4520 quivis
2833 4469 2845 4501 :
2892 4464 3026 4504 ecce
3074 4462 3282 4518 negans
3324 4455 3379 4500 et
3423 4443 3665 4499 irridens

2080 4545 2245 4601 Deum
2279 4555 2333 4601 et
2362 4552 2728 4614 contemptor,
2779 4549 2834 4597 et
2887 4541 3236 4609 negationem
3281 4545 3519 4591 testatur
3559 4535 3663 4590 fal-

2080 4655 2201 4696 sum
2229 4639 2628 4708 juramentum.
2660 4635 2742 4690 Ad
2787 4632 2919 4704 quid
2955 4632 3104 4687 enim
3142 4631 3238 4686 tibi
3279 4629 3446 4684 Deum
3473 4629 3665 4698 jurare

2076 4740 2131 4785 et
2163 4727 2507 4785 tremendum
2545 4742 2764 4790 nomen,
2809 4724 3129 4779 coalestibus
3175 4721 3432 4775 onmihus
3463 4719 3667 4773 intelli-

2075 4825 2275 4895 gentiis
2305 4819 2657 4876 metuendum
2688 4828 2741 4872 et
2770 4815 3148 4879 reverendum,
3171 4815 3225 4868 in
3263 4829 3463 4867 vanum
3505 4827 3670 4865 assu-

2077 4915 2260 4971 mere?
2286 4913 2344 4968 Si
2375 4914 2443 4968 de
2477 4910 2810 4967 necessariis
2839 4909 2907 4962 ad
2953 4909 3184 4962 salutem
3222 4906 3316 4960 tibi
3352 4921 3534 4960 sermo
3561 4911 3674 4967 est,

2078 5005 2278 5061 tnodus
2316 5004 2372 5058 in
2411 5003 2592 5058 medio
2641 5001 2961 5072 propositus
3014 4998 3180 5068 impio
3220 4997 3290 5051 ad
3321 4996 3478 5052 (idem
3513 4993 3666 5049 suiIi-

2079 5098 2207 5152 ciet.
2246 5094 2384 5150 Novi
2416 5103 2471 5150 et
2511 5109 2836 5166 persuasum
2872 5093 3047 5146 habeo
3085 5091 3137 5144 in
3165 5091 3386 5145 Christo
3416 5088 3544 5144 Jesu
3570 5105 3584 5153 ;
3614 5097 3670 5142 et

2081 5205 2324 5259 rursum,
2345 5187 2631 5242 Veritatem
2652 5185 2774 5240 dico
2803 5186 2857 5238 in
2877 5183 3092 5238 Christo
3111 5182 3262 5245 Iesu,
3293 5199 3394 5234 non
3421 5180 3669 5243 memior,

2083 5283 2217 5337 dicit
2256 5280 2504 5335 veritatis
2539 5279 2837 5349 Apostolus
2870 5274 2919 5347 (Ι
2962 5274 3096 5328 Tim.
3139 5289 3196 5338 ll,
3226 5272 3320 5343 7);
3360 5273 3464 5326 hoc
3504 5269 3676 5332 modo

2085 5388 2390 5430 sermonem
2433 5387 2592 5427 suum
2627 5369 2729 5424 ﬁde
2757 5368 2982 5438 dignum
3027 5365 3282 5431 reddens,
3322 5378 3484 5419 omne
3517 5377 3669 5416 com-

2086 5484 2252 5524 mune
2286 5467 2656 5536 juramentmn
2690 5463 2910 5516 avertit.

2142 5627 2245 5681 ΗΞ
2288 5624 2502 5696 Ecquod
2529 5625 2844 5694 benignitate
2868 5629 3183 5690 praeceptum
3217 5618 3460 5672 brevius?

2157 5723 2219 5775 Οἱ
2263 5719 2358 5791 μὲν
2396 5719 2525 5791 περῖ¹
2564 5716 2973 5790 φιλανθρωπίας
3002 5715 3098 5770 καὶ
3128 5711 3350 5784 ἀγάπης
3377 5709 3528 5780 λόγοι
3561 5710 3678 5773 τοῖς

474 5857 616 5929 lii-9)
652 5857 872 5924 Ὅρκον
892 5848 962 5905 δὲ
990 5847 1174 5921 φεῦγε
1205 5851 1293 5902 est
1319 5840 1731 5900 hemistichium
1761 5837 1950 5895 Menan

2056 5879 2058 5890 ν
2088 5838 2324 5894 Scnteut.
2355 5834 2549 5905 singul.
