4108 6376
443 433 556 490 827

445 546 686 617 theologi
731 546 926 616 partim
985 545 1318 613 habuerunt,
1371 547 1528 602 multi
1577 555 1728 611 sunt,
1779 557 1835 602 et
1866 563 2034 618 supra

1792 429 2089 488 NICETAS
2143 428 2353 486 DAVID

3619 421 3722 479 82$

2145 548 2309 618 ἱεροῖς
2337 543 2610 614 θεολόγοις
2643 543 2782 598 κατά
2817 543 2980 616 μέρος
3021 537 3510 612 ὑπαγορευόμενοι,
3540 529 3726 590 πολλοί

451 655 745 694 numerum
779 654 791 689 :
830 638 1087 694 universe
1118 654 1247 694 vero
1273 647 1326 694 et
1352 639 1666 693 summatim
1697 639 1765 694 de
1795 639 2036 695 bonitate

2162 656 2198 691 re
2229 638 2598 709 καθεστήκασι
2631 638 2726 691 καὶ¹
2753 637 2890 708 ὑπὲρ
2915 634 3177 707 ἀριθμόν·
3213 629 3516 701 ὁλοσχερῶς
3538 628 3594 681 δὲ
3618 625 3725 696 φά-

448 727 892 798 intelligendum,
925 728 1041 783 haec
1070 737 1155 784 est
1189 731 1459 785 sententia
1491 729 1828 785 abbreviata.
1864 731 2035 796 Talis,

453 820 652 890 inquit,
675 819 754 874 sis
782 820 974 874 amicis
1010 821 1121 875 tuis
1141 829 1195 875 et
1218 821 1437 882 vicinis,
1468 808 1660 889 quales
1689 820 1890 876 eos‘vis
1915 836 2039 878 esse

453 913 580 973 tibi;
627 913 806 967 simile
841 911 972 965 illud
1005 912 1321 982 evangelico
1351 920 1625 982 pmcepto
1667 913 2040 982 pronuntiavit

453 1004 660 1057 dicenti
704 1023 716 1058 :
757 1003 955 1057 Omnia
997 1021 1317 1074 quwcunque
1349 1006 1509 1058 vultis
1543 1014 1601 1058 ut
1641 1005 1844 1075 faciant
1895 1006 2040 1060 vobis

453 1096 714 1158 homines,
735 1107 784 1150 et
815 1114 902 1152 vos
935 1098 1183 1150 similiter
1211 1098 1371 1166 facile
1392 1099 1504 1152 illis
1539 1098 1755 1167 (Matth.
1791 1114 1887 1164 vn,
1917 1099 2038 1166 12);

455 1198 862 1259 consequenter
900 1196 955 1244 et
1004 1189 1137 1243 illud
1180 1190 1234 1244 in
1295 1190 1577 1246 Dominico
1611 1201 1884 1264 praecepto
1929 1202 2042 1250 sta-

456 1282 650 1348 tuitur,
689 1282 922 1345 scilicet,
956 1283 1139 1337 omnia
1162 1300 1502 1354 quaecunque
1523 1287 1708 1343 nolitis
1740 1303 1769 1340 a
1797 1288 2043 1358 proximo

458 1376 574 1430 ﬁeri
604 1375 780 1440 vobis,
823 1389 926 1430 nec
975 1391 1070 1430 vos
1117 1376 1279 1431 facite
1317 1378 1447 1433 illis.
1478 1377 1676 1432 Adhuc
1702 1387 1756 1433 et
1786 1387 1911 1449 post
1941 1379 2043 1432 hoc

461 1468 727 1522 bonitatis
757 1468 1028 1522 sententia
1062 1469 1232 1539 magis
1265 1469 1581 1524 abbreviata
1609 1471 2044 1541 suntpassiones

461 1559 668 1614 Christi
702 1575 842 1630 quas
876 1570 1098 1631 propter
1137 1578 1239 1617 nos
1270 1562 1449 1616 adhuc
1503 1563 1700 1633 impios
1750 1578 2045 1633 perpessus

464 1660 628 1718 est,et
657 1667 999 1724 quaecunque
1047 1657 1341 1726 opprobria
1385 1665 1439 1712 et
1492 1657 1722 1712 vulnera
1773 1658 1828 1711 in
1881 1673 2047 1713 cruce

461 1743 622 1810 tulit;
651 1761 772 1813 quae
799 1746 892 1815 qui
953 1747 1009 1801 in
1055 1749 1318 1804 memoria
1370 1749 1537 1804 habet
1585 1765 1804 1820 semper
1827 1756 1882 1805 et
1915 1759 2044 1805 ante

467 1837 659 1890 oculos
688 1837 791 1891 sibi
823 1841 1116 1907 proponit;
1149 1841 1298 1894 mitis
1319 1840 1546 1896 eil‘ectus
1567 1850 1620 1896 et
1643 1844 1785 1896 mala
1811 1843 2048 1897 tolerare

462 1935 690 1994 paratus
739 1929 806 1982 ad
855 1930 1176 1986 charitatem
1210 1948 1338 2004 erga
1381 1935 1690 2004 proximum
1719 1944 1773 1990 et
1799 1933 2047 1989 dilectio-

464 2033 588 2073 nem
615 2019 868 2076 similiter
890 2022 1183 2078 excitatur.

465 2191 572 2245 177
609 2191 788 2246 Fideli
814 2195 987 2249 amico
1016 2195 1150 2249 nihil
1176 2211 1276 2264 par
1301 2213 1414 2250 esse
1442 2197 1713 2251 existima.

539 2283 760 2342 Venalis
785 2297 868 2342 est
898 2289 1109 2343 amicus
1142 2305 1343 2344 mensae
1374 2297 1427 2342 et
1455 2291 1660 2359 gaudii,
1696 2291 1798 2346 iste
1828 2290 2048 2348 inﬁdus.

463 2373 586 2428 Jam
623 2377 912 2433 deﬁciente
969 2381 1210 2434 convivii
1254 2382 1602 2450 iucunditate
1652 2391 1707 2438 et
1757 2387 2053 2457 voluptatis

464 2469 794 2524 delectantis
823 2479 878 2524 et
921 2472 1039 2541 ipse
1069 2472 1273 2528 deﬁcit.
1310 2474 1408 2529 Est
1441 2477 1653 2532 amicus
1703 2494 1864 2546 quem
1926 2495 2054 2549 ege-

463 2571 584 2615 stas
607 2561 837 2616 attrahit
865 2571 916 2618 et
948 2562 1016 2616 ad
1047 2563 1203 2632 juxta
1240 2566 1537 2620 sedendum
1565 2567 1757 2630 allicit,
1777 2568 1976 2623 inﬁdus
2001 2576 2056 2623 et

470 2651 596 2716 iste,
627 2660 870 2721 egestate
893 2656 1039 2707 enim
1068 2655 1305 2711 abeunte
1336 2668 1389 2709 et
1428 2655 1546 2725 ipse
1576 2656 1865 2711 confestim
1897 2658 2051 2712 abiit.

467 2739 568 2798 Ilis
613 2743 1026 2812 prsetermissis,
1058 2754 1143 2800 est
1183 2748 1391 2803 amicus
1443 2756 1664 2818 pr0pter
1690 2750 1943 2802 virtutem
2001 2758 2058 2803 et

476 2834 568 2890 Dei
614 2837 844 2891 verbum
894 2838 1148 2903 obvians,
1201 2839 1304 2894 iste
1356 2839 1496 2894 ﬁdus
1532 2856 1693 2909 quem
1729 2857 1835 2894 non
1869 2857 2056 2896 mensa

471 2937 568 2981 aut
605 2930 984 2982 conviviorum
1033 2929 1291 2984 illecchra
1335 2932 1576 2986 ostendit
1608 2928 1738 3002 (hoc
1770 2932 2055 3003 scyphus),

466 3021 568 3090 qui
614 3037 724 3075 non
778 3022 1039 3092 egestatis
1091 3038 1259 3077 causa
1315 3024 1565 3078 assidens
1617 3032 1670 3079 et
1729 3028 2056 3094 parasitans,

470 3127 821 3182 quaecunque
851 3114 915 3166 ad
948 3116 1180 3184 gratiam
1216 3123 1269 3169 et
1297 3117 1448 3170 auris
1494 3115 1825 3170 lenocinium
1861 3132 2057 3170 vanum

470 3220 604 3258 cum
639 3206 708 3260 iis
742 3206 833 3274 qui
867 3206 1046 3274 ipsum
1070 3205 1324 3276 diligunt,
1356 3218 1748 3275 conversatur;
1779 3209 1872 3263 sed
1907 3225 2058 3278 qure-

469 3312 695 3366 cunque
736 3298 890 3350 utilia
945 3309 1094 3363 sunt,
1145 3314 1487 3369 quaecunque
1520 3300 1720 3355 decent
1769 3310 1822 3354 et
1871 3317 2057 3354 coram

483 3388 590 3442 Deo
620 3389 922 3458 expediunt
965 3390 1229 3444 consulit.
1291 3389 1392 3444 Hic
1437 3391 1650 3445 amicus
1706 3390 1846 3447 ﬁdus
1900 3407 2061 3460 quem

476 3486 783 3548 tempestas
811 3487 867 3534 et
912 3481 1143 3534 tentatio
1191 3487 1286 3534 aut
1333 3489 1558 3551 pr0pter
1589 3481 1842 3551 pietatem
1876 3499 2063 3552 perse-

475 3570 632 3623 cutio
672 3570 934 3625 ostendit.
977 3570 1119 3625 Huic
1153 3571 1290 3625 nihil
1333 3579 1420 3626 est
1467 3571 1915 3641 aaquiparandum
1969 3589 2065 3627 su-

478 3676 581 3732 per
610 3669 838 3727 terram,
887 3662 1026 3716 nihil
1080 3662 1460 3718 honorabilius
1508 3663 1650 3718 inter
1695 3664 2064 3730 honorabilia,

486 3754 621 3807 nihil
657 3755 803 3810 inter
825 3755 1084 3810 amabilia
1117 3755 1408 3811 amabilius
1440 3755 1602 3826 digne
1629 3763 1864 3811 testante
1896 3755 2068 3810 verbo

482 3852 702 3898 sancto.
736 3843 1044 3899 lnimicitia:
1074 3845 1240 3916 igitur
1292 3860 1436 3916 saepe
1466 3861 1532 3900 ex
1572 3845 1806 3901 diversis
1847 3845 2068 3900 casibus

487 3939 950 4008 supervenientis,
977 3941 1196 4009 regulas
1230 3939 1453 4009 dignum
1495 3945 1579 3993 est
1609 3939 1852 3993 amicitia
1882 3955 2065 4006 nosse,

484 4039 540 4086 et
571 4031 810 4101 pondere
855 4039 910 4086 et
956 4040 1204 4102 tempore
1249 4040 1563 4101 opportuno
1613 4031 1922 4087 discordias
1956 4033 2069 4086 dis-

484 4137 732 4185 Cernere,
763 4123 1021 4176 amicitiae
1044 4131 1225 4177 autem
1254 4123 1456 4177 limites
1478 4123 1705 4177 minime
1737 4139 2071 4193 cognoscere

484 4222 722 4285 oportet.
757 4213 877 4285 Ipsa
922 4222 1008 4271 est
1053 4215 1201 4270 enim
1257 4215 1311 4268 in
1365 4215 1570 4268 Christi
1626 4213 1920 4270 dilectione
1951 4231 2072 4286 qua:

490 4321 766 4376 nunquam
803 4306 1031 4359 excidit.

489 4418 583 4472 181
620 4417 828 4471 Cretera
858 4419 1037 4472 videns
1069 4418 1254 4474 oculus
1285 4435 1339 4474 se
1366 4435 1470 4474 non
1501 4419 1656 4473 videt.

559 4530 764 4586 Oculus
814 4533 1066 4600 corporis
1099 4533 1339 4603 seipsum
1385 4534 1714 4589 naturaliter
1744 4534 1928 4590 videre
1974 4549 2071 4589 ne-

487 4623 629 4694 quit,
669 4639 791 4693 qua:
825 4637 956 4678 vero
993 4633 1146 4678 extra
1195 4625 1372 4693 ipsum
1412 4631 1466 4679 et
1514 4625 1662 4678 circa
1697 4625 1876 4696 ipsum
1919 4635 2069 4692 sunt,

372 4777 388 4793 '
489 4725 763 4787 quotquot
815 4731 999 4770 coram
1045 4733 1110 4771 eo
1165 4720 1386 4782 adsunt,
1430 4717 1670 4774 efﬁcacia
1718 4719 1871 4774 visus
1921 4736 2068 4774 com-

491 4810 804 4882 prehendit.
834 4808 890 4862 Si
921 4826 1043 4879 quae
1073 4820 1256 4866 autem
1290 4813 1496 4882 gramia
1521 4819 1616 4865 aut
1649 4813 1848 4882 albugo
1881 4812 2074 4882 prodat

487 4912 542 4957 et
574 4903 801 4958 sanitati
842 4910 1062 4968 noceat,
1087 4917 1188 4957 nec
1223 4903 1328 4956 alia
1361 4902 1548 4957 videre
1568 4903 1712 4957 valet
1735 4904 1878 4958 sicut
1909 4919 2074 4974 opor-

486 5004 586 5050 tet.
615 4995 821 5049 Eodem
852 4995 1016 5051 modo
1035 5003 1090 5051 et
1127 4995 1366 5051 hominis
1399 4996 1627 5066 spiritus
1655 4996 1866 5066 absque
1890 4997 2078 5052 labore

485 5105 610 5158 quae
633 5089 926 5158 subjacent
958 5089 1107 5143 videt
1139 5089 1394 5144 veritatis
1425 5090 1929 5158 contemplatione;
1960 5105 2076 5160 pro.

491 5182 623 5236 ximi
681 5182 933 5238 defectus
981 5191 1036 5238 et
1081 5192 1306 5252 peccata
1369 5182 1568 5251 aspicit
1614 5190 1710 5236 aut
1760 5183 2075 5252 investigat,

491 5290 590 5329 nec
625 5289 769 5344 saepe
815 5274 989 5342 juste,
1033 5275 1213 5344 ipsum
1258 5275 1712 5330 obnubilantibus
1755 5273 2077 5342 cupiditati-

491 5369 593 5422 bus
626 5368 902 5438 propriis;
934 5384 1059 5438 qua:
1088 5382 1220 5422 vero
1257 5367 1478 5438 propria
1516 5375 1645 5422 sunt
1683 5381 1748 5421 eo
1777 5365 1952 5435 magis
1983 5381 2078 5420 co-

490 5475 761 5528 gnoscere
795 5475 904 5515 non
944 5471 1216 5530 pervenit,
1255 5468 1462 5529 quanto
1497 5462 1674 5529 magis
1710 5459 1944 5527 propriis
1988 5474 2080 5511 cu-

490 5552 816 5620 piditatibus
863 5553 1210 5608 incrassatus
1251 5553 1584 5607 obcaecatur.
1622 5550 1746 5604 Ideo
1776 5550 1842 5603 ad
1890 5551 2076 5604 omnia

491 5644 590 5698 tibi
623 5645 717 5714 qui
751 5645 879 5700 talis
927 5661 988 5700 es
1017 5660 1158 5715 opus
1187 5652 1273 5700 est
1314 5643 1636 5700 consiliario
1679 5642 1773 5712 qui
1812 5643 1942 5698 utile
1975 5644 2074 5698 do-

489 5743 615 5789 ceat
667 5747 722 5790 et
770 5738 824 5790 in
871 5736 1315 5793 recordationem
1364 5735 1739 5792 faciendorum
1809 5735 2073 5804 inducat;

487 5839 621 5880 nam
660 5842 779 5894 qua:
817 5844 1022 5899 corpus
1069 5827 1275 5884 creavit
1320 5828 1587 5899 sapientia
1637 5837 1691 5885 et
1729 5827 2073 5900 providentia

563 5917 686 5991 (10)
726 5921 860 5977 Cod.
889 5922 1124 6002 δυνάμη.

2140 748 2228 786 ναι
2265 731 2386 802 ἢτοι
2423 727 2810 799 κεφαλαιωδῶς
2851 729 2981 799 περὶ
3025 724 3391 797 χρηστότητος
3428 719 3728 784 διαλαϐεῖν,

2139 822 2296 876 τοῦτό
2327 823 2442 874 ἐστι
2473 821 2648 890 δόγμα
2680 815 3405 890 συντομώτατον.Τοιοῦτος,
3429 810 3728 883 ἔφη,γίνου

2140 915 2252 976 τοῖς
2291 911 2466 982 φίλοις
2515 928 2606 964 σου
2642 909 2736 964 καὶ
2793 911 3069 979 γείτοσιν,
3109 908 3254 971 οἴους
3306 906 3503 968 αὐτοὺς
3554 901 3731 962 θέλεις

2141 1003 2387 1074 γίνεσθαι
2418 1003 2556 1074 πρὸς
2587 1002 2647 1056 σέ
2668 1019 2681 1032 ’
2711 1003 2824 1056 ίσον
2856 1001 2911 1054 δὲ
2936 999 3096 1054 τοῦτο
3122 999 3200 1070 τῷ
3225 995 3565 1068 εύαγγελικῷ
3587 1011 3734 1065 παρ-

2141 1093 2449 1163 αγγέλματι
2483 1091 2793 1163 καθέστηκε
2817 1134 2832 1158 ,
2870 1090 3105 1155 Πάντα,
3129 1089 3248 1143 ὅσα
3279 1088 3358 1142 ἂν·
3396 1085 3598 1142 θέλετε
3627 1085 3733 1138 ἵνα

2144 1185 2398 1240 ποιῶσιν
2426 1185 2571 1256 ὑμῖν
2609 1188 2664 1240 οἱ
2719 1184 3035 1253 ἅνθρωποι,
3072 1182 3367 1247 κελεύοντι,
3413 1179 3512 1234 καὶ
3557 1177 3733 1247 ὑμεῖς

2145 1278 2366 1332 ποιεῖτε
2420 1279 2628 1345 αὐτοῖς
2679 1278 2914 1347 ὁμοίως.
2964 1275 3278 1330 Ἀκόλουθον
3316 1274 3374 1326 δὲ
3411 1273 3516 1326 καὶ
3570 1270 3733 1324 τοῦτο

2147 1369 2464 1440 προσθεῖναι
2517 1373 2582 1442 τῇ
2633 1371 2938 1439 Δεσποτικῇ
2992 1365 3466 1439 παραγγελίᾳ,ὅτι
3520 1363 3732 1427 Πάντα,

2145 1459 2248 1513 ὅσα
2287 1459 2346 1512 οὐ
2396 1458 2580 1513 θέλετε
2614 1459 2768 1531 παρὰ
2803 1459 2913 1513 τῶν
2943 1459 3112 1523 πέλας
3139 1458 3385 1528 γίνεσθαι
3410 1458 3562 1527 ὑμῖν,
3595 1454 3736 1526 μηδὲ

2147 1551 2307 1621 ὑμεῖς
2332 1554 2536 1604 ποιεῖτε
2575 1550 2776 1614 αὐτοῖς.
2799 1549 2921 1603 Ἔτι
2961 1549 3018 1602 δὲ
3045 1547 3234 1602 τούτου
3257 1547 3628 1619 χρηστότητος
3655 1545 3739 1599 δό-

2147 1654 2266 1708 γμα
2321 1638 2732 1710 συντομώτερον
2785 1640 2926 1692 αὐτὰ
2955 1639 3050 1692 τοῦ
3095 1638 3334 1709 Χριστοῦ
3381 1637 3449 1691 τὰ
3494 1636 3667 1707 πάθη,
3696 1635 3741 1690 ἃ.

2148 1729 2290 1801 ὑπὲρ
2320 1729 2478 1801 ἡμῶν
2507 1730 2589 1784 ἔτι
2615 1730 2782 1784 ὄντων
2803 1730 3015 1784 ἀσεϐῶν
3049 1731 3268 1802 ἀνέτλη,
3307 1731 3401 1783 καὶ
3427 1731 3528 1783 ὅσα
3552 1728 3735 1799 ὀνείδη

2149 1824 2244 1876 καὶ
2291 1823 2584 1896 τραύματα
2619 1824 2756 1896 πρὸς
2787 1824 2867 1896 τῷ
2907 1823 3125 1896 σταυρῷ
3152 1825 3445 1896 γενόμενος
3468 1823 3736 1892 ὑπέσχεν,

2152 1919 2181 1970 6
2205 1915 2299 1970 ἐπὶ
2331 1917 2552 1988 μνήμης
2584 1917 2723 1989 ἔχων
2746 1919 2834 1972 ἀεὶ
2866 1918 2961 1972 καὶ
2989 1919 3096 1991 πρὸ
3136 1918 3244 1972 τῶν
3270 1915 3563 1986 ὀφθαλμῶν
3594 1914 3744 1984 λαμ-

2151 2010 2330 2064 ϐάνων
2359 2011 2736 2082 πραῢνόμενος
2759 2011 2855 2065 καὶ
2885 2011 3224 2079 ἀνεξικακῶν
3244 2011 3320 2082 τῷ
3352 2009 3580 2080 πλησίον
3597 2007 3740 2081 πρδς

2152 2101 2565 2175 φιλανθρωπίαν
2598 2101 2734 2174 ὁμοῦ
2769 2104 2866 2157 καὶ
2903 2102 3256 2173 φιλαδελφίαν
3284 2099 3628 2154 συνωθεῖται.

2150 2195 2253 2249 177
2287 2194 2515 2249 Πιστοῦ
2559 2199 2746 2264 φίλου
2784 2193 2980 2266 νόμιζε
3021 2193 3217 2264 μηδὲν
3254 2193 3452 2258 ἄξιον.

2226 2287 2383 2340 Ἐστι
2435 2286 2588 2356 φίλος
2612 2286 2890 2359 τραπέζης
2913 2287 3071 2349 ῶνιος
3108 2285 3202 2339 καὶ
3228 2284 3443 2358 ἡδονῆς,
3464 2281 3561 2337 καὶ
3583 2273 3743 2344 οὗτος

2153 2378 2380 2441 ἄπιστος
2398 2395 2413 2408 ⁸
2435 2378 2822 2449 ἐπιλειπούσης
2855 2378 2963 2450 γὰρ
2983 2379 3084 2449 τῆς
3107 2377 3216 2431 τῶν
3244 2374 3561 2446 συμποσίων
3583 2374 3746 2444 χάρι-

2151 2489 2244 2534 τος
2273 2471 2367 2524 καὶ
2397 2471 2642 2544 τέρψεως
2668 2471 2997 2544 ἡδυπαθοῦς,
3016 2471 3111 2524 καὶ
3137 2468 3300 2532 αὐτὸς
3323 2467 3557 2537 ἀπέστη.
3578 2465 3746 2517 Ἔστι

2154 2561 2306 2631 φίλος
2334 2563 2432 2632 τῆς
2467 2565 2656 2634 χρείας
2682 2563 2848 2616 αὐτὸν
2867 2562 3236 2633 ὲφελκομένης
3265 2560 3361 2614 καὶ
3383 2555 3746 2634 παρεδρεύειν

2156 2655 2605 2726 προτρεπούσης,
2652 2655 2877 2719 ἄπιστος
2908 2655 2964 2708 δὲ
3006 2654 3104 2710 καὶ
3147 2653 3309 2717 αὐτὸς
3342 2669 3356 2683 ⁸
3395 2651 3514 2722 ἅμα
3561 2649 3670 2721 γὰρ
3704 2648 3748 2719 ἠ

2156 2746 2315 2816 χρεία
2360 2746 2604 2818 παρῆλθε
2637 2747 2734 2800 καὶ
2777 2747 2941 2811 αὐτὸς
2985 2747 3127 2823 αὐτῇ
3160 2743 3474 2820 παραυτίκα
3531 2758 3750 2794 συναπ-

2155 2835 2352 2906 ᾠχετο.
2389 2838 2546 2891 Ἔστι
2582 2837 2718 2909 πρὸς
2745 2840 2858 2901 τοῖς
2900 2838 3213 2910 εἰρημένοις
3261 2835 3415 2904 φίλος
3441 2834 3507 2887 δι’
3540 2833 3748 2906 ἀρετὴν

2157 2926 2253 2978 καὶ
2299 2925 2435 2978 Θεοῦ
2483 2926 2638 2996 λόγον
2687 2927 3099 2999 εὑρισκόμενος.
3131 2919 3298 2988 Οὗτος
3341 2921 3562 2985 πιστὸς,
3591 2921 3651 2974 ὃν
3679 2920 3746 2971 οὐ

2157 3015 2410 3088 τράπεζα
2437 3018 2469 3088 ἢ
2501 3019 2821 3090 συμποσίων
2850 3021 3012 3092 χάρις
3041 3019 3415 3072 ἀναδείκνυσιν
3437 3014 3617 3085 (τοῦτο
3635 3013 3752 3083 γὰρ

2158 3111 2187 3163 6
2219 3111 2546 3182 κρατὴρ),ὃς
2570 3113 2630 3166 οὐ
2655 3114 2842 3184 χρείας
2867 3114 3052 3166 εἵνεκα
3077 3109 3430 3182 παρεδρεύων
3450 3107 3546 3162 καὶ
3570 3124 3754 3176 παρα-

2162 3200 2362 3264 σιτῶν,
2403 3203 2506 3254 ὅσα
2547 3202 2683 3273 πρὸς
2726 3202 2886 3278 χάριν
2935 3203 3032 3255 καὶ
3068 3200 3238 3270 ἀκοῆς
3272 3197 3468 3270 τέρψιν
3511 3193 3754 3266 ματαίαν

2165 3296 2276 3357 τοῖς
2304 3295 2464 3347 αὐτὸν
2495 3293 2738 3364 φιλοῦσιν
2760 3289 3319 3364 ἀποφθέγγεται,ἀλλ’
3349 3289 3450 3342 ὅσα
3469 3284 3753 3352 λυσιτελῆ,

2163 3384 2262 3436 ὅσα
2300 3383 2553 3455 σύμφορα
2575 3385 2669 3438 καὶ
2695 3384 2835 3438 κατά
2867 3383 3000 3436 Θεὸν
3028 3380 3341 3450 ὠφελοῦντα
3367 3374 3755 3447 συμϐουλεύει·

2165 3472 2316 3539 οὗτος
2351 3476 2502 3546 φίλος
2543 3477 2752 3541 πιστὸς,
2790 3475 2849 3530 ὃν
2895 3474 3031 3548 ζάλη
3071 3474 3166 3528 καὶ
3199 3470 3507 3542 πειρασμὸς
3542 3468 3574 3538 ἢ
3609 3466 3759 3536 ὑπὲρ

2166 3568 2449 3632 εὐσεϐείας
2491 3568 2829 3623 ἀναδεικνύει
2876 3566 3148 3637 διωγμός·
3173 3563 3265 3618 τοῦ
3306 3561 3551 3615 τοιούτου
3587 3558 3761 3630 μηδὲν

2167 3657 2307 3713 εἶναι
2354 3659 2715 3730 ἀντάλλαγμα
2741 3659 2852 3713 τῶν
2882 3658 2990 3713 ἀπὸ
3023 3658 3148 3729 γῆς,
3192 3655 3358 3728 μηδὲν
3397 3654 3508 3707 τῶν
3555 3651 3760 3722 τιμίων

2166 3751 2512 3822 τιμιώτερον,
2534 3751 2670 3822 μηδὲ
2692 3750 2798 3804 τῶν
2821 3750 3100 3820 ὲρασμίων
3120 3745 3528 3819 ἐρασμιώτερον
3552 3746 3580 3797 6
3610 3742 3763 3814 ἱερὸς

2168 3844 2326 3914 λόγος
2360 3845 2526 3911 ἀξίως
2575 3847 2862 3916 μαρτυρεῖ.
2900 3842 3143 3914 Ἕχθρας
3191 3841 3292 3912 μὲν
3342 3837 3438 3894 οὖν
3493 3838 3766 3900 πολλάκις

2170 3938 2236 3990 ὲκ
2271 3938 2694 4008 συμπτωμάτων
2725 3935 2988 3989 ποικίλων
3038 3931 3537 4005 παρεμπιπτούσης
3569 3932 3636 4000 τῇ
3667 3946 3765 3996 φι-

2169 4035 2282 4106 λίᾳ,
2319 4033 2469 4098 ἀξιον
2498 4035 2658 4105 ὅρους
2688 4031 2908 4096 εἰδέναι,
2957 4031 3053 4085 καὶ
3101 4029 3287 4102 μέτρῳ
3327 4027 3425 4083 καὶ
3449 4023 3626 4096 καιρῷ
3674 4023 3766 4094 τῷ

2170 4125 2308 4194 ἀξίῳ
2355 4123 2454 4188 τάς
2516 4124 2826 4186 διαστάσεις
2879 4122 3121 4194 κρίνεινο
3155 4118 3338 4188 φιλίας
3389 4116 3448 4170 δὲ
3495 4113 3768 4187 ἀληθινῆς

2171 4219 2331 4289 ὅρους
2355 4217 2556 4288 ἥκιστα
2591 4214 2882 4285 γινώσκειν
2913 4215 3018 4285 χρή
3043 4232 3055 4245 ο
3079 4215 3113 4284 ἡ
3143 4211 3282 4282 αὐτὴ
3310 4209 3421 4282 γάρ
3452 4209 3572 4262 ἐστι
3598 4209 3666 4279 τῇ
3697 4209 3769 4260 ὲν

2173 4310 2394 4382 Χριστῷ
2416 4310 2628 4384 ἀγάπῃ,
2656 4310 2781 4380 ἧτις
2810 4307 3066 4362 οὐδέποτε
3094 4305 3374 4360 ἐκπίπτει.

2177 4425 2272 4480 181
2321 4425 2518 4479 Τᾶλλίι
2545 4423 2797 4488 ,βλέπων
2838 4420 3144 4492 ὀφθαλμὸς
3172 4419 3361 4476 αὑτὸν
3402 4419 3475 4473 οὺ
3514 4414 3769 4482 βλέπει.

2260 4542 2319 4592 'U
2368 4540 2469 4609 μὲν
2507 4538 2783 4609 ὀφθαλμὸς
2825 4536 2921 4590 τοῦ
2953 4535 3205 4607 σώματος
3235 4533 3424 4588 ἑαυτὸν
3467 4533 3566 4604 μὲν
3616 4529 3773 4587 κατὰ

2182 4631 2343 4702 φύσιν
2375 4633 2650 4694 ἀδυνάτως
2686 4631 2800 4700 ἔχει
2849 4630 3121 4701 καθορᾷν,
3151 4628 3222 4682 τά
3259 4626 3364 4692 ἔξω
3395 4627 3453 4680 δὲ
3493 4627 3589 4680 καὶ
3633 4627 3772 4696 περὶ

2180 4725 2360 4787 αὑτὸν,
2388 4726 2490 4779 ὅσα
2519 4725 2755 4779 κατευθὺ
2789 4726 3093 4795 πρόκειται,
3131 4725 3196 4793 τῇ
3223 4723 3451 4794 όρατικῇ
3492 4718 3774 4790 περιλαμ-

2184 4819 2335 4872 ϐάνει
2355 4817 2579 4889 δυνάμει
2599 4818 2713 4888 (10)
2743 4817 2942 4886 δηλαδή
2964 4835 2976 4846 ·
2999 4815 3092 4868 ὲάν
3109 4814 3166 4867 δέ
3184 4831 3267 4876 τις
3295 4811 3446 4882 αύτῷ
3463 4810 3615 4882 λήμη
3632 4810 3664 4880 ἢ
3682 4809 3776 4862 θό-

2183 4910 2348 4972 λωσις
2385 4910 2639 4980 ὲπιχυθῇ,
2671 4908 2766 4962 καὶ
2804 4906 2980 4979 πάθῃ,
3007 4905 3129 4959 οὐδὲ
3171 4903 3340 4957 τᾶλλα
3383 4901 3626 4965 δυνατῶς
3650 4900 3775 4971 ἔχει

2179 5003 2474 5073 καταθρεῖν
2506 5003 2582 5065 ὡς
2623 5003 2748 5072 χρή.
2785 4999 2889 5052 Τδν
2912 5001 3098 5069 ὅμοιον
3122 4997 3323 5069 τρόπον
3345 4995 3441 5049 καὶ
3469 4994 3775 5065 ἀνθρώπου

2179 5097 2302 5159 νοῦς
2329 5095 2536 5159 ἀτελῶς
2570 5094 2663 5147 καὶ¹
2706 5093 2923 5164 φαύλως
2961 5092 3030 5146 τά
3072 5093 3210 5163 πρὸς
3252 5091 3353 5162 τὴν
3377 5089 3476 5160 τῆς
3507 5088 3778 5160 ἀληθείας

2177 5187 2521 5258 διακειμένου
2551 5185 2806 5256 θεωρίαν,
2837 5185 2904 5238 τά
2953 5183 3063 5238 τῶν
3110 5183 3335 5255 πλησίον
3382 5181 3483 5253 μὲν
3531 5179 3778 5235 ἐλαττώ-

2182 5298 2325 5351 ματα
2349 5282 2381 5351 ἢ
2406 5281 2780 5350 ἁμαρτήματα
2818 5275 3227 5348 καταμανθάνει
3258 5274 3290 5345 ἢ
3314 5271 3772 5344 περιεργάζεται,

2185 5376 2276 5429 καὶ
2296 5374 2418 5428 οὐδὲ
2443 5372 2618 5426 ταῦτα
2653 5372 2914 5435 πολλάκις
2948 5368 3192 5442 ἀκριϐῶς
3220 5366 3326 5420 ὑπὸ
3357 5365 3468 5418 τῶν
3506 5364 3779 5436 ἐμφύτων

2182 5465 2516 5536 ζοφούμενος
2556 5464 2746 5517 παθῶν
2779 5479 2792 5492 ·
2828 5462 2896 5516 τὰ
2927 5459 3122 5517 ἑαυτοῦ
3163 5459 3219 5512 δὲ
3258 5455 3519 5511 τοσοῦτον
3557 5457 3776 5523 ἀγνοεῖ,

2178 5559 2288 5629 ὅσῳ
2332 5559 2426 5612 καὶ
2483 5557 2684 5628 μᾶλλον
2717 5557 2832 5618 τοῖς
2879 5552 3104 5613 οἰκείοις
3147 5549 3343 5603 πάθεσι
3392 5547 3781 5620 παχυνόμενος

2179 5652 2526 5723 ἀμϐλυωπεῖ·
2578 5651 2645 5703 δι’
2686 5648 2716 5702 ὃ
2756 5649 2821 5719 δὴ
2855 5647 2950 5701 καὶ
2998 5642 3302 5715 συμϐούλου
3352 5641 3490 5713 πρὸς
3553 5639 3781 5692 ἅπαντα

2180 5745 2354 5816 χρεὼν
2401 5743 2540 5798 εἶναι
2580 5741 2659 5814 τῷ
2690 5740 2952 5811 τοιούτῳ,
2982 5736 3045 5790 τὸ
3073 5737 3319 5790 συνοῖσον
3347 5728 3777 5801 ὑποτιθεμένω,

2179 5837 2272 5893 καὶ
2302 5836 2380 5904 εἰς
2409 5835 2716 5907 ὑπόμνησιν
2755 5833 2863 5888 τῶν
2908 5828 3196 5904 πρακτέων
3240 5823 3630 5898 ὲπανάγοντος.
3661 5819 3776 5876 Καὶ
