4108 6376
329 371 438 430 839

331 497 442 585 γάρ
474 494 568 548 καὶ
594 495 628 567 ἡ
658 497 787 567 περὶ
817 498 876 552 τὸ
915 499 1076 572 σῶμα
1108 502 1435 576 δημιουργὸς
1468 509 1630 578 σοφία
1663 512 1757 564 καὶ
1786 531 1920 585 προ-

333 580 532 650 μήθεια
559 587 624 654 τῇ
657 587 799 657 χειρὶ
821 590 976 659 χεῖρα
995 631 1008 651 ,
1025 591 1121 643 καὶ
1152 591 1230 662 τῷ
1254 593 1376 646 ποδὶ
1404 596 1559 662 πόδα,
1593 599 1688 652 καὶ
1714 580 1917 668 ὀφθαλ-

332 672 433 743 μὸν
471 673 549 744 τῷ
596 675 858 748 ὀφθαλμῷ
879 721 894 743 ,
925 682 1018 734 καὶ
1068 683 1236 736 τάλλα
1280 685 1514 756 ὁμοίως,
1545 689 1638 743 δύο
1685 692 1778 746 δύο
1811 733 1826 756 ,
1859 693 1918 746 ἓν

328 761 618 855 κατέναντι
678 765 771 819 τοῦ
823 769 973 834 ἐνὸς,
1001 773 1142 825 κατά
1185 773 1247 826 τὸ
1289 773 1469 844 λόγιον
1510 778 1644 852 (11),
1672 783 1755 846 είς
1793 782 1918 855 βοή-

331 850 485 905 Οειαν
514 853 712 908 δέδωκε
735 857 830 910 καὶ
861 863 1172 930 συνεργίαν.

580 941 705 1024 τοιῖς
737 945 947 1025 καλοῖς
978 949 1146 1025 ἓποέο
1177 957 1668 1025 νουθετούμενος,

333 1008 435 1097 186
477 1013 596 1064 Οὐκ
631 1008 982 1086 ἐντραπήάῃ
1007 1019 1130 1085 τοῖς
1165 1025 1375 1091 κακοῖς

401 1096 550 1150 Πάνυ
583 1098 754 1161 καλὴν
791 1103 886 1156 καὶ⁹
925 1105 1358 1182 ὠφελιμωτάτην
1387 1114 1483 1167 καὶ
1503 1116 1707 1187 ταύτην
1739 1119 1767 1170 6
1801 1118 1916 1172 θεό-

331 1206 496 1258 σοφος
541 1193 841 1262 εἰσηγεῖται
885 1199 1236 1268 συμϐουλίαν,
1272 1206 1463 1277 Εἴπερ,
1487 1209 1694 1278 λέγων,
1725 1206 1770 1265 ὧ
1798 1212 1915 1282 βέλ-

329 1293 514 1348 τιστε,
544 1285 658 1347 τοῖς
703 1287 889 1350 καλοῖς
929 1307 989 1341 τε
1032 1292 1292 1359 κάγαθοῖς
1348 1295 1688 1364 διδασκάλοις
1735 1304 1916 1357 νουθε-

328 1370 482 1424 τοῦσι
513 1372 574 1425 τὸ
626 1369 720 1438 οὖς
774 1374 1026 1448 ὑποσχὼν
1065 1380 1520 1454 ἀκολουθήσειας,
1553 1384 1653 1440 οὑκ
1709 1388 1775 1443 ἂν
1820 1389 1913 1444 τοῦ

332 1465 703 1534 προσήκοντος
731 1469 1088 1538 ἀποσφαλεὶς,
1125 1472 1220 1526 καὶ
1266 1472 1360 1528 τοῦ
1382 1473 1542 1547 ὀρθοῦ
1576 1482 1914 1552 παραῤῥυεὶς

331 1553 512 1622 λόγου,
539 1556 644 1611 ὑπὸ
672 1557 783 1612 τῶν
828 1561 1014 1615 κακῶν
1065 1565 1207 1634 μετὰ
1243 1567 1416 1622 ταῦτα
1449 1569 1758 1641 γελώμενος
1797 1572 1914 1626 δια-

330 1647 622 1720 τραπείης,
667 1649 732 1702 Τί
767 1647 880 1715 οὖν,
911 1654 1080 1726 φαίης
1108 1655 1173 1708 ἂν
1209 1656 1357 1722 ἴσως,
1387 1657 1432 1712 ὦ
1458 1659 1765 1725 διδάσκαλε,
1795 1664 1912 1718 δια-

331 1739 673 1812 πραξαίμην,
707 1742 782 1808 ὡς
829 1745 895 1798 ἂν
929 1745 1004 1817 μὴ
1045 1744 1246 1820 ἐπέλθῃ
1275 1749 1362 1802 ἐπ’
1397 1751 1496 1821 ἐμὲ
1525 1753 1688 1822 μηδὲν
1725 1747 1800 1807 ὧν
1833 1756 1913 1808 εί-

332 1847 542 1901 ρηκας;
577 1834 744 1888 Ὅταν
796 1836 914 1889 ποτ’
941 1840 1167 1910 αἰσχρὸν
1205 1842 1413 1912 ὲννοῇς,
1449 1841 1543 1896 καί
1586 1861 1637 1898 τι
1670 1845 1777 1898 τῶν
1808 1848 1913 1900 ἀπ-

327 1924 634 1994 ειρημένων
678 1926 758 1997 τῷ
798 1928 951 1998 νόμῳ
995 1929 1088 1982 τοῦ
1145 1931 1460 2002 πνεύματος
1512 1934 1911 2007 διαπράξασθαι

327 2006 536 2082 λογίζῃ,
577 2013 652 2084 μὴ
691 2015 880 2088 εἴπῃς·
930 2014 1045 2085 Νύξ
1097 2020 1252 2085 ἐστι,
1289 2020 1383 2074 καὶ
1421 2022 1504 2086 τίς
1547 2041 1613 2094 με
1648 2006 1755 2097 δρᾷ
1785 2043 1800 2094 ;
1826 2027 1914 2082 ἐπ’

327 2103 562 2173 ἐρημίας
596 2107 690 2160 καὶ
721 2109 1036 2179 καταμόνας
1071 2111 1182 2180 ἐγὼ
1203 2154 1216 2178 ,
1248 2113 1388 2167 καὶὸ
1417 2112 1654 2186 ἐλέγχων
1681 2119 1742 2171 οὑ
1774 2120 1913 2191 πάρ-

324 2210 441 2245 εστι
471 2195 582 2266 (12)
605 2211 616 2223 ·
638 2197 712 2267 μὴ
750 2197 892 2251 οὓτω
925 2199 1248 2271 διανοηθεὶς,
1296 2204 1395 2273 τῆς
1429 2205 1630 2258 ἀτόπου
1658 2208 1912 2280 πράξεως

326 2284 698 2359 ἐπιτολμήσῃς
717 2304 730 2318 ο
761 2289 990 2353 πολλοὺς
1018 2290 1074 2344 δέ
1127 2309 1209 2346 σοι
1237 2294 1618 2363 παρεστῶτας.
1655 2299 1764 2352 Καὶ
1800 2299 1910 2371 γὰρ

327 2378 661 2446 παρεστᾶσιν
695 2379 916 2448 ἄγγελοί
939 2400 997 2434 τε
1038 2379 1241 2446 πάντες
1271 2385 1365 2436 καὶ⁵
1383 2385 1544 2450 αὑτὸς
1568 2387 1596 2438 6
1628 2387 1908 2462 Δεσπότης

325 2466 434 2519 τῶν
462 2469 727 2537 ἀγγέλων·
761 2473 855 2525 καὶ
874 2470 1047 2538 οὕτως
1099 2475 1562 2548 ὑπολογισάμενος
1595 2478 1674 2550 τῷ
1712 2481 1787 2552 νῷ
1811 2500 1908 2554 με-

1351 383 1420 440 lN
1457 386 1765 446 CARMINA
1799 391 2076 452 ARCANA
2114 395 2172 455 S.
2215 395 2557 456 GREGORII.

3503 407 3609 463 85o

2029 517 2214 571 manui
2253 535 2476 574 manum
2515 528 2569 575 et
2599 521 2719 592 pedi
2773 522 2963 594 pedem
3012 532 3068 580 et
3101 523 3320 580 oculum
3355 525 3524 582 oculo
3559 526 3613 580 et

2020 604 2123 657 alia
2171 605 2424 661 similiter
2463 607 2574 662 duo
2618 617 2672 664 et
2706 609 2838 674 duo,
2873 628 3042 666 unum
3081 629 3148 668 ex
3205 614 3437 670 adverso
3474 614 3613 669 alte-

2018 692 2138 748 rius
2191 695 2498 750 secundum
2559 699 2892 770 scripturam
2932 702 2989 757 in
3032 703 3367 773 adjutorium
3415 713 3470 761 et
3516 719 3616 759 co-

2017 787 2394 858 operationem
2433 789 2605 844 dedit.

2154 958 2214 1033 Si
2250 961 2412 1033 bonos
2448 963 2687 1033 sequaris
2719 963 3052 1031 admonitus,

2020 1029 2122 1082 186
2159 1031 2366 1085 Pudori
2406 1029 2643 1086 tibi'non
2675 1037 2772 1087 erit
2803 1053 2835 1088 a
2869 1029 3294 1091 malis'irrideri.

2089 1115 2260 1173 Valde
2287 1120 2487 1173 bonum
2521 1130 2576 1175 et
2608 1122 2960 1178 utilissimum
2991 1134 3044 1178 et
3078 1128 3221 1180 istud
3255 1128 3604 1182 commendat

2017 1208 2202 1265 divine
2245 1215 2465 1281 sapiens
2498 1215 2819 1281 consilium,
2873 1217 3130 1287 inquiens
3161 1238 3176 1274 :
3209 1217 3253 1273 0
3295 1220 3522 1288 optime,
3553 1220 3605 1275 si

2016 1300 2176 1358 bonis
2209 1311 2264 1357 et
2304 1306 2468 1360 rectis
2500 1309 2784 1378 magistris
2814 1307 3141 1365 docentibus
3185 1325 3372 1364 aurem
3413 1311 3604 1365 admo-

2017 1407 2150 1448 vens
2181 1395 2672 1466 obtemperaveris,
2710 1415 2992 1469 nunquam
3015 1401 3082 1456 ab
3105 1401 3281 1456 cilicio
3313 1403 3608 1458 declinans

2015 1491 2071 1538 et
2119 1500 2148 1538 a
2199 1495 2352 1540 recta
2396 1489 2481 1542 via
2516 1505 2733 1554 errans,
2777 1501 3042 1561 praeterea
3083 1509 3113 1547 a
3167 1495 3357 1550 multis
3403 1496 3607 1550 irrisus

2017 1575 2289 1634 deviabis.
2328 1581 2469 1647 Quid
2518 1599 2670 1654 ergo.
2712 1584 2968 1641 similiter
3017 1586 3189 1653 dices,
3234 1602 3267 1640 ο
3317 1587 3599 1656 magister.

2016 1669 2291 1726 faciamne
2338 1675 2469 1740 quid
2523 1678 2655 1731 mihi
2702 1679 2918 1733 accidat
2967 1680 3034 1734 de
3067 1679 3154 1734 his
3204 1694 3326 1750 qua:
3373 1678 3611 1734 dixisti?

2015 1762 2245 1828 Quando
2283 1766 2470 1822 forsan
2517 1777 2679 1840 turpe
2709 1773 2840 1841 quid
2893 1774 3104 1842 cogitas
3137 1781 3191 1827 et
3233 1773 3528 1827 vetitorum
3570 1787 3602 1826 a

2018 1855 2133 1926 lege
2181 1859 2410 1925 spiritus
2441 1861 2650 1931 aliquid
2685 1865 3029 1918 committere
3069 1863 3375 1926 meditaris,
3416 1879 3484 1918 ne
3519 1862 3606 1916 di—

2015 1960 2136 2011 cas,
2164 1946 2282 2002 Nox
2315 1957 2419 2006 est.
2454 1957 2509 2005 et
2540 1953 2665 2021 quis
2697 1970 2784 2008 me
2820 1956 3008 2010 videt?
3041 1954 3098 2008 ln
3130 1955 3347 2009 deserto
3381 1961 3436 2009 et
3481 1953 3604 2009 sine

2017 2037 2247 2094 arbitris
2294 2041 2463 2096 sedeo
2491 2052 2546 2097 et
2579 2047 2944 2114 exprobrator
2981 2046 3158 2101 abest.
3198 2047 3281 2100 Ne
3325 2046 3408 2100 sic
3436 2061 3604 2115 repu-

2014 2134 2140 2182 tans
2181 2128 2448 2199 insipiens
2488 2133 2760 2201 quoddam
2793 2135 3038 2202 audeas;
3087 2141 3218 2190 sunt
3262 2134 3407 2189 enim
3445 2134 3603 2187 multi

2014 2215 2363 2284 assistentes,
2403 2220 2766 2276 circumstant
2797 2224 2976 2294 angeli
3014 2237 3208 2278 omnes
3243 2231 3298 2277 et
3336 2223 3450 2290 ipse
3484 2219 3603 2276 Rex.

2015 2309 2356 2378 angelorum,
2401 2321 2455 2367 et
2487 2314 2567 2368 sic
2602 2329 2727 2368 cum
2760 2314 2864 2369 ﬁde
2898 2313 3193 2370 conferens
3230 2313 3282 2368 in
3326 2314 3508 2368 animo
3546 2321 3604 2366 et

2017 2399 2252 2469 teipsum
2275 2419 2304 2456 a
2329 2407 2626 2474 propositis
2650 2421 2892 2462 avocans
2910 2405 3417 2462 eohibebis:deinde
3440 2404 3602 2474 quasi

2014 2489 2298 2546 beneﬁciis
2331 2493 2520 2551 [ruens
2553 2499 2762 2566 gratias
2795 2513 2947 2568 ages.

325 2555 397 2612 τὰ
441 2560 704 2627 πίστεως.
759 2565 853 2618 καὶ
905 2567 1128 2620 σεαυτὸν
1177 2569 1488 2640 ἐντραπεὶς,
1541 2567 1636 2624 τοῦ
1697 2575 2096 2648 ἐγχειρήματος
2146 2584 2502 2659 ἀνακοπήσῃ,
2547 2555 2642 2641 καὶ
2691 2555 2857 2658 μετςὶιυ
2877 2587 3052 2643 ταῦτα
3096 2589 3172 2652 ὡς
3222 2586 3602 2659 εὑεργετηθεὶς

325 2656 766 2729 εὑχαριστήσεις.

326 2754 429 2807 189
478 2755 583 2809 Ἀεὶ
608 2758 861 2826 προτίμα
883 2757 1027 2825 τοὺς
1059 2761 1286 2829 καλοὺς
1320 2762 1439 2817 τῶν
1459 2765 1546 2834 μὴ
1577 2765 1799 2823 καλῶν.

411 2866 521 2919 Ἀεὶ
551 2869 580 2918 6
623 2868 737 2937 βίος
787 2869 986 2933 καλοὺς
1037 2871 1151 2942 ἔχει
1203 2874 1297 2925 καὶ
1339 2875 1563 2938 κακοὺς,
1611 2875 1698 2927 ἀεὶ
1747 2894 1913 2930 σπου-

323 2956 502 3021 δαίους
533 2960 626 3012 καὶ
660 2964 1092 3034 καταφρονητάς,
1111 2965 1336 3028 πιστοὺς
1360 2965 1478 3036 Θεῷ
1500 2961 1593 3020 καὶ
1625 2969 1910 3037 ἀπίστους,

325 3050 569 3116 δικαίους
608 3056 701 3107 καὶ
733 3055 970 3121 ἀδίκους,
1000 3057 1290 3128 ἀληθινούς
1333 3076 1392 3111 τε
1435 3060 1528 3113 καὶ
1567 3060 1800 3129 ψευδεῖς.
1836 3064 1909 3116 Σὺ

325 3140 419 3196 οὖν
435 3145 575 3198 κατά
596 3147 694 3216 τὴν
715 3147 908 3215 γενεάν
940 3165 1033 3200 σου
1059 3149 1185 3211 τοὺς
1216 3149 1505 3213 ἐκλεκτοὺς
1534 3151 1776 3222 προτίμα
1803 3151 1911 3204 τῶν

329 3237 621 3307 στρεϐλῶν,
648 3239 775 3302 τοὺς
815 3240 1060 3304 εὐσεϐεῖς
1103 3240 1213 3294 τῶν
1238 3242 1452 3296 ἀσεϐῶν
1493 3244 1587 3296 καὶ
1623 3243 1751 3306 τοὺς
1778 3244 1910 3316 ἀλη-

326 3330 505 3394 θινοὺς
534 3330 641 3384 τῶν
676 3331 987 3404 ὑποκριτῶν
1006 3350 1020 3365 °
1045 3336 1235 3397 κακοῖς
1262 3334 1318 3387 δὲ
1352 3335 1556 3406 ὁμιλῶν
1584 3337 1677 3390 καὶ
1703 3353 1915 3408 συμπο-

328 3425 646 3496 σιαζόμενος
681 3426 775 3479 καί
808 3427 1398 3497 συναναστρεφόμενος,
1432 3427 1507 3491 ὡς
1538 3430 1566 3480 6
1609 3429 1914 3499 ἁπτόμενος

328 3514 528 3585 πίσσης
573 3514 998 3585 μολυνθήσεται,
1047 3517 1140 3569 καὶ
1186 3519 1214 3570 6
1252 3517 1526 3570 κοινωνῶν
1581 3519 1914 3589 ὑπερηφάνῳ

326 3607 724 3677 ὁμοιωθήσεται
757 3607 928 3678 αὐτῷ,
971 3609 1116 3661 κατά
1147 3609 1244 3680 τὴν
1284 3609 1526 3680 Γραφὴν,
1560 3609 1702 3662 οὕτω
1727 3611 1819 3663 καὶ
1849 3612 1912 3664 σὺ

325 3700 440 3760 τοῖς
465 3701 652 3761 κακοῖς
682 3698 1043 3769 κολλώμενος,
1070 3701 1236 3764 κακὸς
1260 3700 1377 3773 ἔσῃ.
1398 3700 1538 3753 Ἀλλ’
1563 3702 1708 3771 ἐρεῖς
1728 3704 1910 3772 τυχόν·

327 3786 632 3856 Εὐεργέτης
679 3784 831 3852 οὗτός
884 3792 1030 3841 ἐστιν
1065 3791 1216 3860 ἐμὸς,
1256 3791 1350 3842 καὶ
1401 3786 1460 3844 εὖ
1499 3808 1595 3860 μοι.
1644 3793 1913 3861 πεποίηκε

326 3876 606 3940 πολλάκις,
649 3878 889 3940 καὶπῶς
937 3878 1128 3932 τούτου
1163 3879 1262 3951 τὴν
1291 3881 1576 3933 κοινωνίαν
1627 3881 1914 3936 ἀποσείσο-

328 3986 460 4039 pst;
502 3970 698 4023 ’Λκουε
721 3971 777 4022 δὲ
811 3969 954 4023 Θείου
985 3970 1145 4038 λόγου
1177 3971 1432 4044 βροντῆς.

324 4061 525 4115 Καλοῦ
558 4061 692 4130 παρ’
722 4062 944 4130 ἀνδρὸς
970 4062 1204 4131 μήποτε
1244 4064 1517 4133 χρηστὸν
1545 4066 1764 4135 πάθῃς-ι

393 4152 530 4223 Παρ’
549 4151 736 4222 ἀνδρὸς
763 4153 842 4211 είς
870 4152 1002 4205 Θεὸν
1032 4154 1493 4224 ἐμπαροινοῠντος
1521 4157 1686 4227 μηδὲν
1711 4155 1912 4224 ἀγαθὸν

323 4242 668 4316 ἐπιθυμήσῃς
695 4243 908 4308 παθεῖν,
935 4244 1065 4315 παρ’
1090 4244 1378 4316 ἀνθρώπου
1403 4247 1733 4317 ψευδομένου
1757 4247 1916 4313 Θεὸν,

324 4338 416 4389 καὶ
440 4337 726 4408 ὑποκρίσει
763 4337 920 4409 μόνῃ,
958 4337 1050 4389 καὶ
1089 4337 1189 4390 οὐκ
1218 4337 1444 4410 ἀληθείᾳ
1480 4340 1798 4410 σεϐομένου,
1835 4341 1911 4412 μὴ

325 4427 659 4500 ἐπιποθήσῃς
702 4429 942 4500 δωρεᾶςο
971 4427 1066 4481 τοῦ
1100 4427 1319 4501 γλώσσῃ
1358 4431 1494 4501 μόνῃ
1535 4433 1631 4486 καὶ
1674 4433 1912 4502 χείλεσιν

325 4521 672 4590 εὑλογοῦντος
705 4522 794 4574 τὸν
821 4521 951 4574 Θεὸν
983 4521 1058 4592 μὴ
1091 4521 1332 4594 ζητήσῃς
1356 4522 1625 4592 εὐλογίας.
1657 4525 1768 4578 Καὶ
1797 4523 1906 4596 γὰρ

325 4615 383 4668 .δὺ
433 4615 844 4686 λυσιτελήσουσί
897 4631 1014 4670 σοι·
1069 4617 1150 4669 ὅτι
1185 4616 1339 4687 ζητεῖ
1383 4617 1712 4688 συγγνώμην
1763 4616 1912 4687 αὑτῷ

325 4706 562 4760 δίδοσθαι
616 4706 700 4775 ἐφ’
733 4701 813 4770 οἷς
866 4710 1175 4779 παρανομεῖ
1205 4725 1218 4739 ο
1260 4708 1602 4762 ἐπαινεῖσθαι
1650 4709 1805 4779 ζητεῖ
1854 4710 1914 4762 ὲν

331 4801 446 4862 ταῖς
483 4798 803 4870 ἐπιθυμίαις
833 4800 935 4870 τῆς
974 4801 1153 4871 ψυχῆς
1188 4800 1353 4854 αὑτοῦ
1377 4841 1390 4866 ,
1434 4801 1626 4854 ἑαυτόν
1669 4819 1729 4854 τε
1781 4816 1916 4874 προ-

329 4893 643 4965 ηγουμένως
679 4893 770 4946 καὶ
806 4893 1024 4956 πλείους
1057 4894 1247 4959 ἄλλους
1277 4893 1917 4964 ἀδικῶν,ὲνευλογεῖσθαι

326 4986 421 5041 καὶ
451 4985 863 5056 συνηγορεῖσθαι
890 4990 1002 5050 τοῖς
1035 4989 1133 5057 τῆς
1149 4988 1362 5051 ἀδικίας
1392 4987 1556 5041 αὑτοῦ
1585 4987 1768 5058 ἔργοις
1787 4989 1913 5052 τοὺς

327 5077 474 5148 αὑτῷ
505 5079 832 5149 προσιόντας
862 5079 956 5131 καὶ
990 5080 1079 5131 ὑπ’
1113 5079 1279 5132 αὑτοῦ
1313 5079 1472 5150 δῆθεν
1514 5078 1912 5151 εὐεργετουμέ-

327 5184 450 5230 νους
496 5167 590 5220 καὶ
638 5166 1012 5237 ξενιζομένους
1045 5166 1115 5220 τὰ
1169 5168 1362 5239 ῥέοντα
1402 5167 1497 5220 καὶ
1540 5167 1909 5238 ἀπολλύμενα,

327 5258 400 5323 ὡς
449 5259 821 5330 ἀπαραίτητον
860 5259 1160 5329 πράττεται
1193 5260 1290 5312 καὶ
1320 5259 1622 5328 ἀναγκαίαν
1650 5259 1874 5328 ὀφειλὴν
1894 5273 1908 5290 ⁶

329 5350 658 5420 συγγνώμην
698 5351 840 5402 αἰτεῖ
866 5350 1083 5404 πολλῶν
1113 5350 1207 5404 καὶ
1243 5349 1658 5420 βαρυταλάντων
1687 5349 1865 5420 χρεῶν
1893 5363 1910 5379 ⁶

327 5439 728 5493 εὐτελεστάτων
766 5441 964 5495 δόσεων
992 5442 1086 5495 καὶ
1118 5442 1417 5512 ἐλαχίστων
1445 5443 1540 5496 καὶ
1567 5441 1780 5512 μικρῶν
1810 5441 1910 5514 τὴν

326 5531 554 5601 ἄπειρον
581 5531 675 5584 τοῦ
709 5531 847 5585 Θεοῦ
892 5533 1238 5604 χρηστότητα
1265 5534 1359 5586 καὶ
1395 5533 1494 5603 τὴν
1524 5533 1910 5602 ἀκατάληπτον

326 5623 669 5696 δικαιοσύνην
691 5626 1055 5697 ἐκπειράζων,
1074 5627 1169 5680 καὶ
1195 5629 1307 5689 τοῖς
1343 5626 1592 5696 ματαίοις
1625 5626 1653 5676 6
1681 5625 1910 5695 μάταιος

402 5733 512 5799 (lli
553 5733 751 5789 Nescio
816 5752 885 5789 an
940 5738 1207 5860 intelligat
1265 5738 1400 5792 illud
1444 5736 1755 5807 Epicharmi
1829 5738 1904 5804 (v.

402 5813 519 5858 aton
554 5806 776 5860 Axioch.
831 5823 886 5860 ι).
919 5808 1067 5860 5661.
1199 5809 1256 5860 δὲ
1295 5809 1417 5860 veto
1455 5810 1554 5860 τὰν
1595 5810 1751 5860 γεῖοα
1774 5808 1904 5860 vita:

329 5803 886 5885 Platon_A{riocli.__p.
919 5808 1067 5870 566),
1115 5803 1152 5860 ἀ
1199 5809 1256 5885 δὲ
1295 5803 1554 5885 χεὶρ-τάν
1586 5803 1910 5885 ’χεῖραῃνίξει

327 5883 407 5946 (δ.
434 5875 626 5950 κνίζει)
662 5885 760 5932 aut
799 5877 944 5933 illam
989 5875 1336 5948 sententiam,
1363 5875 1485 5950 χεὶρ
1522 5875 1696 5950 χεῖρα
1725 5879 1908 5934 νίπτει

2021 2770 2124 2824 189
2163 2771 2336 2826 Bonos
2372 2790 2575 2842 semper
2603 2791 2848 2844 pra’pone
2875 2790 2980 2828 non
3013 2773 3182 2828 bonis.

2092 2880 2321 2952 Semper
2365 2883 2530 2939 habet
2567 2885 2672 2938 vita
2712 2886 2888 2939 bonos
2919 2891 2973 2939 et
3013 2883 3213 2947 malos,
3263 2893 3482 2950 semper
3518 2877 3602 2931 di-

2018 2973 2251 3043 ligentes
2285 2983 2340 3030 et
2373 2983 2805 3046 contemptores,
2851 2976 2960 3031 Deo
3010 2975 3200 3031 ﬁdeles
3234 2981 3288 3028 et
3328 2970 3600 3033 inﬁdeles,

2014 3067 2199 3136 justos
2227 3077 2283 3123 et
2328 3069 2592 3138 injustas,
2627 3085 2854 3126 veraces
2883 3077 2937 3125 et
2983 3067 3300 3124 mendaces.
3343 3064 3424 3119 Tu
3471 3079 3603 3134 ergo

2021 3160 2325 3215 secundum
2363 3162 2736 3218 conditionem
2768 3170 2919 3216 tuam
2951 3177 3063 3232 prae
3087 3160 3362 3231 perversis
3394 3159 3602 3212 honora

2016 3253 2246 3318 electos,
2279 3254 2400 3324 pios
2444 3271 2555 3325 pra:
2585 3255 2771 3326 impiis
2804 3263 2858 3310 et
2888 3254 3164 3310 veridicos
3196 3267 3306 3323 prae
3342 3249 3603 3321 hypocri-

2017 3343 2120 3408 tis;
2164 3344 2308 3397 inter
2337 3345 2514 3399 malos
2542 3345 2885 3400 consortium
2917 3352 2972 3399 et
3005 3343 3320 3398 convivium
3349 3349 3403 3395 et
3445 3338 3606 3393 fami-

2016 3435 2313 3489 liaritatem
2348 3435 2581 3498 habens.
2613 3436 2758 3490 sicut
2800 3445 3034 3505 tangens
3066 3436 3244 3505 picem
3285 3431 3604 3499 inquinabi-

2017 3534 2126 3591 tur,
2177 3534 2233 3582 et
2286 3529 2707 3582 communicans
2757 3527 2998 3598 superbo
3047 3525 3247 3582 similis
3296 3524 3400 3594 ipsi
3445 3523 3602 3590 juxta

2019 3615 2361 3686 Scripturam
2421 3617 2544 3681 ﬁet,
2593 3625 2648 3672 et
2697 3626 2752 3671 tu
2801 3617 2960 3672 malis
3000 3616 3374 3686 agglutinatus
3419 3613 3602 3666 malus

2015 3710 2148 3765 eris.
2187 3708 2293 3764 Sed
2332 3709 2477 3765 forte
2507 3711 2659 3765 dices
2687 3729 2699 3764 :
2750 3709 3077 3764 Benefactor
3120 3708 3223 3762 iste
3255 3721 3409 3759 nieus
3438 3712 3523 3758 est
3545 3709 3604 3756 et

2017 3819 2161 3872 saepe
2182 3803 2322 3857 bene
2350 3801 2483 3855 mihi
2518 3801 2646 3855 fecit
2677 3809 2730 3856 et
2765 3799 3041 3870 quomodo
3071 3798 3250 3866 ipsius
3278 3796 3598 3850 societatem

2016 3894 2260 3964 rejiciam
2283 3893 2305 3946 ?
2332 3893 2471 3946 Audi
2503 3893 2673 3946 divini
2707 3893 2856 3946 verbi
2900 3891 3108 3944 tonitru
3137 3907 3150 3943 :
3193 3908 3210 3941 ι
3242 3886 3384 3942 Malo
3423 3901 3453 3940 a
3479 3886 3605 3940 viro

2016 4001 2086 4040 ne
2134 4001 2375 4055 unquam
2415 3984 2744 4040 beneficium
2787 3983 3052 4053 accipias.
3093 4001 3111 4032 ι
3138 3981 3182 4033 Α
3214 3980 3333 4033 viro
3354 3978 3448 4048 qui
3488 3992 3600 4047 pra:

2014 4077 2278 4132 ebrietate
2309 4077 2363 4130 in
2394 4077 2563 4131 Deum
2598 4077 2839 4146 assurgit
2862 4090 2931 4130 ne
2959 4072 3287 4129 beneﬁcium
3317 4068 3603 4124 desideres

2016 4169 2282 4238 accipere,
2325 4168 2394 4221 ab
2442 4167 2667 4222 homine
2713 4168 2769 4221 in
2814 4165 2982 4221 Deum
3030 4163 3319 4218 mentienti
3371 4167 3427 4215 et
3481 4159 3597 4214 sola

2016 4259 2292 4329 hypocrisi
2336 4274 2448 4313 non
2492 4258 2723 4312 veritate
2767 4255 2936 4312 Deum
2975 4255 3246 4310 reverenti
3296 4267 3368 4306 ne
3402 4251 3603 4321 cupias

2015 4353 2241 4418 donum,
2271 4351 2340 4406 ab
2369 4351 2464 4406 illo
2497 4351 2591 4420 qui
2615 4350 2801 4420 lingua
2826 4356 3039 4403 tantum
3062 4355 3116 4402 et
3133 4346 3292 4400 labiis
3321 4343 3599 4399 benedicit

2017 4442 2206 4508 Deum,
2235 4459 2304 4498 ne
2332 4457 2548 4512 quaaras
2571 4441 3005 4508 benedictiones;
3031 4456 3139 4494 non
3169 4439 3316 4493 enim
3346 4435 3600 4508 expediet

2013 4537 2109 4590 tibi
2143 4536 2272 4606 quia
2303 4536 2520 4591 veniam
2555 4536 2752 4606 quaarit
2791 4534 2911 4589 dari
2941 4541 3168 4603 propter
3210 4532 3306 4585 illa
3340 4545 3436 4600 per
3476 4543 3598 4598 quae

2006 4639 2220 4698 peccat.
2265 4628 2504 4682 Laudari
2547 4627 2747 4697 quaerit
2783 4627 2839 4680 in
2885 4623 3178 4680 desideriis
3219 4624 3413 4677 anima:
3459 4635 3593 4683 sum,

2009 4722 2113 4776 sibi
2150 4722 2386 4792 primum
2419 4728 2474 4776 et
2509 4720 2699 4774 multis
2732 4718 2855 4774 aliis
2888 4717 3094 4786 injuste
3139 4728 3362 4777 nocens,
3407 4727 3475 4766 ex
3510 4710 3594 4764 in-

2006 4813 2236 4882 j‘ustitiae
2269 4827 2382 4867 suae
2416 4810 2677 4881 operibus
2704 4809 2806 4865 sibi
2837 4808 3008 4878 exigit
3030 4805 3463 4861 benedictionem
3493 4801 3596 4853 tri-

2013 4904 2108 4960 bui
2157 4916 2210 4959 et
2254 4904 2654 4974 protectionem
2701 4917 2731 4954 a
2776 4897 3249 4955 circumdantibus
3291 4903 3348 4949 et
3403 4892 3472 4946 ab
3506 4891 3592 4945 his

2012 4995 2217 5065 quibus
2247 4996 2428 5065 palam
2462 4991 2729 5048 beneﬁcia
2760 4987 2996 5044 contulit
3026 4995 3080 5041 et
3110 4983 3458 5054 hospitaliter
3482 4981 3594 5049 egit

2011 5088 2079 5140 de
2104 5085 2266 5140 ﬂuxis
2288 5093 2341 5139 et
2371 5083 2731 5154 pereuntibus
2757 5079 3013 5149 negotiis,
3043 5083 3098 5132 et
3125 5075 3298 5145 exigit
3329 5082 3589 5142 tanquam

2010 5177 2256 5232 debitum
2296 5173 2675 5230 necessarium
2705 5178 2760 5226 et
2790 5169 2942 5223 nullo
2984 5166 3147 5221 modo
3178 5161 3589 5219 dimittendum.

2010 5268 2237 5324 Veniam
2273 5269 2408 5339 petit
2437 5266 2736 5320 multorum
2773 5273 2826 5318 et
2863 5262 3108 5333 gravium
3141 5259 3473 5322 debitorum,
3510 5255 3593 5306 vi-

2015 5363 2246 5418 lissimis
2276 5361 2438 5417 donis
2473 5368 2528 5414 et
2563 5358 2808 5412 minimis
2835 5365 2891 5412 et
2927 5355 3114 5427 parvis
3147 5354 3468 5407 immensam
3495 5346 3590 5400 Dei

2016 5455 2316 5510 bonitatem
2371 5461 2424 5508 et
2479 5449 3088 5520 incompreliensibilem
3132 5444 3406 5515 justitiam
3469 5447 3591 5493 ten-

2016 5558 2160 5611 tans,
2200 5555 2254 5600 et
2281 5546 2437 5600 vanis
2465 5560 2640 5598 vanus
2673 5543 2939 5596 emlorum
2973 5553 3200 5610 regnum
3239 5549 3420 5589 emere
3447 5531 3586 5585 arbi-

2016 5647 2191 5704 trans,
2228 5644 2284 5692 et
2307 5636 2442 5691 nihil
2476 5635 2692 5689 illorum
2723 5649 2844 5703 qua:
2879 5632 3232 5702 requiruntur
3259 5626 3516 5688 ollerens,
3538 5627 3601 5677 et

2015 5749 2274 5813 δάκτυλός
2311 5767 2370 5801 τε
2402 5746 2681 5809 δάκτυλον,
2715 5744 2995 5802 Menandri
3031 5741 3178 5799 Sent.
3225 5739 3354 5812 sing,
3392 5733 3522 5792 543

2090 5821 2199 5896 (ΡΞ)
2231 5821 2366 5877 Cod.
2398 5817 2687 5891 παρέσται.
