4108 6376
524 379 622 436 831

525 497 681 554 nullo
730 498 894 557 modo
922 499 1084 570 digna
1118 517 1283 573 opera
1335 521 1520 562 coram
1558 509 1669 565 Deo
1710 504 1906 581 iactat,
1928 522 2113 571 tamen

523 596 581 640 ιιι
619 589 706 645 his
736 590 1064 647 benevolum
1093 609 1240 660 eum,
1273 598 1369 667 qui
1393 597 1486 655 dat
1506 603 1714 669 omnia,
1747 605 1951 661 lucrari
1981 623 2115 663 con-

525 680 781 746 tendens,
829 681 998 738 Deum
1047 700 1155 741 non
1207 688 1469 752 oblectat.
1519 693 1613 748 sed
1668 710 1703 752 ο
1757 709 1950 753 contra
1989 699 2114 757 aliis

524 782 810 839 peccatum
844 791 1005 829 suum
1037 792 1334 835 commune
1368 781 1573 839 reddit

529 1057 631 1112 195
664 1058 777 1129 Ego
811 1060 946 1115 lucri
976 1062 1181 1133 aliquid
1223 1063 1294 1116 ab
1326 1064 1633 1119 adversario
1663 1067 1878 1138 colligo.

598 1146 695 1202 Est
724 1157 779 1203 et
812 1151 956 1219 apud
994 1152 1177 1207 hostes
1206 1153 1404 1222 gratia,
1444 1154 1519 1207 ait
1552 1158 1923 1224 proverbium.
1973 1156 2114 1216 Huic

525 1239 801 1311 theologia
834 1242 1016 1297 simile
1059 1243 1232 1298 dicit:
1271 1243 1381 1314 Ego
1412 1254 1464 1300 et
1507 1247 1576 1300 ab
1620 1247 1779 1303 hoste
1820 1248 2110 1304 utilitatem

526 1329 769 1399 percipio
788 1337 843 1384 et
868 1330 1090 1387 lucrum
1115 1334 1275 1389 vobis
1296 1337 1670 1392 communico.
1699 1337 1839 1404 Quid
1864 1340 2115 1395 lucrum?

524 1417 965 1490 liedargutiones
995 1439 1186 1479 eorum
1223 1427 1316 1496 qui
1369 1444 1455 1484 me
1499 1430 1737 1485 oderunt
1778 1442 1832 1487 et
1861 1433 2110 1488 convicia

522 1512 832 1569 observans
867 1522 922 1569 et
951 1516 1195 1585 ipsorum
1224 1517 1639 1589 objurgationes
1667 1521 1848 1577 vitans
1879 1522 1997 1593 ipse
2020 1538 2112 1577 ac-

522 1602 773 1660 curatius
802 1606 973 1660 vitam
1010 1606 1246 1679 dispono
1293 1626 1469 1666 meam
1519 1620 1573 1668 et
1605 1614 1764 1670 vobis
1799 1615 1934 1670 illud
1980 1630 2110 1670 sua—

521 1695 627 1750 deo
669 1714 684 1753 :
724 1695 798 1752 Ut
845 1700 1100 1755 securius
1131 1701 1353 1766 vivatis,
1403 1712 1460 1759 et
1495 1720 1565 1760 ne
1606 1707 1978 1762 contemnatis
2022 1706 2110 1761 vel

521 1788 864 1846 levissimam
895 1807 926 1846 a
953 1792 1097 1848 bono
1124 1795 1569 1864 declinationem,
1599 1814 1710 1853 non
1742 1807 1954 1854 tantum
1978 1815 2107 1870 pro-

523 1891 646 1951 pter
667 1880 1014 1950 mandatum,
1053 1883 1149 1940 sed
1172 1894 1226 1942 et
1252 1896 1478 1957 propter
1508 1888 1902 1944 maledicorum
1933 1889 2104 1945 auda-

520 1976 686 2038 ciam,
719 1976 1027 2031 cavendum
1057 1977 1219 2033 nobis
1247 1989 1334 2034 est
1363 1980 1515 2034 omni
1549 1980 1854 2053 diligentia.
1900 1980 2103 2037 Reme-

517 2066 670 2120 dium
702 2074 789 2123 est
830 2067 1035 2137 injuria
1068 2068 1336 2139 hostium,
1377 2073 1682 2128 remedium
1714 2072 1946 2128 allectus
1974 2088 2104 2144 pra-

518 2173 616 2214 vos
641 2160 830 2217 cordis
865 2161 1176 2232 detergens,
1210 2177 1460 2219 amarum
1492 2167 1715 2237 quidem
1738 2168 1880 2222 sicut
1908 2177 1962 2222 et
1983 2182 2107 2221 cor-

517 2266 714 2321 porum
756 2253 1044 2323 purgativa
1083 2270 1099 2309 :
1149 2251 1338 2326 itaque
1389 2256 1522 2311 illud
1555 2261 1761 2315 veritus
1806 2259 2104 2329 prohibeor

517 2360 587 2399 ne
632 2346 690 2400 in
753 2346 942 2403 multis
991 2347 1332 2420 delinquam,
1392 2359 1448 2406 et
1513 2352 1713 2407 iterum
1764 2352 2101 2423 voluptatem

517 2446 777 2508 tanquam
852 2454 1080 2495 causam
1136 2446 1193 2496 et
1250 2440 1627 2500 adductricem
1697 2443 2103 2515 objurgationis

514 2541 718 2585 amat-te
749 2530 1022 2600 redarguo
1054 2540 1110 2588 et
1141 2534 1357 2606 rejicio.

1878 393 2175 453 NICETAS
2209 396 2295 452 DA
2305 398 2417 454 \'lD

3691 401 3802 459 8'53

2220 519 2320 591 τὴν
2348 519 2457 573 τῶν
2484 519 2729 591 οὐρανῶν
2756 519 3031 591 βασιλείαν
3072 518 3497 592 ἐξαγοράζεσθαι
3531 521 3801 591 οἰόμενος,

2219 612 2315 664 καὶ⁸
2343 611 2508 681 μηδὲν
2535 604 2611 667 ὧν
2635 613 2841 676 ἐκεῖνος
2867 612 3023 684 ζητεῖ
3059 612 3453 685 παρεχόμενος,
3479 613 3575 667 καὶ
3614 613 3683 666 τὰ
3710 613 3801 667 οό-

2212 701 2365 766 δενὸς
2405 702 2531 770 ἄξια
2567 704 2698 774 παρ’
2725 702 2872 775 αὐτῷ
2915 702 3417 776 πλειπηριάξεται,
3450 705 3545 758 καὶ
3583 704 3799 769 τούτοις

2212 794 2305 849 τὸν
2328 795 2537 849 διδόντα
2557 795 2627 849 τά
2648 798 2827 851 πάντα
2856 797 3522 867 καταπραγματευόμενος
3545 795 3679 849 Θεὸν
3697 796 3798 850 οὐκ

2213 885 2483 953 ἀρκεῖται,
2502 886 2637 941 ἀλλά
2662 889 2754 941 καὶ
2776 887 2966 952 ἄλλους
2989 887 3282 951 κοινωνοὺς
3306 888 3406 958 τῆς
3426 887 3589 941 αὑτοῦ
3617 887 3799 958 ἁμαρ·

2210 977 2333 1041 τίας
2362 979 2769 1049 συνεφέλκεται.

2214 1067 2317 1123 195
2366 1067 2507 1139 Ἐγώ
2555 1085 2611 1122 τι
2649 1067 2861 1137 κέρδος
2887 1068 3116 1139 ἐκλέγω
3147 1068 3247 1122 καὶ
3278 1067 3653 1138 δυσμενοῦς.

2286 1158 2446 1220 Ἔστι
2489 1158 2586 1212 καὶ
2612 1161 2745 1232 παρ’
2777 1158 2988 1231 ἐχθρῶν
3019 1159 3197 1229 χάρις,
3220 1160 3255 1231 ἡ
3290 1158 3559 1228 παροιμία
3587 1157 3755 1229 φησίν
3774 1174 3797 1191 ο

2211 1250 2394 1321 ὅμοιον
2433 1249 2607 1322 ταύτῃ
2633 1251 2727 1304 καὶ
2759 1252 2794 1322 ἡ
2836 1249 3084 1320 θεολογία
3122 1250 3307 1321 λέγει,
3334 1252 3477 1325 Ἐγὼ
3496 1253 3592 1308 καὶ
3610 1250 3676 1304 ἐκ
3698 1249 3792 1302 τοῦ

2211 1331 2509 1412 δυσμενοῦς
2537 1340 2805 1410 ὠφέλειαν
2837 1341 3155 1412 καρποῦμαι
3179 1342 3277 1395 καὶ
3306 1343 3368 1395 τὸ
3395 1342 3587 1413 κέρδος
3619 1357 3794 1394 κοινο-

2212 1430 2473 1502 ποιοῦμαι
2520 1432 2657 1505 πρὸς
2691 1433 2856 1503 ὑμᾶς.
2910 1433 3125 1488 Ὀποῖον
3168 1433 3225 1487 δὲ
3271 1432 3422 1486 τουτὶ
3467 1432 3530 1485 τὸ
3564 1432 3791 1503 κέρδοςς

2210 1525 2323 1588 Τάς
2354 1523 2463 1594 γὰρ
2493 1524 2645 1596 παρά
2670 1525 2779 1579 τῶν
2800 1525 3191 1597 ἐχθραινόντων
3220 1543 3311 1597 μοι
3324 1523 3497 1588 λαϐὰς
3523 1525 3619 1578 καὶ
3652 1524 3795 1595 μέμ-

2208 1618 2331 1689 ψεις
2364 1617 2708 1683 ὑποπτεύων,
2748 1619 2843 1671 καὶ
2878 1617 2979 1681 τὰς
3019 1617 3199 1672 αὐτῶν
3227 1616 3517 1688 ἐπιλήψεις
3551 1615 3793 1685 ἀποφεύ-

2209 1726 2323 1779 γων
2347 1751 2362 1778 ,
2398 1711 2562 1775 αὐτός
2592 1727 2653 1764 τε
2685 1710 3079 1781 ἀκριϐέστερον
3107 1711 3198 1764 τὸν
3247 1708 3486 1781 ἐμαυτοῦ
3535 1707 3795 1761 διευθετῶ

2214 1801 2327 1873 βίον
2357 1803 2453 1857 καὶ
2495 1802 2625 1873 ὑμῖν
2672 1801 2804 1856 αὐτὸ
2848 1800 3007 1854 τοῦτο
3050 1800 3303 1873 παραινῶ
3326 1840 3343 1865 ,
3373 1799 3795 1870 ἀσφαλεστέρως

2215 1889 2365 1962 βιοῦν
2401 1890 2496 1944 καὶ
2537 1890 2612 1962 μὴ
2661 1892 3023 1962 καταφρονεῖν
3067 1891 3199 1963 μηδὲ
3237 1890 3336 1963 τῆς
3373 1888 3664 1959 ἐλαχίστης
3709 1888 3794 1941 δι-

2211 1984 2487 2057 αμαρτίας
2514 1982 2608 2038 τοῦ
2632 1981 2820 2046 καλοῦ,
2835 1983 2884 2035 εί
2905 1982 3000 2035 καὶ
3030 1981 3107 2054 μὴ
3125 1981 3212 2037 διά
3236 1982 3338 2053 τὴν
3357 1980 3577 2053 ἐντολὴν
3599 1980 3797 2033 τοσοῦ-

2209 2095 2323 2144 τον,
2352 2077 2490 2132 ἀλλά
2530 2094 2595 2147 γε
2627 2076 2715 2130 διὰ
2759 2074 2859 2147 τὴν
2888 2074 2998 2129 τῶν
3037 2074 3325 2145 βασκάνων
3346 2073 3612 2145 λοιδορίαν
3642 2074 3796 2145 πάσῃ

2210 2167 2474 2240 τηρητέον
2528 2167 2756 2230 ἑαυτοὺς
2803 2166 3039 2238 φυλακῇ.
3073 2166 3367 2237 Φάρμακον
3398 2166 3549 2219 ἐστιν
3578 2165 3608 2218 ὁ
3656 2164 3797 2235 πρὸς

2207 2259 2315 2313 τῶν
2350 2258 2561 2331 ἐχθρῶν
2602 2257 2921 2328 ὀνειδισμὸς,
2966 2258 3255 2329 φάρμακον
3295 2256 3404 2311 τῶν
3431 2257 3532 2327 τῆς
3562 2253 3796 2328 καρδίας

2210 2351 2430 2406 παθέων
2477 2349 2874 2423 καθαρτήριον,
2909 2349 3103 2420 πικρὸν
3131 2348 3190 2402 δὲ
3238 2349 3390 2420 ὅμως
3413 2389 3429 2414 ,
3459 2348 3648 2419 ῶσπερ
3695 2347 3798 2400 καὶ

2209 2444 2277 2498 τά
2313 2442 2423 2498 τῶν
2473 2442 2740 2512 σωμάτων
2794 2441 3033 2514 ῥυπτικά
3070 2457 3085 2470 '
3117 2440 3185 2494 δι’
3211 2439 3240 2493 ὃ
3271 2440 3366 2494 καὶ
3396 2438 3584 2502 δεδιὼς
3630 2435 3799 2491 τοῦτο

2213 2531 2571 2604 συστέλλομαι
2597 2530 2667 2584 τὰ
2690 2530 2860 2585 πολλὰ
2886 2531 3244 2602 παρανομεῖν,
3272 2529 3367 2583 καὶ⁵
3387 2523 3455 2582 αὖ
3487 2528 3651 2582 πάλιν
3687 2526 3797 2597 τὴν

514 2620 709 2695 ἡδονὴν
757 2623 835 2687 ὡς
872 2624 1053 2679 αἰτίαν
1107 2643 1198 2696 μοι
1258 2627 1353 2682 καὶ
1397 2628 1656 2700 πρόξενον
1704 2629 1805 2702 τῆς
1852 2629 1964 2682 τῶν
2011 2626 2333 2698 ὀνειδισμῶν
2371 2624 2596 2697 πικρίας
2636 2624 2927 2696 γινομένην
2976 2622 3360 2694 ἐπιμέμφομαι
3402 2621 3501 2675 καὶ
3534 2619 3793 2675 ἀποσείο-

559 2730 639 2769 αι.

559 2731 639 2769 αι.

515 2731 619 2862 ῗ97
650 2805 828 2861 Bonos
863 2824 1164 2872 remunera,
1197 2808 1370 2863 malos
1396 2808 1627 2879 despice.

590 2896 783 2953 Simile
802 2910 930 2970 puto
949 2902 1298 2956 tetrasticum
1323 2901 1471 2955 istud
1484 2902 1789 2970 apostolico
1802 2901 2098 2956 mandato:

514 2987 577 3045 Si
593 2990 711 3058 ﬁeri
724 3000 916 3060 potest,
939 2991 1080 3061 quod
1096 3007 1164 3047 ea:
1178 2992 1322 3047 vobis
1339 3002 1439 3060 est,
1462 3010 1581 3047 cum
1605 2993 1845 3049 omnibus
1870 2993 2099 3047 homini-

2198 2805 2295 2860 197
2337 2803 2573 2870 Καλοὺς
2598 2802 2867 2873 ἀμείϐου,
2901 2802 3045 2865 τοὺς
3090 2800 3312 2866 κακοὺς
3360 2801 3724 2869 περιφρόνει.

2268 2896 2494 2966 Ὅμοιον
2521 2890 2676 2965 οἶμαι
2710 2893 2869 2947 τοῦτο
2906 2894 2969 2946 τὸ
3006 2893 3359 2964 τετράστιχον
3394 2892 3473 2963 τῷ
3511 2891 3798 2945 ἀποστολιο

2198 2989 2280 3060 κῷ
2308 2987 2504 3057 ἐκείνῳ
2541 2985 2984 3059 παραγγέλματι,
3020 2986 3092 3039 El
3122 2982 3408 3046 δυνατὸν,
3428 2982 3494 3037 τὸ
3527 2982 3599 3046 ἐξ
3620 2982 3797 3053 ὑμῶν

514 3083 611 3135 bus
629 3096 813 3150 pacem
832 3083 1080 3169 habentes
1104 3082 1292 3154 (Rom.
1326 3100 1423 3147 xu,
1456 3085 1547 3156 18)
1575 3101 1587 3139 :
1612 3100 1739 3140 cum
1765 3084 1926 3140 bonis
1945 3098 2100 3155 ergo,

2206 3081 2347 3149 μετὰ
2387 3078 2630 3134 πάντων
2674 3076 3001 3146 ἀνθρώπων
3033 3077 3471 3145 εἰρηνεύοντες.
3498 3075 3645 3146 Πρὸς
3688 3075 3798 3146 μὲν

514 3176 819 3232 mansuetis
846 3185 901 3233 et
918 3177 1200 3235 benevolis
1225 3194 1352 3249 erga
1377 3194 1477 3234 nos
1500 3178 1892 3233 convenienter
1925 3178 2098 3232 vicem

513 3267 721 3325 referre
753 3269 966 3338 justum
996 3277 1103 3336 est,
1150 3269 1267 3325 sive
1295 3285 1393 3340 per
1423 3269 1612 3334 verba,
1655 3270 1771 3324 sive
1807 3284 1902 3340 per
1932 3269 2099 3332 dona,

512 3361 631 3415 sive
649 3374 746 3430 per
766 3369 968 3415 rectam
992 3361 1415 3429 conscientiam,
1439 3362 1600 3417 aliter
1617 3362 1839 3432 dignam
1873 3360 2107 3416 reddere

511 3452 746 3523 gratiam
769 3461 1021 3523 oportet;
1050 3453 1225 3510 malos
1256 3469 1392 3508 vero
1422 3464 1477 3510 et
1515 3470 1773 3524 perverse
1804 3462 2029 3526 agentes
2047 3461 2103 3509 et

511 3548 923 3605 calumniantes
965 3563 1069 3605 nos
1113 3547 1421 3620 deepicere,
1462 3549 1619 3604 nihili
1668 3548 1873 3612 facere,
1921 3548 1973 3603 id
2015 3555 2103 3604 est

512 3640 795 3712 negligere
831 3647 1082 3712 oportet;
1117 3639 1214 3696 sed
1247 3643 1412 3696 etiam
1453 3641 1589 3712 ipsis
1620 3642 1850 3709 gratiam
1887 3640 2102 3696 tribue-

512 3747 594 3798 re,
620 3747 687 3788 eo
715 3732 862 3802 quod
904 3732 1041 3786 nihil
1073 3733 1205 3787 mali
1235 3734 1305 3789 ab
1330 3733 1466 3804 ipsis
1490 3735 1784 3803 patiamur,
1810 3733 1939 3789 licet
1967 3732 2105 3788 adli-

512 3841 643 3895 gere
673 3825 922 3881 meditati
969 3827 1116 3893 sint;
1149 3826 1356 3884 idcirco
1406 3826 1694 3898 paciﬁcum
1728 3835 1782 3882 et
1825 3827 2101 3897 placidum

511 3932 639 3973 esse
671 3932 796 3972 cum
829 3918 965 3987 ipsis
996 3926 1246 3988 oportet;
1281 3918 1409 3974 inde
1437 3925 1702 3989 sequetur
1741 3917 2103 3973 diuturnitate

515 4010 782 4080 temporis
818 4018 872 4065 et
927 4010 1341 4081 longanimitate
1387 4011 1531 4081 quod
1579 4026 1677 4066 eos
1721 4008 1958 4065 suadeas
2006 4009 2102 4080 qui

513 4100 647 4157 boni
681 4100 816 4155 ﬂant
852 4109 947 4155 tua
981 4100 1257 4171 probitate
1277 4102 1438 4169 victi;
1472 4100 1680 4157 nemini
1716 4101 1863 4156 enim
1897 4099 2101 4153 malum

515 4206 620 4262 pro
663 4193 809 4247 man
861 4192 1121 4257 reddens,
1170 4193 1469 4248 bonitatem
1517 4201 1572 4248 et
1622 4191 2101 4248 mansuetudinem

514 4289 783 4353 tanquam
822 4285 1088 4353 Optimum
1124 4286 1233 4340 illis
1259 4285 1584 4356 impertiens
1606 4283 1836 4348 donum,
1866 4286 1947 4341 sic
1970 4302 2104 4356 pau-

515 4372 688 4429 lulum
712 4374 1046 4444 meliorabis,
1063 4382 1119 4434 et
1134 4376 1309 4435 malos
1327 4386 1381 4434 et
1399 4378 1665 4434 molestos
1701 4377 1878 4433 bonos
1917 4378 2014 4434 tibi
2046 4386 2103 4434 et

518 4464 723 4536 probos
750 4464 1025 4536 perﬁcies.

515 4642 614 4701 901
658 4641 933 4715 Benignus
966 4654 1078 4701 esto
1109 4647 1376 4713 omnibus,
1406 4649 1453 4703 si
1480 4658 1646 4717 potes.

588 4755 646 4813 Si
668 4765 824 4814 tanta
849 4759 947 4816 tibi
966 4762 1145 4832 gratia
1180 4762 1249 4817 ab
1270 4762 1556 4819 Altissimo
1578 4764 1782 4819 tributa
1814 4774 1901 4821 est
1921 4778 1973 4822 et
1997 4767 2103 4836 vis,

511 4852 607 4923 qui
645 4850 817 4909 Deum
852 4852 1089 4910 imiteris
1123 4870 1284 4926 quem
1308 4856 1566 4912 omnibus
1593 4857 1934 4913 celebramus
1959 4860 2107 4930 opti-

514 4958 690 5008 mum,
714 4950 768 4998 et
792 4942 910 5013 ipse
927 4943 1026 5000 llas
1043 4947 1300 5001 omnibus
1324 4946 1502 5002 bonus
1525 4959 1580 5004 et
1597 4948 1782 5003 utilis:
1805 4953 1938 5021 quid
1954 4953 2099 5007 enim

511 5049 651 5091 sane
676 5035 982 5092 imitatione
1010 5035 1105 5092 Dei
1124 5038 1360 5093 melius?
1386 5038 1492 5094 Sed
1515 5040 1680 5095 homo
1699 5056 1826 5096 cum
1861 5043 2106 5113 sis,quo-

516 5125 683 5181 modo
712 5127 919 5199 poteris
953 5129 1184 5183 bonitati
1214 5130 1317 5200 ipsi
1351 5131 1682 5187 siinilislieri
1710 5141 1764 5187 et
1790 5133 1859 5188 ad
1885 5148 2102 5189 omnem

514 5218 728 5288 pariter
759 5234 983 5275 carnem
1015 5222 1455 5278 misericordiam
1486 5225 1783 5280 extendere
1810 5235 1866 5280 et
1887 5225 2105 5280 bonita-

517 5309 671 5365 tem?
700 5311 952 5383 Simplici
977 5313 1143 5370 corde
1171 5315 1608 5372 misericordiam
1643 5327 1697 5374 et
1725 5332 1972 5372 amorem
2004 5317 2105 5371 ha-

516 5402 649 5460 bere
675 5411 731 5459 et
760 5404 829 5461 de
858 5406 1036 5461 salute
1055 5406 1604 5464 omniumhominum
1632 5409 1875 5465 studium
1901 5410 2107 5466 sentire

518 5510 617 5565 per
647 5494 859 5553 Christi
902 5496 1251 5555 dilectionem
1300 5515 1430 5572 erga
1488 5517 1591 5559 nos
1642 5517 1974 5575 possumus;
2007 5500 2107 5558 sed

520 5587 847 5646 benefacere
875 5591 1134 5648 omnibus
1168 5592 1487 5649 hominibus
1514 5593 1727 5650 homini
1760 5593 2108 5665 impossibile

519 5680 750 5737 omnino
774 5690 894 5749 est;
930 5682 1056 5740 ideo
1084 5684 1233 5741 dicet
1266 5685 1528 5742 omnibus
1552 5683 1672 5741 ﬁeri
1718 5685 1886 5743 utiles
1920 5686 2108 5742 animo

520 5772 725 5827 volenti
769 5773 1025 5832 homines
1055 5776 1387 5849 diligentes;
1414 5787 1467 5834 et
1500 5777 1810 5850 przesertim
1841 5778 2108 5850 proximis

521 5864 755 5935 nostris,
785 5866 953 5925 corde
984 5868 1129 5926 bono
1157 5876 1211 5928 et
1241 5872 1592 5932 sermonibus
1624 5881 1680 5930 et
1720 5870 1979 5943 operibus
2011 5870 2102 5927 be-

2207 3169 2299 3226 οὗν
2326 3174 2454 3237 τοὺς
2485 3171 2686 3234 καλοὺς
2711 3171 2809 3224 καὶ
2839 3170 3103 3233 ἐπιεικεῖς
3126 3169 3221 3223 καὶ
3248 3167 3437 3232 εὔνους
3466 3168 3603 3239 ἡμῖν
3629 3183 3797 3238 προσ-

2206 3264 2450 3336 ηκόντως
2493 3262 2769 3317 ποιεῖσθαι
2798 3260 3007 3316 δίκαιον
3033 3260 3135 3325 τὰς
3164 3259 3421 3332 ἀμοιϐὰς,
3448 3260 3559 3313 εἴτε
3587 3259 3676 3313 διὰ
3704 3258 3796 3312 λό-

2202 3374 2336 3427 γων,
2371 3356 2479 3409 εἴτε
2499 3354 2588 3409 διὰ
2620 3354 2830 3424 δώρων,
2855 3353 3033 3406 εἴτουν
3064 3350 3239 3416 ἄλλως
3267 3352 3336 3405 δι’
3369 3349 3583 3422 ἀγαθῆς
3614 3367 3795 3405 συνει-

2202 3451 2412 3521 δήσεως
2456 3447 2557 3519 τὴν
2609 3445 2766 3511 ἀξίαν
2815 3443 3161 3499 ἀποτιννύναι
3207 3444 3369 3515 χάριν
3413 3441 3592 3515 χρεών
3619 3459 3636 3475 ·
3662 3442 3795 3506 τοὺς

2204 3543 2409 3603 κακοὺς
2436 3538 2494 3592 δὲ
2518 3538 2612 3592 καὶ
2635 3536 3102 3608 πονηρευομένους
3117 3536 3212 3589 καὶ
3235 3535 3630 3607 βασκαίνοντας
3657 3535 3795 3605 ἡμῖν

2204 3632 2555 3704 περιφρονεῖν
2601 3630 2697 3683 καὶ
2726 3628 3056 3695 ἐξοώενοῦν,
3085 3629 3114 3682 ὃ
3140 3628 3288 3681 ἐστιν
3325 3628 3625 3700 ὑπερορᾷν,
3655 3629 3789 3700 χρή·

2204 3723 2341 3778 ἀλλά
2389 3723 2486 3777 καὶ
2533 3720 2745 3784 τούτοις
2800 3722 2960 3793 χάριν
3010 3720 3209 3774 εἰδέναι
3255 3718 3333 3791 τῷ
3383 3719 3551 3790 μηδὲν
3597 3718 3796 3773 παθεῖν

2207 3816 2337 3887 παρ’
2367 3813 2547 3868 αὐτῶν
2579 3812 2776 3877 κακὸν,
2815 3814 2865 3866 εί
2916 3812 3012 3866 καὶ
3042 3812 3228 3876 ἔδοξαν
3267 3810 3457 3864 λυπεῖν
3482 3826 3497 3840 ·
3528 3811 3598 3865 δι’
3627 3811 3657 3865 ὃ
3692 3812 3796 3864 καὶ

2204 3905 2496 3979 εἰρηνικῶς
2522 3906 2615 3959 καὶ
2643 3906 2869 3975 ἀμάχως
2901 3903 3021 3957 δέον
3060 3901 3365 3957 διακεῖσθαι
3397 3902 3537 3974 πρὸς
3568 3904 3792 3969 αὐτοὺς,

2202 3998 2277 4064 ὼς
2323 3998 2387 4053 ἂν
2420 3997 2497 4070 τῷ
2535 3997 2715 4069 πολλῷ
2762 3996 2940 4069 χρόνῳ
2972 3996 3068 4049 καὶ
3093 3998 3162 4068 τῇ
3199 3993 3554 4067 μακροθυμίᾳ
3592 3994 3797 4065 πείσῃς

2204 4091 2299 4143 καὶ
2324 4091 2521 4153 αὐτοὺς
2566 4089 2820 4160 γενέσθαι
2863 4089 3152 4161 χρηστοὺς,
3174 4088 3274 4159 τῆς
3307 4087 3411 4158 σῆς
3450 4086 3797 4158 ἡττημένους

2204 4180 2627 4249 καλοκάγαθίας.
2677 4181 2881 4251 Μηδενὶ
2926 4180 3037 4252 γὰρ
3081 4179 3250 4233 κακὸν
3280 4178 3404 4234 ἀντὶ
3443 4177 3619 4233 κακοῦ
3651 4178 3795 4231 ἀπο-

2202 4273 2396 4337 διδοὺς,
2433 4272 2779 4344 χρηστότητα
2818 4272 2875 4325 δὲ
2914 4272 3008 4326 καὶ
3039 4269 3341 4326 ἐπιείκειαν
3379 4270 3456 4335 ὡς
3492 4269 3799 4342 καλλίστην

2204 4366 2385 4428 αὐτοῖς
2414 4364 2792 4436 ἐπιϐραϐεύων
2821 4363 3051 4436 δωρεὰν,
3080 4363 3223 4416 οὕτω
3258 4362 3401 4417 κατά
3432 4361 3631 4434 μικρὸν
3648 4362 3798 4431 ἀγασ-

2204 4458 2515 4523 θυνεῖς,καὶ
2539 4461 2667 4522 τοὺς
2689 4459 2892 4520 κακοὺς
2922 4457 3018 4510 καὶ
3052 4456 3322 4527 πονηροὺς
3343 4455 3545 4520 καλοὺς
3573 4455 3798 4527 σεαυτῷ

2210 4549 2305 4601 κα)⁸
2339 4550 2609 4620 χρηστοὺς
2640 4547 3009 4610 ἀποτελέσεις.

2199 4661 2299 4716 201
2344 4660 2503 4717 [Idm
2547 4660 2666 4730 μὲν
2728 4661 2853 4716 τσθι
2890 4661 3193 4734 χρηστὸς,
3227 4665 3280 4717 εὶ
3318 4662 3495 4718 τοῦτο
3543 4664 3793 4731 σθένος.

2271 4777 2336 4830 Εἰ
2370 4775 2470 4847 μὲν
2513 4774 2750 4846 τοσαύτη
2811 4793 2893 4830 σοι
2944 4776 3105 4848 χάρις
3159 4775 3365 4831 ἄνωθεν
3406 4776 3795 4850 ἐττεδραδεύθη

2202 4870 2296 4923 καὶ
2330 4870 2503 4938 ἰσχὺς,
2542 4865 2684 4920 ὥστε
2732 4867 2867 4924 Θεὸν
2917 4866 3202 4940 μιμεῖσθαι
3231 4867 3322 4922 τὸν
3363 4870 3473 4931 τοῖς
3506 4868 3797 4940 σύμπασιν

2204 4958 2609 5030 ἀνυμνούμενον
2640 4957 2898 5034 χρηστὸν,
2926 4959 3021 5012 καὶ
3049 4958 3213 5023 αὐτὸς
3234 4958 3385 5026 γίνου
3416 4958 3555 5028 πρὸς
3578 4959 3796 5024 πάντας

2202 5051 2405 5119 ἀγαθὸς
2440 5051 2533 5105 καί
2576 5050 2812 5122 χρηστός
2832 5067 2847 5082 ο
2874 5050 2929 5103 τί
2957 5049 3067 5122 γὰρ
3102 5050 3202 5120 τῆς
3231 5048 3400 5113 ὅντως
3422 5047 3795 5122 θεομιμησίας

2202 5142 2552 5213 ἀγαθώτερον
2603 5140 2668 5196 ἂν
2698 5142 2822 5212 sit];
2867 5140 3010 5195 Ἀλλ’
3041 5138 3328 5210 ἄνθρωπον
3372 5137 3503 5192 ὄντα
3529 5140 3649 5206 πῶς
3677 5137 3796 5196 οἷόν

2200 5251 2260 5289 τε
2314 5235 2382 5305 τῇ
2428 5233 2823 5304 αὐταγαθότητι
2874 5230 3288 5305 ἐξομοιοῦσθαι,
3316 5231 3411 5285 καὶ
3444 5231 3586 5302 πρὸς
3609 5234 3795 5289 πᾶσαν

2202 5325 2290 5379 ἐπ’
2321 5325 2443 5395 ἴσης
2474 5325 2651 5387 σάρκα
2687 5324 2779 5379 τὸν
2816 5322 2964 5377 ἔλεον
3014 5323 3367 5392 ἐπιχορηγεῖν
3391 5321 3486 5374 καὶ
3516 5322 3620 5394 τὴν
3656 5341 3791 5395 χρη-

2206 5416 2475 5487 στότητα;
2517 5417 2590 5471 Τὸ
2639 5415 2738 5486 μὲν
2771 5411 2863 5469 οὖν
2896 5414 3084 5479 ἁπλῶς
3110 5412 3301 5477 ἐλεεῖν,
3328 5413 3423 5466 καὶ
3466 5412 3666 5482 φιλεῖν,
3696 5417 3792 5470 καὶ

2205 5508 2421 5564 πάντων
2467 5508 2772 5581 ἀνθρώπων
2813 5509 3034 5580 ἀγαπᾷν
3088 5508 3189 5580 τὴν
3244 5505 3518 5578 σωτηρίαν
3547 5506 3640 5563 διὰ
3690 5508 3790 5580 τῆ(

2201 5597 2442 5670 Χριστοῦ
2489 5599 2626 5670 πρὸς
2677 5599 2827 5670 ἡμᾶς
2887 5596 3166 5668 δυνάμεθα
3211 5593 3628 5666 φιλανθρωπίας
3664 5612 3679 5625 ’
3712 5595 3793 5665 τῷ

2204 5689 2514 5760 εὐεργετεῖν
2568 5690 2668 5761 μὲν
2701 5691 2911 5752 πάντας
2957 5686 3279 5761 ἀνθρώπους
3321 5685 3600 5759 ἀνθρώπῳ
3651 5704 3784 5741 παν-

2204 5783 2442 5836 τάπασιν
2473 5783 2779 5854 ἀμήχανον,
2800 5783 2865 5837 δι’
2881 5783 2911 5837 ὃ
2932 5782 3080 5850 λέγει
3105 5782 3240 5835 πᾶσι
3268 5779 3368 5852 μὲν
3385 5778 3636 5849 γίνεσθαι
3653 5797 3766 5853 χρη

2208 5874 2367 5939 στοὺς
2401 5876 2471 5947 τῇ
2503 5874 2744 5931 διαθέσει
2795 5873 3409 5947 φιλανθρωπευομένους
3446 5873 3547 5946 τῆς
3575 5872 3798 5947 ψυχῆς,
