4108 6376
340 389 443 445 853

331 507 566 579 μάλιστα
596 501 654 556 δὲ
690 502 801 565 τοῖς
840 499 1149 569 ἐγγίζουσιν
1182 499 1313 570 ἡμῖν
1343 540 1358 563 ,
1389 498 1466 561 ὡς
1518 499 1612 552 καὶ
1649 496 1906 569 προθέσει

328 599 557 671 καρδίας
586 596 682 651 καὶ
705 595 884 664 λόγοις
913 594 1009 646 καὶ
1034 590 1354 663 πράγμασιν
1377 591 1686 661 εὐεργετεῖν
1715 587 1911 642 πολλά-

330 708 419 754 κις
475 686 806 758 δυναμένους
831 687 860 738 ὁ
892 684 1038 757 ἱερὸς
1085 682 1242 751 λόγος
1280 684 1571 753 παραινεῖο
1601 682 1832 751 ἔγγιστα
1856 679 1912 733 δὲ

328 782 457 844 τοὺς
489 780 581 833 τὸν
601 779 803 850 τρόπον
830 776 925 830 τοῦ
958 775 1102 853 κατὰ
1129 774 1262 828 Θεὸν
1295 774 1434 845 βίου,
1471 775 1505 845 ἢ
1536 773 1598 827 τὸ
1626 772 1769 827 κατὰ
1814 771 1915 839 φύ-

334 891 417 926 σιν
439 873 615 942 γένος,
647 872 679 942 ἦ
705 870 800 923 καὶ
836 870 924 923 τὸν
953 870 1119 922 τόπον
1144 867 1495 937 γειτνιῶντας
1516 867 1614 936 τῆς
1645 865 1915 935 οἰκήσεως

333 965 658 1037 διαγορεύει.
682 963 826 1034 Πρὸς
854 963 982 1025 τοὺς
1013 960 1290 1023 τοιούτους
1324 957 1417 1013 οὖν
1439 957 1537 1029 τὴν
1571 956 1915 1027 χρηστότητα

334 1056 533 1128 χρῆναι
586 1054 785 1125 μᾶλλον
832 1052 1257 1107 ἐπιδείκνυσθαι.
1317 1052 1473 1114 Τίνος
1520 1051 1752 1115 ἐνεκεν;
1806 1049 1918 1101 Καὶ

334 1148 452 1212 πῶς
481 1148 590 1219 γὰρ
633 1145 701 1200 ἂν
741 1145 1092 1216 πιστευθείης
1125 1148 1237 1210 τοῖς
1275 1145 1470 1210 ξένοις,
1515 1145 1669 1216 φησὶ,
1696 1144 1791 1196 καὶ
1825 1142 1918 1195 ἁλι

334 1240 563 1311 λοτρίως
611 1239 751 1310 πρὸς
795 1239 855 1291 σὲ
900 1238 1268 1309 διακειμένοις
1305 1238 1506 1307 ἀγαθὸς
1553 1234 1693 1292 εἶναι
1731 1240 1764 1309 ἢ
1797 1237 1918 1308 φιλ-

336 1334 644 1403 άνθρωπος,
674 1333 788 1394 τοῖς
832 1330 1053 1394 οἰκείοις
1096 1331 1280 1394 ἄδικος
1324 1329 1701 1400 δεικνύμενος;
1745 1331 1919 1383 Ἐκεία-

336 1440 445 1487 νοις
482 1423 579 1492 μὲν
617 1420 728 1493 γὰρ
778 1420 951 1485 ξένοις
1004 1416 1154 1475 οῦσιν
1194 1423 1325 1486 ἴσως
1369 1421 1478 1474 οὐδ’
1508 1421 1743 1491 ὀφείλειν
1774 1423 1921 1493 ἐρεῖς

338 1516 500 1580 καλὸς
526 1512 688 1579 εἶναι,
711 1517 823 1579 τοῖς
854 1514 1126 1583 ἐγγίζουσι
1144 1514 1201 1567 δὲ
1229 1514 1353 1568 καθ’
1383 1514 1661 1568 ὁποιονοῦν
1691 1515 1798 1568 τῶν
1839 1518 1921 1568 εἰ-

341 1611 597 1684 ρημένων
640 1611 840 1681 τρόπον
884 1608 1101 1672 πάντως
1145 1608 1382 1679 ὀφείλεις
1408 1603 1548 1661 εἶναι
1592 1607 1916 1680 περιδέξιος.

341 1705 513 1775 Εἴπερ
551 1698 644 1757 οὖν
674 1703 884 1765 τούτοις
914 1702 977 1755 οὐ
1016 1701 1222 1765 δίκαιος
1250 1701 1662 1775 καταλαμϐάνῃ,
1687 1702 1799 1764 τοῖς
1833 1700 1943 1754 άλ-⁴

341 1796 572 1867 λοτρίοις
599 1795 694 1848 καὶ
731 1792 948 1864 μακρὰν
979 1792 1179 1859 πόσον;

339 1886 444 1939 905
490 1886 550 1938 Τί
590 1885 786 1938 πάντα
826 1885 933 1937 τὸν
977 1883 1283 1953 δύστηνον
1322 1883 1633 1953 αἰτιώμεθα

338 1958 444 2012 206
500 1959 762 2026 Ἐχθρόν;

414 2048 535 2101 Ὅτι
585 2048 646 2100 οὐ
679 2045 784 2119 χρὴ
817 2048 995 2102 πάντα
1026 2047 1228 2117 τρόπον
1261 2047 1355 2101 τὸν
1404 2047 1718 2118 δυσώνυμον
1745 2049 1924 2101 αίτιᾶ-

343 2135 467 2188 σθαι
488 2135 751 2201 Σατανᾶν,
777 2136 852 2197 ὡς
875 2135 976 2205 τῆς
993 2137 1050 2188 ἐν
1068 2138 1201 2207 ἡμῖν
1221 2136 1498 2207 ἁμαρτίας
1528 2135 1588 2188 τὸ
1613 2137 1733 2190 ὅλον
1763 2138 1925 2191 αὐτὸν

343 2226 515 2279 αἴτιον
546 2226 859 2296 ὑπάρχοντα
877 2244 889 2256 ·
908 2226 1083 2297 τούτῳ
1111 2226 1221 2297 γὰρ
1244 2226 1321 2297 τῷ
1345 2228 1531 2298 τρόπῳ
1554 2228 1630 2291 ὡς
1650 2229 1925 2292 ἀναιτίους

343 2318 569 2381 ἑαυτοὺς
600 2318 1044 2389 ὑπολογιζόμενοι
1070 2319 1325 2390 ἀκρατῶς
1349 2337 1408 2372 τε
1429 2320 1522 2373 καὶ
1548 2320 1818 2390 ἀχαλίνως
1847 2320 1925 2391 τῷ

345 2407 639 2477 φιληδόνως
671 2406 840 2477 βιοῦν.
874 2408 975 2477 τὴν
1010 2406 1256 2471 ἐξουσίαν
1285 2407 1551 2476 ἐφιέντες,
1580 2410 1716 2481 πρὸς
1746 2413 1926 2464 πᾶσαν

345 2498 796 2569 ὑποχαυνούμεθα
842 2499 1208 2569 παρανομίαν.
1247 2500 1311 2552 Τί
1358 2493 1453 2553 οὖν
1498 2500 1750 2571 ποιητέον
1795 2503 1925 2571 ἡμῖν

346 2593 378 2662 ἦ
430 2592 546 2656 πῶς
580 2592 953 2662 ὑποληπτέον;
981 2591 1308 2663 Μέμφεσθαι
1342 2593 1442 2663 μὲν
1476 2593 1508 2663 ἢ
1536 2593 1598 2646 τὸ
1645 2597 1754 2647 πᾶν
1788 2594 1821 2663 ἢ
1865 2594 1926 2645 τὸ

348 2685 508 2738 πλέον
553 2685 645 2737 καὶ
689 2684 1040 2755 κατακρίνειν
1090 2685 1367 2755 προσῆκεν
1414 2684 1603 2738 ἑαυτὸν
1630 2724 1647 2749 ,
1692 2685 1767 2750 ὡς
1821 2686 1927 2758 ίδίᾳ

345 2776 522 2847 ψυχῆς
546 2776 885 2847 προαιρέσει,
914 2775 1029 2829 ἀλλ’
1067 2776 1293 2848 οὐδεμιᾷ
1314 2794 1418 2830 τινι
1450 2776 1651 2841 ἔξωθεν
1678 2776 1768 2849 βίᾳ
1789 2779 1927 2849 πρὸς

347 2868 446 2939 τὴν
480 2868 679 2921 κακίαν
716 2866 1118 2937 συνωθούμεθα,
1152 2869 1246 2921 καὶ
1296 2867 1439 2921 οὑτω
1476 2869 1652 2938 πάντη
1699 2870 1928 2933 ἑαυτοὺς

349 2960 732 3022 ταπεινοῦντες
759 2960 852 3013 καὶ
878 2958 1285 3023 ὲξουθενοῦντες
1337 2960 1561 3030 σφόδρα,
1592 2960 1890 3029 ἐλεούμεθα
1909 2979 1922 2992 ’

346 3054 409 3106 τὸ
433 3052 593 3107 πλέον
624 3052 681 3105 δὲ
730 3052 975 3116 ἑαυτοὺς,
1011 3051 1124 3105 ἀλλ’
1146 3052 1204 3104 οὑ
1236 3052 1296 3103 τὸ
1326 3051 1447 3105 ὅλον
1476 3052 1813 3122 αἰτιώμενοι,
1832 3053 1928 3105 καὶ

349 3143 522 3206 οὑτως
573 3138 734 3215 ἦττον
785 3144 882 3212 μὲν
911 3141 1337 3211 ταπεινούμεθα,
1371 3141 1703 3212 συγγνώμης
1750 3143 1795 3195 δ’
1834 3138 1927 3195 οὖν

350 3238 497 3306 ὅμως
536 3237 628 3288 καὶ
675 3234 824 3287 ἐλέου
875 3233 1190 3303 ἁξιούμεθα.
1226 3232 1442 3287 Είδέναι
1471 3233 1527 3286 δὲ
1556 3234 1728 3298 ἄξιον,
1762 3235 1839 3297 ὡς
1870 3233 1931 3286 τὸ

350 3329 461 3397 πῦρ
503 3326 602 3395 μὲν
628 3326 721 3378 τοῦ
744 3324 918 3395 θυμοῦ
940 3325 1034 3377 καὶ
1055 3324 1155 3392 τῆς
1178 3323 1473 3394 ἐπιθυμίας
1507 3326 1639 3394 παρ’
1660 3323 1817 3394 ἡμῶν
1838 3324 1933 3376 καὶ

349 3418 449 3486 τῆς
483 3414 760 3487 ἡμετέρας
792 3412 1026 3483 φύσεως,
1059 3413 1203 3484 ἅπερ
1239 3415 1296 3466 ἐν
1321 3412 1400 3483 τῷ
1429 3413 1787 3485 αὐτοκράτορι
1819 3415 1933 3466 κεῖ-

350 3524 441 3559 ται
487 3504 769 3575 λογισμῷ,
800 3504 933 3577 προς
970 3504 998 3556 ὅ
1029 3503 1275 3573 βούλεται
1331 3504 1531 3576 ἀρετήν
1561 3504 1621 3556 τέ
1664 3521 1803 3573 φημι
1838 3503 1933 3555 καὶ

354 3599 574 3665 κακίαν,
605 3596 865 3660 οἰακίζειν
907 3614 966 3648 τε
1003 3596 1095 3649 καὶ
1138 3595 1418 3663 διιθύνειν,
1450 3596 1543 3649 καὶ
1593 3594 1932 3649 ὑπανιέντων

357 3694 454 3761 μὲν
483 3691 746 3761 θελήματι
806 3689 902 3743 καὶ
951 3689 1211 3757 ἐφιέντων
1245 3688 1587 3758 ὑφάπτεσθαι
1630 3690 1690 3741 τὸ
1728 3687 1861 3758 πῦρ,
1904 3689 1932 3739 ὁ

364 3783 587 3854 Ἐχθρὸς
622 3783 841 3852 ἐμφυσᾷ
875 3780 1198 3851 παρὼν,κα“ι
1236 3783 1315 3844 είς
1340 3780 1583 3850 μεγάλην
1616 3779 1773 3832 τοῦτο
1799 3779 1930 3831 πολ-

351 3876 508 3937 λάκις
556 3871 902 3944 ἁναρῤιπίζει
956 3872 1129 3941 φλόγα
1156 3889 1171 3904 ⁶
1197 3873 1500 3942 ἐπεχόντων
1550 3872 1605 3925 δὲ
1646 3872 1932 3945 φιλοσοφίᾳ

352 3965 445 4016 καὶ
475 3960 784 4031 φιλοπονίᾳ,
813 3960 904 4013 καὶ
938 3963 1004 4030 τῇ
1038 3963 1311 4030 προσφυεῖ
1332 3961 1443 4014 τῶν
1481 3960 1731 4030 δακρύων
1762 3978 1934 4015 κατα-

353 4056 685 4109 σϐενερύντων
719 4056 971 4125 ἐπιρροῇ,
995 4054 1087 4107 καί
1121 4072 1183 4123 γε
1212 4053 1371 4106 τοῦτο
1402 4054 1772 4124 μαραινόντων
1810 4056 1933 4118 ταῖς

351 4144 488 4215 πρὸς
519 4145 578 4197 τὸ
602 4145 851 4215 οὐράνιον
883 4146 993 4215 πῦρ
1012 4144 1101 4197 τοῦ
1124 4144 1215 4197 νοῦ
1249 4145 1604 4213 ἁναγωγίαις,
1626 4146 1787 4209 αὐτός
1814 4163 1874 4199 τε
1903 4148 1933 4199 ὁ

349 4236 667 4301 ὲξανάπτων
700 4237 996 4290 ἀπόλλυται
1032 4238 1311 4309 Δυσμενὴς
1332 4279 1345 4301 ,
1376 4239 1471 4291 καὶ
1517 4240 1679 4309 ἡμεῖς
1719 4238 1933 4293 ἐλευθε-

354 4331 613 4401 ρούμεθα.

348 4510 454 4563 209
494 4508 590 4576 Μὴ
637 4508 848 4577 σφόδρ’
873 4509 1123 4561 ἕπεσθαι
1168 4508 1464 4575 παιγνίοις
1501 4508 1820 4563 ἐνυπνίων.

422 4601 596 4671 Πολλὴ
628 4601 721 4653 καὶ
751 4599 1028 4669 ἀμύθητος
1056 4602 1089 4670 ἡ
1143 4599 1251 4652 τῶν
1302 4600 1567 4654 ἐνυπνίων
1618 4602 1929 4671 καθέστηκε

348 4692 601 4763 διαφορά.
640 4693 795 4745 Ἔστι
821 4691 917 4762 μὲν
939 4690 1186 4744 ἐνύπνιον
1214 4690 1301 4744 διὰ
1330 4691 1647 4761 Πνεῦματος
1670 4693 1928 4764 ἀληθείας

348 4784 744 4855 ὲνεργούμενον
769 4825 784 4847 ,
830 4784 929 4835 οὐκ
973 4783 1030 4834 ἐν
1078 4785 1386 4854 προφήταις
1413 4787 1506 4838 καὶ
1534 4785 1711 4851 ἁγίοις
1744 4785 1926 4856 μόνον,

346 4878 463 4932 ἀλλ’
508 4877 654 4929 ἐστιν
698 4876 785 4928 ὅτε
830 4876 923 4927 καὶ
967 4876 1025 4927 ἐν
1072 4875 1348 4945 βασιλεῦσι
1396 4878 1488 4930 καὶ
1531 4878 1757 4949 ἄρχουσι
1801 4878 1925 4949 γῆς,

346 4969 538 5041 ὃρασίν
592 4985 713 5022 τινα
762 4967 829 5020 δι’
876 4967 1195 5037 αἰνίγματος
1249 4968 1600 5032 ὑποτυποῦν,
1654 4972 1749 5023 καὶ
1799 4989 1927 5023 συν-

347 5062 722 5131 εσκιασμένως
749 5061 810 5112 τὸ
848 5060 1037 5130 μέλλον
1070 5061 1147 5131 τῷ
1174 5062 1367 5133 ὁρῶντι
1397 5062 1724 5133 προδηλοῦν
1770 5064 1929 5117 τοῦτο

345 5154 403 5206 δὲ
436 5154 497 5207 οὐ
527 5153 663 5206 πολύ
693 5152 812 5205 οὐδὲ
842 5152 1100 5216 πολλάκις
1146 5154 1265 5206 οὐδὲ
1298 5157 1409 5216 τοῖς
1452 5154 1705 5225 τυχοῦσιν
1729 5196 1743 5219 ,
1788 5156 1928 5209 ἀλλὰ

346 5247 455 5307 τοῖς
490 5243 661 5308 ἀξίοις
709 5244 1002 5314 συμϐαῖνον
1044 5245 1360 5317 καθορᾶται.
1403 5248 1557 5300 Ἔστι
1590 5248 1646 5300 δὲ
1675 5248 1923 5312 ἐνύπνια,

347 5336 549 5406 μᾶλλον
575 5335 630 5388 δὲ
667 5334 825 5404 βυθὸς
862 5336 1126 5389 ἐνυπνίων
1157 5338 1413 5408 ἄρρητος,
1446 5339 1692 5411 ἄπειρος,
1724 5340 1923 5405 ἁδιεξί-

347 5443 525 5497 τητος,
554 5428 687 5497 ὄναρ
711 5430 821 5490 τοῖς
864 5427 1173 5498 ἀνθρώποις
1200 5430 1459 5483 ὑπνοῦσιν
1490 5433 1837 5495 ὑποπίπτων,
1867 5433 1925 5487 ὃν

346 5517 687 5587 ματαιότητα
725 5520 1099 5590 ματαιοτήτων
1132 5521 1337 5591 κυρίως
1385 5521 1451 5574 ἄν
1489 5539 1575 5586 τις
1620 5524 1882 5593 ὀνομάσαι
1910 5542 1921 5555 ο

349 5610 521 5663 πάντα
562 5613 658 5681 μὲν
700 5612 809 5683 γὰρ
847 5613 923 5684 τῷ
956 5614 1071 5668 ὄντι
1102 5616 1399 5688 ματαιότης
1429 5618 1664 5689 ὑπάρχει
1706 5620 1776 5673 τὰ
1828 5622 1922 5673 ἁν-

345 5699 623 5771 θρώπινα·
676 5704 745 5757 τὰ
772 5706 829 5759 δὲ
872 5707 1081 5759 τούτων
1113 5707 1369 5779 ὀνείρατα
1422 5709 1455 5779 ἦ
1501 5710 1609 5764 ἀπὸ
1653 5711 1747 5765 τοῦ
1796 5712 1923 5783 θρε-

346 5792 539 5846 πτικοῦ
576 5796 772 5867 μέρους
803 5798 901 5869 τῆς
932 5799 1111 5870 ψυχῆς
1136 5799 1480 5870 λαμϐάνοντα
1512 5803 1610 5874 τὴν
1644 5804 1922 5878 ἀφορμὴν,

348 5884 379 5955 ἢ
411 5884 518 5939 ὰπὸ
553 5886 644 5940 τοῦ
690 5887 1005 5961 αἰσθητικοῦ
1052 5891 1144 5944 καὶ
1180 5892 1277 5961 τῆς
1304 5893 1412 5945 τῶν
1449 5894 1719 5966 αίσθητῶν
1750 5915 1926 5952 ποικι-

1399 377 1467 432 IN
1504 376 1814 432 (IARMINA
1854 373 2133 430 ARCANA
2167 373 2224 430 S.
2256 368 2608 428 GREGORII.

3496 356 3601 411 sm

2015 492 2272 548 nefacere
2301 506 2447 561 saepe
2474 489 2743 555 valentes,
2781 500 2883 542 nos
2923 492 3175 542 sanctum
3217 481 3444 535 verbum
3469 480 3604 534 hor-

2015 592 2199 651 tatur;
2240 583 2519 653 proximos
2550 596 2677 635 vere
2707 587 2762 634 et
2815 577 2908 648 qui
2951 575 3197 631 moribus
3234 573 3360 628 vitae
3401 585 3603 628 secun-

2015 678 2146 731 dum
2181 674 2375 737 Deum,
2403 681 2458 728 et
2497 674 2590 743 qui
2628 680 2823 725 natura
2852 678 2907 726 et
2937 668 3164 732 familia,
3200 677 3256 722 et
3296 666 3392 736 qui
3434 663 3599 719 domo

2018 767 2185 822 vicini
2216 774 2347 821 sunt
2378 765 2753 829 habitationis,
2788 768 3071 832 supputat.
3102 759 3242 830 Erga
3284 753 3598 826 hujusmodi

2020 859 2306 929 proximos
2340 858 2516 926 magis
2547 857 2846 911 bonitatem
2877 852 3169 909 ostendere
3197 858 3434 922 oportet,
3465 850 3606 904 cur?

2021 951 2086 1004 Et
2132 949 2409 1021 quomodo
2458 949 2619 1004 ﬁdem
2670 947 2947 1003 obtinebis
2994 946 3063 1000 ab
3110 945 3257 1009 aliis,
3300 942 3498 1013 inquit,
3548 950 3606 997 et

2023 1046 2185 1115 longe
2210 1061 2240 1097 a
2268 1053 2321 1099 te
2344 1042 2681 1106 viventibus,
2717 1040 2863 1111 quod
2895 1040 3076 1094 bonus
3108 1039 3207 1103 sis,
3241 1048 3336 1090 aut
3364 1034 3608 1090 charita~

2019 1146 2129 1192 tem
2171 1138 2375 1192 habeas
2422 1151 2552 1206 erga
2599 1134 2881 1194 homines,
2921 1133 3013 1202 qui
3058 1130 3325 1201 proximis
3364 1128 3603 1197 injustus

2019 1227 2366 1299 appareres?
2394 1226 2520 1280 lstis
2554 1224 2777 1294 quidem
2820 1221 3014 1275 alienis
3048 1218 3188 1273 nihil
3219 1216 3424 1271 referre
3456 1214 3606 1268 dives

2020 1326 2077 1373 te
2139 1334 2261 1374 esse
2323 1319 2553 1377 bonum,
2610 1330 2734 1387 erga
2781 1314 3062 1384 proximos
3128 1325 3258 1365 vero
3305 1309 3453 1363 omni
3497 1322 3606 1376 qua

2020 1411 2288 1473 diximus,
2342 1410 2554 1463 ratione
2609 1407 2830 1462 omnino
2889 1406 3057 1460 debes
3105 1402 3436 1459 benevolens
3462 1414 3605 1454 esse.

2023 1503 2080 1557 Si
2126 1503 2295 1572 igitur
2329 1517 2437 1555 non
2482 1501 2670 1570 justus
2700 1498 2845 1569 apud
2877 1498 3027 1567 ipsos
3062 1496 3382 1561 inveniaris,
3413 1491 3613 1547 alienis

2021 1602 2072 1649 et
2108 1595 2194 1649 his
2222 1595 2316 1665 qui
2352 1609 2381 1647 a
2420 1594 2581 1663 longe
2610 1601 2739 1648 sunt
2772 1591 3051 1662 quomodo
3078 1589 3229 1645 eris?

2029 1872 2136 1929 205
2167 1872 2277 1927 Cur
2309 1873 2363 1926 in
2396 1873 2637 1927 omnibus
2669 1872 2919 1926 miserum
2955 1886 3232 1924 causemus

2027 1946 2134 2000 206
2170 1943 2491 1999 Inimicum?

2099 2037 2240 2103 Quia
2269 2052 2379 2092 non
2410 2043 2627 2107 oportet
2650 2036 2798 2090 omni
2830 2035 2992 2089 modo
3034 2034 3322 2089 sinistrum
3362 2032 3614 2090 accusari

2030 2127 2288 2183 Satanam
2314 2129 2473 2198 quasi
2506 2129 2685 2183 omnis
2727 2129 2936 2197 peccati
2971 2128 3025 2182 in
3060 2128 3221 2183 nobis
3251 2143 3419 2182 causa
3465 2128 3615 2181 inve-

2028 2220 2247 2287 niatur;
2273 2220 2376 2275 hoc
2421 2221 2583 2276 modo
2612 2223 2755 2275 enim
2784 2222 2937 2290 quasi
2968 2222 3222 2275 innoxios
3249 2221 3615 2291 nosmetipsos

2027 2312 2398 2377 absolventes,
2440 2313 2493 2365 in
2542 2313 2914 2380 voluptatibus
2944 2327 3046 2366 nec
3087 2312 3349 2366 domitam
3392 2327 3491 2366 nec
3527 2328 3617 2365 re-

2030 2403 2294 2457 frenatam
2341 2406 2505 2457 vitam
2543 2403 2830 2474 degentes,
2885 2404 3046 2460 nobis
3094 2404 3320 2457 nimium
3370 2404 3616 2476 indulge-

2031 2513 2154 2551 mus
2196 2505 2250 2551 et
2286 2496 2589 2552 secundum
2621 2512 2837 2551 onmem
2875 2496 3264 2566 praesumimus
3310 2503 3617 2567 transgres-

2030 2589 2261 2643 sionem.
2297 2587 2439 2653 Quid
2469 2602 2600 2658 ergo
2633 2588 2795 2643 nobis
2834 2588 3171 2653 faciendum,
3217 2596 3313 2643 aut
3340 2588 3617 2658 quomodo

2027 2676 2413 2749 cogitandum?
2438 2689 2687 2735 nostrum
2715 2689 2801 2735 est
2854 2680 3229 2751 nosmetipsos
3260 2680 3375 2734 sive
3406 2679 3475 2735 de
3506 2690 3618 2734 toto

2027 2770 2144 2825 sive
2180 2769 2249 2823 de
2297 2768 2491 2837 majori
2542 2784 2695 2838 parte
2745 2785 2976 2841 arguere
3010 2778 3065 2824 et
3111 2770 3479 2825 condemnare
3521 2773 3616 2841 qui

2028 2860 2250 2931 proliria
2282 2859 2451 2914 animi
2497 2862 2812 2927 voluntate,
2868 2863 2961 2916 sed
3012 2864 3161 2917 nulla
3198 2875 3458 2919 extranea
3502 2868 3619 2917 vioa

2031 2954 2196 3008 lentia
2252 2952 2319 3007 ad
2363 2954 2566 3008 malum
2612 2956 2980 3020 concitantur,
3024 2965 3079 3011 et
3119 2957 3201 3011 sic
3250 2959 3621 3026 nosmetipsos

2029 3046 2267 3100 humiles
2291 3053 2346 3100 et
2366 3048 2809 3117 contemptibiles
2838 3049 3194 3118 agnoscimus
3221 3052 3482 3121 omnique
3515 3054 3617 3105 mi-

2039 3139 2337 3194 sericordia
2372 3140 2570 3209 dignos
2596 3141 2900 3195 reddimus.
2926 3141 3029 3207 Qui
3061 3157 3192 3196 vero
3218 3143 3411 3211 majori
3440 3156 3618 3213 parte.

2038 3232 2135 3287 sed
2163 3248 2270 3285 non
2301 3234 2546 3288 totaliter
2600 3233 2978 3303 nosmetipsos
3024 3248 3372 3301 accusamus,
3407 3236 3487 3291 sic
3517 3237 3621 3289 mi.

2034 3342 2141 3380 nus
2174 3325 2557 3390 humiliamur,
2595 3327 2811 3381 veniam
2850 3336 3034 3381 tamen
3079 3337 3134 3382 et
3180 3328 3620 3382 misericordiam

2034 3417 2237 3487 pariter
2284 3432 2709 3486 consequemur.
2765 3416 2938 3471 Porro
2990 3417 3275 3471 sciendum
3332 3418 3491 3473 nobis
3537 3427 3622 3472 est

2034 3510 2311 3579 quomodo
2343 3510 2437 3563 ira:
2469 3508 2634 3562 ardor
2659 3516 2713 3563 et
2740 3508 3202 3579 concupiscentia:
3247 3510 3303 3564 in
3334 3510 3494 3565 nobis
3522 3526 3623 3564 na-

2026 3603 2286 3657 turaliter
2317 3603 2517 3662 insitae,
2543 3603 2607 3655 ad
2637 3616 2699 3656 ea
2728 3617 2850 3671 qua:
2882 3602 2936 3654 in
2959 3601 3321 3672 intelligentia
3343 3602 3513 3657 libera
3537 3619 3618 3657 re-

2033 3703 2438 3765 praesentantur
2474 3701 2635 3763 prout
2666 3693 2923 3748 virtutem
2958 3694 3113 3763 eligit
3156 3705 3250 3749 aut
3292 3697 3617 3766 nequitiam,

2034 3786 2427 3855 gubernandus
2456 3796 2540 3841 est
2576 3795 2630 3840 et
2662 3785 3004 3855 dirigendus.
3030 3783 3107 3841 De
3140 3786 3385 3857 diligenti
3424 3790 3620 3843 volun-

2035 3884 2145 3931 tate
2172 3877 2581 3933 remittentibus
2609 3885 2664 3933 et
2707 3876 3142 3933 desciscentibus
3172 3889 3316 3934 astat
3362 3880 3622 3936 inimicus

2034 3970 2211 4039 ignem
2248 3970 2505 4023 ardenter
2543 3970 2815 4033 excitans,
2852 3984 3108 4040 saepeque
3164 3971 3218 4025 in
3256 3986 3509 4042 magnum
3537 3973 3619 4027 in-

2033 4060 2285 4113 cendium
2336 4073 2695 4128 prorumpere
2756 4058 2930 4125 facit;
2995 4076 3025 4114 a
3075 4061 3461 4118 resistentibus
3511 4079 3623 4134 pra:

2035 4152 2378 4221 philosophia
2420 4159 2474 4206 et
2502 4152 2811 4222 diligentia,
2858 4154 3227 4224 laerymarum
3272 4158 3483 4225 copiam
3528 4157 3624 4210 ad-

2028 4245 2390 4312 jungentibus
2415 4252 2467 4296 et
2496 4260 2604 4312 pra:
2635 4246 2836 4299 urentis
2869 4246 2935 4299 ad
2974 4247 3150 4315 ignem
3185 4248 3464 4303 cmlestem
3510 4252 3625 4303 ela-

2034 4336 2184 4389 tione
2215 4337 2653 4401 tabescentibus,
2685 4336 2801 4405 ipse
2828 4338 2972 4406 perit
2999 4338 3176 4394 hostis
3201 4341 3293 4409 qui
3329 4341 3625 4397 incendere

2034 4427 2358 4491 conabatur,
2386 4436 2440 4481 et
2470 4428 2574 4497 ipsi
2606 4429 2921 4484 liberamur.

2038 4519 2147 4575 209
2180 4518 2292 4572 Nec
2327 4520 2480 4574 valde
2507 4522 2720 4575 secteris
2749 4521 2982 4576 ludibria
3005 4525 3352 4581 somniorum.

2102 4611 2268 4665 Multa
2293 4621 2348 4666 et
2371 4612 2583 4666 inﬁnita
2611 4616 2947 4668 somniorum
2974 4619 3187 4685 species
3213 4628 3331 4673 :est
3349 4623 3625 4678 somnium

2032 4706 2175 4777 quod
2210 4714 2471 4776 operatus
2514 4714 2597 4761 est
2628 4709 2878 4763 veritatis
2921 4710 3183 4779 Spiritus,
3216 4729 3324 4767 non
3355 4716 3533 4770 solum
3566 4720 3623 4775 in

2032 4798 2315 4868 prophetis
2346 4806 2398 4851 et
2437 4798 2669 4862 sanctis,
2701 4799 2796 4853 sed
2826 4800 2988 4853 etiam
3034 4802 3089 4855 in
3125 4804 3346 4873 regibus
3390 4813 3442 4860 et
3475 4808 3622 4876 prin-

2031 4887 2247 4957 cipibus
2281 4894 2459 4947 terrm,
2495 4904 2620 4940 cum
2651 4890 2704 4941 in
2736 4894 3025 4959 aenigmate
3055 4900 3110 4947 et
3139 4895 3373 4950 confuse
3415 4898 3622 4954 νίάθηιί

2030 4977 2272 5030 futurum
2316 4977 2605 5045 panditur;
2668 4979 2813 5032 istud
2865 4988 3045 5033 autem
3097 4998 3205 5036 non
3240 4985 3471 5038 multum
3520 5002 3623 5041 nec

2030 5086 2175 5138 saepe
2229 5084 2330 5122 nec
2368 5069 2421 5121 in
2463 5068 2755 5139 cujusque,
2791 5071 2887 5125 sed
2927 5072 2982 5124 in
3032 5072 3274 5129 favorem
3328 5076 3620 5147 dignorum

2028 5163 2294 5231 contingit
2321 5161 2514 5216 videri.
2538 5165 2679 5217 Sunt
2703 5164 2938 5229 somnia,
2967 5166 3047 5219 vel
3073 5167 3253 5236 potius
3280 5172 3620 5226 somniorum

2030 5251 2151 5307 fons
2185 5261 2269 5306 est
2298 5251 2612 5316 ineffabilis,
2642 5253 2965 5319 immensus,
2998 5257 3459 5328 iuconnneabilis,
3493 5265 3625 5318 dor-

2029 5344 2322 5399 mientibus
2341 5345 2483 5399 visio
2500 5345 2813 5401 hominibus
2832 5351 3222 5418 advenitqnaun
3242 5351 3453 5408 Domini
3470 5371 3627 5412 more

2026 5438 2321 5492 vanitatem
2376 5438 2676 5491 vanitatum
2712 5448 2933 5494 vocaret
2983 5444 3186 5510 quivis.
3213 5444 3423 5499 Cuncta
3472 5450 3619 5503 enim

2025 5530 2242 5584 vanitas
2265 5530 2449 5599 reipsa
2478 5529 2718 5583 humana
2753 5539 2913 5594 sunt,
2946 5535 3061 5587 sive
3092 5548 3161 5587 ex
3187 5535 3383 5590 alenda
3418 5540 3620 5595 anima!

2024 5630 2182 5692 parte
2238 5624 2589 5677 occasionem
2650 5624 3022 5693 accipientes,
3085 5630 3201 5683 sive
3249 5646 3315 5684 ex
3373 5635 3624 5690 sensibili

2024 5722 2181 5784 parte
2223 5723 2277 5769 et
2330 5715 2679 5771 sensibilium
2743 5719 3007 5774 varietate
3063 5722 3369 5791 procedunt
3424 5725 3622 5782 horum

2031 5809 2280 5862 fictiones
2309 5824 2447 5877 quas
2482 5824 2695 5877 semper
2731 5810 3000 5880 evigilans
3046 5814 3400 5872 multifariam
3444 5822 3623 5877 sensi—

2033 5901 2245 5959 bilitate
2278 5901 2380 5957 sibi
2422 5901 2524 5971 ipsi
2576 5901 2751 5972 cﬂingi
2802 5905 2947 5959 videt
2979 5906 3177 5961 anima.
3212 5908 3385 5968 Porro
3411 5920 3623 5983 specie-
