4108 6376
434 318 541 376 85$

431 456 581 502 rum,
618 437 757 509 qu'as
779 436 921 490 intra
954 448 1012 488 se
1045 432 1150 488 sibi
1184 431 1524 490 informavit.
1551 428 1795 498 reliquas
1826 428 1883 481 in
1915 442 2034 481 me-

436 531 616 586 moria
661 527 924 582 turbatim
953 533 1007 580 et
1034 523 1266 578 confuse
1313 537 1501 578 secum
1539 521 1596 576 in
1631 519 1845 576 somnis
1868 533 2039 589 repu-

433 635 582 685 tans,
611 629 666 677 et
695 620 933 674 obscura
961 617 1177 673 somnia
1209 617 1415 686 fingere
1442 614 1693 670 illuditur
1723 621 1778 667 et
1806 622 2041 683 vagatur

433 723 628 785 patens
663 711 964 766 vanitatum
1009 709 1372 764 vanitatibus.
1410 705 1484 761 De
1519 706 1723 776 quibus
1755 720 1907 775 ergo,
1942 705 2028 759 vel

435 803 505 858 de
540 801 879 873 quotidianis
930 798 1193 870 operibus
1239 805 1292 852 et
1344 797 1629 852 laboribus
1678 806 1732 851 et
1759 795 2039 849 sollicitu-

438 893 662 948 dinibus
691 891 922 960 vestigia
964 889 1213 959 quaedam
1247 903 1345 958 per
1393 903 1656 943 sensuum
1703 886 2041 941 sedationem

441 983 777 1054 imaginandi
805 991 860 1037 et
892 981 1230 1050 intelligendi
1262 981 1344 1035 vis
1376 980 1430 1033 in
1456 980 1640 1032 anima
1685 991 1901 1047 semper
1928 993 2046 1032 mo-

441 1073 568 1129 bilis
614 1082 667 1128 et
715 1071 936 1126 tabulas
985 1069 1306 1132 elformans,
1343 1067 1699 1122 multifariam
1750 1068 1806 1122 in
1860 1066 2048 1137 requie

441 1180 584 1220 vane
611 1173 665 1218 et
693 1162 924 1217 futiliter
977 1162 1254 1227 somniat;
1291 1160 1516 1222 similia,
1551 1160 1715 1214 etiam
1763 1160 2047 1214 hominum

445 1256 645 1328 agendi
692 1255 1004 1310 rationibus
1035 1263 1089 1307 et
1120 1269 1218 1322 per
1266 1253 1430 1306 vitam
1481 1253 1678 1306 studiis
1730 1251 1909 1319 angeli
1956 1262 2051 1319 per

445 1355 696 1418 ipsorqu
737 1347 856 1402 dies
902 1346 1253 1408 comitantes,
1304 1344 1432 1398 boui
1476 1352 1568 1397 aut
1602 1343 1755 1407 mali,
1804 1340 2050 1395 veritatis

445 1451 544 1496 aut
578 1440 852 1496 mendacii
902 1446 1190 1503 amantes,
1235 1437 1578 1491 diversarum
1639 1434 1947 1505 specierum
1998 1438 2053 1486 et

446 1533 751 1587 formarum
782 1538 1182 1602 repraesentant
1223 1528 1462 1591 somnia,
1498 1527 1657 1580 aliter
1693 1526 1816 1580 aliis
1847 1545 1859 1579 :
1895 1525 2055 1580 aliter

449 1625 562 1681 illis
621 1625 715 1696 qui
767 1625 821 1677 in
877 1623 1139 1678 cordibus
1192 1637 1314 1676 sese
1369 1620 1537 1674 verbo
1585 1626 1639 1673 et
1685 1618 2054 1674 instructione

449 1725 712 1772 exercent
745 1717 945 1786 effigies
988 1716 1265 1784 praebent;
1321 1712 1481 1765 aliter
1534 1710 1658 1764 istis
1711 1711 1804 1780 qui
1854 1710 1910 1764 in
1957 1709 2056 1764 de—

451 1821 604 1869 serto
634 1811 932 1866 asceticum
957 1817 1012 1862 et
1037 1806 1347 1862 solitarium
1376 1811 1686 1874 sequuntur
1713 1818 1943 1856 morem.
1975 1801 2052 1857 De

453 1902 621 1956 rebus
676 1899 880 1969 quibus
937 1896 1268 1951 incumbunt
1323 1895 1645 1948 occasiones
1697 1902 1751 1947 et
1807 1899 2054 1956 sumunt,

454 2002 670 2048 tentant
728 2001 782 2046 et
844 1990 1012 2043 variis
1061 1987 1239 2042 modis
1297 1986 1353 2040 in
1405 1987 1657 2055 corporis
1725 1986 2059 2039 dormitione

457 2087 697 2138 animam
743 2082 928 2153 vagari
969 2081 1216 2134 faciunt:
1253 2095 1360 2132 uno
1387 2080 1575 2141 verbo,
1610 2077 1916 2146 analogiam
1967 2077 2058 2129 in-

459 2176 759 2246 spiciamus
797 2188 985 2228 earum
1032 2186 1154 2241 quae
1194 2171 1248 2224 in
1290 2171 1438 2223 omni
1477 2169 1598 2223 loco
1637 2169 1706 2223 ab
1746 2168 2060 2222 hominibus

459 2270 878 2337 frequentantur
932 2264 1289 2319 scientiarum
1325 2271 1379 2316 et
1411 2263 1614 2315 artium
1651 2277 1681 2314 a
1717 2260 2060 2331 sapientibus

458 2367 514 2414 et
556 2359 970 2430 insipientibus,
1003 2355 1448 2412 dominatoribus
1489 2363 1544 2408 et
1586 2354 1836 2416 domitis,
1871 2352 2059 2406 diviti-

467 2451 571 2506 bus
627 2459 681 2504 et
740 2449 1114 2521 pauperibus,
1171 2447 1503 2501 daamonium
1553 2449 1856 2508 comitatis,
1915 2447 2063 2516 quod

467 2541 856 2610 unusquisque
888 2541 956 2595 ab
985 2540 1219 2594 infantia
1259 2555 1435 2608 usque
1465 2539 1531 2593 ad
1564 2553 1794 2594 mortem
1838 2540 2064 2595 sortitus

464 2639 576 2696 est,
612 2648 716 2686 nec
754 2647 851 2701 per
889 2646 1143 2685 somnum
1176 2629 1270 2683 illo
1310 2628 1474 2682 modo
1524 2629 1780 2696 relaxari,
1815 2645 1917 2684 nec
1952 2631 2064 2685 otio

465 2731 566 2777 aut
583 2722 890 2793 disciplinae
914 2721 1270 2777 minorationi
1293 2719 1578 2790 indulgere
1606 2720 1740 2775 sinit
1761 2721 2068 2791 intelligen-

464 2823 577 2869 tem
597 2814 859 2877 animam,
890 2813 984 2868 sed
1009 2821 1124 2867 tum
1157 2813 1432 2868 illecebris
1463 2813 2068 2884 naturalibus,ineptiis

467 2908 722 2962 mirificis
753 2915 808 2960 et
847 2905 1044 2960 formis
1077 2905 1378 2962 levioribus
1412 2920 1577 2975 quam
1609 2906 1765 2960 nives
1797 2915 1850 2960 et
1877 2907 2068 2960 elatio-

467 2999 633 3053 nihus
660 2999 848 3067 vagari
886 2998 1094 3062 trahit;
1126 3005 1238 3050 tum
1270 2996 1564 3060 molestiis,
1590 2997 1919 3061 terroribus,
1951 3007 2070 3052 tur-

467 3086 787 3140 bationibus
825 3085 1111 3144 nefandis,
1137 3085 1466 3139 tremoribus
1501 3093 1554 3140 et
1591 3085 2065 3142 humiliationibus

483 3181 796 3228 commovet
823 3181 877 3226 et
911 3172 1180 3241 percellit.
1204 3171 1414 3226 Idcirco
1440 3187 1507 3227 ne
1537 3173 1702 3228 nimis
1730 3175 2065 3228 somniorum

469 3274 631 3328 nugae
661 3267 713 3313 te
739 3267 1001 3324 terreant,
1046 3259 1398 3312 commendat
1452 3261 1705 3315 sublimis
1758 3261 2066 3338 theologus,

470 3362 650 3416 neque
709 3362 968 3416 magnum
1022 3346 1152 3416 quid
1196 3346 1400 3400 malum
1457 3347 1729 3403 bonumve
1771 3349 2069 3402 revelantia

471 3447 718 3494 metuere
753 3449 848 3492 aut
894 3447 1138 3508 stupere,
1189 3452 1291 3492 nec
1344 3440 1508 3492 etiam
1559 3440 1768 3500 extolli.
1819 3455 2071 3510 vanaque

482 3545 580 3597 spe
613 3532 666 3582 in
704 3529 902 3598 spiritu
948 3527 1238 3597 superbire
1268 3537 1503 3597 oportet.
1533 3527 1747 3584 Insidiae
1785 3529 1899 3584 haec
1926 3532 2071 3586 mul-

484 3621 556 3672 tis
585 3631 727 3688 saepe
747 3619 815 3671 ab
845 3619 1009 3674 Iioste
1041 3627 1244 3686 paratae
1282 3629 1430 3673 sunt.

1805 303 2101 360 NICETAS
2145 302 2349 358 DAVID

3626 290 3736 349 836

2143 423 2283 490 λίας,
2321 422 2467 494 ἆπερ
2510 420 2842 492 ἐγρηγορυῖα
2879 418 2946 472 δι’
2973 415 3280 489 αἰσθήσεως
3320 414 3502 486 πάσης
3543 429 3726 467 ποικι-

2142 513 2420 586 λοτρόπως
2469 510 2871 580 ἐφαντασιώθη.
2905 509 3092 563 Ταῦτα
3130 507 3195 579 δὴ
3238 506 3307 560 τὰ
3351 507 3460 559 τῶν
3509 505 3659 578 ὕπαρ
3692 508 3730 574 ἡ

2142 605 2289 676 ψυχὴ
2323 603 2760 674 ἐμφανισθέντων
2802 602 2937 672 αὐτῇ
2969 600 3455 670 ἐγκαταλείμματα
3483 596 3561 668 τῷ
3597 613 3737 666 μνη-

2148 697 2353 770 μονικῷ
2387 695 2807 766 συγκεχυμένως
2855 695 2951 747 καὶ
2999 691 3224 760 ἀσαφῶς
3256 689 3736 760 ἀναπεμπάζουσα

2144 789 2267 845 καθ’
2297 788 2517 852 ὕπνους,
2545 788 2639 842 καὶ
2671 787 2957 858 ἀμαυροῦς
3003 784 3246 856 ὀνείρους
3289 782 3733 842 ἀναπλάττουσα,

2145 881 2492 944 διαπαίζεται
2538 879 2634 932 καὶ
2681 878 2971 937 πλανᾶται,
3019 873 3411 945 περιχαίνουσα
3457 875 3578 935 ταῖς
3624 873 3739 924 τῶν

2151 973 2530 1046 ματαιοτήτων
2567 971 2940 1042 ματαιότησιν.
2984 968 3056 1020 Ἣ
3087 962 3179 1019 οὖν
3208 967 3273 1018 ἐκ
3303 965 3528 1030 τούτων,
3569 962 3602 1034 ἢ
3639 965 3739 1017 καὶ

2149 1064 2209 1130 ἐξ
2243 1062 2421 1134 ἔργων
2442 1062 2716 1133 ἡμερινῶν
2745 1061 2840 1114 καὶ
2868 1058 3048 1112 πόνων
3085 1057 3177 1110 καὶ
3207 1056 3502 1128 φροντίδων
3526 1055 3742 1126 tinxi;-

2155 1157 2306 1226 ματά
2343 1173 2468 1209 τινα
2500 1158 2568 1225 τῇ
2606 1153 2712 1207 τῶν
2745 1152 3050 1224 αἰσθήσεων
3093 1150 3300 1222 ἠρεμίᾳ
3333 1152 3366 1218 ἡ
3398 1147 3740 1217 φανταστικὴ

2151 1247 2246 1299 καὶ
2275 1246 2466 1315 λογικὴ
2494 1245 2594 1316 τῆς
2618 1243 2797 1314 ψυχῆς
2823 1242 3051 1312 δύναμις
3073 1281 3090 1306 ,
3135 1240 3443 1310 ἀεικίνητος
3473 1234 3609 1292 οὖσα
3643 1239 3742 1290 καὶ

2151 1337 2571 1409 όνειρώσσουσα,
2605 1335 2958 1407 πολυτρόπως
2999 1334 3058 1386 ἐν
3105 1332 3293 1396 ὕπνοις
3330 1331 3614 1400 ἀδολεσχεῖ
3645 1330 3743 1382 καὶ

2158 1428 2447 1500 ματαιάζει
2475 1445 2489 1458 ο
2543 1426 2825 1495 ἀναλόγως
2854 1425 2909 1478 δὲ
2951 1427 3068 1486 ταῖς
3110 1424 3220 1475 τῶν
3252 1421 3554 1494 ἀνθρώπων
3583 1420 3741 1473 πολι-

2154 1521 2327 1583 τείαις
2352 1519 2446 1572 καὶ
2473 1521 2586 1580 τοῖς
2620 1517 2763 1570 κατὰ
2787 1516 2878 1569 τὸν
2907 1515 3019 1585 βίον
3053 1512 3450 1584 ἐπιτηδεύμασι
3483 1511 3575 1564 καὶ
3595 1511 3648 1562 οἱ
3673 1513 3742 1580 τῇ

2156 1611 2336 1666 αὐτῶν
2367 1611 2479 1681 ζωῇ
2512 1609 2886 1681 παρεπόμενοι
2914 1605 3158 1675 ἄγγελοι,
3203 1605 3397 1673 ἀγαθοὶ
3423 1605 3456 1673 ἦ
3488 1602 3744 1672 πονηροὶ,

2159 1701 2474 1772 φιλαλήθεις
2542 1700 2575 1771 ἢ
2646 1698 2984 1768 φιλοψευδεῖς
3010 1738 3025 1763 ,
3080 1694 3370 1758 πολυειδῶς
3423 1693 3518 1747 καὶ
3577 1693 3752 1745 πολυκ

2163 1797 2385 1866 μόρφως
2413 1790 2746 1846 ἀνατυποῦσι
2772 1790 2841 1843 τά
2871 1789 3118 1852 ἐνύπνια,
3153 1786 3325 1849 ἄλλως
3348 1787 3444 1857 μὲν
3468 1788 3578 1848 τοῖς
3597 1783 3750 1837 κατά

2157 1889 2339 1950 πόλεις
2369 1903 2438 1938 πε
2449 1887 2500 1957 pi.
2519 1885 2708 1954 λόγους
2734 1901 2793 1936 τε
2821 1883 2916 1935 καὶ
2940 1881 3236 1952 μαθήματα
3267 1877 3622 1932 ἐσπουδακόσι
3644 1877 3751 1940 τάς

2158 1977 2458 2048 φαντασίας
2497 1972 2960 2045 σχηματίζοντες,
3005 1970 3180 2032 ἄλλως
3221 1969 3278 2022 δὲ
3309 1971 3422 2029 τοῖς
3459 1971 3599 2020 κατά
3646 1965 3754 2029 τὰς

2157 2072 2398 2142 ἐρήμους
2422 2068 2513 2121 τὸν
2559 2066 2855 2137 ἀσκητικὸν
2884 2065 2978 2117 καὶ
3011 2063 3293 2134 μοναύλιον
3325 2059 3754 2132 μετερχομένοις

2158 2161 2379 2232 τρόπον.
2445 2159 2540 2212 Ἐκ
2589 2158 2697 2212 τῶν
2753 2157 2880 2227 παρ’
2925 2157 3107 2218 αὐτοῖς
3155 2152 3604 2222 σπουδαζομένων
3648 2152 3754 2214 τὰς

2159 2251 2413 2322 ἀφορμὰς
2444 2249 2725 2321 εἰληφότες
2747 2288 2763 2314 ,
2811 2246 3198 2317 ἐκπειράζουσι
3228 2246 3323 2300 καὶ
3347 2243 3755 2306 πολυποικίλοις

2160 2345 2386 2416 τρόποις
2418 2340 2784 2394 διαπλανῶσιν
2826 2341 2884 2393 ἐν
2923 2341 2990 2410 τῇ
3022 2338 3116 2391 τοῦ
3158 2337 3411 2408 σώματος
3441 2335 3757 2389 ἀναπαύσει

2159 2438 2261 2508 τὴν
2293 2436 2501 2506 ψυχήνο
2553 2435 2647 2486 καὶ
2673 2432 2910 2495 συνόλως
2941 2432 3124 2500 φάναι,
3157 2431 3278 2483 κατ’
3315 2428 3606 2495 ἀναλογίαν
3641 2428 3760 2480 τῶν

2164 2531 2222 2582 ἐν
2242 2533 2406 2582 παντὶ
2426 2527 2579 2597 τόπῳ
2608 2521 3073 2595 ἐπιτηδευομένων
3106 2520 3410 2592 ἀνθρώποις
3433 2519 3758 2591 ἐπιστημῶν

2165 2619 2259 2672 καὶ
2285 2617 2510 2686 τεχνῶν,
2551 2617 2608 2667 ἐν
2651 2632 2710 2666 τε
2753 2616 2935 2682 σοφοῖς
2975 2613 3069 2667 καὶ
3107 2611 3361 2675 ἰδιώταις,
3395 2610 3622 2681 ἄρχουσι
3657 2611 3757 2662 καὶ

2166 2709 2508 2780 ἀρχομένοις,
2531 2706 2807 2769 πλουσίοις
2830 2707 2924 2759 καὶ
2945 2703 3161 2774 πένησι,
3184 2702 3244 2756 τὸ
3265 2703 3478 2773 ἑκάστῳ
3496 2701 3756 2773 νηπιόθεν

2168 2798 2693 2871 συγκεκληρωμένον
2735 2797 2863 2868 ἄχρι
2903 2797 3092 2859 τέλους
3120 2796 3394 2866 δαιμόνιον
3433 2794 3759 2865 παρεπόμε-

2167 2910 2257 2945 νον
2284 2933 2298 2956 ,
2347 2891 2469 2944 οὺδέ
2512 2890 2630 2944 καθ’
2680 2889 2882 2952 ὕπνους
2932 2886 3392 2942 ἀναπεπτωκέναι
3440 2885 3760 2940 παντάπασι

2172 2983 2474 3056 ρᾳστώναις
2510 3001 2576 3036 τε
2622 2983 2717 3036 καὶ
2757 2981 3007 3037 ἀνέσεσιν
3059 2979 3379 3034 ἐκλελύσθαι
3417 2978 3662 3047 διαφίησι
3696 2976 3763 3029 τὸ

2172 3073 2386 3142 λογικὸν
2417 3073 2516 3142 τῆς
2540 3072 2717 3142 ψυχῆς
2742 3088 2756 3104 ο
2797 3069 2932 3124 ἀλλὰ
2962 3069 3092 3122 ποτέ
3126 3069 3223 3140 μὲν
3247 3068 3472 3139 ἡδύτησι
3501 3072 3763 3138 φυσικαῖς

2175 3167 2268 3218 καὶ
2321 3164 2654 3237 ρεμόασμοίς
2701 3161 3008 3226 ἀλλοκότοις
3048 3161 3142 3214 καὶ
3191 3160 3546 3230 ψυχροτέροις
3579 3161 3760 3230 χιόνος

2177 3259 2427 3328 φάσμασι
2459 3256 2553 3308 καὶ
2585 3254 2842 3325 ὑψώμασι
2865 3253 3154 3324 διαπλανᾷ,
3184 3254 3316 3306 ποτὲ
3342 3252 3399 3305 δὲ
3423 3252 3640 3322 ἀηδίαις
3663 3256 3763 3305 καὶ

2177 3349 2360 3418 φόϐοις
2397 3348 2490 3401 καὶ
2526 3350 2794 3418 ταραχαῖς
2819 3347 3120 3408 ἀπευκταίς
3155 3346 3248 3398 καὶ
3271 3345 3494 3416 τρόμοις
3536 3347 3628 3399 καὶ
3659 3363 3766 3399 τα-

2178 3439 2517 3510 πεινῶμασιν
2542 3439 2728 3510 ἐξιστᾷ
2756 3439 2852 3493 καὶ
2879 3439 3194 3491 καταπτοεῖ.
3224 3437 3324 3490 Διά
3353 3437 3511 3490 τοῦτο
3540 3439 3613 3508 μὴ
3637 3438 3764 3494 λίαν

2183 3535 2294 3595 τοῖς
2325 3531 2431 3584 τῶν
2456 3532 2721 3584 ἐνυπνίων
2750 3531 3022 3601 παιγνίοις
3054 3530 3378 3602 θροεῖσθαιὸ
3415 3531 3616 3602 ὑψηλὸς
3641 3530 3762 3584 θεο-

2185 3623 2343 3690 λόγος
2386 3621 2780 3690 παραγγέλλει,
2819 3621 2943 3692 μήτ’
2984 3616 3077 3675 οὖν
3129 3621 3203 3685 ὡς
3248 3621 3390 3690 μέγα
3429 3639 3484 3674 τι
3521 3621 3692 3675 κακὸν
3725 3620 3760 3690 ἦ

479 3714 684 3782 ἀγαθὸν
716 3711 1087 3782 παραδηλοῦσι
1113 3713 1396 3767 πτοεῖσθαί
1425 3733 1484 3768 τε
1515 3716 1610 3768 καὶ
1634 3715 1858 3787 δειλιᾷν,
1885 3717 1917 3786 ἢ
1956 3717 2381 3791 μετεωρίζεσθαι
2410 3717 2503 3769 καὶ
2538 3717 2791 3786 ματαίαις
2813 3716 2994 3769 ἐλπίσι
3021 3715 3406 3785 φενακίζεσθαι
3437 3715 3530 3778 τὰς
3560 3715 3763 3786 φρένας

477 3810 616 3880 χρήσ
665 3807 876 3878 ἐνεδρον
914 3806 1023 3877 γὰρ
1061 3806 1231 3862 ταῦτα
1263 3808 1477 3872 πολλοῖς
1519 3809 1780 3874 πολλάκις
1826 3812 1931 3865 ὑπὸ
1973 3813 2068 3866 τοῦ
2087 3810 2314 3883 Ἐχθροῦ
2351 3809 2793 3881 παρεσκευάσθη.

478 3924 586 3978 215
619 3922 918 3978 Ρνιειιιεεαε
943 3938 1056 3992 spes
1087 3922 1350 3976 laudabili
1379 3923 1524 3976 omni
1542 3923 1730 3978 eximi.

555 4037 752 4093 Omnis
775 4038 922 4091 actio
954 4046 1009 4091 ιιι
1050 4036 1267 4106 energia
1317 4043 1370 4090 et
1399 4051 1582 4107 omnis
1616 4044 1801 4094 motus
1834 4037 2075 4093 hominis

482 4145 704 4184 sensum
740 4128 994 4182 habentis
1032 4127 1192 4180 finem
1228 4128 1508 4195 proprium
1539 4127 1702 4183 habet
1732 4136 1895 4199 atque
1923 4146 2073 4199 spem

483 4220 819 4290 adjacentem
849 4218 914 4272 ad
940 4235 1102 4288 quam
1137 4219 1368 4274 tendens
1406 4235 1575 4290 agens
1610 4223 1790 4290 quivis
1821 4223 1951 4292 agit.
1985 4220 2076 4277 Sic

483 4315 552 4368 de
583 4313 964 4382 corporalibus
1009 4322 1065 4367 et
1112 4311 1427 4375 mundanis,
1458 4313 1538 4366 sic
1577 4321 1632 4368 et
1665 4313 1733 4367 dc
1771 4314 2076 4384 Spirituali-

486 4407 590 4460 bus
623 4404 1087 4457 considerandum
1120 4410 1174 4456 et
1197 4403 1266 4457 de
1297 4402 1782 4457 intellectualibus.
1818 4403 1875 4456 Si
1910 4403 2078 4473 igitur

484 4495 756 4550 inmundi
789 4503 844 4549 et
884 4498 1010 4549 vita:
1050 4496 1215 4564 hujus
1252 4495 1513 4563 operibus
1547 4509 1774 4549 necesse
1818 4495 1890 4549 sit
1920 4511 2071 4563 spem

483 4592 536 4637 et
574 4583 732 4636 finem
766 4585 1065 4654 praevenire
1095 4585 1433 4653 propositam
1466 4599 1715 4652 operam,
1748 4585 1920 4638 multo
1956 4599 2072 4636 ma-

484 4676 569 4746 gis
600 4689 736 4730 sane
761 4673 829 4729 de
853 4675 1234 4744 spiritualibus
1267 4687 1321 4729 et
1348 4675 1514 4728 rectis
1549 4675 1772 4729 virtutis
1812 4675 2071 4743 operibus

485 4783 613 4838 spes
644 4767 952 4835 praecedere
983 4767 1146 4822 debet
1203 4775 1258 4821 et
1315 4783 1502 4822 rerum
1547 4767 1672 4821 finis
1725 4776 2068 4834 operatarum

485 4861 773 4929 praevideri
819 4859 889 4913 ad
927 4875 1092 4930 quem
1139 4875 1307 4931 agens
1349 4859 1525 4914 tendit
1560 4867 1615 4914 et
1653 4857 1929 4928 dirigitur.
1979 4857 2071 4911 Sic

485 4952 720 5020 apostoli
762 4966 961 5005 cursus
1006 4958 1202 5004 metam
1248 4951 1643 5018 praeﬁdentes,
1680 4965 1881 5019 nempe
1929 4949 2072 5003 inter

487 5043 718 5113 populos
750 5042 1102 5111 magnificare
1132 5040 1414 5096 Christum
1444 5043 1744 5095 currebant
1773 5050 1828 5095 et
1863 5040 2070 5109 dirige.

489 5135 718 5200 bantur;
775 5133 856 5188 sic
899 5133 1152 5186 bravium
1198 5135 1553 5202 aspicientes.
1587 5133 1962 5188 tcstimoniunt
2006 5135 2074 5185 de

486 5225 720 5278 veritate
751 5222 907 5288 Jesu,
937 5232 994 5278 et
1028 5239 1130 5294 pro
1167 5224 1285 5295 ipsa
1320 5227 1692 5288 moriendum,
1748 5227 1908 5278 linem
1943 5239 2074 5293 pro-

488 5326 756 5389 ponentes
781 5324 836 5373 et
873 5318 1164 5372 victoriam
1206 5319 1508 5374 referentes
1552 5329 1914 5373 coronantur.
1978 5315 2076 5370 Ac-

487 5409 691 5462 cedunt
718 5416 771 5462 et
805 5416 1121 5463 ascetarum
1170 5409 1322 5462 chori
1350 5425 1566 5469 omnes.
1621 5413 1894 5478 quotquot
1940 5405 2078 5474 lcgi~

489 5497 619 5552 time
651 5499 930 5554 Christum
974 5496 1449 5569 desideraverunt,
1470 5514 1563 5568 per
1583 5494 1780 5567 agendi
1807 5495 2073 5549 rationem

493 5590 862 5655 humiliorem,
920 5606 948 5644 a
982 5590 1377 5662 cupiditatibus
1406 5589 1573 5644 eximi
1604 5589 1893 5658 cupientes
1924 5595 1978 5641 et
2006 5583 2073 5638 ad

494 5680 642 5734 illum
674 5681 1080 5751 assequendum
1137 5688 1444 5749 currentes,
1488 5681 1578 5750 qui
1625 5681 1692 5735 ad
1735 5680 2070 5735 destinatum

493 5777 676 5840 ﬁnem,
707 5775 852 5830 sitim
882 5777 1087 5846 sperati
1125 5775 1555 5834 contendebant.
1601 5775 1655 5830 Si
1689 5774 1832 5830 enim
1876 5788 2067 5827 carna-

2180 3925 2288 3978 ‘213
2336 3922 2541 3988 Ἐλπὶς
2571 3922 2909 3989 προκείσθω
2937 3922 3136 3987 δεξιοῦ
3170 3921 3396 3988 παντὸς
3420 3921 3651 3988 τέλους.

2253 4039 2410 4093 Πᾶσα
2449 4037 2646 4107 πρᾶξις
2681 4037 2775 4089 καὶ
2807 4037 3074 4108 ἐνέργεια,
3115 4037 3207 4090 καὶ
3244 4038 3390 4091 πᾶσα
3425 4037 3636 4100 κίνησις
3668 4036 3766 4089 ἁν-

2183 4127 2400 4199 θρὼπου
2443 4129 2566 4182 νοῦν
2612 4127 2850 4199 ἔχοντος,
2897 4128 3098 4181 σκοπὸν
3134 4128 3263 4181 ἴδιον
3289 4127 3399 4197 ἔχει
3433 4127 3525 4181 καὶ
3566 4128 3766 4182 ἐλπίδα

2183 4220 2571 4290 προκειμένην,
2606 4219 2742 4290 πρὸς
2786 4220 2852 4290 ἣν
2892 4220 3110 4290 ἀφορῶν
3135 4222 3163 4272 ό
3201 4221 3567 4291 ἐργαζόμενος
3594 4220 3764 4292 ἐργά-

2182 4311 2333 4376 ζεται
2356 4330 2368 4343 ·
2400 4311 2572 4374 οὕτως
2595 4313 2688 4365 ἐπὶ
2719 4314 2831 4375 τοῖς
2863 4314 3193 4381 σωματικοῖς
3228 4313 3322 4366 καὶ
3349 4316 3650 4383 κοσμικοῖς,
3672 4313 3762 4366 οὕ-

2179 4420 2285 4466 τως
2307 4403 2402 4456 ἐπὶ
2431 4405 2541 4465 τοῖς
2570 4405 2956 4474 πνευματικοῖς
2983 4402 3284 4474 θεωρητέον
3314 4405 3406 4457 καὶ
3425 4407 3535 4467 τοῖς
3559 4408 3768 4470 νοεροῖς

2179 4495 2273 4548 καὶ
2319 4495 2576 4562 λογικοῖς.
2622 4496 2684 4547 Εἰ
2731 4491 2824 4548 οὖν
2864 4495 2958 4548 ἐπὶ
2984 4495 3093 4548 τῶν
3135 4497 3416 4565 κοσμικῶν
3446 4497 3622 4564 ἐργων
3673 4499 3770 4553 καὶ

2180 4583 2445 4653 βιωτικῶν
2480 4585 2690 4655 ἀνάγκη
2740 4586 2838 4656 τὴν
2871 4586 3064 4640 ἐλπίδα
3110 4586 3204 4638 καὶ
3247 4590 3337 4638 τὸν
3388 4588 3588 4640 σκοπὸν
3632 4606 3769 4660 πρι-

2180 4673 2430 4744 ηγεῖσθαι
2483 4676 2581 4745 τῆς
2635 4675 2744 4729 τῶν
2797 4677 3178 4748 προκειμένων
3225 4678 3531 4748 ἐργασίας,
3583 4682 3766 4752 πολλῴ

2178 4765 2353 4836 δήπου
2384 4766 2582 4836 μᾶλλον
2631 4768 2725 4820 ἐπὶ
2766 4768 2875 4822 τῶν
2906 4769 3290 4838 πνευματικῶν
3322 4772 3416 4824 καὶ
3446 4769 3635 4834 δεξιῶν
3667 4774 3768 4843 τῆς

2178 4857 2380 4927 ἀρετῆς
2410 4857 2588 4928 ἔργων
2617 4860 2649 4926 ή
2681 4859 2838 4922 ἐλπὶς
2867 4860 3074 4928 ὀφείλει
3111 4863 3455 4932 προκεῖσθαι,
3485 4866 3580 4918 καὶ⁵
3608 4869 3635 4919 ὁ
3660 4867 3770 4918 τῶν

2181 4949 2527 5020 πονουμένων
2590 4951 2790 5015 σκοπὸς
2865 4953 3337 5026 προθεωρεῖσθαι,
3384 4956 3524 5026 πρὸς
3565 4957 3624 5010 ὃν
3676 4958 3770 5010 τὸν

2180 5042 2420 5113 ἐργάτην
2462 5043 2878 5097 ἀποσκοποῦντα
2921 5047 3368 5101 κατευθύνεσθαι.
3412 5049 3599 5113 Οὕτως
3630 5051 3771 5103 ἀπό.

2180 5137 2356 5190 στολοι
2381 5136 2476 5190 τοῦ
2511 5138 2630 5190 κατ’
2661 5138 2858 5200 αὐτοὺς
2888 5138 3092 5209 δρόμου
3122 5140 3184 5193 τὺ
3210 5141 3364 5205 τέλος
3397 5143 3768 5213 προορῶντες,

2177 5227 2238 5280 τὸ
2262 5228 2318 5280 ἐν
2345 5230 2457 5290 τοῖς
2480 5227 2656 5281 ἔθνεσι
2687 5228 2982 5299 μεγαλῦναι
3015 5229 3106 5283 τὸν
3140 5231 3641 5303 Χριστὸν,ἐδραμον
3677 5236 3773 5286 καὶ

2179 5319 2569 5390 κατηόθυναν·
2617 5319 2789 5380 οὕτως
2851 5322 2901 5372 οἱ
2954 5321 3242 5393 ἀθλοφόροι
3295 5326 3646 5396 μαρτυρῆσαι
3701 5332 3768 5397 τῇ

2180 5412 2405 5484 ἀληθείᾳ
2461 5412 2635 5482 Ἰησοῦ
2680 5413 2774 5465 καὶ
2829 5413 2969 5483 ὑπὲρ
3023 5414 3193 5484 αὐτῆς
3239 5415 3529 5469 ἀποθανεῖν
3570 5421 3775 5473 σκοπὲν

2183 5501 2584 5571 προτιθέμενοι,
2616 5502 2711 5555 καὶ
2747 5501 3026 5568 νικῶντες,
3063 5505 3480 5571 στεφανοῦνται·
3511 5505 3775 5573 ὡσαύτως

2182 5591 2278 5644 καὶ
2321 5591 2576 5662 ἀσκητῶν
2616 5593 2767 5662 χοροὶ
2808 5592 3028 5656 πάντες,
3063 5594 3177 5646 ὅσοι
3221 5595 3456 5665 γνησίως
3492 5597 3776 5664 ἐπόθησαν

2179 5681 2435 5752 Χριστὸν,
2466 5683 2553 5737 διὰ
2576 5685 2674 5753 τῆς
2703 5673 3091 5756 ταπεινοτέρας
3131 5686 3351 5756 ἀγωγῆς
3375 5687 3472 5757 τῆς
3504 5690 3776 5753 ἀπαθείας

2178 5775 2444 5846 ἐρῶντες,
2476 5777 2571 5831 καὶ
2620 5776 2754 5849 πρὸς
2797 5775 2965 5847 αὐτὴν
2992 5776 3290 5850 δραμόντες
3323 5779 3380 5833 ἐν
3421 5778 3581 5850 δίψει,
3638 5797 3777 5835 κατ-
