4164 6350
391 344 490 402 83Ί

391 459 706 530 ευστοχοῦσι
749 455 841 512 τοῦ
880 458 1255 530 ἐλπιζομένου.
1286 461 1347 512 Ei
1376 462 1484 532 γὰρ
1516 463 1584 515 τά
1617 464 1847 534 σάρκινα
1877 464 1972 517 καὶ

390 550 625 622 φθαρτὰ,
653 550 899 613 πλοῦτος.
932 551 1095 620 φημὶ,
1142 550 1234 603 καὶ
1262 551 1421 623 ἡδονὴ
1459 555 1552 606 καὶ
1579 553 1724 619 δόξα,
1760 557 1872 619 τοῖς
1902 555 1969 608 τὰ

389 642 610 711 ἐπίγεια
630 639 918 711 φρονοῦσιν
943 642 1022 703 εἰς
1043 640 1231 694 ἐλπίδα
1270 642 1634 712 προτιθέμενα
1662 646 1773 706 τοῖς
1794 644 1973 698 αὐτῶν

391 731 740 804 συνεργοῦσιν
771 734 1027 807 ἐρασταῖς
1057 733 1148 785 καὶ
1179 734 1586 798 κατευθύνουσι,
1618 734 1732 799 πῶς
1762 736 1821 788 οὐ
1856 734 1975 788 πολ·

390 826 468 896 λῷ
522 826 855 895 δικαιότερον
902 825 994 877 καὶ
1036 827 1148 887 τοῖς
1178 825 1270 878 τοῦ
1305 826 1467 878 καλοῦ
1501 828 1593 879 καὶ
1635 827 1737 896 τῆς
1775 828 1974 897 ἀρετῆς

392 917 651 988 ἐργάταις
692 919 791 987 τὴν
820 917 960 969 κατὰ
986 916 1118 969 Θεὸν
1145 917 1334 969 ἐλπίδα
1361 919 1670 989 συνεργεῖν,
1710 918 1801 971 καὶ
1840 920 1973 991 πρὸς

392 1009 452 1062 τὸ
484 1009 732 1079 βραϐεῖον
777 1009 875 1079 τῆς
921 1009 1032 1062 ἄνω
1066 1008 1309 1078 κλήσεως
1352 1009 1643 1063 συντείνειν
1692 1010 1833 1064 κατά
1882 1011 1973 1064 τὸν

395 1102 628 1165 σκοπόν;
663 1100 937 1171 ἀφόρητον
966 1099 1074 1170 γάρ
1100 1098 1261 1168 ἄλγος
1289 1100 1477 1170 ἔμοιγε
1503 1102 1596 1154 καὶ
1624 1101 1844 1172 ἀνιαρὸν
1878 1103 1975 1172 οὐχ

392 1194 592 1262 ἥκιστα
618 1190 949 1261 παρίσταται
980 1190 1264 1261 νικωμένῳ
1305 1191 1409 1243 ὑπὸ
1435 1191 1529 1244 τοῦ
1560 1192 1745 1246 καλοῦ.
1779 1194 1842 1245 El
1867 1194 1975 1264 γὰρ

391 1285 461 1338 τὰ
505 1284 744 1355 μωμητά
789 1283 896 1336 τῶν
958 1282 1298 1353 ἁμαρτωλῶν
1326 1282 1463 1353 ἔργα
1518 1285 1611 1337 καὶ
1657 1285 1803 1339 κακά
1854 1303 1977 1337 συν-

394 1375 680 1446 εργοῦνται
718 1374 812 1428 καὶ
850 1372 1285 1439 κατευοδοῦνται,
1320 1374 1388 1427 τά
1421 1374 1569 1441 δεξιά
1593 1374 1767 1428 δὲκαὶ
1800 1375 1978 1444 ἀγαθὰ

394 1465 743 1518 διαπίπτουσι
790 1466 903 1525 τοῖς
951 1462 1339 1533 ἐργαζομένοις
1368 1464 1507 1516 αὐτά
1545 1465 1639 1517 καὶ
1666 1465 1974 1535 ἀστοχοῦσι,

395 1557 513 1621 πῶς
539 1558 764 1622 ὑποίσω,
794 1556 947 1627 φησὶ,
974 1555 1072 1625 τὴν
1106 1550 1273 1626 ἧτταν
1299 1556 1392 1608 τοῦ
1420 1556 1585 1610 καλοῦ
1608 1575 1621 1619 ς

394 1650 501 1704 217
569 1648 744 1718 Ἡγοῦ
778 1649 967 1717 τύχης
993 1649 1293 1716 φρόνησιν
1320 1648 1810 1716 ἀσφαλεστέραν.

467 1742 617 1812 Τύχη
652 1741 750 1812 μὲν
797 1740 854 1792 τὸ
895 1740 1216 1810 αὐτομάτως
1256 1739 1453 1792 οὑτωσὶ
1483 1740 1576 1792 καὶ
1619 1739 1778 1807 λόγου
1812 1737 1978 1809 χωρὶς

396 1834 693 1904 συμϐαῖνον
719 1830 1022 1902 ἐπεκλήθη,
1050 1832 1310 1901 φρόνησις
1335 1832 1391 1885 δὲ
1431 1831 1491 1883 τὸ
1524 1830 1661 1901 μετά
1688 1831 1844 1899 λόγου
1887 1830 1977 1901 ὀρ-

396 1927 490 1981 θοῦ
525 1926 618 1979 καὶ
650 1925 918 1988 συνέσεως
942 1924 1244 1994 γινόμενον,
1283 1925 1340 1976 ἐν
1437 1923 1688 1993 καθάπερ
1718 1922 1898 1976 πλοῖον
1924 1923 1980 1976 ἐν

397 2021 638 2091 Θαλάσσῃ
664 2020 743 2090 τῷ
764 2018 910 2072 οἴακι
938 2018 1376 2089 πηδαλιουχεῖται
1403 2018 1494 2071 καὶ
1519 2018 1596 2088 τῷ
1621 2018 1797 2088 λιμένι
1821 2033 1983 2087 προσ-

397 2111 703 2184 ορμίζεται,
740 2110 912 2174 οὕτως
935 2112 963 2163 ὁ
990 2110 1115 2172 νοῦς
1148 2112 1208 2164 ἐν
1243 2113 1309 2181 τῇ
1341 2112 1598 2182 φρονήσει
1627 2110 1695 2163 τὰ
1723 2110 1826 2181 ἤθη
1868 2110 1982 2162 δια-

397 2203 676 2275 κυϐερνῶν
722 2204 821 2273 τῆς
866 2201 1043 2273 ψυχῆς
1087 2202 1180 2262 καὶ
1228 2202 1513 2265 οἰακίζων,
1564 2200 1700 2273 πρὸς
1741 2202 1832 2254 τὸν
1871 2200 1982 2253 ἀνω

397 2296 596 2367 λιμένα
617 2294 954 2348 κατευθύνει.
1000 2293 1217 2363 Ἐπειδὴ
1247 2293 1422 2346 τοίνυν
1443 2293 1530 2346 διὰ
1551 2294 1649 2363 τῆς
1671 2293 1984 2363 φρονήσεως

399 2389 436 2461 ἡ
460 2388 664 2459 ἀληθὴς
697 2388 938 2458 σωτηρία
968 2390 1081 2450 τοῖς
1108 2386 1433 2456 σωζομένοις
1460 2388 1782 2455 ἐνεργεῖται,
1811 2386 1886 2457 μὴ
1914 2389 1981 2456 τῇ

399 2478 581 2548 ἀλόγῳ
623 2476 857 2547 πρόσεχε
899 2476 1054 2549 τύχῃ,
1088 2475 1180 2527 καὶ
1213 2478 1279 2544 τῇ
1321 2473 1498 2547 κούφῃ
1526 2476 1619 2527 καὶ
1642 2475 1848 2545 ἀκρίτῳ
1875 2474 1984 2528 τῶν

399 2569 573 2639 λόγων
614 2569 710 2622 καὶ
743 2568 849 2622 τῶν
888 2567 1165 2638 λογισμῶν
1199 2567 1515 2637 ματαιότητι
1560 2567 1984 2638 περιφερόμενος

402 2660 535 2732 φέρε
554 2661 646 2714 καὶ
664 2660 851 2731 φέρου,
866 2664 931 2732 τῇ
950 2660 1055 2712 τῶν
1076 2658 1171 2712 ἀνθ
1182 2659 1376 2729 ρώπων
1394 2659 1587 2727 κυϐείῳ.
1602 2658 1985 2728 συνελκόμενος

404 2754 499 2808 καὶ
514 2753 912 2824 δελεαζόμενος·
940 2752 1205 2821 σφαλερὸν
1225 2751 1352 2821 γάρ’
1377 2750 1512 2804 ἀλλά
1534 2750 1634 2819 τῆς
1652 2750 1987 2812 παιδεύσεως

405 2845 504 2915 τῆς
527 2847 584 2897 ἐν
617 2848 727 2909 τοῖς
779 2843 975 2913 λόγοις,
1031 2843 1229 2914 μᾶλλον
1279 2842 1335 2895 δὲ
1363 2842 1462 2913 τῆς
1503 2841 1746 2905 παιδείας
1781 2842 1985 2912 Κυρίου

400 2937 503 3008 τῆς
538 2936 627 2989 διά
651 2937 758 2989 τῶν
787 2935 1016 2989 ἐντολῶν
1056 2935 1151 2987 καὶ
1188 2934 1387 3006 ἀρετῆς
1424 2933 1587 3004 μηδὲν
1626 2926 1765 2985 εἷναι
1798 2935 1986 3002 κρεῖσ-

406 3045 498 3081 σον
533 3029 770 3094 ὑπονόει,
801 3028 867 3081 δι’
897 3020 972 3082 ὧν
1005 3028 1038 3097 ἡ
1065 3026 1269 3097 ἀληθὴς
1304 3024 1564 3095 φρόνησις
1602 3024 1696 3078 καὶ
1741 3023 1989 3094 ἀσφαλὴς

405 3120 647 3192 σωτηρία
667 3122 779 3183 τοῖς
808 3117 1132 3189 σωζομένοις
1155 3115 1511 3188 περιγίνεται.
1536 3114 1715 3170 Τάλλα
1736 3114 1832 3186 μὲν
1853 3114 1982 3185 γὰρ,

404 3212 505 3266 ὃσα
544 3229 629 3275 τις
673 3212 739 3265 ἂν
768 3212 861 3264 καὶ
896 3209 1059 3262 οἴοιτο
1105 3207 1439 3279 κεκτῆσθαι,
1486 3206 1589 3261 κᾶν
1624 3207 1810 3278 κτῆμα
1834 3248 1848 3271 ,
1884 3207 1988 3261 κάν

405 3304 634 3375 χρῆμα,
687 3302 790 3356 κᾶν
843 3302 1139 3374 ἱματισμὸν
1188 3300 1351 3371 εἴπῃς
1385 3299 1686 3369 πολυτελῆ,
1742 3298 1887 3352 ναῶν
1929 3316 1988 3351 τε

405 3394 691 3465 οἰκοδομὰς
716 3395 810 3448 καὶ
841 3394 1100 3464 κειμήλια
1120 3392 1214 3447 καὶ
1247 3393 1601 3463 μοναστήρια,
1624 3392 1717 3445 καὶ
1740 3389 1989 3457 καθάπαξ

407 3489 602 3550 εἰπεῖν,
630 3488 729 3539 ὅσα
751 3485 858 3538 ἀπὸ
887 3485 990 3555 γῆς
1030 3482 1217 3538 ἄλλοτε
1250 3482 1451 3545 ἄλλοις,
1486 3481 1579 3534 καὶ
1611 3481 1670 3533 οὺ
1701 3481 1813 3542 τοῖς
1846 3478 1988 3549 ἔχειν

406 3576 653 3630 δοκοῦσιν
674 3573 1046 3644 ἐτοιμάζεται·
1086 3572 1220 3642 μόνη
1246 3572 1354 3642 δὲή
1380 3571 1660 3633 παίδευσις
1687 3568 1861 3622 οἰκεία
1883 3568 1990 3621 τῶν

409 3667 763 3737 κεκτημένων
797 3666 970 3736 μόνων
1000 3666 1115 3717 ἐστὶ
1179 3665 1274 3718 καὶ
1326 3664 1530 3734 βιοῦσιν
1586 3661 1818 3716 ἐνταῦθα
1862 3662 1990 3732 ἄχρι

407 3758 593 3821 τέλους
688 3757 1103 3829 συνυπάρχουσα
1194 3758 1287 3809 καὶ
1386 3754 1787 3809 ἀποϐιώσκουσι
1867 3771 1992 3806 συν-

409 3850 672 3921 επομένη.

408 3988 507 4044 221
558 3989 628 4043 Τὸ
657 3987 983 4055 δραστικὸν
1010 3986 1248 4039 δείκνυε
1271 3983 1356 4053 μὴ
1380 3982 1461 4049 τῷ
1493 3980 1644 4051 δρᾷν
1665 3978 1882 4046 κακῶς,

412 4061 521 4114 222
566 4058 651 4124 Τῷ
673 4054 725 4112 δ’
757 4054 826 4113 εὖ
856 4074 913 4111 τι
939 4056 1152 4111 ποιεῖν.

486 4172 636 4224 Εἰσὶν
667 4170 943 4243 ἄνθρωποι
974 4168 1299 4240 θερμότατοι
1350 4166 1409 4219 ἐν
1460 4165 1642 4236 ἔργοις
1688 4164 1866 4217 αὐτῶν
1899 4164 1992 4217 καὶ

412 4266 727 4337 δραστήριοι
795 4263 889 4317 κα)⁴
942 4260 1319 4333 ἐνεργέστατοι
1347 4278 1360 4291 υ
1409 4257 1628 4323 ὀξύτητι
1678 4257 1737 4311 δὲ
1781 4257 1992 4326 φύσεως

413 4357 685 4429 χρώμενοι
719 4356 811 4409 καὶ
849 4354 1206 4424 μεγαλοφυΐᾳ,
1248 4349 1655 4422 χρησιμώτατοι
1684 4349 1992 4419 κληΐζονται

418 4447 631 4511 πολλοῖς
653 4465 668 4479 ⁶
701 4448 750 4501 οἳ
780 4446 875 4500 καὶ
905 4444 1202 4515 βασιλείας,
1234 4443 1329 4497 καὶ
1356 4442 1870 4513 στρατοπεδαρχίας,
1900 4441 1993 4494 καὶ

413 4539 710 4612 ἡγεμονίας
762 4538 819 4590 ἐν
857 4534 1046 4605 κόσμῳ
1075 4534 1419 4604 διαφέροντες
1468 4533 1717 4597 ἐπιπολὺ,
1760 4533 1834 4596 ῶς
1884 4530 1996 4584 θεοὶ

413 4628 675 4699 τιμᾶσθαι
702 4626 838 4697 πρὸς
875 4624 982 4677 τῶν
1027 4623 1351 4694 ὑποχειρίων
1381 4623 1645 4687 ἀξιοῦσιν.
1693 4624 1834 4695 Πρὸς
1871 4622 1997 4685 τοὺς

414 4718 686 4779 τοιούτους
721 4718 750 4769 ὁ
783 4716 1133 4777 θεόπνευστος
1174 4713 1298 4777 νοῦς
1326 4715 1761 4785 ἀποτεινόμενος,
1795 4715 1887 4786 Μὴ
1920 4713 1997 4784 τῷ

414 4809 567 4884 δρᾷν,
602 4808 727 4877 ἔφη,
759 4806 944 4868 κακῶς
974 4806 1068 4859 καὶ
1106 4805 1217 4857 τῶν
1249 4804 1490 4859 ἀσθενῶν
1520 4804 1874 4875 κατατρέχειν
1905 4806 1998 4858 καὶ

416 4900 649 4971 πτωχῶν
671 4899 730 4952 τὸ
755 4897 1123 4969 μεγαλουργὸν
1154 4897 1489 4951 ἐπιδείκνυσο
1512 4898 1572 4950 τὸ
1596 4897 1883 4967 δραστικὸν
1906 4898 1998 4951 καὶ

417 4992 657 5063 ἐνεργές,
692 4988 768 5059 τῷ
810 4989 1114 5060 εὐεργετεῖν
1148 4988 1205 5040 δέ
1230 4988 1323 5041 καὶ
1348 4987 1489 5042 κατὰ
1517 4987 1742 5058 μίμησιν
1766 4988 1859 5041 τοῦ
1890 4988 1998 5042 τῶν

416 5085 554 5139 ὅλων
597 5081 731 5135 Θεοῦ
772 5080 834 5134 τὸ
875 5079 1039 5134 καλὸν
1088 5083 1261 5133 ποιεῖν
1296 5080 1388 5134 καὶ
1419 5079 1640 5147 ἀγαθόν.
1692 5080 1864 5132 Τοῦτο
1904 5078 1999 5131 καὶ

422 5177 543 5230 θεὸν
574 5175 669 5228 καὶ
695 5174 812 5227 υἱόν
846 5191 905 5226 σε
933 5170 1068 5225 Θεοῦ
1099 5171 1338 5226 δείκνυσι
1367 5173 1435 5226 δι’
1467 5170 1805 5241 ὁμοιώσεως·
1840 5169 1998 5223 τοῦτό

419 5272 534 5323 ἐστι
569 5270 664 5322 καὶ
693 5266 884 5337 ἀνδρὸς
906 5264 1104 5327 εἰδότος
1124 5264 1184 5317 τὸ
1209 5265 1464 5333 συγγενὲς
1492 5262 1778 5334 ἀνθρώπου
1798 5279 1811 5293 ο
1841 5261 2000 5315 τοῦτο

420 5363 579 5432 ἔργον
605 5359 724 5414 ἐστὶ
749 5361 849 5429 τὴν
880 5356 1225 5427 ἀνθρωπίνην
1274 5355 1649 5424 ταλαιπωρίαν
1676 5352 1997 5422 ἐγνωκότος,

419 5457 516 5508 καὶ
540 5454 639 5524 οὐχ
665 5449 1098 5523 ὑπεραιρομένου
1128 5446 1273 5502 κατά
1299 5448 1425 5510 τοὺς
1458 5447 1718 5518 ὑϐριστὰς
1746 5447 1840 5498 καὶ
1872 5445 2003 5498 ἀλαο

422 5546 601 5613 ζόνας,
626 5544 763 5599 ἀλλά
786 5545 1249 5614 Χριστομιμήτως
1278 5543 1458 5605 αὐτοῖς
1482 5540 2002 5610 συγκαταϐαίνοντος

423 5638 518 5691 καὶ
546 5638 643 5700 τὰς
670 5636 847 5690 αὐτῶν
870 5635 1152 5699 ἀσθενείας
1179 5634 1515 5703 διανέχοντος
1534 5649 1548 5662 ·
1579 5633 1638 5686 τὸ
1664 5634 2003 5686 ἀποκτείνειν

425 5728 481 5781 δὲ
510 5728 605 5781 καὶ
631 5728 918 5799 πτωχίζειν
944 5727 1038 5781 καὶ
1059 5727 1443 5796 ταλαιπωρεῖν,
1462 5724 1595 5778 Θεοῦ
1616 5725 1712 5795 μὲν
1732 5725 1831 5778 οὑκ
1855 5723 2003 5789 ἀξιον

425 5819 830 5891 φιλανθρωπίας
852 5861 868 5890 ,
917 5819 1120 5891 θηρίων
1164 5818 1223 5873 δὲ
1273 5817 1494 5873 ἰοϐόλων
1533 5818 1727 5871 οἰκεῖον
1760 5816 1820 5870 τὸ
1865 5818 2000 5871 ἀπο-

1404 340 1470 397 ΙΝ
1508 342 1823 399 CARMINA
1863 343 2143 402 ARCANA
2183 345 2241 401 Β.
2286 345 2634 403 GREGORII.

3559 354 3667 412 838

2081 465 2154 519 lia
2181 474 2235 520 et
2265 464 2666 535 corruptibilia,
2695 464 2918 529 divitiae,
2950 464 3196 536 inquam,
3238 474 3293 521 et
3323 468 3582 541 voluptas
3610 483 3666 528 et

2074 555 2269 625 gloria,
2313 556 2382 612 iis
2416 556 2508 626 qui
2549 557 2831 611 terrestria
2864 557 3110 627 cogitant
3153 560 3208 612 in
3254 576 3407 629 spem
3460 578 3666 633 propo-

2078 646 2209 711 sita,
2234 648 2608 716 operationem
2647 649 2927 702 concitant
2961 660 3269 705 amatorum
3303 653 3553 723 ipsisque
3576 655 3664 708 di-

2074 738 2373 793 rectionem
2408 738 2746 808 imprimunt,
2782 740 3058 809 quomodo
3093 757 3205 796 non
3241 748 3412 799 multo
3459 745 3668 815 justius

2074 840 2129 883 et
2162 831 2291 885 boni
2322 832 2651 901 virtutisque
2681 834 3381 902 operariisincitamentum
3406 838 3515 892 erit
3542 855 3668 909 spes

2076 922 2132 975 in
2178 921 2450 991 Deum,et
2474 923 2607 978 eniti
2664 924 2730 977 ad
2776 925 3026 979 bravium
3079 943 3330 997 supernae
3368 931 3662 986 electionis

2070 1011 2228 1081 juxta
2257 1028 2482 1082 scopum
2514 1014 2716 1069 faciet?
2739 1014 2985 1086 Namque
3017 1018 3380 1077 intolerabilis
3411 1021 3574 1076 dolor
3605 1032 3661 1077 et

2079 1107 2397 1174 impatibilis
2425 1107 2551 1161 mihi
2584 1122 2692 1161 non
2724 1109 2947 1164 minime
2976 1112 3408 1170 incumbitvicto
3433 1131 3463 1169 a
3497 1118 3663 1171 bono.

2081 1196 2139 1250 Si
2174 1197 2317 1251 enim
2355 1199 2519 1252 noxia
2552 1206 2903 1269 peccatorum
2936 1217 3100 1270 opera
3128 1213 3181 1259 et
3210 1206 3353 1259 mala
3395 1208 3532 1277 ipsis
3560 1210 3668 1262 uti—

2078 1291 2147 1344 lia
2181 1299 2313 1344 sunt
2346 1297 2400 1345 et
2426 1292 2564 1346 bene
2616 1302 3030 1363 prosperantur,
3064 1306 3210 1350 recta
3235 1306 3417 1353 autem
3450 1309 3504 1355 et
3523 1301 3667 1356 bona

2079 1383 2223 1436 male
2253 1384 2558 1439 succedunt
2582 1384 2941 1455 aperantibus
2972 1394 3025 1441 et
3071 1386 3364 1442 infeliciter
3394 1407 3669 1461 peragun-

2081 1475 2479 1544 tur,quomodo
2508 1478 2637 1531 boni
2672 1478 2967 1533 adversum
3012 1494 3201 1533 casum
3238 1480 3381 1536 ferre
3443 1484 3669 1553 potero?

2090 1654 2197 1707 ΞΠ
2236 1652 2481 1709 Fortuna
2507 1658 2844 1724 prudentiam
2889 1661 3139 1713 existima
3166 1662 3430 1715 tutiorem.

2152 1744 2285 1800 Sors
2307 1747 2530 1815 quidem
2564 1750 2707 1818 quod
2742 1759 2937 1820 sponte
2967 1762 3019 1806 et
3061 1753 3423 1809 indeliberate
3470 1758 3669 1811 accitli‘

2084 1847 2331 1901 vocatur,
2362 1840 2653 1908 prudentia
2688 1857 2819 1897 vero
2852 1844 2998 1911 quod
3030 1859 3156 1897 cum
3181 1846 3579 1901 deliberatione
3610 1851 3667 1901 iit

2082 1935 2136 1979 et
2167 1930 2527 1983 conscientia.
2557 1930 2728 1985 Porro
2758 1933 3219 2001 quemadmodum
3264 1937 3420 1991 navis
3448 1938 3502 1990 in
3533 1940 3670 1991 mari

2083 2032 2181 2085 per
2228 2019 2662 2089 gubernaculum
2699 2022 2908 2090 regitur
2944 2031 2997 2075 et
3034 2021 3102 2075 ad
3146 2031 3362 2092 portum
3407 2026 3670 2082 subduci-

2082 2120 2191 2169 tur,
2218 2109 2297 2162 sic
2329 2109 2559 2177 spiritus
2600 2110 2887 2179 prudentia
2924 2111 3096 2166 fretus
3123 2128 3303 2168 mores
3349 2115 3547 2169 aninue
3572 2133 3672 2186 gu-

2082 2201 2277 2254 bernat
2308 2208 2362 2253 et
2391 2200 2607 2254 clavum
2654 2211 2847 2256 tenens
2884 2203 2949 2256 ad
2994 2219 3292 2273 supernum
3332 2214 3545 2274 portum
3587 2208 3674 2262 di-

2085 2293 2238 2353 rigit.
2271 2293 2407 2346 Cum
2439 2308 2571 2363 ergo
2617 2309 2713 2363 per
2743 2294 3091 2363 prudentiain
3135 2296 3361 2351 salvatis
3403 2314 3663 2368 cooperc-

2086 2393 2174 2437 tur
2203 2385 2354 2439 salus
2380 2400 2528 2448 vera,
2564 2401 2632 2440 ne
2686 2387 2991 2441 irrationali
3027 2387 3192 2443 cedas
3229 2389 3363 2442 sorti
3390 2405 3493 2444 nec
3530 2391 3673 2445 futili

2086 2484 2139 2529 et
2167 2474 2586 2529 inconsiderata:
2616 2477 2904 2531 verborum
2937 2485 2992 2532 et
3025 2478 3300 2531 rationum
3331 2482 3560 2535 vanitati
3587 2483 3674 2551 ja-

2087 2574 2270 2622 ctatus
2301 2575 2353 2620 te
2390 2566 2556 2628 feras,
2587 2582 2686 2620 nec
2734 2568 2864 2621 ferri
2901 2571 3131 2637 patiaris
3166 2571 3451 2625 hominum
3509 2575 3675 2630 vicis-

2088 2657 2423 2713 situdinibus
2459 2669 2650 2729 raptus
2693 2668 2747 2713 et
2780 2661 3036 2724 illectus;
3088 2662 3463 2730 periculosum
3500 2668 3671 2727 enim,

2088 2749 2181 2805 sed
2207 2750 2553 2804 documentis
2578 2752 2629 2804 in
2659 2753 2877 2813 litteris,
2911 2757 3196 2824 magisque
3220 2757 3533 2827 disciplinis
3568 2759 3675 2813 Do-

2089 2844 2222 2897 mini
2252 2844 2555 2898 secundum
2599 2845 2854 2898 mandata
2903 2854 2958 2898 et
2993 2847 3249 2901 virtutem
3298 2850 3432 2902 nihil
3474 2852 3674 2908 melius

2088 2950 2212 2989 esse
2239 2943 2451 3003 reputa,
2489 2951 2585 3004 per
2620 2952 2741 3004 qua:
2765 2951 2889 2989 vera
2928 2938 3219 3005 prudentia
3268 2948 3322 2994 et
3359 2951 3475 2995 tuta
3524 2945 3675 2999 salus

2091 3026 2314 3081 salvatis
2344 3026 2421 3080 ﬁt.
2475 3026 2551 3081 De
2581 3028 2704 3082 aliis
2755 3044 2887 3082 vero
2934 3029 3122 3094 rebus,
3171 3040 3442 3102 quotquot
3488 3038 3672 3102 possi-

2108 3115 2238 3170 dere
2269 3118 2448 3185 quivis
2488 3118 2875 3181 arbitraretur,
2906 3120 3022 3174 sive
3057 3120 3342 3177 facultates
3387 3124 3503 3179 sive
3534 3127 3675 3180 bona

2092 3203 2209 3259 sive
2232 3207 2618 3274 opulentorum
2670 3211 3124 3264 vestimentorum
3177 3227 3472 3283 apparatus
3520 3218 3678 3273 dixe—

2090 3297 2190 3360 ris,
2228 3297 2555 3367 templorum
2589 3307 2902 3355 structuras
2946 3308 3002 3354 et
3047 3301 3345 3358 thesauros
3381 3314 3433 3359 et
3485 3322 3676 3361 mona-

2099 3387 2284 3450 steria,
2317 3396 2369 3441 et
2397 3404 2507 3443 uno
2545 3390 2713 3444 verbo
2759 3407 2994 3460 quaeque
3048 3410 3219 3463 super
3251 3406 3477 3463 terram,
3541 3403 3677 3456 alias

2091 3475 2213 3530 aliis
2244 3483 2298 3530 et
2326 3477 2393 3533 iis
2421 3478 2515 3548 qui
2551 3494 2658 3532 non
2683 3481 2939 3534 videnlur
2972 3498 3035 3536 ea
3071 3483 3276 3539 habere
3320 3487 3372 3540 in
3415 3502 3672 3561 promptu

2092 3578 2254 3635 sunt;
2291 3572 2408 3625 sola
2458 3572 2751 3641 disciplina
2804 3576 3025 3644 propria
3057 3585 3143 3631 est
3172 3578 3392 3632 illorum
3432 3583 3676 3639 solorum

2090 3664 2181 3734 qui
2223 3678 2343 3718 eam
2400 3664 2706 3733 possident,
2754 3674 2807 3719 et
2861 3666 3175 3722 viventibus
3235 3670 3286 3722 in
3324 3673 3425 3725 hoc
3471 3676 3675 3728 mundo

2093 3769 2325 3809 consors
2378 3770 2556 3825 usque
2610 3756 2678 3810 ad
2737 3756 2899 3813 tinem
2947 3767 3054 3826 est,
3107 3759 3548 3833 decedentesque
3585 3780 3677 3820 se-

2092 3846 2302 3916 quitur.

2236 3982 2999 4061 ljotentiamfunm_ostende,
3033 4004 3137 4042 non
3171 3992 3308 4045 male
3337 3992 3603 4061 faciendo,

2094 4051 2203 4105 222
2243 4052 2347 4108 Sed
2374 4058 2497 4108 bene
2532 4056 2804 4123 faciendo.

2170 4164 2311 4218 Sunt
2357 4165 2608 4220 homines
2668 4165 3044 4221 ardentissimi
3096 4166 3151 4221 in
3196 4169 3412 4227 actibus
3462 4174 3577 4229 suis
3622 4184 3678 4230 et

2094 4257 2334 4328 operarii
2358 4265 2413 4311 et
2447 4256 2606 4310 valde
2638 4257 2975 4322 laborantes,
3003 4259 3205 4330 ingenii
3238 4265 3492 4317 acumine
3523 4274 3678 4320 uten-

2094 4356 2179 4404 tes
2231 4356 2285 4402 et
2342 4346 2792 4416 magnanimitate
2839 4347 3154 4414 superiores
3204 4364 3235 4402 a
3293 4351 3483 4405 multis
3536 4354 3682 4407 celer

2100 4436 2354 4501 brantur,
2385 4435 2478 4504 qui
2506 4434 2655 4504 regia
2686 4441 2962 4503 potestate
2997 4445 3051 4491 et
3086 4438 3427 4493 exercituum
3450 4441 3682 4510 imperio

2100 4537 2153 4583 et
2175 4528 2552 4583 dominatione
2578 4528 2633 4581 in
2661 4528 2865 4582 mundo
2906 4529 3136 4582 multum
3170 4541 3515 4599 praestantes,
3554 4541 3677 4586 tan-

2101 4636 2264 4689 quam
2309 4618 2386 4673 dii
2429 4634 2457 4671 a
2506 4618 2741 4674 subditis
2792 4619 3053 4674 honorari
3107 4622 3363 4677 affectant
3398 4642 3411 4677 :
3448 4624 3503 4677 in
3541 4641 3681 4692 quos

2103 4715 2237 4768 tales
2264 4711 2568 4782 procedens
2607 4712 2835 4781 spiritus
2864 4728 2892 4764 a
2918 4711 3026 4766 Deo
3055 4714 3354 4782 inspiratus
3386 4714 3524 4768 dixit
3556 4733 3569 4767 :
3600 4714 3679 4768 Ne

2102 4809 2154 4861 in
2211 4806 2352 4858 male
2401 4803 2653 4857 faciendo
2702 4813 2756 4857 et
2801 4804 3013 4857 debiles
3067 4820 3446 4873 paupercsque
3496 4806 3682 4873 oppri-

2102 4894 2302 4951 mendo
2334 4895 2592 4949 ostendas
2619 4904 2671 4949 te
2702 4894 2771 4946 ad
2819 4910 3013 4963 magna
3060 4902 3371 4963 promptum
3416 4904 3470 4948 et
3520 4895 3680 4947 fortia

2100 5003 2289 5058 opera,
2326 4988 2420 5043 sed
2469 4989 2524 5041 in
2582 4985 2995 5050 benefaciendo,
3047 4992 3099 5038 et
3143 4986 3208 5039 ad
3252 4984 3344 5038 Dei
3389 4985 3681 5039 universo-

2100 5096 2221 5134 rum
2256 5079 2616 5134 imitationem
2647 5077 2851 5131 bonum
2897 5084 2951 5130 et
2996 5085 3203 5130 rectum
3237 5076 3448 5142 agendo
3486 5094 3499 5130 :
3537 5077 3679 5144 quod

2101 5178 2156 5225 et
2200 5172 2359 5227 deum
2393 5176 2447 5224 et
2510 5167 2680 5221 filium
2712 5167 2806 5222 Dei
2839 5176 2891 5221 te
2926 5182 3022 5235 per
3052 5166 3466 5222 similitudinem
3498 5176 3686 5221 osten.

2102 5261 2217 5326 dit;
2252 5259 2355 5313 hoc
2392 5265 2477 5314 est
2511 5258 2611 5312 viri
2644 5258 2871 5313 scientis
2896 5257 3026 5326 quid
3064 5256 3268 5310 homini
3303 5257 3549 5310 innattnn
3579 5265 3684 5317 est,

2104 5353 2207 5406 hoc
2230 5366 2370 5420 opus
2414 5351 2562 5405 illius
2592 5350 2688 5420 qui
2732 5349 3029 5403 humanam
3073 5348 3352 5402 miseriam
3394 5346 3547 5400 novit
3583 5362 3685 5398 nec

2103 5444 2385 5499 extollitur
2444 5458 2598 5497 more
2648 5442 3023 5512 arrogantium
3075 5450 3127 5495 et
3183 5438 3558 5501 insolentium,
3593 5435 3690 5491 sed

2105 5535 2174 5590 ad
2201 5534 2407 5589 Christi
2443 5533 2724 5603 exemplar
2760 5532 3065 5588 humilibus
3109 5547 3169 5587 se
3218 5529 3688 5585 accommodantis

2105 5641 2409 5696 eorumque
2454 5624 2861 5679 imbecillitates
2904 5625 3137 5695 benigne
3183 5621 3519 5678 sutferentis.
3576 5617 3689 5670 Ma-

2107 5727 2259 5776 ctare
2281 5733 2411 5773 vero
2442 5725 2496 5773 et
2526 5718 2762 5787 spoliare
2796 5725 2849 5772 et
2876 5717 2941 5771 ad
2978 5716 3257 5771 miseriam
3286 5712 3553 5777 redigere,
3592 5708 3688 5763 Dei

2109 5812 2487 5869 benevolentia
2535 5810 2759 5877 dignum
2808 5824 2918 5863 non
2969 5816 3073 5868 est.
3154 5810 3542 5861 venenatarum
3588 5800 3687 5856 be.
