4164 6350
467 349 570 403 839

471 463 703 521 stiarum
725 461 1000 532 proprium
1020 466 1104 513 est
1125 457 1409 521 occidere;
1444 455 1558 507 raia
1584 464 1849 506 venenata
1885 452 2054 504 maris

473 568 528 611 et
564 556 850 625 scorpione
869 555 1008 607 clam
1041 567 1190 606 vtrus
1219 548 1619 609 evomentibns,
1665 545 1824 600 facile
1854 544 2051 600 morsis

475 653 654 702 adstat
687 647 879 700 latum.

473 739 582 790 9‘25
623 738 793 802 Turpe
814 746 890 790 es!
914 735 1155 804 juvenem
1190 751 1308 788 sene
1339 734 1685 800 infirmiorem

473 809 578 861 226
627 808 772 869 Esse,
809 823 1082 874 senemque
1105 807 1297 874 juvene
1320 805 1760 872 iusipientiorem.

544 895 1014 963 Quemadmodum
1047 896 1270 966 juventa
1323 903 1376 948 et
1431 895 1608 948 anatis
1651 890 1929 946 viriditate
1975 888 2054 942 vi-

475 1000 709 1058 gentem,
730 1005 861 1045 sene
887 988 1163 1058 decrepito
1189 986 1507 1041 debiliorem
1527 1001 1651 1040 esse
1674 993 1832 1056 turpe
1851 985 2054 1039 videre-

476 1090 567 1135 tur
587 1089 637 1136 et
673 1083 1052 1150 incongruum,
1071 1079 1174 1141 sic,
1193 1079 1390 1148 inquit,
1414 1085 1469 1132 et
1492 1078 1545 1130 in
1566 1077 1752 1132 ultima
1769 1086 2054 1132 senectute

478 1173 884 1243 pervenientem
941 1173 1430 1242 imprudentiorem
1483 1169 1705 1240 juniore
1767 1184 2051 1240 apparere,

479 1267 839 1332 incongruum
870 1280 1097 1335 prorsus
1149 1275 1202 1319 et
1252 1264 1533 1335 indecens.
1593 1262 1857 1318 Similiter
1885 1279 2052 1318 senex

476 1359 587 1413 vita
620 1367 673 1414 et
705 1367 864 1414 aetate
897 1366 1150 1428 provecta
1198 1356 1376 1412 factus
1411 1357 1480 1411 sit
1518 1356 1669 1410 omni
1699 1356 1967 1426 sapientia
1999 1363 2054 1410 et

479 1452 769 1521 prudentia
819 1452 1035 1520 plenus,
1085 1451 1351 1520 optimum
1409 1458 1464 1504 et
1515 1449 1851 1504 conveniens
1897 1449 2051 1512 illud,

475 1547 753 1618 junioretn
785 1560 916 1600 vero
961 1554 1016 1600 et
1056 1553 1182 1598 ante
1221 1543 1616 1605 maturitatem,
1653 1542 1706 1594 in
1734 1541 1911 1595 artatis
1943 1557 2052 1594 non

481 1644 752 1709 provecta:
785 1635 1021 1689 decursu
1059 1635 1358 1704 sapientem
1404 1647 1461 1685 se
1504 1631 1744 1700 pnebere
1777 1636 1830 1683 et
1870 1629 2056 1682 senio-

482 1744 601 1782 rum
638 1725 982 1798 prudentiam
1017 1725 1236 1786 habere,
1268 1723 1787 1778 excellentissimum
1819 1728 1969 1776 esset
2001 1728 2054 1775 et

479 1821 723 1874 omnium
767 1819 1002 1873 maxime
1028 1818 1383 1872 conveniens.

478 1991 584 2044 2‘29
623 1989 837 2056 Semper
868 1989 1075 2058 quidem
1120 1989 1350 2044 salutem
1397 2004 1637 2056 operare.

553 2083 714 2136 Omni
748 2090 994 2150 tempore
1025 2090 1080 2135 et
1109 2080 1256 2134 omni
1285 2080 1523 2136 hominis
1552 2088 1710 2134 aetate
1737 2080 1942 2134 bonum
1972 2086 2059 2134 est

481 2176 600 2229 viro
629 2175 858 2229 salutem
881 2172 1120 2244 operari,
1152 2188 1273 2242 quae
1303 2180 1407 2239 est,
1451 2187 1481 2224 a
1522 2172 1665 2225 malo
1698 2172 1975 2226 declinare
2003 2179 2058 2226 et

483 2269 685 2323 bonum
715 2267 924 2332 facere;
951 2267 1251 2336 praesertim
1278 2265 1752 2334 appropinquante
1785 2264 2058 2318 solutione

485 2375 514 2413 a
547 2361 674 2413 vita.
725 2357 868 2424 Quid
920 2356 1067 2410 aliud
1115 2355 1311 2424 majori
1362 2355 1719 2410 sollicitudini
1765 2364 1912 2410 esset
1969 2356 2058 2424 pio

484 2453 602 2505 viro
629 2457 683 2505 et
714 2465 936 2504 sensum
971 2447 1388 2516 habenti.quam
1434 2449 1739 2516 praeteritas
1775 2447 1967 2515 culpas
2005 2456 2057 2500 et

483 2543 727 2597 maculas
763 2542 1018 2612 lacrytnis
1070 2549 1124 2595 et
1174 2540 1616 2595 confessionibus
1661 2539 1946 2603 mundare,
2003 2545 2060 2592 et

483 2647 605 2701 qua:
644 2647 709 2686 ex
767 2631 1034 2700 injustitia
1085 2629 1433 2699 proveniunt,
1477 2631 1544 2683 iis
1584 2628 1677 2698 qui
1730 2628 2057 2695 injustitiam

487 2722 631 2791 passi
663 2732 812 2785 sunt,
840 2737 960 2790 quae
996 2736 1124 2775 vero
1154 2735 1184 2774 a
1219 2720 1369 2790 justo
1405 2721 1556 2773 luero
1601 2734 1725 2772 cum
1760 2726 1909 2772 recta
1938 2733 2059 2772 mo-

484 2813 770 2866 deratione
799 2810 1018 2866 Christo
1051 2816 1204 2877 prius
1229 2811 1464 2872 mittere,
1496 2816 1550 2864 et
1583 2810 1662 2866 sic
1694 2808 1972 2863 fructuosa
2005 2815 2061 2862 et

486 2904 722 2957 sollicita
751 2903 1069 2972 ptenitentia
1099 2903 1340 2972 judicem
1372 2902 1612 2972 placare.
1654 2899 1859 2955 Merces
1887 2915 2059 2970 appa-

489 3003 587 3054 ret,
622 3007 799 3062 prazco
829 3001 1026 3046 metam
1070 2994 1304 3046 clamat:
1342 2991 1590 3061 Apostoli
1616 2997 1670 3046 et
1704 2989 1981 3061 prapbeta:
2007 2997 2061 3044 et

483 3083 664 3138 ornnis
693 3082 910 3138 divinus
931 3082 1188 3153 magister
1210 3120 1224 3145 ,
1264 3083 1642 3151 ptenitcntiam
1669 3083 1834 3151 agite,
1861 3094 2058 3151 magna

489 3174 744 3241 praedicat
785 3190 937 3228 voce.
971 3175 1296 3243 Quicunque
1345 3189 1508 3229 aures
1553 3173 1812 3228 audiendi
1863 3173 2055 3236 habes,

488 3281 616 3334 para
641 3267 706 3318 ad
741 3273 936 3320 metam
967 3282 1132 3335 opera
1179 3277 1302 3332 tua;
1353 3264 1621 3336 judicium
1675 3280 1845 3336 prope
1880 3272 1966 3321 est
2005 3275 2061 3321 et

488 3359 545 3413 in
582 3357 791 3414 foribus
819 3360 974 3413 adest
999 3358 1188 3428 jndex.

491 3544 598 3597 Q53
641 3540 792 3594 Finis
822 3542 1100 3595 sermonis.

559 3633 742 3688 Multis
766 3633 923 3689 bonis
949 3642 1002 3686 et
1047 3633 1385 3703 sapientibus
1416 3632 1596 3688 verbis
1640 3632 1694 3686 in
1726 3630 1904 3685 anima
1928 3631 2061 3685 aedi-

490 3726 795 3779 licationem
829 3733 884 3778 et
915 3724 1146 3778 salutem
1174 3740 1204 3777 a
1230 3733 1422 3778 sancta
1455 3732 1509 3779 et
1539 3724 1846 3794 theologica
1878 3725 2061 3794 lingua

492 3817 739 3886 prolatis,
777 3815 924 3869 hunc
959 3815 1212 3884 loquendi
1264 3815 1422 3870 linem
1475 3815 1788 3870 summatim
1855 3825 2061 3868 rectum

491 3919 543 3962 et
569 3909 854 3962 concisum
893 3909 1178 3963 sententiis
1205 3917 1257 3961 et
1280 3909 1610 3962 testimoniis
1641 3910 1756 3964 suis
1785 3907 2060 3977 apposuit,

488 3999 699 4060 dicens,
725 3996 995 4066 duplicem
1029 4011 1152 4052 esse
1187 3998 1532 4066 apostatandi
1584 4013 1613 4050 a
1667 3997 1778 4051 Deo
1832 4012 2061 4061 morem,

491 4090 721 4141 alterum
747 4102 929 4156 opere,
959 4087 1187 4142 alterum
1218 4089 1407 4144 verbo.
1436 4089 1612 4159 Opere
1641 4089 1863 4159 quidem
1896 4091 2063 4159 igitur

491 4185 872 4246 apostatantur
909 4191 940 4230 ιι
987 4175 1193 4232 divinis
1234 4179 1327 4246 qui
1379 4179 1682 4232 secundum
1713 4179 2062 4247 insipientem

490 4271 655 4322 istum
710 4269 1025 4338 hypocrita},
1061 4269 1116 4322 in
1166 4269 1329 4323 corde
1379 4286 1479 4324 suo
1531 4271 1575 4325 si
1614 4286 1722 4324 non
1775 4271 1958 4340 lingua
1983 4270 2066 4325 di-

493 4367 625 4411 cunt
661 4377 673 4410 :
701 4357 818 4410 Non
845 4368 928 4412 est
958 4357 1133 4424 Deus;
1159 4369 1441 4428 propterea
1472 4361 1716 4430 corrupti
1753 4369 1902 4426 sunt,
1936 4374 1989 4417 et
2009 4363 2063 4418 in

494 4449 875 4518 iniquitatibus
897 4450 1290 4505 abominabiles
1316 4452 1440 4505 lacti
1466 4461 1594 4507 sunt
1620 4471 1632 4507 :
1661 4454 1762 4507 hoc
1786 4462 1870 4508 est
1898 4471 2063 4525 opere

494 4548 807 4610 apostatare
849 4555 879 4593 a
934 4539 1060 4593 Deo.
1099 4539 1278 4595 Verbo
1322 4554 1498 4597 autem
1555 4545 1910 4612 apostolicam
1965 4546 2065 4599 do-

491 4635 726 4686 ctrinam
747 4641 799 4685 et
817 4630 1124 4685 divinorum
1151 4631 1370 4686 Patrum
1391 4633 1715 4702 theologiam
1736 4646 1931 4704 negant
1949 4638 2066 4691 sive

491 4725 586 4795 qui
611 4722 890 4777 Judaicam
927 4723 981 4776 in
1031 4723 1466 4779 incredulitatem
1510 4724 1783 4793 feruntur,
1822 4730 1938 4782 sive
1966 4729 2062 4798 qui

492 4815 558 4869 ad
587 4816 840 4886 gentilem
869 4815 1291 4886 polytheismum
1317 4827 1370 4871 et
1409 4818 1735 4887 impietatem
1773 4820 2060 4887 inclinant,

492 4910 608 4963 sive
637 4906 730 4977 qui
775 4908 840 4961 ad
885 4907 1192 4961 hmreticam
1219 4908 1513 4978 perniciem
1546 4909 1876 4978 impiamque
1904 4913 2062 4966 aber-

493 5001 758 5054 rationem
814 4999 1079 5052 incidunt.
1111 4997 1190 5052 Tu
1241 5014 1371 5070 ergo
1421 5001 1780 5070 undcquaque
1814 5005 2058 5058 circum-

493 5093 732 5162 spiciens
765 5091 832 5145 de
861 5091 1055 5160 teipse,
1092 5107 1156 5145 ne
1184 5091 1474 5161 decipiaris
1516 5091 1586 5144 ab
1620 5092 1776 5148 hoste
1812 5095 2058 5152 invisibi-

493 5187 615 5238 liter
647 5183 847 5238 astanti
878 5192 932 5238 et
957 5183 1162 5253 jugiter
1192 5183 1406 5240 furtivis
1453 5187 1666 5243 insidiis
1701 5189 1972 5245 obsidenti
2011 5199 2064 5245 et

491 5272 838 5343 persequenti
905 5281 958 5326 et
1015 5274 1069 5326 in
1139 5277 1540 5343 apostasiarum
1618 5282 2061 5349 snpradictarum

493 5363 813 5416 barathrum
849 5364 1034 5417 venari
1065 5372 1116 5418 te
1148 5372 1201 5416 et
1247 5367 1472 5433 perdere
1501 5370 1649 5423 omni
1681 5386 1784 5440 ope
1811 5383 1864 5426 et
1898 5389 2063 5440 Opera

490 5454 712 5507 conanti
741 5473 754 5508 :
786 5453 902 5508 haec
950 5463 1130 5508 monet
1171 5457 1409 5525 Optimus
1441 5459 1620 5513 Pater.
1666 5463 1810 5518 Cave
1838 5481 1968 5536 ergo
1997 5481 2064 5522 ne

493 5545 603 5597 ullo
626 5543 785 5599 modo
814 5545 868 5598 in
915 5546 1176 5601 ambabus
1198 5551 1489 5616 apostasiis
1523 5551 1839 5611 distinearis
1876 5567 1930 5611 et
1961 5559 2063 5613 im-

494 5635 732 5706 pliceris,
769 5652 868 5691 nec
920 5637 1217 5694 immundis
1265 5650 1317 5696 te
1362 5643 1685 5710 immisceas,
1726 5658 1794 5699 ne
1829 5648 1963 5704 forte
1995 5666 2064 5706 rx

563 5805 678 5875 (15)
717 5805 934 5863 Littera:
955 5819 1190 5879 quatuor
1211 5821 1300 5867 aut
1327 5814 1563 5885 quinque
1589 5815 1987 5872 desiderantur.

1741 333 2041 392 NICETAS
2079 331 2283 386 DAVII)

3635 341 3740 392 840

2161 446 2438 502 κτιννύναι
2461 462 2476 476 ·
2509 446 2607 516 τῆς
2631 462 2689 499 τε
2722 445 3013 509 θαλαττίας
3039 447 3297 517 τρυγόνος
3325 448 3530 502 καὶτοῦ
3569 467 3737 507 exop-

2157 541 2281 593 πίου
2329 538 2603 608 λαθραίως
2656 539 2748 590 τὸν
2803 537 2879 590 Ξὺν
2931 539 3369 609 ἐναπεμοῦντος,
3401 544 3574 613 ῥᾷστα
3603 561 3739 614 σιταρ-

2160 633 2294 702 έστη
2317 634 2428 694 τοῖς
2455 630 2728 702 δηχθεῖσιν
2761 631 2789 682 6
2828 631 3010 699 μόρος.

2154 723 2263 776 295
2317 721 2582 792 Αζσχρύν
2609 724 2750 774 νέον
2783 721 3063 792 γέροντος
3085 722 3527 792 ἀσθενέστερον

2154 792 2261 847 226
2315 791 2504 855 Εἶναι,
2541 791 2789 861 γέροντα
2819 791 2872 843 δ’
2903 792 3344 860 ἀφρονέστερον
3381 791 3546 850 νέου.

2232 885 2440 955 ’Ὠσπερ
2469 883 2561 938 τὸν
2598 883 2808 955 νεότητι
2836 883 2928 937 καὶ
2967 885 3117 955 ἀκμῇ
3149 885 3466 956 σφριγῶντα
3497 888 3734 959 ἡλικίας,

2157 975 2369 1046 σαπροῦ
2420 975 2673 1044 γέροντος
2726 974 3118 1046 ἀδρανέστερον
3173 973 3352 1042 εἶναι,
3401 981 3626 1050 αἰσχρὸν
3670 984 3737 1036 ἂν

2157 1067 2333 1138 ὁρῷτο
2354 1068 2732 1120 καὶ-ἀνοίκειον
2755 1083 2768 1096 °
2803 1067 2965 1129 οὓτω,
2989 1069 3142 1136 φησί,
3174 1069 3270 1121 καὶ
3293 1070 3384 1122 τὸν
3410 1073 3490 1134 είς
3512 1073 3738 1143 ἔσχατον

2157 1158 2457 1229 ἐληλακότα
2508 1159 2716 1230 γήρους
2737 1199 2752 1222 ,
2801 1160 3198 1230 ἀφρονέστερον
3239 1160 3334 1213 τοῦ
3361 1163 3628 1234 νεωτέρου
3660 1166 3738 1235 τῷ

2157 1251 2333 1323 χρόνῳ
2362 1251 2834 1317 καταδείκνυσθαι,
2867 1253 3135 1306 ἀνοίκειον
3165 1257 3339 1326 πάντη
3380 1259 3474 1310 καὶ
3506 1260 3741 1329 ἀνάρμο-

2159 1358 2304 1395 στον.
2342 1341 2530 1412 Ὅμως
2571 1342 2600 1393 6
2638 1342 2818 1413 γέρων
2854 1345 2952 1411 μὲν
2985 1344 3104 1396 καθ’
3142 1346 3292 1417 ὥραν
3325 1352 3420 1400 καὶ
3451 1350 3591 1404 κατά
3640 1354 3740 1421 τὴν

2159 1433 2524 1505 πρεσϐυτικὴν
2553 1435 2704 1502 ἥκων
2733 1435 2971 1503 ἠλικίαν.
3002 1436 3140 1490 ἔστω
3173 1439 3447 1507 πάνσοςος
3486 1442 3580 1494 καὶ
3615 1460 3740 1497 συν-

2160 1526 2326 1587 έσεως
2352 1525 2585 1596 πλήρης·
2625 1527 2717 1578 καὶ
2738 1526 2894 1578 τοῦτο
2911 1527 3112 1595 ἀγαθόν
3139 1546 3196 1581 τε
3215 1532 3305 1583 καί
3327 1533 3622 1602 εὐπρεπές·
3650 1536 3740 1589 τὸν

2163 1616 2429 1687 νεώτερον
2479 1617 2538 1669 δὲ
2593 1618 2671 1688 τῷ
2719 1619 2893 1688 χρόνῳ
2935 1621 3030 1672 καὶ
3076 1621 3181 1692 πρὸ
3222 1621 3373 1693 ὥρας
3413 1626 3473 1676 ὲν
3519 1627 3597 1697 τῷ
3641 1629 3740 1698 τῆς

2161 1708 2377 1779 ἡλικίας
2424 1708 2605 1763 ἀτελεῖ
2640 1715 2939 1780 σωφρονεῖν
2970 1712 3064 1764 καὶ
3111 1714 3483 1787 πρεσϐυτικὴν
3529 1719 3742 1773 σύνεσιν

2160 1800 2541 1872 ἀνειληφέναι,
2590 1801 2750 1855 τοῦτο
2795 1805 3086 1875 κράτιστον
3133 1806 3200 1859 ἂν
3248 1806 3334 1878 εῖη
3389 1809 3482 1861 καὶ
3522 1814 3743 1867 πάντων

2158 1894 2621 1966 εὐπρεπέστατον.

2157 1986 2264 2041 229
2328 1986 2446 2041 Ἀεὶ
2462 1987 2579 2056 μὲν
2598 1987 2857 2058 ἐργάζοιο
2886 1986 3002 2056 τὴν
3027 1991 3350 2058 σωτηρίαν.

2231 2079 2388 2131 Κατά
2419 2079 2600 2134 πάντα
2632 2081 2729 2149 μὲν
2761 2081 2951 2150 χρόνον
2981 2082 3076 2133 καὶ
3104 2083 3284 2136 πᾶσαν
3317 2082 3604 2154 ἀνθρώπου
3627 2087 3744 2156 ἡλι-

2159 2168 2304 2235 κίαν,
2337 2170 2544 2239 ἀγαθὸν
2591 2172 2746 2244 ἀνδρὶ
2786 2172 2882 2244 τὴν
2927 2173 3092 2227 αὑτοῦ
3149 2176 3423 2246 σωτηρίαν
3473 2181 3746 2248 κατεργά-

2161 2266 2368 2333 ζεσθαι,
2400 2269 2521 2339 ἥτις
2554 2269 2720 2334 ἐστὶν,
2765 2269 3036 2322 ἐκκλίνειν
3073 2271 3170 2341 μὲν
3215 2273 3324 2326 ἀπὸ
3349 2275 3539 2333 κακοῦ.
3567 2280 3744 2328 ποιεῖν

2157 2358 2216 2412 δὲ
2260 2359 2322 2412 τὸ
2365 2360 2590 2428 ἀγαθὸν,
2628 2360 2862 2431 μάλιστα
2903 2361 2961 2414 δὲ
3003 2362 3067 2432 δὴ
3097 2363 3198 2432 τῆς
3243 2361 3338 2418 τοῦ
3387 2364 3504 2435 βίου
3538 2366 3746 2429 λύσεως

2161 2452 2618 2523 προσηγγικυίας.
2661 2453 2726 2505 Τί
2769 2452 2836 2506 ἂν
2859 2452 2989 2506 ἄλλο
3019 2453 3106 2524 εἴη
3148 2458 3746 2529 περισπουδαστότερον

2160 2546 2236 2616 τῷ
2269 2546 2483 2600 εὐσεϐεῖ
2532 2548 2628 2600 καὶ
2681 2547 2808 2600 νοῦν
2857 2547 3054 2617 ἔχοντι,
3107 2549 3140 2618 ἢ
3188 2550 3258 2603 τὰ
3305 2552 3746 2622 προῦπηργμένα

2163 2637 2310 2709 ρύπη
2359 2640 2454 2692 καὶ
2505 2639 2828 2710 μολύσματα
2876 2641 3108 2710 δάκρυσι
3151 2642 3248 2694 καὶ
3295 2642 3747 2714 ὲξομολογήσεσιν

2161 2727 2575 2799 ἀνακαθαίρειν,
2612 2731 2706 2782 καὶ
2733 2731 2800 2783 τά
2833 2730 2891 2796 ἐξ
2925 2731 3143 2794 ἀδικίας
3192 2734 3294 2803 μὲν
3330 2737 3445 2798 τοῖς
3481 2735 3749 2806 ἠδικημέ-

2160 2838 2292 2884 νοις,
2318 2821 2388 2874 τά
2418 2824 2484 2875 ὲκ
2517 2822 2742 2876 δικαίων
2767 2822 2826 2875 δὲ
2863 2823 3048 2893 πόρων
3081 2826 3487 2897 προσγινόμενα
3520 2828 3610 2882 διὰ
3638 2828 3748 2882 τῶν

2166 2912 2400 2982 μετρίων
2429 2913 2753 2984 προπέμψαι
2784 2913 2862 2984 τῷ
2890 2915 3129 2986 Χριστῷ,
3161 2917 3257 2970 καὶ
3280 2917 3456 2982 οὕτως
3483 2921 3748 2992 ἑγκάρπῳ

2162 3005 2256 3058 καὶ
2287 3006 2741 3078 μεμεριμνημένῃ
2774 3006 3032 3079 μετανοίᾳ
3052 3007 3386 3071 ὲξιλεοῦσθαι
3415 3009 3507 3062 τὸν
3526 3012 3742 3081 κριτήν.

2166 3095 2240 3149 Τὸ
2293 3095 2467 3165 γῆρας
2502 3095 2805 3166 πάρεστιν,
2857 3097 2886 3148 6
2933 3097 3109 3167 κήρυξ
3140 3098 3239 3170 τὴν
3285 3098 3462 3164 ἔξοδον
3511 3101 3744 3171 έπιϐοᾷο

2181 3186 2489 3239 ’Δπόστολοι
2523 3187 2617 3239 καὶ
2663 3189 2941 3258 προφῆται
2979 3189 3074 3240 καὶ
3103 3189 3212 3251 πᾶς
3238 3188 3381 3252 θεῖος
3407 3189 3745 3254 διδάσκαλος,

2168 3281 2504 3348 μετανοεῖτε,
2537 3279 2747 3352 μεγάλῃ
2780 3279 3150 3350 παραγγέλλει
3185 3284 3359 3353 φωνῇ.
3401 3284 3514 3346 Πᾶς
3552 3285 3581 3336 6
3608 3283 3748 3354 έχων

2162 3367 2256 3432 οῦς
2279 3369 2520 3434 ἀκούειν,
2543 3370 2831 3442 εὐτρέπιζε
2855 3372 2990 3444 πρὸς
3023 3372 3122 3442 τὴν
3152 3372 3329 3439 ἔξοδον
3353 3374 3421 3427 τά
3445 3375 3582 3445 ἔργα
3615 3392 3711 3428 σου
3728 3393 3746 3408 ο

2163 3465 2196 3532 ἡ
2231 3461 2339 3532 γὰρ
2373 3463 2553 3534 κρίσις
2580 3463 2748 3531 ἐγγὺς
2770 3465 2866 3517 καὶ
2892 3465 2985 3517 ἐπὶ
3017 3464 3209 3534 θύραις
3243 3465 3350 3518 ἰδοὺ
3380 3468 3408 3518 6
3438 3467 3650 3537 κριτής.

2162 3553 2268 3606 255
2340 3553 2535 3621 Πέρας
2569 3556 2773 3625 λόγου.

2237 3647 2454 3700 Πολλῶν
2487 3647 2580 3700 καὶ
2610 3647 2829 3714 ἀγαθῶν
2862 3648 2957 3700 καὶ
2995 3648 3176 3716 σοφῶν
3203 3647 3376 3717 λόγων
3403 3649 3511 3704 τῶν
3557 3653 3636 3714 εις
3672 3653 3752 3704 οξ..

2165 3739 2397 3811 κοδομὴν
2425 3740 2607 3810 ψυχῆς
2635 3741 2732 3793 καὶ
2762 3741 3038 3812 σωτηρίαν
3066 3743 3171 3795 ὑπὸ
3201 3743 3296 3813 τῆς
3328 3745 3479 3814 ἱερᾶς
3505 3746 3598 3799 καὶ
3628 3747 3748 3799 θεο-

2163 3831 2325 3901 λόγου
2351 3832 2601 3901 γλώσσης
2635 3832 2961 3902 εἰρημένων,
2995 3832 3158 3885 τοῦτο
3197 3833 3374 3903 πέρας
3416 3835 3578 3902 λόγου
3619 3852 3750 3903 συγ-

2165 3922 2628 3993 κεφαλαιούμενος
2679 3925 2800 3986 ταῖς
2831 3922 2996 3978 αὑτοῦ
3029 3923 3275 3993 γνώμαις
3309 3926 3404 3978 καὶ
3443 3925 3747 3996 διαμαρτυ-

2169 4015 2311 4084 ρίαις
2343 4012 2512 4076 δεξιόν
2544 4015 2638 4066 καὶ
2665 4015 2928 4084 σύντομον
2961 4015 3218 4085 ἐπέθηκε,
3263 4016 3447 4087 διττὴν
3481 4012 3619 4070 εἶναι
3659 4016 3751 4070 λέ⁴

2165 4123 2279 4175 γων
2307 4107 2406 4176 τὴν
2448 4107 2675 4178 ἄρνησιν
2705 4106 2863 4173 Θεοῦ,
2907 4107 3004 4178 τὴν
3039 4109 3135 4178 μὲν
3177 4109 3236 4160 ὲν
3277 4108 3441 4178 ἔργῳ,
3475 4111 3575 4180 τὴν
3606 4110 3662 4162 δὲ
3690 4113 3752 4162 ἐν

2165 4197 2330 4267 λόγῳ.
2367 4198 2554 4268 Ἔργῳ
2597 4198 2695 4266 μὲν
2737 4194 2829 4252 οὖν
2858 4197 3150 4270 ἐξήρνηται
3191 4199 3250 4252 τὸ
3292 4201 3446 4253 Θεῖον
3484 4202 3670 4272 ὥσπερ
3697 4204 3750 4254 oi

2167 4288 2308 4341 κατὰ
2333 4288 2423 4341 τὸν
2450 4288 2659 4359 ἄφρονα
2686 4292 2894 4342 ἐκεῖνον
2937 4292 3246 4361 ὑποκριταὶ,
3284 4294 3482 4356 οἵτινες
3512 4289 3663 4348 εἷπον
3691 4296 3750 4345 έν

2168 4378 2388 4449 καρδίᾳ,
2417 4381 2466 4432 εί
2492 4382 2582 4432 καὶ
2617 4381 2692 4452 μὴ
2721 4385 2784 4452 τῇ
2823 4382 3043 4454 γλώσσῃ
3072 4385 3304 4447 ἑαυτῶν,
3331 4386 3406 4454 μὴ
3435 4384 3572 4438 εἶναι
3594 4386 3748 4448 Θεὸν,

2171 4471 2237 4523 δι’
2264 4471 2292 4523 ὃ
2320 4472 2415 4525 καὶ
2439 4472 2806 4544 διεφθάρησαν
2833 4476 2927 4527 καὶ
2952 4476 3010 4526 ἐν
3036 4478 3285 4547 ἁνομίαις
3313 4478 3708 4549 ἐϐδελύχθησαν
3733 4495 3748 4508 ·

2171 4563 2316 4633 ἔργῳ
2370 4563 2469 4634 μὲν
2515 4563 2687 4628 οὕτως
2740 4567 2772 4635 ή
2825 4565 3052 4636 ἄρνησις
3095 4569 3444 4621 ἐπιτελεῖται.
3499 4570 3655 4638 Λόγῳ
3693 4569 3752 4622 δὲ

2173 4654 2335 4709 πάλιν
2381 4654 2460 4725 τῷ
2502 4657 2600 4726 τὴν
2629 4659 2991 4729 ἀποστολικὴν
3032 4660 3251 4730 διδαχὴν
3304 4661 3396 4712 καὶ
3436 4662 3546 4713 τῶν
3591 4661 3753 4714 θείων

2173 4744 2430 4816 Πατέρων
2472 4745 2570 4818 τὴν
2612 4747 2889 4816 θεολογίαν
2935 4750 3350 4815 ἀπαναίνεσθαι,
3386 4753 3419 4822 ἢ
3455 4753 3588 4821 πρὸς
3627 4753 3756 4804 Ἰου-

2173 4835 2364 4906 δαῖκὴν
2394 4837 2650 4891 ἀπιστίαν
2680 4841 3144 4911 ὑποφερομένους,
3182 4844 3214 4914 ἢ
3259 4845 3396 4917 πρὸς
3433 4844 3754 4914 Ἑλληνικὴν

2175 4925 2534 4990 ἀπονεύοντας
2589 4930 2874 4983 πολυθεῒαν
2918 4933 3014 4985 καὶ
3066 4935 3354 4998 ἀσέϐειαν,
3401 4937 3432 5007 ἢ
3481 4935 3616 5007 πρὸς
3665 4937 3756 4989 ἀί-

2177 5018 2398 5089 ρετικὴν
2446 5021 2719 5075 ἀπώλειαν
2759 5025 2852 5076 καὶ
2898 5025 3218 5080 δυσσέϐειαν
3267 5027 3756 5092 ἐξολισθαίνοντας.

2124 5148 2128 5152 .
2174 5109 2247 5161 Σὺ
2281 5106 2373 5164 οῦν
2413 5113 2744 5182 πανταχόθεν
2774 5115 2995 5169 σεαυτὸν
3029 5120 3399 5188 περισκοπῶν,
3435 5119 3512 5190 μὴ
3541 5119 3760 5190 κλαπῇς

2175 5198 2279 5251 ὑπὸ
2335 5199 2428 5252 τοῦ
2481 5202 2787 5271 Δυσμενοῦς
2840 5205 3123 5274 ἀοράτως,
3171 5208 3266 5260 καὶ
3323 5209 3411 5261 ἀεὶ
3463 5208 3760 5279 λαθριδίοις

2173 5290 2546 5360 παλαίσμασιν
2591 5294 2990 5366 ἐνεδρεύοντος,
3033 5297 3129 5352 καὶ
3175 5298 3480 5363 διώκοντος,
3533 5300 3628 5352 καὶ
3679 5302 3760 5361 εἰς

2175 5383 2395 5453 βόθυνον
2426 5383 2536 5436 τῶν
2575 5385 2879 5455 εἰρημένων
2925 5389 3208 5459 ἀρνήσεων
3251 5389 3515 5461 θηρεῦσαί
3565 5406 3624 5442 σε
3664 5391 3760 5442 καὶ

2171 5475 2281 5526 ἀπο
2329 5472 2556 5545 [λέσαι]
2605 5478 2716 5547 (15)
2769 5478 2917 5548 πάσῃ
2976 5481 3367 5551 μηχανωμένου
3428 5481 3676 5552 σπουδῇ,
3731 5483 3762 5534 6

2171 5567 2520 5635 ἀγαθώτατος
2545 5570 2734 5641 Πατὴρ
2761 5572 3021 5627 νουθετεῖ.
3047 5575 3288 5646 Πρόσεχε
3306 5573 3400 5630 οὖν
3421 5579 3625 5647 ἀμφοῖν
3648 5577 3759 5628 τῶν

2135 5690 2141 5696 -
2169 5659 2518 5714 ἀποστασιῶν
2552 5665 2863 5717 παντάπασι
2894 5666 3405 5723 ἀποδιαστέλλεσθαι
3443 5669 3536 5722 καὶ
3562 5668 3759 5741 ἀφορί-
