  <div class='ocr_page' id='page_1' title='image "/cluster/home/n/w/nwhite01/storage/ocr_20150623/38/nnc1.0046978500/444.png"; bbox 0 0 4164 6350; ppageno 0'>
   <div class='ocr_carea' id='block_1_1' title="bbox 392 373 493 431">
    <p class='ocr_par' dir='ltr' id='par_1_1' title="bbox 392 373 493 431">
     <span class='ocr_line' id='line_1_1' title="bbox 392 373 493 431; baseline -0.02 0"><span class='ocrx_word' id='word_1_1' title='bbox 392 373 493 431; x_wconf 72' lang='grc' dir='ltr'>ειι</span> 
     </span>
    </p>
   </div>
   <div class='ocr_carea' id='block_1_2' title="bbox 391 487 1967 562">
    <p class='ocr_par' dir='ltr' id='par_1_2' title="bbox 391 487 1967 562">
     <span class='ocr_line' id='line_1_2' title="bbox 391 487 1967 562; baseline 0.001 -20"><span class='ocrx_word' id='word_1_2' title='bbox 391 487 588 555; x_wconf 82' lang='grc' dir='ltr'>ζεσθαι</span> <span class='ocrx_word' id='word_1_3' title='bbox 617 489 712 542; x_wconf 75' lang='grc' dir='ltr'>καὶ</span> <span class='ocrx_word' id='word_1_4' title='bbox 735 488 1059 559; x_wconf 77' lang='grc' dir='ltr'>ἀκαθάρτων</span> <span class='ocrx_word' id='word_1_5' title='bbox 1095 489 1169 561; x_wconf 80' lang='grc' dir='ltr'>μὴ</span> <span class='ocrx_word' id='word_1_6' title='bbox 1200 490 1491 555; x_wconf 75' lang='grc' dir='ltr'>ἅπτεσθαι,</span> <span class='ocrx_word' id='word_1_7' title='bbox 1524 492 1718 561; x_wconf 84' lang='grc' dir='ltr'>μήπως</span> <span class='ocrx_word' id='word_1_8' title='bbox 1743 493 1807 561; x_wconf 83' lang='grc' dir='ltr'>τῇ</span> <span class='ocrx_word' id='word_1_9' title='bbox 1833 491 1967 562; x_wconf 84' lang='grc' dir='ltr'>πρὸς</span> 
     </span>
    </p>
   </div>
   <div class='ocr_carea' id='block_1_3' title="bbox 390 580 1970 653">
    <p class='ocr_par' dir='ltr' id='par_1_3' title="bbox 390 580 1970 653">
     <span class='ocr_line' id='line_1_3' title="bbox 390 580 1970 653; baseline -0.001 -19"><span class='ocrx_word' id='word_1_10' title='bbox 390 581 521 643; x_wconf 79' lang='grc' dir='ltr'>τοὺς</span> <span class='ocrx_word' id='word_1_11' title='bbox 542 580 764 643; x_wconf 79' lang='grc' dir='ltr'>ἀσεϐεῖς</span> <span class='ocrx_word' id='word_1_12' title='bbox 791 581 1064 651; x_wconf 76' lang='grc' dir='ltr'>ρυπωθεὶς</span> <span class='ocrx_word' id='word_1_13' title='bbox 1096 581 1368 652; x_wconf 73' lang='grc' dir='ltr'>ἐπιμιξίᾳ,</span> <span class='ocrx_word' id='word_1_14' title='bbox 1393 581 1636 650; x_wconf 83' lang='grc' dir='ltr'>ἐσχάτων</span> <span class='ocrx_word' id='word_1_15' title='bbox 1656 581 1970 653; x_wconf 83' lang='grc' dir='ltr'>καθαρσίων</span> 
     </span>
    </p>
   </div>
   <div class='ocr_carea' id='block_1_4' title="bbox 393 672 1970 744">
    <p class='ocr_par' dir='ltr' id='par_1_4' title="bbox 393 672 1970 744">
     <span class='ocr_line' id='line_1_4' title="bbox 393 672 1970 744; baseline 0 -19"><span class='ocrx_word' id='word_1_16' title='bbox 393 672 608 725; x_wconf 75' lang='grc' dir='ltr'>καὶτοῦ</span> <span class='ocrx_word' id='word_1_17' title='bbox 642 673 699 727; x_wconf 80' lang='grc' dir='ltr'>ἐν</span> <span class='ocrx_word' id='word_1_18' title='bbox 730 673 865 743; x_wconf 75' lang='grc' dir='ltr'>πυρὶ</span> <span class='ocrx_word' id='word_1_19' title='bbox 914 672 1285 744; x_wconf 82' lang='grc' dir='ltr'>βαπτίσματος</span> <span class='ocrx_word' id='word_1_20' title='bbox 1315 674 1408 727; x_wconf 75' lang='grc' dir='ltr'>καὶ</span> <span class='ocrx_word' id='word_1_21' title='bbox 1443 674 1543 744; x_wconf 86' lang='grc' dir='ltr'>τῆς</span> <span class='ocrx_word' id='word_1_22' title='bbox 1586 672 1818 743; x_wconf 82' lang='grc' dir='ltr'>βασάνου</span> <span class='ocrx_word' id='word_1_23' title='bbox 1861 673 1970 726; x_wconf 84' lang='grc' dir='ltr'>τῶν</span> 
     </span>
    </p>
   </div>
   <div class='ocr_carea' id='block_1_5' title="bbox 394 763 1972 836">
    <p class='ocr_par' dir='ltr' id='par_1_5' title="bbox 394 763 1972 836">
     <span class='ocr_line' id='line_1_5' title="bbox 394 763 1972 836; baseline -0.001 -18"><span class='ocrx_word' id='word_1_24' title='bbox 394 763 735 834; x_wconf 81' lang='grc' dir='ltr'>ἁμαρτωλῶν</span> <span class='ocrx_word' id='word_1_25' title='bbox 763 764 978 835; x_wconf 85' lang='grc' dir='ltr'>δεηθῇς.</span> <span class='ocrx_word' id='word_1_26' title='bbox 1010 764 1289 836; x_wconf 88' lang='grc' dir='ltr'>Τοσαύτην</span> <span class='ocrx_word' id='word_1_27' title='bbox 1325 764 1462 836; x_wconf 84' lang='grc' dir='ltr'>πρὸς</span> <span class='ocrx_word' id='word_1_28' title='bbox 1492 765 1590 836; x_wconf 85' lang='grc' dir='ltr'>τὴν</span> <span class='ocrx_word' id='word_1_29' title='bbox 1635 764 1744 817; x_wconf 83' lang='grc' dir='ltr'>τῶν</span> <span class='ocrx_word' id='word_1_30' title='bbox 1780 780 1972 834; x_wconf 85' lang='grc' dir='ltr'>τετρα-</span> 
     </span>
    </p>
   </div>
   <div class='ocr_carea' id='block_1_6' title="bbox 397 854 1976 925">
    <p class='ocr_par' dir='ltr' id='par_1_6' title="bbox 397 854 1976 925">
     <span class='ocr_line' id='line_1_6' title="bbox 397 854 1976 925; baseline -0.001 -18"><span class='ocrx_word' id='word_1_31' title='bbox 397 855 596 924; x_wconf 85' lang='grc' dir='ltr'>στίχων</span> <span class='ocrx_word' id='word_1_32' title='bbox 624 855 856 925; x_wconf 85' lang='grc' dir='ltr'>γνωμῶν</span> <span class='ocrx_word' id='word_1_33' title='bbox 882 855 1140 925; x_wconf 79' lang='grc' dir='ltr'>ἐξήγησιν</span> <span class='ocrx_word' id='word_1_34' title='bbox 1168 857 1268 924; x_wconf 80' lang='grc' dir='ltr'>τῆς</span> <span class='ocrx_word' id='word_1_35' title='bbox 1304 855 1617 924; x_wconf 85' lang='grc' dir='ltr'>θεολογικῆς</span> <span class='ocrx_word' id='word_1_36' title='bbox 1646 854 1839 925; x_wconf 79' lang='grc' dir='ltr'>φρενὸς</span> <span class='ocrx_word' id='word_1_37' title='bbox 1881 854 1976 907; x_wconf 67' lang='grc' dir='ltr'>καὶ</span> 
     </span>
    </p>
   </div>
   <div class='ocr_carea' id='block_1_7' title="bbox 395 945 1975 1018">
    <p class='ocr_par' dir='ltr' id='par_1_7' title="bbox 395 945 1975 1018">
     <span class='ocr_line' id='line_1_7' title="bbox 395 945 1975 1018; baseline 0 -18"><span class='ocrx_word' id='word_1_38' title='bbox 395 945 637 1008; x_wconf 81' lang='grc' dir='ltr'>διανοίας</span> <span class='ocrx_word' id='word_1_39' title='bbox 682 948 802 1010; x_wconf 83' lang='grc' dir='ltr'>ταῖς</span> <span class='ocrx_word' id='word_1_40' title='bbox 848 945 1013 999; x_wconf 78' lang='grc' dir='ltr'>αὐτοῦ</span> <span class='ocrx_word' id='word_1_41' title='bbox 1061 947 1377 1018; x_wconf 74' lang='grc' dir='ltr'>πρεσϐείαις</span> <span class='ocrx_word' id='word_1_42' title='bbox 1414 947 1507 1000; x_wconf 72' lang='grc' dir='ltr'>καὶ</span> <span class='ocrx_word' id='word_1_43' title='bbox 1542 946 1866 1016; x_wconf 72' lang='grc' dir='ltr'>ἐλλάμψεσιν</span> <span class='ocrx_word' id='word_1_44' title='bbox 1918 948 1975 1000; x_wconf 83' lang='grc' dir='ltr'>ἐν</span> 
     </span>
    </p>
   </div>
   <div class='ocr_carea' id='block_1_8' title="bbox 398 1037 1977 1111">
    <p class='ocr_par' dir='ltr' id='par_1_8' title="bbox 398 1037 1977 1111">
     <span class='ocr_line' id='line_1_8' title="bbox 398 1037 1977 1111; baseline 0 -22"><span class='ocrx_word' id='word_1_45' title='bbox 398 1037 645 1108; x_wconf 81' lang='grc' dir='ltr'>ὲπιτόμῳ</span> <span class='ocrx_word' id='word_1_46' title='bbox 696 1037 1027 1102; x_wconf 81' lang='grc' dir='ltr'>διελθόντες,</span> <span class='ocrx_word' id='word_1_47' title='bbox 1074 1038 1253 1109; x_wconf 83' lang='grc' dir='ltr'>δῶμεν</span> <span class='ocrx_word' id='word_1_48' title='bbox 1302 1037 1461 1104; x_wconf 81' lang='grc' dir='ltr'>δόξαν</span> <span class='ocrx_word' id='word_1_49' title='bbox 1502 1039 1595 1091; x_wconf 84' lang='grc' dir='ltr'>καί</span> <span class='ocrx_word' id='word_1_50' title='bbox 1632 1038 1834 1111; x_wconf 78' lang='grc' dir='ltr'>αίνεσιν</span> <span class='ocrx_word' id='word_1_51' title='bbox 1882 1039 1977 1091; x_wconf 78' lang='grc' dir='ltr'>καὶ</span> 
     </span>
    </p>
   </div>
   <div class='ocr_carea' id='block_1_9' title="bbox 400 1128 1977 1201">
    <p class='ocr_par' dir='ltr' id='par_1_9' title="bbox 400 1128 1977 1201">
     <span class='ocr_line' id='line_1_9' title="bbox 400 1128 1977 1201; baseline 0.003 -22"><span class='ocrx_word' id='word_1_52' title='bbox 400 1128 753 1198; x_wconf 81' lang='grc' dir='ltr'>εὐχαριστίαν</span> <span class='ocrx_word' id='word_1_53' title='bbox 804 1129 885 1199; x_wconf 87' lang='grc' dir='ltr'>τῷ</span> <span class='ocrx_word' id='word_1_54' title='bbox 932 1130 1108 1200; x_wconf 75' lang='grc' dir='ltr'>Πατρὶ</span> <span class='ocrx_word' id='word_1_55' title='bbox 1154 1130 1248 1183; x_wconf 76' lang='grc' dir='ltr'>καὶ</span> <span class='ocrx_word' id='word_1_56' title='bbox 1291 1129 1370 1199; x_wconf 80' lang='grc' dir='ltr'>τῷ</span> <span class='ocrx_word' id='word_1_57' title='bbox 1422 1129 1536 1199; x_wconf 84' lang='grc' dir='ltr'>Υίῷ</span> <span class='ocrx_word' id='word_1_58' title='bbox 1580 1131 1675 1183; x_wconf 77' lang='grc' dir='ltr'>καὶ</span> <span class='ocrx_word' id='word_1_59' title='bbox 1721 1130 1799 1201; x_wconf 85' lang='grc' dir='ltr'>τῷ</span> <span class='ocrx_word' id='word_1_60' title='bbox 1838 1132 1977 1201; x_wconf 83' lang='grc' dir='ltr'>ἁγίῳ</span> 
     </span>
    </p>
   </div>
   <div class='ocr_carea' id='block_1_10' title="bbox 399 1219 1793 1291">
    <p class='ocr_par' dir='ltr' id='par_1_10' title="bbox 399 1219 1793 1291">
     <span class='ocr_line' id='line_1_10' title="bbox 399 1219 1793 1291; baseline 0 -17"><span class='ocrx_word' id='word_1_61' title='bbox 399 1219 681 1289; x_wconf 86' lang='grc' dir='ltr'>Πνεύματι</span> <span class='ocrx_word' id='word_1_62' title='bbox 710 1221 791 1281; x_wconf 87' lang='grc' dir='ltr'>είς</span> <span class='ocrx_word' id='word_1_63' title='bbox 815 1221 943 1283; x_wconf 79' lang='grc' dir='ltr'>τοὺς</span> <span class='ocrx_word' id='word_1_64' title='bbox 972 1221 1171 1283; x_wconf 84' lang='grc' dir='ltr'>αίῶνας</span> <span class='ocrx_word' id='word_1_65' title='bbox 1201 1220 1310 1273; x_wconf 83' lang='grc' dir='ltr'>τῶν</span> <span class='ocrx_word' id='word_1_66' title='bbox 1335 1220 1563 1275; x_wconf 81' lang='grc' dir='ltr'>αἰώνων.</span> <span class='ocrx_word' id='word_1_67' title='bbox 1605 1222 1793 1291; x_wconf 83' lang='grc' dir='ltr'>Ἀμήν.</span> 
     </span>
    </p>
   </div>
   <div class='ocr_carea' id='block_1_11' title="bbox 403 1331 1610 1405">
    <p class='ocr_par' dir='ltr' id='par_1_11' title="bbox 403 1331 1610 1405">
     <span class='ocr_line' id='line_1_11' title="bbox 403 1331 1610 1405; baseline -0.002 -18"><span class='ocrx_word' id='word_1_68' title='bbox 403 1334 479 1387; x_wconf 80' lang='grc' dir='ltr'>Σὺ</span> <span class='ocrx_word' id='word_1_69' title='bbox 517 1336 613 1404; x_wconf 78' lang='grc' dir='ltr'>μὲν</span> <span class='ocrx_word' id='word_1_70' title='bbox 644 1334 864 1405; x_wconf 72' lang='grc' dir='ltr'>σύνοψιν</span> <span class='ocrx_word' id='word_1_71' title='bbox 896 1334 1213 1405; x_wconf 81' lang='grc' dir='ltr'>πρακτικῆς</span> <span class='ocrx_word' id='word_1_72' title='bbox 1229 1331 1473 1405; x_wconf 73' lang='grc' dir='ltr'>θεωρίας</span> <span class='ocrx_word' id='word_1_73' title='bbox 1502 1332 1610 1402; x_wconf 67' lang='lat' dir='ltr'>(LI)</span> 
     </span>
    </p>
   </div>
   <div class='ocr_carea' id='block_1_12' title="bbox 403 1403 1596 1492">
    <p class='ocr_par' dir='ltr' id='par_1_12' title="bbox 403 1403 1596 1492">
     <span class='ocr_line' id='line_1_12' title="bbox 403 1403 1596 1492; baseline -0.004 -35"><span class='ocrx_word' id='word_1_74' title='bbox 403 1403 764 1492; x_wconf 54' lang='grc' dir='ltr'>Ἦετράστὲχον</span> <span class='ocrx_word' id='word_1_75' title='bbox 801 1403 1099 1492; x_wconf 64' lang='grc' dir='ltr'>βροντήσας</span> <span class='ocrx_word' id='word_1_76' title='bbox 1133 1403 1345 1492; x_wconf 41' lang='grc' dir='ltr'>ὐφιλὴνὶ,</span> <span class='ocrx_word' id='word_1_77' title='bbox 1380 1403 1561 1492; x_wconf 50' lang='lat' dir='ltr'>[Id-:5?</span> <span class='ocrx_word' id='word_1_78' title='bbox 1584 1417 1596 1430; x_wconf 85' lang='lat'><strong><em>°</em></strong></span> 
     </span>
    </p>
   </div>
   <div class='ocr_carea' id='block_1_13' title="bbox 416 1471 1644 1545">
    <p class='ocr_par' dir='ltr' id='par_1_13' title="bbox 416 1471 1644 1545">
     <span class='ocr_line' id='line_1_13' title="bbox 416 1471 1644 1545; baseline -0.004 -19"><span class='ocrx_word' id='word_1_79' title='bbox 416 1471 608 1545; x_wconf 78' lang='grc' dir='ltr'>Ἡμεῖς</span> <span class='ocrx_word' id='word_1_80' title='bbox 639 1471 1129 1537; x_wconf 65' lang='grc' dir='ltr'>δ”ὰναπλώσαντες</span> <span class='ocrx_word' id='word_1_81' title='bbox 1167 1471 1425 1545; x_wconf 46' lang='lat' dir='ltr'><strong>svaque</strong></span> <span class='ocrx_word' id='word_1_82' title='bbox 1460 1471 1644 1532; x_wconf 82' lang='grc' dir='ltr'>σθένος</span> 
     </span>
    </p>
   </div>
   <div class='ocr_carea' id='block_1_14' title="bbox 405 1542 1558 1616">
    <p class='ocr_par' dir='ltr' id='par_1_14' title="bbox 405 1542 1558 1616">
     <span class='ocr_line' id='line_1_14' title="bbox 405 1542 1558 1616; baseline -0.004 -19"><span class='ocrx_word' id='word_1_83' title='bbox 405 1542 587 1614; x_wconf 78' lang='grc' dir='ltr'>Αὐτῆς</span> <span class='ocrx_word' id='word_1_84' title='bbox 616 1546 774 1616; x_wconf 83' lang='grc' dir='ltr'>χάριν</span> <span class='ocrx_word' id='word_1_85' title='bbox 805 1545 900 1598; x_wconf 78' lang='grc' dir='ltr'>καὶ</span> <span class='ocrx_word' id='word_1_86' title='bbox 932 1545 1131 1613; x_wconf 83' lang='grc' dir='ltr'>γνῶσιν</span> <span class='ocrx_word' id='word_1_87' title='bbox 1158 1542 1558 1612; x_wconf 86' lang='grc' dir='ltr'>ὲπληθύναμεν.</span> 
     </span>
    </p>
   </div>
   <div class='ocr_carea' id='block_1_15' title="bbox 1190 368 2856 429">
    <p class='ocr_par' dir='ltr' id='par_1_15' title="bbox 1190 368 2856 429">
     <span class='ocr_line' id='line_1_15' title="bbox 1190 368 2856 429; baseline 0.001 -3"><span class='ocrx_word' id='word_1_88' title='bbox 1190 371 1257 427; x_wconf 83' lang='grc' dir='ltr'><strong>ΙΝ</strong></span> <span class='ocrx_word' id='word_1_89' title='bbox 1297 370 1580 428; x_wconf 76' lang='lat' dir='ltr'>CABMEN</span> <span class='ocrx_word' id='word_1_90' title='bbox 1622 372 1680 428; x_wconf 89' lang='lat' dir='ltr'>S.</span> <span class='ocrx_word' id='word_1_91' title='bbox 1707 369 2035 429; x_wconf 74' lang='lat' dir='ltr'><strong>GREGORII</strong></span> <span class='ocrx_word' id='word_1_92' title='bbox 2079 370 2169 426; x_wconf 87' lang='lat' dir='ltr'>DE</span> <span class='ocrx_word' id='word_1_93' title='bbox 2208 368 2435 428; x_wconf 81' lang='lat' dir='ltr'><strong>LIBRIS</strong></span> <span class='ocrx_word' id='word_1_94' title='bbox 2471 368 2856 429; x_wconf 75' lang='lat' dir='ltr'>CANONICIS.</span> 
     </span>
    </p>
   </div>
   <div class='ocr_carea' id='block_1_16' title="bbox 3532 377 3682 435">
    <p class='ocr_par' dir='ltr' id='par_1_16' title="bbox 3532 377 3682 435">
     <span class='ocr_line' id='line_1_16' title="bbox 3532 377 3682 435; baseline 0 -2"><span class='ocrx_word' id='word_1_95' title='bbox 3532 377 3638 435; x_wconf 65' lang='lat'>849</span> <span class='ocrx_word' id='word_1_96' title='bbox 3676 394 3682 403; x_wconf 88' lang='lat'><strong>&#39;</strong></span> 
     </span>
    </p>
   </div>
   <div class='ocr_carea' id='block_1_17' title="bbox 2074 490 3641 563">
    <p class='ocr_par' dir='ltr' id='par_1_17' title="bbox 2074 490 3641 563">
     <span class='ocr_line' id='line_1_17' title="bbox 2074 490 3641 563; baseline 0.001 -19"><span class='ocrx_word' id='word_1_97' title='bbox 2074 490 2368 559; x_wconf 86' lang='lat' dir='ltr'><strong>impiorum</strong></span> <span class='ocrx_word' id='word_1_98' title='bbox 2397 492 2731 548; x_wconf 86' lang='lat' dir='ltr'><strong>commercio</strong></span> <span class='ocrx_word' id='word_1_99' title='bbox 2760 490 3100 561; x_wconf 89' lang='lat' dir='ltr'><strong>inquinatus,</strong></span> <span class='ocrx_word' id='word_1_100' title='bbox 3142 491 3348 549; x_wconf 80' lang='lat' dir='ltr'>ultimis</span> <span class='ocrx_word' id='word_1_101' title='bbox 3375 492 3428 547; x_wconf 90' lang='lat' dir='ltr'>in</span> <span class='ocrx_word' id='word_1_102' title='bbox 3456 494 3641 563; x_wconf 78' lang='lat' dir='ltr'><strong>expia-</strong></span> 
     </span>
    </p>
   </div>
   <div class='ocr_carea' id='block_1_18' title="bbox 2074 582 3642 654">
    <p class='ocr_par' dir='ltr' id='par_1_18' title="bbox 2074 582 3642 654">
     <span class='ocr_line' id='line_1_18' title="bbox 2074 582 3642 654; baseline 0.001 -17"><span class='ocrx_word' id='word_1_103' title='bbox 2074 583 2316 637; x_wconf 88' lang='lat' dir='ltr'><strong>tionibus</strong></span> <span class='ocrx_word' id='word_1_104' title='bbox 2349 588 2403 637; x_wconf 88' lang='lat' dir='ltr'>et</span> <span class='ocrx_word' id='word_1_105' title='bbox 2433 582 2592 653; x_wconf 81' lang='lat' dir='ltr'><strong>igneo</strong></span> <span class='ocrx_word' id='word_1_106' title='bbox 2638 582 2964 654; x_wconf 83' lang='lat' dir='ltr'><strong>baptismate</strong></span> <span class='ocrx_word' id='word_1_107' title='bbox 3005 589 3059 637; x_wconf 87' lang='lat' dir='ltr'>et</span> <span class='ocrx_word' id='word_1_108' title='bbox 3088 592 3436 652; x_wconf 80' lang='lat' dir='ltr'>peccatorum</span> <span class='ocrx_word' id='word_1_109' title='bbox 3462 586 3642 653; x_wconf 65' lang='lat' dir='ltr'><strong>poenis</strong></span> 
     </span>
    </p>
   </div>
   <div class='ocr_carea' id='block_1_19' title="bbox 2077 670 3642 729">
    <p class='ocr_par' dir='ltr' id='par_1_19' title="bbox 2077 670 3642 729">
     <span class='ocr_line' id='line_1_19' title="bbox 2077 670 3642 729; baseline 0 -2"><span class='ocrx_word' id='word_1_110' title='bbox 2077 679 2283 727; x_wconf 85' lang='lat' dir='ltr'><strong>sortem</strong></span> <span class='ocrx_word' id='word_1_111' title='bbox 2306 672 2678 728; x_wconf 83' lang='lat' dir='ltr'>necessariam</span> <span class='ocrx_word' id='word_1_112' title='bbox 2732 673 2954 729; x_wconf 85' lang='lat' dir='ltr'><strong>habeas.</strong></span> <span class='ocrx_word' id='word_1_113' title='bbox 2985 670 3169 727; x_wconf 82' lang='lat' dir='ltr'><strong>Talem</strong></span> <span class='ocrx_word' id='word_1_114' title='bbox 3199 674 3642 729; x_wconf 85' lang='lat' dir='ltr'><strong>tetrastichorum</strong></span> 
     </span>
    </p>
   </div>
   <div class='ocr_carea' id='block_1_20' title="bbox 2078 763 3644 834">
    <p class='ocr_par' dir='ltr' id='par_1_20' title="bbox 2078 763 3644 834">
     <span class='ocr_line' id='line_1_20' title="bbox 2078 763 3644 834; baseline -0.001 -13"><span class='ocrx_word' id='word_1_115' title='bbox 2078 764 2369 821; x_wconf 86' lang='lat' dir='ltr'><strong>sententiis</strong></span> <span class='ocrx_word' id='word_1_116' title='bbox 2392 763 2719 818; x_wconf 80' lang='lat' dir='ltr'><strong>refertorum</strong></span> <span class='ocrx_word' id='word_1_117' title='bbox 2744 764 3194 819; x_wconf 88' lang='lat' dir='ltr'><strong>commentarium</strong></span> <span class='ocrx_word' id='word_1_118' title='bbox 3213 765 3401 834; x_wconf 86' lang='lat' dir='ltr'><strong>paucis</strong></span> <span class='ocrx_word' id='word_1_119' title='bbox 3414 767 3644 830; x_wconf 84' lang='lat' dir='ltr'><strong>emensi,</strong></span> 
     </span>
    </p>
   </div>
   <div class='ocr_carea' id='block_1_21' title="bbox 2078 856 3646 928">
    <p class='ocr_par' dir='ltr' id='par_1_21' title="bbox 2078 856 3646 928">
     <span class='ocr_line' id='line_1_21' title="bbox 2078 856 3646 928; baseline -0.004 -14"><span class='ocrx_word' id='word_1_120' title='bbox 2078 865 2417 928; x_wconf 85' lang='lat' dir='ltr'><strong>exponentes</strong></span> <span class='ocrx_word' id='word_1_121' title='bbox 2448 856 2811 927; x_wconf 82' lang='lat' dir='ltr'><strong>theologicum</strong></span> <span class='ocrx_word' id='word_1_122' title='bbox 2855 856 3105 927; x_wconf 87' lang='lat' dir='ltr'><strong>spiritum</strong></span> <span class='ocrx_word' id='word_1_123' title='bbox 3140 863 3192 910; x_wconf 91' lang='lat' dir='ltr'>et</span> <span class='ocrx_word' id='word_1_124' title='bbox 3233 856 3646 925; x_wconf 77' lang='lat' dir='ltr'><strong>intelligentiam</strong></span> 
     </span>
    </p>
   </div>
   <div class='ocr_carea' id='block_1_22' title="bbox 2080 948 3650 1019">
    <p class='ocr_par' dir='ltr' id='par_1_22' title="bbox 2080 948 3650 1019">
     <span class='ocr_line' id='line_1_22' title="bbox 2080 948 3650 1019; baseline -0.001 -16"><span class='ocrx_word' id='word_1_125' title='bbox 2080 950 2256 1019; x_wconf 90' lang='lat' dir='ltr'><strong>ipsius</strong></span> <span class='ocrx_word' id='word_1_126' title='bbox 2286 948 2577 1019; x_wconf 90' lang='lat' dir='ltr'><strong>splendore</strong></span> <span class='ocrx_word' id='word_1_127' title='bbox 2610 949 2888 1013; x_wconf 87' lang='lat' dir='ltr'><strong>decoram,</strong></span> <span class='ocrx_word' id='word_1_128' title='bbox 2923 948 3176 1019; x_wconf 81' lang='lat' dir='ltr'><strong>gloriam,</strong></span> <span class='ocrx_word' id='word_1_129' title='bbox 3210 948 3425 1003; x_wconf 85' lang='lat' dir='ltr'><strong>laudem</strong></span> <span class='ocrx_word' id='word_1_130' title='bbox 3449 956 3501 1003; x_wconf 89' lang='lat' dir='ltr'>et</span> <span class='ocrx_word' id='word_1_131' title='bbox 3527 964 3650 1018; x_wconf 79' lang='lat' dir='ltr'><strong>gra-</strong></span> 
     </span>
    </p>
   </div>
   <div class='ocr_carea' id='block_1_23' title="bbox 2080 1037 3651 1094">
    <p class='ocr_par' dir='ltr' id='par_1_23' title="bbox 2080 1037 3651 1094">
     <span class='ocr_line' id='line_1_23' title="bbox 2080 1037 3651 1094; baseline 0.001 -3"><span class='ocrx_word' id='word_1_132' title='bbox 2080 1039 2281 1091; x_wconf 85' lang='lat' dir='ltr'><strong>tiarum</strong></span> <span class='ocrx_word' id='word_1_133' title='bbox 2345 1037 2614 1092; x_wconf 86' lang='lat' dir='ltr'><strong>actionem</strong></span> <span class='ocrx_word' id='word_1_134' title='bbox 2668 1038 2860 1093; x_wconf 90' lang='lat' dir='ltr'><strong>demus</strong></span> <span class='ocrx_word' id='word_1_135' title='bbox 2913 1038 3059 1093; x_wconf 83' lang='lat' dir='ltr'><strong>Patri</strong></span> <span class='ocrx_word' id='word_1_136' title='bbox 3104 1047 3157 1092; x_wconf 91' lang='lat' dir='ltr'>et</span> <span class='ocrx_word' id='word_1_137' title='bbox 3203 1037 3342 1093; x_wconf 87' lang='lat' dir='ltr'><strong>Filio</strong></span> <span class='ocrx_word' id='word_1_138' title='bbox 3372 1047 3427 1094; x_wconf 88' lang='lat' dir='ltr'>et</span> <span class='ocrx_word' id='word_1_139' title='bbox 3460 1046 3651 1094; x_wconf 84' lang='lat' dir='ltr'><strong>sancto</strong></span> 
     </span>
    </p>
   </div>
   <div class='ocr_carea' id='block_1_24' title="bbox 2083 1128 3245 1200">
    <p class='ocr_par' dir='ltr' id='par_1_24' title="bbox 2083 1128 3245 1200">
     <span class='ocr_line' id='line_1_24' title="bbox 2083 1128 3245 1200; baseline -0.001 -16"><span class='ocrx_word' id='word_1_140' title='bbox 2083 1128 2313 1200; x_wconf 88' lang='lat' dir='ltr'><strong>Spiritui</strong></span> <span class='ocrx_word' id='word_1_141' title='bbox 2342 1129 2398 1183; x_wconf 90' lang='lat' dir='ltr'>in</span> <span class='ocrx_word' id='word_1_142' title='bbox 2430 1128 2633 1185; x_wconf 65' lang='lat' dir='ltr'><strong>saacula</strong></span> <span class='ocrx_word' id='word_1_143' title='bbox 2669 1129 3017 1184; x_wconf 69' lang='lat' dir='ltr'><strong>smculorum.</strong></span> <span class='ocrx_word' id='word_1_144' title='bbox 3055 1131 3245 1183; x_wconf 83' lang='lat' dir='ltr'><strong>Amen.</strong></span> 
     </span>
    </p>
   </div>
   <div class='ocr_carea' id='block_1_25' title="bbox 2085 1325 3257 1397">
    <p class='ocr_par' dir='ltr' id='par_1_25' title="bbox 2085 1325 3257 1397">
     <span class='ocr_line' id='line_1_25' title="bbox 2085 1325 3257 1397; baseline -0.002 -15"><span class='ocrx_word' id='word_1_145' title='bbox 2085 1326 2167 1382; x_wconf 88' lang='lat' dir='ltr'><strong>Tu</strong></span> <span class='ocrx_word' id='word_1_146' title='bbox 2204 1327 2424 1397; x_wconf 87' lang='lat' dir='ltr'><strong>quidem</strong></span> <span class='ocrx_word' id='word_1_147' title='bbox 2460 1326 2718 1397; x_wconf 87' lang='lat' dir='ltr'><strong>synopsin</strong></span> <span class='ocrx_word' id='word_1_148' title='bbox 2750 1326 3007 1396; x_wconf 68' lang='lat' dir='ltr'><strong>practicae</strong></span> <span class='ocrx_word' id='word_1_149' title='bbox 3034 1325 3257 1381; x_wconf 68' lang='lat' dir='ltr'><strong>theoriaa</strong></span> 
     </span>
    </p>
   </div>
   <div class='ocr_carea' id='block_1_26' title="bbox 2084 1394 3521 1459">
    <p class='ocr_par' dir='ltr' id='par_1_26' title="bbox 2084 1394 3521 1459">
     <span class='ocr_line' id='line_1_26' title="bbox 2084 1394 3521 1459; baseline -0.003 -6"><span class='ocrx_word' id='word_1_150' title='bbox 2084 1400 2145 1453; x_wconf 89' lang='lat' dir='ltr'>In</span> <span class='ocrx_word' id='word_1_151' title='bbox 2181 1394 2517 1454; x_wconf 77' lang='lat' dir='ltr'><strong>tetrastichis</strong></span> <span class='ocrx_word' id='word_1_152' title='bbox 2550 1394 3070 1451; x_wconf 45' lang='lat' dir='ltr'><strong>tonans&#39;sublimem</strong></span> <span class='ocrx_word' id='word_1_153' title='bbox 3105 1397 3265 1451; x_wconf 88' lang='lat' dir='ltr'><strong>Pater</strong></span> <span class='ocrx_word' id='word_1_154' title='bbox 3290 1394 3521 1459; x_wconf 89' lang='lat' dir='ltr'><strong>dedisti;</strong></span> 
     </span>
    </p>
   </div>
   <div class='ocr_carea' id='block_1_27' title="bbox 2081 1467 3171 1537">
    <p class='ocr_par' dir='ltr' id='par_1_27' title="bbox 2081 1467 3171 1537">
     <span class='ocr_line' id='line_1_27' title="bbox 2081 1467 3171 1537; baseline -0.003 -14"><span class='ocrx_word' id='word_1_155' title='bbox 2081 1470 2195 1524; x_wconf 84' lang='lat' dir='ltr'>Nos</span> <span class='ocrx_word' id='word_1_156' title='bbox 2228 1484 2357 1523; x_wconf 83' lang='lat' dir='ltr'><strong>vero</strong></span> <span class='ocrx_word' id='word_1_157' title='bbox 2382 1468 2721 1537; x_wconf 78' lang='lat' dir='ltr'><strong>explicantes</strong></span> <span class='ocrx_word' id='word_1_158' title='bbox 2748 1475 2901 1519; x_wconf 90' lang='lat' dir='ltr'><strong>tuum</strong></span> <span class='ocrx_word' id='word_1_159' title='bbox 2929 1467 3171 1536; x_wconf 78' lang='lat' dir='ltr'><strong>vigorem</strong></span> 
     </span>
    </p>
   </div>
   <div class='ocr_carea' id='block_1_28' title="bbox 2084 1535 3654 1609">
    <p class='ocr_par' dir='ltr' id='par_1_28' title="bbox 2084 1535 3654 1609">
     <span class='ocr_line' id='line_1_28' title="bbox 2084 1535 3654 1609; baseline -0.004 -15"><span class='ocrx_word' id='word_1_160' title='bbox 2084 1540 2214 1609; x_wconf 85' lang='lat' dir='ltr'><strong>Ejus</strong></span> <span class='ocrx_word' id='word_1_161' title='bbox 2242 1538 2423 1608; x_wconf 83' lang='lat' dir='ltr'><strong>operis</strong></span> <span class='ocrx_word' id='word_1_162' title='bbox 2457 1535 2697 1607; x_wconf 50' lang='lat' dir='ltr'><strong>&#39;gratiam</strong></span> <span class='ocrx_word' id='word_1_163' title='bbox 2730 1544 2783 1589; x_wconf 90' lang='lat' dir='ltr'>et</span> <span class='ocrx_word' id='word_1_164' title='bbox 2814 1537 3118 1591; x_wconf 87' lang='lat' dir='ltr'><strong>doctrinam</strong></span> <span class='ocrx_word' id='word_1_165' title='bbox 3154 1535 3654 1606; x_wconf 87' lang='lat' dir='ltr'><strong>multiplicavimus.</strong></span> 
     </span>
    </p>
   </div>
   <div class='ocr_carea' id='block_1_29' title="bbox 479 1698 1984 1778">
    <p class='ocr_par' dir='ltr' id='par_1_29' title="bbox 479 1698 1984 1778">
     <span class='ocr_line' id='line_1_29' title="bbox 479 1698 1984 1778; baseline -0.003 -21"><span class='ocrx_word' id='word_1_166' title='bbox 479 1704 606 1778; x_wconf 10' lang='lat' dir='ltr'><strong>(lii)!</strong></span> <span class='ocrx_word' id='word_1_167' title='bbox 634 1703 823 1778; x_wconf 70' lang='lat' dir='ltr'><strong>E_:_tstat</strong></span> <span class='ocrx_word' id='word_1_168' title='bbox 863 1704 965 1778; x_wconf 78' lang='lat' dir='ltr'><strong>lioc</strong></span> <span class='ocrx_word' id='word_1_169' title='bbox 1005 1702 1364 1778; x_wconf 56' lang='lat' dir='ltr'><strong>tetrasticllon</strong></span> <span class='ocrx_word' id='word_1_170' title='bbox 1396 1701 1558 1778; x_wconf 79' lang='lat' dir='ltr'><strong>etiam</strong></span> <span class='ocrx_word' id='word_1_171' title='bbox 1591 1702 1644 1778; x_wconf 55' lang='lat' dir='ltr'>in</span> <span class='ocrx_word' id='word_1_172' title='bbox 1679 1700 1765 1778; x_wconf 83' lang='lat' dir='ltr'><strong>e_d.</strong></span> <span class='ocrx_word' id='word_1_173' title='bbox 1795 1698 1984 1778; x_wconf 61' lang='lat' dir='ltr'><strong>Venet.</strong></span> 
     </span>
    </p>
   </div>
   <div class='ocr_carea' id='block_1_30' title="bbox 409 1772 1988 1842">
    <p class='ocr_par' dir='ltr' id='par_1_30' title="bbox 409 1772 1988 1842">
     <span class='ocr_line' id='line_1_30' title="bbox 409 1772 1988 1842; baseline -0.006 -14"><span class='ocrx_word' id='word_1_174' title='bbox 409 1772 505 1842; x_wconf 59' lang='grc' dir='ltr'>(οι.</span> <span class='ocrx_word' id='word_1_175' title='bbox 541 1776 627 1830; x_wconf 80' lang='grc'>55.</span> <span class='ocrx_word' id='word_1_176' title='bbox 666 1775 727 1831; x_wconf 83' lang='grc' dir='ltr'>ν.</span> <span class='ocrx_word' id='word_1_177' title='bbox 762 1777 835 1828; x_wconf 87' lang='lat' dir='ltr'>ita</span> <span class='ocrx_word' id='word_1_178' title='bbox 869 1775 1188 1842; x_wconf 87' lang='lat' dir='ltr'><strong>inscriptum</strong></span> <span class='ocrx_word' id='word_1_179' title='bbox 1225 1791 1236 1824; x_wconf 94' lang='lat'>:</span> <span class='ocrx_word' id='word_1_180' title='bbox 1266 1772 1465 1841; x_wconf 83' lang='grc' dir='ltr'>Στίχοι·</span> <span class='ocrx_word' id='word_1_181' title='bbox 1489 1772 1733 1842; x_wconf 74' lang='grc' dir='ltr'>ίαμϐικοὶ</span> <span class='ocrx_word' id='word_1_182' title='bbox 1769 1772 1861 1821; x_wconf 76' lang='grc' dir='ltr'>τοῦ</span> <span class='ocrx_word' id='word_1_183' title='bbox 1902 1788 1988 1842; x_wconf 71' lang='grc' dir='ltr'>φι-</span> 
     </span>
    </p>
   </div>
   <div class='ocr_carea' id='block_1_31' title="bbox 407 1836 1993 1917">
    <p class='ocr_par' dir='ltr' id='par_1_31' title="bbox 407 1836 1993 1917">
     <span class='ocr_line' id='line_1_31' title="bbox 407 1836 1993 1917; baseline -0.004 -19"><span class='ocrx_word' id='word_1_184' title='bbox 407 1841 637 1915; x_wconf 79' lang='grc' dir='ltr'>λοσόφου</span> <span class='ocrx_word' id='word_1_185' title='bbox 666 1845 855 1917; x_wconf 74' lang='grc' dir='ltr'>ιιυρίου</span> <span class='ocrx_word' id='word_1_186' title='bbox 883 1836 1097 1915; x_wconf 73' lang='grc' dir='ltr'>Νικήτα</span> <span class='ocrx_word' id='word_1_187' title='bbox 1136 1842 1229 1895; x_wconf 92' lang='grc' dir='ltr'>τοῦ</span> <span class='ocrx_word' id='word_1_188' title='bbox 1264 1836 1559 1894; x_wconf 78' lang='grc' dir='ltr'>καὶ”Δα6ὶδ</span> <span class='ocrx_word' id='word_1_189' title='bbox 1586 1840 1681 1893; x_wconf 86' lang='grc' dir='ltr'>τοῦ</span> <span class='ocrx_word' id='word_1_190' title='bbox 1726 1836 1993 1912; x_wconf 74' lang='grc' dir='ltr'>ἑρμηνεύ-</span> 
     </span>
    </p>
   </div>
   <div class='ocr_carea' id='block_1_32' title="bbox 2092 1691 3659 1769">
    <p class='ocr_par' dir='ltr' id='par_1_32' title="bbox 2092 1691 3659 1769">
     <span class='ocr_line' id='line_1_32' title="bbox 2092 1691 3659 1769; baseline -0.008 -15"><span class='ocrx_word' id='word_1_191' title='bbox 2092 1718 2283 1764; x_wconf 88' lang='grc' dir='ltr'>σαντος</span> <span class='ocrx_word' id='word_1_192' title='bbox 2306 1701 2375 1753; x_wconf 83' lang='grc' dir='ltr'>τὰ</span> <span class='ocrx_word' id='word_1_193' title='bbox 2403 1700 2728 1769; x_wconf 89' lang='grc' dir='ltr'>τετράστιχα</span> <span class='ocrx_word' id='word_1_194' title='bbox 2755 1700 2849 1753; x_wconf 74' lang='grc' dir='ltr'>καὶ</span> <span class='ocrx_word' id='word_1_195' title='bbox 2876 1696 2943 1750; x_wconf 82' lang='grc' dir='ltr'>τὰ</span> <span class='ocrx_word' id='word_1_196' title='bbox 2967 1694 3128 1749; x_wconf 79' lang='grc' dir='ltr'>λοιπά</span> <span class='ocrx_word' id='word_1_197' title='bbox 3155 1694 3260 1767; x_wconf 80' lang='grc' dir='ltr'>ἔπη</span> <span class='ocrx_word' id='word_1_198' title='bbox 3302 1693 3395 1748; x_wconf 84' lang='grc' dir='ltr'>τοῦ</span> <span class='ocrx_word' id='word_1_199' title='bbox 3428 1691 3659 1765; x_wconf 79' lang='grc' dir='ltr'>μεγάλου</span> 
     </span>
    </p>
   </div>
   <div class='ocr_carea' id='block_1_33' title="bbox 2090 1768 2829 1842">
    <p class='ocr_par' dir='ltr' id='par_1_33' title="bbox 2090 1768 2829 1842">
     <span class='ocr_line' id='line_1_33' title="bbox 2090 1768 2829 1842; baseline -0.004 -18"><span class='ocrx_word' id='word_1_200' title='bbox 2090 1771 2297 1842; x_wconf 83' lang='grc' dir='ltr'>πατρὸς</span> <span class='ocrx_word' id='word_1_201' title='bbox 2323 1771 2480 1842; x_wconf 79' lang='grc' dir='ltr'>ἡμῶν</span> <span class='ocrx_word' id='word_1_202' title='bbox 2505 1768 2829 1841; x_wconf 85' lang='grc' dir='ltr'>Γρηγορίου.</span> 
     </span>
    </p>
   </div>
   <div class='ocr_carea' id='block_1_34' title="bbox 429 2046 3653 2082">
    <p class='ocr_par' dir='ltr' id='par_1_34' title="bbox 429 2046 3653 2082">
     <span class='ocr_line' id='line_1_34' title="bbox 429 2046 3653 2082; baseline -0.004 -12"><span class='ocrx_word' id='word_1_203' title='bbox 429 2046 3653 2082; x_wconf 81' lang='lat'>________________________________._____________________._______.</span> 
     </span>
    </p>
   </div>
   <div class='ocr_carea' id='block_1_35' title="bbox 795 2188 3297 2281">
    <p class='ocr_par' dir='ltr' id='par_1_35' title="bbox 795 2188 3297 2281">
     <span class='ocr_line' id='line_1_35' title="bbox 795 2188 3297 2281; baseline -0.007 -11"><span class='ocrx_word' id='word_1_204' title='bbox 795 2205 1212 2270; x_wconf 83' lang='lat' dir='ltr'>GREGORII</span> <span class='ocrx_word' id='word_1_205' title='bbox 1265 2199 1809 2266; x_wconf 82' lang='lat' dir='ltr'>NAZIANZENI</span> <span class='ocrx_word' id='word_1_206' title='bbox 1845 2194 2207 2260; x_wconf 83' lang='lat' dir='ltr'>CARMEN</span> <span class='ocrx_word' id='word_1_207' title='bbox 2226 2195 2342 2255; x_wconf 89' lang='lat' dir='ltr'>DE</span> <span class='ocrx_word' id='word_1_208' title='bbox 2372 2193 2651 2255; x_wconf 85' lang='lat' dir='ltr'>LIBRIS</span> <span class='ocrx_word' id='word_1_209' title='bbox 2691 2190 3146 2258; x_wconf 82' lang='lat' dir='ltr'>CANONICIS</span> <span class='ocrx_word' id='word_1_210' title='bbox 3176 2188 3297 2281; x_wconf 87' lang='grc'>(15)</span> 
     </span>
    </p>
   </div>
   <div class='ocr_carea' id='block_1_36' title="bbox 1494 2376 2604 2425">
    <p class='ocr_par' dir='ltr' id='par_1_36' title="bbox 1494 2376 2604 2425">
     <span class='ocr_line' id='line_1_36' title="bbox 1494 2376 2604 2425; baseline -0.005 -1"><span class='ocrx_word' id='word_1_211' title='bbox 1494 2381 1625 2425; x_wconf 79' lang='lat' dir='ltr'>CUM</span> <span class='ocrx_word' id='word_1_212' title='bbox 1659 2377 1951 2423; x_wconf 76' lang='lat' dir='ltr'><strong>ANONYMI</strong></span> <span class='ocrx_word' id='word_1_213' title='bbox 2006 2376 2604 2421; x_wconf 72' lang='lat' dir='ltr'>INTERPRETATIONE</span> 
     </span>
    </p>
   </div>
   <div class='ocr_carea' id='block_1_37' title="bbox 1108 2526 2972 2599">
    <p class='ocr_par' dir='ltr' id='par_1_37' title="bbox 1108 2526 2972 2599">
     <span class='ocr_line' id='line_1_37' title="bbox 1108 2526 2972 2599; baseline -0.006 -13"><span class='ocrx_word' id='word_1_214' title='bbox 1108 2536 1201 2599; x_wconf 78' lang='lat' dir='ltr'>(Ex</span> <span class='ocrx_word' id='word_1_215' title='bbox 1223 2534 1391 2585; x_wconf 88' lang='lat' dir='ltr'><strong>codice</strong></span> <span class='ocrx_word' id='word_1_216' title='bbox 1414 2532 1765 2597; x_wconf 81' lang='lat' dir='ltr'><strong>Typograpnei</strong></span> <span class='ocrx_word' id='word_1_217' title='bbox 1787 2529 2061 2591; x_wconf 80' lang='lat' dir='ltr'><strong>Synodalis,</strong></span> <span class='ocrx_word' id='word_1_218' title='bbox 2084 2528 2248 2579; x_wconf 77' lang='lat' dir='ltr'><strong>in-l‘ol.</strong></span> <span class='ocrx_word' id='word_1_219' title='bbox 2272 2541 2407 2577; x_wconf 89' lang='lat' dir='ltr'><strong>num.</strong></span> <span class='ocrx_word' id='word_1_220' title='bbox 2429 2526 2642 2589; x_wconf 82' lang='lat' dir='ltr'><strong>XXVIII,</strong></span> <span class='ocrx_word' id='word_1_221' title='bbox 2662 2527 2747 2578; x_wconf 83' lang='lat' dir='ltr'><strong>fol.</strong></span> <span class='ocrx_word' id='word_1_222' title='bbox 2769 2526 2848 2588; x_wconf 88' lang='lat'>78,</span> <span class='ocrx_word' id='word_1_223' title='bbox 2872 2526 2972 2587; x_wconf 88' lang='lat'>79.)</span> 
     </span>
    </p>
   </div>
   <div class='ocr_carea' id='block_1_38' title="bbox 1272 2677 2838 2752">
    <p class='ocr_par' dir='ltr' id='par_1_38' title="bbox 1272 2677 2838 2752">
     <span class='ocr_line' id='line_1_38' title="bbox 1272 2677 2838 2752; baseline -0.004 -16"><span class='ocrx_word' id='word_1_224' title='bbox 1272 2683 1385 2736; x_wconf 94' lang='grc' dir='ltr'>Τοῦ</span> <span class='ocrx_word' id='word_1_225' title='bbox 1414 2683 1472 2734; x_wconf 80' lang='grc' dir='ltr'>ἐν</span> <span class='ocrx_word' id='word_1_226' title='bbox 1492 2683 1666 2750; x_wconf 80' lang='grc' dir='ltr'>ἁγίοις</span> <span class='ocrx_word' id='word_1_227' title='bbox 1698 2682 1912 2752; x_wconf 83' lang='grc' dir='ltr'>Πατρὸς</span> <span class='ocrx_word' id='word_1_228' title='bbox 1933 2678 2090 2749; x_wconf 77' lang='grc' dir='ltr'>ἡμῶν</span> <span class='ocrx_word' id='word_1_229' title='bbox 2125 2679 2424 2752; x_wconf 79' lang='grc' dir='ltr'>ρηγορίου</span> <span class='ocrx_word' id='word_1_230' title='bbox 2457 2677 2551 2752; x_wconf 82' lang='grc' dir='ltr'>τοῦ</span> <span class='ocrx_word' id='word_1_231' title='bbox 2577 2678 2838 2746; x_wconf 86' lang='grc' dir='ltr'>Θεολόγου</span> 
     </span>
    </p>
   </div>
   <div class='ocr_carea' id='block_1_39' title="bbox 1497 2749 2626 2821">
    <p class='ocr_par' dir='ltr' id='par_1_39' title="bbox 1497 2749 2626 2821">
     <span class='ocr_line' id='line_1_39' title="bbox 1497 2749 2626 2821; baseline -0.002 -17"><span class='ocrx_word' id='word_1_232' title='bbox 1497 2749 1564 2805; x_wconf 77' lang='grc' dir='ltr'>ἐκ</span> <span class='ocrx_word' id='word_1_233' title='bbox 1592 2752 1699 2806; x_wconf 82' lang='grc' dir='ltr'>τῶν</span> <span class='ocrx_word' id='word_1_234' title='bbox 1726 2749 2055 2821; x_wconf 85' lang='grc' dir='ltr'>συμμέτρων</span> <span class='ocrx_word' id='word_1_235' title='bbox 2086 2750 2251 2821; x_wconf 81' lang='grc' dir='ltr'>αὐτοῦ</span> <span class='ocrx_word' id='word_1_236' title='bbox 2284 2749 2626 2821; x_wconf 56' lang='grc' dir='ltr'>ποιημάτων,</span> 
     </span>
    </p>
   </div>
   <div class='ocr_carea' id='block_1_40' title="bbox 766 2815 3330 2903">
    <p class='ocr_par' dir='ltr' id='par_1_40' title="bbox 766 2815 3330 2903">
     <span class='ocr_line' id='line_1_40' title="bbox 766 2815 3330 2903; baseline -0.006 -19"><span class='ocrx_word' id='word_1_237' title='bbox 766 2828 901 2903; x_wconf 78' lang='grc' dir='ltr'>Περὶ</span> <span class='ocrx_word' id='word_1_238' title='bbox 929 2828 1046 2894; x_wconf 85' lang='grc' dir='ltr'>τοῦ,</span> <span class='ocrx_word' id='word_1_239' title='bbox 1072 2826 1210 2881; x_wconf 82' lang='grc' dir='ltr'>Τίνα</span> <span class='ocrx_word' id='word_1_240' title='bbox 1228 2822 1344 2893; x_wconf 81' lang='grc' dir='ltr'>χρὴ</span> <span class='ocrx_word' id='word_1_241' title='bbox 1372 2815 1885 2891; x_wconf 72' lang='grc' dir='ltr'>ἀναγινώσκεσθαι</span> <span class='ocrx_word' id='word_1_242' title='bbox 1909 2815 2121 2884; x_wconf 76' lang='grc' dir='ltr'>,βιϐλία</span> <span class='ocrx_word' id='word_1_243' title='bbox 2151 2819 2263 2889; x_wconf 79' lang='grc' dir='ltr'>τῆς</span> <span class='ocrx_word' id='word_1_244' title='bbox 2283 2815 2548 2885; x_wconf 72' lang='grc' dir='ltr'>Παλὰιᾶς</span> <span class='ocrx_word' id='word_1_245' title='bbox 2575 2815 2675 2873; x_wconf 76' lang='grc' dir='ltr'>καί</span> <span class='ocrx_word' id='word_1_246' title='bbox 2701 2816 2813 2887; x_wconf 84' lang='grc' dir='ltr'>τῆς</span> <span class='ocrx_word' id='word_1_247' title='bbox 2835 2816 2992 2886; x_wconf 82' lang='grc' dir='ltr'>Νέας</span> <span class='ocrx_word' id='word_1_248' title='bbox 3018 2815 3330 2887; x_wconf 75' lang='grc' dir='ltr'>Διαθήκης.</span> 
     </span>
    </p>
   </div>
   <div class='ocr_carea' id='block_1_41' title="bbox 922 3142 2248 3222">
    <p class='ocr_par' dir='ltr' id='par_1_41' title="bbox 922 3142 2248 3222">
     <span class='ocr_line' id='line_1_41' title="bbox 922 3142 2248 3222; baseline -0.002 -22"><span class='ocrx_word' id='word_1_249' title='bbox 922 3154 1105 3222; x_wconf 86' lang='grc' dir='ltr'>Ὀφρα</span> <span class='ocrx_word' id='word_1_250' title='bbox 1128 3148 1183 3203; x_wconf 83' lang='grc' dir='ltr'>δὲ</span> <span class='ocrx_word' id='word_1_251' title='bbox 1219 3150 1292 3221; x_wconf 83' lang='grc' dir='ltr'>μὴ</span> <span class='ocrx_word' id='word_1_252' title='bbox 1317 3148 1523 3218; x_wconf 81' lang='grc' dir='ltr'>ξείνῃσι</span> <span class='ocrx_word' id='word_1_253' title='bbox 1558 3146 1677 3198; x_wconf 85' lang='grc' dir='ltr'>νόον</span> <span class='ocrx_word' id='word_1_254' title='bbox 1708 3143 1964 3197; x_wconf 84' lang='grc' dir='ltr'>κλέπτοιο</span> <span class='ocrx_word' id='word_1_255' title='bbox 1988 3142 2217 3214; x_wconf 77' lang='grc' dir='ltr'>βίϐλοισι</span> <span class='ocrx_word' id='word_1_256' title='bbox 2236 3161 2248 3174; x_wconf 94' lang='grc'><strong>·</strong></span> 
     </span>
    </p>
   </div>
   <div class='ocr_carea' id='block_1_42' title="bbox 478 3238 1667 3308">
    <p class='ocr_par' dir='ltr' id='par_1_42' title="bbox 478 3238 1667 3308">
     <span class='ocr_line' id='line_1_42' title="bbox 478 3238 1667 3308; baseline -0.008 -10"><span class='ocrx_word' id='word_1_257' title='bbox 478 3246 586 3298; x_wconf 81' lang='grc' dir='ltr'>Ἵνα</span> <span class='ocrx_word' id='word_1_258' title='bbox 609 3248 659 3297; x_wconf 84' lang='grc' dir='ltr'>δὲ</span> <span class='ocrx_word' id='word_1_259' title='bbox 683 3251 745 3308; x_wconf 86' lang='grc' dir='ltr'>μή</span> <span class='ocrx_word' id='word_1_260' title='bbox 767 3244 1033 3307; x_wconf 79' lang='grc' dir='ltr'>ἀλλοτρίαις</span> <span class='ocrx_word' id='word_1_261' title='bbox 1052 3244 1133 3290; x_wconf 87' lang='grc' dir='ltr'>τὸν</span> <span class='ocrx_word' id='word_1_262' title='bbox 1154 3241 1262 3290; x_wconf 85' lang='grc' dir='ltr'>νοῦν</span> <span class='ocrx_word' id='word_1_263' title='bbox 1282 3242 1444 3299; x_wconf 79' lang='grc' dir='ltr'>ἀπατᾷ</span> <span class='ocrx_word' id='word_1_264' title='bbox 1464 3238 1667 3300; x_wconf 79' lang='grc' dir='ltr'>βίϐλοις.</span> 
     </span>
    </p>
   </div>
   <div class='ocr_carea' id='block_1_43' title="bbox 934 3322 2358 3400">
    <p class='ocr_par' dir='ltr' id='par_1_43' title="bbox 934 3322 2358 3400">
     <span class='ocr_line' id='line_1_43' title="bbox 934 3322 2358 3400; baseline -0.006 -16"><span class='ocrx_word' id='word_1_265' title='bbox 934 3329 1132 3385; x_wconf 82' lang='grc' dir='ltr'>Πολλαὶ</span> <span class='ocrx_word' id='word_1_266' title='bbox 1157 3327 1265 3400; x_wconf 84' lang='grc' dir='ltr'>γὰρ</span> <span class='ocrx_word' id='word_1_267' title='bbox 1286 3325 1560 3381; x_wconf 85' lang='grc' dir='ltr'>τελέθουσι</span> <span class='ocrx_word' id='word_1_268' title='bbox 1587 3323 2005 3397; x_wconf 80' lang='grc' dir='ltr'>παρέγγραπτοι</span> <span class='ocrx_word' id='word_1_269' title='bbox 2026 3322 2325 3394; x_wconf 72' lang='grc' dir='ltr'>κακότητες</span> <span class='ocrx_word' id='word_1_270' title='bbox 2345 3337 2358 3354; x_wconf 72' lang='grc'><strong>⁸</strong></span> 
     </span>
    </p>
   </div>
   <div class='ocr_carea' id='block_1_44' title="bbox 488 3418 1822 3487">
    <p class='ocr_par' dir='ltr' id='par_1_44' title="bbox 488 3418 1822 3487">
     <span class='ocr_line' id='line_1_44' title="bbox 488 3418 1822 3487; baseline -0.008 -13"><span class='ocrx_word' id='word_1_271' title='bbox 488 3426 670 3474; x_wconf 80' lang='grc' dir='ltr'>Πολλαὶ</span> <span class='ocrx_word' id='word_1_272' title='bbox 697 3423 786 3487; x_wconf 84' lang='grc' dir='ltr'>γὰρ</span> <span class='ocrx_word' id='word_1_273' title='bbox 804 3424 1072 3487; x_wconf 71' lang='grc' dir='ltr'>ὑπάρχουσι</span> <span class='ocrx_word' id='word_1_274' title='bbox 1097 3422 1281 3486; x_wconf 80' lang='grc' dir='ltr'>ψευδῶς</span> <span class='ocrx_word' id='word_1_275' title='bbox 1302 3420 1620 3483; x_wconf 84' lang='grc' dir='ltr'>γεγραμμέναι</span> <span class='ocrx_word' id='word_1_276' title='bbox 1641 3418 1822 3465; x_wconf 77' lang='grc' dir='ltr'>κακίαι.</span> 
     </span>
    </p>
   </div>
   <div class='ocr_carea' id='block_1_45' title="bbox 918 3491 2502 3577">
    <p class='ocr_par' dir='ltr' id='par_1_45' title="bbox 918 3491 2502 3577">
     <span class='ocr_line' id='line_1_45' title="bbox 918 3491 2502 3577; baseline -0.006 -18"><span class='ocrx_word' id='word_1_277' title='bbox 918 3507 1152 3577; x_wconf 83' lang='grc' dir='ltr'>Δέχνυσο</span> <span class='ocrx_word' id='word_1_278' title='bbox 1188 3505 1376 3558; x_wconf 87' lang='grc' dir='ltr'>τοῦτον</span> <span class='ocrx_word' id='word_1_279' title='bbox 1405 3503 1561 3572; x_wconf 87' lang='grc' dir='ltr'>ὲμεῖο</span> <span class='ocrx_word' id='word_1_280' title='bbox 1588 3501 1682 3554; x_wconf 86' lang='grc' dir='ltr'>τὸν</span> <span class='ocrx_word' id='word_1_281' title='bbox 1712 3491 2052 3571; x_wconf 83' lang='grc' dir='ltr'>έγκριτον,ὦ</span> <span class='ocrx_word' id='word_1_282' title='bbox 2081 3497 2210 3567; x_wconf 85' lang='grc' dir='ltr'>φίλ’,</span> <span class='ocrx_word' id='word_1_283' title='bbox 2229 3498 2461 3568; x_wconf 86' lang='grc' dir='ltr'>ἀριθμόν</span> <span class='ocrx_word' id='word_1_284' title='bbox 2489 3516 2502 3529; x_wconf 89' lang='grc'>·</span> 
     </span>
    </p>
   </div>
   <div class='ocr_carea' id='block_1_46' title="bbox 486 3589 2799 3665">
    <p class='ocr_par' dir='ltr' id='par_1_46' title="bbox 486 3589 2799 3665">
     <span class='ocr_line' id='line_1_46' title="bbox 486 3589 2799 3665; baseline -0.006 -14"><span class='ocrx_word' id='word_1_285' title='bbox 486 3604 640 3665; x_wconf 85' lang='grc' dir='ltr'>Δέχου</span> <span class='ocrx_word' id='word_1_286' title='bbox 666 3598 834 3649; x_wconf 84' lang='grc' dir='ltr'>τοῦτον</span> <span class='ocrx_word' id='word_1_287' title='bbox 859 3598 976 3662; x_wconf 85' lang='grc' dir='ltr'>ἐμοῦ</span> <span class='ocrx_word' id='word_1_288' title='bbox 996 3599 1078 3646; x_wconf 87' lang='grc' dir='ltr'>τὸν</span> <span class='ocrx_word' id='word_1_289' title='bbox 1099 3595 1524 3659; x_wconf 82' lang='grc' dir='ltr'>δεδοκιμασμένον,</span> <span class='ocrx_word' id='word_1_290' title='bbox 1548 3595 1578 3650; x_wconf 81' lang='grc' dir='ltr'><strong>ἢ</strong></span> <span class='ocrx_word' id='word_1_291' title='bbox 1604 3593 1936 3653; x_wconf 71' lang='grc' dir='ltr'>ἐξητασμένον,</span> <span class='ocrx_word' id='word_1_292' title='bbox 1959 3592 1989 3648; x_wconf 82' lang='grc' dir='ltr'><strong>ἢ</strong></span> <span class='ocrx_word' id='word_1_293' title='bbox 2014 3591 2361 3654; x_wconf 80' lang='grc' dir='ltr'>κεκυρωμένον,</span> <span class='ocrx_word' id='word_1_294' title='bbox 2380 3591 2422 3637; x_wconf 82' lang='grc' dir='ltr'>ὦ</span> <span class='ocrx_word' id='word_1_295' title='bbox 2446 3590 2566 3653; x_wconf 74' lang='grc' dir='ltr'>φίλι,</span> <span class='ocrx_word' id='word_1_296' title='bbox 2589 3589 2799 3653; x_wconf 80' lang='grc' dir='ltr'>ἀριθμόν.</span> 
     </span>
    </p>
   </div>
   <div class='ocr_carea' id='block_1_47' title="bbox 933 3675 2256 3749">
    <p class='ocr_par' dir='ltr' id='par_1_47' title="bbox 933 3675 2256 3749">
     <span class='ocr_line' id='line_1_47' title="bbox 933 3675 2256 3749; baseline -0.003 -16"><span class='ocrx_word' id='word_1_297' title='bbox 933 3681 1223 3749; x_wconf 72' lang='grc' dir='ltr'>Ἰστορικαὶ</span> <span class='ocrx_word' id='word_1_298' title='bbox 1251 3680 1348 3749; x_wconf 81' lang='grc' dir='ltr'>μὲν</span> <span class='ocrx_word' id='word_1_299' title='bbox 1374 3678 1498 3730; x_wconf 80' lang='grc' dir='ltr'>ἔασι</span> <span class='ocrx_word' id='word_1_300' title='bbox 1533 3676 1708 3746; x_wconf 77' lang='grc' dir='ltr'>βίϐλοι</span> <span class='ocrx_word' id='word_1_301' title='bbox 1731 3675 2056 3729; x_wconf 86' lang='grc' dir='ltr'>δυοκαίδεκα</span> <span class='ocrx_word' id='word_1_302' title='bbox 2084 3677 2256 3729; x_wconf 82' lang='grc' dir='ltr'>πᾶσαι</span> 
     </span>
    </p>
   </div>
   <div class='ocr_carea' id='block_1_48' title="bbox 493 3771 1859 3838">
    <p class='ocr_par' dir='ltr' id='par_1_48' title="bbox 493 3771 1859 3838">
     <span class='ocr_line' id='line_1_48' title="bbox 493 3771 1859 3838; baseline -0.003 -15"><span class='ocrx_word' id='word_1_303' title='bbox 493 3771 726 3838; x_wconf 73' lang='grc' dir='ltr'>Ἰστορίας</span> <span class='ocrx_word' id='word_1_304' title='bbox 742 3773 1049 3838; x_wconf 76' lang='grc' dir='ltr'>περιέχουσαι</span> <span class='ocrx_word' id='word_1_305' title='bbox 1074 3774 1158 3835; x_wconf 81' lang='grc' dir='ltr'>μέν</span> <span class='ocrx_word' id='word_1_306' title='bbox 1186 3773 1277 3820; x_wconf 82' lang='grc' dir='ltr'>εἰσι</span> <span class='ocrx_word' id='word_1_307' title='bbox 1303 3772 1459 3834; x_wconf 80' lang='grc' dir='ltr'>βίϐλοι</span> <span class='ocrx_word' id='word_1_308' title='bbox 1481 3771 1672 3819; x_wconf 85' lang='grc' dir='ltr'>δώδεκα</span> <span class='ocrx_word' id='word_1_309' title='bbox 1688 3774 1859 3820; x_wconf 82' lang='grc' dir='ltr'>πᾶσαι.</span> 
     </span>
    </p>
   </div>
   <div class='ocr_carea' id='block_1_49' title="bbox 955 3855 2058 3929">
    <p class='ocr_par' dir='ltr' id='par_1_49' title="bbox 955 3855 2058 3929">
     <span class='ocr_line' id='line_1_49' title="bbox 955 3855 2058 3929; baseline -0.003 -19"><span class='ocrx_word' id='word_1_310' title='bbox 955 3859 1067 3928; x_wconf 87' lang='grc' dir='ltr'>Τῆς</span> <span class='ocrx_word' id='word_1_311' title='bbox 1099 3856 1462 3929; x_wconf 79' lang='grc' dir='ltr'>ἀρχαιοτέρας</span> <span class='ocrx_word' id='word_1_312' title='bbox 1493 3855 1793 3927; x_wconf 78' lang='grc' dir='ltr'>Ἐὁραῖκῆς</span> <span class='ocrx_word' id='word_1_313' title='bbox 1833 3855 2025 3925; x_wconf 79' lang='grc' dir='ltr'>σοφίης</span> <span class='ocrx_word' id='word_1_314' title='bbox 2044 3868 2058 3884; x_wconf 74' lang='grc'><strong>⁸</strong></span> 
     </span>
    </p>
   </div>
   <div class='ocr_carea' id='block_1_50' title="bbox 426 3952 1569 4014">
    <p class='ocr_par' dir='ltr' id='par_1_50' title="bbox 426 3952 1569 4014">
     <span class='ocr_line' id='line_1_50' title="bbox 426 3952 1569 4014; baseline -0.009 -11"><span class='ocrx_word' id='word_1_315' title='bbox 426 3970 432 3978; x_wconf 86' lang='lat'><strong><em>‘</em></strong></span> <span class='ocrx_word' id='word_1_316' title='bbox 491 3956 588 4011; x_wconf 84' lang='grc' dir='ltr'>Τῆς</span> <span class='ocrx_word' id='word_1_317' title='bbox 610 3954 827 4009; x_wconf 81' lang='grc' dir='ltr'>Παλαιᾶς</span> <span class='ocrx_word' id='word_1_318' title='bbox 852 3952 1070 4010; x_wconf 80' lang='grc' dir='ltr'>δηλονότι</span> <span class='ocrx_word' id='word_1_319' title='bbox 1093 3953 1300 4014; x_wconf 89' lang='grc' dir='ltr'>Γραφῆς.</span> <span class='ocrx_word' id='word_1_320' title='bbox 1564 3961 1569 3965; x_wconf 74' lang='grc'>’</span> 
     </span>
    </p>
   </div>
   <div class='ocr_carea' id='block_1_51' title="bbox 924 4026 2292 4105">
    <p class='ocr_par' dir='ltr' id='par_1_51' title="bbox 924 4026 2292 4105">
     <span class='ocr_line' id='line_1_51' title="bbox 924 4026 2292 4105; baseline -0.001 -18"><span class='ocrx_word' id='word_1_321' title='bbox 924 4034 1212 4105; x_wconf 89' lang='grc' dir='ltr'>Πρωτίστη</span> <span class='ocrx_word' id='word_1_322' title='bbox 1245 4032 1483 4096; x_wconf 83' lang='grc' dir='ltr'>Γένεσις,</span> <span class='ocrx_word' id='word_1_323' title='bbox 1509 4026 1609 4084; x_wconf 83' lang='grc' dir='ltr'>εἶτ’</span> <span class='ocrx_word' id='word_1_324' title='bbox 1631 4029 1871 4097; x_wconf 82' lang='grc' dir='ltr'>Ἔξοδος,</span> <span class='ocrx_word' id='word_1_325' title='bbox 1893 4032 2181 4091; x_wconf 76' lang='grc' dir='ltr'>Λευῖτικὸν</span> <span class='ocrx_word' id='word_1_326' title='bbox 2210 4041 2292 4085; x_wconf 76' lang='grc' dir='ltr'>τέ’</span> 
     </span>
    </p>
   </div>
   <div class='ocr_carea' id='block_1_52' title="bbox 493 4122 1412 4193">
    <p class='ocr_par' dir='ltr' id='par_1_52' title="bbox 493 4122 1412 4193">
     <span class='ocr_line' id='line_1_52' title="bbox 493 4122 1412 4193; baseline -0.007 -16"><span class='ocrx_word' id='word_1_327' title='bbox 493 4122 670 4193; x_wconf 81' lang='grc' dir='ltr'>Πρώτη</span> <span class='ocrx_word' id='word_1_328' title='bbox 696 4125 1118 4186; x_wconf 81' lang='grc' dir='ltr'>Γένεσις,Ἐξοδος,</span> <span class='ocrx_word' id='word_1_329' title='bbox 1148 4124 1412 4176; x_wconf 85' lang='grc' dir='ltr'>Δευῐτικόν.</span> 
     </span>
    </p>
   </div>
   <div class='ocr_carea' id='block_1_53' title="bbox 932 4200 2149 4277">
    <p class='ocr_par' dir='ltr' id='par_1_53' title="bbox 932 4200 2149 4277">
     <span class='ocr_line' id='line_1_53' title="bbox 932 4200 2149 4277; baseline -0.004 -15"><span class='ocrx_word' id='word_1_330' title='bbox 932 4210 1150 4262; x_wconf 76' lang='grc' dir='ltr'>Ἐπειτ’</span> <span class='ocrx_word' id='word_1_331' title='bbox 1193 4205 1464 4277; x_wconf 82' lang='grc' dir='ltr'>Ἀριθμοὶ,</span> <span class='ocrx_word' id='word_1_332' title='bbox 1503 4200 1622 4257; x_wconf 82' lang='grc' dir='ltr'>εἶτα</span> <span class='ocrx_word' id='word_1_333' title='bbox 1648 4203 1910 4275; x_wconf 84' lang='grc' dir='ltr'>Δεύτερος</span> <span class='ocrx_word' id='word_1_334' title='bbox 1940 4204 2105 4275; x_wconf 88' lang='grc' dir='ltr'>νόμος</span> <span class='ocrx_word' id='word_1_335' title='bbox 2136 4222 2149 4235; x_wconf 91' lang='grc'><strong>·</strong></span> 
     </span>
    </p>
   </div>
   <div class='ocr_carea' id='block_1_54' title="bbox 931 4294 2201 4368">
    <p class='ocr_par' dir='ltr' id='par_1_54' title="bbox 931 4294 2201 4368">
     <span class='ocr_line' id='line_1_54' title="bbox 931 4294 2201 4368; baseline 0 -16"><span class='ocrx_word' id='word_1_336' title='bbox 931 4299 1142 4353; x_wconf 80' lang='grc' dir='ltr'>Ἐπειτ’</span> <span class='ocrx_word' id='word_1_337' title='bbox 1178 4297 1385 4368; x_wconf 80' lang='grc' dir='ltr'>Ἰησοῦς</span> <span class='ocrx_word' id='word_1_338' title='bbox 1415 4296 1507 4349; x_wconf 74' lang='grc' dir='ltr'>καὶ</span> <span class='ocrx_word' id='word_1_339' title='bbox 1536 4295 1760 4367; x_wconf 77' lang='grc' dir='ltr'>Κριταὶ,</span> <span class='ocrx_word' id='word_1_340' title='bbox 1806 4294 1963 4348; x_wconf 79' lang='grc' dir='ltr'>Ῥοὺθ</span> <span class='ocrx_word' id='word_1_341' title='bbox 1996 4297 2158 4368; x_wconf 80' lang='grc' dir='ltr'>ὀγδόη</span> <span class='ocrx_word' id='word_1_342' title='bbox 2188 4314 2201 4328; x_wconf 89' lang='grc'>·</span> 
     </span>
    </p>
   </div>
   <div class='ocr_carea' id='block_1_55' title="bbox 937 4387 2414 4463">
    <p class='ocr_par' dir='ltr' id='par_1_55' title="bbox 937 4387 2414 4463">
     <span class='ocr_line' id='line_1_55' title="bbox 937 4387 2414 4463; baseline -0.001 -17"><span class='ocrx_word' id='word_1_343' title='bbox 937 4392 1002 4446; x_wconf 84' lang='grc' dir='ltr'>Ἡ</span> <span class='ocrx_word' id='word_1_344' title='bbox 1030 4393 1087 4445; x_wconf 88' lang='grc' dir='ltr'>δ’</span> <span class='ocrx_word' id='word_1_345' title='bbox 1113 4391 1276 4460; x_wconf 82' lang='grc' dir='ltr'>ὲνάτη</span> <span class='ocrx_word' id='word_1_346' title='bbox 1307 4391 1507 4460; x_wconf 87' lang='grc' dir='ltr'>δεκάτη</span> <span class='ocrx_word' id='word_1_347' title='bbox 1537 4406 1597 4441; x_wconf 88' lang='grc' dir='ltr'>τε</span> <span class='ocrx_word' id='word_1_348' title='bbox 1626 4387 1817 4458; x_wconf 78' lang='grc' dir='ltr'>βίὸλοι,</span> <span class='ocrx_word' id='word_1_349' title='bbox 1843 4389 2081 4459; x_wconf 80' lang='grc' dir='ltr'>Πράξεις</span> <span class='ocrx_word' id='word_1_350' title='bbox 2114 4390 2414 4463; x_wconf 79' lang='grc' dir='ltr'>βασιλήωνο</span> 
     </span>
    </p>
   </div>
   <div class='ocr_carea' id='block_1_56' title="bbox 494 4478 3065 4549">
    <p class='ocr_par' dir='ltr' id='par_1_56' title="bbox 494 4478 3065 4549">
     <span class='ocr_line' id='line_1_56' title="bbox 494 4478 3065 4549; baseline -0.002 -14"><span class='ocrx_word' id='word_1_351' title='bbox 494 4488 553 4537; x_wconf 81' lang='grc' dir='ltr'>Εἰ</span> <span class='ocrx_word' id='word_1_352' title='bbox 576 4488 664 4549; x_wconf 83' lang='grc' dir='ltr'>γὰρ</span> <span class='ocrx_word' id='word_1_353' title='bbox 685 4487 767 4534; x_wconf 85' lang='grc' dir='ltr'>καὶ</span> <span class='ocrx_word' id='word_1_354' title='bbox 787 4485 1017 4548; x_wconf 86' lang='grc' dir='ltr'>τέσσαρές</span> <span class='ocrx_word' id='word_1_355' title='bbox 1039 4485 1158 4532; x_wconf 82' lang='grc' dir='ltr'>εἰσιν</span> <span class='ocrx_word' id='word_1_356' title='bbox 1181 4484 1230 4529; x_wconf 76' lang='grc' dir='ltr'>αἱ</span> <span class='ocrx_word' id='word_1_357' title='bbox 1256 4481 1411 4544; x_wconf 79' lang='grc' dir='ltr'>βίϐλοι</span> <span class='ocrx_word' id='word_1_358' title='bbox 1433 4480 1529 4526; x_wconf 84' lang='grc' dir='ltr'>τῶν</span> <span class='ocrx_word' id='word_1_359' title='bbox 1552 4478 1835 4538; x_wconf 87' lang='grc' dir='ltr'>Βασιλειῶν,</span> <span class='ocrx_word' id='word_1_360' title='bbox 1856 4478 1960 4525; x_wconf 86' lang='grc' dir='ltr'>ἀλλ’</span> <span class='ocrx_word' id='word_1_361' title='bbox 1994 4478 2058 4533; x_wconf 80' lang='grc' dir='ltr'>εἰς</span> <span class='ocrx_word' id='word_1_362' title='bbox 2077 4480 2161 4527; x_wconf 85' lang='grc' dir='ltr'>δύο</span> <span class='ocrx_word' id='word_1_363' title='bbox 2182 4483 2626 4546; x_wconf 74' lang='grc' dir='ltr'>παραλαμϐάνονται</span> <span class='ocrx_word' id='word_1_364' title='bbox 2646 4484 2726 4532; x_wconf 77' lang='grc' dir='ltr'>καὶ</span> <span class='ocrx_word' id='word_1_365' title='bbox 2748 4480 3065 4548; x_wconf 74' lang='grc' dir='ltr'>ἀριθμοῦνται.</span> 
     </span>
    </p>
   </div>
   <div class='ocr_carea' id='block_1_57' title="bbox 928 4560 2262 4635">
    <p class='ocr_par' dir='ltr' id='par_1_57' title="bbox 928 4560 2262 4635">
     <span class='ocr_line' id='line_1_57' title="bbox 928 4560 2262 4635; baseline -0.001 -14"><span class='ocrx_word' id='word_1_366' title='bbox 928 4568 1041 4621; x_wconf 73' lang='grc' dir='ltr'>Καὶ</span> <span class='ocrx_word' id='word_1_367' title='bbox 1076 4564 1575 4635; x_wconf 85' lang='grc' dir='ltr'>Παραλειπὸμεναι,</span> <span class='ocrx_word' id='word_1_368' title='bbox 1605 4562 1834 4633; x_wconf 79' lang='grc' dir='ltr'>ἔσχατον</span> <span class='ocrx_word' id='word_1_369' title='bbox 1868 4560 2071 4631; x_wconf 77' lang='grc' dir='ltr'>Ἕζραν</span> <span class='ocrx_word' id='word_1_370' title='bbox 2101 4561 2262 4634; x_wconf 82' lang='grc' dir='ltr'>ἔχεις.</span> 
     </span>
    </p>
   </div>
   <div class='ocr_carea' id='block_1_58' title="bbox 498 4652 1935 4722">
    <p class='ocr_par' dir='ltr' id='par_1_58' title="bbox 498 4652 1935 4722">
     <span class='ocr_line' id='line_1_58' title="bbox 498 4652 1935 4722; baseline -0.012 -7"><span class='ocrx_word' id='word_1_371' title='bbox 498 4665 593 4716; x_wconf 69' lang='grc' dir='ltr'>Καὶ</span> <span class='ocrx_word' id='word_1_372' title='bbox 614 4666 663 4712; x_wconf 77' lang='grc' dir='ltr'>αἱ</span> <span class='ocrx_word' id='word_1_373' title='bbox 681 4662 765 4713; x_wconf 74' lang='grc' dir='ltr'>δύο</span> <span class='ocrx_word' id='word_1_374' title='bbox 789 4662 886 4709; x_wconf 81' lang='grc' dir='ltr'>τῶν</span> <span class='ocrx_word' id='word_1_375' title='bbox 908 4657 1362 4722; x_wconf 85' lang='grc' dir='ltr'>Παραλειπομένων,</span> <span class='ocrx_word' id='word_1_376' title='bbox 1386 4654 1471 4716; x_wconf 85' lang='grc' dir='ltr'>μία</span> <span class='ocrx_word' id='word_1_377' title='bbox 1494 4654 1728 4715; x_wconf 81' lang='grc' dir='ltr'>λογίζεται</span> <span class='ocrx_word' id='word_1_378' title='bbox 1759 4652 1935 4716; x_wconf 79' lang='grc' dir='ltr'>βίϐλος.</span> 
     </span>
    </p>
   </div>
   <div class='ocr_carea' id='block_1_59' title="bbox 930 4730 2099 4809">
    <p class='ocr_par' dir='ltr' id='par_1_59' title="bbox 930 4730 2099 4809">
     <span class='ocr_line' id='line_1_59' title="bbox 930 4730 2099 4809; baseline -0.008 -15"><span class='ocrx_word' id='word_1_379' title='bbox 930 4743 996 4794; x_wconf 82' lang='grc' dir='ltr'>Δί</span> <span class='ocrx_word' id='word_1_380' title='bbox 1022 4740 1078 4793; x_wconf 72' lang='grc' dir='ltr'>δὲ</span> <span class='ocrx_word' id='word_1_381' title='bbox 1101 4737 1355 4809; x_wconf 75' lang='grc' dir='ltr'>στιχηραὶ</span> <span class='ocrx_word' id='word_1_382' title='bbox 1385 4736 1567 4800; x_wconf 85' lang='grc' dir='ltr'>πέντε,</span> <span class='ocrx_word' id='word_1_383' title='bbox 1604 4730 1679 4788; x_wconf 81' lang='grc' dir='ltr'>ὧν</span> <span class='ocrx_word' id='word_1_384' title='bbox 1713 4733 1926 4804; x_wconf 86' lang='grc' dir='ltr'>πρῶτος</span> <span class='ocrx_word' id='word_1_385' title='bbox 1956 4732 2099 4799; x_wconf 77' lang='grc' dir='ltr'>Ἰὼϐ,</span> 
     </span>
    </p>
   </div>
   <div class='ocr_carea' id='block_1_60' title="bbox 932 4823 2175 4899">
    <p class='ocr_par' dir='ltr' id='par_1_60' title="bbox 932 4823 2175 4899">
     <span class='ocr_line' id='line_1_60' title="bbox 932 4823 2175 4899; baseline -0.004 -12"><span class='ocrx_word' id='word_1_386' title='bbox 932 4835 1165 4886; x_wconf 85' lang='grc' dir='ltr'>Ἔπειτα</span> <span class='ocrx_word' id='word_1_387' title='bbox 1189 4830 1376 4894; x_wconf 72' lang='grc' dir='ltr'>Δαὸὶδ,</span> <span class='ocrx_word' id='word_1_388' title='bbox 1419 4823 1539 4882; x_wconf 79' lang='grc' dir='ltr'>εἶτα</span> <span class='ocrx_word' id='word_1_389' title='bbox 1562 4830 1713 4899; x_wconf 87' lang='grc' dir='ltr'>τρεῖς</span> <span class='ocrx_word' id='word_1_390' title='bbox 1752 4824 2175 4896; x_wconf 76' lang='grc' dir='ltr'>Σολομώντειαι”</span> 
     </span>
    </p>
   </div>
   <div class='ocr_carea' id='block_1_61' title="bbox 936 4918 2076 4996">
    <p class='ocr_par' dir='ltr' id='par_1_61' title="bbox 936 4918 2076 4996">
     <span class='ocr_line' id='line_1_61' title="bbox 936 4918 2076 4996; baseline -0.004 -17"><span class='ocrx_word' id='word_1_391' title='bbox 936 4924 1392 4996; x_wconf 84' lang='grc' dir='ltr'>Ἐκκλησιαστὴς,</span> <span class='ocrx_word' id='word_1_392' title='bbox 1417 4918 1609 4994; x_wconf 62' lang='grc' dir='ltr'>Τᾼσμα</span> <span class='ocrx_word' id='word_1_393' title='bbox 1637 4920 1731 4975; x_wconf 82' lang='grc' dir='ltr'>καὶ</span> <span class='ocrx_word' id='word_1_394' title='bbox 1753 4918 2076 4989; x_wconf 88' lang='grc' dir='ltr'>Παροιμίαι.</span> 
     </span>
    </p>
   </div>
   <div class='ocr_carea' id='block_1_62' title="bbox 931 5010 2211 5085">
    <p class='ocr_par' dir='ltr' id='par_1_62' title="bbox 931 5010 2211 5085">
     <span class='ocr_line' id='line_1_62' title="bbox 931 5010 2211 5085; baseline -0.008 -12"><span class='ocrx_word' id='word_1_395' title='bbox 931 5020 1043 5073; x_wconf 74' lang='grc' dir='ltr'>Καὶ</span> <span class='ocrx_word' id='word_1_396' title='bbox 1072 5018 1224 5071; x_wconf 89' lang='grc' dir='ltr'>πένθ’</span> <span class='ocrx_word' id='word_1_397' title='bbox 1258 5015 1460 5085; x_wconf 85' lang='grc' dir='ltr'>ὁμοίως</span> <span class='ocrx_word' id='word_1_398' title='bbox 1492 5012 1812 5083; x_wconf 83' lang='grc' dir='ltr'>Πνεύματος</span> <span class='ocrx_word' id='word_1_399' title='bbox 1848 5010 2211 5081; x_wconf 72' lang='grc' dir='ltr'>προφητικοῦο</span> 
     </span>
    </p>
   </div>
   <div class='ocr_carea' id='block_1_63' title="bbox 941 5099 2078 5177">
    <p class='ocr_par' dir='ltr' id='par_1_63' title="bbox 941 5099 2078 5177">
     <span class='ocr_line' id='line_1_63' title="bbox 941 5099 2078 5177; baseline -0.008 -15"><span class='ocrx_word' id='word_1_400' title='bbox 941 5107 1086 5162; x_wconf 81' lang='grc' dir='ltr'>Μίαν</span> <span class='ocrx_word' id='word_1_401' title='bbox 1120 5107 1220 5177; x_wconf 86' lang='grc' dir='ltr'>μέν</span> <span class='ocrx_word' id='word_1_402' title='bbox 1248 5108 1385 5159; x_wconf 81' lang='grc' dir='ltr'>εἰσιν</span> <span class='ocrx_word' id='word_1_403' title='bbox 1410 5105 1468 5167; x_wconf 80' lang='grc' dir='ltr'>ἐς</span> <span class='ocrx_word' id='word_1_404' title='bbox 1506 5102 1726 5174; x_wconf 85' lang='grc' dir='ltr'>γραφὴν</span> <span class='ocrx_word' id='word_1_405' title='bbox 1747 5102 1796 5152; x_wconf 91' lang='grc' dir='ltr'>οἱ</span> <span class='ocrx_word' id='word_1_406' title='bbox 1820 5099 2033 5153; x_wconf 87' lang='grc' dir='ltr'>δώδεκα</span> <span class='ocrx_word' id='word_1_407' title='bbox 2063 5117 2078 5130; x_wconf 90' lang='grc'><strong>·</strong></span> 
     </span>
    </p>
   </div>
   <div class='ocr_carea' id='block_1_64' title="bbox 937 5197 2113 5277">
    <p class='ocr_par' dir='ltr' id='par_1_64' title="bbox 937 5197 2113 5277">
     <span class='ocr_line' id='line_1_64' title="bbox 937 5197 2113 5277; baseline -0.008 -19"><span class='ocrx_word' id='word_1_408' title='bbox 937 5206 1121 5277; x_wconf 80' lang='grc' dir='ltr'>Ὠσηὲ,</span> <span class='ocrx_word' id='word_1_409' title='bbox 1166 5202 1351 5273; x_wconf 83' lang='grc' dir='ltr'>Ἀμώς</span> <span class='ocrx_word' id='word_1_410' title='bbox 1370 5220 1429 5255; x_wconf 88' lang='grc' dir='ltr'>τε</span> <span class='ocrx_word' id='word_1_411' title='bbox 1457 5203 1551 5256; x_wconf 75' lang='grc' dir='ltr'>καὶ</span> <span class='ocrx_word' id='word_1_412' title='bbox 1577 5198 1863 5270; x_wconf 86' lang='grc' dir='ltr'>Μιχαίαςό</span> <span class='ocrx_word' id='word_1_413' title='bbox 1885 5197 2066 5268; x_wconf 82' lang='grc' dir='ltr'>τρίτος</span> <span class='ocrx_word' id='word_1_414' title='bbox 2098 5215 2113 5229; x_wconf 89' lang='grc'><strong>·</strong></span> 
     </span>
    </p>
   </div>
   <div class='ocr_carea' id='block_1_65' title="bbox 944 5292 2129 5370">
    <p class='ocr_par' dir='ltr' id='par_1_65' title="bbox 944 5292 2129 5370">
     <span class='ocr_line' id='line_1_65' title="bbox 944 5292 2129 5370; baseline -0.008 -14"><span class='ocrx_word' id='word_1_415' title='bbox 944 5302 1157 5356; x_wconf 86' lang='grc' dir='ltr'>Ἐπειτ’</span> <span class='ocrx_word' id='word_1_416' title='bbox 1198 5298 1376 5370; x_wconf 75' lang='grc' dir='ltr'>Ἰωήλ,</span> <span class='ocrx_word' id='word_1_417' title='bbox 1408 5292 1507 5350; x_wconf 83' lang='grc' dir='ltr'>εἶτ’</span> <span class='ocrx_word' id='word_1_418' title='bbox 1555 5297 1740 5355; x_wconf 82' lang='grc' dir='ltr'>Ἰωνᾶς</span> <span class='ocrx_word' id='word_1_419' title='bbox 1762 5292 1857 5347; x_wconf 79' lang='grc' dir='ltr'>καὶ</span> <span class='ocrx_word' id='word_1_420' title='bbox 1889 5292 2129 5356; x_wconf 78' lang='grc' dir='ltr'>Ἀϐδίας,</span> 
     </span>
    </p>
   </div>
   <div class='ocr_carea' id='block_1_66' title="bbox 935 5383 2112 5461">
    <p class='ocr_par' dir='ltr' id='par_1_66' title="bbox 935 5383 2112 5461">
     <span class='ocr_line' id='line_1_66' title="bbox 935 5383 2112 5461; baseline -0.01 -14"><span class='ocrx_word' id='word_1_421' title='bbox 935 5392 1131 5461; x_wconf 80' lang='grc' dir='ltr'>Ναούμ</span> <span class='ocrx_word' id='word_1_422' title='bbox 1156 5408 1236 5455; x_wconf 88' lang='grc' dir='ltr'>τε,</span> <span class='ocrx_word' id='word_1_423' title='bbox 1285 5387 1553 5444; x_wconf 84' lang='grc' dir='ltr'>Ἀ66ακού</span> <span class='ocrx_word' id='word_1_424' title='bbox 1562 5405 1601 5459; x_wconf 89' lang='grc' dir='ltr'>μ</span> <span class='ocrx_word' id='word_1_425' title='bbox 1628 5404 1689 5439; x_wconf 85' lang='grc' dir='ltr'>τε</span> <span class='ocrx_word' id='word_1_426' title='bbox 1715 5385 1810 5440; x_wconf 71' lang='grc' dir='ltr'>καὶ</span> <span class='ocrx_word' id='word_1_427' title='bbox 1834 5383 2112 5452; x_wconf 77' lang='grc' dir='ltr'>Σοφονίαςο</span> 
     </span>
    </p>
   </div>
   <div class='ocr_carea' id='block_1_67' title="bbox 948 5474 2136 5554">
    <p class='ocr_par' dir='ltr' id='par_1_67' title="bbox 948 5474 2136 5554">
     <span class='ocr_line' id='line_1_67' title="bbox 948 5474 2136 5554; baseline -0.009 -15"><span class='ocrx_word' id='word_1_428' title='bbox 948 5486 1224 5554; x_wconf 80' lang='grc' dir='ltr'>Ἀγγαῖος.</span> <span class='ocrx_word' id='word_1_429' title='bbox 1256 5477 1376 5535; x_wconf 82' lang='grc' dir='ltr'>εἶτα</span> <span class='ocrx_word' id='word_1_430' title='bbox 1404 5479 1679 5551; x_wconf 84' lang='grc' dir='ltr'>Ζαχαρίας</span> <span class='ocrx_word' id='word_1_431' title='bbox 1711 5477 1807 5530; x_wconf 77' lang='grc' dir='ltr'>καὶ</span> <span class='ocrx_word' id='word_1_432' title='bbox 1831 5474 2136 5546; x_wconf 88' lang='grc' dir='ltr'>Μαλαχίας.</span> 
     </span>
    </p>
   </div>
   <div class='ocr_carea' id='block_1_68' title="bbox 936 5564 1964 5646">
    <p class='ocr_par' dir='ltr' id='par_1_68' title="bbox 936 5564 1964 5646">
     <span class='ocr_line' id='line_1_68' title="bbox 936 5564 1964 5646; baseline -0.017 -14"><span class='ocrx_word' id='word_1_433' title='bbox 936 5577 1050 5633; x_wconf 83' lang='grc' dir='ltr'>Μία</span> <span class='ocrx_word' id='word_1_434' title='bbox 1076 5576 1172 5646; x_wconf 82' lang='grc' dir='ltr'>μὲν</span> <span class='ocrx_word' id='word_1_435' title='bbox 1205 5572 1312 5626; x_wconf 80' lang='grc' dir='ltr'>οἵδε</span> <span class='ocrx_word' id='word_1_436' title='bbox 1333 5588 1345 5601; x_wconf 82' lang='lat'><strong><em>°</em></strong></span> <span class='ocrx_word' id='word_1_437' title='bbox 1374 5570 1601 5640; x_wconf 86' lang='grc' dir='ltr'>δευτέρα</span> <span class='ocrx_word' id='word_1_438' title='bbox 1628 5567 1672 5620; x_wconf 87' lang='grc' dir='ltr'>δ’</span> <span class='ocrx_word' id='word_1_439' title='bbox 1703 5564 1932 5626; x_wconf 77' lang='grc' dir='ltr'>Ἡσαΐας</span> <span class='ocrx_word' id='word_1_440' title='bbox 1952 5579 1964 5593; x_wconf 87' lang='grc'><strong>·</strong></span> 
     </span>
    </p>
   </div>
   <div class='ocr_carea' id='block_1_69' title="bbox 945 5658 2137 5739">
    <p class='ocr_par' dir='ltr' id='par_1_69' title="bbox 945 5658 2137 5739">
     <span class='ocr_line' id='line_1_69' title="bbox 945 5658 2137 5739; baseline -0.017 -11"><span class='ocrx_word' id='word_1_441' title='bbox 945 5671 1154 5727; x_wconf 84' lang='grc' dir='ltr'>Ἔπειθ’</span> <span class='ocrx_word' id='word_1_442' title='bbox 1176 5673 1206 5723; x_wconf 84' lang='grc' dir='ltr'><strong>ὁ</strong></span> <span class='ocrx_word' id='word_1_443' title='bbox 1226 5668 1447 5739; x_wconf 80' lang='grc' dir='ltr'>κληθεὶς</span> <span class='ocrx_word' id='word_1_444' title='bbox 1485 5664 1751 5737; x_wconf 84' lang='grc' dir='ltr'>Ἱερεμίας</span> <span class='ocrx_word' id='word_1_445' title='bbox 1770 5664 1833 5716; x_wconf 77' lang='grc' dir='ltr'>ὲκ</span> <span class='ocrx_word' id='word_1_446' title='bbox 1856 5658 2091 5732; x_wconf 77' lang='grc' dir='ltr'>βρέφους</span> <span class='ocrx_word' id='word_1_447' title='bbox 2124 5672 2137 5685; x_wconf 72' lang='grc' dir='ltr'>ο</span> 
     </span>
    </p>
   </div>
   <div class='ocr_carea' id='block_1_70' title="bbox 521 5806 3448 5920">
    <p class='ocr_par' dir='ltr' id='par_1_70' title="bbox 521 5806 3448 5920">
     <span class='ocr_line' id='line_1_70' title="bbox 521 5806 3448 5920; baseline -0.008 -47"><span class='ocrx_word' id='word_1_448' title='bbox 521 5818 634 5888; x_wconf 81' lang='lat' dir='ltr'>(I5)</span> <span class='ocrx_word' id='word_1_449' title='bbox 657 5813 758 5870; x_wconf 88' lang='lat' dir='ltr'>Ed.</span> <span class='ocrx_word' id='word_1_450' title='bbox 790 5827 916 5868; x_wconf 87' lang='lat' dir='ltr'><strong>nov.</strong></span> <span class='ocrx_word' id='word_1_451' title='bbox 946 5806 1496 5920; x_wconf 45' lang='lat' dir='ltr'>p.359.vvvr&#39;&quot;</span> <span class='ocrx_word' id='word_1_452' title='bbox 3366 5852 3448 5920; x_wconf 57' lang='lat'>21</span> 
     </span>
    </p>
   </div>
   <div class='ocr_carea' id='block_1_71' title="bbox 695 5894 2150 5972">
    <p class='ocr_par' dir='ltr' id='par_1_71' title="bbox 695 5894 1522 5972">
     <span class='ocr_line' id='line_1_71' title="bbox 695 5894 1522 5972; baseline -0.018 -3"><span class='ocrx_word' id='word_1_453' title='bbox 695 5911 966 5972; x_wconf 71' lang='grc' dir='ltr'>Ριτιιοι..</span> <span class='ocrx_word' id='word_1_454' title='bbox 999 5901 1118 5963; x_wconf 79' lang='lat' dir='ltr'><strong>Gn.</strong></span> <span class='ocrx_word' id='word_1_455' title='bbox 1164 5894 1522 5959; x_wconf 70' lang='lat' dir='ltr'><strong>XXXVIII.</strong></span> 
     </span>
    </p>
   </div>
  </div>
