  <div class='ocr_page' id='page_1' title='image "/cluster/home/n/w/nwhite01/storage/ocr_20150623/38/nnc1.0046978500/447.png"; bbox 0 0 4108 6376; ppageno 0'>
   <div class='ocr_carea' id='block_1_1' title="bbox 1056 617 3017 1067">
    <p class='ocr_par' dir='ltr' id='par_1_1' title="bbox 1056 617 3017 1067">
     <span class='ocr_line' id='line_1_1' title="bbox 1056 617 3017 1067; baseline -0.001 -61"><span class='ocrx_word' id='word_1_1' title='bbox 1056 712 1393 1007; x_wconf 89' lang='lat' dir='ltr'><strong>s.</strong></span> <span class='ocrx_word' id='word_1_2' title='bbox 1546 789 2959 1067; x_wconf 70' lang='lat' dir='ltr'><strong>C/ESABIUS</strong></span> 
     </span>
    </p>
   </div>
   <div class='ocr_carea' id='block_1_2' title="bbox 674 1142 3431 1273">
    <p class='ocr_par' dir='ltr' id='par_1_2' title="bbox 674 1142 3431 1273">
     <span class='ocr_line' id='line_1_2' title="bbox 674 1142 3431 1273; baseline -0.002 -28"><span class='ocrx_word' id='word_1_3' title='bbox 674 1150 1318 1273; x_wconf 82' lang='lat' dir='ltr'><strong>GERMANUS</strong></span> <span class='ocrx_word' id='word_1_4' title='bbox 1391 1142 1853 1242; x_wconf 66' lang='lat' dir='ltr'><strong>ramea</strong></span> <span class='ocrx_word' id='word_1_5' title='bbox 1928 1155 2032 1240; x_wconf 88' lang='lat' dir='ltr'><strong>B.</strong></span> <span class='ocrx_word' id='word_1_6' title='bbox 2094 1149 2693 1242; x_wconf 71' lang='lat' dir='ltr'><strong>caucos”</strong></span> <span class='ocrx_word' id='word_1_7' title='bbox 2769 1147 3431 1243; x_wconf 84' lang='lat' dir='ltr'><strong>THEOLOGI.</strong></span> 
     </span>
    </p>
   </div>
   <div class='ocr_carea' id='block_1_3' title="bbox 1734 1524 2385 1643">
    <p class='ocr_par' dir='ltr' id='par_1_3' title="bbox 1734 1524 2385 1643">
     <span class='ocr_line' id='line_1_3' title="bbox 1734 1524 2385 1643; baseline -0.002 -1"><span class='ocrx_word' id='word_1_8' title='bbox 1734 1524 2385 1643; x_wconf 87' lang='lat' dir='ltr'><strong>NOTITIA.</strong></span> 
     </span>
    </p>
   </div>
   <div class='ocr_carea' id='block_1_4' title="bbox 1171 1772 2963 1839">
    <p class='ocr_par' dir='ltr' id='par_1_4' title="bbox 1171 1772 2963 1839">
     <span class='ocr_line' id='line_1_4' title="bbox 1171 1772 2963 1839; baseline -0.002 -14"><span class='ocrx_word' id='word_1_9' title='bbox 1171 1774 1475 1839; x_wconf 67' lang='grc' dir='ltr'><strong>(ϐλιιιιη.,</strong></span> <span class='ocrx_word' id='word_1_10' title='bbox 1501 1776 1735 1827; x_wconf 69' lang='lat' dir='ltr'><strong>Veterum</strong></span> <span class='ocrx_word' id='word_1_11' title='bbox 1758 1776 1966 1826; x_wconf 77' lang='lat' dir='ltr'><strong><em>Patrum</em></strong></span> <span class='ocrx_word' id='word_1_12' title='bbox 2004 1772 2254 1835; x_wconf 65' lang='lat' dir='ltr'><strong>Biblioth,</strong></span> <span class='ocrx_word' id='word_1_13' title='bbox 2278 1781 2397 1826; x_wconf 85' lang='lat' dir='ltr'><strong>tom.</strong></span> <span class='ocrx_word' id='word_1_14' title='bbox 2423 1776 2507 1834; x_wconf 80' lang='lat' dir='ltr'><strong>Vl,</strong></span> <span class='ocrx_word' id='word_1_15' title='bbox 2532 1774 2737 1837; x_wconf 82' lang='lat' dir='ltr'><strong>Proleg.</strong></span> <span class='ocrx_word' id='word_1_16' title='bbox 2773 1787 2822 1837; x_wconf 91' lang='lat' dir='ltr'><strong>p.</strong></span> <span class='ocrx_word' id='word_1_17' title='bbox 2855 1773 2963 1837; x_wconf 87' lang='lat' dir='ltr'><strong>Ill.)</strong></span> 
     </span>
    </p>
   </div>
   <div class='ocr_carea' id='block_1_5' title="bbox 503 2065 2011 2145">
    <p class='ocr_par' dir='ltr' id='par_1_5' title="bbox 503 2065 2011 2145">
     <span class='ocr_line' id='line_1_5' title="bbox 503 2065 2011 2145; baseline 0.006 -23"><span class='ocrx_word' id='word_1_18' title='bbox 503 2066 540 2123; x_wconf 94' lang='grc' dir='ltr'><strong>Ι.</strong></span> <span class='ocrx_word' id='word_1_19' title='bbox 583 2065 876 2137; x_wconf 75' lang='lat' dir='ltr'><strong>Caesarius,</strong></span> <span class='ocrx_word' id='word_1_20' title='bbox 911 2068 1078 2124; x_wconf 88' lang='lat' dir='ltr'><strong>trium</strong></span> <span class='ocrx_word' id='word_1_21' title='bbox 1104 2068 1340 2124; x_wconf 83' lang='lat' dir='ltr'><strong>filiorum</strong></span> <span class='ocrx_word' id='word_1_22' title='bbox 1380 2072 1720 2129; x_wconf 78' lang='lat' dir='ltr'><strong>novissimus</strong></span> <span class='ocrx_word' id='word_1_23' title='bbox 1754 2073 1831 2144; x_wconf 91' lang='lat' dir='ltr'><strong>(a)</strong></span> <span class='ocrx_word' id='word_1_24' title='bbox 1868 2091 2011 2145; x_wconf 90' lang='lat' dir='ltr'><strong>quos</strong></span> 
     </span>
    </p>
   </div>
   <div class='ocr_carea' id='block_1_6' title="bbox 423 2147 2030 2233">
    <p class='ocr_par' dir='ltr' id='par_1_6' title="bbox 423 2147 2030 2233">
     <span class='ocr_line' id='line_1_6' title="bbox 423 2147 2030 2233; baseline 0.006 -20"><span class='ocrx_word' id='word_1_25' title='bbox 423 2164 567 2215; x_wconf 69' lang='lat' dir='ltr'><strong>ante</strong></span> <span class='ocrx_word' id='word_1_26' title='bbox 606 2148 1063 2230; x_wconf 68' lang='lat' dir='ltr'><strong>episeopatun‘re</strong></span> <span class='ocrx_word' id='word_1_27' title='bbox 1102 2147 1340 2233; x_wconf 61' lang='lat' dir='ltr'><strong>conjuge</strong></span> <span class='ocrx_word' id='word_1_28' title='bbox 1374 2163 1567 2218; x_wconf 75' lang='lat' dir='ltr'><strong>Nonna</strong></span> <span class='ocrx_word' id='word_1_29' title='bbox 1603 2165 1908 2221; x_wconf 80' lang='lat' dir='ltr'><strong>lectissima</strong></span> <span class='ocrx_word' id='word_1_30' title='bbox 1939 2166 2030 2222; x_wconf 48' lang='lat' dir='ltr'><strong>feé‘</strong></span> 
     </span>
    </p>
   </div>
   <div class='ocr_carea' id='block_1_7' title="bbox 429 2250 2019 2324">
    <p class='ocr_par' dir='ltr' id='par_1_7' title="bbox 429 2250 2019 2324">
     <span class='ocr_line' id='line_1_7' title="bbox 429 2250 2019 2324; baseline 0.004 -18"><span class='ocrx_word' id='word_1_31' title='bbox 429 2252 576 2307; x_wconf 82' lang='lat' dir='ltr'><strong>mina</strong></span> <span class='ocrx_word' id='word_1_32' title='bbox 625 2260 946 2323; x_wconf 78' lang='lat' dir='ltr'><strong>susceperat</strong></span> <span class='ocrx_word' id='word_1_33' title='bbox 975 2250 1276 2324; x_wconf 82' lang='lat' dir='ltr'><strong>Gregorius</strong></span> <span class='ocrx_word' id='word_1_34' title='bbox 1322 2254 1581 2310; x_wconf 82' lang='lat' dir='ltr'><strong>Nazianzi</strong></span> <span class='ocrx_word' id='word_1_35' title='bbox 1629 2258 1887 2321; x_wconf 89' lang='lat' dir='ltr'><strong>antistes,</strong></span> <span class='ocrx_word' id='word_1_36' title='bbox 1931 2258 2019 2312; x_wconf 85' lang='lat' dir='ltr'><strong>in-</strong></span> 
     </span>
    </p>
   </div>
   <div class='ocr_carea' id='block_1_8' title="bbox 429 2344 2020 2418">
    <p class='ocr_par' dir='ltr' id='par_1_8' title="bbox 429 2344 2020 2418">
     <span class='ocr_line' id='line_1_8' title="bbox 429 2344 2020 2418; baseline 0.003 -18"><span class='ocrx_word' id='word_1_37' title='bbox 429 2345 594 2416; x_wconf 85' lang='lat' dir='ltr'><strong>genio</strong></span> <span class='ocrx_word' id='word_1_38' title='bbox 622 2351 786 2415; x_wconf 87' lang='lat' dir='ltr'><strong>atque</strong></span> <span class='ocrx_word' id='word_1_39' title='bbox 822 2344 1140 2415; x_wconf 90' lang='lat' dir='ltr'><strong>integritate</strong></span> <span class='ocrx_word' id='word_1_40' title='bbox 1178 2347 1477 2416; x_wconf 87' lang='lat' dir='ltr'><strong>plurimum</strong></span> <span class='ocrx_word' id='word_1_41' title='bbox 1528 2348 1808 2418; x_wconf 58' lang='lat' dir='ltr'><strong>prastitit.</strong></span> <span class='ocrx_word' id='word_1_42' title='bbox 1846 2349 2020 2404; x_wconf 88' lang='lat' dir='ltr'><strong>Domo</strong></span> 
     </span>
    </p>
   </div>
   <div class='ocr_carea' id='block_1_9' title="bbox 429 2437 2020 2508">
    <p class='ocr_par' dir='ltr' id='par_1_9' title="bbox 429 2437 2020 2508">
     <span class='ocr_line' id='line_1_9' title="bbox 429 2437 2020 2508; baseline 0.002 -16"><span class='ocrx_word' id='word_1_43' title='bbox 429 2451 688 2508; x_wconf 85' lang='lat' dir='ltr'><strong>egressus</strong></span> <span class='ocrx_word' id='word_1_44' title='bbox 746 2437 1105 2508; x_wconf 88' lang='lat' dir='ltr'><strong>discendique</strong></span> <span class='ocrx_word' id='word_1_45' title='bbox 1159 2437 1359 2494; x_wconf 84' lang='lat' dir='ltr'><strong>ardore</strong></span> <span class='ocrx_word' id='word_1_46' title='bbox 1409 2454 1718 2496; x_wconf 89' lang='lat' dir='ltr'><strong>succensus</strong></span> <span class='ocrx_word' id='word_1_47' title='bbox 1772 2441 2020 2496; x_wconf 85' lang='lat' dir='ltr'><strong>Alexan-</strong></span> 
     </span>
    </p>
   </div>
   <div class='ocr_carea' id='block_1_10' title="bbox 431 2528 2022 2600">
    <p class='ocr_par' dir='ltr' id='par_1_10' title="bbox 431 2528 2022 2600">
     <span class='ocr_line' id='line_1_10' title="bbox 431 2528 2022 2600; baseline 0.003 -18"><span class='ocrx_word' id='word_1_48' title='bbox 431 2528 606 2583; x_wconf 87' lang='lat' dir='ltr'><strong>driam</strong></span> <span class='ocrx_word' id='word_1_49' title='bbox 649 2544 709 2585; x_wconf 90' lang='lat' dir='ltr'><strong>se</strong></span> <span class='ocrx_word' id='word_1_50' title='bbox 741 2529 995 2596; x_wconf 85' lang='lat' dir='ltr'><strong>contulit,</strong></span> <span class='ocrx_word' id='word_1_51' title='bbox 1025 2544 1092 2585; x_wconf 91' lang='lat' dir='ltr'><strong>eo</strong></span> <span class='ocrx_word' id='word_1_52' title='bbox 1121 2529 1304 2584; x_wconf 85' lang='lat' dir='ltr'><strong>adhuc</strong></span> <span class='ocrx_word' id='word_1_53' title='bbox 1346 2536 1596 2600; x_wconf 88' lang='lat' dir='ltr'><strong>tempore</strong></span> <span class='ocrx_word' id='word_1_54' title='bbox 1641 2533 2022 2588; x_wconf 85' lang='lat' dir='ltr'><strong>doctrinarum</strong></span> 
     </span>
    </p>
   </div>
   <div class='ocr_carea' id='block_1_11' title="bbox 431 2618 2021 2694">
    <p class='ocr_par' dir='ltr' id='par_1_11' title="bbox 431 2618 2021 2694">
     <span class='ocr_line' id='line_1_11' title="bbox 431 2618 2021 2694; baseline 0.003 -22"><span class='ocrx_word' id='word_1_55' title='bbox 431 2619 676 2674; x_wconf 88' lang='lat' dir='ltr'><strong>omnium</strong></span> <span class='ocrx_word' id='word_1_56' title='bbox 696 2618 1045 2691; x_wconf 77' lang='lat' dir='ltr'><strong>gymnasium</strong></span> <span class='ocrx_word' id='word_1_57' title='bbox 1068 2618 1213 2674; x_wconf 87' lang='lat' dir='ltr'><strong>haud</strong></span> <span class='ocrx_word' id='word_1_58' title='bbox 1232 2619 1511 2677; x_wconf 87' lang='lat' dir='ltr'><strong>immerito</strong></span> <span class='ocrx_word' id='word_1_59' title='bbox 1532 2622 1904 2678; x_wconf 84' lang='lat' dir='ltr'><strong>existimatam</strong></span> <span class='ocrx_word' id='word_1_60' title='bbox 1924 2623 2021 2694; x_wconf 67' lang='grc' dir='ltr'><strong>(ὁ).</strong></span> 
     </span>
    </p>
   </div>
   <div class='ocr_carea' id='block_1_12' title="bbox 432 2708 2021 2783">
    <p class='ocr_par' dir='ltr' id='par_1_12' title="bbox 432 2708 2021 2783">
     <span class='ocr_line' id='line_1_12' title="bbox 432 2708 2021 2783; baseline 0.004 -19"><span class='ocrx_word' id='word_1_61' title='bbox 432 2708 565 2765; x_wconf 89' lang='lat' dir='ltr'><strong>lnde</strong></span> <span class='ocrx_word' id='word_1_62' title='bbox 596 2718 778 2767; x_wconf 82' lang='lat' dir='ltr'><strong>autem</strong></span> <span class='ocrx_word' id='word_1_63' title='bbox 831 2710 1137 2783; x_wconf 83' lang='lat' dir='ltr'><strong>digressus,</strong></span> <span class='ocrx_word' id='word_1_64' title='bbox 1177 2711 1380 2767; x_wconf 84' lang='lat' dir='ltr'><strong>litteris</strong></span> <span class='ocrx_word' id='word_1_65' title='bbox 1415 2711 1532 2781; x_wconf 79' lang='lat' dir='ltr'><strong>jam</strong></span> <span class='ocrx_word' id='word_1_66' title='bbox 1578 2712 2021 2779; x_wconf 85' lang='lat' dir='ltr'><strong>humanioribus,</strong></span> 
     </span>
    </p>
   </div>
   <div class='ocr_carea' id='block_1_13' title="bbox 433 2802 2027 2877">
    <p class='ocr_par' dir='ltr' id='par_1_13' title="bbox 433 2802 2027 2877">
     <span class='ocr_line' id='line_1_13' title="bbox 433 2802 2027 2877; baseline 0.003 -20"><span class='ocrx_word' id='word_1_67' title='bbox 433 2802 708 2874; x_wconf 65' lang='lat' dir='ltr'><strong>pracipue</strong></span> <span class='ocrx_word' id='word_1_68' title='bbox 731 2818 860 2859; x_wconf 83' lang='lat' dir='ltr'><strong>vero</strong></span> <span class='ocrx_word' id='word_1_69' title='bbox 899 2803 1299 2875; x_wconf 90' lang='lat' dir='ltr'><strong>philosophicis</strong></span> <span class='ocrx_word' id='word_1_70' title='bbox 1325 2803 1641 2876; x_wconf 85' lang='lat' dir='ltr'><strong>disciplinis</strong></span> <span class='ocrx_word' id='word_1_71' title='bbox 1684 2808 1906 2877; x_wconf 79' lang='lat' dir='ltr'><strong>egregie</strong></span> <span class='ocrx_word' id='word_1_72' title='bbox 1935 2822 2027 2863; x_wconf 86' lang='lat' dir='ltr'><strong>sa-</strong></span> 
     </span>
    </p>
   </div>
   <div class='ocr_carea' id='block_1_14' title="bbox 432 2884 2022 2971">
    <p class='ocr_par' dir='ltr' id='par_1_14' title="bbox 432 2884 2022 2971">
     <span class='ocr_line' id='line_1_14' title="bbox 432 2884 2022 2971; baseline 0.001 -21"><span class='ocrx_word' id='word_1_73' title='bbox 432 2897 509 2953; x_wconf 88' lang='lat' dir='ltr'><strong>tis</strong></span> <span class='ocrx_word' id='word_1_74' title='bbox 552 2897 828 2961; x_wconf 88' lang='lat' dir='ltr'><strong>excultus,</strong></span> <span class='ocrx_word' id='word_1_75' title='bbox 886 2898 1132 2967; x_wconf 88' lang='lat' dir='ltr'><strong>artisque</strong></span> <span class='ocrx_word' id='word_1_76' title='bbox 1175 2884 1460 2953; x_wconf 71' lang='lat' dir='ltr'><strong>medicinas</strong></span> <span class='ocrx_word' id='word_1_77' title='bbox 1510 2898 1758 2969; x_wconf 88' lang='lat' dir='ltr'><strong>apprime</strong></span> <span class='ocrx_word' id='word_1_78' title='bbox 1794 2913 2022 2971; x_wconf 86' lang='lat' dir='ltr'><strong>gnarus,</strong></span> 
     </span>
    </p>
   </div>
   <div class='ocr_carea' id='block_1_15' title="bbox 435 2988 2026 3060">
    <p class='ocr_par' dir='ltr' id='par_1_15' title="bbox 435 2988 2026 3060">
     <span class='ocr_line' id='line_1_15' title="bbox 435 2988 2026 3060; baseline 0.001 -16"><span class='ocrx_word' id='word_1_79' title='bbox 435 2988 970 3059; x_wconf 83' lang='lat' dir='ltr'><strong>Constantinopolim</strong></span> <span class='ocrx_word' id='word_1_80' title='bbox 1007 2989 1274 3059; x_wconf 80' lang='lat' dir='ltr'><strong>perrexit,</strong></span> <span class='ocrx_word' id='word_1_81' title='bbox 1323 3003 1434 3060; x_wconf 88' lang='lat' dir='ltr'><strong>quo</strong></span> <span class='ocrx_word' id='word_1_82' title='bbox 1485 2990 1689 3060; x_wconf 88' lang='lat' dir='ltr'><strong>pariter</strong></span> <span class='ocrx_word' id='word_1_83' title='bbox 1727 2990 2026 3060; x_wconf 83' lang='lat' dir='ltr'><strong>Gregorius</strong></span> 
     </span>
    </p>
   </div>
   <div class='ocr_carea' id='block_1_16' title="bbox 436 3079 2026 3153">
    <p class='ocr_par' dir='ltr' id='par_1_16' title="bbox 436 3079 2026 3153">
     <span class='ocr_line' id='line_1_16' title="bbox 436 3079 2026 3153; baseline 0.001 -18"><span class='ocrx_word' id='word_1_84' title='bbox 436 3079 751 3152; x_wconf 81' lang='lat' dir='ltr'><strong>Theologus</strong></span> <span class='ocrx_word' id='word_1_85' title='bbox 816 3095 1116 3153; x_wconf 88' lang='lat' dir='ltr'><strong>germanus</strong></span> <span class='ocrx_word' id='word_1_86' title='bbox 1176 3080 1300 3150; x_wconf 73' lang='lat' dir='ltr'><strong>ejus</strong></span> <span class='ocrx_word' id='word_1_87' title='bbox 1350 3080 1523 3136; x_wconf 80' lang='lat' dir='ltr'><strong>frater</strong></span> <span class='ocrx_word' id='word_1_88' title='bbox 1570 3082 1801 3136; x_wconf 83' lang='lat' dir='ltr'><strong>Athenis</strong></span> <span class='ocrx_word' id='word_1_89' title='bbox 1851 3082 2026 3136; x_wconf 87' lang='lat' dir='ltr'><strong>redux</strong></span> 
     </span>
    </p>
   </div>
   <div class='ocr_carea' id='block_1_17' title="bbox 438 3161 2093 3246">
    <p class='ocr_par' dir='ltr' id='par_1_17' title="bbox 438 3161 2093 3246">
     <span class='ocr_line' id='line_1_17' title="bbox 438 3161 2093 3246; baseline -0.001 -18"><span class='ocrx_word' id='word_1_90' title='bbox 438 3176 851 3246; x_wconf 90' lang='lat' dir='ltr'><strong>commigrarat.</strong></span> <span class='ocrx_word' id='word_1_91' title='bbox 884 3173 960 3228; x_wconf 90' lang='lat' dir='ltr'><strong>Ea</strong></span> <span class='ocrx_word' id='word_1_92' title='bbox 990 3187 1155 3242; x_wconf 92' lang='lat' dir='ltr'><strong>porro</strong></span> <span class='ocrx_word' id='word_1_93' title='bbox 1185 3173 1240 3227; x_wconf 88' lang='lat' dir='ltr'><strong>in</strong></span> <span class='ocrx_word' id='word_1_94' title='bbox 1266 3172 1402 3227; x_wconf 89' lang='lat' dir='ltr'><strong>urbe</strong></span> <span class='ocrx_word' id='word_1_95' title='bbox 1432 3173 1582 3243; x_wconf 89' lang='lat' dir='ltr'><strong>regia</strong></span> <span class='ocrx_word' id='word_1_96' title='bbox 1608 3188 1858 3244; x_wconf 82' lang='lat' dir='ltr'><strong>magnam</strong></span> <span class='ocrx_word' id='word_1_97' title='bbox 1891 3161 2093 3229; x_wconf 37' lang='lat' dir='ltr'><strong>adeo”</strong></span> 
     </span>
    </p>
   </div>
   <div class='ocr_carea' id='block_1_18' title="bbox 440 3264 2028 3335">
    <p class='ocr_par' dir='ltr' id='par_1_18' title="bbox 440 3264 2028 3335">
     <span class='ocr_line' id='line_1_18' title="bbox 440 3264 2028 3335; baseline -0.001 -15"><span class='ocrx_word' id='word_1_98' title='bbox 440 3266 684 3321; x_wconf 89' lang='lat' dir='ltr'><strong>nominis</strong></span> <span class='ocrx_word' id='word_1_99' title='bbox 718 3265 1094 3321; x_wconf 84' lang='lat' dir='ltr'><strong>celebritatem</strong></span> <span class='ocrx_word' id='word_1_100' title='bbox 1129 3264 1279 3319; x_wconf 82' lang='lat' dir='ltr'><strong>brevi</strong></span> <span class='ocrx_word' id='word_1_101' title='bbox 1314 3272 1400 3319; x_wconf 88' lang='lat' dir='ltr'><strong>est</strong></span> <span class='ocrx_word' id='word_1_102' title='bbox 1425 3272 1763 3319; x_wconf 81' lang='lat' dir='ltr'><strong>consecutus</strong></span> <span class='ocrx_word' id='word_1_103' title='bbox 1794 3264 1887 3335; x_wconf 75' lang='grc' dir='ltr'><strong>(ε),</strong></span> <span class='ocrx_word' id='word_1_104' title='bbox 1919 3283 1938 3316; x_wconf 73' lang='grc' dir='ltr'><strong>ι</strong></span> <span class='ocrx_word' id='word_1_105' title='bbox 1969 3271 2028 3318; x_wconf 93' lang='lat' dir='ltr'><strong>ut</strong></span> 
     </span>
    </p>
   </div>
   <div class='ocr_carea' id='block_1_19' title="bbox 440 3356 2029 3428">
    <p class='ocr_par' dir='ltr' id='par_1_19' title="bbox 440 3356 2029 3428">
     <span class='ocr_line' id='line_1_19' title="bbox 440 3356 2029 3428; baseline -0.002 -16"><span class='ocrx_word' id='word_1_106' title='bbox 440 3356 652 3428; x_wconf 83' lang='lat' dir='ltr'><strong>publici</strong></span> <span class='ocrx_word' id='word_1_107' title='bbox 681 3356 923 3413; x_wconf 86' lang='lat' dir='ltr'><strong>honores</strong></span> <span class='ocrx_word' id='word_1_108' title='bbox 952 3356 1243 3426; x_wconf 91' lang='lat' dir='ltr'><strong>nobileque</strong></span> <span class='ocrx_word' id='word_1_109' title='bbox 1275 3356 1685 3411; x_wconf 90' lang='lat' dir='ltr'><strong>matrimonium</strong></span> <span class='ocrx_word' id='word_1_110' title='bbox 1720 3370 1786 3410; x_wconf 90' lang='lat' dir='ltr'><strong>ac</strong></span> <span class='ocrx_word' id='word_1_111' title='bbox 1815 3363 2029 3411; x_wconf 83' lang='lat' dir='ltr'><strong>senato-</strong></span> 
     </span>
    </p>
   </div>
   <div class='ocr_carea' id='block_1_20' title="bbox 443 3446 2030 3520">
    <p class='ocr_par' dir='ltr' id='par_1_20' title="bbox 443 3446 2030 3520">
     <span class='ocr_line' id='line_1_20' title="bbox 443 3446 2030 3520; baseline -0.001 -17"><span class='ocrx_word' id='word_1_112' title='bbox 443 3448 526 3503; x_wconf 88' lang='lat' dir='ltr'><strong>ria</strong></span> <span class='ocrx_word' id='word_1_113' title='bbox 572 3447 812 3520; x_wconf 82' lang='lat' dir='ltr'><strong>dignitas</strong></span> <span class='ocrx_word' id='word_1_114' title='bbox 862 3447 1038 3503; x_wconf 88' lang='lat' dir='ltr'><strong>eidem</strong></span> <span class='ocrx_word' id='word_1_115' title='bbox 1091 3446 1259 3502; x_wconf 91' lang='lat' dir='ltr'><strong>fuerit</strong></span> <span class='ocrx_word' id='word_1_116' title='bbox 1305 3446 1489 3501; x_wconf 90' lang='lat' dir='ltr'><strong>oblata</strong></span> <span class='ocrx_word' id='word_1_117' title='bbox 1536 3447 1721 3517; x_wconf 88' lang='lat' dir='ltr'><strong>:quin</strong></span> <span class='ocrx_word' id='word_1_118' title='bbox 1774 3458 1827 3502; x_wconf 85' lang='lat' dir='ltr'><strong>et</strong></span> <span class='ocrx_word' id='word_1_119' title='bbox 1877 3462 2030 3502; x_wconf 88' lang='lat' dir='ltr'><strong>com-</strong></span> 
     </span>
    </p>
   </div>
   <div class='ocr_carea' id='block_1_21' title="bbox 443 3538 2030 3608">
    <p class='ocr_par' dir='ltr' id='par_1_21' title="bbox 443 3538 2030 3608">
     <span class='ocr_line' id='line_1_21' title="bbox 443 3538 2030 3608; baseline -0.002 -13"><span class='ocrx_word' id='word_1_120' title='bbox 443 3539 598 3595; x_wconf 88' lang='lat' dir='ltr'><strong>muni</strong></span> <span class='ocrx_word' id='word_1_121' title='bbox 646 3539 870 3595; x_wconf 85' lang='lat' dir='ltr'><strong>dccreto</strong></span> <span class='ocrx_word' id='word_1_122' title='bbox 913 3539 982 3593; x_wconf 89' lang='lat' dir='ltr'><strong>ab</strong></span> <span class='ocrx_word' id='word_1_123' title='bbox 1031 3538 1364 3607; x_wconf 86' lang='lat' dir='ltr'><strong>imperatore</strong></span> <span class='ocrx_word' id='word_1_124' title='bbox 1394 3538 1740 3604; x_wconf 88' lang='lat' dir='ltr'><strong>Constantio,</strong></span> <span class='ocrx_word' id='word_1_125' title='bbox 1770 3538 1866 3608; x_wconf 87' lang='lat' dir='ltr'><strong>qui</strong></span> <span class='ocrx_word' id='word_1_126' title='bbox 1896 3544 2030 3592; x_wconf 90' lang='lat' dir='ltr'><strong>tunc</strong></span> 
     </span>
    </p>
   </div>
   <div class='ocr_carea' id='block_1_22' title="bbox 445 3630 2033 3703">
    <p class='ocr_par' dir='ltr' id='par_1_22' title="bbox 445 3630 2033 3703">
     <span class='ocr_line' id='line_1_22' title="bbox 445 3630 2033 3703; baseline -0.002 -16"><span class='ocrx_word' id='word_1_127' title='bbox 445 3632 505 3689; x_wconf 87' lang='lat' dir='ltr'><strong>in</strong></span> <span class='ocrx_word' id='word_1_128' title='bbox 527 3630 683 3687; x_wconf 83' lang='lat' dir='ltr'><strong>Italia</strong></span> <span class='ocrx_word' id='word_1_129' title='bbox 708 3631 961 3703; x_wconf 86' lang='lat' dir='ltr'><strong>degebat,</strong></span> <span class='ocrx_word' id='word_1_130' title='bbox 996 3646 1093 3701; x_wconf 86' lang='lat' dir='ltr'><strong>per</strong></span> <span class='ocrx_word' id='word_1_131' title='bbox 1136 3631 1345 3701; x_wconf 89' lang='lat' dir='ltr'><strong>legatos</strong></span> <span class='ocrx_word' id='word_1_132' title='bbox 1377 3631 1608 3701; x_wconf 89' lang='lat' dir='ltr'><strong>petitum</strong></span> <span class='ocrx_word' id='word_1_133' title='bbox 1647 3631 1740 3695; x_wconf 90' lang='lat' dir='ltr'><strong>sit,</strong></span> <span class='ocrx_word' id='word_1_134' title='bbox 1774 3639 1834 3685; x_wconf 90' lang='lat' dir='ltr'><strong>ut</strong></span> <span class='ocrx_word' id='word_1_135' title='bbox 1879 3630 2033 3702; x_wconf 84' lang='lat' dir='ltr'><strong>prin-</strong></span> 
     </span>
    </p>
   </div>
   <div class='ocr_carea' id='block_1_23' title="bbox 445 3721 2033 3796">
    <p class='ocr_par' dir='ltr' id='par_1_23' title="bbox 445 3721 2033 3796">
     <span class='ocr_line' id='line_1_23' title="bbox 445 3721 2033 3796; baseline -0.003 -15"><span class='ocrx_word' id='word_1_136' title='bbox 445 3724 626 3796; x_wconf 83' lang='lat' dir='ltr'><strong>cipem</strong></span> <span class='ocrx_word' id='word_1_137' title='bbox 675 3724 869 3780; x_wconf 87' lang='lat' dir='ltr'><strong>urbem</strong></span> <span class='ocrx_word' id='word_1_138' title='bbox 902 3723 1021 3779; x_wconf 89' lang='lat' dir='ltr'><strong>viro</strong></span> <span class='ocrx_word' id='word_1_139' title='bbox 1072 3723 1415 3780; x_wconf 87' lang='lat' dir='ltr'><strong>eruditorum</strong></span> <span class='ocrx_word' id='word_1_140' title='bbox 1463 3722 1713 3793; x_wconf 88' lang='lat' dir='ltr'><strong>principe</strong></span> <span class='ocrx_word' id='word_1_141' title='bbox 1752 3721 2033 3779; x_wconf 88' lang='lat' dir='ltr'><strong>honestari</strong></span> 
     </span>
    </p>
   </div>
   <div class='ocr_carea' id='block_1_24' title="bbox 445 3814 2035 3887">
    <p class='ocr_par' dir='ltr' id='par_1_24' title="bbox 445 3814 2035 3887">
     <span class='ocr_line' id='line_1_24' title="bbox 445 3814 2035 3887; baseline -0.001 -15"><span class='ocrx_word' id='word_1_142' title='bbox 445 3816 630 3885; x_wconf 75' lang='lat' dir='ltr'><strong>vellet,</strong></span> <span class='ocrx_word' id='word_1_143' title='bbox 679 3823 845 3887; x_wconf 90' lang='lat' dir='ltr'><strong>atque</strong></span> <span class='ocrx_word' id='word_1_144' title='bbox 880 3814 949 3869; x_wconf 90' lang='lat' dir='ltr'><strong>ad</strong></span> <span class='ocrx_word' id='word_1_145' title='bbox 996 3824 1224 3871; x_wconf 77' lang='lat' dir='ltr'><strong>caeteras</strong></span> <span class='ocrx_word' id='word_1_146' title='bbox 1258 3816 1435 3887; x_wconf 85' lang='lat' dir='ltr'><strong>ipsius</strong></span> <span class='ocrx_word' id='word_1_147' title='bbox 1464 3814 1657 3872; x_wconf 90' lang='lat' dir='ltr'><strong>laudes</strong></span> <span class='ocrx_word' id='word_1_148' title='bbox 1697 3814 1841 3870; x_wconf 90' lang='lat' dir='ltr'><strong>hanc</strong></span> <span class='ocrx_word' id='word_1_149' title='bbox 1875 3830 2035 3871; x_wconf 69' lang='lat' dir='ltr'><strong>acce~</strong></span> 
     </span>
    </p>
   </div>
   <div class='ocr_carea' id='block_1_25' title="bbox 449 3907 2036 3972">
    <p class='ocr_par' dir='ltr' id='par_1_25' title="bbox 449 3907 2036 3972">
     <span class='ocr_line' id='line_1_25' title="bbox 449 3907 2036 3972; baseline -0.002 -9"><span class='ocrx_word' id='word_1_150' title='bbox 449 3911 600 3972; x_wconf 88' lang='lat' dir='ltr'><strong>dere,</strong></span> <span class='ocrx_word' id='word_1_151' title='bbox 632 3917 690 3963; x_wconf 92' lang='lat' dir='ltr'><strong>ut</strong></span> <span class='ocrx_word' id='word_1_152' title='bbox 719 3907 959 3965; x_wconf 76' lang='lat' dir='ltr'><strong>Caesarie</strong></span> <span class='ocrx_word' id='word_1_153' title='bbox 993 3917 1047 3964; x_wconf 90' lang='lat' dir='ltr'><strong>et</strong></span> <span class='ocrx_word' id='word_1_154' title='bbox 1069 3908 1282 3964; x_wconf 88' lang='lat' dir='ltr'><strong>medico</strong></span> <span class='ocrx_word' id='word_1_155' title='bbox 1312 3916 1366 3964; x_wconf 90' lang='lat' dir='ltr'><strong>et</strong></span> <span class='ocrx_word' id='word_1_156' title='bbox 1393 3908 1513 3962; x_wconf 83' lang='lat' dir='ltr'><strong>cive</strong></span> <span class='ocrx_word' id='word_1_157' title='bbox 1539 3915 1853 3971; x_wconf 82' lang='lat' dir='ltr'><strong>ornaretur,</strong></span> <span class='ocrx_word' id='word_1_158' title='bbox 1887 3926 1908 3960; x_wconf 82' lang='grc'><strong><em>›</em></strong></span> <span class='ocrx_word' id='word_1_159' title='bbox 1941 3908 2036 3961; x_wconf 77' lang='grc' dir='ltr'>καὶ</span> 
     </span>
    </p>
   </div>
   <div class='ocr_carea' id='block_1_26' title="bbox 448 3997 2035 4074">
    <p class='ocr_par' dir='ltr' id='par_1_26' title="bbox 448 3997 2035 4074">
     <span class='ocr_line' id='line_1_26' title="bbox 448 3997 2035 4074; baseline -0.003 -18"><span class='ocrx_word' id='word_1_160' title='bbox 448 4002 607 4057; x_wconf 84' lang='grc' dir='ltr'><strong>τοῦτο</strong></span> <span class='ocrx_word' id='word_1_161' title='bbox 636 4001 1001 4074; x_wconf 78' lang='grc' dir='ltr'><strong>προστεθῆναι</strong></span> <span class='ocrx_word' id='word_1_162' title='bbox 1049 4003 1184 4055; x_wconf 80' lang='grc' dir='ltr'><strong>πᾶσι</strong></span> <span class='ocrx_word' id='word_1_163' title='bbox 1230 4002 1343 4064; x_wconf 79' lang='grc' dir='ltr'><strong>τοῖς</strong></span> <span class='ocrx_word' id='word_1_164' title='bbox 1390 3999 1529 4069; x_wconf 84' lang='grc' dir='ltr'>ὑπὲρ</span> <span class='ocrx_word' id='word_1_165' title='bbox 1566 3998 1737 4068; x_wconf 78' lang='grc' dir='ltr'>αὐτῆς</span> <span class='ocrx_word' id='word_1_166' title='bbox 1784 3997 2035 4068; x_wconf 84' lang='grc' dir='ltr'><strong>(πόλεως)</strong></span> 
     </span>
    </p>
   </div>
   <div class='ocr_carea' id='block_1_27' title="bbox 449 4087 2038 4166">
    <p class='ocr_par' dir='ltr' id='par_1_27' title="bbox 449 4087 2038 4166">
     <span class='ocr_line' id='line_1_27' title="bbox 449 4087 2038 4166; baseline -0.005 -18"><span class='ocrx_word' id='word_1_167' title='bbox 449 4096 757 4166; x_wconf 79' lang='grc' dir='ltr'><strong>διηγήμασι</strong></span> <span class='ocrx_word' id='word_1_168' title='bbox 778 4135 793 4156; x_wconf 89' lang='lat'><strong>,</strong></span> <span class='ocrx_word' id='word_1_169' title='bbox 823 4092 903 4164; x_wconf 79' lang='grc' dir='ltr'><strong>τῷ</strong></span> <span class='ocrx_word' id='word_1_170' title='bbox 926 4091 1220 4163; x_wconf 82' lang='grc' dir='ltr'><strong>Καισαρίῳ</strong></span> <span class='ocrx_word' id='word_1_171' title='bbox 1258 4088 1697 4153; x_wconf 76' lang='grc' dir='ltr'><strong>καλλωπίζεσθαι</strong></span> <span class='ocrx_word' id='word_1_172' title='bbox 1742 4089 1835 4142; x_wconf 77' lang='grc' dir='ltr'><strong>καὶ</strong></span> <span class='ocrx_word' id='word_1_173' title='bbox 1867 4087 2038 4160; x_wconf 80' lang='grc' dir='ltr'>ἰατρῷ</span> 
     </span>
    </p>
   </div>
   <div class='ocr_carea' id='block_1_28' title="bbox 454 4180 2036 4257">
    <p class='ocr_par' dir='ltr' id='par_1_28' title="bbox 454 4180 2036 4257">
     <span class='ocr_line' id='line_1_28' title="bbox 454 4180 2036 4257; baseline -0.006 -15"><span class='ocrx_word' id='word_1_174' title='bbox 454 4190 549 4242; x_wconf 75' lang='grc' dir='ltr'>καὶ</span> <span class='ocrx_word' id='word_1_175' title='bbox 577 4188 842 4257; x_wconf 80' lang='grc' dir='ltr'><strong>οἰκήτορι.</strong></span> <span class='ocrx_word' id='word_1_176' title='bbox 875 4183 1076 4238; x_wconf 81' lang='lat' dir='ltr'><strong>Verum</strong></span> <span class='ocrx_word' id='word_1_177' title='bbox 1110 4183 1223 4245; x_wconf 84' lang='lat' dir='ltr'><strong>ille,</strong></span> <span class='ocrx_word' id='word_1_178' title='bbox 1270 4182 1356 4237; x_wconf 86' lang='lat' dir='ltr'><strong>his</strong></span> <span class='ocrx_word' id='word_1_179' title='bbox 1387 4181 1646 4237; x_wconf 90' lang='lat' dir='ltr'><strong>omnibus</strong></span> <span class='ocrx_word' id='word_1_180' title='bbox 1680 4180 2036 4249; x_wconf 87' lang='lat' dir='ltr'><strong>posthabitis,</strong></span> 
     </span>
    </p>
   </div>
   <div class='ocr_carea' id='block_1_29' title="bbox 459 4272 2040 4349">
    <p class='ocr_par' dir='ltr' id='par_1_29' title="bbox 459 4272 2040 4349">
     <span class='ocr_line' id='line_1_29' title="bbox 459 4272 2040 4349; baseline -0.005 -16"><span class='ocrx_word' id='word_1_181' title='bbox 459 4287 525 4333; x_wconf 87' lang='lat' dir='ltr'><strong>ac</strong></span> <span class='ocrx_word' id='word_1_182' title='bbox 556 4278 743 4349; x_wconf 89' lang='lat' dir='ltr'><strong>pietati</strong></span> <span class='ocrx_word' id='word_1_183' title='bbox 787 4292 917 4348; x_wconf 86' lang='lat' dir='ltr'><strong>erga</strong></span> <span class='ocrx_word' id='word_1_184' title='bbox 946 4284 1204 4347; x_wconf 89' lang='lat' dir='ltr'><strong>parentes</strong></span> <span class='ocrx_word' id='word_1_185' title='bbox 1236 4290 1346 4346; x_wconf 69' lang='lat' dir='ltr'><strong>prae</strong></span> <span class='ocrx_word' id='word_1_186' title='bbox 1388 4274 1604 4330; x_wconf 69' lang='lat' dir='ltr'><strong>caeteris</strong></span> <span class='ocrx_word' id='word_1_187' title='bbox 1635 4273 1908 4329; x_wconf 88' lang='lat' dir='ltr'><strong>rationem</strong></span> <span class='ocrx_word' id='word_1_188' title='bbox 1940 4272 2040 4326; x_wconf 82' lang='lat' dir='ltr'><strong>ha-</strong></span> 
     </span>
    </p>
   </div>
   <div class='ocr_carea' id='block_1_30' title="bbox 458 4362 2041 4438">
    <p class='ocr_par' dir='ltr' id='par_1_30' title="bbox 458 4362 2041 4438">
     <span class='ocr_line' id='line_1_30' title="bbox 458 4362 2041 4438; baseline -0.006 -12"><span class='ocrx_word' id='word_1_189' title='bbox 458 4372 617 4432; x_wconf 85' lang='lat' dir='ltr'><strong>bens,</strong></span> <span class='ocrx_word' id='word_1_190' title='bbox 650 4369 708 4423; x_wconf 90' lang='lat' dir='ltr'><strong>in</strong></span> <span class='ocrx_word' id='word_1_191' title='bbox 736 4369 971 4438; x_wconf 88' lang='lat' dir='ltr'><strong>patriam</strong></span> <span class='ocrx_word' id='word_1_192' title='bbox 1012 4366 1331 4422; x_wconf 88' lang='lat' dir='ltr'><strong>redeuntem</strong></span> <span class='ocrx_word' id='word_1_193' title='bbox 1368 4364 1595 4421; x_wconf 81' lang='lat' dir='ltr'><strong>fratrem</strong></span> <span class='ocrx_word' id='word_1_194' title='bbox 1639 4380 1801 4421; x_wconf 88' lang='lat' dir='ltr'><strong>suum</strong></span> <span class='ocrx_word' id='word_1_195' title='bbox 1830 4362 2041 4433; x_wconf 78' lang='lat' dir='ltr'><strong>Grego-</strong></span> 
     </span>
    </p>
   </div>
   <div class='ocr_carea' id='block_1_31' title="bbox 460 4459 1032 4529">
    <p class='ocr_par' dir='ltr' id='par_1_31' title="bbox 460 4459 1032 4529">
     <span class='ocr_line' id='line_1_31' title="bbox 460 4459 1032 4529; baseline -0.009 -12"><span class='ocrx_word' id='word_1_196' title='bbox 460 4463 603 4517; x_wconf 90' lang='lat' dir='ltr'><strong>rium</strong></span> <span class='ocrx_word' id='word_1_197' title='bbox 635 4460 792 4529; x_wconf 88' lang='lat' dir='ltr'><strong>sequi</strong></span> <span class='ocrx_word' id='word_1_198' title='bbox 817 4459 1032 4513; x_wconf 83' lang='lat' dir='ltr'><strong>maluit.</strong></span> 
     </span>
    </p>
   </div>
   <div class='ocr_carea' id='block_1_32' title="bbox 532 4546 2043 4624">
    <p class='ocr_par' dir='ltr' id='par_1_32' title="bbox 532 4546 2043 4624">
     <span class='ocr_line' id='line_1_32' title="bbox 532 4546 2043 4624; baseline -0.006 -14"><span class='ocrx_word' id='word_1_199' title='bbox 532 4554 598 4611; x_wconf 81' lang='lat' dir='ltr'><strong>ll.</strong></span> <span class='ocrx_word' id='word_1_200' title='bbox 640 4553 910 4624; x_wconf 89' lang='lat' dir='ltr'><strong>Deinceps</strong></span> <span class='ocrx_word' id='word_1_201' title='bbox 937 4568 1069 4608; x_wconf 88' lang='lat' dir='ltr'><strong>vero</strong></span> <span class='ocrx_word' id='word_1_202' title='bbox 1091 4567 1216 4607; x_wconf 91' lang='lat' dir='ltr'><strong>cum</strong></span> <span class='ocrx_word' id='word_1_203' title='bbox 1248 4550 1361 4621; x_wconf 88' lang='lat' dir='ltr'><strong>jam</strong></span> <span class='ocrx_word' id='word_1_204' title='bbox 1396 4548 1662 4606; x_wconf 64' lang='lat' dir='ltr'><strong>doctrinae</strong></span> <span class='ocrx_word' id='word_1_205' title='bbox 1707 4563 1820 4603; x_wconf 84' lang='lat' dir='ltr'><strong>suae</strong></span> <span class='ocrx_word' id='word_1_206' title='bbox 1852 4546 2043 4617; x_wconf 75' lang='lat' dir='ltr'><strong>primi-</strong></span> 
     </span>
    </p>
   </div>
   <div class='ocr_carea' id='block_1_33' title="bbox 460 4638 2045 4717">
    <p class='ocr_par' dir='ltr' id='par_1_33' title="bbox 460 4638 2045 4717">
     <span class='ocr_line' id='line_1_33' title="bbox 460 4638 2045 4717; baseline -0.006 -17"><span class='ocrx_word' id='word_1_207' title='bbox 460 4646 566 4702; x_wconf 87' lang='lat' dir='ltr'><strong>tias</strong></span> <span class='ocrx_word' id='word_1_208' title='bbox 611 4646 804 4717; x_wconf 76' lang='lat' dir='ltr'><strong>patriae</strong></span> <span class='ocrx_word' id='word_1_209' title='bbox 846 4643 972 4698; x_wconf 89' lang='lat' dir='ltr'><strong>urbi</strong></span> <span class='ocrx_word' id='word_1_210' title='bbox 1024 4652 1425 4705; x_wconf 86' lang='lat' dir='ltr'><strong>consecrassct,</strong></span> <span class='ocrx_word' id='word_1_211' title='bbox 1474 4650 1591 4695; x_wconf 86' lang='lat' dir='ltr'><strong>tum</strong></span> <span class='ocrx_word' id='word_1_212' title='bbox 1631 4640 1851 4694; x_wconf 88' lang='lat' dir='ltr'><strong>demum</strong></span> <span class='ocrx_word' id='word_1_213' title='bbox 1904 4638 2045 4693; x_wconf 64' lang='lat' dir='ltr'><strong>aulae</strong></span> 
     </span>
    </p>
   </div>
   <div class='ocr_carea' id='block_1_34' title="bbox 462 4733 2044 4805">
    <p class='ocr_par' dir='ltr' id='par_1_34' title="bbox 462 4733 2044 4805">
     <span class='ocr_line' id='line_1_34' title="bbox 462 4733 2044 4805; baseline -0.006 -10"><span class='ocrx_word' id='word_1_214' title='bbox 462 4755 585 4795; x_wconf 89' lang='lat' dir='ltr'><strong>sese</strong></span> <span class='ocrx_word' id='word_1_215' title='bbox 616 4736 846 4800; x_wconf 77' lang='lat' dir='ltr'><strong>addixit,</strong></span> <span class='ocrx_word' id='word_1_216' title='bbox 892 4736 1198 4805; x_wconf 86' lang='lat' dir='ltr'><strong>domusque</strong></span> <span class='ocrx_word' id='word_1_217' title='bbox 1231 4740 1476 4804; x_wconf 68' lang='lat' dir='ltr'><strong>augusta!</strong></span> <span class='ocrx_word' id='word_1_218' title='bbox 1508 4733 1784 4786; x_wconf 89' lang='lat' dir='ltr'><strong>archiater</strong></span> <span class='ocrx_word' id='word_1_219' title='bbox 1823 4740 2044 4786; x_wconf 88' lang='lat' dir='ltr'><strong>creatus</strong></span> 
     </span>
    </p>
   </div>
   <div class='ocr_carea' id='block_1_35' title="bbox 461 4826 2042 4903">
    <p class='ocr_par' dir='ltr' id='par_1_35' title="bbox 461 4826 2042 4903">
     <span class='ocr_line' id='line_1_35' title="bbox 461 4826 2042 4903; baseline -0.005 -16"><span class='ocrx_word' id='word_1_220' title='bbox 461 4841 568 4895; x_wconf 86' lang='lat' dir='ltr'><strong>est,</strong></span> <span class='ocrx_word' id='word_1_221' title='bbox 602 4846 712 4903; x_wconf 88' lang='lat' dir='ltr'><strong>quo</strong></span> <span class='ocrx_word' id='word_1_222' title='bbox 742 4838 986 4899; x_wconf 89' lang='lat' dir='ltr'><strong>tempore</strong></span> <span class='ocrx_word' id='word_1_223' title='bbox 1012 4827 1266 4883; x_wconf 82' lang='lat' dir='ltr'><strong>Julianus</strong></span> <span class='ocrx_word' id='word_1_224' title='bbox 1290 4828 1319 4880; x_wconf 88' lang='grc' dir='ltr'>ὁ</span> <span class='ocrx_word' id='word_1_225' title='bbox 1350 4826 1674 4899; x_wconf 75' lang='grc' dir='ltr'><strong>παραϐάτης</strong></span> <span class='ocrx_word' id='word_1_226' title='bbox 1718 4842 1902 4880; x_wconf 88' lang='lat' dir='ltr'><strong>rerum</strong></span> <span class='ocrx_word' id='word_1_227' title='bbox 1941 4841 2042 4896; x_wconf 86' lang='lat' dir='ltr'><strong>po-</strong></span> 
     </span>
    </p>
   </div>
   <div class='ocr_carea' id='block_1_36' title="bbox 464 4917 2045 4990">
    <p class='ocr_par' dir='ltr' id='par_1_36' title="bbox 464 4917 2045 4990">
     <span class='ocr_line' id='line_1_36' title="bbox 464 4917 2045 4990; baseline -0.004 -14"><span class='ocrx_word' id='word_1_228' title='bbox 464 4923 703 4978; x_wconf 83' lang='lat' dir='ltr'><strong>tiebatur</strong></span> <span class='ocrx_word' id='word_1_229' title='bbox 738 4939 753 4975; x_wconf 81' lang='lat' dir='ltr'><em>z</em></span> <span class='ocrx_word' id='word_1_230' title='bbox 788 4920 978 4976; x_wconf 81' lang='lat' dir='ltr'><strong>invitis</strong></span> <span class='ocrx_word' id='word_1_231' title='bbox 1008 4920 1167 4990; x_wconf 88' lang='lat' dir='ltr'><strong>plane</strong></span> <span class='ocrx_word' id='word_1_232' title='bbox 1198 4920 1371 4989; x_wconf 88' lang='lat' dir='ltr'><strong>ipsius</strong></span> <span class='ocrx_word' id='word_1_233' title='bbox 1419 4918 1765 4987; x_wconf 89' lang='lat' dir='ltr'><strong>parentibus,</strong></span> <span class='ocrx_word' id='word_1_234' title='bbox 1809 4917 2045 4971; x_wconf 83' lang='lat' dir='ltr'><strong>maxime</strong></span> 
     </span>
    </p>
   </div>
   <div class='ocr_carea' id='block_1_37' title="bbox 461 5009 2046 5085">
    <p class='ocr_par' dir='ltr' id='par_1_37' title="bbox 461 5009 2046 5085">
     <span class='ocr_line' id='line_1_37' title="bbox 461 5009 2046 5085; baseline -0.004 -14"><span class='ocrx_word' id='word_1_235' title='bbox 461 5031 592 5072; x_wconf 83' lang='lat' dir='ltr'><strong>vero</strong></span> <span class='ocrx_word' id='word_1_236' title='bbox 618 5015 784 5070; x_wconf 89' lang='lat' dir='ltr'><strong>fratre</strong></span> <span class='ocrx_word' id='word_1_237' title='bbox 816 5013 1101 5085; x_wconf 86' lang='lat' dir='ltr'><strong>Gregorio.</strong></span> <span class='ocrx_word' id='word_1_238' title='bbox 1137 5013 1229 5082; x_wconf 89' lang='lat' dir='ltr'><strong>qui</strong></span> <span class='ocrx_word' id='word_1_239' title='bbox 1269 5021 1558 5083; x_wconf 83' lang='lat' dir='ltr'><strong>propterea</strong></span> <span class='ocrx_word' id='word_1_240' title='bbox 1587 5009 1946 5081; x_wconf 88' lang='lat' dir='ltr'><strong>gravissimas</strong></span> <span class='ocrx_word' id='word_1_241' title='bbox 1977 5009 2046 5064; x_wconf 88' lang='lat' dir='ltr'><strong>ad</strong></span> 
     </span>
    </p>
   </div>
   <div class='ocr_carea' id='block_1_38' title="bbox 463 5102 2048 5175">
    <p class='ocr_par' dir='ltr' id='par_1_38' title="bbox 463 5102 2048 5175">
     <span class='ocr_line' id='line_1_38' title="bbox 463 5102 2048 5175; baseline -0.006 -10"><span class='ocrx_word' id='word_1_242' title='bbox 463 5108 714 5165; x_wconf 80' lang='lat' dir='ltr'><strong>eumdem</strong></span> <span class='ocrx_word' id='word_1_243' title='bbox 763 5107 974 5162; x_wconf 86' lang='lat' dir='ltr'><strong>litteras</strong></span> <span class='ocrx_word' id='word_1_244' title='bbox 1008 5104 1159 5160; x_wconf 88' lang='lat' dir='ltr'><strong>dedit</strong></span> <span class='ocrx_word' id='word_1_245' title='bbox 1186 5103 1285 5175; x_wconf 80' lang='grc' dir='ltr'><strong>(ά).</strong></span> <span class='ocrx_word' id='word_1_246' title='bbox 1322 5102 1527 5159; x_wconf 75' lang='lat' dir='ltr'><strong>Morem</strong></span> <span class='ocrx_word' id='word_1_247' title='bbox 1575 5103 1749 5173; x_wconf 79' lang='lat' dir='ltr'><strong>gessit</strong></span> <span class='ocrx_word' id='word_1_248' title='bbox 1786 5117 2048 5173; x_wconf 86' lang='lat' dir='ltr'><strong>germano</strong></span> 
     </span>
    </p>
   </div>
   <div class='ocr_carea' id='block_1_39' title="bbox 464 5197 2044 5269">
    <p class='ocr_par' dir='ltr' id='par_1_39' title="bbox 464 5197 2044 5269">
     <span class='ocr_line' id='line_1_39' title="bbox 464 5197 2044 5269; baseline -0.004 -12"><span class='ocrx_word' id='word_1_249' title='bbox 464 5200 711 5259; x_wconf 86' lang='lat' dir='ltr'><strong>monenti</strong></span> <span class='ocrx_word' id='word_1_250' title='bbox 778 5199 1080 5263; x_wconf 67' lang='lat' dir='ltr'><strong>Caesarius;</strong></span> <span class='ocrx_word' id='word_1_251' title='bbox 1146 5198 1379 5269; x_wconf 86' lang='lat' dir='ltr'><strong>ejusque</strong></span> <span class='ocrx_word' id='word_1_252' title='bbox 1432 5197 1700 5262; x_wconf 90' lang='lat' dir='ltr'><strong>consilio,</strong></span> <span class='ocrx_word' id='word_1_253' title='bbox 1752 5202 2044 5266; x_wconf 89' lang='lat' dir='ltr'><strong>postquam</strong></span> 
     </span>
    </p>
   </div>
   <div class='ocr_carea' id='block_1_40' title="bbox 535 5392 2049 5474">
    <p class='ocr_par' dir='ltr' id='par_1_40' title="bbox 535 5392 2049 5474">
     <span class='ocr_line' id='line_1_40' title="bbox 535 5392 2049 5474; baseline -0.007 -18"><span class='ocrx_word' id='word_1_254' title='bbox 535 5399 614 5471; x_wconf 88' lang='lat' dir='ltr'><strong>(a)</strong></span> <span class='ocrx_word' id='word_1_255' title='bbox 652 5398 818 5474; x_wconf 64' lang='lat' dir='ltr'><strong>Greg.</strong></span> <span class='ocrx_word' id='word_1_256' title='bbox 861 5396 992 5452; x_wconf 86' lang='lat' dir='ltr'><strong>Naz.</strong></span> <span class='ocrx_word' id='word_1_257' title='bbox 1043 5401 1254 5474; x_wconf 55' lang='lat' dir='ltr'><strong>onat.__x</strong></span> <span class='ocrx_word' id='word_1_258' title='bbox 1289 5392 1473 5474; x_wconf 63' lang='lat' dir='ltr'><strong>[nunc</strong></span> <span class='ocrx_word' id='word_1_259' title='bbox 1500 5393 1619 5464; x_wconf 84' lang='lat' dir='ltr'><strong>vn],</strong></span> <span class='ocrx_word' id='word_1_260' title='bbox 1662 5408 1784 5463; x_wconf 83' lang='lat' dir='ltr'><strong>pag.</strong></span> <span class='ocrx_word' id='word_1_261' title='bbox 1821 5392 1950 5458; x_wconf 66' lang='lat'><strong>£98,</strong></span> <span class='ocrx_word' id='word_1_262' title='bbox 1996 5401 2049 5446; x_wconf 89' lang='lat' dir='ltr'><strong>et</strong></span> 
     </span>
    </p>
   </div>
   <div class='ocr_carea' id='block_1_41' title="bbox 466 5463 1502 5541">
    <p class='ocr_par' dir='ltr' id='par_1_41' title="bbox 466 5463 1502 5541">
     <span class='ocr_line' id='line_1_41' title="bbox 466 5463 1502 5541; baseline -0.005 -19"><span class='ocrx_word' id='word_1_263' title='bbox 466 5463 641 5528; x_wconf 77' lang='lat' dir='ltr'><strong>carm.</strong></span> <span class='ocrx_word' id='word_1_264' title='bbox 664 5463 972 5541; x_wconf 15' lang='lat' dir='ltr'><strong>iLIv&#39;[nunc</strong></span> <span class='ocrx_word' id='word_1_265' title='bbox 999 5463 1118 5537; x_wconf 81' lang='grc' dir='ltr'><strong>νιιι]</strong></span> <span class='ocrx_word' id='word_1_266' title='bbox 1143 5463 1502 5541; x_wconf 47' lang='grc' dir='ltr'><strong>θᾱίςξρίιιιτιι.</strong></span> 
     </span>
    </p>
   </div>
   <div class='ocr_carea' id='block_1_42' title="bbox 537 5534 1352 5681">
    <p class='ocr_par' dir='ltr' id='par_1_42' title="bbox 537 5534 1352 5681">
     <span class='ocr_line' id='line_1_42' title="bbox 537 5534 1352 5681; baseline -0.007 -88"><span class='ocrx_word' id='word_1_267' title='bbox 537 5540 615 5681; x_wconf 48' lang='grc' dir='ltr'><strong>ἒὺῖ</strong></span> <span class='ocrx_word' id='word_1_268' title='bbox 655 5540 735 5596; x_wconf 87' lang='lat' dir='ltr'><strong>Id.</strong></span> <span class='ocrx_word' id='word_1_269' title='bbox 763 5534 908 5623; x_wconf 62' lang='lat' dir='ltr'><strong>erat.</strong></span> <span class='ocrx_word' id='word_1_270' title='bbox 938 5552 1033 5600; x_wconf 76' lang='lat' dir='ltr'><strong>vn,</strong></span> <span class='ocrx_word' id='word_1_271' title='bbox 1073 5534 1197 5605; x_wconf 76' lang='lat' dir='ltr'><strong>pag.</strong></span> <span class='ocrx_word' id='word_1_272' title='bbox 1229 5534 1352 5590; x_wconf 75' lang='grc'><strong>198.</strong></span> 
     </span>
     <span class='ocr_line' id='line_1_43' title="bbox 562 5608 1121 5681; baseline -0.009 -18"><span class='ocrx_word' id='word_1_273' title='bbox 562 5628 588 5663; x_wconf 86' lang='lat' dir='ltr'><strong>c</strong></span> <span class='ocrx_word' id='word_1_274' title='bbox 650 5608 731 5681; x_wconf 66' lang='grc' dir='ltr'><strong>ιὰ.</strong></span> <span class='ocrx_word' id='word_1_275' title='bbox 763 5609 895 5681; x_wconf 82' lang='lat' dir='ltr'><strong>tbld.</strong></span> <span class='ocrx_word' id='word_1_276' title='bbox 1103 5675 1121 5681; x_wconf 85' lang='lat'>_</span> 
     </span>
    </p>
   </div>
   <div class='ocr_carea' id='block_1_43' title="bbox 562 5608 895 5665">
    <p class='ocr_par' dir='ltr' id='par_1_43' title="bbox 562 5608 895 5665">
     <span class='ocr_line' id='line_1_44' title="bbox 562 5608 895 5665; baseline -0.009 -1"><span class='ocrx_word' id='word_1_277' title='bbox 562 5608 612 5665; x_wconf 75' lang='lat' dir='ltr'><strong>cl</strong></span> <span class='ocrx_word' id='word_1_278' title='bbox 650 5608 731 5665; x_wconf 90' lang='lat' dir='ltr'><strong>ld.</strong></span> <span class='ocrx_word' id='word_1_279' title='bbox 763 5609 895 5665; x_wconf 81' lang='lat' dir='ltr'><strong>ibid.</strong></span> 
     </span>
    </p>
   </div>
   <div class='ocr_carea' id='block_1_44' title="bbox 541 5673 1430 5749">
    <p class='ocr_par' dir='ltr' id='par_1_44' title="bbox 541 5673 1430 5749">
     <span class='ocr_line' id='line_1_45' title="bbox 541 5673 1430 5749; baseline -0.006 -18"><span class='ocrx_word' id='word_1_280' title='bbox 541 5673 622 5749; x_wconf 72' lang='grc' dir='ltr'><strong>(α’)</strong></span> <span class='ocrx_word' id='word_1_281' title='bbox 662 5679 740 5737; x_wconf 81' lang='grc' dir='ltr'><strong>ιιι.</strong></span> <span class='ocrx_word' id='word_1_282' title='bbox 771 5679 932 5747; x_wconf 89' lang='lat' dir='ltr'><strong>epist.</strong></span> <span class='ocrx_word' id='word_1_283' title='bbox 960 5693 1070 5749; x_wconf 70' lang='lat' dir='ltr'><strong>xyn</strong></span> <span class='ocrx_word' id='word_1_284' title='bbox 1103 5673 1430 5749; x_wconf 88' lang='lat' dir='ltr'><strong>[nunc_vn].</strong></span> 
     </span>
    </p>
   </div>
   <div class='ocr_carea' id='block_1_45' title="bbox 542 5742 1636 5820">
    <p class='ocr_par' dir='ltr' id='par_1_45' title="bbox 542 5742 1636 5820">
     <span class='ocr_line' id='line_1_46' title="bbox 542 5742 1636 5820; baseline -0.007 -16"><span class='ocrx_word' id='word_1_285' title='bbox 542 5742 615 5820; x_wconf 53' lang='lat' dir='ltr'><strong>(ei</strong></span> <span class='ocrx_word' id='word_1_286' title='bbox 654 5750 731 5804; x_wconf 95' lang='lat' dir='ltr'><strong>Id.</strong></span> <span class='ocrx_word' id='word_1_287' title='bbox 761 5742 903 5820; x_wconf 62' lang='lat' dir='ltr'><strong>orat.</strong></span> <span class='ocrx_word' id='word_1_288' title='bbox 934 5764 964 5800; x_wconf 72' lang='grc' dir='ltr'><strong>χ</strong></span> <span class='ocrx_word' id='word_1_289' title='bbox 996 5742 1167 5818; x_wconf 73' lang='lat' dir='ltr'><strong>[nunc</strong></span> <span class='ocrx_word' id='word_1_290' title='bbox 1200 5743 1323 5815; x_wconf 86' lang='lat' dir='ltr'><strong>vn],</strong></span> <span class='ocrx_word' id='word_1_291' title='bbox 1356 5742 1480 5814; x_wconf 70' lang='lat' dir='ltr'><strong>pag.</strong></span> <span class='ocrx_word' id='word_1_292' title='bbox 1514 5742 1636 5798; x_wconf 77' lang='grc'><strong>198.</strong></span> 
     </span>
    </p>
   </div>
   <div class='ocr_carea' id='block_1_46' title="bbox 542 5818 2039 5972">
    <p class='ocr_par' dir='ltr' id='par_1_46' title="bbox 542 5818 2039 5972">
     <span class='ocr_line' id='line_1_47' title="bbox 542 5818 2039 5972; baseline -0.007 -26"><span class='ocrx_word' id='word_1_293' title='bbox 652 5818 907 5944; x_wconf 57' lang='lat' dir='ltr'><strong>li&#39;ailllﬂi.</strong></span> <span class='ocrx_word' id='word_1_294' title='bbox 933 5888 1052 5942; x_wconf 84' lang='lat' dir='ltr'><strong>Act.</strong></span> <span class='ocrx_word' id='word_1_295' title='bbox 1074 5884 1175 5940; x_wconf 88' lang='lat' dir='ltr'><strong>ss.</strong></span> <span class='ocrx_word' id='word_1_296' title='bbox 1196 5883 1352 5940; x_wconf 81' lang='lat' dir='ltr'><strong>Febr.</strong></span> <span class='ocrx_word' id='word_1_297' title='bbox 1377 5891 1508 5938; x_wconf 88' lang='lat' dir='ltr'><strong>tom.</strong></span> <span class='ocrx_word' id='word_1_298' title='bbox 1526 5881 1588 5948; x_wconf 89' lang='grc' dir='ltr'><strong>ιι,</strong></span> <span class='ocrx_word' id='word_1_299' title='bbox 1615 5898 1731 5953; x_wconf 78' lang='lat' dir='ltr'><strong>pag.</strong></span> <span class='ocrx_word' id='word_1_300' title='bbox 1754 5881 1885 5948; x_wconf 69' lang='lat'><strong>496,</strong></span> <span class='ocrx_word' id='word_1_301' title='bbox 1909 5898 1962 5936; x_wconf 84' lang='grc' dir='ltr'><strong>ιι.</strong></span> <span class='ocrx_word' id='word_1_302' title='bbox 1985 5882 2039 5937; x_wconf 84' lang='grc'><strong>6.</strong></span> 
     </span>
    </p>
   </div>
   <div class='ocr_carea' id='block_1_47' title="bbox 2090 5811 2793 5887">
    <p class='ocr_par' dir='ltr' id='par_1_47' title="bbox 2090 5811 2793 5887">
     <span class='ocr_line' id='line_1_48' title="bbox 2090 5811 2793 5887; baseline -0.01 -14"><span class='ocrx_word' id='word_1_303' title='bbox 2090 5860 2095 5865; x_wconf 89' lang='grc'><strong>.</strong></span> <span class='ocrx_word' id='word_1_304' title='bbox 2154 5811 2293 5874; x_wconf 74' lang='lat' dir='ltr'><strong>m‘n&#39;</strong></span> <span class='ocrx_word' id='word_1_305' title='bbox 2323 5814 2493 5887; x_wconf 91' lang='lat' dir='ltr'><strong>[nunc</strong></span> <span class='ocrx_word' id='word_1_306' title='bbox 2528 5811 2629 5883; x_wconf 85' lang='lat' dir='ltr'><strong>xu]</strong></span> <span class='ocrx_word' id='word_1_307' title='bbox 2664 5811 2793 5869; x_wconf 71' lang='lat' dir='ltr'><strong>edit.</strong></span> 
     </span>
    </p>
   </div>
   <div class='ocr_carea' id='block_1_48' title="bbox 2119 2072 3710 2148">
    <p class='ocr_par' dir='ltr' id='par_1_48' title="bbox 2119 2072 3710 2148">
     <span class='ocr_line' id='line_1_49' title="bbox 2119 2072 3710 2148; baseline -0.003 -17"><span class='ocrx_word' id='word_1_308' title='bbox 2119 2076 2395 2148; x_wconf 85' lang='lat' dir='ltr'><strong>egregium</strong></span> <span class='ocrx_word' id='word_1_309' title='bbox 2434 2075 2557 2130; x_wconf 78' lang='lat' dir='ltr'><strong>fidei</strong></span> <span class='ocrx_word' id='word_1_310' title='bbox 2604 2074 2938 2128; x_wconf 78' lang='lat' dir='ltr'><strong>Christiana:</strong></span> <span class='ocrx_word' id='word_1_311' title='bbox 2984 2072 3261 2144; x_wconf 86' lang='lat' dir='ltr'><strong>specimen</strong></span> <span class='ocrx_word' id='word_1_312' title='bbox 3309 2088 3494 2127; x_wconf 84' lang='lat' dir='ltr'><strong>coram</strong></span> <span class='ocrx_word' id='word_1_313' title='bbox 3534 2073 3710 2144; x_wconf 86' lang='lat' dir='ltr'><strong>impe-</strong></span> 
     </span>
    </p>
   </div>
   <div class='ocr_carea' id='block_1_49' title="bbox 2119 2163 3713 2234">
    <p class='ocr_par' dir='ltr' id='par_1_49' title="bbox 2119 2163 3713 2234">
     <span class='ocr_line' id='line_1_50' title="bbox 2119 2163 3713 2234; baseline -0.003 -12"><span class='ocrx_word' id='word_1_314' title='bbox 2119 2175 2303 2222; x_wconf 86' lang='lat' dir='ltr'><strong>ratore</strong></span> <span class='ocrx_word' id='word_1_315' title='bbox 2349 2173 2603 2234; x_wconf 83' lang='lat' dir='ltr'><strong>apostata</strong></span> <span class='ocrx_word' id='word_1_316' title='bbox 2646 2164 2894 2219; x_wconf 81' lang='lat' dir='ltr'><strong>exhibuit</strong></span> <span class='ocrx_word' id='word_1_317' title='bbox 2925 2163 3016 2233; x_wconf 80' lang='grc' dir='ltr'><strong>(ε),</strong></span> <span class='ocrx_word' id='word_1_318' title='bbox 3063 2179 3128 2218; x_wconf 79' lang='lat' dir='ltr'><strong>ex</strong></span> <span class='ocrx_word' id='word_1_319' title='bbox 3175 2164 3297 2234; x_wconf 85' lang='lat' dir='ltr'><strong>ejus</strong></span> <span class='ocrx_word' id='word_1_320' title='bbox 3344 2165 3469 2218; x_wconf 87' lang='lat' dir='ltr'><strong>aula</strong></span> <span class='ocrx_word' id='word_1_321' title='bbox 3514 2163 3713 2234; x_wconf 84' lang='lat' dir='ltr'><strong>pedem</strong></span> 
     </span>
    </p>
   </div>
   <div class='ocr_carea' id='block_1_50' title="bbox 2121 2253 3715 2323">
    <p class='ocr_par' dir='ltr' id='par_1_50' title="bbox 2121 2253 3715 2323">
     <span class='ocr_line' id='line_1_51' title="bbox 2121 2253 3715 2323; baseline -0.003 -9"><span class='ocrx_word' id='word_1_322' title='bbox 2121 2258 2395 2323; x_wconf 88' lang='lat' dir='ltr'><strong>referens,</strong></span> <span class='ocrx_word' id='word_1_323' title='bbox 2432 2258 2499 2312; x_wconf 89' lang='lat' dir='ltr'><strong>ad</strong></span> <span class='ocrx_word' id='word_1_324' title='bbox 2544 2271 2677 2311; x_wconf 86' lang='lat' dir='ltr'><strong>suos</strong></span> <span class='ocrx_word' id='word_1_325' title='bbox 2709 2257 3024 2317; x_wconf 70' lang='lat' dir='ltr'><strong>revertitur.</strong></span> <span class='ocrx_word' id='word_1_326' title='bbox 3076 2253 3249 2310; x_wconf 84' lang='lat' dir='ltr'><strong>Porro</strong></span> <span class='ocrx_word' id='word_1_327' title='bbox 3276 2256 3494 2311; x_wconf 84' lang='lat' dir='ltr'><strong>sublato</strong></span> <span class='ocrx_word' id='word_1_328' title='bbox 3530 2272 3565 2312; x_wconf 90' lang='lat' dir='ltr'><strong>e</strong></span> <span class='ocrx_word' id='word_1_329' title='bbox 3593 2271 3715 2311; x_wconf 82' lang='lat' dir='ltr'><strong>me-</strong></span> 
     </span>
    </p>
   </div>
   <div class='ocr_carea' id='block_1_51' title="bbox 2121 2342 3716 2418">
    <p class='ocr_par' dir='ltr' id='par_1_51' title="bbox 2121 2342 3716 2418">
     <span class='ocr_line' id='line_1_52' title="bbox 2121 2342 3716 2418; baseline -0.002 -13"><span class='ocrx_word' id='word_1_330' title='bbox 2121 2351 2214 2405; x_wconf 88' lang='lat' dir='ltr'><strong>dio</strong></span> <span class='ocrx_word' id='word_1_331' title='bbox 2233 2348 2474 2411; x_wconf 71' lang='lat' dir='ltr'><strong>Iuliano,</strong></span> <span class='ocrx_word' id='word_1_332' title='bbox 2508 2348 2612 2403; x_wconf 89' lang='lat' dir='ltr'><strong>sub</strong></span> <span class='ocrx_word' id='word_1_333' title='bbox 2641 2342 2869 2402; x_wconf 53' lang='lat' dir='ltr'><strong>Valenh</strong></span> <span class='ocrx_word' id='word_1_334' title='bbox 2918 2347 3215 2418; x_wconf 56' lang='lat' dir='ltr'><strong>quaestoris</strong></span> <span class='ocrx_word' id='word_1_335' title='bbox 3244 2362 3477 2403; x_wconf 89' lang='lat' dir='ltr'><strong>munere</strong></span> <span class='ocrx_word' id='word_1_336' title='bbox 3518 2348 3573 2403; x_wconf 90' lang='lat' dir='ltr'><strong>in</strong></span> <span class='ocrx_word' id='word_1_337' title='bbox 3618 2347 3716 2402; x_wconf 83' lang='lat' dir='ltr'><strong>Bi-</strong></span> 
     </span>
    </p>
   </div>
   <div class='ocr_carea' id='block_1_52' title="bbox 2121 2440 3711 2514">
    <p class='ocr_par' dir='ltr' id='par_1_52' title="bbox 2121 2440 3711 2514">
     <span class='ocr_line' id='line_1_53' title="bbox 2121 2440 3711 2514; baseline -0.002 -18"><span class='ocrx_word' id='word_1_338' title='bbox 2121 2443 2311 2514; x_wconf 84' lang='lat' dir='ltr'><strong>thynia</strong></span> <span class='ocrx_word' id='word_1_339' title='bbox 2343 2440 2674 2512; x_wconf 82' lang='lat' dir='ltr'><strong>perfunctus</strong></span> <span class='ocrx_word' id='word_1_340' title='bbox 2703 2454 2829 2495; x_wconf 86' lang='lat' dir='ltr'><strong>esse</strong></span> <span class='ocrx_word' id='word_1_341' title='bbox 2872 2447 3068 2493; x_wconf 89' lang='lat' dir='ltr'><strong>auctor</strong></span> <span class='ocrx_word' id='word_1_342' title='bbox 3097 2447 3284 2495; x_wconf 89' lang='lat' dir='ltr'><strong>noster</strong></span> <span class='ocrx_word' id='word_1_343' title='bbox 3332 2440 3711 2510; x_wconf 88' lang='lat' dir='ltr'><strong>comperitur:</strong></span> 
     </span>
    </p>
   </div>
   <div class='ocr_carea' id='block_1_53' title="bbox 2124 2530 3715 2605">
    <p class='ocr_par' dir='ltr' id='par_1_53' title="bbox 2124 2530 3715 2605">
     <span class='ocr_line' id='line_1_54' title="bbox 2124 2530 3715 2605; baseline -0.003 -17"><span class='ocrx_word' id='word_1_344' title='bbox 2124 2533 2218 2605; x_wconf 89' lang='lat' dir='ltr'><strong>qui</strong></span> <span class='ocrx_word' id='word_1_345' title='bbox 2256 2533 2487 2603; x_wconf 89' lang='lat' dir='ltr'><strong>proinde</strong></span> <span class='ocrx_word' id='word_1_346' title='bbox 2529 2533 2596 2588; x_wconf 92' lang='lat' dir='ltr'><strong>ad</strong></span> <span class='ocrx_word' id='word_1_347' title='bbox 2650 2532 2736 2587; x_wconf 86' lang='lat' dir='ltr'><strong>sui</strong></span> <span class='ocrx_word' id='word_1_348' title='bbox 2783 2530 2944 2586; x_wconf 77' lang='lat' dir='ltr'><strong>ofﬁcii</strong></span> <span class='ocrx_word' id='word_1_349' title='bbox 2991 2538 3180 2601; x_wconf 88' lang='lat' dir='ltr'><strong>partes</strong></span> <span class='ocrx_word' id='word_1_350' title='bbox 3236 2531 3536 2601; x_wconf 81' lang='lat' dir='ltr'><strong>explendas</strong></span> <span class='ocrx_word' id='word_1_351' title='bbox 3578 2530 3715 2585; x_wconf 86' lang='lat' dir='ltr'><strong>dum</strong></span> 
     </span>
    </p>
   </div>
   <div class='ocr_carea' id='block_1_54' title="bbox 2124 2621 3719 2695">
    <p class='ocr_par' dir='ltr' id='par_1_54' title="bbox 2124 2621 3719 2695">
     <span class='ocr_line' id='line_1_55' title="bbox 2124 2621 3719 2695; baseline -0.002 -15"><span class='ocrx_word' id='word_1_352' title='bbox 2124 2625 2321 2680; x_wconf 63' lang='lat' dir='ltr'><strong>Nicaea:</strong></span> <span class='ocrx_word' id='word_1_353' title='bbox 2364 2633 2569 2695; x_wconf 89' lang='lat' dir='ltr'><strong>ageret,</strong></span> <span class='ocrx_word' id='word_1_354' title='bbox 2611 2638 2757 2677; x_wconf 90' lang='lat' dir='ltr'><strong>anno</strong></span> <span class='ocrx_word' id='word_1_355' title='bbox 2797 2622 3003 2677; x_wconf 87' lang='lat' dir='ltr'><strong>Christi</strong></span> <span class='ocrx_word' id='word_1_356' title='bbox 3055 2622 3161 2677; x_wconf 77' lang='lat'><strong>368</strong></span> <span class='ocrx_word' id='word_1_357' title='bbox 3213 2621 3521 2687; x_wconf 86' lang='lat' dir='ltr'><strong>desinente,</strong></span> <span class='ocrx_word' id='word_1_358' title='bbox 3554 2631 3719 2677; x_wconf 61' lang='lat' dir='ltr'><strong>terra!</strong></span> 
     </span>
    </p>
   </div>
   <div class='ocr_carea' id='block_1_55' title="bbox 2126 2711 3719 2785">
    <p class='ocr_par' dir='ltr' id='par_1_55' title="bbox 2126 2711 3719 2785">
     <span class='ocr_line' id='line_1_56' title="bbox 2126 2711 3719 2785; baseline -0.002 -15"><span class='ocrx_word' id='word_1_359' title='bbox 2126 2722 2280 2770; x_wconf 89' lang='lat' dir='ltr'><strong>motu</strong></span> <span class='ocrx_word' id='word_1_360' title='bbox 2310 2715 2469 2785; x_wconf 88' lang='lat' dir='ltr'><strong>longe</strong></span> <span class='ocrx_word' id='word_1_361' title='bbox 2494 2723 2619 2784; x_wconf 91' lang='lat' dir='ltr'><strong>post</strong></span> <span class='ocrx_word' id='word_1_362' title='bbox 2650 2713 2937 2768; x_wconf 86' lang='lat' dir='ltr'><strong>hominum</strong></span> <span class='ocrx_word' id='word_1_363' title='bbox 2967 2711 3289 2767; x_wconf 90' lang='lat' dir='ltr'><strong>memoriam</strong></span> <span class='ocrx_word' id='word_1_364' title='bbox 3317 2713 3557 2767; x_wconf 81' lang='lat' dir='ltr'><strong>maximo</strong></span> <span class='ocrx_word' id='word_1_365' title='bbox 3577 2711 3719 2768; x_wconf 87' lang='lat' dir='ltr'><strong>urbe</strong></span> 
     </span>
    </p>
   </div>
   <div class='ocr_carea' id='block_1_56' title="bbox 2124 2804 3717 2876">
    <p class='ocr_par' dir='ltr' id='par_1_56' title="bbox 2124 2804 3717 2876">
     <span class='ocr_line' id='line_1_57' title="bbox 2124 2804 3717 2876; baseline -0.003 -13"><span class='ocrx_word' id='word_1_366' title='bbox 2124 2809 2220 2863; x_wconf 90' lang='lat' dir='ltr'><strong>illa</strong></span> <span class='ocrx_word' id='word_1_367' title='bbox 2253 2807 2502 2863; x_wconf 87' lang='lat' dir='ltr'><strong>funditus</strong></span> <span class='ocrx_word' id='word_1_368' title='bbox 2549 2823 2766 2871; x_wconf 89' lang='lat' dir='ltr'><strong>eversa,</strong></span> <span class='ocrx_word' id='word_1_369' title='bbox 2795 2823 2862 2863; x_wconf 78' lang='lat' dir='ltr'><strong>ex</strong></span> <span class='ocrx_word' id='word_1_370' title='bbox 2903 2812 3058 2861; x_wconf 87' lang='lat' dir='ltr'><strong>tanto</strong></span> <span class='ocrx_word' id='word_1_371' title='bbox 3091 2805 3339 2876; x_wconf 84' lang='lat' dir='ltr'><strong>periculo</strong></span> <span class='ocrx_word' id='word_1_372' title='bbox 3381 2805 3534 2861; x_wconf 90' lang='lat' dir='ltr'><strong>solus</strong></span> <span class='ocrx_word' id='word_1_373' title='bbox 3567 2804 3717 2859; x_wconf 90' lang='lat' dir='ltr'><strong>idem</strong></span> 
     </span>
    </p>
   </div>
   <div class='ocr_carea' id='block_1_57' title="bbox 2127 2894 3719 2967">
    <p class='ocr_par' dir='ltr' id='par_1_57' title="bbox 2127 2894 3719 2967">
     <span class='ocr_line' id='line_1_58' title="bbox 2127 2894 3719 2967; baseline -0.002 -14"><span class='ocrx_word' id='word_1_374' title='bbox 2127 2913 2196 2953; x_wconf 80' lang='lat' dir='ltr'><strong>ex</strong></span> <span class='ocrx_word' id='word_1_375' title='bbox 2223 2898 2528 2953; x_wconf 88' lang='lat' dir='ltr'><strong>illustribus</strong></span> <span class='ocrx_word' id='word_1_376' title='bbox 2558 2898 2693 2954; x_wconf 83' lang='lat' dir='ltr'><strong>viris</strong></span> <span class='ocrx_word' id='word_1_377' title='bbox 2728 2908 2823 2952; x_wconf 91' lang='lat' dir='ltr'><strong>aut</strong></span> <span class='ocrx_word' id='word_1_378' title='bbox 2855 2904 3007 2953; x_wconf 90' lang='lat' dir='ltr'><strong>certe</strong></span> <span class='ocrx_word' id='word_1_379' title='bbox 3036 2911 3162 2951; x_wconf 89' lang='lat' dir='ltr'><strong>cum</strong></span> <span class='ocrx_word' id='word_1_380' title='bbox 3199 2894 3491 2951; x_wconf 88' lang='lat' dir='ltr'><strong>admodum</strong></span> <span class='ocrx_word' id='word_1_381' title='bbox 3523 2896 3719 2967; x_wconf 89' lang='lat' dir='ltr'><strong>paucis</strong></span> 
     </span>
    </p>
   </div>
   <div class='ocr_carea' id='block_1_58' title="bbox 2128 2988 3715 3061">
    <p class='ocr_par' dir='ltr' id='par_1_58' title="bbox 2128 2988 3715 3061">
     <span class='ocr_line' id='line_1_59' title="bbox 2128 2988 3715 3061; baseline -0.003 -15"><span class='ocrx_word' id='word_1_382' title='bbox 2128 2990 2394 3046; x_wconf 86' lang='lat' dir='ltr'><strong>divinitus</strong></span> <span class='ocrx_word' id='word_1_383' title='bbox 2441 2997 2695 3046; x_wconf 84' lang='lat' dir='ltr'><strong>servatus</strong></span> <span class='ocrx_word' id='word_1_384' title='bbox 2744 2989 2867 3055; x_wconf 87' lang='lat' dir='ltr'><strong>fuit,</strong></span> <span class='ocrx_word' id='word_1_385' title='bbox 2918 2990 3056 3060; x_wconf 90' lang='lat' dir='ltr'><strong>ipsis</strong></span> <span class='ocrx_word' id='word_1_386' title='bbox 3103 2991 3285 3045; x_wconf 89' lang='lat' dir='ltr'><strong>ruinis</strong></span> <span class='ocrx_word' id='word_1_387' title='bbox 3312 2998 3590 3060; x_wconf 87' lang='lat' dir='ltr'><strong>protectus</strong></span> <span class='ocrx_word' id='word_1_388' title='bbox 3620 2988 3715 3061; x_wconf 68' lang='grc' dir='ltr'><strong>(Γ).</strong></span> 
     </span>
    </p>
   </div>
   <div class='ocr_carea' id='block_1_59' title="bbox 2130 3080 3720 3153">
    <p class='ocr_par' dir='ltr' id='par_1_59' title="bbox 2130 3080 3720 3153">
     <span class='ocr_line' id='line_1_60' title="bbox 2130 3080 3720 3153; baseline -0.003 -16"><span class='ocrx_word' id='word_1_389' title='bbox 2130 3081 2197 3137; x_wconf 88' lang='lat' dir='ltr'><strong>Et</strong></span> <span class='ocrx_word' id='word_1_390' title='bbox 2227 3090 2387 3138; x_wconf 85' lang='lat' dir='ltr'><strong>terrae</strong></span> <span class='ocrx_word' id='word_1_391' title='bbox 2428 3082 2648 3153; x_wconf 86' lang='lat' dir='ltr'><strong>quidem</strong></span> <span class='ocrx_word' id='word_1_392' title='bbox 2697 3089 2849 3136; x_wconf 90' lang='lat' dir='ltr'><strong>motu</strong></span> <span class='ocrx_word' id='word_1_393' title='bbox 2897 3082 3152 3152; x_wconf 85' lang='lat' dir='ltr'><strong>superior</strong></span> <span class='ocrx_word' id='word_1_394' title='bbox 3202 3081 3327 3148; x_wconf 87' lang='lat' dir='ltr'><strong>fuit,</strong></span> <span class='ocrx_word' id='word_1_395' title='bbox 3360 3080 3558 3135; x_wconf 89' lang='lat' dir='ltr'><strong>morbo</strong></span> <span class='ocrx_word' id='word_1_396' title='bbox 3584 3095 3720 3135; x_wconf 78' lang='lat' dir='ltr'><strong>vero</strong></span> 
     </span>
    </p>
   </div>
   <div class='ocr_carea' id='block_1_60' title="bbox 2130 3174 3722 3245">
    <p class='ocr_par' dir='ltr' id='par_1_60' title="bbox 2130 3174 3722 3245">
     <span class='ocr_line' id='line_1_61' title="bbox 2130 3174 3722 3245; baseline -0.001 -16"><span class='ocrx_word' id='word_1_397' title='bbox 2130 3190 2243 3229; x_wconf 90' lang='lat' dir='ltr'><strong>non</strong></span> <span class='ocrx_word' id='word_1_398' title='bbox 2273 3177 2403 3230; x_wconf 90' lang='lat' dir='ltr'><strong>item</strong></span> <span class='ocrx_word' id='word_1_399' title='bbox 2434 3190 2578 3245; x_wconf 87' lang='lat' dir='ltr'><strong>:quo</strong></span> <span class='ocrx_word' id='word_1_400' title='bbox 2608 3183 2925 3245; x_wconf 89' lang='lat' dir='ltr'><strong>correptus,</strong></span> <span class='ocrx_word' id='word_1_401' title='bbox 2958 3188 3116 3229; x_wconf 86' lang='lat' dir='ltr'><strong>sacro</strong></span> <span class='ocrx_word' id='word_1_402' title='bbox 3145 3181 3258 3228; x_wconf 92' lang='lat' dir='ltr'><strong>tum</strong></span> <span class='ocrx_word' id='word_1_403' title='bbox 3281 3174 3500 3229; x_wconf 88' lang='lat' dir='ltr'><strong>demum</strong></span> <span class='ocrx_word' id='word_1_404' title='bbox 3530 3186 3722 3229; x_wconf 89' lang='lat' dir='ltr'><strong>susce-</strong></span> 
     </span>
    </p>
   </div>
   <div class='ocr_carea' id='block_1_61' title="bbox 2131 3265 3723 3337">
    <p class='ocr_par' dir='ltr' id='par_1_61' title="bbox 2131 3265 3723 3337">
     <span class='ocr_line' id='line_1_62' title="bbox 2131 3265 3723 3337; baseline -0.003 -16"><span class='ocrx_word' id='word_1_405' title='bbox 2131 3275 2227 3337; x_wconf 92' lang='lat' dir='ltr'><strong>pto</strong></span> <span class='ocrx_word' id='word_1_406' title='bbox 2251 3265 2610 3335; x_wconf 87' lang='lat' dir='ltr'><strong>baptismate,</strong></span> <span class='ocrx_word' id='word_1_407' title='bbox 2643 3266 3003 3336; x_wconf 89' lang='lat' dir='ltr'><strong>omniumque</strong></span> <span class='ocrx_word' id='word_1_408' title='bbox 3027 3265 3296 3321; x_wconf 89' lang='lat' dir='ltr'><strong>bonorum</strong></span> <span class='ocrx_word' id='word_1_409' title='bbox 3334 3277 3559 3320; x_wconf 90' lang='lat' dir='ltr'><strong>suorum</strong></span> <span class='ocrx_word' id='word_1_410' title='bbox 3581 3276 3723 3332; x_wconf 86' lang='lat' dir='ltr'><strong>pau-</strong></span> 
     </span>
    </p>
   </div>
   <div class='ocr_carea' id='block_1_62' title="bbox 2132 3356 3724 3431">
    <p class='ocr_par' dir='ltr' id='par_1_62' title="bbox 2132 3356 3724 3431">
     <span class='ocr_line' id='line_1_63' title="bbox 2132 3356 3724 3431; baseline -0.002 -17"><span class='ocrx_word' id='word_1_411' title='bbox 2132 3361 2358 3431; x_wconf 90' lang='lat' dir='ltr'><strong>peribus</strong></span> <span class='ocrx_word' id='word_1_412' title='bbox 2396 3358 2607 3413; x_wconf 87' lang='lat' dir='ltr'><strong>relictis</strong></span> <span class='ocrx_word' id='word_1_413' title='bbox 2653 3358 2987 3422; x_wconf 68' lang='lat' dir='ltr'><strong>haeredihus,</strong></span> <span class='ocrx_word' id='word_1_414' title='bbox 3042 3358 3234 3415; x_wconf 89' lang='lat' dir='ltr'><strong>eadem</strong></span> <span class='ocrx_word' id='word_1_415' title='bbox 3279 3357 3336 3413; x_wconf 89' lang='lat' dir='ltr'><strong>in</strong></span> <span class='ocrx_word' id='word_1_416' title='bbox 3378 3357 3513 3413; x_wconf 89' lang='lat' dir='ltr'><strong>urbe</strong></span> <span class='ocrx_word' id='word_1_417' title='bbox 3556 3356 3724 3427; x_wconf 88' lang='lat' dir='ltr'><strong>paulo</strong></span> 
     </span>
    </p>
   </div>
   <div class='ocr_carea' id='block_1_63' title="bbox 2136 3446 3726 3524">
    <p class='ocr_par' dir='ltr' id='par_1_63' title="bbox 2136 3446 3726 3524">
     <span class='ocr_line' id='line_1_64' title="bbox 2136 3446 3726 3524; baseline -0.003 -17"><span class='ocrx_word' id='word_1_418' title='bbox 2136 3458 2263 3524; x_wconf 91' lang='lat' dir='ltr'><strong>post</strong></span> <span class='ocrx_word' id='word_1_419' title='bbox 2323 3465 2641 3521; x_wconf 89' lang='lat' dir='ltr'><strong>supremum</strong></span> <span class='ocrx_word' id='word_1_420' title='bbox 2703 3450 2848 3506; x_wconf 88' lang='lat' dir='ltr'><strong>diem</strong></span> <span class='ocrx_word' id='word_1_421' title='bbox 2903 3450 3110 3506; x_wconf 89' lang='lat' dir='ltr'><strong>obiisse</strong></span> <span class='ocrx_word' id='word_1_422' title='bbox 3165 3449 3403 3505; x_wconf 84' lang='lat' dir='ltr'><strong>videtur.</strong></span> <span class='ocrx_word' id='word_1_423' title='bbox 3453 3446 3726 3514; x_wconf 84' lang='lat' dir='ltr'><strong>Quamvis</strong></span> 
     </span>
    </p>
   </div>
   <div class='ocr_carea' id='block_1_64' title="bbox 2137 3540 3728 3601">
    <p class='ocr_par' dir='ltr' id='par_1_64' title="bbox 2137 3540 3728 3601">
     <span class='ocr_line' id='line_1_65' title="bbox 2137 3540 3728 3601; baseline -0.005 0"><span class='ocrx_word' id='word_1_424' title='bbox 2137 3545 2283 3601; x_wconf 91' lang='lat' dir='ltr'><strong>enim</strong></span> <span class='ocrx_word' id='word_1_425' title='bbox 2313 3545 2465 3599; x_wconf 84' lang='lat' dir='ltr'><strong>varia</strong></span> <span class='ocrx_word' id='word_1_426' title='bbox 2493 3543 2566 3598; x_wconf 90' lang='lat' dir='ltr'><strong>sit</strong></span> <span class='ocrx_word' id='word_1_427' title='bbox 2596 3544 2846 3598; x_wconf 78' lang='lat' dir='ltr'><strong>virorum</strong></span> <span class='ocrx_word' id='word_1_428' title='bbox 2877 3542 3322 3599; x_wconf 86' lang='lat' dir='ltr'><strong>doctissimorum</strong></span> <span class='ocrx_word' id='word_1_429' title='bbox 3351 3540 3625 3598; x_wconf 87' lang='lat' dir='ltr'><strong>sententia</strong></span> <span class='ocrx_word' id='word_1_430' title='bbox 3653 3540 3728 3594; x_wconf 86' lang='lat' dir='ltr'><strong>de</strong></span> 
     </span>
    </p>
   </div>
   <div class='ocr_carea' id='block_1_65' title="bbox 2136 3632 3725 3707">
    <p class='ocr_par' dir='ltr' id='par_1_65' title="bbox 2136 3632 3725 3707">
     <span class='ocr_line' id='line_1_66' title="bbox 2136 3632 3725 3707; baseline -0.004 -16"><span class='ocrx_word' id='word_1_431' title='bbox 2136 3636 2258 3691; x_wconf 92' lang='lat' dir='ltr'><strong>loco</strong></span> <span class='ocrx_word' id='word_1_432' title='bbox 2288 3650 2400 3707; x_wconf 90' lang='lat' dir='ltr'><strong>quo</strong></span> <span class='ocrx_word' id='word_1_433' title='bbox 2446 3637 2722 3692; x_wconf 87' lang='lat' dir='ltr'><strong>Caesarius</strong></span> <span class='ocrx_word' id='word_1_434' title='bbox 2763 3651 2796 3690; x_wconf 85' lang='lat' dir='ltr'><strong>e</strong></span> <span class='ocrx_word' id='word_1_435' title='bbox 2835 3635 2977 3691; x_wconf 91' lang='lat' dir='ltr'><strong>vivis</strong></span> <span class='ocrx_word' id='word_1_436' title='bbox 3022 3635 3296 3701; x_wconf 88' lang='lat' dir='ltr'><strong>excessit;</strong></span> <span class='ocrx_word' id='word_1_437' title='bbox 3339 3633 3464 3689; x_wconf 89' lang='lat' dir='ltr'><strong>aliis</strong></span> <span class='ocrx_word' id='word_1_438' title='bbox 3495 3632 3725 3703; x_wconf 71' lang='lat' dir='ltr'><strong>quidem</strong></span> 
     </span>
    </p>
   </div>
   <div class='ocr_carea' id='block_1_66' title="bbox 2137 3723 3729 3799">
    <p class='ocr_par' dir='ltr' id='par_1_66' title="bbox 2137 3723 3729 3799">
     <span class='ocr_line' id='line_1_67' title="bbox 2137 3723 3729 3799; baseline -0.005 -13"><span class='ocrx_word' id='word_1_439' title='bbox 2137 3729 2228 3786; x_wconf 82' lang='lat' dir='ltr'><strong>ubi</strong></span> <span class='ocrx_word' id='word_1_440' title='bbox 2267 3737 2518 3784; x_wconf 89' lang='lat' dir='ltr'><strong>mortuus</strong></span> <span class='ocrx_word' id='word_1_441' title='bbox 2560 3730 2652 3786; x_wconf 91' lang='lat' dir='ltr'><strong>ille</strong></span> <span class='ocrx_word' id='word_1_442' title='bbox 2693 3728 2860 3784; x_wconf 88' lang='lat' dir='ltr'><strong>fuerit</strong></span> <span class='ocrx_word' id='word_1_443' title='bbox 2900 3726 3499 3799; x_wconf 68' lang='lat' dir='ltr'><strong>nusquammemoriaa</strong></span> <span class='ocrx_word' id='word_1_444' title='bbox 3531 3723 3729 3795; x_wconf 86' lang='lat' dir='ltr'><strong>prodi-</strong></span> 
     </span>
    </p>
   </div>
   <div class='ocr_carea' id='block_1_67' title="bbox 2137 3816 3726 3891">
    <p class='ocr_par' dir='ltr' id='par_1_67' title="bbox 2137 3816 3726 3891">
     <span class='ocr_line' id='line_1_68' title="bbox 2137 3816 3726 3891; baseline -0.004 -16"><span class='ocrx_word' id='word_1_445' title='bbox 2137 3830 2254 3875; x_wconf 89' lang='lat' dir='ltr'><strong>tum</strong></span> <span class='ocrx_word' id='word_1_446' title='bbox 2302 3819 2819 3891; x_wconf 84' lang='lat' dir='ltr'><strong>asserentihus(g);</strong></span> <span class='ocrx_word' id='word_1_447' title='bbox 2856 3819 2981 3876; x_wconf 88' lang='lat' dir='ltr'><strong>aliis</strong></span> <span class='ocrx_word' id='word_1_448' title='bbox 3030 3834 3159 3874; x_wconf 87' lang='lat' dir='ltr'><strong>vero</strong></span> <span class='ocrx_word' id='word_1_449' title='bbox 3197 3817 3253 3872; x_wconf 89' lang='lat' dir='ltr'><strong>in</strong></span> <span class='ocrx_word' id='word_1_450' title='bbox 3305 3817 3482 3889; x_wconf 87' lang='lat' dir='ltr'><strong>patria</strong></span> <span class='ocrx_word' id='word_1_451' title='bbox 3534 3816 3726 3887; x_wconf 88' lang='lat' dir='ltr'><strong>ipsum</strong></span> 
     </span>
    </p>
   </div>
   <div class='ocr_carea' id='block_1_68' title="bbox 2138 3908 3734 3982">
    <p class='ocr_par' dir='ltr' id='par_1_68' title="bbox 2138 3908 3734 3982">
     <span class='ocr_line' id='line_1_69' title="bbox 2138 3908 3734 3982; baseline -0.004 -14"><span class='ocrx_word' id='word_1_452' title='bbox 2138 3911 2450 3968; x_wconf 88' lang='lat' dir='ltr'><strong>decessisse</strong></span> <span class='ocrx_word' id='word_1_453' title='bbox 2501 3911 2644 3982; x_wconf 91' lang='lat' dir='ltr'><strong>apud</strong></span> <span class='ocrx_word' id='word_1_454' title='bbox 2688 3919 2911 3967; x_wconf 89' lang='lat' dir='ltr'><strong>sanctos</strong></span> <span class='ocrx_word' id='word_1_455' title='bbox 2944 3918 3196 3981; x_wconf 90' lang='lat' dir='ltr'><strong>parentes</strong></span> <span class='ocrx_word' id='word_1_456' title='bbox 3234 3908 3558 3979; x_wconf 81' lang='lat' dir='ltr'><strong>Gregorium</strong></span> <span class='ocrx_word' id='word_1_457' title='bbox 3603 3908 3734 3978; x_wconf 87' lang='lat' dir='ltr'><strong>epi-</strong></span> 
     </span>
    </p>
   </div>
   <div class='ocr_carea' id='block_1_69' title="bbox 2140 3999 3730 4073">
    <p class='ocr_par' dir='ltr' id='par_1_69' title="bbox 2140 3999 3730 4073">
     <span class='ocr_line' id='line_1_70' title="bbox 2140 3999 3730 4073; baseline -0.003 -16"><span class='ocrx_word' id='word_1_458' title='bbox 2140 4017 2369 4073; x_wconf 91' lang='lat' dir='ltr'><strong>scopum</strong></span> <span class='ocrx_word' id='word_1_459' title='bbox 2415 4012 2470 4057; x_wconf 89' lang='lat' dir='ltr'><strong>et</strong></span> <span class='ocrx_word' id='word_1_460' title='bbox 2516 4000 2767 4056; x_wconf 88' lang='lat' dir='ltr'><strong>Nonnam</strong></span> <span class='ocrx_word' id='word_1_461' title='bbox 2822 3999 3264 4056; x_wconf 83' lang='lat' dir='ltr'><strong>existimantibus</strong></span> <span class='ocrx_word' id='word_1_462' title='bbox 3301 3999 3375 4070; x_wconf 81' lang='grc' dir='ltr'><strong>(Ιι)</strong></span> <span class='ocrx_word' id='word_1_463' title='bbox 3420 4018 3433 4053; x_wconf 90' lang='lat'><strong>:</strong></span> <span class='ocrx_word' id='word_1_464' title='bbox 3479 4004 3730 4053; x_wconf 89' lang='lat' dir='ltr'><strong>attamen</strong></span> 
     </span>
    </p>
   </div>
   <div class='ocr_carea' id='block_1_70' title="bbox 2140 4086 3732 4165">
    <p class='ocr_par' dir='ltr' id='par_1_70' title="bbox 2140 4086 3732 4165">
     <span class='ocr_line' id='line_1_71' title="bbox 2140 4086 3732 4165; baseline -0.004 -17"><span class='ocrx_word' id='word_1_465' title='bbox 2140 4108 2206 4148; x_wconf 88' lang='lat' dir='ltr'><strong>ex</strong></span> <span class='ocrx_word' id='word_1_466' title='bbox 2266 4092 2547 4165; x_wconf 88' lang='lat' dir='ltr'><strong>Theologo</strong></span> <span class='ocrx_word' id='word_1_467' title='bbox 2595 4093 2716 4164; x_wconf 87' lang='lat' dir='ltr'><strong>ejus</strong></span> <span class='ocrx_word' id='word_1_468' title='bbox 2775 4091 2944 4147; x_wconf 87' lang='lat' dir='ltr'><strong>fratre</strong></span> <span class='ocrx_word' id='word_1_469' title='bbox 2999 4099 3218 4147; x_wconf 89' lang='lat' dir='ltr'><strong>constat</strong></span> <span class='ocrx_word' id='word_1_470' title='bbox 3259 4086 3365 4161; x_wconf 64' lang='lat' dir='ltr'><strong>(il,</strong></span> <span class='ocrx_word' id='word_1_471' title='bbox 3418 4087 3732 4145; x_wconf 81' lang='lat' dir='ltr'><strong>Caesarium</strong></span> 
     </span>
    </p>
   </div>
   <div class='ocr_carea' id='block_1_71' title="bbox 2140 4180 3737 4256">
    <p class='ocr_par' dir='ltr' id='par_1_71' title="bbox 2140 4180 3737 4256">
     <span class='ocr_line' id='line_1_72' title="bbox 2140 4180 3737 4256; baseline -0.005 -15"><span class='ocrx_word' id='word_1_472' title='bbox 2140 4196 2294 4241; x_wconf 87' lang='lat' dir='ltr'><strong>extra</strong></span> <span class='ocrx_word' id='word_1_473' title='bbox 2355 4186 2614 4256; x_wconf 77' lang='lat' dir='ltr'><strong>patriam,</strong></span> <span class='ocrx_word' id='word_1_474' title='bbox 2679 4187 2735 4240; x_wconf 78' lang='lat' dir='ltr'><strong>in</strong></span> <span class='ocrx_word' id='word_1_475' title='bbox 2773 4185 2946 4240; x_wconf 79' lang='lat' dir='ltr'><strong>medio</strong></span> <span class='ocrx_word' id='word_1_476' title='bbox 2989 4200 3226 4248; x_wconf 80' lang='lat' dir='ltr'><strong>munere,</strong></span> <span class='ocrx_word' id='word_1_477' title='bbox 3278 4184 3338 4236; x_wconf 78' lang='grc' dir='ltr'><strong>ἐν</strong></span> <span class='ocrx_word' id='word_1_478' title='bbox 3383 4181 3526 4252; x_wconf 78' lang='grc' dir='ltr'><strong>ἀρχῇ</strong></span> <span class='ocrx_word' id='word_1_479' title='bbox 3580 4180 3737 4251; x_wconf 79' lang='grc' dir='ltr'><strong>μέσῃ</strong></span> 
     </span>
    </p>
   </div>
   <div class='ocr_carea' id='block_1_72' title="bbox 2142 4275 3737 4351">
    <p class='ocr_par' dir='ltr' id='par_1_72' title="bbox 2142 4275 3737 4351">
     <span class='ocr_line' id='line_1_73' title="bbox 2142 4275 3737 4351; baseline -0.004 -19"><span class='ocrx_word' id='word_1_480' title='bbox 2142 4278 2388 4351; x_wconf 81' lang='grc' dir='ltr'>θνήσκει,</span> <span class='ocrx_word' id='word_1_481' title='bbox 2432 4278 2500 4333; x_wconf 86' lang='lat' dir='ltr'><strong>ad</strong></span> <span class='ocrx_word' id='word_1_482' title='bbox 2531 4293 2761 4349; x_wconf 89' lang='lat' dir='ltr'><strong>superos</strong></span> <span class='ocrx_word' id='word_1_483' title='bbox 2806 4278 3087 4342; x_wconf 88' lang='lat' dir='ltr'><strong>evolasse;</strong></span> <span class='ocrx_word' id='word_1_484' title='bbox 3126 4276 3360 4345; x_wconf 88' lang='lat' dir='ltr'><strong>ejusque</strong></span> <span class='ocrx_word' id='word_1_485' title='bbox 3398 4275 3615 4328; x_wconf 88' lang='lat' dir='ltr'><strong>cineres</strong></span> <span class='ocrx_word' id='word_1_486' title='bbox 3658 4285 3737 4326; x_wconf 76' lang='lat' dir='ltr'><strong>ex</strong></span> 
     </span>
    </p>
   </div>
   <div class='ocr_carea' id='block_1_73' title="bbox 2143 4365 3315 4440">
    <p class='ocr_par' dir='ltr' id='par_1_73' title="bbox 2143 4365 3315 4440">
     <span class='ocr_line' id='line_1_74' title="bbox 2143 4365 3315 4440; baseline -0.006 -16"><span class='ocrx_word' id='word_1_487' title='bbox 2143 4369 2398 4440; x_wconf 82' lang='lat' dir='ltr'><strong>Bithynia</strong></span> <span class='ocrx_word' id='word_1_488' title='bbox 2423 4367 2756 4423; x_wconf 80' lang='lat' dir='ltr'><strong>Nazianzum</strong></span> <span class='ocrx_word' id='word_1_489' title='bbox 2792 4367 2964 4423; x_wconf 88' lang='lat' dir='ltr'><strong>fuisse</strong></span> <span class='ocrx_word' id='word_1_490' title='bbox 2989 4366 3200 4421; x_wconf 86' lang='lat' dir='ltr'><strong>delatos</strong></span> <span class='ocrx_word' id='word_1_491' title='bbox 3227 4365 3315 4435; x_wconf 86' lang='lat' dir='ltr'><strong>(j).</strong></span> 
     </span>
    </p>
   </div>
   <div class='ocr_carea' id='block_1_74' title="bbox 2289 4451 3579 4528">
    <p class='ocr_par' dir='ltr' id='par_1_74' title="bbox 2289 4451 3579 4528">
     <span class='ocr_line' id='line_1_75' title="bbox 2289 4451 3579 4528; baseline -0.004 -15"><span class='ocrx_word' id='word_1_492' title='bbox 2289 4459 2522 4513; x_wconf 84' lang='grc' dir='ltr'><strong>...Κόνιν</strong></span> <span class='ocrx_word' id='word_1_493' title='bbox 2558 4458 2623 4511; x_wconf 76' lang='grc' dir='ltr'><strong>ἐκ</strong></span> <span class='ocrx_word' id='word_1_494' title='bbox 2654 4457 2897 4512; x_wconf 79' lang='grc' dir='ltr'>Βιθυνῶν</span> <span class='ocrx_word' id='word_1_495' title='bbox 2933 4456 3185 4528; x_wconf 81' lang='grc' dir='ltr'><strong>δεξάμεθ’</strong></span> <span class='ocrx_word' id='word_1_496' title='bbox 3211 4451 3277 4511; x_wconf 78' lang='grc' dir='ltr'>αὖ</span> <span class='ocrx_word' id='word_1_497' title='bbox 3311 4471 3370 4509; x_wconf 84' lang='grc' dir='ltr'>σε</span> <span class='ocrx_word' id='word_1_498' title='bbox 3400 4453 3579 4508; x_wconf 77' lang='grc' dir='ltr'><strong>πέδου.</strong></span> 
     </span>
    </p>
   </div>
   <div class='ocr_carea' id='block_1_75' title="bbox 2215 4546 3628 4619">
    <p class='ocr_par' dir='ltr' id='par_1_75' title="bbox 2215 4546 3628 4619">
     <span class='ocr_line' id='line_1_76' title="bbox 2215 4546 3628 4619; baseline -0.002 -16"><span class='ocrx_word' id='word_1_499' title='bbox 2215 4547 2453 4603; x_wconf 80' lang='lat' dir='ltr'><strong>Cinerem</strong></span> <span class='ocrx_word' id='word_1_500' title='bbox 2476 4565 2502 4601; x_wconf 83' lang='lat' dir='ltr'><strong>e</strong></span> <span class='ocrx_word' id='word_1_501' title='bbox 2526 4547 2793 4619; x_wconf 78' lang='lat' dir='ltr'><strong>Bithynice</strong></span> <span class='ocrx_word' id='word_1_502' title='bbox 2814 4547 2927 4602; x_wconf 80' lang='lat' dir='ltr'><strong>solo</strong></span> <span class='ocrx_word' id='word_1_503' title='bbox 2961 4556 3009 4601; x_wconf 85' lang='lat' dir='ltr'><strong>te</strong></span> <span class='ocrx_word' id='word_1_504' title='bbox 3031 4562 3250 4601; x_wconf 81' lang='lat' dir='ltr'><strong>rursum</strong></span> <span class='ocrx_word' id='word_1_505' title='bbox 3276 4546 3628 4615; x_wconf 74' lang='lat' dir='ltr'><strong>suscepimus.</strong></span> 
     </span>
    </p>
   </div>
   <div class='ocr_carea' id='block_1_76' title="bbox 2216 4635 3745 4711">
    <p class='ocr_par' dir='ltr' id='par_1_76' title="bbox 2216 4635 3745 4711">
     <span class='ocr_line' id='line_1_77' title="bbox 2216 4635 3745 4711; baseline -0.001 -16"><span class='ocrx_word' id='word_1_506' title='bbox 2216 4639 2305 4695; x_wconf 83' lang='grc' dir='ltr'><strong>ΠΙ.</strong></span> <span class='ocrx_word' id='word_1_507' title='bbox 2347 4639 2585 4694; x_wconf 80' lang='lat' dir='ltr'><strong>Maxima</strong></span> <span class='ocrx_word' id='word_1_508' title='bbox 2626 4640 2828 4711; x_wconf 84' lang='lat' dir='ltr'><strong>ingenii</strong></span> <span class='ocrx_word' id='word_1_509' title='bbox 2880 4640 2931 4694; x_wconf 90' lang='lat' dir='ltr'><strong>vi</strong></span> <span class='ocrx_word' id='word_1_510' title='bbox 2972 4646 3322 4710; x_wconf 66' lang='lat' dir='ltr'><strong>praestantem</strong></span> <span class='ocrx_word' id='word_1_511' title='bbox 3347 4636 3516 4693; x_wconf 87' lang='lat' dir='ltr'><strong>fuisse</strong></span> <span class='ocrx_word' id='word_1_512' title='bbox 3542 4635 3745 4694; x_wconf 54' lang='lat' dir='ltr'><strong>Cama-</strong></span> 
     </span>
    </p>
   </div>
   <div class='ocr_carea' id='block_1_77' title="bbox 2146 4727 3744 4802">
    <p class='ocr_par' dir='ltr' id='par_1_77' title="bbox 2146 4727 3744 4802">
     <span class='ocr_line' id='line_1_78' title="bbox 2146 4727 3744 4802; baseline -0.004 -15"><span class='ocrx_word' id='word_1_513' title='bbox 2146 4734 2312 4796; x_wconf 90' lang='lat' dir='ltr'><strong>rium,</strong></span> <span class='ocrx_word' id='word_1_514' title='bbox 2345 4746 2616 4801; x_wconf 88' lang='lat' dir='ltr'><strong>omneque</strong></span> <span class='ocrx_word' id='word_1_515' title='bbox 2640 4731 2905 4787; x_wconf 82' lang='lat' dir='ltr'><strong>doctrinae</strong></span> <span class='ocrx_word' id='word_1_516' title='bbox 2925 4746 3097 4802; x_wconf 87' lang='lat' dir='ltr'><strong>genus</strong></span> <span class='ocrx_word' id='word_1_517' title='bbox 3121 4737 3270 4784; x_wconf 90' lang='lat' dir='ltr'><strong>tanta</strong></span> <span class='ocrx_word' id='word_1_518' title='bbox 3300 4727 3465 4781; x_wconf 88' lang='lat' dir='ltr'><strong>animi</strong></span> <span class='ocrx_word' id='word_1_519' title='bbox 3501 4736 3744 4781; x_wconf 89' lang='lat' dir='ltr'><strong>conten-</strong></span> 
     </span>
    </p>
   </div>
   <div class='ocr_carea' id='block_1_78' title="bbox 2148 4817 3748 4893">
    <p class='ocr_par' dir='ltr' id='par_1_78' title="bbox 2148 4817 3748 4893">
     <span class='ocr_line' id='line_1_79' title="bbox 2148 4817 3748 4893; baseline -0.003 -15"><span class='ocrx_word' id='word_1_520' title='bbox 2148 4826 2299 4880; x_wconf 89' lang='lat' dir='ltr'><strong>tione</strong></span> <span class='ocrx_word' id='word_1_521' title='bbox 2350 4829 2741 4893; x_wconf 85' lang='lat' dir='ltr'><strong>pertractasse,</strong></span> <span class='ocrx_word' id='word_1_522' title='bbox 2789 4830 2849 4877; x_wconf 90' lang='lat' dir='ltr'><strong>ut</strong></span> <span class='ocrx_word' id='word_1_523' title='bbox 2892 4822 3056 4893; x_wconf 86' lang='lat' dir='ltr'><strong>longo</strong></span> <span class='ocrx_word' id='word_1_524' title='bbox 3106 4819 3395 4874; x_wconf 87' lang='lat' dir='ltr'><strong>intervallo</strong></span> <span class='ocrx_word' id='word_1_525' title='bbox 3437 4817 3748 4888; x_wconf 83' lang='lat' dir='ltr'><strong>plerosque</strong></span> 
     </span>
    </p>
   </div>
   <div class='ocr_carea' id='block_1_79' title="bbox 2148 4908 3750 4989">
    <p class='ocr_par' dir='ltr' id='par_1_79' title="bbox 2148 4908 3750 4989">
     <span class='ocr_line' id='line_1_80' title="bbox 2148 4908 3750 4989; baseline -0.005 -17"><span class='ocrx_word' id='word_1_526' title='bbox 2148 4925 2276 4989; x_wconf 88' lang='lat' dir='ltr'><strong>post</strong></span> <span class='ocrx_word' id='word_1_527' title='bbox 2321 4933 2381 4972; x_wconf 89' lang='lat' dir='ltr'><strong>se</strong></span> <span class='ocrx_word' id='word_1_528' title='bbox 2416 4915 2726 4985; x_wconf 88' lang='lat' dir='ltr'><strong>reliquerit,</strong></span> <span class='ocrx_word' id='word_1_529' title='bbox 2768 4914 2927 4970; x_wconf 90' lang='lat' dir='ltr'><strong>testis</strong></span> <span class='ocrx_word' id='word_1_530' title='bbox 2957 4921 3043 4970; x_wconf 90' lang='lat' dir='ltr'><strong>est</strong></span> <span class='ocrx_word' id='word_1_531' title='bbox 3072 4913 3321 4983; x_wconf 85' lang='lat' dir='ltr'><strong>locuples</strong></span> <span class='ocrx_word' id='word_1_532' title='bbox 3355 4911 3497 4966; x_wconf 89' lang='lat' dir='ltr'><strong>idem</strong></span> <span class='ocrx_word' id='word_1_533' title='bbox 3525 4908 3750 4980; x_wconf 85' lang='lat' dir='ltr'><strong>Grego-</strong></span> 
     </span>
    </p>
   </div>
   <div class='ocr_carea' id='block_1_80' title="bbox 2148 5002 3751 5080">
    <p class='ocr_par' dir='ltr' id='par_1_80' title="bbox 2148 5002 3751 5080">
     <span class='ocr_line' id='line_1_81' title="bbox 2148 5002 3751 5080; baseline -0.006 -16"><span class='ocrx_word' id='word_1_534' title='bbox 2148 5010 2269 5065; x_wconf 90' lang='lat' dir='ltr'><strong>rius</strong></span> <span class='ocrx_word' id='word_1_535' title='bbox 2317 5008 2394 5080; x_wconf 77' lang='lat' dir='ltr'><strong>(k)</strong></span> <span class='ocrx_word' id='word_1_536' title='bbox 2429 5023 2445 5061; x_wconf 92' lang='lat'><strong>:</strong></span> <span class='ocrx_word' id='word_1_537' title='bbox 2482 5027 2501 5060; x_wconf 76' lang='grc' dir='ltr'><strong>ι</strong></span> <span class='ocrx_word' id='word_1_538' title='bbox 2531 5006 2748 5070; x_wconf 88' lang='lat' dir='ltr'><strong>Omnia,</strong></span> <span class='ocrx_word' id='word_1_539' title='bbox 2799 5006 3000 5077; x_wconf 89' lang='lat' dir='ltr'><strong>inquit,</strong></span> <span class='ocrx_word' id='word_1_540' title='bbox 3068 5013 3126 5060; x_wconf 90' lang='lat' dir='ltr'><strong>ut</strong></span> <span class='ocrx_word' id='word_1_541' title='bbox 3176 5020 3345 5059; x_wconf 88' lang='lat' dir='ltr'><strong>unum</strong></span> <span class='ocrx_word' id='word_1_542' title='bbox 3390 5002 3751 5069; x_wconf 79' lang='lat' dir='ltr'><strong>excoluerat,</strong></span> 
     </span>
    </p>
   </div>
   <div class='ocr_carea' id='block_1_81' title="bbox 2149 5095 3753 5171">
    <p class='ocr_par' dir='ltr' id='par_1_81' title="bbox 2149 5095 3753 5171">
     <span class='ocr_line' id='line_1_82' title="bbox 2149 5095 3753 5171; baseline -0.006 -13"><span class='ocrx_word' id='word_1_543' title='bbox 2149 5108 2207 5158; x_wconf 91' lang='lat' dir='ltr'><strong>et</strong></span> <span class='ocrx_word' id='word_1_544' title='bbox 2249 5100 2463 5171; x_wconf 89' lang='lat' dir='ltr'><strong>singula</strong></span> <span class='ocrx_word' id='word_1_545' title='bbox 2495 5114 2717 5155; x_wconf 90' lang='lat' dir='ltr'><strong>rursum</strong></span> <span class='ocrx_word' id='word_1_546' title='bbox 2763 5107 2823 5155; x_wconf 92' lang='lat' dir='ltr'><strong>ut</strong></span> <span class='ocrx_word' id='word_1_547' title='bbox 2854 5099 3060 5155; x_wconf 92' lang='lat' dir='ltr'><strong>omnia.</strong></span> <span class='ocrx_word' id='word_1_548' title='bbox 3089 5100 3266 5169; x_wconf 80' lang='lat' dir='ltr'><strong>Atque</strong></span> <span class='ocrx_word' id='word_1_549' title='bbox 3296 5103 3358 5152; x_wconf 91' lang='lat' dir='ltr'><strong>ut</strong></span> <span class='ocrx_word' id='word_1_550' title='bbox 3402 5095 3615 5149; x_wconf 81' lang='lat' dir='ltr'><strong>volucri</strong></span> <span class='ocrx_word' id='word_1_551' title='bbox 3654 5096 3753 5149; x_wconf 83' lang='lat' dir='ltr'><strong>in—</strong></span> 
     </span>
    </p>
   </div>
   <div class='ocr_carea' id='block_1_82' title="bbox 2152 5186 3755 5263">
    <p class='ocr_par' dir='ltr' id='par_1_82' title="bbox 2152 5186 3755 5263">
     <span class='ocr_line' id='line_1_83' title="bbox 2152 5186 3755 5263; baseline -0.003 -15"><span class='ocrx_word' id='word_1_552' title='bbox 2152 5193 2312 5263; x_wconf 85' lang='lat' dir='ltr'><strong>genio</strong></span> <span class='ocrx_word' id='word_1_553' title='bbox 2341 5192 2617 5263; x_wconf 87' lang='lat' dir='ltr'><strong>praeditos,</strong></span> <span class='ocrx_word' id='word_1_554' title='bbox 2666 5190 2852 5246; x_wconf 90' lang='lat' dir='ltr'><strong>studio</strong></span> <span class='ocrx_word' id='word_1_555' title='bbox 2892 5197 2947 5246; x_wconf 88' lang='lat' dir='ltr'><strong>et</strong></span> <span class='ocrx_word' id='word_1_556' title='bbox 2989 5187 3301 5262; x_wconf 82' lang='lat' dir='ltr'><strong>diligentia,</strong></span> <span class='ocrx_word' id='word_1_557' title='bbox 3345 5188 3421 5242; x_wconf 88' lang='lat' dir='ltr'><strong>ita</strong></span> <span class='ocrx_word' id='word_1_558' title='bbox 3454 5186 3755 5243; x_wconf 88' lang='lat' dir='ltr'><strong>studiosos</strong></span> 
     </span>
    </p>
   </div>
   <div class='ocr_carea' id='block_1_83' title="bbox 2148 5384 3344 5457">
    <p class='ocr_par' dir='ltr' id='par_1_83' title="bbox 2148 5384 3344 5457">
     <span class='ocr_line' id='line_1_84' title="bbox 2148 5384 3344 5457; baseline -0.008 -9"><span class='ocrx_word' id='word_1_559' title='bbox 2148 5394 2363 5449; x_wconf 83' lang='lat' dir='ltr'><strong>Tillem.</strong></span> <span class='ocrx_word' id='word_1_560' title='bbox 2399 5392 2562 5446; x_wconf 71' lang='lat' dir='ltr'><strong>Mem.</strong></span> <span class='ocrx_word' id='word_1_561' title='bbox 2594 5390 2722 5444; x_wconf 81' lang='lat' dir='ltr'><strong>eccl.</strong></span> <span class='ocrx_word' id='word_1_562' title='bbox 2762 5396 2897 5443; x_wconf 92' lang='lat' dir='ltr'><strong>tom.</strong></span> <span class='ocrx_word' id='word_1_563' title='bbox 2931 5384 3024 5448; x_wconf 82' lang='lat' dir='ltr'><strong>IX.</strong></span> <span class='ocrx_word' id='word_1_564' title='bbox 3056 5401 3179 5457; x_wconf 90' lang='lat' dir='ltr'><strong>pag.</strong></span> <span class='ocrx_word' id='word_1_565' title='bbox 3218 5384 3344 5440; x_wconf 76' lang='lat'><strong>596.</strong></span> 
     </span>
    </p>
   </div>
   <div class='ocr_carea' id='block_1_84' title="bbox 2222 5457 3120 5530">
    <p class='ocr_par' dir='ltr' id='par_1_84' title="bbox 2222 5457 3120 5530">
     <span class='ocr_line' id='line_1_85' title="bbox 2222 5457 3120 5530; baseline -0.006 -15"><span class='ocrx_word' id='word_1_566' title='bbox 2222 5466 2300 5530; x_wconf 79' lang='grc' dir='ltr'><strong>(Ιι)</strong></span> <span class='ocrx_word' id='word_1_567' title='bbox 2337 5463 2536 5517; x_wconf 85' lang='lat' dir='ltr'><strong>Baron.</strong></span> <span class='ocrx_word' id='word_1_568' title='bbox 2568 5462 2634 5515; x_wconf 90' lang='lat' dir='ltr'><strong>ad</strong></span> <span class='ocrx_word' id='word_1_569' title='bbox 2663 5476 2793 5513; x_wconf 91' lang='lat' dir='ltr'><strong>ann.</strong></span> <span class='ocrx_word' id='word_1_570' title='bbox 2825 5458 2950 5530; x_wconf 80' lang='lat'><strong>368_,</strong></span> <span class='ocrx_word' id='word_1_571' title='bbox 2987 5457 3014 5527; x_wconf 83' lang='lat'>§</span> <span class='ocrx_word' id='word_1_572' title='bbox 3048 5472 3120 5530; x_wconf 70' lang='lat' dir='ltr'><strong>rx.</strong></span> 
     </span>
    </p>
   </div>
   <div class='ocr_carea' id='block_1_85' title="bbox 2218 5518 3754 5605">
    <p class='ocr_par' dir='ltr' id='par_1_85' title="bbox 2218 5518 3754 5605">
     <span class='ocr_line' id='line_1_86' title="bbox 2218 5518 3754 5605; baseline -0.008 -18"><span class='ocrx_word' id='word_1_573' title='bbox 2218 5518 2293 5605; x_wconf 39' lang='lat'><strong>(‘2&#39;),</strong></span> <span class='ocrx_word' id='word_1_574' title='bbox 2325 5533 2488 5605; x_wconf 85' lang='lat' dir='ltr'><strong>Greg.</strong></span> <span class='ocrx_word' id='word_1_575' title='bbox 2519 5530 2654 5586; x_wconf 87' lang='lat' dir='ltr'><strong>Naz.</strong></span> <span class='ocrx_word' id='word_1_576' title='bbox 2694 5544 2870 5583; x_wconf 87' lang='lat' dir='ltr'><strong>carm.</strong></span> <span class='ocrx_word' id='word_1_577' title='bbox 2905 5518 3128 5582; x_wconf 49' lang='lat' dir='ltr'><strong>Deurita</strong></span> <span class='ocrx_word' id='word_1_578' title='bbox 3167 5541 3287 5580; x_wconf 87' lang='lat' dir='ltr'><strong>sua.</strong></span> <span class='ocrx_word' id='word_1_579' title='bbox 3319 5520 3460 5595; x_wconf 91' lang='lat' dir='ltr'><strong>Opp.</strong></span> <span class='ocrx_word' id='word_1_580' title='bbox 3492 5529 3636 5576; x_wconf 83' lang='lat' dir='ltr'><strong>tom.</strong></span> <span class='ocrx_word' id='word_1_581' title='bbox 3674 5518 3754 5587; x_wconf 88' lang='grc' dir='ltr'><strong>ιι,</strong></span> 
     </span>
    </p>
   </div>
   <div class='ocr_carea' id='block_1_86' title="bbox 2148 5604 3460 5808">
    <p class='ocr_par' dir='ltr' id='par_1_86' title="bbox 2148 5604 3460 5808">
     <span class='ocr_line' id='line_1_87' title="bbox 2148 5604 3460 5808; baseline -0.011 -79"><span class='ocrx_word' id='word_1_582' title='bbox 2148 5620 2290 5745; x_wconf 52' lang='lat' dir='ltr'><strong>veg;</strong></span> <span class='ocrx_word' id='word_1_583' title='bbox 2322 5604 2605 5728; x_wconf 76' lang='lat' dir='ltr'><strong>carm.</strong></span> <span class='ocrx_word' id='word_1_584' title='bbox 2643 5686 2710 5724; x_wconf 82' lang='lat' dir='ltr'><strong>1.x</strong></span> <span class='ocrx_word' id='word_1_585' title='bbox 2746 5667 2918 5741; x_wconf 87' lang='lat' dir='ltr'><strong>[nunc</strong></span> <span class='ocrx_word' id='word_1_586' title='bbox 2946 5663 3063 5808; x_wconf 59' lang='grc' dir='ltr'><strong>ιινὲ</strong></span> <span class='ocrx_word' id='word_1_587' title='bbox 3093 5666 3224 5721; x_wconf 89' lang='lat' dir='ltr'><strong>edit.</strong></span> <span class='ocrx_word' id='word_1_588' title='bbox 3262 5662 3460 5718; x_wconf 79' lang='lat' dir='ltr'><strong>Murat.</strong></span> 
     </span>
     <span class='ocr_line' id='line_1_88' title="bbox 2228 5733 3427 5808; baseline -0.008 -8"><span class='ocrx_word' id='word_1_589' title='bbox 2228 5746 2302 5808; x_wconf 79' lang='lat' dir='ltr'><strong>(k)</strong></span> <span class='ocrx_word' id='word_1_590' title='bbox 2348 5745 2424 5799; x_wconf 92' lang='lat' dir='ltr'><strong>ld.</strong></span> <span class='ocrx_word' id='word_1_591' title='bbox 2478 5750 2619 5797; x_wconf 91' lang='lat' dir='ltr'><strong>orat.</strong></span> <span class='ocrx_word' id='word_1_592' title='bbox 2672 5757 2702 5794; x_wconf 73' lang='grc' dir='ltr'><strong>κ</strong></span> <span class='ocrx_word' id='word_1_593' title='bbox 2748 5747 2918 5808; x_wconf 87' lang='lat' dir='ltr'><strong>(nunc</strong></span> <span class='ocrx_word' id='word_1_594' title='bbox 2964 5754 3033 5792; x_wconf 79' lang='lat' dir='ltr'><strong>vn</strong></span> <span class='ocrx_word' id='word_1_595' title='bbox 3070 5777 3084 5800; x_wconf 88' lang='lat'><strong>.</strong></span> <span class='ocrx_word' id='word_1_596' title='bbox 3128 5751 3248 5807; x_wconf 85' lang='lat' dir='ltr'><strong>pag.</strong></span> <span class='ocrx_word' id='word_1_597' title='bbox 3302 5733 3427 5799; x_wconf 80' lang='grc'><strong>198,</strong></span> 
     </span>
    </p>
   </div>
   <div class='ocr_carea' id='block_1_87' title="bbox 2228 5733 3831 5865">
    <p class='ocr_par' dir='ltr' id='par_1_87' title="bbox 2228 5733 3831 5865">
     <span class='ocr_line' id='line_1_89' title="bbox 2228 5733 3831 5816; baseline -0.01 -15"><span class='ocrx_word' id='word_1_598' title='bbox 2228 5733 2302 5816; x_wconf 58' lang='lat' dir='ltr'><strong>(fit)</strong></span> <span class='ocrx_word' id='word_1_599' title='bbox 2348 5745 2424 5799; x_wconf 92' lang='lat' dir='ltr'><strong>ld.</strong></span> <span class='ocrx_word' id='word_1_600' title='bbox 2478 5750 2619 5797; x_wconf 91' lang='lat' dir='ltr'><strong>orat.</strong></span> <span class='ocrx_word' id='word_1_601' title='bbox 2672 5757 2702 5794; x_wconf 73' lang='grc' dir='ltr'><strong>κ</strong></span> <span class='ocrx_word' id='word_1_602' title='bbox 2748 5733 2918 5808; x_wconf 69' lang='lat' dir='ltr'><strong>(nime</strong></span> <span class='ocrx_word' id='word_1_603' title='bbox 2964 5733 3084 5808; x_wconf 68' lang='lat' dir='ltr'><strong>vnl.</strong></span> <span class='ocrx_word' id='word_1_604' title='bbox 3128 5751 3248 5807; x_wconf 85' lang='lat' dir='ltr'><strong>pag.</strong></span> <span class='ocrx_word' id='word_1_605' title='bbox 3302 5733 3427 5799; x_wconf 80' lang='grc'><strong>198,</strong></span> <span class='ocrx_word' id='word_1_606' title='bbox 3465 5738 3521 5787; x_wconf 88' lang='lat' dir='ltr'><strong>et</strong></span> <span class='ocrx_word' id='word_1_607' title='bbox 3559 5744 3757 5786; x_wconf 79' lang='lat' dir='ltr'><strong>carm.</strong></span> <span class='ocrx_word' id='word_1_608' title='bbox 3810 5760 3831 5776; x_wconf 79' lang='grc' dir='ltr'><strong>ο</strong></span> 
     </span>
     <span class='ocr_line' id='line_1_90' title="bbox 2228 5809 3028 5865; baseline -0.005 0"><span class='ocrx_word' id='word_1_609' title='bbox 2228 5834 2284 5865; x_wconf 82' lang='grc' dir='ltr'><strong>ιιι</strong></span> <span class='ocrx_word' id='word_1_610' title='bbox 2323 5814 2493 5865; x_wconf 80' lang='lat' dir='ltr'><strong>[nunc</strong></span> <span class='ocrx_word' id='word_1_611' title='bbox 2528 5811 2629 5865; x_wconf 82' lang='lat' dir='ltr'><strong>xlll</strong></span> <span class='ocrx_word' id='word_1_612' title='bbox 2664 5811 2793 5865; x_wconf 75' lang='lat' dir='ltr'><strong>edit.</strong></span> <span class='ocrx_word' id='word_1_613' title='bbox 2829 5809 3028 5865; x_wconf 69' lang='lat' dir='ltr'><strong>Mutat.</strong></span> 
     </span>
    </p>
   </div>
  </div>
