4108 6376
380 388 490 446 8⁵3

379 519 662 592 πηδαλίων
709 520 810 592 τὴν
859 523 1062 578 ὁλκάδα
1113 525 1372 592 ἰθύνουσι,
1426 531 1591 583 παντὶ
1634 531 1823 603 τρόπῳ
1867 532 1969 602 τὴν

382 611 660 682 σωτηρίαν
696 611 909 678 ἑαυτοῖς
941 618 1477 687 πραγματευόμενοι.
1515 620 1703 692 Ταύτῃ
1743 622 1801 674 δὲ
1831 621 1968 692 πλη-

383 703 704 765 σιάσαντες,
750 703 846 756 καὶ
889 704 996 757 ὑπὸ
1039 705 1138 777 τὴν
1192 707 1404 780 σκέπην
1448 710 1558 762 τῶν
1607 712 1971 784 ἀκρωτηρίων

383 794 760 862 ὐποφυγόντες
805 795 1083 850 ἀπεύκτου
1129 797 1358 853 θανάτου
1395 802 1828 873 περισωθέντες,
1884 805 1972 856 εύ-

384 886 780 959 χαριστηρίους
819 888 1206 960 ἀναπέμπουσι
1245 892 1428 960 φωνάς
1464 893 1545 964 τῷ
1585 895 1789 969 σωτῆρι
1832 897 1971 951 πάν-

380 993 495 1030 των
525 976 664 1048 Θεῷ.
698 978 810 1031 Καὶ
835 981 998 1047 ἡμεῖς
1026 980 1224 1047 τοίνυν,
1255 976 1299 1036 ὧ
1333 983 1616 1053 φιλότεκνε
1648 987 1852 1058 Πάτερ,
1875 987 1975 1058 τὴν

389 1067 692 1132 πολύζαλον
718 1068 813 1121 τοῦ
863 1069 978 1138 βίου
1014 1071 1360 1137 διαπλέοντες
1400 1074 1695 1140 θάλασσαν,
1725 1080 1819 1132 καὶ
1862 1081 1976 1142 τοῖς

390 1155 600 1225 κύμασι
629 1155 738 1208 τῶν
763 1157 1029 1228 αἱρέσεων
1055 1160 1326 1232 διαφόρως
1356 1165 1856 1237 περιαντλούμενοι,
1883 1171 1978 1222 καὶ

396 1247 648 1318 μηδαμοῦ
678 1249 872 1319 λιμένα
915 1249 1132 1319 λογικὸν
1166 1253 1533 1324 εὑρίσκοντες,
1575 1257 1710 1327 πρὸς
1741 1259 1841 1330 τὴν
1881 1258 1980 1329 σὴν

390 1343 609 1410 ἥκαμεν
637 1341 880 1413 ἀγάπην,
913 1343 1155 1414 δεόμενοι
1197 1347 1266 1398 τὰ
1296 1348 1424 1418 περὶ
1461 1350 1562 1419 τῆς
1596 1351 1981 1421 προσκυνητῆς

396 1434 490 1484 καὶ
527 1432 689 1500 ἁγίας
719 1434 967 1503 Τριάδος.
998 1435 1095 1489 καὶ
1122 1436 1325 1508 ἐτέρων
1354 1440 1666 1508 κεφαλαίων
1685 1441 1788 1511 τῆς
1822 1442 1983 1508 ἁγίας

398 1524 626 1594 Γραφῆς
675 1524 1071 1598 ἀκοῦσαιήμᾶς
1090 1546 1103 1569 ε
1127 1529 1277 1592 ὅπως
1303 1531 1378 1603 μὴ
1401 1531 1732 1605 πλανώμεθα
1760 1537 1856 1589 σὺν
1871 1536 1983 1596 τοῖς

401 1618 812 1688 ματαιόφροσιν,
844 1617 958 1670 ἀλλ’
978 1619 1350 1690 ἐνισχυόμενοι
1377 1625 1442 1692 τῇ
1473 1622 1626 1692 ὑμῶν
1659 1625 1981 1695 κατηχήσει,

396 1708 492 1760 τοῦ
526 1708 794 1778 κοσμικοῦ
817 1709 1085 1774 κλύδωνος
1114 1713 1254 1765 κατὰ
1279 1713 1471 1787 μικρὸν
1493 1714 1733 1785 ἀψοφητὶ
1761 1715 1986 1780 ἑαυτοὺς

397 1799 798 1870 ἀπαγάγωμεν,
850 1801 944 1854 καὶ
984 1803 1064 1866 εἰς
1097 1804 1188 1858 τὸν
1217 1805 1468 1874 ἀκύμονα
1511 1806 1747 1877 Χριστοῦ
1780 1805 1979 1876 λιμένα

397 1891 459 1944 τὸ
492 1892 720 1963 ψυχικὸν
771 1895 976 1963 σκάφος
1025 1897 1056 1968 ἠ
1071 1897 1188 1968 μῶν
1232 1899 1508 1952 εἰσελάσαι
1564 1899 1976 1971 σπουδάσωμεν,

397 1986 465 2055 τῇ
501 1987 568 2056 σῇ
607 1986 917 2059 μελιρῤύτῳ
955 1988 1207 2062 νουθεσίᾳ
1241 1991 1518 2063 ἑπόμενοι.

1011 2264 1370 2336 Ἀπόκρισις.

472 2352 614 2405 Πολὺ
671 2351 770 2422 μὲν
816 2354 1268 2429 ὑπεραναὸέὸηκε
1318 2357 1412 2412 καὶ
1469 2358 1834 2430 ύπερφέρεται
1884 2360 1983 2431 τὴν

400 2445 541 2514 ὲμὴν
581 2444 848 2517 ἔννοιανή
890 2447 999 2500 τῶν
1030 2448 1190 2501 θείων
1238 2449 1470 2520 Γραφῶν
1508 2451 1876 2523 ἀκριϐεστάτη
1907 2453 1986 2505 διο

401 2537 620 2604 ἡγησις,
659 2537 826 2606 μήπω
855 2537 1240 2611 καθαρθεῖσαν,
1278 2540 1411 2611 μηδὲ
1449 2540 1511 2593 τὺ
1541 2542 1849 2607 πολυπαθὲς
1884 2543 1985 2614 τῆς

403 2626 536 2696 ὕλης
563 2627 907 2698 ἀποθεμένην
953 2631 1198 2699 ἱμάτιον’
1233 2629 1358 2683 οὔτε
1392 2631 1500 2702 γάρ
1553 2633 1612 2685 ού
1664 2633 1871 2697 δίκαιος
1907 2634 1987 2687 δι-

403 2718 542 2786 καίῳ
564 2719 858 2788 ἀνάκειμαι
878 2720 955 2787 τῷ
976 2720 1114 2792 Θεῷ,
1142 2723 1386 2795 ῥαθυμίᾳ
1407 2726 1801 2798 κατακείμενος
1819 2743 1832 2756 ⁶
1861 2726 1987 2781 οὔτε

401 2809 476 2871 ὡς
506 2811 833 2882 Δημιουργῷ
858 2813 954 2865 καὶ
977 2814 1194 2867 πάντων
1214 2815 1498 2888 καθηγητῇ
1534 2818 1793 2889 πρυτάνει
1817 2819 1988 2891 πρόσ-

403 2918 519 2970 ειμι
559 2903 913 2974 παιδευθῆναι
960 2905 1154 2974 λόγους
1195 2908 1460 2977 σωμάτων
1491 2909 1586 2962 καὶ⁴
1619 2911 1853 2982 κρίσεως
1893 2909 1988 2963 καὶ

404 2993 700 3063 Προνοίας·
727 2994 854 3049 οὔτε
896 2996 940 3049 δ’
963 2996 1038 3060 ὡς
1072 2998 1292 3052 Βασιλεῖ
1333 3000 1429 3052 καὶ
1473 3002 1716 3075 Δεσπότῃ
1751 3004 1779 3056 ὁ
1817 3001 1988 3066 τάλας

403 3084 779 3157 παρίσταμαυ
817 3091 999 3160 γυμνῇ
1035 3088 1146 3160 γὰρ
1181 3090 1390 3162 κεφαλῇ
1435 3091 1595 3164 μέχρι
1634 3094 1730 3146 κα)⁸
1770 3093 1864 3147 νῦν
1894 3095 1993 3147 ἐκ·

402 3174 656 3247 λιπαρεῖν
685 3179 847 3232 αὑτὸν
876 3181 976 3232 οὐκ
1005 3180 1195 3250 ίσχύω,
1223 3181 1291 3234 τὰ
1313 3181 1406 3234 τοῦ
1440 3183 1646 3254 κόσμου
1680 3184 1993 3255 περιφέρων

403 3267 618 3334 εἴδωλα,
645 3271 740 3323 καὶ
768 3272 835 3340 τῇ
869 3270 1078 3324 ἐκείνου
1113 3271 1358 3343 σφαλερᾷ
1381 3272 1456 3343 (1)
1484 3273 1801 3344 καρηϐαρού
1811 3289 1990 3342 μενος,

406 3361 504 3414 καὶ
551 3360 681 3433 περὶ
728 3361 832 3432 γῆν
881 3361 1268 3434 ἀραττόμενος.
1315 3365 1427 3418 Καὶ
1468 3364 1740 3418 συνελόντι
1789 3366 1992 3434 φάναι,

404 3452 535 3505 ὅταν
569 3453 705 3522 πρὸς
729 3451 829 3524 τὴν
859 3453 968 3506 τῶν
1001 3454 1162 3508 θείων
1199 3455 1297 3509 tam
1329 3456 1626 3528 ὑπεροχὴν,
1663 3453 1820 3521 αὖθις
1855 3459 1995 3525 ίλιγ-

407 3541 533 3611 γιῶ,
591 3544 687 3596 καὶ
729 3543 1109 3616 κραδαίνομαι,
1157 3545 1347 3618 ὥσπερ
1394 3546 1444 3600 oi
1487 3546 1551 3600 ἐκ
1595 3563 1740 3612 τινος
1785 3550 1996 3624 ὑψηλῆς

408 3635 722 3706 ἀκρωρείας
761 3637 841 3699 είς
883 3637 1083 3707 ἀχανὲς
1123 3637 1564 3701 κατακύπτοντες
1614 3639 1884 3709 πέλαγος,
1933 3645 1992 3716 ἢ,

407 3719 477 3778 αὖ
521 3726 707 3790 πάλιν,
742 3729 789 3780 οἱ
825 3727 925 3791 τὰς
954 3727 1107 3797 ὄψεις
1140 3726 1504 3798 πεπληγότες,
1533 3727 1590 3779 ἰν
1618 3728 1865 3801 σταθηρᾷ
1900 3748 1998 3801 με-

412 3818 660 3889 σημϐρίᾳ
689 3818 783 3872 τοῦ
813 3818 966 3891 ἡλίου
1004 3819 1096 3873 τὸν
1122 3818 1352 3890 οὐρανὸν
1381 3818 1778 3884 διῖππεύοντος,
1808 3822 1998 3886 ἀτενὲς

407 3909 574 3961 αὑτὸν
612 3909 852 3982 ἀθρῆσαι
903 3909 1271 3982 πειρώμενοι,
1312 3909 1587 3983 ὑπερϐολῇ
1621 3911 1728 3964 τῶν
1771 3930 1995 3985 μαρμα-

412 3999 593 4068 ρυγῶν
619 4001 714 4052 καὶ
738 4002 806 4071 τῇ
836 3998 1045 4054 ἐκεῖθεν
1082 3997 1426 4070 λαμπρότητι
1459 3998 1866 4070 ἁμαυρούμενοι
1897 4002 1998 4072 τὴν

409 4093 623 4161 ὅρασιν.
651 4093 776 4145 Δεῖν
802 4091 981 4145 τοίνυν
1002 4090 1189 4163 ᾠήθην
1216 4092 1284 4161 τῇ
1308 4093 1438 4161 σιγῇ
1465 4089 1645 4160 βοηθῷ
1666 4091 1993 4162 χρήσασθαι.

424 4184 563 4236 Ἀλλ’
595 4184 683 4237 ἴνα
734 4183 809 4254 μὴ
848 4185 917 4255 τῇ
961 4182 1218 4238 παντελεῖ
1247 4181 1503 4253 κωφώσει
1534 4183 1832 4252 βασκανίας
1865 4183 2000 4238 ὓπο-

411 4294 544 4339 πτος
570 4277 698 4346 ὑμῖν
721 4276 946 4339 εἰκότως
971 4275 1236 4347 γένωμαι,
1260 4275 1323 4328 τὸ
1355 4275 1594 4339 εὐπαθὲς
1625 4277 1719 4329 καὶ
1754 4276 1999 4348 ὑπήκοον
2072 4282 2076 4288 ’

410 4372 476 4439 τῇ
506 4370 688 4441 εἰκαίᾳ
725 4371 902 4440 σιωπῇ
937 4367 1360 4440 διακρουόμενος
1381 4384 1394 4397 °
1422 4399 1491 4407 —-
1531 4367 1625 4421 τοῦ
1660 4369 1760 4438 μὲν
1799 4368 1998 4422 θεσπε-

414 4460 529 4512 σίου
565 4460 727 4514 Δαὸὶδ
758 4459 1150 4531 μελῳδοῦντος·
1181 4459 1392 4514 Πολλὰ
1419 4459 1711 4529 ἐποίησας
1747 4460 1849 4526 σὺ,
1883 4461 2000 4515 Κύ-

402 4571 498 4620 ριε
529 4556 560 4607 ὀ
594 4555 739 4619 Θεός
764 4571 905 4622 μου,
937 4552 1012 4606 τὰ
1037 4550 1348 4622 θαυμάσιά
1382 4567 1499 4606 σου
1519 4569 1533 4582 ο
1580 4553 1679 4606 καὶ
1708 4553 1832 4620 τοῖς
1873 4554 1999 4608 δια-

410 4647 726 4713 λογισμοῖς
757 4660 873 4697 σου
916 4646 1029 4698 οὐκ
1056 4643 1146 4697 ἔτι
1178 4660 1271 4709 τις
1307 4644 1733 4712 ὁμοιωθήσεται
1753 4661 1768 4676 ·
1806 4644 2001 4715 ἀπήγ-

413 4741 580 4805 γειλα
601 4737 699 4790 καὶ
722 4736 1020 4804 ἐλάλησα,
1045 4736 1522 4804 ἐπληθύνθησαν
1545 4735 1696 4803 ὑπὲρ
1718 4737 1992 4806 ἀριθμόν.

413 4827 526 4881 Καὶ
561 4828 756 4880 πάλιν
798 4826 1303 4897 Εὺηττελισάμην
1348 4827 1744 4895 δικαιοσύνην
1785 4829 1854 4880 ἐν
1899 4829 2000 4881 ἐκ,

411 4921 640 4987 κλησίᾳ
681 4919 953 4990 μεγάλῃ·
1004 4920 1135 4975 ἰδοὺ
1181 4921 1255 4975 τὰ
1284 4921 1458 4990 χείλη
1487 4937 1608 4989 μου
1651 4921 1724 4974 οὐ
1749 4919 1836 4989 μὴ
1885 4939 1997 4975 κω-

407 5013 614 5077 λύσω,
663 5013 870 5080 Κύριε·
925 5011 1010 5066 σὺ
1037 5012 1246 5081 ἔγνως.
1289 5013 1411 5081 Τὴν
1438 5013 1835 5081 δικαιοσύνην
1879 5030 1998 5070 σου

408 5106 520 5156 οὐκ
541 5104 781 5171 ἔκρυψα
805 5104 876 5156 ἐν
904 5102 978 5172 τῇ
1006 5102 1223 5172 καρδίᾳ
1243 5122 1362 5173 μου
1381 5121 1396 5136 ⁸
1425 5105 1538 5172 τὴν
1563 5105 1853 5170 ἀλήθειάν
1879 5122 1998 5160 σου

409 5200 507 5252 καὶ
543 5201 610 5252 τὸ
641 5200 943 5267 σωτήριόν
979 5214 1097 5254 σου
1129 5196 1303 5254 εῖπα·
1329 5201 1442 5253 οὐκ
1463 5200 1702 5268 ἔκρυψα
1730 5200 1796 5252 τὸ
1824 5200 1997 5266 ἔλεός

407 5309 527 5346 σου
561 5293 659 5346 καὶ
689 5292 803 5360 τὴν
834 5291 1126 5358 ἀλήθειάν
1153 5308 1271 5346 σου
1304 5292 1424 5347 ἀπὸ
1453 5292 1816 5362 συναγωγῆς
1849 5297 1998 5346 πολ-

405 5382 528 5450 λῆς
546 5400 559 5412 ·
593 5382 675 5435 σὺ
705 5383 793 5447 δὲ,
817 5385 1014 5451 Κύριε,
1040 5383 1127 5452 μὴ
1149 5385 1465 5453 μακρύνῃς
1493 5382 1634 5449 τοὺς
1659 5383 1998 5452 οὶκτιρμούς

409 5491 528 5528 σου
580 5475 682 5544 ἀφ’
724 5475 916 5545 ἡμῶν.
946 5475 1054 5529 Τοῦ
1093 5476 1152 5530 δὲ
1197 5477 1498 5549 κορυφαίου
1537 5476 1646 5530 τῶν
1682 5475 1997 5530 ἀποστόλων

408 5566 474 5618 δι’
496 5568 774 5638 ἐγγράφου
799 5570 1097 5640 καθολικῆς
1127 5569 1549 5642 παρεγγυῶντος
1572 5569 1789 5641 ἕτοιμον
1814 5569 1992 5641 ὑπάρ-

491 5730 503 5760 ¹
541 5727 682 5784 Psal.
733 5746 918 5797 χχχιι,
955 5733 1008 5786 6.

484 5869 560 5940 (l)
587 5866 764 5926 Locus
796 5872 1038 5927 mutilus.
1071 5870 1226 5926 Ευιῐ.

1799 401 2150 460 ωΑιοῦυς
2167 405 2212 460 Ι.

3513 401 3516 404 ’
3557 407 3663 464 est

2067 531 2180 585 lere
2209 545 2269 586 se
2303 545 2468 601 posse
2497 527 2714 594 vident;
2746 527 2892 597 quod
2924 542 3092 582 unum
3139 533 3332 587 restat,
3367 524 3510 579 forte
3535 541 3663 594 prc-

2067 624 2271 677 ximam
2317 622 2559 690 aliquam
2599 622 2667 676 ad
2711 620 2946 675 insulam
2993 620 3134 674 clavi
3174 619 3492 686 adjumento
3527 616 3663 670 diri-

2070 721 2205 784 gunt
2232 729 2449 776 navem,
2485 728 2548 765 ac
2585 712 2734 767 nulla
2780 727 2891 764 non
2931 710 3148 764 ratione
3180 709 3343 764 saluti
3384 724 3500 762 sua:
3529 722 3664 761 con-

2073 807 2285 861 sulunt.
2310 805 2393 859 Ad
2421 820 2541 859 eam
2574 804 2737 859 delati
2765 803 3016 874 propius,
3048 803 3140 855 ubi
3174 799 3449 854 horrendo
3471 798 3667 852 mortis

2073 912 2105 950 e
2145 895 2391 966 periculo
2440 893 2674 958 servati,
2726 909 2786 949 se
2833 893 2884 945 in
2927 900 3105 945 tutum
3155 891 3258 945 sub
3290 888 3665 960 promontoria

2075 994 2439 1056 receperunt;
2477 993 2648 1039 testes
2689 984 2828 1053 grati
2872 983 3043 1036 animi
3093 997 3257 1036 voces
3305 981 3372 1034 ad
3417 981 3665 1034 omnium

2078 1085 2414 1133 servatorem
2456 1075 2624 1129 Deum
2659 1076 2938 1129 emittunt.
2991 1075 3068 1126 Ita
3116 1089 3219 1130 nos
3262 1073 3464 1136 etiam,
3504 1070 3669 1125 Pater

2079 1170 2305 1239 optime,
2324 1170 2416 1238 qui
2447 1167 2812 1236 procellosum
2832 1167 2955 1220 vita:
2972 1165 3137 1234 hujus
3164 1179 3314 1218 mare
3337 1163 3666 1232 trajicimus,

2080 1262 2558 1328 absurdarumque
2611 1258 2936 1328 opinionum
2990 1257 3246 1311 ﬂuctibus
3295 1254 3670 1324 multipliciter

2081 1351 2368 1414 exhausti,
2409 1351 2619 1405 nullum
2650 1365 2884 1419 usquam
2920 1349 3156 1404 rationis
3190 1349 3512 1419 participem
3544 1361 3672 1416 por-

2084 1458 2198 1500 tum
2237 1445 2574 1505 invenimus,
2614 1443 2679 1497 ad
2728 1443 3122 1511 benignitatem
3156 1449 3304 1495 tuam
3346 1456 3448 1495 nos
3481 1443 3673 1494 confc-

2085 1539 2282 1603 rimus;
2319 1545 2486 1606 utque
2518 1551 2618 1590 nos
2646 1550 2770 1588 cum
2799 1535 2864 1589 de
2896 1535 3175 1588 adoranda
3210 1542 3674 1602 sacrosanctaque

2088 1629 2358 1683 Trinitate
2381 1669 2396 1694 ,
2426 1636 2542 1681 tum
2578 1627 2701 1682 aliis
2739 1641 3020 1681 sacrarum
3057 1626 3363 1679 litterarum
3398 1624 3674 1694 capitibus

2090 1723 2303 1784 audias,
2337 1720 2694 1775 obsecramus
2721 1737 2734 1772 :
2765 1735 2833 1773 ne
2867 1734 2989 1772 eum
3021 1717 3406 1788 insipientibus
3437 1717 3675 1770 circum-

2085 1815 2406 1876 veniantur,
2439 1812 2532 1866 sed
2574 1811 2885 1866 conﬁrmati
2916 1811 3199 1873 doctrina,
3232 1817 3286 1864 et
3312 1807 3674 1862 admonitioni

2085 1903 2430 1960 suavissima:
2470 1913 2574 1956 tua:
2612 1901 2892 1964 obsecuti,
2931 1917 2961 1956 e
3024 1900 3216 1954 mundi
3256 1899 3422 1968 hujus
3471 1909 3678 1970 tempe-

2085 2005 2226 2051 state
2269 1996 2527 2066 paulatim
2581 2003 2796 2050 nosmet
2847 1993 3124 2063 taciteque
3177 1991 3582 2056 subducamus,
3621 1997 3678 2044 et

2086 2087 2407 2156 participem
2444 2085 2615 2139 animi
2664 2084 2972 2138 naviculam
3012 2090 3260 2138 nostram
3306 2082 3361 2136 in
3405 2091 3676 2136 secretum

2087 2179 2157 2233 ab
2185 2178 2336 2232 omni
2367 2176 2535 2232 ﬂuctu
2565 2176 2774 2232 Christi
2809 2184 3029 2246 portum
3063 2190 3227 2247 agere
3259 2173 3602 2230 studeamus.

2766 2267 3076 2337 Responsio.

2159 2361 2335 2416 Meam
2359 2377 2491 2418 vero
2509 2361 2921 2433 intelligentiam
2948 2366 3202 2415 accurata
3227 2371 3509 2413 sacrarum
3537 2357 3682 2412 litte-

2086 2470 2272 2509 rarum
2297 2455 2590 2524 explicatio
2630 2455 2791 2525 longe
2821 2452 3039 2508 excedit
3073 2466 3140 2504 ac
3176 2458 3434 2520 superat:
3473 2450 3680 2519 quippe

2088 2565 2208 2618 quae
2226 2557 2456 2618 purgata
2478 2547 2712 2603 necdum
2733 2547 2825 2614 sit,
2847 2561 3157 2614 crassazque
3175 2545 3230 2598 in
3249 2543 3410 2598 nobis
3429 2541 3679 2597 materiei

2091 2642 2280 2696 nmltis
2298 2641 2506 2695 morbis
2528 2639 2825 2694 obnoxiam
2851 2649 3058 2693 vestem
3079 2638 3318 2691 nondum
3343 2635 3682 2706 deposuerit;

2090 2750 2216 2788 nam
2259 2732 2514 2787 socordia
2549 2733 2846 2802 depressus
2870 2771 2885 2796 ,
2918 2730 2983 2784 ad
3029 2728 3196 2782 Deum
3235 2729 3326 2797 qui
3355 2729 3542 2798 justus
3571 2735 3680 2790 est.

2091 2829 2210 2898 ipse
2261 2843 2370 2881 non
2416 2826 2604 2896 justus
2643 2824 2779 2892 erigi
2821 2839 3079 2894 nequeo:
3132 2838 3241 2877 non
3299 2823 3479 2892 ipsum
3527 2836 3684 2877 acce-

2093 2921 2224 2976 dere
2255 2921 2388 2974 mihi
2419 2920 2504 2976 l‘as
2547 2927 2666 2986 est,
2711 2927 2772 2973 ut
2807 2918 2876 2973 de
2909 2933 3304 2987 corporeorum
3343 2926 3397 2971 et
3433 2919 3684 2988 corporis

2095 3010 2424 3080 expertium,
2465 3007 2534 3063 de
2566 3008 2788 3078 iudicii,
2836 3007 2905 3061 de
2950 3006 3318 3061 Providentiae.
3371 3006 3686 3062 rationibus

2093 3102 2355 3156 erudiar:
2391 3116 2519 3154 cum
2557 3107 2614 3155 et
2663 3098 2870 3169 Opifex,
2903 3105 2958 3152 et
2994 3098 3127 3159 dux.
3165 3107 3220 3153 et
3249 3098 3585 3168 gubernator
3613 3099 3688 3153 sit

2095 3192 2366 3260 omnium,
2404 3207 2516 3247 non
2551 3198 2612 3245 ut
2644 3206 2770 3245 eum
2809 3188 2957 3260 Rege
2998 3205 3062 3243 ac
3095 3188 3329 3244 Domino
3369 3189 3540 3243 miser
3569 3190 3688 3259 ipse

2092 3283 2304 3338 versari
2331 3299 2594 3355 possum:
2640 3283 2845 3353 quippe
2878 3281 2974 3352 qui
3017 3281 3199 3352 capite
3239 3281 3388 3335 nudo
3417 3280 3689 3336 hactenus

2093 3390 2218 3430 eum
2245 3377 2579 3447 compellare
2595 3377 2858 3431 audacter
2880 3389 3115 3446 nequeo,
3136 3390 3261 3428 cum
3290 3373 3482 3428 mundi
3506 3373 3688 3428 adhuc

2096 3467 2394 3522 simulacra
2424 3466 2838 3529 circumferam,
2870 3472 2926 3521 et
2957 3473 3218 3535 corrupta
3256 3465 3494 3535 imagine
3525 3465 3687 3535 quasi

2095 3562 2322 3630 crapula
2355 3570 2635 3631 gravatus,
2678 3559 2746 3614 ad
2782 3568 2986 3614 terram
3015 3557 3236 3611 allidar.
3275 3557 3357 3611 Ad
3387 3572 3683 3622 summam,

2096 3656 2314 3726 quoties
2359 3656 2671 3711 divinarum
2729 3669 2914 3710 rerum
2970 3653 3366 3710 sublimitatem
3429 3655 3684 3718 intueor,

2097 3765 2224 3803 mox
2256 3748 2519 3819 vertigine
2547 3757 2838 3818 correptus
2872 3756 3046 3801 tremo
3067 3785 3082 3810 ,
3125 3745 3344 3799 illorum
3386 3743 3563 3799 instar
3589 3745 3683 3816 qui

2097 3840 2166 3895 de
2196 3841 2416 3896 excelso
2451 3840 2656 3895 montis
2683 3837 2889 3894 vertice
2923 3839 2977 3892 in
3011 3839 3340 3894 immensum
3371 3854 3524 3893 mare
3556 3855 3686 3908 pro-

2099 3940 2370 4002 spectant;
2394 3933 2479 3986 vcl
2501 3932 2643 3986 idem
2669 3931 2874 3986 accidit
2908 3931 3064 3996 mihi,
3093 3931 3239 4000 quod
3269 3930 3336 3984 iis
3358 3931 3451 4000 qui
3479 3930 3608 3984 dum
3631 3937 3690 3986 et

2097 4026 2246 4081 laesis
2276 4026 2452 4081 oculis
2481 4033 2536 4079 et
2578 4039 2716 4094 puro
2760 4023 3012 4084 meridie.
3045 4024 3162 4078 sole
3193 4023 3394 4078 omium
3435 4024 3688 4093 perequi-

2097 4124 2269 4183 tante,
2301 4117 2530 4171 immoto
2565 4115 2713 4169 hunc
2746 4115 2904 4168 vultu
2937 4113 3136 4168 intueri
3165 4118 3460 4176 conantur,
3494 4114 3620 4167 victi
3655 4128 3687 4166 a

2098 4208 2271 4264 nimia
2309 4207 2591 4262 radiorum
2630 4205 2792 4276 copia
2833 4213 2890 4261 et
2933 4213 3060 4261 orto
3117 4205 3188 4260 ab
3241 4205 3309 4260 iis
3367 4204 3685 4274 splendore.

2099 4299 2320 4354 videndi
2365 4298 2684 4354 facultatem
2720 4297 2999 4352 amittunt.
3052 4297 3395 4368 QuaprOpter
3431 4296 3687 4366 equidem

2099 4391 2410 4447 existimavi
2437 4389 2641 4447 silentii
2663 4404 2767 4459 ope
2788 4389 2921 4444 mihi
2940 4389 3203 4444 utendum
3218 4403 3357 4443 esse.
3373 4385 3574 4442 Verum
3595 4403 3686 4450 ne.

2101 4485 2148 4539 si
2178 4499 2408 4554 prorsus
2436 4483 2540 4538 sim
2573 4491 2783 4546 mutus,
2816 4479 3036 4536 invidiae
3070 4480 3265 4536 merito
3287 4495 3407 4534 meo
3436 4494 3522 4533 me
3553 4479 3690 4533 insi-

2100 4574 2344 4643 muletis,
2400 4573 2559 4644 quasi
2613 4575 2707 4643 qui
2759 4571 3077 4628 facilitatem
3145 4571 3483 4642 obsequendi
3545 4585 3688 4623 vana

2100 4667 2478 4720 taciturnitate
2512 4665 2807 4733 repellam.
2834 4693 2908 4702 —
2949 4678 3075 4718 cum
3111 4662 3330 4718 divinus
3379 4661 3470 4715 ille
3523 4659 3686 4714 Davi-

2098 4759 2196 4814 des
2228 4764 2424 4811 canat:
2460 4755 2637 4812 Multa
2659 4766 2739 4820 tu,
2769 4754 3016 4818 Domine,
3048 4755 3135 4826 qui
3157 4755 3298 4808 Deus
3318 4770 3370 4808 es
3394 4769 3557 4815 meus,
3585 4753 3686 4805 ad-

2099 4848 2348 4902 miranda
2378 4847 2591 4916 fecisti;
2615 4863 2765 4900 nemo
2807 4845 2900 4899 tibi
2923 4861 3022 4913 par
3041 4863 3153 4900 esse
3184 4844 3464 4916 cogitando
3492 4854 3685 4913 potest;

2097 4935 2336 5004 equidem
2377 4934 2488 4989 hare
2539 4935 2850 4988 annuntiavi
2888 4935 3218 5004 ac;protuli,
3269 4951 3434 5002 supra
3479 4951 3686 4989 onmem

2099 5044 2374 5085 numerum
2420 5027 2751 5096 ampliﬁcata
2801 5036 2922 5080 sunt
2947 5030 2987 5081 ⁸.
3019 5025 3170 5093 Item,
3208 5027 3404 5098 Magno
3451 5029 3503 5081 in
3550 5039 3686 5081 coetu

2089 5117 2363 5186 justitiam
2402 5116 2752 5179 annuntiavi;
2780 5131 2896 5168 ecce
2934 5114 3080 5168 labia
3110 5131 3226 5168 mea
3248 5155 3262 5178 ,
3305 5114 3551 5178 Domine,
3581 5131 3686 5168 non

2097 5207 2466 5274 comprimam,
2503 5207 2644 5259 sicut
2676 5207 2788 5274 ipse
2820 5207 2983 5259 nosti.
3004 5203 3291 5258 Justitiam
3311 5215 3457 5258 tuam
3492 5223 3603 5258 meo
3632 5206 3686 5257 in

2097 5301 2254 5354 corde
2283 5317 2385 5355 non
2413 5300 2697 5362 occultavi;
2730 5300 3004 5353 veritatem
3034 5318 3096 5354 ac
3138 5301 3448 5370 bene/icium
3487 5303 3541 5354 in
3571 5300 3688 5355 sal-

2097 5393 2267 5446 vando
2298 5409 2378 5447 me
2417 5403 2564 5445 tuum
2588 5395 2832 5462 exposui;
2871 5393 3297 5448 misericordiam
3331 5405 3381 5449 et
3412 5395 3686 5448 veritatem

2097 5495 2244 5538 tuam
2290 5485 2555 5556 frequente
2595 5487 2647 5540 in
2682 5487 2907 5541 concilio
2947 5503 3051 5539 non
3094 5487 3304 5540 celavi:
3348 5496 3404 5540 tu
3449 5484 3683 5556 quidem,

2097 5572 2342 5638 Domine,
2388 5574 2782 5628 miserationem
2825 5583 2974 5628 tuam
3020 5574 3368 5644 multiplicem
3411 5574 3558 5628 nobis
3592 5573 3685 5626 diu
