4108 6376
569 397 637 452 55
1618 411 1674 464 s.
1711 409 2008 466 cassum
2041 409 2375 466 σιιεσοιιιι
2403 409 2698 464 FRATRIS
3669 403 3757 460 856

524 549 587 588 ne
614 529 826 599 iii/ferto
853 530 897 586 ³.
934 527 1121 584 ltiuem
1155 541 1279 582 eum
1315 543 1571 598 princeps
1620 530 1905 598 apostolus
1951 545 2090 600 prae-

518 621 687 689 cipiat
713 659 728 682 ,
787 629 848 674 ut
872 619 940 674 ad
969 618 1312 674 reddendum
1343 619 1612 674 rationem
1638 634 1702 674 ea
1721 620 1791 674 de
1809 635 1908 689 spe
1926 635 2090 691 quam

521 711 790 775 fovemus,
821 711 890 765 ad
916 711 1169 781 quemvis
1198 710 1268 765 de
1293 710 1397 764 hac
1425 726 1484 766 re
1515 711 1887 766 sciscitantem
1919 712 2094 781 parati

519 801 692 853 simus
709 799 730 830 ³
751 817 764 853 :
787 798 988 854 Paulus
1005 800 1173 854 etiam
1188 800 1496 855 clarissime
1515 801 1716 855 clamet
1731 801 1776 865 ⁸,
1794 816 1917 856 esse
1937 802 2096 856 nobis

517 887 693 956 ipsius
737 889 981 958 vestigiis
1021 889 1420 951 inhaerendum,
1466 888 1900 959 imitandumque
1930 890 2093 944 ειπε-

516 986 704 1033 stum:
742 980 834 1049 qui
874 980 1122 1050 profecto
1155 991 1211 1035 et
1238 982 1355 1050 ipse
1383 981 1648 1034 divinitus
1679 982 1936 1049 praecepit
1961 982 2005 1044 ⁸,
2032 991 2091 1034 ιιι

515 1085 639 1140 qua
677 1072 848 1140 gratis
880 1073 1279 1143 acceperimus,
1319 1089 1446 1126 cum
1475 1073 1600 1128 aliis
1631 1073 1876 1127 vicissim
1917 1075 2088 1143 gratis

517 1165 1017 1230 communicemus;
1061 1181 1365 1236 omnesque
1424 1165 1565 1221 vires
1607 1165 1664 1220 in
1712 1165 1818 1220 hoc
1857 1175 2088 1220 conten-

516 1255 734 1319 damus,
769 1264 827 1309 ut
858 1256 1041 1312 divina
1088 1257 1245 1314 nobis
1277 1259 1332 1312 in
1359 1272 1483 1312 eum
1523 1257 1684 1311 ﬁnem
1717 1258 1785 1311 ab
1819 1257 1939 1328 ipso
1967 1274 2090 1313 cre-

517 1343 632 1396 dita
680 1345 914 1409 talenta,
972 1361 1081 1415 quo
1127 1355 1460 1416 augeantur,
1511 1346 1875 1415 duplicemus,
1926 1362 1995 1402 ne
2041 1347 2088 1403 si

519 1445 658 1486 vano
696 1434 812 1490 haec
855 1436 1075 1490 silentio
1107 1444 1366 1505 tanquam
1407 1437 1462 1490 in
1508 1445 1654 1490 terra
1697 1436 2088 1499 defoderimus,

2198 543 2314 596 κείν
2346 526 2483 597 πρὸς
2530 527 2826 595 ἀπελοτίαν
2864 527 3027 579 παντὶ
3074 524 3152 594 τῷ
3183 523 3476 595 πειθομένῳ
3517 524 3640 595 περὶ
3674 526 3756 596 τῆς

2201 621 2259 672 ἐν
2287 621 2419 689 ἡμῖν
2463 619 2703 681 ἐλπίδος·
2737 618 2831 671 καὶ
2865 618 3077 671 Παύλου
3106 618 3164 669 δὲ
3196 617 3292 670 τοῦ
3323 614 3532 687 ὑψηλοῦ
3554 615 3754 687 διαρρή-

2201 710 2299 778 δην
2329 709 2578 777 βοῶντος,
2610 713 2731 762 κατ’
2776 711 2922 779 ἴχνος
2949 709 3115 762 αὐτοῦ
3155 709 3387 778 βαίνειν,
3413 711 3509 762 καὶ
3548 711 3755 780 Χριστὸν

2209 799 2522 869 μιμεῖσθαι·
2553 801 2616 853 ού
2652 801 2759 870 μὴν
2805 800 2940 852 ἀλλὰ
2979 801 3074 852 καὶ
3102 798 3341 870 Χριστοῦ
3370 799 3754 870 θεηγοροῦντος,

2205 893 2413 963 δωρεάν
2441 895 2730 964 εἰληφότας
2759 896 2961 965 ὁμοίιος
2987 895 3268 965 παρέχειν,
3293 895 3389 948 καὶ
3418 896 3581 947 παντὶ
3609 894 3756 948 σθένει

2195 983 2566 1047 διπλασιάζειν
2595 985 2665 1038 τὰ
2699 985 2830 1055 παρ’
2860 983 3026 1036 αὑτοῦ
3051 985 3184 1054 ἡμῖν
3218 982 3313 1036 ἐπὶ
3340 981 3498 1035 τοῦτο
3530 982 3755 1034 πιστευό-

2201 1092 2339 1144 μενα
2374 1075 2495 1129 θεῖα
2519 1076 2778 1141 τάλαντα,
2814 1076 2890 1146 μὴ
2923 1077 3106 1128 ἐκεῖνα
3133 1077 3200 1145 τῇ
3237 1075 3422 1144 είκαία
3460 1076 3590 1144 σιγῇ
3617 1073 3755 1125 οἱονεὶ
3804 1063 3823 1118 3

2198 1168 2257 1218 ἐν
2304 1167 2484 1237 χέρσῳ
2533 1167 2986 1238 κατορύττοντες,
3043 1166 3161 1236 ἅμα
3211 1165 3290 1235 τῷ
3340 1167 3400 1218 ὲν
3430 1163 3756 1232 Εὐαγγελίοις

2199 1258 2420 1330 πονηρῷ
2448 1263 2542 1313 καὶ
2569 1261 2700 1330 όκνη
2711 1259 2788 1330 ρῷ
2816 1259 3002 1329 οἰκέτῃ
3029 1260 3107 1322 εἰς
3129 1258 3189 1310 τὸ
3210 1259 3401 1320 σκότος
3426 1254 3757 1325 ἐκωηθῶμεν

2197 1350 2257 1402 τὸ
2306 1351 2570 1422 ἐξώτερον
2589 1368 2604 1384 ο
2633 1383 2700 1393 —
2733 1350 2968 1404 ἐνταῦθα
3013 1346 3108 1404 οὖν
3142 1350 3364 1420 ἄμεινον
3385 1348 3464 1418 τῷ
3490 1348 3673 1417 δέει,ἦ
3701 1351 3756 1420 τῇ

2200 1444 2324 1511 σιγῇ
2349 1442 2525 1512 βοηθῷ
2555 1443 2882 1513 χρήσασθαι.

520 1536 627 1579 nua
649 1540 773 1581 cum
807 1543 975 1598 pravo
1005 1529 1099 1583 illo
1124 1530 1421 1600 desideque
1451 1546 1611 1586 servo
1644 1531 1711 1585 de
1743 1547 1853 1601 quo
1884 1533 2160 1601 proditum
2192 1547 2278 1591 est
2308 1538 2361 1590 in
2389 1537 2700 1608 Evangeliis
2718 1539 2760 1601 ‘,
2783 1538 2848 1592 ad
2875 1537 3134 1593 tenebras
3155 1537 3387 1593 extimas
3419 1534 3754 1605 abjiciamur:

517 1647 586 1656 —
615 1620 963 1674 metuendum
1002 1620 1134 1674 mihi
1170 1623 1374 1691 potius,
1404 1638 1566 1692 quam
1603 1623 1872 1678 silendum
1905 1626 2167 1681 arbitror.

458 1787 464 1790 _
587 1711 684 1767 Est
739 1712 882 1767 enim
933 1715 1206 1784 sapientia:
1238 1716 1573 1783 principium,
1601 1714 1814 1771 Domini
1855 1718 2089 1772 timori:

515 1805 978 1874 quemadmodum
1000 1817 1149 1861 vates
1177 1807 1267 1862 ille
1292 1823 1475 1862 rerum
1505 1807 1816 1863 divinarum
1851 1811 2092 1879 prudens

518 1895 751 1951 Davides
800 1897 1061 1968 loquitur.
1098 1897 1428 1953 Praeclarum
1477 1915 1636 1958 sane.
1676 1909 1830 1955 certo
1880 1902 2092 1971 judicio

515 1987 972 2059 considerateque
1002 1990 1184 2054 silere,
1206 2005 1271 2044 ac
1301 1992 1508 2046 mundo
1531 1992 1750 2061 quidem
1779 1995 1938 2063 quasi
1973 2010 2092 2048 mu-

515 2091 630 2136 tum
655 2095 719 2134 ac
746 2081 1102 2147 cruciﬁxum,
1132 2083 1185 2136 in
1215 2083 1600 2153 praedicatione
1620 2100 1749 2138 vero
1778 2085 2090 2140 divinorum

515 2187 742 2241 operum
781 2176 850 2228 ad
895 2190 1084 2230 omnes
1131 2176 1399 2232 illustrem
1451 2193 1516 2232 ac
1556 2187 1818 2248 perpetuo
1847 2179 2090 2233 vocalem

515 2279 657 2318 esse.
687 2261 954 2316 Nimirum
985 2271 1041 2318 et
1065 2278 1277 2318 summa
1310 2279 1436 2318 cum
1472 2267 1753 2335 voluptate
1787 2264 1922 2318 muti
1953 2264 2092 2317 divi-

469 2390 476 2398 -
515 2356 604 2412 uis
643 2360 697 2410 in
753 2356 918 2411 rebus
959 2357 1204 2422 erimus,
1245 2366 1300 2411 et
1334 2357 1696 2413 nihilominus
1739 2372 1836 2412 eas
1885 2359 2091 2426 absque

515 2449 736 2505 silentio
771 2449 1152 2513 tractabimus,
1181 2459 1473 2506 exorantes
1505 2449 1751 2504 divinum
1789 2447 1998 2504 Numen
2034 2450 2089 2502 in

515 2542 586 2596 iis
616 2555 750 2597 sane
778 2556 899 2612 quae
926 2542 1108 2596 animo
1128 2542 1426 2612 perniciem
1457 2541 1712 2607 an‘erunt,
1746 2541 1833 2595 bis
1866 2541 2046 2595 verbis
2071 2561 2086 2597 :

513 2634 805 2698 Adhibeto,
856 2632 1094 2699 Domine,
1143 2635 1439 2689 custodiam
1481 2637 1562 2688 ori
1600 2651 1747 2698 meo,
1791 2644 1839 2688 et
1890 2636 2091 2687 circum

514 2725 660 2780 labia
696 2741 811 2778 mea
853 2725 1118 2794 quoddam
1160 2729 1377 2789 ostium,
1419 2743 1522 2796 quo
1565 2736 1940 2781 coerceantur:
1970 2743 2091 2780 neve

515 2832 606 2870 cor
635 2833 805 2872 meum
845 2817 912 2870 ad
948 2834 1214 2873 sermones
1247 2835 1435 2888 pravos
1482 2820 1755 2888 deﬂectere
1793 2821 2088 2889 patiaris“.

513 2909 575 2963 In
607 2909 715 2966 illis
744 2925 896 2975 vero,
928 2909 1112 2964 divina
1157 2927 1280 2980 qua:
1326 2919 1477 2974 sunt,
1523 2912 1662 2966 etin
1710 2912 1913 2980 quibus
1958 2911 2091 2964 vivit

514 3001 780 3057 animus:
820 2999 1032 3068 Aperito
1079 3001 1221 3054 labia
1263 3018 1415 3063 mea,
1468 3001 1721 3064 Domine,
1770 3019 1833 3054 ac
1878 3000 2091 3054 laudem

515 3102 662 3144 tuam
692 3108 750 3145 os
773 3107 942 3144 meum
965 3091 1301 3144 annuntiabit
1333 3093 1376 3143 θ.
1404 3090 1769 3156 Quamobrem
1803 3092 1998 3146 merito
2023 3090 2090 3144 ad

513 3183 973 3252 interrogationes
1004 3191 1216 3237 vestras
1237 3184 1436 3236 iterum
1464 3183 1740 3252 accingar,
1771 3183 1852 3237 sic
1883 3191 2086 3246 tamen,

514 3278 576 3323 ut
599 3279 654 3324 et
687 3269 859 3324 Deum
896 3269 1164 3324 orationis
1198 3279 1401 3324 nostra:
1426 3270 1619 3327 ducem
1651 3273 2005 3336 constituam,
2035 3283 2090 3327 et

512 3362 714 3418 vestris
775 3361 844 3416 ad
892 3360 1038 3415 hunc
1092 3363 1590 3432 supplicationibus
1650 3364 1877 3418 innitar.
1932 3362 2091 3418 Libet

511 3455 658 3511 enim
693 3455 816 3509 illos
840 3455 1059 3520 imitari,
1091 3456 1184 3526 qui
1222 3455 1380 3511 ludos
1413 3465 1700 3528 equestres
1739 3458 2090 3527 perlubenter

513 3555 783 3616 apertam.
811 3547 999 3604 Solent
1021 3550 1072 3602 bi
1098 3564 1360 3604 cursuum
1391 3549 1444 3603 in
1468 3551 1868 3605 certaminibus
1896 3552 1964 3605 ad
1992 3567 2088 3606 eos

511 3653 652 3707 quos
671 3637 853 3692 favore
871 3654 972 3694 suo
991 3639 1453 3708 complectuntur,
1485 3641 1701 3695 tametsi
1726 3641 1792 3695 ad
1817 3658 2087 3696 summam

513 3729 591 3782 illi
615 3729 947 3785 celeritatem
975 3730 1109 3783 nihil
1142 3731 1336 3800 reliqui
1371 3730 1595 3795 faciant,
1627 3732 1872 3787 victoriae
1904 3741 2087 3788 tamen

512 3822 695 3877 studio
750 3823 818 3877 de
869 3823 1020 3877 sellis
1069 3823 1440 3893 gradibusque
1490 3826 1870 3895 superioribus
1929 3828 2086 3896 quasi

512 3920 626 3968 toto
647 3929 770 3969 cum
804 3915 1072 3970 viscerum
1101 3923 1272 3978 motu,
1295 3917 1780 3974 acclamationibus
1810 3920 1883 3973 uti
1911 3937 1924 3985 ;
1957 3936 2087 3973 ocu-

511 4005 836 4074 lisque'una
877 4023 1000 4062 cum
1044 4023 1209 4062 cursu
1257 4008 1647 4076 circumactis,
1690 4011 1934 4080 aurigam
1985 4013 2086 4081 (uti

511 4096 729 4164 quidem
783 4099 1124 4152 arbitrantur
1178 4099 1318 4168 ipsi)
1379 4101 1638 4168 majorem
1695 4101 1762 4155 ad
1820 4104 2085 4171 impetum

509 4187 770 4242 excitant.
820 4187 964 4252 Quin
997 4196 1052 4241 et
1085 4203 1258 4257 equos
1302 4189 1664 4241 acclamando
1699 4189 2084 4252 cohortantur,

416 4293 424 4302 '
511 4293 718 4347 proque
747 4277 960 4348 ﬂagello
981 4294 1203 4332 manum
1229 4279 1296 4332 ad
1330 4294 1426 4334 eos
1454 4281 1807 4348 protendunt,
1829 4289 1885 4335 et
1909 4282 2088 4336 indice

509 4369 684 4440 digito
727 4370 1006 4438 proximos
1051 4371 1156 4425 sibi
1194 4370 1416 4436 feriunt;
1452 4387 1629 4439 neque
1661 4373 1836 4427 malas
1871 4381 2085 4426 tantum

511 4459 735 4524 fricant,
781 4459 874 4515 sed
913 4475 1306 4530 nonnunquam
1346 4469 1400 4516 et
1444 4463 1660 4516 dentem
1706 4473 2001 4529 exacuunt,
2033 4473 2088 4518 et

510 4550 665 4604 vultu
696 4551 999 4614 minantur,
1032 4559 1087 4606 et
1118 4559 1264 4606 totos
1297 4567 1357 4606 se
1389 4551 1457 4605 ad
1494 4553 1657 4607 stadii
1691 4569 1948 4609 cursores
1979 4556 2088 4610 cri-

508 4649 664 4712 sunt,
713 4641 1008 4712 digitisque
1053 4642 1435 4713 gesticulando
1482 4659 1604 4712 qua:
1643 4643 1824 4699 facere
1871 4647 1974 4702 sibi
2019 4647 2087 4701 ad

507 4731 954 4801 consequendum
980 4730 1262 4800 praemium
1289 4731 1601 4795 videantur,
1630 4731 2087 4802 indicanl.Atque

511 4819 624 4874 haec
659 4835 767 4873 non
802 4835 867 4874 eo
904 4818 1130 4883 faciunt,
1169 4819 1422 4898 quod'ad
1460 4821 1747 4874 victoriam
1785 4823 2083 4892 quidquam

508 4913 766 4968 momenti
803 4911 1052 4976 alierum,
1077 4913 1172 4967 sed
1203 4928 1358 4966 suam
1393 4928 1522 4984 erga
1543 4914 1665 4968 illos
1681 4914 1772 4983 qui
1803 4917 2087 4970 decertant

508 5007 943 5062 benevolentiam
987 5021 1339 5076 amoremque
1380 5015 1487 5059 tam
1534 5022 1666 5062 voce
1711 5025 1876 5077 quam
1927 5019 2084 5079 gestu

503 5095 844 5165 exprimunt.
893 5092 1039 5148 Idem
1072 5102 1131 5147 ut
1163 5101 1219 5148 et
1257 5095 1374 5162 ipse
1410 5091 1630 5157 faciam,
1666 5097 1829 5148 amici
1865 5110 1930 5148 ac
1979 5096 2086 5148 fra-

505 5197 640 5251 tres,
675 5202 815 5257 quos
858 5185 1117 5255 equidem
1169 5185 1404 5238 maxime
1457 5187 1722 5254 suspicio,
1775 5201 1952 5239 meum
2001 5201 2087 5238 me

506 5279 749 5333 studium
782 5294 912 5348 erga
951 5294 1048 5332 vos
1081 5277 1248 5350 cogit,
1281 5278 1415 5331 Nam
1449 5277 1591 5346 apud
1626 5293 1722 5331 vos
1751 5277 1842 5346 qui
1871 5278 2085 5346 agiliter

503 5372 726 5426 vii-tntis
771 5371 1008 5426 stadium
1045 5371 1391 5441 percurritis,
1429 5379 1482 5424 et
1529 5371 1592 5423 ad
1639 5386 1889 5438 supernae
1924 5386 2084 5422 voca-

507 5465 674 5519 tionis
709 5465 989 5534 priemium
1026 5464 1240 5517 crebris
1282 5472 1338 5517 et
1368 5462 1638 5530 expeditis
1685 5463 1916 5514 saltibus
1952 5478 2084 5514 ron-

507 5555 755 5620 tenditis,
809 5570 918 5608 non
960 5555 1207 5624 quaedam
1258 5555 1477 5623 proprie
1512 5567 1627 5604 mea
1664 5552 1909 5621 lcviaque
1958 5568 2078 5622 pro-

1315 5799 1334 5828 ⁸
1368 5798 1381 5846 Ι
1419 5797 1528 5851 i‘t‘l.
1574 5817 1652 5856 ιιι,
1705 5801 1782 5852 ἱῗῖ.

580 5802 599 5831 ⁸
643 5800 784 5853 l’sal.
824 5817 1014 5860 usus,
1055 5801 1236 5852 1012.

1140 5872 1192 5930 δ,
1240 5871 1279 5921 ι.
1418 5869 1550 5921 tan
1598 5888 1633 5939 ι,
1677 5872 1728 5923 l7

507 5884 594 5928 αλ,
626 5873 676 5923 ξ).
755 5874 772 5896 ’⁸
807 5872 950 5923 Paul.
983 5887 1101 5930 ειη,

1866 5803 1885 5831 ⁸
1916 5801 2147 5870 l’bilipp.
2181 5819 2261 5867 tu,
2302 5806 2384 5858 17,

2285 1720 2466 1788 Ἀρχὴ
2495 1721 2608 1793 γὰρ
2646 1721 2870 1788 σοφίας
2896 1721 3082 1788 φόϐος
3113 1719 3354 1786 Κιφίου,
3389 1719 3524 1789 φησὶ
3559 1719 3710 1772 Δαδὶδ
3735 1721 3758 1773 ὁ

2197 1811 2306 1864 τῶν
2335 1811 2497 1865 θείων
2521 1811 2777 1882 μελῳδὸς.
2807 1812 2988 1866 Καλὸν
3021 1812 3127 1883 γὰρ
3155 1811 3217 1863 τὸ
3249 1813 3462 1881 σιωπᾷν
3484 1810 3756 1880 διακρίσει,

2199 1904 2294 1958 καὶ
2322 1904 2567 1974 λογισμῷ
2592 1904 2884 1975 κρείττονι,
2920 1903 3015 1956 καὶ
3046 1903 3210 1954 οἱονεὶ
3249 1901 3430 1970 κωφὸν
3461 1903 3558 1954 καὶ
3588 1903 3758 1953 ἐσταυ-

2203 1997 2442 2067 ρωμένον
2490 1997 2757 2066 ὑπάρχειν
2777 1995 2857 2065 τῷ
2904 1995 3117 2065 κόσμῳ,
3159 1993 3368 2063 ἐναργῆ
3424 1992 3481 2044 δὲ
3530 1994 3626 2046 καὶ
3663 1991 3761 2046 ἀεί-

2199 2088 2434 2158 φθογγον
2457 2087 2566 2140 τῶν
2597 2087 2755 2140 θείων
2784 2087 3050 2157 ὀργάνων.
3081 2085 3267 2147 Οὕτως
3295 2085 3404 2156 γὰρ
3439 2085 3758 2154 συμϐήσεται

2199 2181 2329 2248 ἡμῖν
2359 2181 2392 2248 ἡ
2428 2177 2536 2230 τῶν
2578 2177 2882 2229 θεσπεσίων
2922 2177 3183 2246 ἐράσμιος
3223 2174 3498 2242 κὼφευσις
3537 2175 3631 2226 καὶ
3660 2172 3760 2224 ἀσί-

2198 2287 2360 2339 γητος
2391 2269 2596 2339 ὁμιλία,
2628 2269 2758 2322 ὅταν
2786 2267 3192 2338 ἐκλιπαροῦμεν
3225 2267 3286 2319 τὸ
3329 2266 3482 2319 Θεῖον
3504 2283 3516 2295 ·
3560 2266 3647 2318 ἐπὶ
3676 2266 3760 2335 μὲν

2196 2360 2304 2411 τῶν
2336 2357 2698 2428 ψυχοφθόρων
2736 2357 2998 2427 βοῶντες·
3061 2359 3202 2422 Θοῦ,
3249 2359 3446 2425 Κύριε,
3494 2357 3763 2426 φυλακὴν

2198 2447 2278 2513 τῷ
2325 2449 2576 2518 στόματί
2621 2466 2770 2516 μου,
2821 2448 2920 2502 καὶ
2964 2449 3154 2516 θύραν
3204 2448 3491 2517 περιοχῆς
3532 2449 3660 2516 περὶ
3700 2450 3762 2500 τὰ

2198 2542 2370 2608 χείλη
2392 2559 2531 2610 μου,
2558 2541 2654 2594 καὶ
2680 2540 2766 2609 μὴ
2788 2541 3082 2608 ἐκκλίνῃς
3114 2539 3230 2607 τὴν
3261 2539 3516 2607 καρδίαν
3535 2556 3652 2607 μου
3687 2539 3763 2602 είς

2196 2634 2420 2700 λόγους
2449 2632 2743 2698 πονηρίας
2762 2647 2776 2662 ⁸
2810 2631 2982 2683 ἐπὶδέ
3013 2631 3124 2683 τῶν
3153 2631 3314 2684 θείων
3347 2632 3440 2684 καὶ
3468 2629 3757 2694 ζωοποιῶν’

2197 2723 2376 2789 Κύριε
2395 2765 2407 2786 ,
2434 2721 2506 2774 τὰ
2537 2723 2713 2790 χείλη
2737 2738 2858 2788 μου
2889 2722 3175 2786 ἀνοίξεις,
3213 2721 3314 2774 καὶ
3343 2723 3406 2774 τὸ
3439 2722 3636 2789 στόμα
3656 2736 3761 2788 μου

2196 2813 2520 2882 ἀναγγελεῖ
2556 2814 2671 2881 τὴν
2710 2815 2951 2867 αῖνεσίν
3005 2830 3144 2868 σου.
3196 2813 3438 2876 Εἰκότως
3483 2809 3580 2864 οὖν
3625 2807 3761 2872 αὖθις

2197 2905 2534 2975 ἀποδύσομαι
2567 2905 2704 2977 πρὸς
2732 2905 2832 2968 τὰς
2875 2906 3030 2975 ὑμῶν
3064 2905 3322 2968 πεύσεις,
3357 2904 3490 2957 Θεὸν
3537 2902 3762 2972 καθηγε-

2201 2998 2336 3064 μόνα
2360 2997 2452 3051 τοῦ
2473 2997 2630 3065 λόγου
2661 2997 3004 3067 ποιούμενος,
3029 2996 3124 3050 καὶ
3153 2996 3250 3060 τὰς
3278 2996 3430 3067 ὑμῶν
3455 2996 3594 3067 πρὸς
3619 2993 3762 3046 αὑτὸν

2158 3127 2164 3135 .
2200 3087 2434 3151 ἱκετείας
2463 3087 2892 3156 ἐπερειδόμενος.
2914 3091 2982 3140 Ἢ
3005 3089 3081 3151 ὡς
3109 3091 3221 3150 τοῖς
3245 3089 3376 3157 παρ’
3405 3086 3592 3139 αὐτῶν
3617 3101 3764 3137 σπου-

2197 3178 2512 3248 δαζομένοις
2567 3181 2624 3232 ἐν
2658 3183 2778 3243 ταῖς
2835 3180 3090 3250 ἁμίλλαις
3133 3181 3242 3233 τῶν
3293 3180 3540 3250 δρόμων,
3579 3178 3642 3231 ἂν
3681 3177 3765 3230 καὶ

2199 3270 2364 3339 μηδὲν
2395 3269 2700 3341 προθυμίας
2735 3273 2816 3334 εἰς
2865 3271 2927 3324 τὸ
2962 3272 3125 3341 τάχος
3170 3271 3482 3335 ἐλλίπωσιν,
3525 3271 3671 3340 ὅμως
3703 3268 3762 3336 τῇ

2195 3361 2324 3431 περὶ
2351 3360 2448 3430 τὴν
2480 3361 2637 3430 νίκην
2669 3362 2874 3433 σπουδῇ
2903 3362 3111 3416 ἄνωθεν
3154 3362 3262 3415 τῶν
3301 3361 3656 3431 καθισμάτων
3683 3359 3765 3410 καὶ

2197 3452 2412 3525 βάθρων
2445 3454 2736 3508 ἐπιϐοῶσιν
2773 3455 2832 3519 ἐξ
2874 3455 3274 3525 εὐσπλαγχνίας
3320 3454 3523 3524 αὐτῆς·
3561 3453 3654 3505 καὶ
3683 3449 3764 3502 τὸν

2194 3542 2472 3612 ὀφθαλμὸν
2520 3544 2597 3614 τῷ
2630 3544 2815 3615 δρόμῳ
2858 3546 3347 3615 συμπεριάγοντες,
3397 3544 3763 3613 διεγείρουσι-δ.

2195 3634 2270 3696 ὡς
2291 3633 2517 3697 οἴονται,
2542 3637 2623 3698 είς
2645 3635 2909 3707 ὀξυτέραν
2928 3637 3105 3707 ὁρμὴν
3137 3637 3228 3689 τὸν
3256 3636 3490 3706 ἡνίοχον,
3516 3633 3765 3699 ἐπικλαγ-

2194 3726 2453 3794 γὰζοντες
2499 3727 2614 3796 ἅμα
2658 3731 2768 3790 τοῖς
2812 3728 3031 3788 ἵπποις·
3087 3727 3181 3779 καὶ
3211 3727 3331 3778 ἀντὶ
3383 3725 3647 3795 μάστιγος
3678 3721 3765 3790 τὴν

2193 3820 2351 3888 χεῖρα
2398 3817 2516 3870 κατ’
2569 3818 2747 3870 αὐτῶν
2798 3817 3256 3889 παρατείναντες,
3307 3815 3518 3885 καὶτῷ
3577 3811 3765 3882 λιχανῷ

2191 3909 2438 3980 δακτύλῳ
2469 3911 2580 3972 τοῖς
2624 3909 2901 3980 ἐχομένοις
2934 3909 3220 3973 παίοντες,
3264 3909 3358 3962 καὶ
3395 3909 3497 3977 τὴν
3543 3903 3766 3976 παρειὰν

2193 4001 2639 4072 παρακνώμενοι·
2675 4001 2936 4063 πολλάκις
2973 4001 3031 4056 δὲ
3064 4000 3160 4054 καὶ
3200 4000 3307 4053 τῶν
3337 4000 3567 4052 ὀδόντων
3596 4013 3764 4068 παρα·-

2193 4095 2439 4165 θήγουσι,
2471 4095 2565 4147 καὶ
2597 4093 2902 4157 ἀπειλοῦσι,
2931 4093 3010 4163 τῷ
3050 4093 3321 4163 βλέμματι
3364 4090 3655 4160 αὔτανδροι
3683 4087 3768 4139 ἐπὶ

2191 4185 2317 4247 τοὺς
2347 4184 2865 4257 σταδιοδρομοῦντας
2890 4185 3309 4252 διανιστάμενοι,
3330 4179 3766 4251 χειρονομοῦντες

2155 4303 2157 4306 ‹
2192 4275 2375 4337 αὐτοῖς
2402 4275 2472 4328 τὰ
2504 4275 2764 4328 δοκοῦντα
2807 4275 2945 4345 πρὸς
2981 4274 3043 4328 τὸ
3082 4273 3343 4327 ἔπαθλονο
3388 4273 3486 4340 οὐχ
3528 4272 3612 4323 ὅτι
3651 4287 3765 4320 συν·

2191 4368 2338 4420 τελεῖ
2367 4368 2500 4438 πρὸς
2545 4367 2642 4436 τὴν
2675 4367 2832 4437 νίκην
2874 4366 2942 4418 τὰ
2973 4364 3226 4437 δρώμενα
3251 4403 3267 4428 ,
3317 4363 3432 4416 ἀλλ’
3464 4361 3656 4429 εὐνοίᾳ
3707 4360 3763 4427 τῇ

2194 4457 2331 4528 πρὸς
2362 4458 2487 4520 τοὺς
2515 4457 2971 4528 ἀγωνιζομένους,
2998 4458 3150 4529 φωνῇ
3178 4472 3238 4508 τε
3274 4456 3369 4508 καὶ
3410 4455 3654 4524 σχήματι
3686 4449 3768 4501 τὸν

2193 4551 2329 4620 πρὸς
2361 4550 2600 4612 ἐκείνους
2628 4550 2805 4621 ἔρωτα
2842 4549 3253 4619 διαγράφοντες.
3282 4547 3459 4615 Ὅπερ
3482 4547 3582 4598 καὶ
3615 4541 3766 4602 αὐτὸς

2193 4642 2271 4711 τῷ
2300 4641 2435 4712 πρὸς
2463 4643 2608 4710 ὑμᾶς
2635 4643 2785 4712 πόοῳ
2813 4645 2985 4696 ποιεῖν
3011 4639 3414 4710 ἀναγκάζομαι,
3442 4639 3618 4707 φίλων
3655 4634 3768 4704 ἐμοὶ

2193 4735 2288 4787 καὶ
2335 4733 2578 4802 ἀδελφῶν
2625 4733 2978 4803 τιμιώτατοι,
3010 4733 3305 4794 ὼκυπόδως
3359 4731 3618 4800 ἐνάρετον
3661 4728 3767 4780 διαί

2192 4823 2372 4876 θέουσι
2405 4824 2636 4889 στάδιον,
2673 4825 2766 4877 καὶ
2798 4824 2934 4894 πρὸς
2975 4823 3035 4875 τὸ
3070 4821 3320 4893 βραϐεῖον
3357 4821 3456 4890 τῆς
3491 4819 3610 4872 ἄνω
3647 4816 3769 4883 κλή-

2194 4931 2330 4978 σεως
2366 4919 2588 4978 πυκνοῖς
2637 4933 2697 4967 τε
2747 4916 2840 4968 καὶ⁹
2895 4914 3117 4982 κούφοις
3169 4911 3604 4981 συντεινομένοις
3666 4908 3766 4965 τοῖς

2189 5005 2428 5075 ἆλμασι·
2465 5007 2565 5059 οὐκ
2598 5008 2775 5060 οἰκεῖά
2809 5024 2928 5059 τινα
2965 5006 2998 5075 ἢ
3035 5004 3350 5074 αὐτοσχέδια
3379 5001 3632 5073 φράζων,
3661 4995 3765 5051 ἀλλ’

2187 5096 2286 5149 ὅσα
2322 5098 2431 5149 τῶν
2464 5097 2720 5168 ἀοιδίμων
2764 5098 2858 5150 καὶ
2909 5098 3192 5167 μακαρίων
3227 5094 3456 5164 Πατρῶν
3504 5093 3638 5153 τοὺς
3669 5089 3769 5139 λει-

2193 5187 2378 5257 μῶνας
2423 5188 2666 5241 ἐπελθὼν
2701 5189 2800 5259 τῆς
2848 5190 3071 5242 ἐκείνων
3119 5188 3378 5259 ροδωνιᾶς
3427 5184 3765 5253 συνήγαγονο

2188 5273 2262 5332 ὧν
2302 5279 2370 5332 τὰ
2400 5281 2527 5350 ῥόδα
2551 5280 2628 5352 τῷ
2653 5282 2718 5333 ἐκ
2744 5282 2981 5351 πλευρᾶς
3005 5279 3158 5332 ὕδατι
3183 5277 3277 5330 τοῦ
3300 5275 3433 5330 Θεοῦ
3473 5277 3576 5328 καὶ
3600 5274 3765 5338 Λόγου

2188 5373 2562 5444 σαρκωθέντος
2612 5373 2871 5444 ἄρδεται,
2924 5374 3018 5426 καὶ
3061 5371 3139 5441 τῷ
3177 5371 3270 5436 ξὺν
3328 5367 3540 5422 ἐκεῖθεν
3585 5367 3768 5435 αἵματι

2186 5466 2594 5540 ἐρυθραίνεται·
2621 5466 2670 5518 οἳ
2695 5467 2894 5537 κόσμον
2915 5467 3032 5518 ὅλον
3059 5463 3437 5526 εὐωδιάζονται
3458 5458 3766 5528 λάμποντες

2191 5558 2286 5609 καὶ
2315 5557 2695 5627 δᾳδουχοῦντες
2735 5559 2876 5630 ὑπὲρ
2918 5558 3044 5620 τοὺς
3076 5555 3370 5625 φωστῆρας
3409 5550 3504 5604 τοῦ
3538 5543 3766 5620 στερεώ-

2466 5809 2483 5834 ³
2520 5806 2706 5858 Matth.
2749 5823 2797 5866 κ,
2834 5807 2883 5858 8.
2965 5805 2982 5831 ‘
3021 5803 3203 5857 Matth.
3247 5819 3368 5863 xxv,
3399 5799 3486 5854 30.
3569 5800 3589 5829 "
3619 5793 3760 5850 Psai.
