4108 6376
330 385 458 474 sar

352 524 540 580 ματος,
566 507 725 577 λόγον
753 505 902 580 ζωῆς
941 507 1258 579 ἐπέχοντεςο
1304 503 1380 564 ὧν
1418 512 1674 566 οὐδέποτε
1717 518 1750 586 ὴ
1799 516 1932 586 θρυ-

349 601 500 664 αλλὶς
544 601 753 668 πίπτει,
806 601 928 654 οὐδὲ
963 605 992 655 6
1033 601 1223 672 λύχνος
1257 605 1630 675 συντρίϐεται.
1666 608 1728 659 οὑ
1769 609 1944 664 δαπα-

330 679 508 744 ’νᾶται
555 691 616 744 τὸ
650 691 852 753 ἔλαιον,
887 693 920 761 ἡ
965 691 1160 762 λυχνία
1215 695 1274 746 οὑ
1309 696 1534 760 σείεται,
1576 698 1604 748 6
1639 701 1845 769 πυρσὸς
1878 702 1939 752 οὐ

352 784 712 855 μαραίνεταυ
763 783 958 855 ῥάϐδον
1002 786 1060 838 δὲ
1105 786 1342 858 σταυρὸν
1389 789 1784 860 περιφέρουσι,
1847 791 1943 845 καὶ

329 864 535 946 ’πήραν
556 875 626 930 τὰ
657 875 987 946 Εὑαγγέλια,
1026 879 1121 930 καὶ
1150 879 1248 950 τὴν
1279 879 1501 950 ἀγάπην
1524 879 1850 951 καλαύροπὰ
1883 899 1942 934 τε

347 968 445 1022 καὶ
475 967 730 1040 σύριγγα,
765 971 823 1022 ὲν
851 970 1033 1033 αὐτοῖς
1058 971 1120 1023 τὸ
1147 970 1361 1040 λογικὸν
1396 951 1644 1043 ποίμνιον
1667 973 1762 1026 τοῦ
1799 976 1938 1046 Χρι-

351 1060 481 1114 στοῦ
532 1061 810 1132 νέμοντες.
863 1061 1107 1116 Πύθεσοε
1154 1059 1270 1129 οὖν,
1314 1063 1657 1134 ἀξιάγαστοι,
1695 1070 1823 1139 περὶ
1868 1062 1944 1121 ὧν

348 1152 543 1223 ἥκατε,
587 1153 656 1207 τά
698 1153 820 1208 Θεῖα
857 1155 1085 1208 ἐκείνων
1119 1156 1412 1227 σπέρματα
1462 1158 1614 1229 παρά
1657 1141 1755 1230 τῆς
1805 1160 1944 1230 ἐμῆς

348 1244 635 1310 ἀσθενείας
663 1246 975 1318 ἀμώμενοι.

1757 395 2107 467 DlALOGUS
2137 401 2177 454 ι.

3531 397 3635 458 851';

2041 519 2236 586 ieram,
2265 521 2360 576 sed
2385 537 2726 593 quacunque
2755 523 3029 582 clarorum
3051 521 3274 578 Patrum
3298 527 3455 592 prata
3476 535 3638 592 pera-

2040 630 2226 684 grans,
2262 616 2330 671 de
2353 616 2569 670 illorum
2599 625 2782 671 roseto
2806 617 3000 685 collegi
3025 635 3039 670 :
3069 629 3301 685 quorum
3329 630 3470 670 rosae
3491 630 3633 685 aqua

2026 707 2209 769 latere
2234 707 2324 760 Dei
2353 723 2418 762 ac
2445 707 2626 772 Verbi,
2660 709 2752 776 qui
2783 723 3002 762 carnem
3033 708 3352 776 assumpsit,
3379 716 3634 762 manante

2039 799 2287 867 rigantur
2335 805 2390 852 et
2443 798 2511 852 ab
2550 797 2666 866 jugi
2721 798 3008 867 sanguinis
3052 797 3294 852 indidem
3331 797 3439 851 orti
3494 798 3631 857 rivo.

2042 889 2210 942 rubro
2253 889 2438 943 colore
2478 888 2784 957 tinguntur,
2835 896 3119 956 totumque
3161 889 3424 942 mundum
3477 889 3634 943 suavi

2041 979 2227 1035 odoris
2260 980 2558 1052 fragrantia
2591 981 2838 1049 replent:
2868 983 2960 1050 qui
2990 981 3367 1050 etsplendore
3401 995 3503 1036 suo
3539 981 3634 1034 lir-

2043 1070 2302 1124 mamenti
2332 1070 2623 1124 luminaria
2657 1070 2903 1133 vincunt,
2935 1079 2988 1125 et
3009 1070 3131 1124 vita:
3160 1087 3468 1126 sermonem
3501 1086 3637 1126 con-

2045 1159 2254 1222 tinent,
2298 1173 2533 1228 quorum
2579 1159 2913 1229 ellychnium
2959 1175 3244 1229 nunquam
3300 1161 3539 1227 decidit,
3580 1168 3636 1215 et

2047 1253 2271 1305 lucerna
2304 1267 2413 1305 non
2442 1252 2856 1318 comminuitur,
2887 1262 2940 1306 et
2965 1252 3144 1306 oleum
3169 1270 3275 1307 non
3305 1254 3633 1318 absumitur,

345 1346 402 1392 et
433 1338 642 1409 lampas
685 1355 796 1394 non
842 1348 1174 1410 quassatur,
1239 1349 1296 1397 et
1336 1343 1555 1398 ﬂamma
1604 1360 1714 1398 non
1769 1345 2172 1414 exstinguitur;
2225 1360 2351 1398 nam
2417 1359 2636 1398 crucem
2707 1351 2922 1412 gestant
2972 1361 3071 1415 pro
3111 1347 3280 1415 virga,
3343 1345 3635 1415 Evangelia

348 1447 449 1502 pro
480 1449 629 1503 pera,
682 1434 1007 1491 charitatem
1057 1452 1158 1506 pro
1212 1438 1354 1507 pedo
1407 1455 1470 1493 ac
1523 1438 1736 1502 ﬁstula,
1770 1440 1972 1508 quibus
2001 1440 2258 1494 omnibus
2289 1439 2496 1493 Christi
2527 1455 2746 1509 gregem
2777 1439 3008 1493 rationis
3029 1439 3347 1508 participem
3382 1447 3632 1508 pascunt.

349 1525 738 1594 Quamobrem,
783 1530 885 1584 viri
923 1531 1139 1600 optimi,
1177 1533 1258 1586 sic
1289 1549 1351 1587 ea
1385 1535 1698 1604 proponite,
1737 1534 1804 1590 de
1834 1536 2036 1606 quibus
2085 1545 2502 1606 percunctatum
2537 1535 2880 1598 accessistis,
2941 1544 3002 1589 ut
3047 1536 3140 1605 qui
3189 1535 3374 1589 divina
3438 1535 3632 1588 horum

319 1639 321 1642 ·
350 1621 560 1678 semina
591 1623 827 1677 messuri
856 1638 924 1677 ex
953 1639 1072 1687 me,
1124 1625 1346 1680 homine
1387 1628 1679 1698 caeteroqui
1717 1629 1834 1694 vili,
1868 1631 2019 1686 sitis.’

960 1741 1212 1796 ΠΕΥΣΙΣ
1250 1744 1325 1796 B'.

433 1825 588 1886 Ἐπεὶ
620 1833 683 1904 δὴ
739 1833 892 1897 τινὰς
938 1834 1167 1904 ἀλόγους
1216 1837 1311 1889 καὶ
1362 1835 1720 1910 βλασφήμους
1749 1839 1936 1909 φωνὰς

349 1926 484 1996 παρ’
515 1923 672 1978 ἐνίων
700 1925 970 1997 ἀκούομεν
992 1970 1007 1994 ,
1045 1928 1172 1998 περ).
1206 1928 1300 1980 τοῦ
1327 1930 1648 2000 μονογενοῦς
1681 1931 1812 1985 Υίοῦ
1840 1930 1936 1985 τοῦ

349 2013 486 2068 Θεοῦ
542 2017 637 2069 καὶ
693 2017 786 2070 τοῦ
821 2019 1139 2090 Πνεύματος
1166 2061 1181 2082 ,
1237 2020 1537 2089 λεγόντων,
1575 2025 1795 2077 κτιστὸν
1837 2025 1936 2096 μὲν

349 2103 488 2162 εἶναι
522 2110 613 2163 τὸν
645 2110 775 2164 Υίὸν
807 2112 901 2164 καὶ
919 2113 998 2182 τῷ
1025 2114 1200 2185 Πατρὶ
1229 2115 1481 2186 ἀνόμοιον
1509 2131 1520 2145 ’
1543 2116 1604 2169 τὸ
1631 2117 1687 2170 δὲ
1711 2117 1938 2189 Πνεῦμα

349 2198 407 2250 ὲν
439 2199 716 2270 ὑπηρέτου
751 2203 844 2256 καὶ
877 2204 1174 2258 ἀποστόλου
1210 2205 1360 2272 τάξει
1393 2205 1684 2277 τετάχθαι,
1728 2210 1822 2262 καὶ
1855 2210 1936 2262 ὅτι

350 2287 698 2360 ἀλογωτέρας
729 2292 823 2344 καὶ
854 2295 1244 2364 ταπεινοτέρας
1281 2295 1379 2358 τὰς
1414 2298 1540 2368 περὶ
1567 2297 1747 2350 αὐτῶν
1780 2297 1939 2365 δόξας

348 2381 858 2453 διαλαμϐανόντων
896 2384 1156 2457 ἀξιοῦμέν
1197 2405 1290 2439 σου
1321 2389 1420 2460 τὴν
1455 2389 1768 2458 φιλότεκνον
1799 2391 1940 2458 ἀγά-

351 2491 460 2544 πην
489 2475 554 2526 δι’
588 2477 851 2548 ἐπιτόμου
883 2477 1112 2549 ῥηθῆναι
1148 2482 1281 2550 ἡμῖν
1314 2480 1389 2544 ὡς
1422 2481 1536 2551 ἔχει
1567 2482 1638 2535 τὰ
1669 2485 1798 2555 περὶ
1839 2485 1938 2555 τῆς

351 2563 501 2632 Θείας
529 2569 620 2621 καὶ
645 2570 1026 2642 προπκυνητῆς
1059 2569 1102 2622 Τ
1107 2572 1309 2644 ριάδος.

959 2753 1320 2822 Ἀπόκρισις.

424 2839 601 2893 Πᾶσα
631 2841 804 2908 δόσις
851 2843 1043 2913 ἀγαθὴ
1067 2887 1080 2906 ,
1111 2846 1211 2899 καὶ
1259 2847 1383 2901 πᾶν
1431 2847 1672 2918 δώρημα
1707 2848 1942 2905 τέλειον

354 2931 584 2987 ἄνωθέν
624 2935 787 3000 ἐστι,
831 2937 1193 2992 καταϐαῖνον
1241 2941 1358 2994 ἀπὸ
1405 2943 1513 2995 τοῦ
1553 2943 1784 3012 Πατρός
1822 2945 1942 2998 τῶν

354 3021 597 3092 φώτων,
647 3028 812 3095 φησὶν
856 3028 884 3080 6
931 3027 1073 3091 θεῖος
1115 3030 1391 3095 Ἰάκωϐος.
1433 3032 1574 3087 Ἀλλ’
1608 3037 1753 3106 ἐρεῖς
1799 3036 1946 3089 εἰκό-

353 3132 501 3180 τως,
550 3116 727 3170 Ποίων
773 3115 886 3190 ἄρα’
927 3118 1154 3189 φώτων;
1191 3123 1411 3192 Κυρίως
1455 3125 1553 3196 μὲν
1587 3127 1682 3179 καὶ
1714 3127 1946 3198 πρώτως

353 3207 606 3279 ἀληθινὸν
653 3209 770 3278 φῶς
820 3214 848 3265 6
880 3211 1071 3284 Πατὴρ
1103 3253 1116 3274 ,
1171 3214 1354 3279 καθώς
1402 3235 1566 3288 φησιν
1633 3219 1884 3292 Ἰωάννης
1919 3224 1946 3274 6

354 3299 634 3369 Θεολόγος·
663 3301 772 3354 Καὶ
801 3302 953 3363 αὕτη
983 3303 1157 3357 ἐστὶν
1198 3306 1235 3374 ἡ
1275 3305 1603 3376 ἐπαγγελία
1642 3307 1723 3376 ἢν
1761 3311 1947 3376 ἠκού-

354 3406 552 3460 σαμεν
574 3392 675 3446 ἀπ’
704 3393 912 3454 αὐτοῦ,
962 3393 1204 3465 δηλονότι
1234 3394 1327 3448 τοῦ
1353 3395 1506 3460 Υίοῦ,
1533 3398 1630 3451 καὶ
1653 3400 1946 3470 ἀναγγέλ-

353 3487 546 3553 λομεν
570 3485 743 3555 ὑμῖν,
783 3485 871 3539 ὅτι
909 3489 941 3540 ὀ
987 3487 1131 3552 Θεὸς
1160 3486 1287 3556 φῶς
1341 3489 1548 3554 ἐστιν,
1585 3491 1682 3544 καὶ
1725 3495 1941 3546 σκοτία

355 3578 468 3629 οὐκ
508 3577 681 3630 ἔστιν
712 3577 782 3630 ἐν
820 3577 982 3642 αὐτῷ
1021 3578 1287 3646 οὐδεμία.
1325 3579 1443 3642 Φῶς
1481 3580 1539 3632 δὲ
1581 3581 1673 3633 καὶ
1719 3584 1747 3634 6
1787 3583 1945 3647 Υἱὸς,

357 3667 540 3732 καθὼς
569 3670 598 3721 6
625 3669 786 3732 αὑτός
812 3686 976 3740 φησιν
996 3686 1008 3699 ⁸
1041 3665 1152 3722 Ἦν
1182 3669 1291 3740 γὰρ
1320 3670 1385 3723 τὸ
1415 3669 1541 3739 φῶς
1567 3673 1630 3725 τὸ
1655 3673 1948 3741 ἀληθινὸν

309 3744 312 3746 Ὺ
358 3760 391 3814 ὃ
430 3760 659 3829 φωτίζει
714 3760 913 3814 πάντα
964 3761 1279 3828 ἄνθρωπον
1323 3763 1654 3830 ἐρχόμενον
1705 3767 1794 3832 εις
1841 3765 1948 3819 τὸν

359 3854 614 3921 κόσμον.
643 3853 786 3905 Αὐτὸ
836 3853 893 3906 δὲ
939 3852 1001 3905 τὸ
1030 3853 1193 3907 ἄῦλον
1233 3855 1326 3907 καὶ
1357 3854 1651 3926 ἁνύκτερον
1701 3857 1847 3925 φῶς,
1886 3857 1948 3910 τὸ

359 3947 542 4016 πάτης
573 3947 766 4016 νοερᾶς
793 3962 852 3998 τε
883 3947 980 3998 καὶ
1017 3946 1242 4016 λογικῆς
1280 3947 1494 4015 φύσεως
1529 3949 1858 4016 φωτιστικὺν
1891 3951 1948 4002 ὲν

359 4036 715 4106 Εὖαγγελίοις
745 4038 940 4107 φησίν·
985 4036 1127 4107 Ἐγώ
1148 4041 1262 4107 εἰμι
1292 4038 1358 4091 τὸ
1389 4038 1514 4108 φῶς
1546 4039 1654 4093 τοῦ
1689 4042 1945 4110 κόσμου.

357 4129 478 4193 Φῶς
510 4130 553 4182 δ’
578 4129 844 4201 ὑπάρχειν
877 4129 972 4184 καὶ
996 4131 1056 4182 τὸ
1079 4129 1223 4183 θεῖον
1254 4130 1479 4202 Πνεῦμά
1511 4150 1674 4204 φημι,
1709 4135 1949 4205 συνᾴδων

358 4221 437 4292 τῷ
477 4221 748 4294 θεσπεσίῳ
800 4222 1002 4276 Δαϐίδ·
1063 4223 1160 4273 Ἐν
1207 4221 1285 4288 τῷ
1325 4224 1474 4292 φωτί
1517 4241 1633 4279 σου
1680 4226 1950 4296 ὀψόμεθα

360 4314 506 4384 φῶς.
566 4316 653 4367 Ἐν
683 4313 794 4385 γὰρ
819 4314 897 4386 τῷ
929 4314 1047 4386 Θεῷ
1078 4317 1172 4369 καὶ
1201 4317 1376 4388 Πατρὶ
1438 4317 1655 4389 ὁρῶμεν
1696 4319 1788 4372 τὸν
1823 4319 1952 4372 Υἰὸν

361 4410 453 4463 καὶ
491 4409 656 4462 Θεόνο
695 4409 754 4462 ἐν
795 4407 852 4461 δὲ
889 4407 970 4478 τῷ
1028 4407 1136 4479 Υίῷ
1162 4449 1176 4472 ,
1211 4410 1302 4462 τὸν
1343 4411 1591 4482 Πατέραο
1640 4413 1699 4464 ἐν
1746 4413 1951 4483 ἀμφοῖν

361 4502 418 4554 δὲ
438 4542 452 4562 ,
489 4501 552 4553 τὸ
581 4499 805 4572 Πνεῦμα
828 4543 842 4563 ,
872 4499 1056 4562 καθὼς
1090 4518 1254 4571 φησιν
1282 4503 1310 4554 6
1342 4502 1468 4565 Υἱὸς
1496 4541 1510 4564 ,
1553 4503 1616 4555 '0
1650 4503 1852 4572 Πατὴρ
1879 4503 1949 4556 ἐν

361 4593 521 4663 ἐμοὶ,
550 4593 709 4661 κάγὼ
732 4593 801 4646 ἐν
833 4592 914 4657 τῷ
941 4594 1126 4660 Πατρί
1149 4609 1162 4622 ⁸
1211 4594 1305 4647 καὶ
1331 4635 1344 4657 ,
1401 4595 1454 4646 '0
1501 4595 1774 4663 ἑωρακὼς
1821 4596 1946 4666 ἐμὲ,

363 4687 583 4755 ἑώρακε
611 4686 718 4740 τὸν
756 4689 1006 4753 Πατέρα.
1051 4685 1186 4757 Περὶ
1228 4685 1285 4740 δὲ
1315 4684 1410 4739 τοῦ
1446 4687 1763 4757 Πνεῦματός
1792 4705 1947 4758 φησι,

369 4780 439 4835 T6
471 4777 714 4848 Πνεῦμα
751 4778 863 4847 τῆς
903 4779 1224 4845 ἀληθείας,
1265 4778 1331 4832 τὸ
1381 4779 1449 4832 ἐκ
1495 4779 1726 4846 Πατρός
1767 4778 1951 4832 ἐκπο-

355 4875 709 4942 ρευόμενον.
755 4871 843 4922 Ἐν
875 4871 1014 4938 φωτὶ
1035 4867 1128 4924 οῦν
1159 4871 1235 4942 τῷ
1270 4871 1446 4943 Πατρὶ
1470 4911 1484 4933 ,
1517 4871 1632 4939 φῶς
1662 4870 1753 4922 τὸν
1779 4868 1948 4923 αὑτοῦ

364 4965 535 5019 Παῖδα
565 4963 658 5016 καὶ
692 4962 864 5032 Λόγον
891 4963 1108 5035 ὁρῶμεν
1127 4980 1141 4992 ·
1170 4964 1262 5016 καὶ
1288 4965 1346 5016 ὲν
1381 4964 1520 5032 φωτὶ
1546 4963 1624 5032 τῷ
1653 4961 1768 5033 Υίῷ
1789 5001 1802 5022 ,
1835 4962 1950 5030 φῶς

361 5054 424 5108 τὸ
469 5053 694 5124 Πνεῦμα
739 5052 978 5123 ὁρῶμεν.
1022 5053 1264 5116 Εἰκότως
1311 5050 1405 5107 οὖν
1438 5053 1663 5107 νοείσθω
1690 5096 1704 5118 ,
1733 5053 1858 5124 τρία
1893 5057 1950 5106 ἐν

366 5146 618 5216 ἀλλήλοις
659 5145 814 5214 φῶτα
835 5187 850 5211 ,
882 5143 1295 5209 ἀσυναλείπτως
1327 5147 1420 5199 καὶ
1451 5146 1772 5217 ἁχωρίστως
1812 5148 1953 5216 ἡνω-

369 5240 524 5312 μένα.
573 5237 712 5291 Ἀλλ’
763 5239 790 5290 6
825 5238 924 5308 μὲν
969 5238 1060 5291 ἐπὶ
1099 5238 1317 5291 πάντων
1352 5237 1484 5300 Θεὸς
1507 5277 1522 5303 ,
1562 5238 1656 5290 καὶ
1707 5238 1895 5307 Πατὴρ
1925 5241 1952 5290 ὁ

365 5331 763 5400 παντοκράτωρ
795 5328 855 5382 οὐ
890 5328 1149 5398 γεννητὸς
1172 5370 1185 5393 ,
1237 5329 1337 5381 οὐκ
1393 5322 1632 5389 αἰτιατὸς
1672 5326 1908 5396 ὑπάρχει
1935 5342 1947 5356 ·

365 5422 645 5494 γεννήτωρ
679 5421 735 5474 δὲ
791 5421 885 5474 καὶ
913 5421 1084 5484 αἴτιος
1121 5421 1215 5474 τοῦ
1266 5419 1396 5474 Υίοῦ
1432 5419 1626 5482 αὑτοῦ,
1671 5420 1746 5481 ὡς
1801 5418 1951 5494 πηγὴ

368 5513 650 5584 ποταμοῦ,
706 5513 782 5576 ὡς
829 5515 1045 5578 ἀκτῖνος
1087 5514 1238 5586 ἥλιος
1268 5555 1282 5576 ,
1332 5515 1407 5579 ὡς
1455 5513 1650 5584 φλογὸς
1688 5515 1748 5566 τὸ
1799 5512 1947 5584 πῦρο

365 5605 516 5658 αἰτία
542 5603 670 5674 μὲν,
707 5605 770 5657 οὐ
809 5607 1214 5678 προγενεστέρα
1251 5607 1326 5660 δέ.
1381 5607 1613 5676 Ὁμοίως
1661 5605 1754 5658 καὶ
1778 5604 1845 5657 τὰ
1894 5604 1953 5668 ἐξ

367 5697 549 5749 αὐτῶν
576 5697 723 5750 αἴτια
760 5698 879 5768 μὲν,
919 5698 980 5749 οὐ
1027 5698 1464 5768 μεταγενέστεροι
1503 5698 1594 5750 δὲ·
1655 5697 1828 5761 οὕτως
1859 5697 1953 5750 καὶ

442 5829 483 5856 ‘°
515 5826 628 5880 Jac.
662 5844 698 5885 ι.
730 5829 817 5880 Π.

369 5897 412 5929 ¹⁶
439 5895 598 5952 Jcan.
635 5915 718 5964 xv,
753 5901 842 5952 ευ.

896 5830 936 5860 ¹¹
975 5831 990 5883 l
1023 5829 1176 5884 Joau.
1216 5832 1331 5896 1,ἷῦ.
1416 5833 1456 5861 ¹²
1494 5828 1650 5882 10m.
1683 5846 1718 5890 ι,
1753 5829 1804 5882 9.

1889 5830 1928 5859 ”
1958 5827 2112 5881 Joau.
2143 5844 2261 5890 \‘lll,
2303 5829 2382 5881 12.

2531 1739 3054 1796 INTERROGATIO
3093 1740 3157 1796 ΙΙ.

2115 1831 2344 1900 Quando
2375 1833 2542 1902 igitur
2583 1848 2651 1888 ex
2695 1835 2974 1890 nonnullis
3018 1849 3184 1888 voces
3219 1833 3486 1904 quasdam
3535 1834 3634 1888 ab-

2045 1923 2333 1979 horrentes
2386 1940 2414 1975 a
2456 1924 2667 1978 ratione
2711 1933 2764 1978 et
2807 1926 3175 1981 exsecrandas
3220 1925 3494 1991 audimus,
3541 1942 3635 1994 qut

2009 2082 2015 2090 _
2043 2011 2185 2065 etde
2209 2012 2440 2080 unigena
2466 2011 2559 2065 Dei
2582 2010 2720 2067 Filio
2743 2022 2795 2066 et
2813 2013 2877 2067 de
2906 2012 3113 2084 Spiritu
3140 2023 3334 2070 sancto
3357 2023 3634 2081 asserunt,

2045 2103 2198 2157 illum
2233 2104 2450 2172 quidem
2494 2113 2762 2170 creatmn,
2796 2103 3054 2175 Patrique
3090 2107 3442 2162 dissimilem:
3488 2107 3636 2162 hunc

2045 2211 2175 2249 vero
2221 2195 2459 2248 ministri
2514 2196 2633 2248 loco
2686 2211 2750 2250 ac
2799 2198 3116 2252 conditione
3147 2214 3304 2261 esse,
3339 2199 3634 2254 nonnullas

2045 2287 2211 2342 etiam
2264 2288 2348 2341 bis
2395 2287 2750 2343 absurdiores
2801 2289 3236 2359 abjectiorcsque
3279 2291 3346 2345 de
3397 2299 3634 2365 utroque

2047 2380 2342 2432 commenti
2387 2379 2715 2449 opiniones:
2751 2395 2844 2449 per
2873 2379 2992 2436 eam
3027 2391 3078 2437 te
3110 2384 3433 2438 charitatem
3483 2385 3636 2438 obsc-

2046 2486 2285 2534 cramus,
2323 2486 2430 2539 qua
2478 2487 2579 2526 nos
2621 2480 2680 2525 ut
2727 2473 2932 2528 liberos
2980 2485 3099 2528 tuos
3134 2476 3538 2545 complecteris.
3575 2484 3636 2530 ut

2046 2562 2177 2634 quid
2227 2566 2294 2618 de
2343 2564 2528 2618 divina
2561 2573 2616 2619 et
2657 2566 2934 2620 adoranda
2969 2565 3234 2623 Trinitate
3279 2568 3350 2624 sit
3390 2578 3644 2638 statuen-I

2047 2655 2201 2721 dum,
2235 2655 2477 2712 breviter
2508 2655 2670 2711 nobis
2701 2671 2967 2726 exponas.

2689 2749 2999 2820 Responsio.

2121 2837 2288 2894 Omne
2335 2842 2527 2894 bonum
2566 2841 2785 2907 donum,
2819 2859 3008 2895 manus
3053 2857 3203 2895 omne
3243 2840 3526 2910 perfectum
3571 2841 3636 2895 de

2047 2933 2288 3000 supernis
2321 2934 2512 2997 oritur,
2537 2943 2586 2987 et
2617 2951 2649 2986 a
2673 2935 2932 2988 luminum
2951 2931 3116 2986 Patre
3131 2933 3418 2998 descendit,
3443 2950 3637 3004 quern-

2049 3024 2341 3079 admodum
2396 3025 2616 3082 divinus
2663 3027 2747 3080 vir
2789 3024 3030 3081 Jacobus
3087 3027 3266 3096 inquit
3298 3027 3362 3079 ιο.
3394 3028 3461 3080 At
3499 3043 3624 3097 qua-

2050 3113 2356 3178 liumnam,
2419 3131 2526 3169 non
2587 3115 2860 3172 immerito
2914 3118 3270 3188 quaasiveris,
3335 3117 3639 3174 luminum?

2047 3205 2318 3260 Nimirum
2352 3217 2406 3262 et
2434 3211 2734 3279 proprium,
2771 3217 2823 3264 et
2847 3210 3122 3280 princeps,
3151 3219 3205 3265 et
3231 3228 3418 3267 verum
3453 3213 3634 3266 lumen

2047 3307 2132 3352 est
2167 3298 2282 3368 ipse
2313 3297 2492 3364 Pater,
2518 3301 2661 3355 sicut
2683 3300 2922 3355 Joannes
2954 3302 3043 3356 ille
3066 3313 3430 3372 cognomento
3463 3302 3640 3358 Theo-

2049 3391 2204 3461 logus
2229 3391 2313 3446 his
2336 3391 2512 3447 verbis
2541 3393 2793 3462 scripsit:
2837 3392 2967 3446 Ηιιέ
3000 3405 3077 3447 est
3125 3395 3223 3447 illa
3258 3397 3636 3459 annuntiatio,

2047 3501 2208 3552 quam
2229 3496 2430 3537 nosmet
2454 3500 2518 3537 ex
2543 3487 2678 3554 ipso,
2710 3483 2847 3537 Filio
2873 3486 3103 3548 scilicet,
3123 3487 3443 3554 audivimus,
3468 3488 3638 3542 Deum

2047 3592 2157 3629 esse
2186 3576 2380 3639 lnnzen,
2408 3577 2752 3643 etcaliginem
2779 3576 2832 3628 in
2852 3576 3184 3643 ipsonutlant
3215 3578 3397 3630 esse“.
3433 3577 3639 3632 Deinde

2050 3665 2220 3722 Filius
2263 3683 2481 3737 quoque
2527 3667 2708 3720 lumen
2733 3677 2836 3728 est.
2873 3669 3016 3721 sicut
3046 3669 3186 3722 idem
3230 3669 3470 3725 Joannes
3515 3673 3633 3724 ait:

2051 3757 2185 3811 Erat
2213 3759 2257 3812 is
2295 3758 2470 3812 tamen
2501 3775 2702 3823 verum,
2741 3759 2879 3827 quod
2913 3762 3197 3813 venientem
3229 3763 3283 3814 in
3313 3751 3449 3814 hunc
3480 3780 3638 3816 mun-

2049 3848 2176 3902 dum
2198 3867 2403 3903 omnem
2427 3851 2689 3902 hominem
2712 3851 2981 3903 ittuminat
3000 3851 3062 3903 ".
3084 3851 3225 3915 Quin
3255 3862 3307 3905 et
3330 3853 3506 3921 ipsum
3536 3853 3639 3906 hoc

2053 3943 2121 3994 ab
2142 3943 2287 3994 omni
2315 3957 2501 3996 crassa
2532 3942 2757 3995 materie
2775 3943 3113 4012 caligiueque
3135 3951 3403 3997 secretum
3431 3944 3636 4006 lumen,

2052 4033 2194 4101 quod
2253 4049 2468 4087 omnem
2524 4047 2775 4087 uaturnm
2832 4034 3184 4104 intelligentia
3243 4035 3525 4105 praeditam
3574 4050 3639 4088 ac

2053 4127 2282 4182 rationis
2305 4129 2622 4197 participem
2649 4129 2946 4193 illuminat,
2995 4130 3048 4181 in
3075 4128 3379 4198 lﬂvangeliis
3431 4129 3634 4198 inquit:

2057 4217 2164 4287 Ego
2205 4235 2322 4271 smn
2360 4220 2543 4271 mundi
2582 4220 2830 4272 tamen”.
2866 4219 3126 4273 Sanctum
3155 4221 3318 4274 etiam
3375 4221 3638 4290 Spiritum

2056 4312 2241 4365 lumen
2291 4327 2445 4374 esse,
2505 4311 2694 4364 divino
2746 4311 2931 4365 Davidi
2983 4314 3292 4368 asscntiens
3356 4313 3444 4382 ajo
3491 4331 3505 4366 :
3572 4311 3641 4367 In

2010 4413 2014 4418 '
2053 4404 2269 4466 tantine,
2297 4403 2396 4466 ait,
2442 4416 2532 4456 mo
2559 4405 2734 4458 lumen
2769 4405 3134 4459 videbimus“.
3185 4405 3318 4458 Nam
3353 4409 3404 4459 in
3445 4406 3551 4460 Deo
3578 4421 3642 4461 ac

2054 4493 2212 4549 Patre
2237 4493 2433 4548 Filium
2467 4503 2522 4550 et
2557 4497 2733 4566 ipsum
2755 4499 2944 4562 Deum,
2969 4512 3130 4566 atque
3161 4501 3212 4552 in
3237 4499 3371 4553 Filio
3399 4499 3638 4566 Patrem,

2053 4588 2314 4658 Spiritum
2374 4599 2557 4642 autem
2614 4589 2668 4642 in
2735 4601 2968 4660 utroque
3026 4593 3323 4655 cernimus,
3378 4593 3642 4662 quemad-

2054 4681 2270 4734 modum
2296 4679 2466 4735 Filius
2494 4682 2569 4733 ait
2595 4699 2607 4733 :
2644 4681 2806 4734 Pater
2830 4684 2880 4734 in
2903 4699 2980 4735 me
3003 4693 3098 4744 est,
3121 4694 3167 4736 et
3192 4701 3284 4754 ego
3310 4686 3362 4736 in
3389 4683 3551 4737 Patre
3573 4685 3637 4736 υ.

2054 4772 2159 4837 Qui
2222 4773 2351 4826 vidit
2397 4789 2511 4837 me,
2549 4771 2766 4828 Patrem
2796 4773 2942 4826 vidit.
2999 4775 3073 4829 De
3139 4777 3345 4845 Spiritu
3386 4793 3518 4829 vero
3563 4776 3644 4829 in-

2052 4867 2171 4936 quit
2207 4885 2218 4919 :
2249 4865 2480 4941 Spiritus
2537 4868 2795 4931 veritalis,
2843 4870 2934 4936 qui
2985 4869 3047 4922 de
3096 4868 3258 4923 Patre
3308 4870 3638 4938 procedit".

2053 4957 2242 5028 Itaque
2302 4959 2354 5011 in
2404 4959 2626 5021 lumine,
2679 4959 2824 5028 quod
2875 4967 2959 5014 est
2996 4958 3174 5025 Pater,
3233 4961 3414 5015 lumen
3468 4961 3640 5024 aliud,

2054 5050 2311 5103 nimirum
2342 5051 2512 5119 ipsius
2550 5049 2786 5104 Verbum
2832 5066 2894 5104 ac
2925 5049 3122 5106 Filium
3156 5054 3459 5115 cernimus.
3487 5062 3540 5109 et
3585 5055 3640 5108 iu

2054 5142 2260 5196 lumine
2292 5142 2437 5212 quod
2478 5152 2559 5196 est
2593 5142 2784 5208 Filius,
2823 5145 3002 5197 lumen
3054 5145 3318 5214 Spiritum
3368 5147 3638 5200 videmus.

2054 5235 2418 5300 Quamobrem
2496 5238 2708 5292 ratione
2754 5246 3123 5293 consentanea
3185 5225 3295 5292 tria
3340 5240 3393 5293 in
3445 5239 3642 5308 seipsis

2056 5329 2262 5382 lumina
2317 5329 2713 5398 intelligantur,
2778 5331 2927 5384 omni
2981 5331 3101 5386 sine
3155 5342 3262 5383 tam
3319 5333 3646 5388 confusione

2055 5437 2216 5491 quam
2261 5422 2607 5490 separatione
2639 5423 2810 5476 unita.
2871 5423 3032 5476 Extra
3079 5442 3240 5494 quam
3281 5425 3424 5494 quod
3461 5425 3646 5479 onmi~

2058 5521 2250 5581 potens
2281 5511 2368 5565 ille
2414 5510 2556 5567 Deus
2593 5529 2655 5565 ac
2688 5512 2867 5576 Pater,
2902 5517 2993 5584 qui
3043 5517 3503 5586 supt'a'uuiversa
3534 5527 3643 5583 est,

2058 5621 2164 5656 non
2193 5611 2277 5658 est
2305 5605 2540 5674 genitus,
2569 5621 2673 5658 nou
2701 5617 2856 5660 ortus
2881 5608 2948 5660 ab
2975 5609 3102 5670 alio,
3138 5619 3394 5680 tauquam
3426 5625 3594 5665 causa
3625 5627 3642 5665 :

2065 5697 2277 5764 genitor
2312 5704 2490 5750 autetn
2525 5705 2578 5749 ct
2616 5714 2782 5751 causa
2810 5699 2984 5769 ipsius
3021 5700 3142 5755 Filii
3184 5703 3326 5756 sicut
3373 5702 3496 5759 fons
3547 5703 3646 5756 ﬂu-

2469 5830 2506 5857 “
2544 5827 2686 5883 l‘s.tl.
2721 5847 2880 5894 xxxv,
2923 5832 2983 5884 Hl
3088 5833 3127 5862 ¹⁵
3158 5829 3311 5887 Joau.
3349 5849 3459 5901 xxv,
3487 5833 3638 5895 9,’.0.
