4108 6376
509 403 618 463 839

1547 412 1606 470 S.
1637 412 1942 470 ϐλΕεΛΒΠ
1977 413 2318 475 GREGORII
2353 413 2661 473 FRATRIS

3673 387 3802 480 εδδ

511 525 700 589 minis,
725 525 869 583 sicut
894 527 976 584 sol
1024 528 1187 595 radii,
1224 529 1372 586 sicut
1417 529 1561 602 ignis
1599 531 1855 589 ﬂammae.
1887 531 2098 590 Horum

2225 536 2234 586 ἱ
2265 533 2426 598 Υίόςο
2455 531 2516 598 ἐξ
2545 531 2721 586 αίτίου
2754 530 2850 586 καὶ
2875 531 3204 603 γεννήτορος
3236 529 3333 585 τοῦ
3369 529 3583 605 Πατρὸς
3610 530 3804 603 sucu;

512 631 648 687 ergo
671 616 815 672 sicut
843 625 975 675 sunt
1002 618 1094 674 illa
1119 619 1338 690 quidem
1374 634 1579 686 causae,
1619 637 1730 678 non
1765 629 1949 680 tamen
1983 624 2102 681 hac

2225 626 2500 699 ὶφράστως
2533 623 2849 696 γεννηθεὶς,
2889 624 2951 678 οὐ
2991 622 3454 698 μεταγενέστερος
3501 623 3562 680 δὲ
3593 625 3800 698 χρόνῳ,

513 716 640 763 ortu
668 709 986 779 praecedunt
1012 729 1026 765 :
1056 710 1140 768 sic
1167 710 1342 768 Filius
1377 717 1465 768 est
1507 712 1729 783 quidem
1771 713 1820 770 is
1851 729 1882 768 a
1913 713 2100 783 Patre,

516 807 778 870 tanquam
817 816 849 856 a
889 816 1058 859 causa
1091 810 1147 859 et
1183 802 1454 874 genitore,
1497 803 1568 857 ab
1611 811 1821 858 aeterno
1855 803 2105 860 ineﬂ'abi-

517 891 643 946 liter
672 893 935 962 genitus:
977 910 1088 950 non
1131 903 1314 951 tamen
1374 905 1620 967 tempore
1660 898 1956 968 posterior,
1994 915 2105 955 non

518 981 750 1040 inferior
778 992 1073 1054 potestate,
1112 1000 1226 1039 non
1271 985 1558 1056 inaequalis
1596 987 1903 1057 majestate.
1935 986 2109 1043 Nimi-

2205 719 2308 772 οὐκ
2337 717 2585 772 ἐλάσσων
2611 717 2861 789 δυνάμει,
2899 717 3003 772 οὐκ
3035 717 3287 790 ἀνόμοιος
3318 717 3447 792 δόξῃ
3470 733 3487 749 ο
3507 717 3597 772 ἀεὶ
3627 720 3687 773 ὲν
3713 718 3802 790 τῷ

2207 810 2423 883 Πατρὶ,
2471 810 2567 864 καὶ
2606 809 2674 864 ἐκ
2715 807 2812 864 τοῦ
2848 809 3093 882 Πατρὸς,
3127 811 3224 865 καὶ
3254 811 3354 864 σὺν
3386 809 3468 882 τῷ
3498 810 3676 884 Πατρὶ
3697 810 3801 874 ὣν,

2213 901 2632 967 ἀσυναλείπτως
2653 940 2672 969 ,
2707 901 3060 975 άχωρίστως,
3088 902 3485 976 άμεταδλήτως
3525 902 3698 969 ξυνὼν
3718 900 3807 972 τῷ

2213 996 2524 1070 γεννήτορι.

517 1089 642 1131 rum
675 1093 890 1148 semper
921 1087 978 1135 et
1008 1079 1065 1133 in
1090 1078 1274 1147 Patre,
1303 1089 1359 1136 et
1399 1096 1468 1136 ex
1501 1080 1682 1148 Patre,
1719 1089 1774 1138 et
1802 1098 1930 1138 cum
1953 1083 2116 1143 Patre
2141 1091 2379 1158 exsistit,
2428 1091 2592 1164 eique
2611 1092 2729 1149 sine
2761 1090 3109 1159 confusione,
3133 1088 3255 1149 sine
3287 1091 3654 1163 separatione,
3683 1089 3810 1152 sine

521 1168 909 1226 immutatione
938 1170 1115 1227 adest.

995 1283 1520 1347 INTERROGATIO
1559 1285 1645 1350 Ill.

595 1397 661 1464 Et
711 1399 807 1468 qui
849 1406 1029 1470 potest
1075 1400 1122 1455 is
1172 1401 1266 1471 qui
1311 1417 1376 1456 ex
1420 1400 1583 1462 Patre
1625 1403 1846 1475 genitus
1885 1414 2007 1471 est,
2057 1413 2116 1465 et

521 1491 678 1556 exiit,
710 1506 836 1546 cum
867 1490 1029 1548 Patre
1069 1501 1124 1549 et
1170 1494 1224 1548 in
1274 1491 1435 1549 Patre
1469 1496 1766 1555 exsistere?
1801 1494 1937 1551 Nam
1966 1498 2113 1567 quod

524 1583 695 1639 semel
722 1591 808 1637 est
833 1585 1104 1654 genitum,
1150 1594 1314 1656 atque
1358 1585 1428 1640 ab
1460 1602 1526 1641 eo
1559 1603 1671 1658 quo
1703 1588 2114 1656 continebatur,

523 1677 682 1741 esiit,
709 1693 819 1748 quo
841 1687 1002 1746 pacto
1037 1692 1257 1732 rursum
1282 1678 1388 1733 erit
1420 1679 1476 1732 in
1511 1678 1805 1753 gignente?

1169 1768 1482 1840 Responsio.

601 1859 867 1915 Nimirum
898 1859 1072 1916 Filius
1113 1877 1177 1916 ac
1228 1859 1468 1933 Spiritus
1502 1879 1612 1918 non
1647 1862 1931 1919 hominum
1962 1879 2119 1921 more

528 1966 626 2022 per
668 1951 962 2008 ﬂuxionem
1011 1953 1400 2019 sectionemve,
1449 1963 1546 2008 aut
1603 1955 2002 2012 dimensionem
2047 1971 2116 2011 ex

528 2043 689 2098 Patre
718 2044 1055 2114 prodierunt,
1083 2045 1178 2101 sed
1205 2053 1261 2099 ut
1291 2062 1356 2101 ex
1383 2046 1530 2102 fonte
1558 2045 1803 2112 ﬂumina,
1835 2064 1967 2119 quae.
1987 2047 2119 2119 qui-

527 2135 651 2190 dem
685 2153 750 2190 ex
779 2153 844 2192 eo
877 2145 930 2192 et
953 2138 1006 2191 in
1033 2151 1100 2192 eo
1129 2147 1184 2194 et
1223 2153 1348 2193 cum
1382 2154 1450 2194 eo
1493 2148 1660 2196 sunt:
1699 2151 1755 2196 ut
1784 2156 1848 2196 ex
1889 2141 2003 2197 sole
2029 2155 2120 2195 ra-

527 2226 603 2282 dii
634 2229 727 2298 qui
753 2228 806 2282 in
836 2245 922 2292 eo,
949 2237 1003 2284 et
1027 2244 1152 2285 cum
1187 2245 1275 2295 eo,
1318 2240 1372 2287 et
1399 2247 1465 2287 ex
1501 2248 1566 2288 eo
1599 2240 1729 2289 sunt
1768 2253 1780 2289 :
1812 2241 1870 2288 ut
1898 2233 2119 2290 ﬂamma

527 2329 583 2376 et
614 2322 707 2389 lus
749 2321 817 2376 de
863 2321 1007 2394 igne,
1053 2337 1177 2378 cum
1238 2324 1386 2396 igne,
1437 2324 1492 2378 in
1541 2325 1667 2396 igne
1689 2327 1984 2385 exsistunt.
2021 2325 2120 2383 His

527 2414 674 2478 enim
715 2413 878 2468 rebus
913 2414 1167 2484 equidem
1204 2430 1341 2472 usus
1385 2415 1502 2471 haec
1550 2415 1846 2484 declaravi,
1883 2418 2122 2476 obscure

530 2522 663 2561 sane
693 2523 807 2562 rem
838 2507 1263 2577 explicantibus.
1298 2509 1393 2565 sed
1429 2511 1498 2566 ab
1525 2510 1764 2582 imagine
1785 2519 1969 2569 tamen
2007 2528 2120 2568 non

530 2615 763 2670 prorsus
787 2599 1238 2656 abhorrentibus.
1263 2597 1440 2656 Filius
1470 2616 1603 2674 ergo
1629 2603 1718 2673 qui
1752 2610 1837 2658 est
1858 2602 1915 2658 in
1936 2601 2121 2670 Patre,

528 2692 598 2748 de
629 2690 821 2748 eodem
860 2691 1086 2762 prodiit,
1110 2699 1313 2748 etcum
1345 2690 1507 2749 Patre
1542 2693 1782 2760 exsistit,
1811 2700 1867 2751 et
1893 2693 2123 2750 inﬁnitis

530 2784 750 2841 sasculis
788 2784 914 2850 erit,
951 2784 1414 2855 quemadmodum
1459 2786 1576 2857 ipse
1620 2786 1798 2858 inquit
1837 2806 1852 2842 :
1904 2786 2018 2859 Ego
2065 2787 2124 2841 in

530 2877 696 2932 Patre
720 2893 862 2943 sum,
893 2885 943 2931 et
982 2876 1146 2932 Pater
1173 2887 1255 2932 est
1287 2879 1346 2932 in
1383 2894 1465 2934 me
1510 2879 1574 2935 ".
1609 2878 1820 2946 Quibus
1858 2879 2042 2935 verbis
2069 2886 2124 2935 et

529 2972 780 3028 eamdem
804 2971 1096 3043 utriusque
1119 2981 1372 3028 naturam
1401 2973 1518 3030 sive
1541 2973 1866 3039 essentiam,
1895 2984 1950 3030 et
1971 2975 2124 3029 nulla

529 3080 594 3120 es
633 3071 788 3135 parte
815 3063 1088 3119 diversam
1119 3064 1412 3136 utriusque
1452 3065 1813 3133 divinitatem,
1848 3074 1902 3122 et
1934 3083 2122 3139 parem

530 3158 769 3228 denique
783 3164 1106 3228 potestatem
1120 3175 1244 3214 esse
1265 3158 1556 3231 signiﬁcat.
1579 3158 1797 3216 Rursus
1841 3175 1965 3215 cum
2000 3160 2079 3214 ait
2105 3178 2120 3215 :

532 3245 645 3318 Ego
675 3249 738 3302 de
769 3245 932 3301 Patre
957 3264 1074 3301 sum
1094 3265 1359 3319 egressus,
1379 3259 1536 3320 atque
1565 3250 1621 3304 in
1649 3250 1903 3304 mundum
1927 3252 2040 3305 veni
2057 3252 2121 3306 “z

530 3339 906 3395 diversitatem
938 3340 1444 3411 proprietatemque
1473 3357 1728 3411 personae
1760 3342 2121 3399 demonstrat.

530 3429 703 3486 Porro
753 3431 974 3489 divinus
1024 3433 1522 3505 sanctissimusque
1573 3432 1814 3506 Spiritus
1861 3451 1971 3490 non
2035 3436 2126 3492 ille

531 3523 757 3593 quidem
811 3533 898 3580 est
943 3525 1184 3595 genitus,
1233 3524 1332 3581 sed
1365 3525 1629 3597 procedit,
1680 3534 1846 3598 atque
1888 3543 1955 3584 eo
2005 3527 2125 3599 ipso

532 3617 685 3688 quod
717 3616 787 3674 de
831 3615 998 3674 Patre
1041 3618 1315 3690 procedit,
1360 3633 1391 3674 a
1439 3619 1601 3675 Patre
1641 3627 1902 3692 tanquam
1955 3638 2126 3679 causa

531 3708 734 3764 oritur.
800 3705 1037 3765 Davides
1095 3709 1342 3780 quidem,
1402 3718 1774 3766 sacrosancta:
1835 3711 2125 3770 Trinitatis

531 3812 844 3868 enarrator,
897 3800 1066 3858 Verbo
1110 3803 1350 3869 Domini,
1389 3804 1590 3875 inquit,
1646 3805 1976 3860 constabiliti
1999 3817 2124 3862 sunt

532 3897 674 3960 cwli,
696 3905 746 3951 et
773 3894 978 3968 Spiritu
1005 3902 1114 3950 oris
1137 3897 1302 3965 ipsius
1325 3899 1499 3953 omnis
1526 3897 1752 3954 celestis
1771 3900 2036 3955 exercitus
2055 3899 2119 3956 ¹⁹.

533 3989 749 4055 Quibus
773 3999 826 4046 et
864 3989 956 4044 illa
995 3989 1277 4044 Zachariae
1314 3990 1478 4046 verba
1527 3999 1660 4048 sunt
1702 4001 2072 4049 consentanea
2105 4010 2119 4047 :

534 4081 788 4137 Robusto:
827 4083 935 4137 sint
980 4081 1300 4138 Zorobabeli
1339 4093 1389 4138 et
1432 4081 1678 4139 Josedeci
1727 4085 2043 4152 sacerdotis,
2072 4097 2123 4140 et

535 4176 718 4246 populi
743 4192 970 4240 manus;
1000 4177 1252 4247 quoniam
1301 4191 1392 4246 ego
1442 4175 1708 4230 vobiscum
1737 4193 1876 4240 sum,
1905 4186 1955 4230 et
1999 4175 2126 4231 Ver—

536 4269 660 4323 bum
696 4285 891 4336 meum,
931 4278 982 4323 et
1023 4268 1258 4339 Spiritus
1304 4285 1472 4323 meus.
1529 4267 1662 4323 Haec
1695 4267 1912 4329 Domini
1948 4270 2124 4326 omni-

535 4363 764 4433 potentis
791 4362 946 4417 verba
969 4371 1095 4417 sunt
1122 4364 1190 4417 '°.
1224 4361 1388 4418 Pater
1427 4363 1596 4434 igitur
1632 4379 1739 4417 non
1767 4372 1854 4421 est
1879 4363 2122 4434 genitus,

537 4451 711 4509 Filius
750 4453 992 4524 genitus,
1047 4450 1287 4523 Spiritus
1337 4451 1617 4523 procedit;
1671 4469 1796 4523 qua:
1845 4454 1950 4508 tria
1995 4465 2126 4510 sunt

537 4548 592 4603 in
645 4548 845 4618 seipsis
903 4546 1145 4614 lumina;
1179 4560 1291 4601 non
1335 4545 1773 4613 confunduntur,
1812 4548 1998 4602 lucent
2031 4563 2126 4603 eo-

535 4638 660 4694 dem
695 4639 922 4703 lumine,
959 4639 1144 4695 lucent
1196 4645 1485 4707 aeternum,
1535 4639 1772 4695 indivise
1817 4656 1914 4710 per
1960 4639 2128 4712 hypo-

537 4744 716 4791 stases
763 4734 879 4791 sive
930 4749 1195 4806 personas
1236 4733 1674 4805 distinguuntur,
1722 4741 1778 4789 et
1829 4735 1949 4790 sine
1986 4749 2124 4790 con-

535 4825 756 4880 fusione
827 4832 960 4881 sunt
1020 4839 1191 4878 unum
1273 4825 1512 4879 essentia
1582 4824 2010 4894 supernaturali,
2073 4835 2126 4882 et

534 4919 930 4989 conjunctione
983 4917 1182 4973 mentis
1225 4916 1336 4972 vim
1387 4927 1705 4988 superante,
1756 4927 1812 4973 et
1861 4918 2125 4973 distantia

535 5013 742 5068 nullam
768 5010 1172 5068 dimensionem
1212 5011 1557 5067 admittente.
1596 5011 1777 5082 Atque
1814 5020 1926 5068 tres
1958 5014 2126 5084 hypo-

536 5114 712 5159 slases
741 5101 965 5159 deitatis
999 5119 1162 5158 unam
1205 5103 1508 5160 essentiam
1552 5101 1608 5156 in
1637 5103 1864 5158 totidem
1901 5113 2128 5160 naturas

535 5209 646 5248 non
676 5192 931 5249 dividunt
959 5213 974 5250 :
1008 5197 1082 5249 ita
1112 5195 1298 5251 unitas
1328 5195 1581 5252 essentia:
1602 5193 1809 5252 fontem
1838 5195 1990 5251 illum
2015 5196 2130 5252 dei-

536 5286 667 5343 tatis
693 5287 871 5344 tribus
905 5288 1066 5344 ostiis
1103 5296 1370 5343 aeternum
1399 5287 1682 5352 liuentem,
1718 5288 1772 5342 in
1815 5303 1980 5342 unam
2016 5289 2133 5345 sive

537 5395 830 5450 personam
862 5380 979 5436 sive
1008 5381 1331 5451 hypostasin
1381 5397 1558 5452 neque
1600 5381 1923 5436 commiscet
1952 5397 2132 5452 neque

535 5471 838 5528 contrahit.
895 5470 1043 5543 Ergo
1105 5479 1161 5527 et
1225 5471 1389 5529 Pater
1447 5474 1630 5528 lumen
1687 5481 1794 5534 est.
1838 5482 1894 5528 ct
1957 5471 2132 5530 Filius

536 5572 622 5618 est
657 5565 865 5631 lumen,
911 5574 966 5621 et
1015 5565 1258 5638 Spiritus
1301 5567 1488 5622 itidem
1540 5578 1812 5623 sanctus:
1859 5575 1914 5622 et
1958 5566 2131 5621 nihilo

539 5662 724 5710 tamen
756 5657 940 5714 minus
983 5657 1039 5712 hi
1081 5667 1193 5714 tres
1224 5674 1393 5713 unum
1433 5658 1619 5714 lumen
1652 5659 1951 5722 exsistunt,
1982 5657 2130 5728 quod

539 5758 624 5801 est
659 5765 823 5818 supra
871 5766 1032 5806 omne
1083 5759 1320 5822 tempus,
1368 5759 1424 5806 et
1474 5759 1601 5806 ante
1660 5752 1879 5814 smcula,
1928 5763 1981 5807 et
2033 5767 2126 5806 es-

623 5910 661 5942 "
698 5911 850 5967 Joun,
894 5928 984 5983 xv,
1026 5912 1110 5967 10.

2835 1293 3086 1348 ΠΕΥΣΙΣ
3117 1293 3193 1350 Γ.

2289 1407 2405 1464 Καὶ
2451 1408 2570 1473 πῶς
2619 1409 2686 1467 ἐκ
2715 1408 2810 1463 τοῦ
2840 1411 3056 1483 Πατρὸς
3083 1410 3366 1484 γεννηθεὶς
3407 1414 3502 1468 καὶ
3550 1413 3810 1481 ἐξελθὼν,

2218 1501 2320 1558 σὺν
2357 1502 2438 1573 τῷ
2466 1503 2645 1574 Πατρὶ
2687 1503 2782 1562 καὶ
2823 1504 2883 1558 ὲν
2924 1503 3003 1574 τῷ
3047 1505 3223 1578 Πατρὶ
3263 1505 3487 1561 δύναται
3525 1503 3702 1573 srvat;
3736 1509 3813 1561 Τὸ

2220 1588 2370 1662 ἆπαξ
2395 1589 2656 1662 γεννηθὲν
2679 1592 2776 1645 καὶ
2807 1592 3070 1665 προελθὸν
3093 1594 3186 1648 τοῦ
3217 1595 3464 1667 ἔχοντος,
3495 1597 3615 1662 πῶς
3646 1597 3814 1660 πάλιν

2217 1683 2280 1738 ὲν
2309 1682 2388 1755 τῷ
2410 1684 2732 1756 γεννήσαντι
2765 1684 2950 1754 Eatur;

2449 1843 2454 1848 .
2833 1779 3200 1855 Ἀπόκρισις.

2309 1869 2452 1924 Ἀλλ’
2483 1871 2585 1929 οὐκ
2616 1865 2712 1924 ἶσα
2757 1870 2968 1943 βροτοῖς
3012 1872 3158 1927 κατὰ
3209 1872 3397 1950 ρεῦσιν
3448 1875 3482 1950 ἢ
3536 1872 3744 1948 τομὴν,
3772 1874 3812 1950 ﬁ

2219 1958 2544 2030 διάστασιν,
2604 1965 2634 2017 6
2671 1963 2800 2028 Υἱὸς
2853 1963 2948 2019 καὶ
2994 1964 3058 2018 τὸ
3085 1964 3313 2036 Πνεῦμα
3363 1967 3427 2020 ὲκ
3468 1965 3563 2020 τοῦ
3594 1966 3818 2038 Πατρὸς

2220 2052 2495 2125 προῆλθον
2515 2094 2531 2118 ,
2564 2054 2680 2109 ἀλλ’
2714 2053 2792 2118 ὠς
2816 2055 2881 2108 ἐκ
2905 2056 3114 2127 κρήνης
3141 2057 3399 2128 ποταμοὶ,
3439 2057 3497 2125 ἐξ
3519 2057 3692 2129 αὐτῆς
3716 2058 3822 2112 καὶ

2221 2145 2280 2198 ὲν
2326 2145 2464 2218 αὐτῇ
2526 2147 2622 2200 καὶ
2656 2145 2755 2201 σὺν
2783 2147 2921 2219 αὐτῇ
2954 2148 3138 2214 ὄντες·
3175 2149 3270 2204 καὶ
3308 2149 3384 2213 ὡς
3427 2150 3493 2203 ὲκ
3519 2148 3613 2203 τοῦ
3661 2148 3822 2220 ήλίου

2219 2239 2277 2290 αἱ
2327 2238 2728 2310 μαρμαρυγαὶ,
2761 2240 2821 2293 ὲν
2849 2239 3001 2311 αὐτῷ
3043 2242 3140 2294 καὶ
3173 2243 3269 2295 σὺν
3299 2240 3448 2312 αὐτῷ
3487 2241 3582 2294 καὶ
3623 2241 3683 2307 ἐξ
3714 2242 3826 2296 αὖ·

2219 2328 2314 2383 τοῦ
2337 2346 2350 2360 ο
2381 2331 2476 2384 καὶ
2516 2331 2594 2394 ὡς
2622 2333 2654 2402 ἡ
2703 2331 2835 2402 φλὸξ
2859 2332 2955 2386 καὶ
2985 2331 3047 2386 τὸ
3082 2331 3198 2402 φῶς
3222 2372 3238 2398 ,
3265 2335 3330 2386 ὲκ
3373 2331 3468 2386 τοῦ
3514 2332 3685 2404 πυρὸς
3723 2334 3828 2386 καὶ

2224 2421 2322 2475 σὺν
2355 2421 2505 2492 αὐτῷ
2539 2423 2636 2476 καὶ
2666 2421 2727 2490 ἐξ
2757 2421 2946 2476 αὑτοῦ.
2993 2423 3280 2495 ’Δμυδροῖς
3320 2422 3456 2494 μὲν,
3503 2422 3707 2476 ἐοικόσι
3735 2421 3825 2487 δὲ,

2220 2517 2289 2586 τῇ
2322 2515 2491 2569 εικόνι
2532 2515 2880 2586 χρησάμενος
2909 2515 3068 2588 ἔφην.
3104 2515 3298 2569 Τοίνυν
3339 2517 3397 2570 ὲν
3420 2514 3498 2587 τῷ
3532 2515 3710 2587 Πατρὶ
3741 2514 3828 2568 ὢν

2222 2607 2450 2678 ἐξῆλθεν
2469 2646 2483 2671 ,
2516 2609 2611 2662 καὶ
2641 2609 2741 2662 σὺν
2775 2607 2854 2679 τῷ
2884 2609 3062 2680 Ila-“cpi.
3094 2608 3330 2680 ὑπάρχει
3351 2649 3367 2671 ,
3414 2608 3513 2662 καὶ
3543 2607 3699 2662 ἔσται
3739 2608 3830 2670 είς

2220 2699 2350 2766 τοὺς
2372 2699 2574 2763 αίῶνας
2602 2716 2616 2730 ·
2659 2699 2844 2764 καθὼς
2871 2700 3036 2766 αὐτός
3060 2717 3227 2773 φησιν
3245 2718 3261 2732 ο
3309 2701 3460 2770 Ἐγὼ
3487 2701 3558 2754 ἐν
3588 2699 3672 2766 τῷ
3699 2704 3830 2756 Παι-

2221 2790 2351 2860 τρί,
2376 2791 2475 2844 καί
2515 2793 2548 2845 6
2575 2789 2780 2860 Πατὴρ
2806 2791 2879 2845 ἐν
2925 2791 3098 2863 ἐμοί·
3138 2791 3201 2846 τὸ
3249 2791 3447 2846 ταύτὸν
3481 2791 3584 2862 τῆς
3630 2791 3831 2854 οὐσίας

2223 2884 2318 2936 καὶ
2341 2883 2403 2937 τὸ
2434 2883 2855 2956 ἀπαράλλακτον
2887 2887 2988 2956 τῆς
3015 2884 3268 2954 θεότητος
3298 2884 3395 2938 καὶ
3445 2883 3716 2957 ίσοσθενὲς
3761 2883 3832 2941 ἐκ

2222 2974 2431 3029 τούτων
2466 2974 2662 3048 δηλῶν.
2704 2975 2816 3028 Καὶ
2866 2975 3065 3030 πάλιν
3133 2976 3284 3046 Ἐγὼ
3334 2976 3407 3030 ἐκ
3450 2977 3557 3032 τοῦ
3591 2975 3833 3045 Πατρός

2224 3066 2491 3137 ἐξῆλθον
2523 3067 2622 3122 καὶ
2640 3065 2918 3135 ἐλήλυθα
2944 3071 3032 3136 εἰς
3050 3068 3159 3124 τὸν
3186 3070 3422 3140 κόσμον
3441 3085 3456 3100 υ
3487 3067 3552 3122 τὸ
3582 3069 3855 3152 ἑτεροῖον.

2225 3163 2322 3215 καὶ
2362 3161 2563 3227 ἰδιάζον
2587 3162 2683 3216 τοῦ
2717 3161 3013 3236 προσώπου
3042 3162 3345 3235 παριστῶν.
3371 3161 3447 3216 Τὸ
3467 3162 3526 3216 δὲ
3557 3160 3701 3216 θεῖον
3727 3163 3833 3217 καὶ

2224 3251 2493 3321 πανάγιον
2517 3251 2778 3324 Πνεῦμα,
2816 3255 2878 3307 οὐ
2906 3252 3168 3325 γεννητὸν
3202 3253 3304 3324 μὲν
3326 3295 3342 3322 ,
3374 3253 3710 3326 ἐκπορευτὸν
3741 3254 3830 3318 δὲ,

2224 3343 2321 3397 καὶ
2351 3343 2594 3397 αίτιατὸν
2637 3344 2697 3411 ἐξ
2745 3343 2923 3399 αίτίου
2954 3343 3051 3399 τοῦ
3091 3344 3306 3417 Πατρὸς
3359 3346 3835 3418 ἐκπορευόμενον.

2237 3434 2400 3489 Ἀλλὰ
2438 3436 2533 3490 καὶ
2580 3436 2782 3502 Δαὸὶδ,
2822 3439 2852 3492 6
2904 3437 3006 3510 τῆς
3055 3436 3206 3502 θείας
3240 3437 3472 3508 Τριάδος
3525 3436 3834 3510 ἐξηγητής,

2230 3526 2315 3594 Τῷ
2343 3527 2514 3598 Λόγῳ
2545 3529 2771 3597 Κιιρίου
2791 3569 2806 3595 ,
2841 3529 3007 3600 φησὶν
3033 3568 3050 3594 ,
3081 3531 3137 3584 οὶ
3178 3527 3424 3598 οὐρανοὶ
3456 3527 3834 3599 ἐστερεώθη-

2225 3635 2369 3684 σαν,
2400 3622 2500 3677 καὶ
2527 3621 2608 3688 τῷ
2635 3621 2936 3692 Πνεύματι
2963 3623 3072 3677 τοῦ
3099 3623 3402 3692 στόματος
3435 3622 3626 3677 αὐτοῦ
3653 3622 3840 3680 πᾶσα

2228 3713 2263 3783 ἠ
2312 3713 2569 3785 δύναμις
2592 3713 2814 3770 αὐτῶν.
2843 3715 3118 3787 Ζαχαρίας
3146 3716 3204 3770 δὲ
3233 3714 3445 3780 τούτοις
3479 3715 3799 3787 συμφωνῶν
3821 3735 3839 3757 τ

2239 3807 2639 3878 Ἰσχυέτωσαν
2663 3849 2679 3875 ,
2718 3808 2884 3879 φησὶν
2904 3847 2920 3872 ,
2954 3811 3016 3863 at
3054 3808 3254 3878 χεῖρες
3293 3808 3630 3878 Ζοροϐάϐελ
3652 3847 3674 3874 ,
3726 3809 3842 3864 καί

2223 3895 2286 3947 ai
2310 3892 2508 3964 χεῖρες
2547 3894 2823 3949 Ἰωσεδὲκ
2850 3894 2958 3950 τοῦ
2987 3895 3188 3965 ἱερέως
3207 3936 3224 3962 ,
3255 3897 3355 3951 καὶ
3393 3900 3454 3952 ai
3477 3897 3675 3968 χεῖρες
3717 3900 3842 3955 τοῦ

2223 3981 2381 4038 λαοῦ
2403 3999 2418 4017 ο
2449 3982 2598 4038 διότι
2621 3984 2736 4055 ἐγὼ
2753 3987 2882 4055 μεθ’
2911 3984 3082 4057 ὑμῶν
3107 3989 3248 4057 εἰμι,
3280 3987 3380 4042 καὶ
3403 3989 3436 4042 6
3469 3989 3665 4058 Λόγγος
3680 4007 3841 4060 μου,

2225 4073 2325 4127 καὶ
2353 4073 2418 4129 τὸ
2443 4073 2688 4146 Πνεῦμά
2711 4093 2863 4146 μου,
2901 4077 3065 4148 λέγει
3111 4080 3328 4150 Κύριος
3373 4079 3837 4151 παντοκράτωρ.

2239 4167 2560 4240 Ἀγέννητος
2591 4165 2686 4224 οὖν
2714 4172 2744 4225 6
2771 4171 2962 4243 Πατὴρ
2984 4213 3001 4238 ,
3025 4172 3286 4246 γεννητὸς
3317 4176 3345 4228 6
3362 4173 3491 4238 Υἱὸς
3511 4213 3528 4239 ,
3560 4177 3843 4248 ἐκπορευ-

2225 4259 2316 4314 τὸν
2344 4260 2406 4314 τὸ
2443 4259 2674 4334 Πνεῦμα
2697 4301 2712 4327 ,
2743 4265 2802 4316 ὲν
2832 4261 3085 4336 ἀλλήλοις
3145 4265 3333 4335 φῶτα·
3372 4268 3514 4339 μήτε
3572 4268 3844 4322 συναλει-

2225 4352 2454 4423 φόμενοι
2478 4393 2494 4420 ,
2516 4353 2792 4425 ὁμόφωτοι
2821 4395 2836 4421 ,
2883 4356 3144 4426 ἀείφωτοι
3164 4399 3181 4427 ,
3214 4357 3542 4432 ἀδιαιρέτως
3592 4363 3809 4433 χωριζό
3831 4395 3845 4406 ο

2229 4462 2383 4522 μενοι
2410 4448 2533 4512 ταῖς
2561 4447 2926 4503 ὑποστάσεσιν
2957 4450 3053 4522 ήτε
3106 4450 3428 4523 προσώποις
3451 4489 3472 4520 ,
3520 4454 3619 4507 καὶ
3664 4455 3847 4508 ἀσυν-

2227 4538 2502 4604 αλείπτως
2534 4541 2813 4613 ὲνούμενοι
2840 4545 2908 4615 τῇ
2946 4543 3260 4617 ὐπερουσίῳ
3289 4546 3480 4617 οὐσίᾳ,
3537 4547 3635 4601 καὶ
3687 4548 3844 4619 ὑπὲρ

2227 4630 2355 4686 νοῦν
2416 4633 2682 4705 συναφείᾳ
2715 4675 2732 4701 ,
2798 4635 2895 4688 καὶ
2955 4635 3235 4691 διαστάσει
3292 4637 3657 4702 ἀδιαστάτως.
3719 4641 3845 4694 Καὶ

2226 4723 2353 4782 οὔτε
2402 4725 2460 4782 αί
2508 4728 2658 4800 τρεῖς
2690 4727 3021 4792 ὑποστάσεις
3074 4731 3155 4794 είς
3194 4731 3466 4796 τοσαύτας
3497 4731 3696 4800 φύσεις
3721 4732 3842 4786 τέ-

2231 4835 2423 4892 μνουσι
2454 4818 2555 4889 τὴν
2591 4819 2718 4891 μίαν
2765 4819 2868 4892 τῆς
2921 4820 3177 4893 θεότητος
3218 4824 3445 4887 οὐσίαν,
3489 4823 3614 4878 οὔτε
3661 4827 3696 4898 ἡ
3728 4828 3843 4898 μία

2227 4910 2388 4970 οὐσία
2421 4913 2503 4976 εἰς
2545 4911 2606 4966 ἓν
2653 4913 2948 4984 πρόσωπον
2998 4913 3092 4967 καὶ
3148 4914 3280 4985 μίαν
3347 4915 3647 4970 ὑπόστασιν
3706 4935 3847 4975 συν-

2229 5005 2454 5076 ελείφθη
2473 5046 2486 5070 ,
2517 5006 2611 5060 καὶ
2642 5009 2980 5079 συναιρεῖται
3009 5007 3110 5080 τὴν
3127 5007 3420 5080 τρίστομον
3457 5011 3553 5064 καὶ
3578 5012 3848 5082 τρισαέν-

2234 5115 2364 5157 ναον
2394 5099 2603 5170 κρήνην
2622 5099 2720 5170 τῆς
2750 5098 3023 5170 θεότητος.
3056 5100 3178 5164 Φῶς
3203 5099 3384 5155 τοίνυν
3411 5103 3440 5156 6
3468 5102 3692 5175 Πατὴρ,
3716 5104 3849 5176 φῶς

2236 5191 2265 5242 ὁ
2311 5188 2469 5253 Υἱὸς,
2509 5187 2625 5258 φῶς
2669 5188 2732 5241 τὸ
2785 5188 2929 5243 θεῖον
2972 5188 3241 5262 Πνεῦμα⁶
3283 5190 3400 5245 ἀλλ’
3449 5193 3499 5247 oi
3546 5196 3738 5263 τρεῖς,
3782 5195 3849 5256 ἓν

2238 5281 2582 5358 ὑπάρχουσιν
2633 5281 2786 5351 φῶς,
2834 5282 2976 5353 ὑπὲρ
3021 5283 3213 5356 χρόνον
3257 5283 3620 5356 προαιὼνιον,
3666 5285 3852 5358 ἄναρ-

2236 5397 2354 5450 χον,
2394 5380 2803 5451 τριπρόσωπον,
2834 5381 3288 5448 τρισυπόστατον,
3319 5381 3693 5454 τριδέσποτον,
3714 5384 3850 5456 τρί-

2236 5460 2426 5545 θρονον
2452 5514 2468 5539 ,
2529 5473 2875 5545 τριλαμπὲς,
2931 5473 3230 5546 τριαυγὲς,
3289 5475 3629 5547 ίσολαμπὲς,
3671 5477 3854 5536 du).-

2235 5565 2495 5632 λοίωτον,
2547 5566 2822 5638 ἀμείωτον
2846 5607 2862 5633 ,
2908 5567 3209 5639 ἁνύκτερον
3245 5607 3262 5635 ,
3301 5569 3638 5645 ἀχείρωτον,
3687 5568 3849 5622 ἁλώ-

2237 5659 2401 5730 δητον
2439 5697 2456 5723 ,
2499 5656 2598 5728 μία
2644 5659 2806 5712 οὐσία
2833 5699 2848 5722 ,
2898 5659 2997 5730 μία
3055 5659 3347 5714 συσθένεια
3376 5701 3394 5728 ,
3444 5661 3544 5732 μία
3587 5659 3849 5728 εὔκλεια,

2238 5751 2336 5821 μία
2401 5750 2692 5821 βασιλεία,
2757 5751 2854 5824 μία
2917 5752 3108 5828 θεότης
3141 5794 3156 5823 ,
3215 5752 3275 5807 ἓν
3334 5753 3548 5828 θέλημα
3579 5797 3596 5822 ,
3649 5755 3853 5828 δρᾶμ

1192 5913 1232 5944 "
1261 5910 1419 5969 Joan.
1457 5930 1568 5982 xw,
1595 5913 1686 5970 28.
1771 5917 1809 5947 “
1835 5913 1980 5973 Psal.
2016 5929 2184 5982 usu,
2217 5913 2270 5967 6.
2349 5912 2390 5945 "'
2422 5910 2587 5967 Zach.
2629 5929 2700 5982 xv,
2728 5915 2780 5980 ti,
2811 5915 2862 5969 9.
