4108 6376
271 405 368 464 8M

267 518 364 572 καὶ
425 517 754 588 πρόσταγμα
782 532 799 549 ο

264 607 534 677 ταὺτότης
562 607 622 662 ἐν
648 607 840 683 Τριάᾷι
857 646 871 671 ,
902 607 1046 678 πλὴν
1070 606 1402 678 ἀγεννησίας
1424 607 1518 662 καὶ
1546 610 1858 681 γεννήσεως

267 702 362 755 καὶ
383 700 783 774 ὲκπορεύσεως,
807 700 1044 774 ἑκάστης
1060 701 1411 766 ὑποστάσεως
1437 703 1746 770 ἰδιαζόντως
1767 704 1859 762 οὑ-

271 812 371 866 σης
401 795 496 848 καὶ
528 795 814 864 ἐσομένης,
859 795 960 848 οὑκ
996 791 1332 866 ἀρξαμένης,
1380 795 1444 848 οὑ
1472 798 1856 871 παυσαμένης,

267 884 380 938 ἀλλ’
399 885 486 938 ἀεὶ
507 885 768 948 ῶσαὺτως
791 885 1022 956 ἐχούσης
1045 886 1138 939 καὶ
1160 886 1545 959 ἀμεταϐλήτου
1563 889 1853 960 μενούσης.

281 977 394 1029 Ἀεὶ⁵
422 978 528 1050 γὰρ
568 977 816 1048 ὑπῆρχεν
844 978 872 1029 6
897 976 1028 1040 Θεὸς
1057 977 1150 1030 καὶ
1181 978 1400 1048 Πατήρο
1443 980 1532 1032 ἀεὶ
1560 979 1637 1034 ὢν
1665 981 1857 1052 Πατὴρ

266 1069 464 1132 Παιδὸς
507 1068 850 1139 μονογενοῦς,
889 1068 1060 1140 αὑδῆς
1092 1070 1482 1138 ὲνυποστάτου,
1508 1072 1686 1126 πάντα
1714 1073 1855 1144 δρῶ-

265 1179 389 1232 σης,
427 1162 514 1215 ἀεὶ
557 1162 807 1228 ξυνόντος
863 1164 1046 1226 αὑτοῖς
1076 1163 1172 1217 τοῦ
1203 1162 1348 1215 θείου
1388 1164 1727 1235 Πνεὺματος,
1760 1165 1856 1220 καὶ

265 1254 859 1326 συμπροσκυνουμένου
896 1254 1048 1327 παρά
1080 1254 1262 1327 πάσης
1301 1259 1494 1328 νοερᾶς
1537 1275 1596 1312 τε
1642 1259 1737 1313 καὶ
1766 1258 1856 1311 λο-

263 1350 426 1418 γικῆς
456 1347 692 1417 φύσεως.
747 1349 823 1402 Οὑ
863 1350 1126 1421 πρόγονός
1153 1369 1236 1415 τις
1268 1351 1328 1417 ἐξ
1372 1351 1553 1406 αὑτῶν
1590 1354 1699 1406 οὐδ’
1728 1353 1852 1408 ἐπί-

263 1457 442 1508 γονος,
481 1440 583 1493 οὑκ
616 1440 816 1506 αὔξων,
861 1443 920 1496 οὑ
950 1443 1135 1513 λήγων
1167 1444 1308 1498 κατὰ
1333 1444 1394 1498 τὸ
1427 1445 1687 1516 αἰσθητὸν
1714 1445 1848 1513 φῶς,

263 1531 298 1602 ἢ
327 1531 426 1595 τὰς
447 1532 851 1604 ὑπερκοσμίους
889 1534 1142 1604 δυνάμεις
1162 1550 1178 1565 ·
1220 1536 1276 1587 al
1311 1535 1502 1589 ταὺτὸν
1539 1537 1636 1608 μὲν
1659 1539 1726 1608 τῇ
1756 1538 1852 1590 οὑ-

262 1623 358 1696 σίᾳ
395 1627 566 1678 πᾶσαι
611 1626 954 1697 ὑπάρχουσαι
988 1627 1210 1698 (ὁμοίως
1255 1629 1350 1682 καὶ
1390 1631 1444 1682 αἱ
1471 1629 1687 1697 λογικαὶ
1727 1631 1853 1701 βρο-

263 1720 372 1772 τῶν
397 1718 588 1789 ψυχαὶ,
636 1720 833 1772 ταύτὸν
874 1719 1216 1790 ὑπάρχουσαι
1248 1724 1315 1792 τῇ
1348 1721 1508 1793 οὑσίᾳ
1538 1723 1753 1793 πᾶσαι),
1794 1723 1850 1776 αἱ

265 1807 369 1879 μὲν
399 1809 728 1878 τυγχάνουσι
751 1808 922 1874 τάξει,
959 1811 1015 1863 αί
1048 1810 1105 1863 δὲ
1139 1810 1347 1875 στάσει,
1377 1811 1562 1882 ἕτεραι
1587 1812 1644 1866 δὲ
1672 1829 1853 1884 παρα-

264 1899 453 1954 στάσει
509 1902 604 1954 καὶ
651 1899 963 1973 λειτουργίᾳ
987 1941 1002 1967 ,
1055 1902 1337 1967 ἐπιϐολαῖς
1381 1904 1476 1956 καὶ
1527 1905 1853 1975 μεταϐολαῖς

264 1997 358 2048 καὶ
383 1997 772 2066 μετατροπαῖς,
808 1994 1146 2066 αὐθαιρέτως
1171 1997 1308 2069 πρὸς
1327 1997 1388 2050 τὺ
1407 1999 1586 2068 χεῖρον
1614 1998 1647 2068 ἢ
1679 2001 1856 2069 κρεῖτ-

259 2103 355 2140 τον
403 2086 688 2160 ῥέπουσαι,
726 2088 828 2141 οὑκ
868 2086 1086 2161 ἀνάγκη
1127 2087 1184 2141 δὲ
1229 2091 1434 2160 φυσικῇ
1485 2089 1853 2143 ἐκπίπτουσαι

262 2181 405 2232 κατά
443 2178 505 2232 τὸ
553 2179 738 2250 μεῖζον
774 2181 867 2234 καὶ
899 2175 1094 2252 ἦττον·
1132 2181 1190 2234 ὲν
1229 2180 1441 2244 τούτοις
1489 2181 1550 2234 τὸ
1594 2182 1853 2254 διάφορον

262 2267 482 2338 ἔχουσαι
515 2269 615 2339 τῆς
676 2270 973 2341 ὑπεροχῆς.
1036 2271 1156 2335 Φῶς
1194 2270 1250 2324 δὲ
1294 2273 1386 2325 καὶ
1409 2274 1437 2326 6
1463 2272 1654 2345 βροτὸς
1686 2291 1854 2345 προσ-

262 2361 581 2431 αγορεύεται
601 2401 615 2427 ,
666 2364 780 2432 φῶς
810 2365 900 2416 καὶ
924 2365 952 2416 6
975 2363 1126 2435 ἥλιος
1151 2365 1245 2418 καὶ
1273 2366 1305 2437 ή
1339 2364 1535 2438 σελήνη
1573 2367 1847 2421 καλεῖται·

263 2454 381 2523 φῶς
428 2457 522 2509 καὶ
561 2457 594 2526 ή
638 2455 858 2528 ποικίλη
909 2456 1020 2510 τῶν
1045 2458 1264 2528 ἄστρων
1301 2459 1492 2532 χορεία
1525 2461 1852 2532 κατωνόμα-

262 2561 408 2599 σται.
458 2544 618 2598 Ἀλλά
636 2545 746 2599 τῶν
769 2547 1073 2618 εἰρημένων
1096 2548 1364 2602 πλείστων
1387 2549 1586 2603 ὑλικῶν
1618 2551 1709 2603 καὶ
1737 2550 1854 2609 δια-

261 2636 445 2708 φόρων
477 2637 692 2706 φώτων,
738 2640 1066 2712 πολυμερῶς
1108 2643 1204 2696 καὶ
1230 2641 1586 2712 πολυτρόπως
1621 2642 1851 2714 ποιητὴς

261 2731 356 2782 καὶ
383 2729 717 2801 δημιουργὸς
755 2732 992 2804 ὑπάρχει
1023 2734 1086 2786 τὸ
1119 2734 1373 2804 ἀληθινὸν
1400 2736 1493 2787 καὶ
1520 2734 1683 2790 ἄῡλον
1713 2735 1848 2803 φῶς,

260 2822 290 2874 6
337 2823 432 2876 ἐπὶ
476 2823 696 2877 πάντων
731 2823 865 2888 Θεὸς
909 2825 1003 2878 καὶ
1046 2825 1259 2898 Πατὴρ,
1309 2827 1410 2883 σὺν
1449 2825 1526 2896 τῷ
1572 2828 1854 2898 μονογενεῖ

261 2915 428 2969 αὑτοῦ
456 2916 612 2969 Παιδὶ
633 2916 725 2970 καὶ
752 2916 883 2988 Θείῳ
904 2916 1180 2987 Πνεῦματι
1196 2934 1209 2947 ο
1239 2917 1268 2969 6
1289 2915 1602 2990 ἀσώματος,
1633 2919 1661 2972 6
1681 2917 1850 2989 ἀόρα-

260 3025 372 3072 τος,
413 3009 442 3062 6
469 3007 793 3079 ὑπερούσιος
819 3009 913 3061 καὶ
936 3008 1380 3079 ὑπεράγνωστος,
1413 3010 1442 3062 6
1464 3007 1559 3066 τοῦ
1594 3009 1692 3080 μὲν
1715 3007 1848 3077 Υίοῦ

259 3101 564 3171 γεννήτωρ,
598 3100 692 3153 τοῦ
723 3100 780 3153 δὲ
803 3099 1120 3171 Πνεῦματος
1151 3101 1472 3174 προϐολεὺς,
1512 3101 1656 3156 κατά
1687 3101 1850 3171 φύσιν

259 3191 503 3260 ἀφάτως,
530 3191 798 3262 ἀχρόνως,
828 3190 936 3262 πρὸ
960 3191 1068 3244 τῶν
1093 3191 1306 3246 αἰώνων
1322 3209 1337 3226 ο
1368 3194 1429 3246 οὐ
1451 3192 1561 3264 γὰρ
1585 3193 1850 3264 πρόγονον

257 3284 293 3354 ἢ
339 3284 612 3353 ὲπίγονον,
648 3284 711 3337 οὑ
757 3286 1115 3357 προῦπάρχον
1157 3285 1190 3356 ἢ
1234 3285 1560 3340 ὲπείσακτόν
1601 3303 1654 3338 τι
1701 3285 1760 3339 ὲν
1781 3287 1847 3357 τῇ

259 3375 382 3448 θεία
407 3375 619 3447 Τριάδι,
655 3375 715 3428 οὑ
761 3375 1111 3447 προαιώνιον,
1153 3377 1214 3430 οὑ
1249 3375 1526 3446 τήμερον,
1572 3376 1672 3430 οὑκ
1714 3376 1852 3430 ἐπέ-

260 3485 452 3524 κεινα.
495 3468 636 3538 Τρία
676 3469 784 3540 γάρ
823 3468 1059 3539 ὑπάρχει
1100 3468 1208 3531 ἀεὶ,
1253 3469 1383 3541 τρία
1423 3468 1674 3536 συνάγια,
1721 3467 1850 3538 τρία

259 3558 593 3630 ξυνάναρχα,
635 3560 762 3630 τρία
801 3559 1118 3631 ἐμπρακτα,
1163 3559 1292 3631 τρία
1321 3560 1676 3631 σὺμπρακτα,
1721 3559 1850 3631 τρία

257 3655 542 3724 ἐμμορφα,
559 3652 688 3725 τρία
710 3653 1032 3724 σὺμμορφα,
1047 3652 1175 3724 τρία
1196 3652 1413 3724 ὲνεργά,
1436 3653 1562 3724 τρία
1588 3654 1846 3724 συνεργὰ,

253 3743 386 3812 τρία
418 3741 783 3807 ὲνυπόστατα,
822 3742 950 3813 τρία
993 3742 1394 3808 συνυπόστατα,
1417 3743 1478 3796 οὑ
1513 3743 1847 3814 μεταϐαλλό-

259 3853 401 3907 μενα
448 3837 545 3891 καὶ
583 3836 1026 3908 μεταχωροῦντα,
1073 3838 1108 3908 ἢ
1156 3836 1463 3908 μιγνύμενα
1499 3838 1580 3901 είς
1621 3837 1843 3908 ἄλληλα.

260 3919 382 3985 ³Δεὶ
415 3931 525 4003 γὰρ
552 3934 580 3985 6
607 3933 819 4004 Πατὴρ,
855 3933 948 3987 καὶ
978 3933 1136 4004 μόνον
1161 3932 1372 4004 Πατὴρ,
1403 3933 1521 4003 οὐχὶ
1555 3935 1649 3986 καὶ
1678 3933 1806 3998 Υἱός
1828 3949 1845 3964 ·

253 4026 342 4078 ἀεὶ
368 4025 496 4088 Υίὸς
518 4026 546 4078 6
567 4024 716 4091 Υἱὸς,
744 4027 838 4078 καὶ
866 4026 1025 4095 μόνον
1043 4025 1169 4089 Υίός
1189 4042 1202 4055 '
1229 4026 1350 4096 οὑχ).
1371 4025 1427 4078 δὲ
1457 4027 1552 4079 καὶ
1582 4028 1610 4078 6
1632 4028 1844 4098 Πατήρ.

267 4116 503 4188 ῗυμοίως
531 4117 588 4170 δὲ
629 4118 724 4171 καὶ
748 4119 810 4170 τὸ
840 4117 982 4170 Θεῖον
1011 4117 1258 4187 Πνεῦμα,
1298 4116 1422 4170 οὔτε
1451 4119 1644 4190 Πατήρ
1675 4119 1844 4182 ἐστιν,

253 4208 383 4269 οὔτε
413 4209 575 4272 Υἱός’
629 4208 744 4261 ἀλλ’
794 4210 1122 4280 ἑκπορευτὸν
1167 4208 1563 4273 ἀναλλοιώτως.
1624 4212 1848 4279 Ἀμετα·

253 4306 471 4376 ϐλήτως
507 4305 720 4375 ἔχουσιν
762 4303 851 4357 ἀεὶ
882 4304 942 4358 τὸ
976 4303 1148 4366 ἑστὼς
1194 4304 1290 4358 καὶ
1319 4302 1519 4367 ἰδιάζον
1565 4304 1658 4357 καὶ
1688 4305 1849 4374 ὑπερο

254 4398 480 4458 τέλειον.
509 4397 650 4450 κατά
682 4395 778 4468 τὴν
803 4395 1009 4449 οἰκείαν
1039 4395 1269 4458 ἕκαστος
1303 4395 1619 4449 ὑπόστασινο
1650 4395 1843 4468 Πατὴρ

256 4488 351 4540 καὶ
385 4486 512 4548 Υἱὸς
538 4487 632 4540 καὶ
663 4485 819 4554 ἆγιον
847 4483 1095 4555 Πνεῦμα,
1127 4485 1299 4556 Τριάς
1337 4486 1394 4539 ὲν
1431 4485 1621 4556 μονάδι
1646 4485 1761 4538 ἔστι
1784 4503 1844 4539 τε

256 4566 352 4632 καὶ
381 4580 602 4641 νοεῖται,
639 4579 731 4630 καὶ
763 4576 1103 4647 ὁμολογεῖται
1129 4577 1223 4629 καὶ
1247 4579 1660 4647 προσκυνεῖται,
1691 4577 1845 4648 παρά

253 4671 365 4725 τῶν
391 4672 449 4724 ὲν
480 4669 708 4740 ἀληθεία
729 4669 824 4721 καὶ
852 4669 913 4721 οὑ
939 4668 1179 4739 σχήματι
1207 4668 1300 4723 καὶ
1331 4668 1652 4740 βλασφημίᾳ.
1672 4685 1841 4740 προσ-

254 4765 564 4821 κυνούντων
592 4777 606 4793 ⁶
654 4763 731 4825 ῶς
770 4763 1009 4831 Ἄρειος,
1053 4761 1280 4833 διαιρῶν
1329 4761 1424 4815 καὶ
1470 4761 1841 4830 ζυγοστατῶν,

257 4858 444 4929 μεῖζον
486 4855 584 4910 καὶ
611 4851 774 4927 ἦττον
821 4856 880 4907 ὲν
914 4857 981 4924 τῇ
1029 4853 1149 4926 Θεία
1176 4854 1368 4925 Τριάὸι
1402 4854 1838 4925 φανταζόμενος·

249 4953 284 5022 ἦ
311 4951 386 5014 ὡς
402 4947 690 5011 Σαὸέλλιος
715 4944 1048 5014 συναλείφων
1072 4948 1163 4999 καὶ
1194 4946 1460 5017 συγχέων,
1485 4945 1840 5014 υίοπατορίαν

256 5044 578 5116 μεμηνότως
601 5038 894 5095 παιδεύων.
931 5040 1232 5112 ἰσοσθενὴς
1253 5041 1433 5094 τοίνυν
1456 5043 1488 5112 ή
1512 5040 1633 5094 Θεία
1647 5041 1838 5111 Τριάς,

262 5136 534 5204 ίσοκλεὴς,
578 5134 926 5205 ἰσομεγέθης,
966 5132 1166 5202 μᾶλλον
1203 5133 1259 5187 δὲ
1292 5132 1617 5206 ὑπερκλεὴς,
1664 5133 1840 5203 ὑπερ-

255 5230 514 5299 μεγέθης,
557 5230 651 5281 καὶ
678 5230 858 5299 πάσης
902 5225 1261 5296 καταλήψεως
1298 5227 1598 5298 ὑπερτέρα,
1637 5228 1694 5279 ἐν
1740 5227 1840 5296 μιᾷ

253 5323 467 5391 θεότητι
496 5323 589 5375 καὶ
624 5321 890 5392 βασιλεία,
927 5321 1022 5372 καὶ
1050 5317 1208 5390 ῥώμῃ
1239 5320 1334 5372 καὶ
1361 5321 1636 5391 αὑθεντίᾳ,
1665 5320 1841 5373 πάντα

252 5418 318 5467 ὲκ
359 5415 582 5486 μηδενὸς
621 5413 985 5484 ὑποκειμένου
1019 5414 1491 5483 φυσιουργήσασα,
1519 5413 1578 5464 τὸ
1602 5411 1646 5464 δ’
1670 5413 1840 5477 ὅπως,

252 5508 467 5575 ἐκείνην
510 5508 610 5575 τὴν
648 5505 936 5576 ἀκρίϐειαν
984 5503 1436 5573 καταλείψωμενέ
1477 5504 1688 5570 οὐδεὶς
1738 5507 1847 5571 γὰρ

252 5597 376 5653 εἶδε
402 5599 509 5651 τὸν
542 5599 792 5666 Πατέρα,
825 5602 877 5652 εὶ
904 5600 988 5668 μὴ
1025 5601 1056 5651 ό
1102 5599 1256 5665 Υἱὸς,
1281 5598 1424 5651 οὐδὲ
1453 5598 1560 5650 τὸν
1594 5600 1732 5652 Υιόν
1751 5616 1840 5665 τις

249 5692 590 5752 ἐπίσταται,
619 5695 670 5744 εὶ
689 5691 775 5760 μὴ
797 5696 830 5744 ό
855 5691 1078 5759 Πατήρ.
1130 5691 1531 5749 ’Δποκαλὺπτει
1552 5691 1608 5743 δὲ
1629 5691 1841 5762 βροτοῖς

252 5784 496 5846 ἐκείνους
536 5784 595 5836 τὸ
627 5783 768 5836 θεῖον
804 5785 1046 5853 Πνεῦμα.
1092 5783 1305 5835 Οὐκοῦν
1334 5783 1507 5836 ταῦτα
1530 5783 1652 5852 τρία
1686 5783 1835 5846 ὂντα,

253 5875 349 5927 ι-ὑκ
383 5873 629 5940 αΰξοντα,
657 5876 713 5928 οὐ
737 5876 991 5947 λήγοντα,
1023 5876 1081 5928 οὐ
1104 5877 1506 5945 xamen-33:11,
1532 5878 1590 5930 οὔ
1619 5877 1839 5946 συναγό-

1679 400 2030 460 DlALOGUS
2070 401 2108 460 Ι.

882 512 1045 572 πᾶσα¹
1095 517 1284 588 ἑνότης
1358 519 1458 574 καὶ
1525 518 1707 590 ἰσότης
1765 520 1848 572 καΊ

1963 532 2090 588 pers
2147 514 2429 588 principii,
2477 525 2534 572 et
2579 532 2847 588 personas
2905 525 3019 574 tres
3077 517 3264 586 habet,
3330 526 3386 572 et
3443 525 3562 578 tres

3446 406 3561 468 869

1962 612 2315 684 hypostases,
2371 621 2425 666 et
2482 619 2596 667 tres
2642 610 2944 676 Dominos,
3001 619 3058 666 et
3119 610 3351 665 thronos
3406 617 3561 677 tres,

1959 711 2016 758 et
2089 712 2293 758 trinam
2359 705 2578 768 lucem,
2654 712 2711 758 et
2782 704 2987 758 trinum
3063 704 3408 774 splendorem
3493 713 3554 760 et

1960 798 2103 855 lucis
2161 799 2566 870 equalitatem;
2631 798 2995 862 immutabile,
3057 798 3196 853 nulli
3251 797 3556 854 obnoxium

1959 890 2308 948 diminutioni
2338 929 2358 957 ,
2431 890 2685 963 caliginis
2730 906 2931 960 expers
2961 931 2978 955 ,
3031 891 3296 946 invictum
3329 930 3344 956 ,
3391 891 3564 946 inter-

1958 988 2062 1043 itui
2119 987 2351 1043 minime
2413 987 2768 1057 subjectum;
2832 1001 2944 1040 una
2995 987 3260 1050 essentia,
3313 995 3560 1057 potestas

1957 1095 2092 1143 una,
2115 1094 2223 1134 una
2277 1079 2474 1150 gloria,
2501 1093 2671 1133 unum
2703 1094 2960 1148 regnum,
2988 1094 3098 1133 una
3134 1077 3418 1145 divinitas,
3447 1095 3558 1134 una

1954 1174 2236 1238 voluntas,
2267 1183 2449 1235 actus,
2487 1171 2803 1242 imperium.
2864 1170 3110 1241 Denique
3146 1172 3370 1227 nonnisi
3424 1172 3554 1226 nni-

1955 1275 2061 1330 tas,
2093 1267 2400 1336 aequalitas,
2435 1265 2697 1321 identitas
2712 1273 2798 1320 est
2827 1264 2883 1318 in
2921 1263 3213 1330 Trinitate,
3236 1273 3391 1321 extra
3413 1280 3544 1336 pro-

1956 1359 2246 1428 prietatem
2278 1357 2530 1429 ingeniti,
2580 1363 2635 1412 et
2663 1356 2858 1427 geniti,
2898 1365 2952 1411 et
2975 1355 3330 1426 procedentis
3367 1372 3381 1408 :
3413 1369 3553 1409 una-

1958 1467 2180 1520 quaque
2207 1450 2487 1520 hypostasi
2516 1448 2836 1519 singillatim
2861 1455 2915 1502 et
2948 1447 3273 1512 exsistente,
3305 1454 3360 1500 et
3383 1447 3557 1502 exsti-

1953 1549 2113 1607 tura;
2152 1558 2262 1596 non
2299 1542 2599 1612 aliquando
2626 1552 2766 1607 orta,
2824 1556 2936 1596 non
2969 1541 3280 1605 desinente,
3331 1539 3428 1596 sed
3469 1556 3538 1595 eo

1952 1634 2076 1688 dem
2120 1650 2180 1689 se
2239 1634 2403 1688 modo
2432 1649 2651 1704 semper
2699 1633 2958 1698 habente,
3006 1649 3070 1688 ac
3120 1641 3377 1687 manente
3413 1631 3555 1686 citra

1953 1725 2309 1779 mutationem
2355 1739 2595 1781 onmem.
2644 1723 2871 1797 Semper
2901 1724 3047 1779 enim
3077 1724 3290 1779 exstitit
3308 1722 3453 1779 Deus
3486 1739 3554 1778 ac

1956 1815 2138 1880 Pater,
2165 1819 2259 1888 qui
2290 1817 2510 1886 quidem
2539 1832 2756 1886 semper
2784 1826 2869 1872 est
2897 1816 3058 1871 Pater
3098 1816 3348 1886 unigena;
3395 1813 3548 1879 Filii,

1955 1906 2120 1962 Verbi
2151 1907 2530 1970 subsistentis,
2563 1921 2593 1959 a
2622 1923 2731 1976 quo
2770 1907 2916 1961 facta
2960 1915 3091 1962 sunt
3123 1907 3406 1970 universa,
3427 1905 3554 1976 qui-

1955 1998 2060 2054 bus
2106 2007 2163 2053 et
2211 1999 2372 2052 divus
2419 1997 2510 2051 ille
2546 1996 2791 2067 Spiritus
2833 2012 3050 2066 semper
3101 1996 3281 2063 adest,
3332 2010 3554 2064 unaque

1951 2105 2078 2145 cum
2106 2090 2238 2159 ipsis
2265 2091 2334 2143 ab
2363 2089 2621 2144 omnibus
2667 2089 3025 2160 intelligentia
3061 2089 3387 2158 rationeque
3419 2102 3556 2157 prae-

1951 2180 2085 2235 ditis
2117 2181 2324 2236 creatis
2347 2180 2631 2235 adoratur.
2683 2178 2855 2236 Nemo
2904 2179 2960 2233 in
3008 2179 3094 2234 his
3141 2180 3226 2234 vel
3277 2180 3430 2248 prior
3467 2186 3556 2233 est

1949 2284 2102 2338 natu,
2134 2273 2217 2328 vel
2252 2272 2561 2344 posterior;
2596 2287 2708 2325 non
2755 2269 3049 2334 accrescit,
3104 2284 3216 2323 non
3264 2268 3552 2324 imminui-

1953 2376 2041 2420 tur
2073 2366 2246 2421 instar
2283 2363 2532 2428 luminis,
2568 2362 2713 2434 quod
2737 2363 2841 2418 sub
2870 2377 3098 2418 sensum
3120 2360 3290 2427 cadit,
3333 2362 3417 2416 vel
3457 2362 3537 2418 in-

1951 2467 2071 2513 star
2101 2473 2288 2513 earum
2335 2473 2457 2528 quae
2505 2473 2672 2527 supra
2712 2456 2979 2511 mundum
3032 2462 3161 2509 sunt
3211 2454 3495 2526 copiarum
3529 2474 3548 2511 :

1951 2565 2074 2620 quae
2099 2565 2225 2604 cum
2248 2550 2517 2605 universae
2541 2557 2738 2604 natura
2757 2564 2856 2603 sua
2875 2548 3017 2604 idem
3036 2549 3311 2604 exsistant
3337 2547 3557 2618 (quem-

1953 2642 2251 2697 admodum
2307 2650 2362 2697 et
2411 2643 2582 2697 animi
2643 2642 2930 2696 hominum
2983 2643 3218 2699 rationis
3257 2642 3553 2713 participes

1953 2736 2096 2791 idem
2133 2744 2328 2791 natura
2382 2751 2482 2792 sua
2519 2744 2650 2793 sunt
2682 2737 2924 2801 omnes),
2977 2737 3180 2806 partim
3241 2743 3426 2792 tamen
3449 2751 3546 2791 or-

1951 2827 2102 2894 dine,
2125 2829 2325 2899 partim
2366 2827 2623 2893 statione,
2663 2827 2862 2898 partim
2903 2826 3199 2883 assistendi
3231 2827 3553 2883 ministran-

1951 2919 2119 2990 dique
2150 2933 2379 2977 munere
2407 2917 2689 2984 dill‘erunt,
2729 2932 2796 2973 ac
2834 2933 2932 2990 per
2963 2918 3302 2973 incrementa
3336 2925 3392 2973 et
3417 2932 3545 2973 mu-

1951 3011 2188 3065 tationes
2211 3017 2266 3064 et
2297 3009 2713 3076 conversiones,
2770 3010 2946 3066 libero
2977 3012 3148 3066 animi
3186 3009 3424 3068 consilio
3456 3009 3550 3069 vel

1957 3101 2013 3156 in
2039 3101 2231 3156 melius
2259 3101 2344 3157 vel
2370 3101 2611 3158 deterius
2640 3101 3066 3173 propendentes,
3103 3118 3214 3158 non
3245 3102 3430 3173 aliqua
3450 3117 3548 3157 na-

1956 3196 2122 3252 turali
2156 3197 2492 3252 necessitate
2516 3195 2695 3268 magis
2739 3195 2994 3251 minusve
3047 3196 3409 3266 degenerant,
3447 3209 3551 3250 ex-

1955 3291 2281 3348 cellentibus
2315 3291 2442 3347 aliis
2482 3290 2620 3345 alias
2652 3291 2958 3345 secundum
3002 3304 3088 3353 ea,
3127 3304 3251 3360 quae
3279 3286 3553 3344 indicavi-

1955 3401 2101 3448 mus,
2135 3384 2478 3440 discrimina.
2516 3382 2660 3448 Quin
2685 3389 2740 3437 et
2759 3381 2970 3437 homini
3001 3381 3224 3437 luminis
3251 3380 3548 3452 appellatio

1957 3476 2236 3540 tribuitur,
2277 3485 2333 3530 et
2359 3474 2483 3538 soli,
2519 3483 2574 3528 et
2603 3474 2768 3539 lunai,
2823 3480 2880 3529 et
2911 3473 3066 3527 vario
3090 3473 3429 3542 reliquorum
3465 3473 3548 3528 si-

1956 3571 2148 3626 derum
2183 3569 2353 3624 choro
2387 3586 2400 3622 :
2437 3582 2672 3636 quorum
2701 3576 2885 3621 tamen
2925 3564 3166 3620 maximo
3196 3581 3427 3620 numero
3457 3565 3548 3620 lu-

1957 3664 2190 3728 minum,
2247 3661 2317 3717 de
2352 3660 2584 3714 materie
2618 3657 3012 3724 constantium,
3041 3657 3339 3729 multisque
3369 3657 3547 3727 parti-

1956 3756 2060 3811 bus
2106 3771 2170 3810 ac
2205 3753 2384 3809 modis
2434 3752 2581 3806 inter
2633 3767 2694 3807 se
2740 3751 3091 3807 diversorum
3141 3759 3337 3804 auctor
3368 3756 3454 3804 est
3491 3759 3546 3804 et

1954 3847 2138 3919 opifex
2179 3862 2368 3901 verum
2407 3844 2540 3899 illud
2573 3854 2626 3901 et
2671 3859 2869 3914 expers
2899 3842 3148 3898 materiei
3203 3842 3410 3907 lumen,
3459 3843 3545 3896 ni-

1957 3940 2156 3992 mirum
2195 3936 2338 3992 Deus
2364 3944 2418 3990 et
2450 3935 2633 3999 Pater,
2693 3936 2786 4006 qui
2818 3942 2904 3990 est
2950 3949 3118 4004 supra
3150 3933 3358 3995 onmia,
3413 3947 3543 3986 cum

1956 4030 2190 4100 unigena
2224 4026 2363 4082 Fllio
2393 4043 2516 4093 suo,
2543 4027 2842 4096 diviooque
2870 4024 3104 4094 Spiritu,
3160 4024 3541 4093 incorporeus,

1955 4122 2059 4176 sub
2115 4130 2401 4189 aspectum
2429 4135 2538 4173 non
2568 4119 2797 4182 cadens,
2841 4117 2992 4172 omni
3031 4124 3086 4172 et
3129 4125 3324 4169 natura
3365 4125 3418 4169 et
3447 4129 3547 4169 co-

1954 4213 2200 4284 gnitione
2229 4213 2478 4282 superior
2509 4229 2521 4264 :
2563 4210 2659 4281 qui
2692 4209 2890 4263 Filium
2934 4208 3143 4279 genuit,
3179 4216 3233 4262 et
3265 4207 3537 4278 Spiritum

1955 4302 2216 4372 produxit
2251 4303 2464 4357 ratione
2495 4299 2801 4356 secundum
2827 4305 3080 4352 naturam
3112 4296 3398 4361 ineﬂ‘ahili,
3422 4297 3545 4352 sine

1954 4397 2067 4451 ullo
2091 4406 2356 4468 tempore,
2383 4403 2510 4451 ante
2541 4395 2743 4450 saecula
2779 4411 2794 4448 :
2826 4407 2937 4448 non
2959 4393 3106 4448 enim
3131 4392 3429 4462 quidquam
3456 4391 3544 4446 vel

1952 4489 2131 4559 majus
2162 4489 2248 4543 vel
2281 4488 2466 4543 minus
2490 4494 2642 4553 natu,
2692 4501 2804 4541 non
2833 4484 3136 4554 quidquam
3186 4484 3338 4552 prius
3384 4483 3538 4538 exsi-

1947 4590 2100 4638 stens
2132 4581 2558 4636 adventitiumve
2591 4580 2778 4636 divina
2836 4579 2894 4634 in
2934 4577 3210 4632 Trinitate
3255 4577 3339 4632 vel
3386 4585 3540 4630 ante-

1948 4677 2058 4729 rius
2103 4681 2209 4738 est,
2238 4674 2323 4728 vel
2355 4680 2440 4729 est
2486 4673 2660 4740 hodie,
2694 4673 2779 4727 vel
2809 4670 3054 4740 deinceps
3091 4669 3216 4724 erit.
3263 4668 3536 4722 Nimirum

1947 4767 2055 4821 tria
2081 4783 2297 4838 semper
2320 4769 2618 4830 exsistunt,
2665 4766 2767 4819 tria
2804 4772 2937 4820 sunt
2968 4762 3219 4831 ejusdem
3270 4761 3543 4816 sanctita-

1950 4862 2044 4926 tis,
2072 4861 2174 4915 tria
2207 4860 2372 4915 simul
2398 4859 2643 4929 expertia
2662 4859 2940 4929 principii,
2995 4858 3102 4912 tria
3133 4854 3375 4926 agentia,
3427 4853 3538 4906 tria

1949 4954 2115 5007 simul
2169 4952 2410 5022 agentia,
2474 4951 2528 5004 in
2563 4951 2756 5006 eadem
2803 4951 3002 5014 forma,
3053 4949 3158 5004 tria
3201 4946 3536 5009 conformis,

1947 5047 2052 5101 tria
2089 5046 2348 5111 ellicacia,
2386 5046 2493 5100 tria
2526 5043 2903 5100 ellectionibus
2939 5039 3385 5113 conjuncta,tria
3405 5039 3540 5094 sub-

1946 5138 2220 5202 sistentia,
2267 5138 2372 5190 tria
2416 5137 2587 5192 simul
2634 5138 3018 5201 subsistentia,
3066 5150 3188 5205 qure
3237 5148 3345 5186 non
3409 5147 3535 5185 mu-

1949 5240 2156 5295 tantur,
2219 5246 2400 5300 neque
2448 5237 2764 5292 transeunt,
2824 5244 3002 5298 neque
3044 5229 3350 5282 miscentur
3395 5225 3536 5278 inter

1946 5339 2025 5379 se.
2066 5321 2201 5377 Nam
2245 5338 2462 5394 semper
2522 5321 2744 5377 exsistit
2805 5319 2993 5384 Pater,
3045 5329 3100 5375 et
3145 5319 3366 5387 quidem
3438 5332 3533 5372 so—

1950 5414 2232 5470 lummodo
2312 5413 2474 5469 Pater
2535 5421 2642 5476 est,
2705 5427 2816 5467 non
2886 5413 3052 5466 etiam
3110 5411 3307 5476 Filius;
3382 5426 3532 5465 scm-

1946 5522 2043 5578 per
2096 5505 2316 5560 exsistit
2372 5503 2566 5569 Filius,
2637 5516 2693 5560 et
2749 5502 2971 5575 quidem
3031 5501 3380 5557 solummodo
3443 5497 3534 5552 Fi-

1951 5600 2058 5654 lius
2132 5605 2237 5661 est,
2319 5614 2428 5652 non
2485 5598 2650 5652 etiam
2714 5595 2912 5663 Pater;
2963 5593 3332 5662 similiterque
3393 5590 3535 5644 divi-

1949 5709 2056 5747 nus
2107 5692 2199 5747 ille
2227 5690 2466 5761 Spiritus
2514 5705 2615 5745 nec
2642 5689 2805 5745 Pater
2845 5696 2952 5754 est,
3006 5702 3108 5742 nec
3171 5685 3382 5750 Filius;
3435 5683 3529 5736 sed

1946 5782 2094 5837 (ιιιιηί
2124 5783 2243 5836 sine
2279 5782 2585 5836 mutatione
2639 5779 2883 5850 procedit
2919 5796 2931 5833 :
2971 5792 3191 5847 semper
3233 5775 3436 5830 habent
3478 5774 3529 5828 id

1950 5873 2095 5943 quod
2137 5873 2372 5945 singulis
2427 5881 2510 5930 cst
2549 5873 2844 5943 peculiare,
2902 5869 3239 5942 perfectione
3289 5881 3527 5931 summa,
