4108 6376
256 418 360 475 865

816 520 818 522 ⁷
869 531 1231 598 Ἀπόκρισις.

339 625 542 689 Ἱκανὸς
579 623 769 677 τούτου
814 622 1109 692 παιδευτὴς
1142 623 1305 684 αὐτὸς
1333 622 1363 675 ὁ
1393 621 1541 683 Υἱός.
1563 618 1703 673 Ἐὰν
1742 619 1851 691 γὰρ

256 716 370 784 ἐγὼ
383 714 644 780 ἀπέλθω,
671 714 859 784 φησὶν,
883 711 1115 780 ἐκεῖνος
1134 712 1369 780 ἔρχεται
1390 712 1456 764 τὸ
1473 711 1718 779 Πνεῦμα
1738 709 1851 778 τῆς

254 806 570 875 ἀληθείας.

220 880 227 941 ι
369 873 374 875 ⁷
868 876 1119 928 ΠΕΥΣιΣ
1148 873 1224 927 2'.

327 989 438 1042 Καὶ
457 989 491 1057 ἡ
508 988 697 1059 Γραφὴ
732 988 952 1041 κτιστὸν
985 987 1224 1040 δείκνυσι
1242 986 1301 1038 τὸ
1318 984 1561 1055 Πνεῦμα,
1582 984 1815 1053 λέγουσα
1830 1001 1844 1016 ο

264 1076 477 1147 Κύριος
502 1076 771 1147 στερεῶν
797 1077 1091 1145 βροντὴν,
1129 1077 1227 1129 καὶ
1260 1071 1471 1135 κτίζων
1499 1075 1759 1145 πνεῦμα.

1682 390 2034 464 niALocus'
2066 405 2106 463 ι.

3448 412 3554 472 806

2597 529 2905 601 Responsio.

2028 614 2082 669 Id
2113 630 2244 671 vero
2279 616 2455 673 Filius
2492 619 2608 689 ipse
2647 638 2751 679 nos
2780 623 3001 679 abunde
3026 622 3206 690 docet,
3252 638 3375 677 cum
3414 624 3493 677 ait
3530 639 3546 678 :

1955 706 2066 778 Ego
2090 709 2140 761 si
2167 708 2370 774 abiero,
2405 715 2570 765 veniet
2594 713 2701 781 ille,
2730 717 2819 783 qui
2853 714 3084 783 Spiritus
3101 724 3181 770 est
3213 716 3458 770 ueritatis
3473 716 3542 767 ”.

2416 868 2949 927 INTERROGATIO
2984 871 3099 927 VII.

2026 980 2191 1051 Atqui
2233 982 2452 1038 Litterae
2488 999 2663 1041 sacra:
2699 987 2969 1058 Spiritum
3010 1000 3254 1043 creatum
3305 1003 3427 1044 esse
3474 988 3546 1044 si-

1950 1072 2243 1143 gniﬁcant,
2285 1089 2408 1127 cum
2458 1076 2611 1129 aiunt
2657 1096 2670 1131 :
2720 1080 2825 1144 Qui
2862 1077 3094 1133 solidum
3128 1081 3281 1151 efﬁcit
3315 1081 3539 1142 tonitru,

1852 1174 1855 1179 '
1952 1175 2004 1217 et
2040 1167 2285 1233 spiritum
2318 1181 2458 1221 creat
2490 1168 2554 1223 ³⁸.

874 1228 1236 1296 Ἀπόκρισις.

341 1342 480 1395 ’Ἀλλ’
506 1341 569 1394 οὑ
605 1341 735 1412 περὶ
770 1340 864 1393 τοῦ
905 1341 1052 1393 θείου
1084 1340 1319 1394 ἐνταῦθα
1358 1341 1676 1409 Πνεύματος
1714 1340 1848 1409 φησὶ

257 1430 319 1485 τὺ
357 1431 609 1502 γράμμα.
670 1430 742 1483 Οὑ
784 1431 1102 1501 πρόσκειται
1154 1432 1262 1502 γὰρ
1302 1430 1379 1501 τῷ
1430 1429 1739 1500 κτιζομένῳ
1786 1429 1848 1482 τὸ

259 1525 461 1597 ἅγιον·
509 1523 644 1575 ἀλλὰ
681 1522 853 1591 ψιλῶς
898 1524 1052 1593 φησὶ,
1088 1523 1311 1583 Κτίᾷυν
1354 1523 1607 1591 πνεῦμα.
1657 1521 1718 1573 τὸ
1756 1522 1847 1576 ἐπὶ

257 1617 524 1686 κινήσεως
554 1616 730 1685 νεφῶν
761 1616 853 1667 καὶ
882 1616 1162 1687 ἐνέργειαν
1185 1614 1259 1684 (5)
1292 1614 1449 1668 ὑετοῦ
1484 1614 1667 1676 πνέον,
1692 1614 1758 1666 δι’
1786 1608 1853 1671 οὗ.

258 1708 354 1760 καὶ
380 1709 409 1760 ὁ
438 1708 536 1778 τῆς
567 1707 791 1778 βροντῆς
824 1706 1050 1769 εἰκότως
1080 1706 1425 1760 ἀποτελεῖται
1452 1701 1606 1777 ἦχος,
1640 1708 1697 1758 ἐν
1727 1708 1847 1769 ταῖς

258 1799 531 1872 κοιλότησι
571 1801 681 1853 τῶν
716 1800 896 1869 νεφῶν
937 1799 1519 1870 ὲναπολαμϐανομὲνου
1551 1799 1645 1853 τοῦ
1685 1801 1846 1853 πνεύ-

262 1909 451 1962 ματος,
498 1893 594 1945 καὶ
630 1894 698 1962 τῇ
737 1891 1009 1961 διαρραγῇ
1057 1892 1153 1945 καὶ
1182 1892 1343 1962 πνοιᾷ
1380 1892 1848 1962 κατακροτοῦντος

258 1986 325 2038 τὰ
362 1974 730 2053 ὑπόκείμενα’
786 1984 931 2037 κατὰ
969 1985 1070 2055 τὴν
1106 1985 1289 2037 εἰκόνα
1329 1983 1423 2036 τοῦ
1458 1985 1517 2036 ὲν
1550 1984 1776 2053 ὄρνισιν,
1808 1985 1843 2056 ἢ

258 2078 483 2147 κτήνεσι
536 2077 843 2144 πεφυκότος
884 2077 1083 2147 ὑμένος
1127 2076 1373 2147 ἐξιτήλου
1422 2077 1517 2129 καὶ
1558 2076 1848 2145 διαφανοῦς

259 2170 635 2240 πομφόλυγος
679 2171 861 2223 ὅντινα
881 2169 951 2222 τὰ
975 2169 1182 2239 σοϐαρὰ
1211 2169 1306 2221 καὶ
1326 2168 1629 2222 ἀπαίδευτα
1656 2170 1850 2238 μειρά-

259 2279 353 2315 κια
374 2261 727 2332 κομιζόμενα,
750 2263 846 2315 καὶ
872 2263 950 2333 τῷ
974 2262 1091 2332 ἀέρι
1118 2259 1577 2331 ἁναξηραίνοντα,
1601 2260 1678 2331 τῷ
1699 2260 1850 2329 σφῶν

258 2352 529 2424 πνεύματι
547 2355 924 2419 διατείνουσιν,
945 2350 1064 2406 εἶτα
1090 2352 1334 2423 κρύϐδην
1362 2351 1703 2417 πατάξαντες
1729 2369 1851 2406 τινα

259 2444 335 2516 τῷ
380 2447 498 2517 ἤχῳ
539 2447 638 2518 τῆς
676 2447 1023 2518 περιρῤαγῆς
1066 2446 1191 2509 τοὺς
1232 2444 1607 2517 περιεστῶτας
1653 2449 1717 2499 ὲκ
1760 2447 1853 2513 ξυ-

234 2539 545 2604 σπλενδίας
573 2541 690 2611 (sic)
733 2541 903 2610 αὐτῆς
940 2541 1034 2592 καὶ
1068 2538 1264 2607 βάθους
1292 2539 1525 2610 καρδίας
1558 2538 1847 2610 ὲθρόησαν.

864 2632 1115 2685 ΠΕΥΣΙΣ
1161 2633 1246 2686 ιιι.

330 2731 440 2783 Καὶ
465 2729 583 2792 πῶς
621 2729 890 2799 χειμῶνος
934 2730 1044 2782 τῶν
1082 2728 1261 2781 αὑτῶν
1294 2728 1464 2782 ὄντων
1503 2730 1849 2800 πνευμάτων,

259 2821 353 2872 καὶ
377 2820 749 2891 σφοδροτέρων
788 2820 1013 2890 μᾶλλον,
1047 2821 1109 2873 οὑ
1135 2818 1379 2888 γίνονται
1407 2820 1457 2871 οἱ
1488 2820 1588 2890 τῆς
1620 2818 1851 2892 βροντῆς

261 2908 455 2963 κτύποι
478 2926 492 2974 ;

879 3002 1243 3070 Ἀπόκρισις.

343 3093 832 3166 Ἐπινοτιζομένων
859 3095 970 3148 τῶν
996 3095 1173 3163 νεφῶν
1202 3096 1297 3148 καὶ
1319 3094 1750 3165 μαλακουμένων
1781 3097 1848 3165 τῇ

259 3186 354 3240 τοῦ
394 3188 553 3257 ἀέρος
589 3188 881 3257 παχύτητι,
918 3187 1014 3241 καὶ
1044 3187 1381 3258 ὁμιχλώδους
1415 3189 1510 3240 καὶ
1543 3188 1719 3258 ὑγρᾶς
1742 3187 1851 3240 τῶν

260 3279 686 3349 ὲγκεκραμένων
766 3281 833 3349 τῇ
878 3279 1061 3349 χέρσῳ
1110 3278 1389 3349 κρηναίων
1436 3296 1493 3329 τε
1538 3279 1633 3331 καὶ
1679 3295 1850 3332 ποτα-

264 3371 401 3441 μίων
431 3370 660 3433 ὑδάτων,
686 3370 788 3422 οὐκ
823 3368 1171 3421 ἀποτελεῖται
1201 3370 1230 3420 ὁ
1254 3368 1351 3438 τῆς
1372 3367 1677 3438 διαρραγῇς
1694 3363 1847 3437 ἦχος·

258 3463 322 3517 οὑ
345 3462 466 3516 καθ’
494 3461 622 3531 ὅλης
668 3460 853 3530 μέντοι
897 3460 1131 3530 ἠπείρου
1167 3458 1343 3513 ταῦτα
1393 3458 1706 3528 συμϐαίνει,
1737 3458 1852 3511 ἀλλ’

261 3558 320 3611 ὲν
362 3558 474 3619 τοῖς
516 3556 820 3626 χειμερίοις
848 3554 1020 3624 αὐτῆς
1065 3552 1295 3624 κλίμασι
1334 3552 1537 3622 μόνοις,
1584 3551 1726 3604 κατὰ
1754 3552 1854 3620 τὴν

261 3648 446 3702 εἰκόνα
484 3647 814 3718 σκυτάληςῆ
848 3646 1202 3717 μεμϐράνης·
1237 3645 1373 3716 ἡλίῳ
1409 3644 1508 3714 μὲν
1545 3644 1855 3711 διαφυσσω-

266 3740 463 3811 μένων,
503 3739 635 3811 μηδὲ
661 3739 760 3810 τὴν
790 3739 934 3809 ἁφὴν
957 3738 1163 3808 ἄψοφον
1194 3737 1361 3808 ἔχειν,
1390 3735 1750 3806 νοτιζομὲνων
1774 3734 1852 3798 δὲ,

266 3832 401 3903 μηδὲ
435 3830 532 3903 τὴν
575 3831 881 3903 διαρραγὴν
933 3831 1223 3901 σημαίνειν
1263 3826 1606 3899 ἢσυστολήν.
1644 3828 1854 3898 Πηλου-

266 3922 429 3994 μένου
475 3921 656 3976 τοίνυν
700 3923 795 3975 καὶ
837 3921 1219 3991 παχυνομένου
1247 3919 1344 3973 τοῦ
1377 3921 1508 3991 περὶ
1538 3919 1642 3989 γῆν
1672 3918 1853 3989 ἀέρος,

260 4016 404 4069 δοκῶ
457 4014 532 4086 μὴ
593 4014 953 4079 ἐξακούεσθαι
1011 4013 1105 4066 τὸν
1165 4013 1399 4083 ίκμαρον
1454 4013 1553 4082 τῆς
1619 4010 1851 4082 βροντῆς

259 4103 414 4178 ἦχον.
442 4108 683 4172 Εἰκότως
732 4106 963 4162 νοείσθω
998 4106 1062 4158 τὸ
1109 4105 1203 4158 τοῦ
1238 4106 1441 4175 ἀνέμου
1489 4103 1706 4173 πνεῦμα
1736 4103 1855 4157 κτί-

263 4195 452 4259 ζεσθαι
478 4197 709 4266 φάσκειν
735 4197 836 4269 τὴν
870 4196 909 4248 Γ
918 4196 1095 4266 ραφήν
1121 4213 1134 4226 '
1162 4195 1244 4248 διὸ
1277 4195 1373 4249 καὶ
1401 4197 1466 4265 τῇ
1495 4193 1689 4266 βροντῇ
1733 4210 1856 4246 συν-

262 4290 541 4343 τέτακται.

2587 1239 2901 1305 Responsio.

2020 1345 2089 1401 At
2121 1364 2224 1401 non
2258 1346 2347 1401 hic
2375 1346 2441 1401 de
2466 1350 2653 1405 divino
2681 1352 2885 1421 Spiritu
2908 1370 3091 1409 sermo
3122 1365 3226 1409 cst.
3251 1352 3390 1406 Nam
3424 1353 3539 1423 spi-

1957 1434 2088 1487 ritui
2137 1444 2322 1489 creato
2379 1439 2556 1493 sancti
2609 1441 2910 1510 appellatio
2956 1459 3067 1499 non
3121 1445 3404 1512 adjicitur,
3447 1442 3541 1497 sed

1952 1525 2095 1579 nude
2120 1526 2322 1581 dicitur
2354 1548 2367 1581 :
2399 1531 2491 1599 qui
2514 1531 2761 1600 spiritum
2791 1543 2938 1587 creat
2974 1550 2992 1586 .'
3024 1536 3288 1589 nimirum
3322 1536 3415 1605 qui
3434 1543 3545 1590 stat

1950 1615 2004 1669 in
2036 1615 2159 1682 hoc,
2189 1624 2248 1670 ut
2278 1619 2453 1673 nubes
2482 1631 2826 1677 commoveat
2855 1634 2911 1678 et
2951 1623 3149 1679 efﬁciat
3182 1624 3409 1690 imbres,
3443 1638 3569 1694 per,

1950 1722 2112 1776 quem
2151 1719 2204 1763 et
2247 1711 2487 1767 tonitrus
2527 1728 2726 1767 sonum
2777 1716 2895 1769 ﬂeri
2954 1723 3393 1771 consentaneum
3435 1724 3544 1781 est,

1951 1801 2148 1869 spiritu
2207 1803 2263 1857 in
2320 1808 2762 1863 concavitatibus
2808 1808 3040 1863 nubium
3101 1810 3431 1876 intercepto,
3491 1816 3548 1883 et

1949 1895 2303 1963 perruptione
2348 1895 2588 1964 ﬂatuque
2649 1900 2895 1969 subjecta
2947 1900 3307 1970 supplodente
3338 1919 3352 1956 :
3389 1915 3548 1971 pror-

1950 2000 2045 2040 sus
2086 1986 2163 2039 uti
2220 1986 2335 2040 ﬂeri
2381 1989 2632 2045 videmus
2700 1991 2756 2045 in
2799 1995 2982 2047 avium
3043 1995 3128 2048 vel
3159 1995 3541 2063 jumentorum

1950 2079 2131 2134 vesica
2205 2095 2325 2149 qua:
2382 2081 2535 2136 tenui
2591 2084 2983 2157 pellucidaeque
3006 2087 3169 2141 bullae
3227 2087 3544 2142 consimilis

1951 2178 2055 2223 est.
2104 2169 2258 2225 Hanc
2302 2173 2449 2226 enim
2500 2176 2815 2243 petulantes
2852 2178 3103 2247 maleque
3152 2179 3350 2233 morati
3388 2177 3546 2248 pueri

1952 2268 2250 2330 sumptam,
2295 2272 2351 2318 et
2381 2279 2508 2319 aere
2542 2266 2828 2331 siccatam,
2851 2284 2953 2323 suo
2979 2270 3176 2340 spiritu
3212 2270 3543 2334 extendunt,

1953 2367 2018 2406 ac
2053 2352 2253 2408 deinde
2288 2356 2601 2412 clanculum
2646 2374 2766 2413 eam
2802 2360 3089 2428 ferientes,
3118 2361 3359 2433 fragoris
3410 2377 3548 2418 sono

1951 2446 2375 2505 circumstantes
2396 2458 2510 2505 toto
2540 2467 2664 2506 cum
2680 2454 2958 2509 viscerum
2986 2463 3139 2511 motu
3165 2464 3219 2511 et
3244 2458 3355 2512 imo
3380 2456 3549 2512 corde

1952 2541 2443 2610 perterrefaciunt.

1970 2699 1976 2705 η
2396 2634 2930 2692 INTERROGATIO
2970 2636 3109 2692 vm.

2024 2720 2090 2775 Et
2141 2722 2236 2792 qui
2269 2722 2345 2789 lit,
2386 2732 2443 2777 ut
2494 2740 2621 2779 cum
2674 2726 2906 2781 hiberno
2936 2734 3182 2797 tempore
3231 2726 3343 2783 sint
3384 2725 3549 2783 iidem

1955 2813 2206 2883 spiritus,
2242 2815 2354 2870 imo
2385 2816 2548 2870 etiam
2604 2818 3068 2884 vehementiores,
3127 2820 3431 2874 tonitruum
3468 2828 3569 2874 ta-'

1956 2921 2077 2960 men
2102 2904 2352 2976 fragores
2388 2908 2468 2961 illi
2498 2923 2607 2962 nou
2642 2910 2940 2963 accidant?
3574 2914 3577 2919 ’

2592 3000 2905 3069 Responsio.

2020 3089 2157 3142 Cum
2193 3090 2370 3145 nubes
2407 3090 2641 3146 madidae
2667 3101 2820 3157 sunt,
2873 3109 2937 3148 ac
2974 3092 3132 3149 factae
3166 3095 3445 3150 molliores
3477 3094 3553 3148 ob

1954 3182 2259 3237 crassitiem
2288 3183 2454 3247 aeris,
2477 3192 2532 3238 et
2563 3186 2921 3256 caliginosam
2948 3186 3343 3257 humidamque
3375 3201 3551 3256 aqua-
3576 3198 3579 3205 λ

1955 3288 2075 3325 rum
2111 3275 2582 3341 evaporationem,
2617 3285 2725 3330 tam
2761 3294 2883 3347 quae
2911 3278 3180 3345 fontibus,
3230 3294 3394 3349 quam
3427 3294 3551 3349 qua:

1954 3363 2136 3420 ﬂuviis
2176 3368 2554 3431 continentur,
2590 3377 2644 3423 et
2686 3378 2849 3425 terrae
2883 3372 3059 3425 mistae
3084 3378 3232 3437 sunt,
3291 3372 3554 3440 strepitus

1954 3454 2047 3509 ille
2082 3454 2317 3525 fragoris
2352 3459 2457 3511 orti
2496 3460 2562 3514 de
2597 3461 2954 3529 perruptione
2989 3462 3220 3515 nubium
3248 3477 3359 3515 non
3390 3461 3556 3516 eﬂiei—

1956 3553 2087 3599 tur:
2124 3547 2272 3615 quod
2303 3549 2525 3617 quidem
2575 3565 2686 3603 non
2741 3552 2924 3607 ubivis
2969 3561 3244 3607 terrarum
3294 3552 3551 3606 accidere

1955 3638 2115 3701 solet,
2148 3639 2245 3693 sed
2279 3648 2491 3693 tantum
2522 3642 2577 3695 in
2602 3643 2921 3699 climatibus
2951 3646 3076 3713 ejus
3123 3644 3295 3699 hiemi
3327 3645 3450 3715 plus
3482 3659 3557 3699 ω-

1959 3745 2070 3799 quo
2102 3731 2391 3799 subjectis.
2440 3732 2517 3786 Ac
2567 3734 2697 3789 licet
2744 3735 2835 3789 hic
2871 3735 3165 3805 imaginem
3221 3736 3289 3791 de
3346 3743 3554 3792 scutica

1957 3822 2344 3878 membranave
2373 3833 2583 3894 petere,
2631 3842 2753 3897 qua:
2782 3828 2829 3882 si
2864 3843 2892 3880 a
2928 3830 3043 3884 sole
3092 3836 3225 3883 sunt
3267 3828 3551 3887 arefacta.

1956 3929 2027 3968 ne
2057 3916 2300 3986 contingi
2329 3918 2548 3986 quidem
2585 3922 2725 3974 citra
2756 3920 3045 3990 strepitum
3081 3930 3331 3990 possunt.
3352 3919 3554 3975 Verum

1957 4007 2050 4060 ubi
2088 4008 2439 4076 maduerunt,
2491 4026 2689 4065 sonum
2732 4013 2894 4081 plane
2935 4013 3150 4066 nullum
3197 4012 3390 4080 edunt,
3441 4012 3565 4066 sive

1958 4098 2098 4153 adeo
2125 4109 2479 4170 rumpantur,
2531 4103 2649 4157 sive
2681 4103 3102 4173 complieentur.
3148 4102 3353 4157 Eodem
3388 4102 3557 4157 modo

1959 4194 2006 4249 si
2058 4194 2217 4263 quasi
2260 4194 2445 4249 luteus
2494 4196 2576 4255 ﬁt.
2628 4209 2966 4266 crassusque
2997 4196 3146 4251 circa
3186 4202 3389 4250 terram
3438 4210 3553 4258 aer,

1962 4287 2215 4341 exaudiri
2240 4303 2350 4341 non
2382 4304 2545 4358 posse
2573 4287 2804 4343 ﬂuidum
2834 4289 3130 4358 laxumque
3161 4302 3360 4343 sonum
3398 4287 3552 4341 illum

262 4384 506 4440 tonitrus
537 4384 796 4439 arbitror.
818 4381 1036 4438 Debetis
1065 4382 1232 4452 igitur
1258 4382 1599 4446 existimare,
1623 4381 1864 4436 Litteras
1900 4396 2091 4437 sacras
2116 4382 2325 4450 dicere,
2355 4385 2611 4454 spiritum
2640 4384 2795 4439 illum
2826 4392 3119 4439 ventosum
3146 4399 3175 4437 a
3204 4383 3314 4439 Deo
3338 4384 3513 4439 creari
3537 4401 3553 4438 :

261 4491 373 4547 qua
406 4475 521 4545 ipsa
559 4476 628 4531 de
655 4492 823 4532 causa
856 4492 960 4531 vox
993 4477 1108 4531 hazc
1134 4478 1363 4531 tonitrui
1396 4477 1693 4546 conjuncta
1723 4486 1833 4531 est.

881 4568 1130 4621 ΠΕΥΣΙΣ
1161 4568 1239 4621 3'.

338 4661 534 4724 Καλῶς
576 4663 706 4732 περὶ
752 4660 847 4714 τοῦ
883 4660 1202 4732 Πνεύματος
1229 4659 1588 4730 διδαχθέντες,
1627 4660 1695 4712 τὰ
1728 4659 1855 4731 περὶ

262 4753 358 4806 τοῦ
410 4752 541 4806 Υίοῦ
602 4753 968 4824 προστεθῆναι
1016 4754 1470 4826 παρακαλοῦμεν.
1502 4752 1575 4805 Τὸ
1608 4751 1718 4821 γὰρ
1750 4753 1856 4804 ὑπὸ

262 4845 362 4912 τῆς
412 4843 646 4916 Γραφῆς
682 4843 999 4914 λεγόμενον,
1048 4847 1266 4914 Κύριος
1305 4844 1507 4899 ἕκτισέ
1542 4861 1620 4914 με
1661 4843 1858 4913 ἀρχὴν

264 4934 423 4988 ὁδῶν
466 4933 653 4988 αὐτοῦ
696 4938 782 5000 εἰς
819 4934 964 5004 ἔργα
1004 4936 1214 5002 αὐτοῦ,
1251 4936 1381 5007 περὶ
1408 4935 1571 4989 αὑτοῦ
1606 4933 1858 5005 εἰρῆσθαι

264 5027 408 5091 τινὲς
434 5026 893 5092 διδάσκουσιν,ὃτι
910 5027 1127 5090 κτιστὸς
1150 5028 1349 5081 καὶτοῦ
1372 5027 1584 5097 [ἰατρὸς
1610 5026 1854 5097 ὕστερος.

882 5209 1249 5277 Ἀπόκρισις.

337 5301 471 5369 Περὶ
511 5299 609 5370 μὲν
640 5299 734 5353 τοῦ
766 5300 897 5353 Υἱοῧ
926 5302 1071 5372 φημὶ
1097 5300 1253 5369 κάγὼ
1281 5302 1342 5352 τὸ
1372 5302 1546 5371 ῥῆμα,
1578 5302 1639 5353 οὑ
1668 5300 1854 5370 μέντοι

2426 4569 2949 4627 INTERROGATIO
3003 4570 3095 4625 IX.

2040 4660 2271 4727 Quando
2311 4672 2461 4718 recte
2506 4680 2608 4719 nos
2664 4665 2732 4719 de
2769 4663 2978 4734 Spiritu
3018 4664 3274 4731 erudisti,
3317 4667 3557 4736 petimus

1968 4752 2045 4824 uti
2080 4754 2148 4809 de
2173 4753 2313 4809 Filio
2344 4756 2592 4824 quaedam
2626 4757 2878 4827 adjicias.
2911 4756 3083 4823 Quod.
3106 4758 3254 4815 enim
3296 4762 3474 4815 sacris
3496 4760 3555 4815 in

1960 4842 2186 4899 Litteris
2239 4849 2606 4917 perscriptum
2662 4849 2894 4919 legimus
2939 4868 2953 4902 :
2991 4848 3249 4904 Dominus
3287 4866 3367 4903 me
3414 4867 3558 4904 crea-

1960 4936 2052 5003 vit,
2078 4937 2288 4991 initium
2312 4941 2519 4994 viarum
2553 4958 2773 4995 suarum
2793 4940 2861 4994 ad
2896 4957 3054 5008 opera
3083 4958 3184 4995 sua
3205 4942 3273 4996 "1
3307 4941 3360 4995 id
3384 4942 3450 4996 de
3472 4941 3559 4995 Fi-

1963 5026 2039 5080 lio
2086 5027 2339 5099 plerique
2401 5030 2610 5085 dictum
2663 5031 2891 5095 volunt,
2944 5046 3072 5087 esse
3108 5031 3368 5087 videlicet
3406 5031 3558 5086 hunc

1965 5126 2234 5185 creatum,
2266 5135 2330 5175 ac
2366 5120 2528 5177 Patre
2563 5123 2948 5192 posteriorem.

2592 5213 2905 5282 Responsio.

2028 5301 2207 5357 Etiam
2243 5304 2363 5373 ipse
2394 5305 2462 5359 de
2508 5305 2654 5361 Filio
2694 5307 2904 5362 dictum
2960 5306 3096 5362 illud
3152 5308 3389 5378 accipio,
3444 5323 3554 5363 non

265 5392 395 5462 περὶ
424 5395 525 5461 τῆς
557 5392 725 5445 αὐτοῦ
749 5388 1022 5462 θεότητος,
1059 5393 1194 5447 ἀλλὰ
1231 5394 1331 5463 τῆς
1358 5393 1422 5446 ὲκ
1447 5392 1665 5463 Μαρίας
1686 5393 1850 5446 αὑτοῦ

1955 5406 2137 5452 tamen
2158 5396 2226 5450 de
2255 5396 2429 5466 ipsius
2456 5397 2772 5464 divinitate,
2820 5399 2915 5454 sed
2947 5399 3016 5453 de
3049 5414 3237 5463 carne,
3289 5414 3454 5469 quam
3488 5414 3555 5453 ex

268 5482 489 5552 σαρκός.
543 5483 833 5545 ’Δκτιστος
868 5483 977 5553 γὰρ
1006 5481 1245 5552 θεότητι,
1299 5480 1541 5546 κτίζεται
1571 5481 1649 5551 τῷ
1684 5500 1850 5553 προσ-

1956 5489 2127 5547 Maria
2152 5493 2411 5561 sumpsit.
2447 5492 2731 5550 lncreatus
2759 5495 2906 5549 enim
2936 5503 3197 5565 respectu
3223 5493 3552 5559 divinitatis,

267 5571 537 5643 λήμματι.
567 5574 642 5627 Οὐ
670 5574 779 5645 γὰρ
809 5576 972 5644 φησὶν
997 5576 1031 5645 ἡ
1061 5574 1181 5627 Θεία
1211 5574 1403 5644 Γραφὴ
1445 5574 1575 5644 περὶ
1611 5574 1707 5627 τοῦ
1741 5576 1850 5628 Πα-

1958 5581 2079 5650 ejus
2108 5585 2323 5639 ratione
2349 5586 2733 5655 creaturquod
2769 5586 3097 5655 assumpsit.
3120 5583 3232 5640 Nec
3261 5586 3407 5641 enim
3442 5583 3557 5638 Lil-

266 5664 416 5733 τρὸς,
436 5666 649 5729 Κτίζων
664 5668 743 5727 εἰς
766 5664 1085 5735 ἀνθρώπους
1117 5666 1209 5719 τὸν
1227 5666 1463 5736 Χριστὸν
1492 5665 1657 5719 αὑτοῦ
1678 5684 1689 5696 ο
1720 5665 1850 5732 ἀλλ’,

1959 5679 2092 5727 tene
2134 5688 2307 5729 sacrae
2335 5674 2404 5730 de
2450 5674 2613 5732 Patre
2648 5676 2729 5733 sic
2762 5676 3094 5746 loquuntur,
3120 5674 3226 5743 Qui
3259 5683 3413 5732 creat
3445 5675 3550 5729 ho-

340 5783 382 5812 "
412 5778 567 5836 Joau.
604 5798 712 5847 xvi,
749 5783 798 5847 7,
834 5783 921 5837 13.
1001 5783 1045 5814 ³⁰
1073 5784 1243 5837 Amos
1271 5798 1343 5845 Iv,
1374 5784 1462 5836 15.
1539 5782 1581 5813 ³⁸
1622 5781 1787 5838 Prov.
1819 5801 1938 5853 vm,
1972 5786 2061 5846 22.

343 5915 420 5987 (3)
458 5916 809 5988 'Erépysiar.
849 5921 1013 5979 Forte
1044 5922 1146 5994 leg.
1182 5920 1482 5991 ἐνεργείας.
1519 5919 1673 5975 Eon.
