4108 6376
511 392 618 453 867

520 492 770 567 minibus
797 505 1035 564 Unctum
1074 518 1238 562 suum
1262 522 1292 581 ⁸ι
1316 505 1432 567 sed.
1465 502 1568 571 Qui
1596 503 1896 559 annuntiat
1935 503 2113 558 homi-

517 602 685 658 nibus
720 598 963 678 Unctum
1008 614 1197 666 suum,
1253 593 1423 653 Deum
1462 596 1679 652 scilicet
1703 596 1857 652 illum
1895 610 2112 662 verum,

514 691 935 758 immutabilem,
992 705 1103 745 non
1146 698 1419 753 creatum,
1454 696 1789 744 coaeternum
1838 685 2009 753 Patri,
2058 693 2115 743 et

513 799 643 839 cum
684 798 753 839 eo
782 782 1181 839 subsistentem
1234 788 1364 835 ante
1403 780 1605 835 saecula
1639 798 1651 834 :
1680 779 1751 835 de
1802 794 1914 851 quo
1940 777 2115 835 Joan-

516 889 615 931 nes
654 874 877 939 clamat,
907 872 1014 940 Qui
1041 880 1119 926 est
1145 871 1203 925 in
1234 872 1357 925 sinu
1383 869 1566 924 Patris
1584 869 1630 903 "
1656 887 1671 934 ;
1704 878 1759 925 et
1784 870 1879 941 qui
1910 867 2114 925 Mosem

515 962 792 1018 Pharaoni
847 962 1037 1018 dicere
1065 961 1224 1032 jubet
1258 979 1271 1015 :
1306 975 1442 1028 non,
1484 958 1537 1014 is
1576 958 1674 1030 qui
1712 958 1976 1015 conditus
2009 959 2118 1013 ali-

518 1056 743 1128 quando
778 1048 863 1112 est
895 1054 1011 1125 (de
1056 1053 1332 1111 sententia
1383 1052 1716 1108 stolidorum
1748 1050 2117 1127 quorumdam

517 1158 575 1206 et
600 1148 1026 1221 insipientium),
1048 1147 1167 1214 sed,
1203 1146 1309 1214 Qui
1340 1154 1439 1211 est,
1469 1145 1539 1199 ad
1572 1154 1621 1198 te
1650 1159 1733 1198 me
1765 1142 2028 1215 ablegavit
2049 1143 2118 1201 ³³.

518 1239 642 1312 Ipse
688 1239 925 1311 denique
970 1239 1041 1295 de
1079 1253 1141 1294 se
1183 1253 1283 1310 per
1318 1235 1546 1291 Paulum
1585 1233 1663 1289 ait
1694 1252 1709 1291 :
1742 1232 1991 1290 Christus
2027 1233 2120 1307 qui

516 1344 601 1389 est
622 1332 765 1389 Deus
799 1349 958 1404 super
982 1332 1230 1386 universa
1244 1330 1312 1387 “.

1002 1443 1532 1501 INTERROGATIO
1575 1444 1642 1503 X.

599 1561 716 1617 lino
742 1559 811 1616 de
838 1556 1002 1614 Patre
1030 1558 1261 1629 scripsit
1300 1558 1408 1613 hoc
1445 1556 1652 1626 Moses,
1691 1560 1799 1628 Qui
1835 1566 1939 1627 est,
1980 1557 2049 1615 ad
2074 1568 2121 1615 te

529 1659 615 1709 nte
640 1654 923 1724 ablegavit,
959 1658 1069 1707 non
1099 1651 1169 1707 de
1211 1646 1458 1709 Christo.

1159 1760 1474 1832 Responsio.

598 1873 868 1946 Equidem
905 1882 1140 1932 avestra
1172 1874 1447 1932 charitate
1503 1884 1651 1946 peto,
1700 1891 1770 1932 ne
1820 1891 2109 1932 sacrorum

526 1949 948 2039 Evangeiiorum
991 1964 1206 2022 falSarii
1247 1966 1393 2032 sitis,
1424 1966 1727 2047 inquibus
1764 1968 1884 2039 ipse
1932 1966 2120 2023 Domi-

526 2078 637 2119 nus
676 2062 781 2118 hoc
825 2060 1096 2118 divinitus
1138 2062 1368 2134 protulit
1405 2060 1623 2118 :Moses
1650 2063 1717 2118 de
1758 2080 1840 2118 me
1883 2065 2118 2134 scripsit,

522 2164 579 2212 et
610 2155 740 2209 mihi
774 2155 1077 2209 testimonio
1108 2163 1186 2209 est
1225 2154 1294 2210 ³⁸.
1332 2154 1505 2227 Igitur
1532 2163 1588 2211 et
1634 2154 1800 2212 Pater
1852 2165 1939 2212 est
1981 2160 2123 2214 exsi-

527 2258 683 2306 slens
731 2232 848 2314 ille,
904 2255 960 2303 et
982 2245 1157 2304 Filius
1197 2246 1417 2304 exsistit
1466 2245 1812 2312 cum.Patre,
1857 2249 1926 2305 de
1958 2249 2123 2306 Patre

526 2339 771 2411 genitus,
801 2355 915 2394 non
962 2337 1232 2394 confusus
1280 2353 1407 2394 cum
1442 2337 1628 2407 Patre,
1663 2355 1775 2396 non
1814 2341 2120 2398 exsistendi

525 2432 860 2504 principium
887 2431 1123 2497 habens,
1165 2429 1264 2487 sed
1294 2433 1575 2488 exsistens
1608 2446 1737 2487 cum
1780 2430 1967 2500 Patre,
1998 2442 2122 2489 tan-

525 2541 698 2598 quam
729 2525 949 2582 nativus
976 2522 1175 2579 Filius.
1194 2521 1306 2579 Nec
1346 2524 1496 2579 enim
1528 2540 1773 2596 unquam
1804 2541 1983 2582 aevum
2015 2528 2122 2582 ali-

526 2618 677 2690 quod
710 2618 798 2675 vel
833 2625 1054 2689 tempus
1080 2616 1165 2672 vel
1205 2616 1473 2688 temporis
1518 2618 1790 2675 articulus
1840 2618 1967 2685 fuit,
2011 2636 2122 2692 quo

529 2708 702 2766 Filius
731 2723 841 2765 non
870 2708 1187 2765 exsisteret.
1235 2704 1551 2778 Caeteroqui
1588 2724 1722 2763 num
1776 2716 1832 2765 et
1865 2709 1984 2781 ipse
2014 2709 2120 2764 Pa-

528 2809 627 2861 ιιι
647 2810 767 2861 erat
795 2798 1025 2856 alterius
1050 2814 1112 2854 se
1144 2797 1351 2869 prioris
1375 2797 1604 2856 Patris?
1634 2798 1990 2873 Quapropter
2042 2802 2126 2858 si-

529 2894 647 2951 mul
676 2880 899 2948 Patrem
928 2890 1301 2963 proﬁteberis,
1359 2899 1416 2947 et
1459 2906 1591 2947 mox
1621 2907 1749 2949 cum
1781 2892 1948 2950 Patre
1996 2897 2122 2951 uni-

530 3001 724 3060 genam
759 2983 1294 3055 dilectissimumque
1327 2983 1555 3040 Filium.
1619 2984 1761 3041 Nam
1790 2988 1888 3058 qui
1923 3002 1983 3044 se
2012 2986 2121 3044 Pa-

531 3090 675 3136 trem
705 3078 915 3134 honore
960 3083 1158 3147 putant
1206 3075 1446 3142 aﬂicere,
1492 3076 1541 3132 si
1564 3077 1766 3134 dicant
1803 3095 1931 3135 eum
1969 3080 2125 3151 prius

530 3170 833 3235 exstitisse,
859 3184 1091 3241 prorsus
1123 3167 1277 3239 impii
1300 3175 1594 3239 propterea
1629 3178 1779 3236 sunt,
1810 3171 1956 3243 quod
1986 3179 2095 3227 tem
2114 3202 2128 3213 -

534 3279 642 3337 pus
668 3270 796 3319 ante
836 3260 1170 3317 saeculorum
1222 3259 1476 3330 opiﬁcem
1526 3259 1811 3317 Christum
1850 3271 2124 3319 statuunt.

533 3356 751 3414 Etenim
784 3354 926 3426 apud
964 3352 1136 3408 Deum
1161 3367 1264 3410 nec
1290 3367 1408 3408 aevo
1431 3352 1588 3409 locus
1610 3363 1718 3418 est,
1738 3368 1840 3409 nec
1867 3354 2127 3425 tempori,

536 3464 644 3509 nec
666 3448 881 3505 dierum
906 3444 1395 3510 conversionibus,
1420 3460 1522 3502 nec
1555 3452 1786 3518 puncto,
1817 3460 1923 3501 nec
1955 3447 2132 3503 minu-

538 3542 635 3609 tis,
658 3554 762 3597 nec
806 3538 953 3595 oculi
982 3544 1293 3605 momento,
1347 3536 1512 3593 sicuti
1557 3551 1662 3593 nec
1696 3535 2003 3593 informare
2044 3553 2131 3593 se-

537 3646 667 3689 cum
714 3645 871 3686 mens
905 3628 1019 3684 ulla
1074 3627 1369 3683 Trinitatis
1423 3626 1721 3683 ineliabilis
1763 3629 2130 3685 aeternitatem

537 3731 721 3796 potest
749 3740 763 3779 :
794 3721 998 3793 quippe
1026 3721 1076 3777 si
1137 3719 1318 3787 dicas,
1360 3718 1535 3775 fuisse
1558 3718 1780 3776 Patrem
1807 3720 2129 3793 aliquando,

537 3824 668 3872 cum
689 3814 864 3870 Filius
890 3829 1004 3869 non
1032 3810 1533 3880 exsisteretmujus
1567 3819 1711 3875 erat,
1741 3811 2002 3878 obsecro,
2021 3810 2130 3866 Pa-

538 3917 649 3975 ter,
674 3924 802 3965 cum
821 3908 1023 3964 Filium
1050 3921 1162 3962 non
1195 3892 1473 3962 haberet?
1500 3902 1661 3971 Quod
1708 3903 1756 3960 si
1794 3918 1966 3975 negas
2002 3919 2131 3961 eum

538 4002 761 4061 Patrem
788 4016 935 4068 esse,
966 4001 1132 4058 simul
1163 3999 1341 4071 ipsam
1369 3997 1491 4069 ejus
1522 4005 1783 4053 naturam
1813 3996 1871 4053 in
1911 3996 2132 4053 univer-

539 4112 668 4156 sum
721 4095 926 4151 tollito.
963 4092 1319 4164 Quapropter
1355 4088 1717 4158 credendum,
1764 4104 1891 4146 esse
1926 4087 2129 4146 Filium

538 4188 786 4260 ejusdem
815 4186 1074 4244 essentia:
1100 4199 1227 4239 cum
1260 4182 1445 4249 Patre,
1468 4197 1580 4237 non
1613 4196 1743 4237 cum
1764 4183 2005 4239 essentia
2031 4182 2133 4240 Pa-

539 4282 645 4337 tris
667 4279 985 4344 coniusum,
1012 4275 1488 4349 quemadmodum
1532 4272 1814 4332 Sabellius
1835 4274 2130 4337 delirabat.

1614 374 1674 441 s.
1716 366 2017 440 CAESARI!
2043 377 2380 441 onsoonu
2405 379 2707 438 FRATRIS

3705 386 3835 443 80$

2229 503 2618 573 ’Λπαγγέλλων
2650 502 2732 567 εἰς
2757 500 3079 580 ἀνθρώπους
3110 500 3204 556 τὸν
3238 501 3473 574 Χριστὸν
3503 500 3692 568 αὑτοῦ,
3716 504 3815 558 τὸν

2215 595 2469 669 ἀληθινὸν
2515 595 2612 650 καὶ
2668 594 2939 667 ἄτρεπτον
2974 594 3131 661 Θεὸν,
3173 594 3266 648 τὸν
3298 593 3677 659 ἀναλλοίωτον,
3720 596 3812 649 τὸν

2216 688 2474 762 άκτιστόν
2525 705 2589 741 τε
2641 688 2736 743 καὶ
2776 684 3047 743 ωναῖδιον
3090 687 3170 758 τῷ
3214 685 3414 760 Πατρὶ,
3455 688 3565 760 πρὸ
3592 687 3812 742 αίὼνων

2220 780 2634 852 ξυνυπάρχοντα
2655 792 2671 808 ⁸
2726 780 2974 835 Ἰωάννου
3025 780 3125 852 μὲν
3174 779 3426 850 βοῶντος,
3484 781 3540 837 '0
3594 779 3682 835 ὢν
3738 780 3819 834 ἐν

2218 872 2348 939 τοῖς
2375 874 2630 939 κόλποις
2656 872 2767 927 τοῦ
2786 865 3014 942 Πατρός
3039 888 3054 903 ο
3085 872 3250 938 αὑτὸς
3282 874 3475 927 Μωσεῖ
3500 872 3812 929 ἐντέλλεται

2220 964 2366 1037 ἐρεῖν
2387 963 2466 1036 τῷ
2519 962 2742 1037 Φαραὼ,
2774 964 2896 1034 οὑχ,
2937 964 3007 1016 '0
3039 980 3171 1017 ποτε
3206 964 3450 1028 κτισθεὶς
3487 963 3653 1035 (κατὰ
3678 963 3815 1026 τοὺς

2220 1056 2626 1127 εἰκαιοόούλους
2642 1057 2736 1110 καὶ
2750 1055 3203 1128 ματαιόφρονας),
3229 1056 3368 1123 ἀλλ’,
3386 1056 3596 1125 Ἐρεῖς,
3619 1057 3816 1128 φησὶν,

2227 1163 2250 1199 s
2293 1146 2348 1199 Ὀ
2384 1145 2472 1201 ὢν
2499 1143 2850 1201 ἀπέσταλκά
2870 1161 2973 1215 με.
3005 1163 3024 1198 ι
3074 1144 3247 1210 Αὑτδς
3278 1144 3336 1198 δὲ
3373 1146 3501 1216 περὶ
3523 1141 3721 1197 ἑαυτοῦ
3749 1144 3808 1195 έν

2222 1236 2423 1310 Παύλῳ
2449 1236 2611 1310 φησι,
2636 1234 2893 1306 Χριστὸς
2921 1236 2955 1290 δ
2978 1235 3065 1290 ὢν
3098 1234 3197 1289 ἐπὶ
3227 1233 3471 1289 πάντων
3494 1234 3662 1300 Cede.

2844 1443 3096 1498 ΠΕΥΣΙΣ
3123 1439 3182 1497 I'.

2307 1543 2471 1617 Ἇλλά
2491 1543 2734 1633 Μωῦσῆς
2761 1559 2893 1632 περὶ
2927 1556 3022 1613 τοῦ
3054 1556 3269 1629 Πατρὸς
3290 1555 3495 1628 ἔγραψε
3526 1553 3611 1621 τὸ,
3653 1553 3709 1605 '0
3730 1549 3821 1609 ὢν

2220 1653 2577 1712 ἀπέσταλκέ
2599 1670 2697 1724 με,
2730 1653 2791 1707 οὑ
2814 1651 2926 1723 γὰρ
2957 1650 3089 1724 περὶ
3123 1648 3387 1722 Χριστοῦ.

2846 1766 3207 1837 Ἀπόκρισις.

2307 1881 2470 1948 ’Δξιῶ
2516 1880 2673 1954 ὑμῶν
2716 1880 2818 1953 τὴν
2857 1880 3104 1953 ἀγάπην,
3126 1862 3215 1953 ’μὴ
3258 1877 3709 1952 παραχαράττειν
3746 1880 3824 1934 τά

2225 1976 2555 2046 Εὑαγγέλια,
2575 1974 2671 2029 τοῦ
2698 1974 2905 2046 Κυρίου
2940 1975 3000 2027 ὲν
3032 1974 3215 2038 αὑτοῖς
3249 1973 3659 2046 θεηγοροῦντος,
3683 1972 3823 2027 Πω-

2224 2067 2348 2137 σῆς
2367 2069 2592 2138 ἔγραψε
2619 2066 2755 2137 περὶ
2803 2065 2973 2137 ἐμοῦ,
3001 2066 3101 2121 καί
3135 2066 3320 2134 αὐτὸς
3341 2064 3637 2136 μαρτυρεῖ
3680 2068 3816 2136 περὶ

2226 2155 2394 2227 ἐμοῦ.
2429 2158 2526 2209 Ὧν
2569 2156 2753 2210 τοίνυν
2783 2158 2813 2209 ὁ
2852 2155 3065 2228 Πατὴρ,
3093 2156 3187 2210 καὶ
3214 2155 3291 2209 ὣν
3326 2156 3357 2209 ὁ
3385 2155 3515 2220 Υἱὸς
3545 2154 3683 2227 πρὸς
3728 2156 3824 2210 τὸν

2228 2250 2472 2322 Πατέρα,
2514 2248 2721 2317 καὶοὲξ
2754 2248 2922 2303 αὑτοῦ
2967 2248 3269 2321 γεννηθεὶς,
3315 2249 3377 2303 οὑ
3414 2247 3713 2321 συνάλοιφὴ
3746 2249 3827 2302 ὢν

2225 2338 2306 2411 τῷ
2336 2339 2533 2414 Harp},
2581 2340 2684 2394 οὑκ
2732 2338 3045 2411 ἀρξάμενος
3078 2339 3142 2393 τὸ
3165 2334 3330 2403 εἶναι,
3367 2338 3507 2395 ἀλλὰ
3537 2338 3714 2393 συνὼν
3742 2340 3829 2411 τῷ

2227 2431 2406 2503 Πατρὶ
2434 2430 2511 2495 ὼς
2542 2432 2766 2503 γνήσιος
2816 2430 2965 2495 Υίός.
3012 2430 3128 2485 Οὑκ
3151 2426 3221 2503 ἦν
3252 2431 3364 2503 γάρ
3402 2447 3534 2485 ποτε
3575 2430 3737 2497 αίὼν,
3788 2433 3833 2503 ἦ

2226 2524 2443 2596 χρόνος,
2495 2524 2529 2597 ἢ
2568 2522 2797 2599 καιρὸς,
2830 2523 2919 2578 ὅτε
2971 2523 3073 2578 οὑκ
3129 2519 3202 2596 ἦν
3248 2524 3280 2577 ὁ
3334 2524 3481 2589 Υἱός.
3526 2521 3679 2597 ’Δρα
3728 2530 3828 2581 καὶ

2226 2615 2393 2679 αὑτὸς
2428 2615 2458 2668 ὁ
2489 2615 2683 2689 Πατὴρ
2712 2611 2783 2687 ἦν
2813 2615 3005 2688 ἑτέρου
3057 2616 3273 2689 Πατρδς
3318 2617 3411 2672 τοῦ
3456 2619 3566 2691 πρὸ
3612 2622 3823 2686 αὑτοῦ;

2231 2709 2388 2781 Ἅμα
2437 2704 2533 2763 οῦν
2587 2710 2815 2783 Πατέρα
2870 2709 3225 2784 ὁμολογήσεις
3248 2750 3263 2775 ,
3317 2711 3694 2783 ξυνομολογείς
3744 2717 3825 2785 (4)

2227 2798 2389 2866 αὖθις
2441 2801 2536 2859 τὸν
2580 2803 2847 2875 μονογενῆ
2901 2804 2997 2858 καὶ
3058 2804 3314 2873 φίλτατον
3362 2806 3557 2860 Παῖδα.
3606 2807 3672 2860 Οί
3711 2809 3831 2879 γὰρ

2227 2893 2513 2960 δοκοῦντες
2555 2895 2646 2949 διὰ
2697 2896 2798 2967 τῆς
2854 2896 3255 2969 προὺπάρξεως
3308 2898 3403 2953 τὸν
3461 2898 3681 2971 Πατέρα
3741 2907 3830 2956 τιέ

2232 2989 2362 3059 μᾷν,
2384 2987 2567 3042 τέλεον
2592 2986 2884 3054 ἀσεϐοῦσι,
2914 2988 3107 3060 χρόνον
3136 2987 3171 3061 ἢ
3201 2990 3395 3061 καιρὸν
3425 2991 3829 3063 προτάττοντες

2232 3080 2327 3134 τοῦ
2357 3080 2583 3152 ποιητοῦ
2614 3080 2723 3134 τῶν
2755 3080 2969 3135 αἰώνων
3012 3080 3275 3154 Χριστοῦ.
3324 3083 3488 3156 Παρὰ
3543 3084 3666 3157 Θεῷ
3712 3087 3828 3160 γάρ

2230 3176 2330 3230 οὑκ
2344 3174 2499 3241 αἰὼν,
2517 3176 2578 3229 οὑ
2605 3175 2816 3248 χρόνος,
2842 3176 2941 3247 οὑχ
2957 3174 3183 3250 ἡμερῶν
3200 3176 3463 3248 περίοδοι,
3485 3179 3548 3233 οὑ
3568 3183 3831 3253 minui;

2230 3269 2333 3322 οὑκ
2382 3268 2598 3340 ἄτομοι,
2645 3270 2707 3323 οὑ
2756 3268 2890 3340 ῥιπὴ
2937 3268 3243 3341 ὀφθαλμοῦ,
3278 3269 3340 3323 οὑ
3371 3270 3582 3343 διανοίᾳ
3619 3290 3831 3342 φανταο

2233 3360 2425 3432 σθῆναι
2457 3355 2571 3415 οἶόν
2603 3378 2663 3414 τε
2685 3361 2785 3432 τῆς
2809 3361 3088 3433 ἀφράστου
3121 3362 3353 3435 Τριάδος
3381 3363 3444 3417 τὸ
3473 3366 3729 3438 ἄχρονον.
3766 3369 3829 3421 ΕΞ

2230 3454 2341 3527 γὰρ
2372 3456 2482 3527 φῂς
2525 3454 2609 3508 ὃτι
2628 3446 2699 3525 ἦν
2720 3455 2911 3529 Πατήρ
2932 3467 3086 3527 ποτε,
3110 3456 3200 3512 ὅτε
3222 3456 3322 3511 οὑκ
3345 3451 3413 3529 ἦν
3442 3460 3471 3513 ὁ
3501 3459 3654 3524 Υἱὸς,
3677 3460 3831 3525 τίνος

2234 3545 2342 3616 ἄρα
2383 3546 2603 3619 ὑπῆρχε
2649 3547 2843 3619 Πατὴρ
2885 3547 2959 3621 μὴ
2997 3549 3151 3615 ὄντος
3180 3548 3354 3615 Υίοῦς
3387 3551 3453 3604 Ei
3484 3546 3616 3606 δἀὑ
3660 3553 3833 3608 πάλιν

2231 3639 2324 3693 τὸν
2348 3639 2573 3713 Πατέρα
2596 3640 2760 3695 αὑτὸν
2790 3641 2865 3713 μὴ
2899 3642 3167 3714 ὑπάρχειν
3190 3642 3431 3707 ὑποστὰς
3467 3637 3553 3710 εἴ,
3588 3644 3831 3715 ξυναφε-

2232 3730 2328 3785 λου
2349 3732 2514 3786 αὑτὸν
2537 3731 2767 3787 καθόλου
2788 3733 2851 3787 τὸ
2878 3729 3041 3792 εἶναι.
3064 3734 3296 3791 Πίστευε
3320 3732 3414 3791 οὖν
3435 3737 3725 3809 ὁμοοὺσιον
3751 3739 3839 3810 τῷ

2233 3823 2412 3894 llas-pi.
2438 3824 2531 3879 τὸν
2574 3825 2726 3892 Υἱὺν,
2781 3826 2857 3899 μὴ
2897 3829 3257 3893 συνούσιον,
3284 3829 3427 3885 κατὰ
3462 3830 3563 3903 τὴν
3592 3831 3690 3885 τοῦ
3726 3832 3834 3886 Σαέ

2235 3913 2445 3969 ὗελλίου
2488 3917 2800 3988 παροινίαν.
2827 3919 2903 3972 Τὸ
2939 3920 3042 3991 μὲν
3065 3919 3175 3993 γὰρ
3200 3920 3435 3993 ὑπάρχει
3474 3921 3833 3987 ὑποστάσεως

2232 4004 2548 4076 δηλωτικὸν,
2592 4012 2653 4063 τὸ
2680 4009 2758 4078 δὲ,
2792 4011 3145 4085 βλασφημίας
3184 4013 3267 4079 είς
3307 4014 3529 4087 Πατέρα
3560 4015 3664 4070 τοῦ
3693 4016 3835 4072 Υίοῦτ

2234 4097 2449 4153 καὶτοῦ
2480 4102 2799 4172 Πνεὺματος
2843 4105 3316 4178 άνακιρναμένων,
3360 4105 3458 4162 καὶ
3498 4107 3581 4172 εἰς
3623 4109 3831 4180 μονάδα

2234 4188 2334 4261 τὴν
2396 4191 2606 4263 Τριάδα
2654 4196 3017 4270 άναλυούσης,
3049 4198 3190 4271 ὅπερ
3221 4198 3507 4271 ἀλλότριον
3544 4200 3833 4264 παντελῶς

2234 4283 2347 4338 τῶν
2373 4284 2536 4342 θείων
2569 4290 2808 4362 ὑπάρχει
2832 4292 3035 4364 νόμων.

539 4373 679 4431 Nam
707 4373 906 4428 horum
937 4371 1168 4427 alterum
1190 4366 1655 4439 signiﬁcationem
1693 4381 1948 4438 persona:
1969 4383 2038 4425 ac
2065 4370 2394 4433 substantiae
2422 4377 2610 4448 habet,
2629 4382 2866 4439 alterum
2897 4383 3060 4456 plane
3078 4382 3465 4456 blasphemum
3494 4395 3583 4444 est
3610 4406 3624 4441 :
3650 4398 3839 4458 quan;

541 4470 617 4527 do
634 4484 700 4525 ea
721 4468 933 4524 ratione
952 4468 982 4520 ι·
998 4464 1128 4521 ilius
1155 4472 1211 4520 et
1227 4460 1469 4534 Spiritus
1501 4474 1631 4516 cum
1648 4458 1814 4519 Patre
1836 4463 2295 4537 commiscentur,
2324 4485 2390 4527 ac
2418 4470 2665 4531 Trinitas
2696 4475 2752 4531 in
2784 4475 3050 4533 unitatem
3074 4477 3371 4534 resolvitur
3397 4480 3576 4551 :quod
3600 4485 3837 4541 omnino

540 4562 747 4623 divinis
771 4577 804 4617 a
828 4559 1042 4633 legibus
1072 4564 1161 4615 est
1191 4557 1455 4613 alienum.

1005 4669 1526 4733 INTERROGATIO
1571 4669 1668 4726 XI.

613 4795 896 4863 Quantum
943 4805 1050 4847 nos
1102 4774 1328 4861 quidem
1380 4783 1872 4858 deprehendimus,
1905 4786 2137 4840 venera-

2827 4678 3079 4734 ΠΕΥΣΙΣ
3112 4681 3217 4737 lA'.

2321 4792 2411 4859 Ἐξ
2441 4786 2519 4849 ὧν
2559 4792 2912 4869 εὑρίσκομεν,
2955 4796 3198 4878 τριθεῖαν
3243 4784 3486 4871 φρονεῖς,
3529 4804 3837 4875 τιμίιιίιτατε

544 4886 695 4944 tione
718 4882 1044 4957 dignissime
1060 4878 1247 4948 Pater,
1275 4886 1395 4935 tres
1435 4888 1560 4933 esse
1595 4874 1731 4931 deos
1753 4874 1950 4930 statuis
1977 4892 1991 4929 :
2028 4890 2124 4946 qut

2237 4883 2424 4957 Πάτερ
2449 4900 2463 4914 ⁸
2499 4887 2579 4952 είς
2601 4888 2671 4967 ἣν.
2695 4874 3075 4963 ἐκφερόμενοι,
3098 4874 3177 4955 είς
3202 4891 3378 4946 πολλὰ
3418 4874 3838 4969 ὲκπεαοὺμεθα,

546 4981 595 5035 si
629 4976 1084 5039 exorbitahimus,
1119 4974 1177 5027 in
1204 4968 1626 5027 multitudinem
1661 4964 1994 5022 incidemus.
2029 4965 2142 5022 Ea-

544 5088 655 5145 que
678 5071 892 5128 ratione
909 5067 1021 5133 iiet,
1038 5074 1213 5124 utnos
1233 5064 1434 5121 doceas
1453 5062 1634 5119 colere
1655 5076 1767 5117 non
1792 5076 1961 5116 unum
1985 5061 2138 5130 prin-

543 5166 724 5237 cipem
755 5162 951 5226 Deum,
978 5158 1077 5217 sed
1111 5158 1341 5215 multos.

1194 5272 1499 5343 Responsio.

620 5393 734 5466 Ego
765 5406 897 5449 vero
920 5406 1046 5447 cum
1079 5397 1194 5446 tres
1224 5400 1496 5461 personas
1518 5392 1729 5449 statuo,
1754 5396 1865 5437 non
1890 5379 2137 5436 divinam

546 5495 805 5544 naturam
834 5482 1044 5549 divido,
1068 5480 1165 5539 sed
1202 5479 1468 5535 unitatem
1500 5476 1621 5546 ejus
1659 5470 2138 5536 conﬁtendo,'l‘ri-

549 5580 775 5635 nitatem
800 5576 1029 5650 supplex
1061 5573 1316 5646 imploro.

2240 4974 2337 5132 ἔαὶ
2356 4977 2417 5030 οὑ
2439 4974 2728 5052 μοναρχίᾳ,
2744 4980 2883 5036 ἀλλὰ
2904 4981 3164 5054 πολυθεΐᾳ
3178 4976 3467 5055 λατρεὺειν
3483 4994 3842 5059 παραυ-κενά·

2276 5084 2354 5132 εις
2378 5069 2549 5132 ἡμᾶς.

2276 5084 2354 5133 εις
2378 5069 2549 5141 ἡμᾶς.

2874 5246 3239 5323 Ἀπόκρισις.

2310 5367 2385 5423 οὑ
2416 5365 2514 5441 τὴν
2539 5366 2691 5423 θείαν
2735 5368 2899 5439 φύσιν
2924 5369 3171 5445 διαιρῶν,
3198 5371 3352 5445 τρεῖς
3381 5371 3557 5444 αὐτῆς
3589 5372 3841 5432 ὑποστάς

2244 5477 2358 5525 σεις
2389 5460 2551 5533 φημὶ,
2573 5459 2691 5515 ἀλλ’
2713 5461 2931 5533 ἐκείνης
2955 5461 3055 5534 τὴν
3086 5463 3284 5519 ἕνωσιν
3304 5463 3607 5536 ὁμολογῶν,
3626 5467 3843 5541 Τριάδα

2246 5552 2550 5625 ποτνιῶμαι
2565 5552 2839 5625 δεόμενος.

623 5738 669 5771 ⁸⁸
704 5739 863 5795 Joan.
892 5753 932 5803 ι,
969 5734 1055 5790 18.
1136 5734 1181 5767 ³³
1210 5728 1381 5785 Exod.
1415 5726 1619 5812 m,_14.
1696 5726 1743 5758 ”
1774 5722 1930 5782 Rom.
1970 5739 2043 5789 Ix,
2081 5721 2124 5775 ες.

2228 5719 2255 5749 ⁸⁸
2294 5715 2450 5773 Joan.
2483 5732 2535 5785 ν,
2564 5716 2634 5772 46

622 5903 699 5973 (4)
729 5898 1180 5970 Ξυνομολοτεῖς.
1198 5897 1277 5951 Au
1307 5889 1718 5963 ξυνομολογῶνῗ
1749 5888 1902 5945 Ιηῖωτ.
