4108 6376
300 360 409 422 169

901 471 1154 526 ΠΕΥΣΙΣ
1195 470 1292 524 ΙΒ’.

374 610 529 667 Τδδὲ
562 611 742 681 λέγειν
777 627 838 665 σε
895 609 1030 664 Θεὸν
1068 611 1162 663 τὸν
1213 606 1457 678 Πατέρα,
1497 605 1593 658 καὶ
1636 603 1771 658 Θεόν
1807 604 1900 657 τὸν

300 707 455 771 Υίδν,
491 706 589 760 καὶ
628 697 764 760 Θεὸν
803 701 865 761 τὸ
903 694 1058 775 ἅγιον
1099 699 1348 773 Πνεῦμα,
1379 699 1624 772 τριθεῖαν
1649 697 1902 770 φανερῶς

302 800 597 862 διδάσκεις.
921 865 1294 934 Ἀπόκρισις.

373 960 584 1032 Τριάδα
606 957 750 1030 φημὶ
778 956 880 1027 τῆς
925 956 1100 1025 αὐτῆς
1133 954 1345 1017 οὐσίας.
1369 951 1470 1023 τῆς
1496 950 1668 1021 αὐτῆς
1709 947 1905 1020 ῥώμης

305 1072 367 1108 τε
423 1052 519 1107 καὶ
559 1051 833 1122 θεότητος,
895 1049 996 1102 οὐκ
1038 1047 1309 1112 αὔξουσαν
1354 1044 1387 1115 ἢ
1445 1042 1774 1115 μειουμένην
1809 1039 1905 1093 καὶ

307 1147 612 1218 λήγουσαν,
658 1143 720 1196 οὐ
755 1141 1076 1212 προσθήκην
1119 1137 1198 1208 τῷ
1233 1134 1452 1208 ἀριθμῷ
1487 1132 1900 1204 λαμϐάνουσαν·

309 1242 359 1292 sl
395 1238 492 1292 καὶ
533 1235 700 1306 σαρκὶ
747 1233 1014 1303 ὲνωθῆναι
1070 1229 1100 1284 6
1147 1229 1321 1298 Λόγος
1354 1226 1692 1298 ηὐδόκησεν,
1738 1222 1904 1294 μηδὲν

309 1329 620 1397 ἐπεισάγων
669 1325 748 1396 τῷ
801 1322 1022 1396 ἀριθμῷ
1075 1322 1174 1392 τῆς
1234 1319 1483 1392 Τριάδος.
1542 1317 1660 1371 Μία
1706 1311 1799 1369 οὖν
1848 1314 1906 1366 ὲν

311 1420 505 1494 Τριάδι
534 1418 771 1491 σφραγὶς
809 1416 906 1469 καὶ
941 1414 1206 1486 σωτηρία,
1228 1414 1324 1466 καὶ
1345 1411 1498 1465 οὐδὲν
1527 1411 1586 1462 ὲν
1612 1408 1750 1478 αὐτῇ
1789 1422 1909 1458 κτι-

313 1513 458 1567 στόν.
508 1512 572 1565 Εἰ
617 1510 726 1581 γὰρ
773 1510 1022 1570 ἇκτιστος
1055 1508 1083 1559 6
1126 1504 1338 1575 Πατὴρ,
1373 1501 1589 1563 κτιστδς
1622 1498 1679 1553 δὲ
1715 1500 1742 1550 6
1779 1495 1909 1559 Υἱὸς

311 1608 408 1661 καὶ
445 1605 509 1659 τὸ
552 1603 800 1674 Πνεῦμα,
847 1599 991 1654 κατὰ
1023 1600 1150 1662 τοὺς
1195 1597 1510 1669 Ἀρειανοὺς
1551 1591 1778 1664 μύθους,
1815 1589 1909 1643 καὶ

310 1700 438 1762 τοὺς
476 1697 696 1758 λοιποὺς
724 1693 1151 1766 ματαιόφρονας,
1189 1689 1295 1744 τίνι
1335 1687 1481 1758 λόγῳ
1516 1684 1786 1754 συνῆπται
1815 1681 1910 1734 καὶ

313 1790 621 1845 συνδέδεται
647 1784 1154 1858 συγκεραννύμενον
1179 1784 1276 1837 καὶ
1308 1778 1761 1848 συνδοξαςόμενον
1793 1775 1908 1836 τοῖς

311 1885 550 1945 κτιστοῖς
578 1881 641 1934 τὸ
669 1881 944 1940 ἄκτιστον,
983 1877 1040 1929 ὲν
1067 1877 1135 1947 τῇ
1174 1873 1430 1946 σφραγίδι
1472 1870 1550 1939 (5)
1585 1868 1683 1938 τῆς
1719 1881 1909 1936 μυστι-

310 1975 415 2044 κῆς
443 1971 817 2042 τελειότητος;
857 1964 983 2040 τΑρ⁸
1009 1968 1086 2030 ὡς
1117 1965 1191 2037 μὴ
1215 1965 1329 2018 οἴου
1347 1981 1408 2015 τε
1433 1961 1529 2014 τοῦ
1552 1957 1766 2028 Πατρὸς
1805 1952 1909 2007 σώ-

311 2066 447 2130 ζειν,
481 2065 575 2119 καὶ
597 2061 1042 2136 προσλαϐομένου
1067 2057 1321 2130 βοήθειαν
1346 2054 1415 2108 τὰ
1453 2053 1548 2107 δύο
1572 2047 1798 2110 κτιστάς

313 2160 434 2216 ηειξῖ
477 2157 636 2229 quasi
667 2155 925 2212 videlicet
952 2153 1115 2208 Pater
1144 2151 1378 2207 salutem
1411 2143 1599 2216 largiri
1631 2155 1744 2196 non
1790 2136 1988 2209 possit,

317 2252 698 2323 assumpserit.

923 2337 1176 2394 ΠΕΥΣΙΣ
1209 2336 1310 2390 1Γ’.

319 2459 327 2472 ⁴
386 2449 564 2509 Είοῦν
591 2453 721 2525 τρία
745 2447 844 2524 τῆς
874 2449 1105 2522 Τριάδος
1141 2446 1410 2519 πρόσωπα
1453 2442 1549 2497 καὶ
1592 2441 1742 2512 τρεῖς
1775 2436 1910 2490 ὐπο-

313 2548 558 2612 στάσεις,
594 2547 810 2607 πάντως
849 2545 883 2614 ἡ
917 2540 1216 2602 ὑποστάσις
1267 2538 1326 2591 ἓν
1368 2536 1659 2608 πρόσωπον
1697 2530 1764 2586 ἂν
1803 2529 1911 2600 εἴη,

313 2641 410 2694 καὶ
442 2640 503 2692 τὸ
535 2639 822 2710 πρόσωπον
856 2633 1244 2688 ἐνυπόοτατον.
1291 2629 1382 2697 Ἐξ
1422 2626 1498 2682 ὦν
1522 2627 1669 2700 τρεῖς
1693 2620 1916 2696 δηλοῦν-

314 2751 404 2787 ται
447 2732 586 2786 Θεοί·
639 2731 776 2801 ὅπερ
819 2726 1059 2799 ἀναιρῶν
1107 2727 1136 2779 ὁ
1176 2723 1496 2786 ’Λπόστολος
1538 2719 1764 2790 γράφει,
1809 2710 1916 2781 Εἷς

315 2831 557 2898 Κύριος.
589 2829 699 2897 μία
728 2827 954 2891 πίστις,
986 2822 1058 2876 ἐν
1081 2818 1402 2888 βάπτισμα
1421 2833 1435 2845 ·
1467 2814 1562 2870 καὶ
1585 2807 1693 2885 πρὸ
1723 2810 1914 2864 τούτου

317 2920 522 2991 Μωσῆς
557 2919 634 2990 τῷ
669 2917 885 2990 Ἰσραὴλ
910 2957 926 2982 ,
976 2917 1193 2985 Κύριος
1233 2915 1266 2967 ὁ
1309 2910 1454 2976 Θεός
1490 2923 1647 2972 σου,
1698 2905 1916 2973 Κύριος

313 3004 405 3079 εἷς
435 3014 627 3068 ἐστιν.

939 3182 1296 3250 Ἀπόκρισις.

404 3277 566 3332 Ἀλλὰ
616 3275 755 3348 μετὰ
803 3273 1049 3337 Μωσέως
1098 3272 1192 3326 καὶ
1250 3269 1485 3332 Παύλου,
1533 3267 1627 3320 καὶ
1663 3265 1763 3334 τῆς
1800 3281 1916 3333 φω-

316 3372 416 3444 νῆς
444 3371 554 3425 τῶν
593 3368 873 3441 Χερουϐὶμ
908 3367 1002 3420 καὶ
1045 3364 1295 3437 Σεραφὶμ
1324 3360 1670 3430 ἀκούσωμεν,
1699 3358 1916 3428 Ἄγιος,

318 3465 509 3535 ἅγιος,
541 3463 732 3532 ἅγιος,
769 3460 1045 3531 ἀσιγὴτως
1077 3455 1343 3528 βοώντων.
1395 3454 1469 3507 Οὐ
1507 3455 1616 3523 γάρ
1649 3449 1731 3513 δὶς
1762 3449 1795 3520 ἢ
1830 3465 1921 3501 τε-

317 3557 517 3630 τράκις
554 3553 712 3607 τοῦτό
745 3568 877 3621 φασι
923 3551 992 3604 τὰ
1041 3546 1391 3618 πνευματικὰ
1438 3547 1624 3599 ἐκεῖνα
1663 3544 1757 3596 καὶ
1798 3541 1915 3594 θεο-

320 3651 465 3719 φόρα
510 3646 646 3712 ζῶα,
686 3644 794 3697 οὐδ’
833 3637 900 3697 αὖ
947 3641 1109 3695 πάλιν
1152 3636 1582 3711 μονοφωνοῦσιν,
1625 3635 1913 3705 ἥ,⁹Ἀγιοι,

320 3741 490 3807 ἅγιοι,
528 3736 711 3805 φασὶν,
747 3733 834 3788 ἵνα
862 3732 936 3804 μὴ
971 3731 1033 3786 τὸ
1077 3730 1255 3785 ἑνικὸν
1288 3726 1642 3797 πολυώνυμον
1677 3721 1917 3793 ἀποφαί-

320 3847 520 3886 νωσινο
559 3827 696 3882 ἀλλά
717 3827 868 3897 τρισὶ
899 3825 997 3896 μὲν
1037 3825 1131 3878 τὸν
1167 3822 1438 3892 ἁγιασμὸν
1472 3818 1752 3890 ἀσιγήτως
1780 3818 1916 3870 ἀνα-

320 3921 614 3994 φωνοῦσιν,
663 3918 858 3981 ἑνικῶς
904 3917 962 3970 δὲ
1011 3915 1436 3984 ἀποφαίνονταιο
1490 3913 1580 3966 ἴνα
1621 3911 1698 3983 μὴ
1751 3911 1919 3964 πολυ-

321 4016 473 4072 οεταν
497 4018 609 4079 τοῖς
639 4013 996 4085 νηπιόφροσιν
1027 4006 1455 4079 ὑποσπείρωσιν.

935 4282 1188 4336 ΠΕΥΣΙΣ
1221 4283 1319 4336 1Δ’.

394 4379 460 4434 Τί
485 4375 578 4434 οὖν
604 4379 718 4432 ἐστι
746 4375 808 4430 τὸ
833 4372 1344 4446 γεγραμμένον,ὂτι
1383 4369 1452 4423 Τὸ
1484 4368 1726 4438 Πνεῦμα
1757 4367 1922 4436 ἐρευ-

323 4469 405 4540 νᾷ
455 4471 528 4524 τὰ
577 4469 739 4536 βάθη
795 4467 904 4522 τοῦ
951 4465 1134 4528 Θεοῦ;
1176 4465 1239 4516 El
1287 4460 1571 4532 ὀμοούσιος
1609 4457 1923 4530 Τριὰς,καὶ

330 4563 428 4634 μία
470 4561 672 4630 γνῶσις
709 4561 804 4614 καὶ
852 4558 911 4611 ἓν
958 4557 1191 4627 θέλημα,
1232 4555 1326 4608 καὶ
1376 4553 1474 4623 μία
1511 4551 1684 4621 αὐτῆς
1727 4551 1759 4620 ἡ
1801 4548 1922 4601 Θεό-

325 4671 447 4723 της,
489 4654 582 4706 καὶ
620 4654 679 4707 οὐ
719 4651 938 4705 κτιστόν
989 4667 1043 4702 τι
1094 4648 1188 4701 καὶ
1226 4646 1479 4715 ἀνόμοιον
1511 4645 1570 4696 ὲν
1607 4644 1768 4712 αὐτῇ,
1806 4638 1925 4702 πῶς

328 4749 557 4818 ἑρευνᾷν
589 4745 804 4814 λέγεται
849 4743 912 4796 τὺ
957 4740 1185 4810 Πνεῦμα
1223 4737 1292 4791 τὰ
1332 4735 1468 4806 βάθη
1515 4734 1609 4787 τοῦ
1649 4731 1808 4796 Θεοῦ,
1848 4730 1926 4792 ὡς

324 4838 593 4909 ἀγνοοῦνς
625 4838 688 4890 El
717 4835 827 4907 γὰρ
855 4833 1135 4904 γινώσκει,
1164 4831 1225 4884 οὐ
1257 4830 1364 4902 χρὴ
1409 4827 1634 4899 ὲρευνᾷν
1654 4843 1667 4856 '
1699 4822 1926 4894 ἀγνοίας

325 4935 438 5006 γάρ
465 4935 582 4986 ἐστι
609 4931 670 4985 τὸ
696 4930 946 5001 ὲρευνᾷν.

958 5129 1317 5196 Ἀπόκρισις.

410 5227 552 5282 Ἀλλ’
568 5225 671 5280 οὐκ
699 5221 892 5294 ἀγνοίᾳ
924 5222 957 5293 ἦ
986 5219 1298 5292 περιεργίᾳ,
1319 5215 1461 5271 κατὰ
1482 5213 1808 5269 Μακεδόνιον
1833 5211 1926 5266 τὸν

327 5322 635 5394 μεμηνότα,
665 5318 881 5390 ἐρευνᾷ,
921 5313 1057 5370 ἀλλὰ
1081 5311 1415 5383 γνησιότητι.
1446 5307 1696 5362 Ἐπειδὰν
1724 5306 1832 5378 γὰρ
1866 5308 1924 5358 ἐν

320 5415 443 5477 τοῖς
460 5411 737 5484 ὲναρέτοις
755 5408 852 5462 καὶ
870 5406 1105 5476 ὲναγίοις
1126 5403 1334 5476 βροτῶν
1350 5401 1653 5472 γένηται-τὸ
1668 5400 1810 5453 θεῖον
1830 5398 1928 5451 καὶ

324 5504 599 5574 πανάγιον
624 5496 1294 5573 Πνεῦμα,παρασκευάξει
1313 5491 1512 5556 αὐτοὺς
1531 5492 1602 5545 τὰ
1620 5491 1756 5562 βάθη
1781 5492 1928 5562 ὲρευ-

325 5600 433 5672 νᾷν
451 5598 546 5651 τοῦ
565 5595 722 5662 Θεοῦ,
742 5597 807 5649 ἐκ
830 5593 934 5665 τῆς
958 5590 1256 5663 προχείρου
1273 5586 1366 5642 τοῦ
1394 5586 1722 5657 γράμματος
1743 5583 1930 5666 ἐξετά-

1727 353 2081 413 DIALOGUS
2105 353 2149 413 1.

3490 364 3598 420 870

2452 470 2976 530 lNTERROGATlO
3022 474 3138 531 XII.

2073 604 2144 655 At
2172 610 2299 658 etim
2349 603 2519 659 Deum
2566 604 2808 675 Patrem,
2856 608 3026 664 Deum
3057 596 3282 676 Filium,
3331 621 3385 666 ct
3415 602 3593 666 Deum

2004 694 2274 766 Spiritum
2347 705 2604 754 sanctum
2660 701 2825 767 dicis,
2897 701 3194 760 manifesto
3265 714 3384 763 tres
3455 691 3591 763 deos

2002 783 2193 841 doces.

2647 856 2953 927 Responsio.

2078 943 2196 1001 Imo
2225 945 2552 1004 Trinitatem
2606 950 2869 1019 proﬁteor
2919 952 3084 1008 unitis
3123 960 3177 1008 et
3215 953 3464 1024 ejusdem
3511 966 3601 1012 es-

2006 1039 2216 1104 sentiae,
2246 1043 2536 1111 polestatis
2573 1056 2638 1096 ac
2679 1043 2987 1100 divinitatis
3026 1045 3299 1114 ejusdem,
3331 1057 3452 1117 qua!
3484 1064 3600 1102 non

2007 1131 2272 1200 augescit,
2306 1133 2391 1187 vel
2423 1133 2783 1198 deminuitur,
2813 1135 2898 1189 vel
2928 1135 3137 1204 deficit,
3157 1153 3259 1192 nec
3287 1139 3602 1194 incremen-

2007 1229 2124 1276 tum
2150 1225 2367 1278 numeri
2397 1226 2614 1296 recipit.
2641 1227 2972 1299 Quanquam
3001 1231 3149 1285 enim
3189 1231 3366 1287 Verbo
3397 1233 3602 1303 placuit

2015 1329 2140 1369 cum
2167 1331 2335 1372 carne
2367 1317 2536 1381 uniri,
2587 1329 2819 1374 numero
2858 1328 3042 1376 tamen
3093 1322 3391 1380 Trinitatis
3429 1325 3602 1380 haud-

2008 1421 2282 1475 quaquam
2315 1409 2520 1480 aliquid
2550 1411 2778 1466 addidit.
2811 1411 3157 1484 Quapropter
3179 1417 3401 1471 unicum
3434 1419 3518 1471 est
3545 1419 3601 1472 in

2012 1496 2284 1554 Trinitate
2337 1503 2686 1574 signaculum
2719 1513 2885 1575 atque
2935 1508 3107 1572 salus,
3158 1518 3215 1564 et
3250 1510 3388 1564 nihil
3421 1510 3474 1565 in
3503 1525 3602 1566 ea-

2010 1590 2134 1645 dem
2173 1602 2441 1649 creatum.
2467 1595 2679 1669 Quippe
2708 1600 2754 1656 si
2794 1597 2964 1655 Pater
2990 1610 3075 1658 est
3095 1602 3398 1668 increatus,
3429 1601 3603 1658 Filius

2015 1691 2196 1737 autem
2231 1696 2476 1754 creatus,
2511 1692 2749 1766 itemque
2784 1696 3049 1767 Spiritus,
3107 1696 3176 1751 de
3206 1696 3480 1750 sententia
3514 1695 3600 1750 fa-

2016 1773 2270 1831 bularum
2299 1782 2414 1836 Arii
2447 1785 2897 1861 reliquorumque
2937 1789 3271 1845 dementium
3302 1797 3603 1860 :quonam,

2015 1881 2223 1936 quaeso.
2248 1882 2409 1940 pacto
2439 1879 2639 1934 creatis
2685 1879 2995 1936 incre’atum
3041 1882 3396 1951 coniunctum
3436 1887 3519 1935 est
3551 1888 3606 1933 et

2015 1959 2353 2028 copulatum,
2417 1965 2494 2020 ita
2537 1979 2597 2024 ut
2643 1971 2762 2040 pari
2799 1973 3009 2028 honore
3065 1974 3348 2042 gioriaqde
3379 1987 3502 2027 cum
3540 1979 3607 2025 eo

2013 2047 2284 2105 adiciatur
2317 2054 2372 2108 in
2407 2058 2793 2130 obsignatione
2827 2066 3185 2136 perfectionis
3241 2066 3388 2120 illius
3449 2070 3607 2118 arca”-

2023 2155 2089 2194 ac
2148 2153 2440 2216 propterea
2485 2160 2672 2208 creata
2709 2155 2840 2222 duo,
2893 2173 3132 2229 quorum
3181 2174 3284 2229 ope
3335 2160 3605 2220 uteretur,

2461 2331 2980 2393 INTERROGATIO
3017 2336 3161 2395 Xlil.

2087 2435 2245 2505 Quod
2300 2443 2346 2499 si
2391 2459 2525 2516 ergo
2575 2456 2688 2505 tres
2742 2461 2872 2506 sunt
2920 2451 3212 2507 Trinitatis
3258 2467 3508 2523 persona:
3545 2467 3608 2507 ac

2016 2539 2128 2586 tres
2193 2532 2567 2605 hypostases,
2634 2541 2863 2595 omnino
2926 2553 3208 2613 sequetur,
3271 2544 3609 2616 hypostasim

2019 2636 2309 2690 personam
2333 2667 2347 2691 ,
2382 2642 2446 2682 ac
2487 2643 2781 2699 personam
2819 2633 3065 2690 vicissim
3097 2635 3439 2706 hypostasim
3472 2653 3604 2693 con-

2018 2714 2292 2780 stituere;
2348 2734 2457 2788 qua
2514 2725 2733 2778 ratione
2785 2732 2899 2780 tres
2955 2727 3030 2781 dii
3079 2726 3504 2798 significantur:
3554 2731 3609 2785 id

2018 2809 2165 2878 quod
2224 2808 2520 2882 Apostolus
2577 2814 2826 2872 refellere
2881 2820 3110 2887 volens,
3165 2821 3220 2875 in
3274 2821 3390 2876 haec
3445 2823 3611 2877 verba

2018 2900 2244 2972 scripsit
2286 2922 2299 2957 :
2344 2902 2490 2959 Unus
2530 2905 2825 2973 Dominus,
2870 2927 2980 2965 una
3019 2912 3184 2981 ﬁdes,
3227 2929 3391 2968 unum
3436 2914 3612 2983 bapti-

2019 2994 2225 3060 sma";
2259 3003 2314 3050 et
2346 3007 2472 3054 ante
2507 2999 2685 3069 ipsum
2719 3001 2899 3058 Moses
2933 3003 2999 3056 ad
3032 3005 3364 3060 lsraeliticos
3393 3005 3611 3077 inquit:

2021 3083 2281 3141 Dominus
2313 3087 2454 3143 Deus
2491 3090 2581 3144 ille
2609 3101 2754 3156 tuus,
2791 3093 3054 3149 Dominus
3085 3113 3221 3151 unus
3249 3106 3328 3152 est
3347 3097 3413 3151 ".

2656 3183 2970 3255 Responsio.

2090 3269 2159 3323 At
2199 3280 2399 3340 praeter
2439 3271 2644 3330 Mosem
2685 3284 2740 3331 et
2778 3275 3008 3332 Paulum
3043 3278 3209 3333 etiam
3239 3279 3613 3335 cheruborum

2022 3363 2498 3435 seraphorumque
2533 3382 2725 3422 vocem
2765 3368 2913 3424 illam
2951 3369 3283 3438 audiamus,
3321 3387 3428 3442 qua
3471 3373 3614 3428 citra

2024 3455 2492 3512 intermissionem
2525 3460 2804 3515 clamant:
2857 3459 3134 3527 Sanctus,
3189 3473 3442 3528 sanctus,
3492 3482 3618 3519 san-

2023 3557 2137 3601 ctus
2171 3544 2235 3602 3“.
2273 3549 2409 3603 Nam
2446 3550 2551 3606 hoc
2585 3567 2696 3606 non
2728 3554 2812 3607 vel
2860 3554 2945 3608 bis
2985 3554 3070 3609 vel
3116 3557 3312 3624 quater
3355 3556 3615 3610 animalia

2023 3640 2114 3694 illa
2152 3642 2467 3711 spirituaiia
2499 3643 2801 3715 divinoque
2827 3645 3064 3703 Numine
3093 3647 3254 3716 plena
3284 3647 3576 3718 proferunt
3597 3688 3613 3710 ,

2024 3748 2131 3786 non
2171 3734 2299 3787 item
2335 3737 2504 3790 semel
2542 3745 2756 3792 tantum
2791 3734 3064 3805 eﬂ‘erunt;
3101 3740 3186 3794 vel
3222 3740 3444 3804 sancti,
3484 3755 3615 3794 san-

2024 3827 2097 3879 cti
2124 3868 2139 3890 ,
2181 3826 2416 3894 dicunt,
2454 3845 2524 3885 ne
2555 3829 2701 3900 quod
2738 3831 2961 3885 unicum
2997 3839 3117 3896 est,
3157 3832 3341 3903 plures
3374 3835 3618 3904 appella-

2023 3917 2201 3973 tiones
2227 3919 2428 3976 habere
2453 3920 2737 3977 declarent
2762 3941 2775 3988 ;
2803 3921 2894 3976 sed
2923 3924 3097 3979 tribus
3120 3925 3469 3980 sanctitatem
3495 3942 3619 3996 per-

2023 4018 2191 4079 petuo
2223 4011 2510 4077 tl'iqunt;
2546 4017 2601 4069 et
2651 4015 2919 4084 singulari
2973 4017 3332 4073 nihilominus
3385 4027 3618 4074 utuntur

2024 4118 2275 4168 numero,
2307 4121 2374 4160 ne
2398 4106 2629 4161 deorum
2663 4098 3071 4164 multitudinem
3100 4109 3154 4163 in
3183 4111 3401 4166 animos
3430 4112 3617 4166 rudio-

2023 4208 2148 4248 rum
2178 4195 2448 4253 inserant.

2473 4279 2995 4344 iNTEKROGATEO
3032 4285 3169 4346 XIV.

2100 4379 2241 4445 Quid
2270 4379 2441 4448 igitur
2473 4381 2581 4435 sibi
2617 4383 2750 4444 vult,
2779 4382 2924 4452 quod
2954 4383 3334 4454 praescriptum
3363 4383 3614 4454 legimus,

2029 4469 2263 4540 Spiritus
2293 4483 2567 4528 scrutatur
2585 4469 2748 4527 etiam
2775 4474 2874 4528 Dei
2907 4474 3299 4544 profunditates
3315 4474 3399 4528 '9?
3423 4474 3478 4528 Si
3497 4473 3618 4527 Tri-

2029 4565 2176 4619 nitas
2201 4567 2366 4621 unius
2394 4575 2448 4620 et
2474 4567 2719 4636 ejusdem
2757 4574 2842 4622 est
2872 4568 3148 4631 essentia,
3168 4569 3212 4622 si
3232 4582 3339 4621 una
3356 4568 3616 4636 cognitio.

2030 4657 2291 4714 voluntas
2341 4674 2447 4712 una
2469 4699 2484 4720 ,
2520 4657 2782 4714 divinitas
2818 4674 2959 4723 una,
3002 4675 3102 4713 nec
3135 4658 3432 4729 quidquam
3471 4662 3522 4712 in
3552 4674 3617 4713 ea

2032 4756 2280 4803 creatum
2330 4749 2415 4803 vel
2451 4749 2718 4818 inaequale
2749 4766 2762 4801 τ
2796 4763 2908 4818 quo
2939 4749 3157 4802 tandem
3193 4755 3354 4818 pacto
3382 4748 3618 4802 scrutari

2032 4839 2270 4910 Spiritus
2310 4840 2714 4909 prolunditates
2747 4840 2878 4905 Dei,
2919 4849 3178 4909 tanquam
3211 4854 3306 4894 eas
3335 4839 3619 4909 ignorans,

2028 4931 2270 4988 dicitur?
2291 4933 2504 5004 Quippe
2541 4932 2586 4987 si
2618 4947 2712 4988 eas
2743 4933 2993 5003 cognitas
3020 4931 3203 4998 habet,
3228 4933 3624 5002 perscrutatio-

2028 5026 2117 5080 nis
2149 5024 2299 5080 haud
2327 5022 2534 5098 indiget
2560 5042 2576 5087 ;
2608 5041 2734 5080 cum
2763 5026 3002 5080 scrutari
3039 5025 3111 5080 sit
3146 5024 3528 5095 ignorationis.

2670 5113 2983 5187 Responsio.

2105 5212 2174 5264 At
2205 5227 2313 5266 non
2346 5217 2628 5266 scrutatur
2661 5226 2728 5263 ex
2764 5209 3109 5280 ignoratione
3141 5209 3226 5263 vel
3260 5209 3585 5264 curiositate
3605 5247 3620 5271 ,

2037 5303 2503 5374 quemadmodum
2540 5301 2729 5356 furens
2766 5301 2856 5355 ille
2892 5299 3248 5355 Macedonius
3291 5300 3490 5365 tradit,
3525 5299 3625 5354 sed

2036 5397 2222 5451 nativa
2249 5395 2484 5466 quadam
2517 5393 2619 5464 ipsi
2653 5393 3013 5463 proprietate.
3054 5389 3190 5446 Nam
3232 5408 3359 5447 cum
3400 5392 3625 5446 divinus

2027 5488 2121 5542 ille
2174 5486 2672 5554 sanctissimusque
2728 5482 2972 5553 Spiritus
3026 5490 3108 5536 est
3176 5482 3230 5537 in
3285 5481 3520 5553 egregiis
3570 5488 3626 5535 et

2033 5580 2241 5637 sanctis
2273 5576 2622 5641 hominibus,
2657 5575 2739 5631 sic
2782 5589 2878 5631 eos
2924 5574 3184 5641 instruit,
3231 5581 3292 5629 ut
3339 5573 3629 5646 profundi-

408 5761 454 5795 ³⁸
481 5761 681 5832 Ephes.
719 5774 792 5826 Iv,
827 5758 882 5814 5.
958 5758 1000 5788 ³⁷
1034 5754 1190 5811 Deut.
1221 5769 1296 5817 γι,
1330 5753 1385 5807 4.
1463 5751 1507 5782 ³⁸
1544 5749 1651 5805 lsa.
1687 5766 1762 5816 Vl,
1791 5748 1861 5812 ’ὃς
1896 5747 1917 5802 ἐ

2020 5763 2066 5803 ε.
2093 5763 2167 5812 ιν,
2193 5744 2248 5800 8.
2327 5743 2370 5774 ⁸³
2405 5741 2424 5796 1
2455 5741 2562 5798 Cor
2590 5758 2651 5807 tl,
2684 5741 2773 5798 10.

409 5920 489 5994 (δ)
516 5919 614 5976 Ἑν
638 5919 713 5989 τῇ
742 5917 1046 5989 σφραγίδι.
1076 5915 1140 5971 In
1169 5916 1551 5986 obsignatione,
1589 5915 1692 5969 hoc
1727 5921 1809 5968 est
1839 5913 1894 5967 in

2020 5911 2213 5968 .tismo.
2248 5908 2492 5982 Respicit
2522 5909 2757 5965 fortasse
2787 5915 2979 5964 auctor
3005 5903 3202 5980 Ephes.
3235 5904 3276 5975 l,
3307 5907 3396 5973 15,
3428 5918 3501 5975 tv,
3532 5904 3628 5963 50.
