4108 6376
465 380 568 443 871

425 484 617 569 ltates
647 495 743 552 Dei
778 496 1115 558 scrutentur,
1143 492 1212 549 de
1259 490 1506 548 faciliore
1554 506 1620 547 ac
1663 492 1826 547 obvia
1875 491 2053 548 cuivis

474 590 805 646 Litterarum
841 599 1125 641 sacrarum
1161 583 1514 654 indagatione
1543 583 1855 638 subvehens
1903 581 2055 651 ipsos

473 681 544 734 ad
577 692 800 735 sensum
851 675 1145 746 quemdam
1197 672 1612 736 sublimiorem,
1661 671 1790 726 dum
1840 670 1893 725 in
1940 684 2072 755 ρει-τ

473 769 817 830 scrutatione
871 782 1057 823 rerum
1093 764 1433 821 diuiniorum
1499 764 1656 834 quasi
1713 759 1780 819 ad
1832 761 2064 818 fundum

473 882 630 922 mens
675 870 961 935 penetrat,
997 875 1204 931 perque
1247 859 1478 930 spiritus
1527 859 1748 912 hamum
1797 857 1866 912 de
1901 856 2065 925 hujus

475 956 601 1011 vita:
647 953 861 1026 gurgite
900 989 917 1015 ,
962 952 1169 1021 piscem
1215 948 1388 1003 animi
1427 946 1644 1014 educit,
1689 946 2066 1007 continentem

476 1064 571 1104 ore
608 1054 866 1102 staterem
904 1044 1060 1098 illum
1098 1042 1323 1099 maximi
1360 1041 1561 1111 pretii,
1611 1041 1859 1111 adeoque
1905 1040 2071 1096 Cbri-n

477 1147 622 1195 stum
660 1137 1007 1195 Servatorem
1037 1134 1304 1189 omnium.
1356 1133 1450 1188 Sic
1491 1133 1639 1188 enim
1685 1140 1741 1190 et
1785 1132 2071 1203 apostolus

479 1232 567 1286 ille
600 1231 858 1302 princeps
894 1242 994 1297 pro
1024 1227 1209 1297 seipso
1248 1234 1302 1281 et
1345 1225 1567 1280 Christo
1614 1225 1813 1279 animat
1860 1227 2071 1295 piscem

478 1320 549 1377 iis
589 1319 685 1390 qui
726 1318 1057 1387 exigebant,
1098 1316 1231 1370 dare
1270 1315 1499 1385 jubetur
1531 1315 1597 1381 ‘°,
1632 1316 1920 1371 habentem
1957 1322 2070 1370 stas

483 1420 657 1466 terem
691 1409 977 1465 Christum
1013 1417 1068 1462 et
1099 1408 1224 1463 ﬁdei
1262 1408 1573 1461 doctrinam
1610 1408 1664 1461 in
1698 1421 1830 1470 ore,
1878 1406 2078 1476 proles

479 1516 733 1573 ctamque
780 1502 848 1558 de
897 1500 1269 1571 prol‘unditate
1317 1499 1504 1555 cordis
1557 1498 1969 1555 subvectionem
2017 1505 2072 1552 et

481 1595 720 1650 laudem.
775 1592 860 1648 Ea;
908 1591 1189 1662 profundis
1242 1593 1426 1658 enim,
1480 1591 1691 1661 inquit,
1729 1589 1954 1643 clamavi
2002 1588 2073 1642 ad.

483 1697 563 1755 te,
597 1685 853 1749 Domine;
906 1684 1164 1751 Domine,
1194 1682 1391 1738 exaudi
1435 1698 1610 1737 vocem
1655 1698 1825 1737 meam
1852 1680 1924 1739 ,“.
1963 1679 2072 1736 Sed

481 1786 537 1831 et
586 1776 819 1837 eximius
868 1775 960 1830 ille
1014 1775 1350 1845 Apostolus:
1385 1771 1792 1844 Nos,.inquit,
1822 1772 2072 1843 spiritum

484 1869 583 1922 Dei
612 1868 910 1937 accepimus
931 1905 946 1931 ,
988 1876 1045 1919 ut
1076 1868 1309 1921 sciamus
1356 1883 1475 1937 qua:
1516 1883 1550 1919 a
1592 1865 1704 1920 Deo
1733 1864 1938 1919 donata
1963 1864 2072 1919 sint

482 1960 632 2015 nobis
652 1959 719 2014 “.
767 1959 947 2029 Atque
979 1958 1180 2012 iterum
1229 1960 1408 2029 inquit
1452 1959 1597 2014 idem
1633 1979 1645 2014 :
1688 1957 1860 2014 Nobis
1892 1967 2071 2014 autem

482 2054 626 2108 Deus
673 2051 919 2107 revelavit
960 2066 1052 2120 per
1078 2050 1341 2121 Spiritum
1389 2069 1543 2107 suum
1565 2053 1630 2107 ”.
1667 2051 1735 2107 Et
1765 2067 1960 2108 rursus
1988 2052 2078 2107 di-

481 2147 738 2204 vinorum
782 2147 1094 2201 carminum
1153 2154 1349 2217 auctor
1408 2144 1640 2202 Davides
1680 2164 1694 2199 :
1744 2144 1818 2201 0s
1864 2161 2074 2210 meum,

482 2230 694 2311 inquit,
729 2241 945 2310 aperui,
972 2249 1021 2295 et
1044 2240 1294 2310 spiritum
1321 2238 1610 2302 attraxi“,
1630 2254 1828 2310 nempe
1845 2256 1957 2294 non
1987 2254 2081 2293 ae-

483 2334 629 2389 rium
656 2373 672 2399 ,
704 2335 798 2390 sed
830 2334 1111 2397 divinum,
1142 2348 1242 2404 per
1279 2347 1442 2403 quem
1496 2332 1822 2389 abscondita
1867 2332 1938 2388 de
1983 2331 2083 2386 ad-

1572 375 1628 431 S.
1660 368 1968 432 CAESARI!
1995 364 2666 429 GREGORIILFRATRIS

2173 508 2329 555 σεως,
2349 491 2443 543 ἐπὶ
2467 489 2567 562 τὴν
2592 486 2934 561 ὑψηλοτέραν
2960 486 3162 555 αὐτοὺς
3184 490 3378 560 ἀνάγει
3410 490 3682 555 διάνοιαν,
3699 495 3769 564 τῇ

2171 579 2367 654 ἐρεύνῃ
2391 579 2505 633 τῶν
2530 578 2839 652 θειοτέρων.
2861 579 3054 652 ὥσπερ
3091 582 3151 651 ὲν
3191 580 3339 653 βυθῷ
3382 599 3491 635 τινι
3533 583 3770 653 γενομέ-

2171 688 2269 743 νης
2293 670 2392 741 τῆς
2418 668 2674 736 διανοίας,
2711 671 2805 725 καὶ
2853 669 2934 742 τῷ
2976 671 3262 742 ἀγκίστρῳ
3306 670 3401 725 τοῦ
3458 671 3771 744 πνεύματος

2172 758 2236 816 ἐκ
2268 760 2361 817 τοῦ
2392 761 2645 833 βιωτικοῦ
2691 761 2856 833 βυθοῦ
2892 762 2985 816 τὸν
3017 761 3170 834 ἰχθὺν
3194 763 3293 834 τῆς
3317 761 3499 834 ψυχῆς
3540 764 3773 833 ἀνάγον-

2172 873 2284 920 τος,
2313 854 2505 926 ἔχοντα
2532 856 2590 909 ὲν
2615 854 2694 925 τῷ
2726 854 2958 926 στόματι
2983 855 3079 909 τὸν
3111 855 3477 927 πολυτίμητον
3503 857 3767 929 στατῆρα,

2174 946 2271 999 καὶ
2308 943 2404 998 τοῦ
2444 945 2647 1010 παντὸς
2696 945 2926 1016 Σωτῆρα
2964 944 3221 1016 Χριστόν.
3253 943 3442 1009 Οὕτως
3478 945 3588 1015 γὰρ
3615 946 3710 1000 καὶ
3741 949 3773 1000 6

2173 1038 2282 1095 τῶν
2309 1038 2626 1095 ἀποστόλων
2656 1040 2990 1109 κορυφαῖος,
3011 1036 3150 1102 ,ἀνθ’
3177 1036 3372 1092 ἑαυτοῦ
3406 1039 3501 1092 καὶ
3531 1038 3775 1111 Χριστοῦ

2174 1131 2268 1186 τὸν
2313 1132 2414 1203 τῆς
2459 1131 2637 1203 ψυχῆς
2688 1130 2840 1204 ἰχθὺν
2895 1131 3080 1186 δοῦναι
3124 1134 3237 1195 τοῖς
3276 1129 3567 1186 ἀπαιτοῦσι
3599 1149 3773 1204 προσ-

2175 1225 2451 1289 τάττεται,
2483 1223 2676 1294 έχοντα
2714 1224 2808 1277 τὸν
2847 1223 3095 1295 στατῆρα
3121 1222 3375 1294 Χριστὸν,
3405 1225 3500 1278 καὶ
3537 1224 3641 1294 τῆς
3680 1224 3775 1277 πί-

2179 1335 2350 1382 στεως
2392 1317 2483 1371 τὸν
2530 1317 2685 1386 λόγον
2716 1319 2775 1371 ὲν
2811 1317 2890 1389 τῷ
2917 1318 3168 1388 στόματι,
3197 1318 3292 1370 καὶ
3329 1317 3430 1388 τὴν
3472 1317 3541 1370 ὲκ
3575 1316 3777 1386 βάθους

2179 1410 2409 1483 καρδίας
2440 1411 2733 1482 ἀναγωγὴν
2772 1410 2869 1464 καὶ
2909 1410 3137 1465 αῐνεσιν.
3180 1408 3343 1463 Ἀλλά
3374 1409 3470 1463 καὶ
3489 1410 3537 1461 ’ὁ
3569 1409 3778 1479 ὑψηλὸς

2193 1502 2535 1567 Ἀπόστολος,
2578 1501 2778 1570 Ἡμεῖς
2801 1500 2892 1565 δὲ,
2924 1501 3081 1571 φησὶ,
3114 1499 3184 1554 τὸ
3213 1500 3460 1571 Πνεῦμα
3490 1500 3600 1555 τοῦ
3625 1502 3777 1556 Θεοῦ

2179 1594 2495 1664 ἐλάϐομεν,
2537 1596 2639 1649 ἵνα
2684 1594 2902 1664 ἴδωμεν
2953 1595 3028 1649 τὰ
3073 1594 3194 1648 ὑπὸ
3244 1594 3353 1650 τοῦ
3416 1594 3565 1649 Θεοῦ
3616 1611 3780 1663 χαρι-

2180 1686 2406 1741 σθέντα
2436 1685 2604 1755 ἠμῖν.
2643 1686 2748 1740 Καὶ
2776 1685 2939 1741 πάλιν
2969 1686 2998 1737 ὁ
3024 1685 3185 1748 αὐτός
3222 1701 3407 1755 φησιν·
3445 1684 3619 1755 Ἡμῖν
3645 1684 3715 1739 δὲ
3742 1687 3780 1741 ὁ

2183 1777 2330 1844 Θεὸς
2355 1777 2715 1845 ἁπεκάλυψε
2746 1776 2845 1832 διὰ
2882 1776 2989 1832 τοῦ
3033 1777 3380 1846 Πνεύματος
3413 1777 3624 1833 αὑτοῦ.
3664 1778 3779 1831 Καὶ

2180 1870 2342 1924 πάλιν
2370 1868 2538 1925 Δαὸὶδ
2565 1871 2594 1923 6
2619 1868 2729 1923 τῶν
2760 1866 2920 1927 θείων
2959 1866 3196 1939 μελῳδὸς
3215 1884 3227 1896 ·
3265 1867 3339 1922 Τὸ
3389 1869 3588 1938 στόμα
3627 1884 3778 1937 μου,

2177 1962 2361 2035 φησὶν,
2401 1961 2648 2030 ἤνοιξα,
2694 1960 2794 2014 καὶ
2836 1960 3100 2014 εἵλκυσα
3143 1960 3408 2030 πνεῦμ’
3446 1964 3548 2014 οὐκ
3589 1960 3782 2030 ἀέρων

2173 2057 2252 2118 δὲ,
2295 2054 2433 2110 ἀλλὰ
2460 2056 2523 2109 τὸ
2548 2054 2711 2119 θεῖον,
2753 2054 2821 2107 δι’
2864 2047 2926 2107 οὗ
2974 2053 3044 2108 τὰ
3067 2056 3366 2126 ἀπόκρυφα
3395 2054 3495 2124 τῆς
3528 2052 3782 2122 θεανδρι-

2178 2147 2282 2217 κῆς
2319 2146 2412 2201 τοῦ
2442 2146 2579 2200 Θεοῦ
2607 2145 2935 2217 παρουσίας,
2976 2146 3084 2216 πρὸ
3113 2146 3299 2217 χιλίων
3340 2146 3442 2217 ἤδη
3471 2144 3609 2199 ὲτῶν
3637 2160 3782 2214 προ-

2178 2241 2519 2311 απεφήνατο,
2544 2238 2840 2310 διαρρήδην
2867 2238 3166 2310 τραγῳδῶν
3193 2237 3270 2308 τῷ
3297 2236 3439 2307 Θείξν
3472 2237 3548 2291 Τὰ
3575 2234 3783 2302 ἄδηλα

2181 2329 2283 2385 καὶ
2310 2330 2383 2384 τὰ
2420 2330 2642 2398 κρύφια
2670 2327 3036 2397 τῆς-,σοφίας
3067 2342 3186 2382 σου
3210 2325 3529 2394 sensuum;
3569 2342 3694 2395 μοι.

483 2434 652 2482 ventu
682 2427 821 2482 uniti
848 2442 975 2482 cum
996 2426 1106 2483 Deo
1134 2428 1377 2483 hominis
1397 2428 1549 2511 mille
1572 2428 1690 2501 jam
1709 2435 1838 2485 ante
1870 2442 2048 2485 annos
2084 2428 2363 2482 luculente
2392 2425 2661 2489 declarat,
2692 2439 2899 2481 canens
2928 2423 3042 2483 Deo
3068 2447 3082 2482 :
3117 2423 3361 2480 Obscura
3387 2433 3438 2478 et
3463 2420 3783 2477 abscondita

487 2518 764 2590 sapientia:
795 2528 901 2578 tua:
928 2529 1057 2573 nota
1085 2518 1259 2589 fecisti
1289 2520 1503 2574 mihi“.

938 2633 1463 2692 INTERROGATIO
1504 2637 1622 2692 XV.

561 2746 620 2803 Si
669 2747 843 2804 Filius
882 2756 969 2804 est
1016 2748 1160 2805 Dens
1201 2760 1253 2804 et
1301 2751 1530 2820 aequalis
1574 2752 1752 2817 Patri,
1799 2751 2077 2825 quomodo

488 2838 707 2909 ignorat
750 2856 815 2896 ea
860 2857 984 2912 quae
1013 2841 1162 2898 novit
1192 2842 1385 2898 Pater?
1406 2845 1478 2900 At
1500 2861 1631 2903 vero
1657 2843 1775 2915 ipse
1799 2844 1871 2898 in
1900 2845 2079 2900 Evan-

488 2932 631 3003 gelia
679 2933 907 3004 inquit:
967 2932 1140 2987 Nemo
1203 2937 1349 2987 novit
1418 2935 1586 2997 diem,
1658 2953 1821 3007 neque
1888 2936 2079 2991 horam

489 3027 1000 3095 consummationis,
1047 3043 1210 3097 neque
1249 3027 1423 3098 angeli
1461 3029 1697 3084 calestes
1721 3069 1735 3094 ,
1776 3046 1941 3101 neque
1978 3030 2079 3085 Fi-

490 3115 630 3184 lius,
664 3117 769 3172 nisi
797 3117 943 3173 solus
972 3117 1138 3173 Pater
1157 3118 1225 3173 “.

1127 3228 1443 3300 Responsio.
1544 3246 1547 3249 ·

564 3335 717 3415 Solet
747 3339 1001 3395 immanis
1031 3341 1111 3395 uti
1142 3343 1599 3400 similitudinibus
1634 3360 1799 3402 sacra
1831 3346 2083 3417 Scriptu-

488 3440 589 3493 ra,
629 3437 685 3484 et
717 3427 785 3483 de
823 3430 991 3485 rebus
1029 3432 1378 3490 naturalibus
1417 3450 1793 3506 saepenumero
1830 3438 2081 3508 quaedam

494 3522 658 3592 petit,
692 3529 752 3575 ut
780 3536 905 3576 cum
940 3524 994 3577 in
1025 3522 1320 3595 Evangelia
1350 3527 1528 3597 inquit
1553 3526 1818 3585 Dominus
1844 3549 1857 3585 :
1893 3529 2083 3587 Simile

488 3621 567 3668 est
596 3629 813 3683 regnum
840 3614 1093 3670 caelorum
1122 3617 1381 3687 fermento
1408 3618 1477 3684 ⁸⁷,
1502 3629 1555 3674 et
1582 3637 1752 3691 grano
1783 3622 1986 3693 sinapis
2013 3623 2079 3677 "'.

488 3701 696 3762 Paulus
729 3707 858 3762 item
895 3707 988 3763 ille
1050 3709 1343 3775 sublimis,
1382 3711 1661 3783 Corpora,
1704 3714 1927 3784 inquit,
1980 3732 2084 3770 ca:-

493 3797 648 3853 lestia
678 3807 804 3853 sunt
827 3840 843 3866 ,
882 3807 934 3854 et
955 3816 1179 3868 corpora
1212 3804 1561 3859 terrestria".
1589 3804 1658 3859 Et
1682 3806 1750 3862 dc
1783 3808 1949 3863 rebus
1982 3824 2085 3863 na-

494 3889 766 3946 turalibus
812 3902 1093 3963 sumptum
1138 3892 1303 3948 etiam
1348 3894 1524 3961 illud,
1578 3896 1724 3968 quod
1765 3898 1835 3953 ad
1877 3896 2078 3953 Corin-

491 3983 640 4038 thios
686 3983 975 4049 scribens,
1026 3984 1173 4041 tibiae
1209 3987 1546 4059 citharaeque
1592 3990 1843 4045 meminit
1881 3992 1950 4046 '°.
1994 3989 2082 4047 ld-

491 4074 646 4129 circo
698 4081 753 4129 et
806 4073 921 4146 ipse
972 4092 1120 4131 nunc
1164 4093 1197 4132 a
1249 4078 1418 4134 rebus
1467 4081 1679 4137 nostris
1731 4082 1904 4151 petita
1949 4084 2081 4140 exili

492 4164 733 4235 quadam
798 4166 1161 4223 similitudine
1208 4177 1357 4223 utar.
1419 4167 1564 4225 Num
1624 4170 1900 4241 ignoraret
1958 4189 2079 4230 mea

492 4257 635 4311 ratio
685 4258 917 4312 consilia
976 4260 1143 4315 mea?
1192 4262 1381 4319 nullus
1424 4262 1531 4317 hoc
1576 4278 1805 4327 eorum,
1855 4266 1950 4336 qui
1995 4268 2080 4321 vel

492 4349 935 4420 qualemcunque
969 4351 1317 4423 disciplinam
1363 4354 1646 4410 consecuti
1689 4365 1856 4424 sunt,
1910 4356 2077 4411 dicet.

495 4437 784 4503 Quomodo
830 4440 999 4510 igitur
1047 4440 1144 4498 Dei
1187 4452 1242 4499 et
1293 4443 1471 4501 Patris
1515 4444 1757 4502 Verbum
1804 4448 2080 4518 ignorabit

493 4526 616 4597 ejus
665 4529 943 4585 consilia?
993 4545 1118 4586 cum
1166 4532 1315 4588 dicat
1358 4535 1498 4606 ipse,
1534 4536 1732 4593 Omnia
1756 4524 2083 4611 quacunque

492 4619 650 4674 liabet
679 4618 864 4688 Pater,
899 4638 1014 4676 mea
1043 4633 1166 4678 sunt
1185 4624 1231 4657 ⁸¹
1257 4643 1270 4679 :
1291 4641 1487 4697 nempe
1509 4629 1656 4699 quod
1679 4628 1824 4686 Deus
1840 4641 1924 4687 est
1942 4633 2075 4699 vita,

494 4709 642 4782 quod
688 4720 774 4766 est
814 4711 942 4777 lux,
991 4714 1140 4785 quod
1189 4727 1275 4772 est
1323 4719 1745 4790 immortalitas,
1795 4722 1942 4793 quod
1991 4732 2079 4780 est

492 4802 1092 4874 incomprehensibilis.
1128 4807 1196 4861 Et
1238 4809 1370 4864 alibi
1424 4811 1500 4864 ait
1537 4828 1551 4866 :
1608 4811 1806 4869 Omnia
1836 4833 1953 4873 mea
1981 4825 2077 4872 tua

493 4905 640 4959 sunt,
672 4893 856 4962 Pater,
874 4906 925 4950 et
954 4905 1046 4952 tua
1079 4916 1196 4953 mea
1227 4903 1432 4956 sunt".
1461 4901 1517 4956 Si
1538 4904 1703 4977 igitur
1738 4909 1923 4963 omnia
1953 4924 2077 4979 quae

492 4984 673 5043 Patris
709 4995 875 5052 sunt,
911 4989 1089 5059 ipsius
1127 4997 1293 5047 sunt:
1332 4994 1499 5048 etiam
1537 4997 1779 5067 cognitio
1816 5014 1939 5069 qua:
1969 4999 2077 5055 Pa-

492 5078 595 5135 tris
625 5088 742 5142 est,
776 5080 1002 5135 omnino
1033 5079 1209 5151 ipsius
1246 5091 1330 5139 est
1358 5101 1373 5151 ;
1414 5085 1658 5157 itemque
1694 5086 1933 5158 Spiritus
1956 5131 1973 5157 ,
2015 5098 2077 5145 ut

491 5169 658 5241 paulo
686 5177 811 5241 post
839 5169 1004 5226 latius
1030 5170 1264 5228 dicetur.

935 5282 1458 5345 INTERROGATIO
1491 5290 1633 5349 XVI.

563 5374 704 5430 Num
737 5375 927 5448 igitur,
963 5377 1010 5434 si
1041 5377 1266 5446 dixero,
1304 5379 1500 5437 Omnia
1545 5402 1867 5459 quacunque
1913 5389 2073 5445 habet

493 5467 679 5535 Pater,
708 5486 826 5524 mea
853 5480 1004 5535 sunt,
1040 5471 1205 5527 etiam
1239 5475 1606 5545 cognitionem
1641 5478 1818 5537 habeo
1847 5481 2029 5539 Patris
2053 5525 2069 5551 ,

2788 2651 3037 2705 ΠΕΥΣῙΣ
3063 2652 3163 2707 IE'.

2258 2767 2368 2820 Καὶ
2394 2768 2440 2819 εἰ
2474 2764 2607 2829 Θεὸς
2635 2767 2663 2818 6
2690 2763 2818 2828 Υἱὸς
2849 2764 2943 2818 καὶ
2973 2762 3088 2828 ἴσος
3112 2762 3190 2834 τῷ
3218 2763 3417 2835 Πατρὶ,
3450 2761 3569 2826 πῶς
3595 2763 3788 2832 ἀγνοεῖ

2180 2858 2217 2915 ἃ.
2244 2861 2272 2911 6
2302 2858 2491 2930 Πατὴρ
2526 2856 2814 2926 γινώσκει;
2854 2854 3027 2920 Αὐτός
3066 2857 3176 2927 γάρ
3203 2855 3262 2910 ὲν
3307 2855 3664 2924 Εὐαγγελίοις
3690 2854 3785 2919 lt:

2181 2967 2290 3020 γει,
2332 2950 2412 3003 ὅτι
2458 2948 2671 3014 Οὐδείς
2714 2944 2839 3002 οἶδε
2876 2947 2993 3016 τὴν
3020 2947 3251 3018 ἡμέραν
3287 2948 3433 3003 οὐδὲ
3467 2947 3585 3016 τὴν
3616 2946 3785 3016 ὤραν

2180 3041 2290 3110 τῆς
2345 3041 2723 3107 συντελείας,
2772 3041 2912 3094 οὔτε
2949 3046 3002 3095 ol
3040 3038 3282 3110 ἄγγελοι
3326 3038 3445 3094 τῶν
3481 3039 3780 3110 οὐρανῶν,

2183 3136 2322 3190 οὔτε
2355 3137 2388 3189 ό
2427 3134 2585 3201 Υἱὸς,
2624 3136 2675 3188 εί
2704 3132 2789 3204 μὴ
2822 3136 2855 3187 ὁ
2884 3133 3096 3202 Πατὴρ
3119 3134 3331 3203 μόνος.

2828 3247 3189 3316 Ἀπόκρισις.

2264 3365 2421 3417 Ἐπεὶ
2448 3358 2542 3419 οὖν
2575 3364 2985 3436 παραδείγμασι
3021 3364 3229 3436 βροτῶν
3262 3361 3567 3434 κεχρῆσθαι
3599 3361 3791 3432 nimo-

2182 3469 2278 3510 κεν
2302 3458 2336 3526 ὴ
2375 3456 2496 3510 θεία
2533 3456 2749 3529 Γραφὴ,
2784 3457 2880 3510 καὶ
2924 3454 3294 3526 φυσιολογίαις
3341 3452 3627 3518 πολλάκις,
3670 3471 3782 3509 κα·-

2184 3545 2313 3611 θὼς,
2364 3548 2423 3599 ὲν
2478 3546 2836 3616 Εὐαγγελίοις
2889 3545 3199 3618 θεηγορῶν,
3251 3544 3418 3616 φησὶν
3461 3545 3492 3599 6
3545 3543 3780 3616 Κύριος,

2194 3637 2401 3707 Ὅμοια
2423 3637 2599 3692 ἐστίν
2622 3639 2662 3707 ἡ
2689 3637 2983 3702 βασιλεία
3014 3636 3134 3691 τῶν
3163 3634 3440 3705 οὐρανῶν
3475 3634 3648 3706 ζύμῃ,
3680 3637 3785 3691 καὶ

2184 3732 2381 3794 κόκκῳ
2420 3727 2721 3795 σινάπεως
2737 3745 2752 3759 ⁸
2785 3729 2882 3783 καὶ
2913 3727 3127 3792 Παῦλος
3153 3728 3211 3782 δὲ
3238 3728 3269 3779 6
3293 3727 3499 3799 ὑψηλὸς
3526 3726 3629 3796 τὴν
3654 3726 3784 3781 διά-

2185 3838 2353 3886 νοιαν,
2399 3821 2647 3891 Σώματα
2662 3862 2679 3888 ,
2731 3821 2896 3892 φησίν
2913 3857 2931 3884 ,
2976 3818 3327 3889 ἐπουράνια,
3378 3819 3478 3874 καί
3529 3817 3790 3889 σώματα

2183 3913 2444 3983 ἐπίγειαο
2478 3913 2788 3984 φυσιολογεῖ
2834 3914 2893 3968 δὲ
2935 3913 3031 3968 καὶ
3082 3912 3389 3986 Κορινθίοις
3420 3911 3795 3977 ὲπιστέλλων,.

2182 4005 2293 4058 ἀπὸ
2319 4004 2830 4074 σάλπιγγος,αὐλοῦ
2853 4010 2950 4062 καὶ
2987 4003 3244 4078 κιθάρας.
3279 4002 3453 4073 Κάγὼ
3496 4004 3681 4058 τοίνυν
3712 4005 3787 4058 ὲκ

2180 4096 2292 4149 τῶν
2338 4097 2460 4151 καθ’
2502 4099 2649 4168 ἡμᾶς
2695 4096 2914 4168 ἀμυδρᾷ
2948 4095 3119 4150 εἰκόνι
3167 4097 3462 4169 χρήσομαι.
3514 4092 3645 4169 Ἆρ’
3680 4094 3783 4151 οὖν

2181 4191 2367 4259 ἀγνοεῖ
2391 4191 2419 4243 6
2458 4191 2588 4260 ἐμὸς
2609 4188 2766 4257 λόγος
2793 4188 2862 4242 τὰ
2884 4187 2995 4258 ὲμά
3017 4187 3395 4259 βουλεύματας
3425 4187 3567 4241 Ἀλλ’
3598 4188 3783 4252 οὐδεὶς

2180 4282 2288 4336 τῶν
2318 4281 2565 4335 ὁπωσοῦν
2592 4279 2839 4343 παιδείας
2869 4278 3270 4350 μετειληφότων
3294 4277 3466 4333 ταῦτα
3486 4280 3621 4352 ἐρεῖ.
3647 4280 3782 4344 Πῶς

2179 4369 2272 4429 οὖν
2300 4376 2330 4427 6
2351 4372 2442 4426 τοῦ
2471 4372 2605 4425 Θεοῦ
2632 4372 2726 4426 καὶ
2746 4371 2961 4444 Πατρὸς
3006 4371 3182 4440 Λόγος
3211 4370 3467 4441 ἀγνοήσει
3500 4370 3603 4434 τὰς
3626 4371 3782 4426 ἐκεί-

2180 4481 2272 4518 νου
2307 4464 2534 4535 βουλὰς,
2579 4464 2839 4533 φάσκων,
2884 4461 3091 4516 Πάντα
3129 4460 3248 4516 ὅσα
3291 4461 3417 4532 ἔχει
3460 4464 3496 4515 ό
3541 4463 3783 4533 Πατὴρ,

2178 4553 2293 4625 ἐμά
2323 4557 2490 4621 ἐστι;
2526 4555 2608 4624 τὸ,
2633 4556 2818 4627 Θεὸςή
2851 4554 2986 4627 ζωὴ,
3021 4554 3082 4608 τὸ
3130 4554 3268 4626 φῶς,
3290 4553 3352 4608 τὸ
3382 4554 3680 4621 ἀθάνατον,
3716 4558 3786 4612 τὸ

2179 4647 2585 4720 ἀκατάληπτον.
2627 4648 2738 4703 Καὶ
2783 4647 2966 4712 πάλιν,
3021 4648 3135 4702 Καὶ
3173 4648 3372 4702 πάντα
3411 4647 3486 4702 τὰ
3531 4647 3648 4717 ἐμὰ
3692 4648 3802 4704 σά·

2180 4743 2330 4820 ἐστρ,
2359 4743 2563 4814 Πάτερ,
2613 4741 2713 4795 καί
2747 4741 2821 4796 τὰ
2850 4741 2935 4795 σὰ
2962 4740 3102 4810 ἐμά.
3142 4741 3208 4794 El
3249 4741 3430 4794 τοίνυν
3472 4740 3654 4795 πάντα
3679 4742 3783 4796 τοῦ

2188 4834 2402 4906 Πατρὸς
2430 4833 2595 4887 αὑτοῦ
2616 4835 2752 4897 ἐστι,
2780 4834 2875 4887 καὶ
2895 4833 2929 4902 ἡ
2963 4830 3165 4901 γνῶσις
3188 4833 3222 4903 ἡ
3251 4831 3347 4885 τοῦ
3376 4832 3614 4903 [ἰατρὸς.
3636 4832 3793 4886 πάν-

2179 4943 2289 4991 τως
2319 4925 2483 4981 αὐτοῦ
2528 4928 2644 4979 ὲστι
2684 4925 2781 4979 καὶ
2823 4924 2918 4978 τοῦ
2951 4924 3290 4995 Πνεύματος,
3320 4924 3396 4989 ὡς
3442 4926 3562 4994 μετ’
3595 4924 3788 4993 ὀλίγον

2180 5017 2534 5090 πλατυτέρως
2564 5015 2879 5088 ῥηθήσεται.

2767 5288 3018 5344 ΠΕΥΣΙΣ
3067 5289 3185 5355 ΙΕΓ.

2254 5387 2321 5441 Τί
2352 5381 2467 5449 οὖν,
2492 5382 2682 5455 ἐπειδὴ
2705 5380 2813 5452 ἐγὼ
2840 5381 3005 5452 λέγω,
3032 5379 3240 5436 Πάντα
3279 5381 3396 5436 ὅσα
3427 5378 3557 5451 ἔχει
3592 5384 3627 5436 ό
3657 5385 3784 5437 Πα-

2180 5480 2317 5549 τὴρ,
2345 5478 2460 5550 ἐμά
2506 5478 2699 5539 ἐστιν,
2733 5471 2844 5546 ἆρα
2884 5474 2979 5528 καὶ
3019 5473 3119 5545 τὴν
3146 5473 3348 5543 γνῶσιν
3388 5471 3501 5545 ἔχω
3534 5473 3634 5529 τοῦ
3660 5475 3781 5529 Ila-

491 5571 549 5617 et
576 5560 866 5616 consilium
900 5561 1021 5631 ejus
1049 5563 1178 5617 novi
1206 5564 1229 5618 ἲ

2179 5575 2327 5645 τρὸς,
2355 5573 2450 5626 καὶ
2475 5571 2573 5641 τὴν
2605 5568 2799 5640 βουλὴν
2828 5565 2994 5621 αὐτοῦ
3023 5562 3178 5631 οἷδα;

572 5732 616 5816 ζ’
645 5735 836 5816 Matth2
881 5756 1015 5804 xvn,
1055 5740 1207 5816 26.-⁸
1259 5742 1480 5816 "Psal.
1515 5762 1702 5812 cxxu,
1731 5750 1784 5803 1.
1862 5752 1909 5783 ⁸³
1934 5752 1976 5810 rl
2005 5752 2075 5808 Co

2188 5767 2226 5816 ι,
2264 5751 2353 5808 12.
2433 5755 2481 5786 ⁸³
2509 5752 2665 5816 ibid.,
2703 5751 2790 5806 10.
2860 5750 2913 5785 δ’
2937 5747 3089 5807 Psal.
3117 5762 3309 5813 cxvm,
3340 5747 3467 5804 131.
3543 5747 3595 5781 “
3626 5747 3774 5807 Psal.

494 5806 755 5890 L.8-__“
788 5810 957 5890 uage.
992 5827 1113 5872 xm.
1145 5811 1357 5890 εει-.-λη
1394 5806 1738 5888 Mattb.x1n,
1773 5821 1861 5879 55.
1936 5806 1985 5855 λε
2021 5806 2306 5888 nam.
2342 5806 2351 5808 ‘
2385 5826 2428 5858 ιν
2460 5826 2479 5880 ι
2510 5806 2775 5890 cors“,
2806 5822 2897 5878 ιο.
2944 5806 3074 5876 "01
3109 5806 3463 5885 Cor.’x'w,7.
3530 5806 3776 5878 "tosti.

494 5890 607 5945 ιη,
648 5877 735 5938 l5.
808 5882 854 5915 "
884 5879 1022 5937 Joan
1071 5883 1322 5974 xvn,10.
1724 5877 1737 5888 ’
1850 5877 1857 5879 ⁷
2064 5877 2071 5879 ⁷

2179 5877 2183 5884 ¹
2226 5877 2234 5879 ⁷
2461 5877 2478 5880 ⁷-
2538 5877 2591 5881 'VV
2762 5877 2774 5890 1
2860 5877 2863 5878 ⁷
3371 5877 3383 5885 υ

3046 5960 3049 5967 ι
