4108 6376
336 361 449 420 373

968 474 1333 540 Ἀπόκρισις.

417 570 640 641 Ἐροιμι
689 565 846 635 κάγὼ
894 566 1059 637 ὑμᾶς,
1099 562 1439 633 ἁξιάγαστοι,
1487 562 1583 626 Τίς
1633 562 1855 633 μείζων,
1894 563 1930 633 ἡ

344 665 529 736 ἡμέρα
562 662 658 716 καὶ
679 663 713 732 ἡ
742 660 860 732 ὥρα
888 660 1091 731 ἐκείνη,
1125 659 1158 730 ἢ
1195 660 1224 710 6
1253 656 1473 727 Πατήρ;

956 752 1207 803 ΠΕΥΣΙΣ
1244 752 1342 803 IZ'.

431 826 489 879 Ὀ
512 825 703 897 Πατὴρ
724 824 986 896 δηλονότι,
1013 823 1089 885 ὡς
1118 822 1353 891 ἄναρχος
1375 820 1469 873 καὶ
1496 818 1818 893 προαιώνιος
1841 818 1934 870 καὶ

348 918 730 989 ἀκατάληπτός
757 934 818 970 τε
853 918 947 970 καὶ
981 915 1197 968 πάντων
1230 912 1477 983 ποιητής.

980 1051 1342 1117 Ἀπόκρισις.

422 1146 486 1198 Εἰ
508 1143 688 1197 τοίνυν
721 1141 920 1213 μείζων
953 1143 981 1193 ό
1024 1140 1213 1210 Πατὴρ
1244 1140 1343 1209 τῆς
1371 1138 1519 1211 ὥρας
1547 1138 1640 1190 καὶ
1672 1138 1769 1208 τῆς
1799 1136 1939 1207 ἡμέ-

352 1254 455 1311 ρας
491 1238 586 1291 καὶ
608 1238 845 1300 πάντων,
886 1234 1024 1299 πῶς,
1056 1235 1118 1287 τὸ
1141 1232 1325 1304 μεῖζον
1357 1233 1715 1301 ἐπιστάμενος
1739 1233 1766 1283 6
1790 1230 1937 1292 Υἱὸς,

354 1331 417 1384 τὸ
450 1330 672 1382 ἔλασσον
703 1330 921 1396 άγνοεί;
972 1327 1066 1380 καὶ
1112 1325 1203 1378 τὸν
1250 1325 1480 1396 ποιητὴν
1504 1322 1806 1392 γινώσκων,
1847 1323 1941 1374 καὶ⁸

359 1420 634 1493 συνεργῶν
658 1417 805 1489 αὐτῷ
843 1420 900 1471 ἐν
929 1419 1083 1483 πᾶσι,
1112 1416 1227 1479 πῶς
1253 1416 1507 1486 ἀγνοήσει
1549 1413 1617 1467 τά
1659 1414 1749 1466 ὑπ’
1776 1411 1941 1465 αὐτοῦ

358 1512 690 1582 ποιηθέντας
723 1509 927 1575 Καθὼς
980 1508 1110 1579 γάρ,
1147 1509 1301 1578 φησὶ,
1340 1506 1618 1577 γινώσκει
1643 1523 1718 1574 με
1760 1508 1792 1558 ὁ
1827 1508 1943 1557 Πα-

357 1604 491 1671 τὴρ,
517 1602 678 1672 κάγὼ
705 1601 975 1671 γινώσκω
1014 1600 1123 1653 τὸν
1165 1599 1417 1666 Πατέρα.
1455 1597 1581 1660 Πῶς
1610 1593 1703 1651 οὖν
1748 1597 1944 1667 ἀγνοή-

359 1712 443 1747 σει
468 1695 528 1747 τὸ
556 1689 739 1767 ἦττον,
770 1695 798 1745 6
825 1693 887 1745 τὸ
915 1693 1097 1764 μεῖζον
1126 1692 1520 1761 ὲπιστάμενοςς

958 1864 1210 1917 ΠΕΥΣΙΣ
1246 1865 1355 1917 ΙΗ¹.

445 1976 584 2030 Ἀλλ’
614 1979 775 2048 ἡμεῖς
814 1975 1132 2048 νομίζομεν,
1159 1978 1255 2030 καὶ
1279 1974 1375 2029 τοῦ
1410 1974 1543 2029 Υἱοῦ
1583 1973 1783 2045 μείζον’
1808 1969 1949 2028 εἶναι

360 2070 451 2125 τὸν
502 2070 753 2141 Πατέρα,
806 2070 989 2134 καθὼς
1045 2070 1208 2134 αὐτὸς
1245 2086 1439 2141 φησιν·
1485 2070 1540 2122 Ὀ
1590 2067 1793 2137 Πατήρ
1855 2082 1960 2134 μου

357 2163 574 2234 μείζων
594 2165 714 2233 μού
747 2164 938 2217 ἐστιν.

987 2256 1339 2323 Ἀπόκρισις.

436 2348 548 2415 Οὐχ
581 2348 725 2399 ὅσιον
753 2346 951 2407 οἴεσθε,
988 2345 1211 2413 μείζονα
1256 2344 1521 2415 ὑπάρχειν
1556 2343 1651 2397 τοῦ
1690 2341 1820 2395 Υίοῦ
1861 2342 1953 2394 τὸν

366 2438 664 2509 Πατέρα,ἢ
712 2438 1058 2510 περιφερείᾳ,
1102 2437 1135 2508 ἢ
1180 2436 1407 2507 ὅγκῳ,ἢ
1442 2435 1637 2505 χρόνῳ,
1674 2434 1705 2504 ἢ
1754 2432 1952 2503 καιρῷ.

365 2531 400 2601 ἦ
437 2529 584 2600 ἀξίᾳ,
613 2530 645 2600 ἢ
672 2530 850 2601 ῥώμῃ,
883 2529 916 2600 ἢ
964 2528 1197 2599 θεότητι,
1238 2528 1272 2600 ἢ
1321 2527 1561 2599 μεγέθει,
1600 2527 1632 2598 ἥ
1674 2527 1814 2596 ὄψει.
1854 2526 1957 2578 Οὑ-

366 2626 456 2676 δὲν
485 2624 590 2695 γὰρ
618 2624 824 2675 τούτων
863 2625 920 2676 ὲν
956 2626 1021 2693 τῇ
1072 2622 1191 2693 θείᾳ
1223 2622 1435 2693 Τριάδι.
1475 2620 1638 2674 Ἀλλά
1679 2621 1816 2674 καθὸ
1842 2622 1958 2674 Πα-

368 2715 472 2786 τὴρ
506 2717 534 2768 6
558 2715 747 2786 Πατήρ
776 2718 942 2773 ἐστιν,
986 2714 1128 2767 οὓτω
1166 2715 1479 2785 γνησιότητι
1506 2714 1534 2764 6
1572 2712 1698 2776 Υἱὸς
1723 2714 1813 2765 τὸν
1842 2714 1957 2765 Πα-

369 2810 505 2878 τέρα
527 2808 681 2877 τιμᾷ.
709 2807 783 2859 οὐ
813 2807 919 2877 γὰρ
952 2805 1103 2876 ὖγκῳ
1139 2805 1362 2876 φέρεται
1391 2804 1451 2857 τὸ
1470 2804 1643 2867 Θεῖον,
1670 2804 1778 2856 οὐδ’
1800 2805 1963 2874 ὑπέρ-

369 2915 531 2967 ογκος
555 2893 690 2968 εῖ(6)
729 2898 827 2953 τσῦ
841 2897 1043 2960 Παιδὸς
1061 2899 1088 2950 6
1106 2899 1314 2970 Πατήρ·
1333 2897 1394 2950 οὐ
1420 2896 1633 2966 χρόνοις
1651 2896 1957 2955 ὑπόκειται,

374 2990 463 3043 ἵνα
500 2984 891 3062 υπέρχρονοςῇ
939 2989 968 3041 ὁ
1004 2990 1283 3059 γεννήτωρ
1316 2987 1410 3041 τοῦ
1438 2987 1791 3059 γεννηθέντος
1810 3002 1823 3016 ·
1855 2985 1961 3038 οὐδ’

374 3077 443 3135 αὖ
469 3082 630 3135 πάλιν
652 3081 728 3152 τῷ
756 3081 881 3151 ὕψει
910 3080 1153 3153 μερικῶς
1175 3080 1432 3134 τάττεται
1478 3080 1506 3132 6
1531 3080 1744 3150 Πατὴρ,
1789 3077 1965 3131 πάντα

376 3175 666 3248 περιέχων,
721 3176 813 3228 ὑπ’
854 3174 1065 3236 οὐδενὸς
1116 3173 1171 3225 δὲ
1224 3172 1643 3244 περιεχόμενος,
1689 3170 1966 3242 ἀμεγέθης

376 3267 637 3339 ὑπάρχων
672 3267 766 3320 καὶ
790 3267 1012 3329 ἄποσος.

1002 3536 1248 3590 ΠΕΥΣΙΣ
1274 3535 1371 3589 ιθ.

451 3637 517 3690 Et
548 3630 640 3688 οὖν
665 3629 781 3693 ἶσος
809 3630 886 3701 τῷ
916 3631 1035 3700 Θεῷ
1057 3628 1151 3681 καὶ
1180 3628 1353 3698 Πατρὶ
1379 3628 1407 3678 ὁ
1438 3627 1587 3689 Υἱὸς,
1617 3627 1712 3679 καὶ
1733 3625 1809 3689 ὡς
1831 3625 1975 3676 έκεῖ-

380 3747 472 3791 νος
504 3725 729 3797 ἀγαθὸς,
764 3723 883 3786 πῶς
915 3723 1077 3785 αὐτὸς
1109 3720 1281 3789 λέγει,
1317 3719 1530 3786 Οὐδεὶς
1557 3718 1781 3789 ἀγαθὸς
1813 3719 1865 3770 ει
1886 3715 1972 3785 μὴ

382 3816 474 3889 εἷς
499 3824 529 3876 ὁ
565 3818 744 3883 Θεόα
997 3882 1359 3950 Ἀπόκρισις.

468 3983 608 4037 Ἀλλ’
641 3982 742 4034 οὐκ
772 3977 1105 4051 ἀρνούμενος
1139 3974 1330 4028 ἑαυτὸν
1359 3973 1453 4044 τῆς
1478 3970 1837 4043 ἀγαθότητος,
1868 3972 1977 4024 οὐδ’

386 4073 831 4145 ὑπεκφερόμενος
881 4068 982 4135 τῆς
1036 4068 1288 4137 θεότητος
1340 4063 1500 4134 μόνον
1554 4063 1717 4133 φησὶν
1777 4062 1979 4130 ἀγαθὸν

384 4167 655 4237 ὑπάρχειν
687 4162 778 4215 τὸν
804 4159 936 4213 Θεὸν
965 4158 1061 4211 καὶ
1092 4157 1335 4227 Πατέρα.
1379 4153 1713 4223 Ἀκροτάτης
1743 4152 1799 4205 δὲ
1826 4169 1983 4223 στορ-

388 4259 495 4328 γῆς
537 4257 629 4310 καὶ
651 4252 987 4323 ἀγαθότητος
1008 4248 1239 4320 ἐναργὴς
1270 4245 1566 4311 ἀπόδειξις,
1591 4244 1653 4297 τὸ
1684 4244 1757 4314 μὴ
1779 4243 1979 4313 ἑαυτῷ,

388 4350 526 4405 ἀλλὰ
563 4348 641 4419 τῷ
679 4346 856 4417 Πατρὶ
898 4342 1193 4413 ἀναφέρειν
1234 4340 1333 4410 τὴν
1375 4338 1562 4408 τιμὴν,
1614 4337 1985 4406 φιλοπάτορας

388 4442 540 4513 ἡμᾶς
564 4437 834 4493 παιδεύων
862 4433 1149 4503 ὑπάρχειν.
1181 4427 1527 4500 Αὐθαιρέτως
1552 4426 1659 4497 γάρ
1679 4422 1985 4497 μετριάζων

392 4534 455 4588 εὖ
508 4527 789 4600 φιλώοξεῖ,
841 4525 964 4579 οὐδὲ
1015 4522 1096 4593 τῷ
1149 4518 1424 4590 ἀξιώματι
1467 4515 1798 4588 κορυφοῦται
1845 4514 1987 4567 κατά

392 4625 520 4687 τοὺς
550 4621 815 4691 σοϐαροὺς
845 4617 939 4671 καὶ
961 4614 1226 4679 ἀλαζόνας
1246 4610 1496 4682 άμυδρᾶς
1518 4607 1986 4679 ὲπιλελημμένους

394 4716 592 4789 ἀρχῆς,
633 4713 721 4765 διὰ
759 4711 858 4780 τῆς
889 4709 1025 4781 πρὸς
1057 4707 1117 4759 τὸ
1151 4704 1372 4775 ἀμειδὲς
1394 4703 1489 4756 καὶ
1527 4700 1885 4771 δυσπρόσιτον
1916 4699 1983 4767 τῇ

394 4807 490 4862 τοῦ
524 4808 766 4877 κήρυκος
788 4804 937 4872 φωνῇ
971 4796 1376 4867 ὲξογκούμενοι,
1415 4790 1668 4863 καὶπρὸς
1698 4790 1987 4843 ἀτίθασσον

398 4900 541 4972 θῆρα
580 4894 1043 4968 μετατυπούμενοι
1065 4912 1077 4922 ·
1115 4891 1213 4959 οὑχ
1240 4886 1539 4960 ἡμερότητι
1567 4885 1661 4938 καὶ
1687 4883 1985 4953 φιλανθρω-

398 4992 499 5062 πίᾳ
516 4989 613 5060 τὴν
640 4986 888 5051 ἐξουσίαν
909 4983 1183 5054 κρίνοντες
1199 4980 1297 5048 τῆς
1318 4978 1552 5048 άλήκτου
1572 4974 1749 5045 δόξης,
1767 4972 1993 5033 εἰκότως

401 5082 826 5153 ἐπαχθήσονται.
876 5078 938 5130 Εί
986 5076 1043 5128 δὲ
1082 5072 1392 5145 προχείρως
1443 5070 1552 5122 πᾶν
1602 5067 1806 5135 ἀγαθὸν
1859 5065 1993 5129 ζωο-

402 5162 606 5228 ποιεῖτε
630 5213 643 5236 ,
674 5170 961 5232 πλείστους
984 5169 1042 5219 ἐν
1065 5165 1143 5236 τῷ
1175 5165 1333 5235 μέρει
1361 5162 1535 5232 τούτῳ
1559 5159 1715 5221 θεοὺς
1762 5157 1955 5226 ἕξομεν
1975 5195 1989 5215 ,

401 5265 674 5336 πολλαχοῦ
710 5265 810 5333 τῆς
833 5262 983 5324 θείας
998 5259 1225 5332 Γραφῆς
1259 5256 1397 5328 μετὰ
1428 5255 1560 5309 Θεὸν
1589 5251 1799 5323 βοὼσης
1820 5250 1994 5319 ὑπάρ-

401 5378 518 5432 χειν
565 5360 660 5412 καὶ
700 5357 864 5424 ἔτερα
913 5354 1129 5421 ἀγαθά·
1189 5350 1264 5420 πὴ
1320 5351 1418 5419 μὲν
1461 5349 1746 5417 φάσκουσα
1791 5342 1995 5412 ἀγαθὸν

406 5452 570 5505 παῖδα
601 5447 813 5518 πτωχὸν
836 5446 929 5499 καὶ
954 5445 1115 5513 σοφὸν
1146 5442 1237 5496 τὸν
1276 5441 1549 5511 Σαμουὴλ,
1577 5438 1653 5510 τεὴ
1681 5438 1758 5500 δὲ,
1799 5434 2000 5505 ἀγαθὸς

404 5541 581 5596 Σαοὺλ
616 5540 730 5601 υίὸς
754 5536 943 5599 Κίσου,
968 5536 996 5591 6
1028 5532 1247 5605 πρῶτος
1266 5530 1359 5583 τοῦ
1392 5529 1608 5600 Ἰσραὴλ
1634 5528 1788 5593 ἄναξ.
1807 5526 1919 5580 Καὶ
1935 5525 2000 5594 τῇ

410 5635 578 5709 Ἀννῃ
593 5631 819 5701 ἀπαιδίᾳ
839 5630 934 5683 καὶ
949 5626 1232 5698 στειρώσει
1254 5622 1595 5695 ποτνιωμένη
1610 5620 1772 5691 φησὶν
1786 5621 1814 5672 6
1829 5621 2011 5671 Ἐλκαο

1688 350 2043 409 'D’IALO’GUS
2074 350 2119 405 I.

3372 217 3420 241 Α

3264 308 3303 344 L
3316 340 3317 343 η

3516 337 3620 395 871

2671 459 2979 527 Responsio.

2106 556 2301 614 Merito
2332 558 2662 624 interrogem
2703 562 2758 607 et
2797 564 2897 620 ego
2935 562 3036 603 vos
3060 588 3075 613 ,
3113 563 3147 601 ο
3177 546 3414 617 plaeclari
3438 586 3453 612 ,
3482 544 3623 613 Quis

2034 651 2258 723 major?
2282 665 2413 705 num
2446 646 2565 702 dies
2593 654 2647 700 et
2675 644 2810 698 hora
2842 643 2965 705 illa,
2999 658 3069 696 an
3095 640 3306 695 Pater?

2473 733 2997 793 INTERROGATIO
3034 732 3199 788 XVII.

2106 816 2271 869 Pater
2310 813 2530 882 utique,
2573 809 2666 876 qui
2706 817 2791 862 est
2830 808 3041 875 absque
3082 804 3389 873 principio,
3431 807 3487 857 et
3523 815 3630 858 saa-

2038 906 2177 961 cnlis
2235 902 2493 958 omnibus
2549 900 2724 970 prior,
2783 904 2839 951 et
2898 892 3508 964 incomprehensibilis,
3574 896 3634 946 et

2040 998 2285 1053 omnium
2321 992 2594 1047 conditor.

2678 1060 2988 1131 Responsio.

2114 1155 2171 1210 Si
2200 1171 2329 1226 ergo
2376 1152 2552 1223 major
2595 1150 2779 1215 Pater,
2823 1164 2988 1219 quam
3019 1147 3155 1201 hora
3185 1153 3241 1201 et
3268 1146 3389 1201 dies
3420 1144 3545 1208 ille,
3578 1151 3633 1199 et

2042 1249 2259 1319 quidem
2302 1244 2473 1312 major
2518 1243 2819 1297 omnibus:
2872 1239 3149 1310 quomodo
3196 1237 3379 1308 majus
3427 1251 3633 1309 cogno-

2044 1354 2205 1395 sccns
2239 1338 2444 1403 Filius,
2481 1334 2754 1407 ignorabit
2795 1331 3023 1386 minus?
3059 1330 3153 1398 qui
3192 1338 3247 1383 et
3286 1329 3635 1387 conditorem

2045 1430 2369 1501 cognoscit,
2430 1437 2485 1483 et
2543 1434 2801 1496 operatur
2858 1438 2983 1477 cum
3043 1422 3163 1493 ipso
3218 1423 3275 1476 in
3330 1421 3633 1486 omnibus,

2045 1522 2320 1594 quomodo
2375 1519 2653 1590 ignorabit
2710 1532 2741 1570 a
2792 1531 2852 1570 se
2897 1513 3085 1568 facta?
3139 1512 3634 1579 Quemadmodum,

2046 1617 2244 1684 inquit,
2275 1614 2415 1666 nouit
2454 1629 2534 1665 me
2576 1610 2761 1673 Pater,
2804 1608 2967 1661 etiam
3009 1607 3120 1675 ipse
3158 1607 3279 1659 novi
3314 1604 3532 1658 Patrem
3563 1602 3633 1654 ⁸³.

2047 1706 2335 1772 Quomodo
2396 1705 2563 1773 igitur
2620 1701 2894 1771 ignorabit
2947 1698 3167 1761 minus,
3220 1698 3315 1767 qui
3377 1697 3529 1751 novit
3578 1696 3635 1748 id

2049 1796 2196 1869 quod
2250 1796 2431 1864 majus
2487 1794 2619 1847 est?

2472 1872 2995 1940 INTERROGATIO
3033 1879 3223 1933 XVIII.

2121 1980 2284 2050 Atqui
2318 1994 2420 2035 nos
2451 1979 2791 2032 arbitramur
2819 1977 2986 2030 etiam
3030 1974 3169 2029 Filio
3210 1973 3476 2043 majorem
3518 1987 3643 2027 esse

2051 2070 2302 2132 Patrem,
2339 2066 2802 2139 quemadmodum
2862 2064 3043 2133 inquit
3096 2064 3215 2133 ipse
3246 2081 3260 2116 :
3293 2062 3457 2115 Pater
3487 2076 3645 2116 meus

2054 2162 2231 2232 major
2265 2178 2345 2216 me
2373 2169 2455 2215 est
2484 2160 2551 2215 “.

2693 2249 3001 2318 Responsio.

2125 2344 2247 2399 Non
2294 2344 2431 2399 satis
2480 2343 2568 2413 pie
2618 2342 2822 2412 putatis
2871 2340 3136 2409 majorem
3188 2357 3312 2396 esse
3357 2341 3497 2395 Filio
3540 2340 3645 2395 Pa-

2060 2453 2209 2501 rem,
2261 2436 2349 2491 vel
2399 2435 2641 2489 ambitus
2691 2434 2939 2498 ratione,
2992 2433 3080 2486 vel
3126 2433 3325 2496 molis,
3373 2434 3460 2488 vel
3511 2441 3645 2487 tem-

2059 2528 2212 2600 poris
2232 2569 2247 2594 ,
2276 2528 2361 2583 vel
2411 2524 2697 2597 dignitatis
2719 2567 2734 2591 ,
2774 2526 2858 2579 vel
2898 2524 3116 2580 roboris
3137 2564 3152 2587 ,
3182 2526 3268 2579 vel
3308 2525 3611 2579 divinitatis
3634 2566 3646 2583 ς

2059 2621 2146 2675 vel
2204 2618 2657 2689 magnitudinis,
2723 2616 2805 2670 vel
2864 2615 3222 2671 excellentiae.
3292 2615 3439 2670 Nihil
3502 2618 3648 2669 enim

2062 2710 2333 2780 ejusmodi
2384 2709 2441 2763 in
2493 2715 2685 2762 sancta
2732 2704 3003 2760 Trinitate
3062 2706 3242 2758 locum
3297 2705 3479 2761 habet.
3541 2703 3647 2760 Sed

2064 2810 2335 2872 quatenus
2376 2798 2562 2862 Pater,
2614 2796 2777 2852 Pater
2824 2807 2940 2861 est,
2978 2796 3223 2867 legitimo
3268 2797 3503 2866 quodam
3554 2796 3650 2849 ho-

2069 2909 2206 2950 nore
2255 2892 2430 2948 Filius
2482 2892 2700 2947 Patrem
2747 2889 2938 2945 allicit.
2982 2887 3104 2943 Non
3150 2889 3295 2943 enim
3339 2889 3481 2943 mole
3520 2904 3653 2959 qua—

2066 2985 2193 3039 dam
2232 2989 2480 3053 gestatur
2519 2979 2825 3044 Divinitas,
2881 2987 2942 3033 ut
2991 2978 3137 3033 mole
3189 2986 3409 3048 superet
3456 2978 3653 3033 Filium

2069 3074 2275 3129 Pater:
2309 3087 2489 3140 neque
2515 3070 2747 3141 tempori
2786 3069 3069 3140 subjacet,
3117 3075 3178 3122 ut
3220 3069 3372 3140 prior
3413 3079 3658 3140 tempore

2072 3164 2144 3219 sit
2174 3162 2392 3234 genitor
2422 3159 2648 3232 genito:
2689 3174 2869 3230 neque
2902 3160 3034 3213 item
3071 3157 3433 3213 sublimitatis
3474 3158 3657 3214 habita

2069 3253 2287 3307 ratione
2318 3252 2617 3323 separatim
2654 3250 2881 3321 ponitur
2913 3246 3096 3314 Pater,
3142 3249 3234 3318 qui
3279 3250 3465 3304 omnia
3504 3266 3659 3305 com-

2070 3348 2378 3416 plectatur,
2444 3345 2561 3416 ipse
2618 3359 2649 3397 a
2705 3345 2860 3398 nullo
2926 3342 3406 3411 comprehensus,
3461 3360 3661 3415 expers

2072 3437 2471 3508 magnitudinis
2502 3443 2557 3491 et
2592 3435 2949 3505 quantitatis.

2516 3524 3046 3581 INTERROGATIO
3086 3526 3227 3580 XIX.

2149 3618 2207 3672 Si
2242 3618 2411 3686 igitur
2441 3617 2671 3687 aequalis
2702 3617 2813 3672 Deo
2843 3633 2908 3672 ac
2932 3617 3085 3672 Patri
3118 3617 3294 3671 Filius
3330 3628 3435 3681 est,
3474 3628 3522 3670 et
3569 3620 3664 3670 Im-

2076 3722 2182 3761 nus
2243 3705 2711 3776 quemadmodum
2785 3706 2897 3770 ille,
2977 3708 3256 3776 quomodo
3315 3708 3495 3776 inquit
3528 3711 3665 3781 IpSl',

2077 3800 2244 3852 Nemo
2275 3798 2440 3851 bonus
2473 3806 2572 3863 est,
2596 3806 2789 3865 praeter
2822 3815 2983 3850 unum
3008 3798 3286 3853 Deum"?

2718 3887 3026 3957 Responsio.

2150 3992 2268 4035 Non
2305 3980 2449 4050 quod
2479 3989 2640 4051 neget
2676 3982 2734 4035 in
2764 3982 3066 4052 semetipso
3112 3983 3447 4050 bonitatem,
3494 4002 3671 4055 neque

2083 4073 2151 4127 de
2184 4072 2476 4126 divinitate
2506 4088 2566 4127 se
2602 4074 2872 4137 eximens,
2904 4075 3083 4128 solum
3113 4075 3295 4147 inquit
3318 4075 3521 4129 bonum
3549 4092 3676 4131 esse

2084 4163 2257 4218 Deum
2292 4171 2346 4218 et
2374 4161 2619 4217 Patrem.
2646 4162 2861 4218 Summi
2893 4165 3156 4219 nimirum
3180 4167 3387 4221 amoris
3418 4176 3472 4223 et
3505 4166 3671 4222 boni-

2088 4255 2221 4309 tatis
2269 4254 2497 4309 evidens
2532 4263 2921 4324 argumentum
2958 4265 3065 4320 est,
3098 4272 3211 4311 non
3248 4257 3378 4324 sibi,
3404 4256 3499 4312 sed
3526 4257 3677 4314 Patri

2091 4346 2309 4401 deferre
2328 4347 2615 4410 honorem,
2638 4360 2750 4416 quo
2778 4346 2899 4415 ipso
2921 4362 3023 4401 nos
3048 4362 3236 4401 amore
3262 4358 3522 4417 parentes
3549 4366 3681 4420 pro-

2095 4439 2249 4508 sequi
2300 4438 2502 4493 debere
2552 4438 2732 4493 docet.
2777 4438 2917 4493 Nam
2961 4447 3160 4509 sponte
3202 4438 3272 4493 de
3323 4456 3384 4495 se
3431 4442 3679 4497 modeste

2095 4534 2350 4602 loquens,
2382 4547 2491 4585 non
2526 4532 2745 4586 inanem
2776 4541 2962 4603 captat
2985 4533 3237 4603 gloriam,
3272 4550 3449 4604 neque
3497 4534 3679 4605 digni-

2093 4624 2226 4677 tatis
2271 4622 2685 4677 existimatione
2730 4621 2977 4688 eﬂ'ertur,
3028 4631 3088 4677 ut
3139 4624 3320 4678 solent
3358 4626 3585 4695 superbi
3627 4634 3682 4680 et

2095 4722 2444 4784 arrogantes,
2477 4714 2568 4782 qui
2601 4721 2765 4768 tenue
2784 4728 2847 4766 ac
2871 4714 3173 4769 obscurum
3213 4714 3503 4784 imperium
3534 4715 3681 4768 nacti

2097 4824 2163 4862 eo
2194 4809 2313 4876 ipso
2348 4805 2416 4859 ad
2455 4804 2787 4859 inamabiles
2826 4820 3035 4864 mores,
3081 4815 3135 4859 et
3159 4806 3311 4859 omni
3355 4822 3383 4859 a
3424 4807 3687 4860 comitate

2100 4900 2154 4953 in
2188 4898 2584 4969 congressibus
2619 4897 2829 4951 alienos
2854 4914 2952 4968 per
2988 4914 3177 4953 vorem
3218 4899 3491 4968 praeconis
3529 4900 3682 4961 elati,

2102 4993 2397 5046 immanem
2447 4990 2742 5060 quamdam
2783 4990 2840 5044 in
2890 4989 3060 5045 feram
3106 4990 3688 5059 mutantur,,ideoque

2102 5099 2210 5137 non
2228 5099 2293 5138 ex
2312 5080 2742 5137 mansuetudine
2763 5097 2827 5136 ac
2848 5081 3192 5135 humanitate
3212 5092 3486 5151 perpetuae
3503 5082 3688 5151 gloria:

2101 5182 2431 5245 potestalem
2488 5175 2811 5236 metientes,
2855 5172 3043 5227 odium
3090 5173 3144 5226 in
3192 5188 3315 5228 sese
3345 5188 3455 5227 non
3501 5173 3599 5227 abs
3632 5188 3688 5229 re

2108 5267 2489 5323 concitabunt.
2533 5265 2689 5332 Quod
2727 5265 2773 5320 si
2818 5273 3027 5320 temere
3065 5264 3300 5334 quodvis
3328 5266 3534 5319 bonum
3576 5264 3688 5318 dei-

2107 5360 2363 5423 ﬁcabitis,
2426 5360 2692 5428 plurimos
2726 5359 2779 5413 in
2811 5359 2914 5413 hac
2953 5365 3108 5429 parte
3136 5358 3269 5413 deos
3298 5357 3538 5411 habituri
3593 5371 3687 5410 su-

2111 5469 2255 5515 mus,
2297 5452 2485 5507 multis
2515 5452 2568 5506 in
2603 5452 2741 5507 locis
2771 5453 3048 5506 clamante
3084 5450 3370 5519 Scriptura
3396 5464 3574 5513 sacra,
3603 5464 3686 5502 se-

2114 5545 2355 5599 cundum
2422 5543 2592 5598 Deum
2645 5550 2699 5597 et
2751 5544 2854 5596 alia
2895 5541 3143 5613 quaedam
3178 5557 3301 5596 esse
3333 5541 3494 5604 bona,
3540 5524 3713 5639 verbt"

2120 5638 2316 5709 gratia,
2346 5653 2510 5707 quum
2553 5637 2789 5708 quodam
2820 5638 2896 5692 ait
2923 5637 2979 5692 in
3014 5636 3137 5690 loco
3169 5634 3238 5701 ",
3286 5634 3487 5688 bonum
3524 5630 3699 5686 fuisse

481 5788 529 5820 ⁸³
558 5786 721 5843 Joan.
758 5802 816 5851 ι,
856 5786 941 5841 15.
1023 5785 1071 5816 ἰ
1093 5783 1255 5837 Joan.
1291 5799 1402 5849 xxv,
1432 5781 1524 5836 28.
1602 5780 1646 5812 ⁸⁵
1676 5779 1841 5834 Marc.
1872 5795 1926 5845 κ,
1965 5778 1973 5829 ι

2129 5779 2174 5809 ⁵⁸
2207 5777 2378 5848 lIleg.
2411 5792 2470 5842 ιι,
2498 5774 2589 5832 26.

485 5902 560 5973 {6)
592 5899 683 5957 Εἴ.
721 5901 861 5970 Lege
892 5902 1031 5962 ἐστι,
1059 5898 1164 5961 vel,
1196 5897 1300 5961 εἴη.
1332 5895 1493 5948 Εοιτ.

620 5997 897 6056 Parnm.
933 5995 1047 6052 (in.
1088 5990 1447 6053 XXXVIII.

3311 5970 3388 6033 28
