4108 6376
414 251 518 325 διε

410 389 636 446 puerum
661 385 716 431 et
738 377 1041 448 sapientem
1073 377 1419 434 Samuelem:
1454 380 1585 435 alibi
1617 396 1749 436 vero
1769 381 1813 412 ⁸⁷
1842 419 1857 444 ,
1886 380 1986 435 bo-

408 482 514 523 nus
542 477 662 527 erat
684 466 837 533 Saul,
863 468 1007 525 ﬁlius
1027 470 1162 534 Cisi,
1180 471 1392 541 primus
1423 485 1514 526 rex
1533 471 1989 527 Israeliticorum.

411 565 479 621 Et
511 565 681 620 Anna:
712 571 939 633 propter
963 563 1257 618 orbitatem
1289 579 1355 618 ac
1381 563 1732 618 sterilitatem
1758 564 1989 634 ingemi-

409 658 586 715 scenti
608 656 828 710 dicebat
849 654 1051 709 Elcana
1075 672 1089 709 :
1115 652 1470 721 Quamobrem
1495 664 1678 710 mcesto
1698 672 1753 710 es
1771 657 1949 709 animo
1969 657 1994 710 .’

415 749 603 804 Nonne
643 748 808 802 bonus
839 747 1071 802 tibisum
1101 762 1194 816 ego
1226 758 1340 814 pra:
1374 735 1560 801 decem.
1586 746 1766 801 liberis
1780 747 1865 801 "‘2
1891 745 1994 801 Sa-

413 840 574 910 piens
611 846 795 893 autem
839 839 894 892 in
940 835 1144 891 divinis
1176 834 1481 892 Solomon:
1523 835 1729 890 Bonum
1765 845 1865 901 est,
1910 836 1994 890 in-

408 927 550 999 quit,
588 928 643 982 in
674 926 890 981 domum
925 925 1098 979 luctus
1134 924 1340 997 ingredi
1373 926 1443 981 ⁸⁸.
1477 924 1545 979 Et
1575 925 1708 981 alibi
1751 925 1992 981 dicitur:

408 1022 565 1089 Aperi
589 1019 799 1087 cwlum,
836 1017 1145 1073 thesaurum
1188 1028 1336 1072 tuum
1374 1018 1569 1073 bonum
1600 1018 1666 1072 “.
1698 1016 1854 1083 Item,
1882 1019 1991 1072 Bo-

416 1130 514 1167 nus
542 1129 715 1167 sermo
742 1119 969 1181 prwstat
992 1127 1206 1165 munere
1221 1110 1289 1165 “.
1335 1109 1490 1176 Item,
1522 1109 1703 1165 Bonus
1732 1111 1881 1165 canis
1907 1111 1997 1180 qui

1482 250 1539 304 S.
1583 247 1883 307 CAESAR"
1916 246 2249 306 GREGORII
2275 247 2576 306 FRATRIS

3559 247 3669 302 873

2096 370 2182 432 νᾶ,
2214 370 2275 424 Τι’
2288 368 2458 436 λυπῇ
2468 390 2486 435 ;
2504 370 2613 422 οὐκ
2630 367 2851 436 ἀγαθός
2866 379 2965 421 σοι
2986 364 3103 434 ἐγὼ
3125 365 3274 433 ὑπὲρ
3293 364 3441 420 δέκα
3462 365 3643 421 τέκνα
3654 382 3679 434 ;

2108 466 2165 517 ’0
2205 463 2263 516 δὲ
2298 462 2407 515 τῶν
2450 461 2608 515 θείων
2648 460 2810 530 σοφὸς
2843 457 3094 530 Σολομῶν
3118 475 3132 489 ·
3194 457 3476 527 Ἀγαθὸν,
3517 459 3673 531 φησὶ,

2097 557 2455 625 πορεύεσθαι
2478 556 2567 621 εἱς
2591 549 2762 607 οἷκον
2790 552 3071 617 πένθους.
3109 550 3242 617 Καὶ,
3268 550 3541 616 Ἅνοιξον
3569 550 3680 606 τόνρ

2096 647 2378 717 οὐρανὸν,
2431 646 2540 701 τὸν
2582 646 2891 713 θησαυρόν
2939 658 3056 697 σου
3107 641 3214 696 τὸν
3253 641 3498 713 ἀγαθόν.
3544 643 3676 705 Καὶ,

2113 742 2351 813 Ἀγαθός
2365 742 2566 812 λόγος,
2583 740 2736 808 ὑπὲρ
2758 738 2942 810 δῶμω
2968 737 3083 800 καὶ,
3109 739 3344 807 Ἆγαθὸς
3365 740 3527 793 κύων
3545 738 3677 806 ζῶν,

2099 834 2251 903 ὑπὲρ
2284 832 2504 888 λέοντα
2533 833 2860 897 τεθνηκότα
2881 848 2895 862 ο
2930 832 2978 884 εί
2997 829 3054 884 δὲ
3078 829 3172 882 καί⁵
3205 829 3322 901 ἔζη,
3352 831 3453 885 οὐκ
3480 830 3548 885 ἂν
3587 832 3680 903 εῐη

2101 923 2448 997 Θεὸς,ῶσπερ
2462 923 2570 977 οὐδ’
2591 923 2620 975 6
2637 922 2745 986 ζῶν
2759 920 2928 986 κύων,
2945 923 2995 974 εί
3018 920 3094 992 μὴ
3114 920 3245 991 παρ’
3267 920 3526 993 Ἕλλησιν
3542 924 3676 986 ἴσον,

2101 1018 2233 1090 παρ’
2262 1014 2344 1082 οἷς
2376 1016 2598 1088 κρῆναι,
2622 1017 2715 1070 καὶ
2743 1015 3021 1088 κρόμμυα,
3049 1014 3144 1069 καὶ
3169 1014 3405 1086 γαστρὸς
3429 1015 3646 1087 πνεῦμα
3665 1049 3681 1059 -

2099 1126 2167 1162 τα
2201 1107 2521 1180 μεμηνότως
2546 1104 2935 1172 ὲκθειάζονται.

408 1205 553 1267 rivit,
585 1203 762 1269 potiar
820 1210 897 1255 est
944 1200 1090 1254 leone
1152 1210 1360 1255 mortuo
1397 1203 1463 1253 ".
1501 1199 1659 1265 Quod
1720 1200 1768 1255 si
1803 1200 1887 1255 leo
1922 1199 2160 1256 maxime
2219 1202 2390 1265 vivat,
2437 1215 2548 1256 non
2600 1210 2779 1256 tamen
2822 1199 2966 1257 Deus
2999 1201 3130 1262 erit.
3195 1200 3356 1256 sicuti
3383 1216 3486 1256 nec
3522 1200 3681 1254 can's

407 1293 630 1364 quidem
678 1293 859 1359 vivus,
891 1292 1003 1347 nisi
1058 1291 1199 1346 forte
1238 1291 1309 1347 de
1356 1291 1593 1347 ethnicis
1652 1292 1984 1363 loquamur,
2014 1293 2158 1364 apud
2213 1308 2353 1364 quos
2387 1300 2445 1348 et
2495 1290 2694 1358 fontes,
2751 1301 2805 1347 et
2834 1305 3003 1362 cepas,
3031 1299 3085 1348 et
3131 1290 3295 1349 ﬂatus
3325 1293 3533 1348 ventris
3564 1307 3681 1347 non

411 1389 533 1441 sine
572 1385 761 1440 furore
824 1384 1061 1453 quodam
1113 1382 1260 1437 inter
1301 1382 1435 1437 deos
1483 1382 1818 1438 referuntur.

854 1488 1382 1546 INTERROGATIO
1426 1490 1522 1545 XX
1534 1529 1548 1544 .

480 1586 620 1653 Quia
654 1599 823 1655 supra
844 1582 1128 1653 pollicitus
1158 1597 1242 1646 es,
1267 1591 1319 1637 te
1341 1583 1506 1638 latius
1531 1581 1812 1638 dicturum
1839 1582 1908 1640 de
1931 1601 1999 1643 eo

409 1678 559 1749 quod
591 1676 850 1732 Christus
889 1674 1035 1728 norit
1064 1673 1209 1727 diem
1234 1672 1411 1739 illum,
1441 1681 1496 1728 et
1522 1673 1711 1728 horam
1740 1688 2000 1729 consum-

410 1769 708 1830 matiouis,
748 1767 1015 1821 rationem
1056 1765 1177 1833 ejus
1229 1764 1389 1818 nobis
1423 1763 1673 1830 reddito,
1706 1765 1999 1835 nequando

409 1859 825 1932 diSputantibus
876 1855 1037 1911 nobis
1071 1854 1182 1909 alio
1215 1853 1452 1924 quodam
1503 1853 1667 1909 modo
1696 1870 1799 1911 nos
1832 1872 1998 1926 supe-

408 1968 529 2008 rare
557 1958 784 2023 queant,
821 1949 917 2020 qui
948 1963 1007 2003 se
1030 1946 1190 2001 nobis
1226 1958 1532 2017 opponunt.

1040 2040 1333 2108 Responsio

477 2135 576 2192 Est
618 2135 838 2206 quidem
866 2134 978 2203 jam
1029 2133 1098 2187 de
1147 2132 1251 2186 hoc
1305 2131 1549 2186 breviter
1603 2130 1853 2199 dictum;
1898 2133 1995 2189 sed

408 2229 770 2283 nihilominus
814 2225 998 2296 magni
1049 2224 1194 2279 facio
1227 2232 1469 2279 vestram
1519 2225 1879 2295 multiplicem
1927 2226 1996 2281 de

404 2340 471 2379 eo
509 2321 895 2392 quaestionem.
932 2317 1199 2370 Sanctum
1230 2316 1363 2370 illud
1426 2314 1691 2382 Verbum,
1726 2318 1915 2372 vivens
1941 2329 1995 2373 et

406 2430 504 2485 per
542 2428 602 2468 se
635 2411 969 2473 subsistens,
1013 2406 1128 2461 Rex
1169 2408 1443 2462 universa:
1474 2416 1764 2474 creaturae,
1812 2406 1992 2464 Patris

408 2505 585 2561 Filius
629 2501 925 2576 genuinus,
959 2496 1208 2567 splendor
1232 2497 1438 2567 gloria’,
1464 2505 1514 2550 et
1536 2512 1781 2565 expressa
1816 2499 1992 2569 imago

405 2597 720 2653 substantiae
744 2594 813 2659 ⁸³,
840 2602 1171 2655 coaeternus,
1207 2599 1263 2646 et
1292 2594 1347 2645 in
1391 2589 1582 2645 eodem
1628 2591 1825 2647 sedens
1852 2592 1992 2647 solio

405 2704 531 2745 cum
577 2685 764 2748 Patre,
812 2684 1168 2752 incorruptus
1200 2679 1370 2751 iudex
1410 2678 1711 2735 viventium
1743 2689 1797 2734 et
1840 2695 1989 2734 mor-

408 2791 650 2842 tuorum,
680 2776 788 2831 vita
831 2774 900 2829 de
931 2773 1067 2838 vita,
1115 2771 1303 2827 lumen
1351 2770 1418 2826 de
1445 2771 1671 2834 lumine,
1722 2770 1989 2841 sapientia

404 2871 474 2924 de
517 2867 807 2939 sapientia,
843 2879 908 2920 ex
940 2862 1128 2918 divina
1176 2861 1514 2933 scaturigine
1545 2860 1670 2918 fons
1710 2863 1991 2932 perennis,

406 2962 602 3031 ﬂumen
638 2960 784 3030 quod
833 2958 1040 3027 absque
1081 2953 1301 3011 deiectu
1344 2963 1528 3008 manat
1567 2953 1770 3009 divinis
1800 2955 1992 3024 gratia:

407 3055 596 3115 donis,
629 3049 768 3121 quod
801 3050 994 3117 impetu
1027 3064 1122 3102 suo
1154 3046 1395 3116 lwtiﬁcat
1445 3047 1716 3099 ciritatem
1754 3041 1992 3110 Dei,sic-

408 3153 469 3201 ut
507 3150 591 3198 est
618 3143 673 3195 iu
696 3141 942 3197 carmine
968 3139 1063 3192 illo
1083 3137 1272 3193 divino
1321 3137 1691 3207 perscriptum
1715 3136 1797 3191 “:
1834 3137 1996 3191 radix

405 3233 578 3296 Jessae
599 3274 614 3299 ,
648 3241 926 3302 sceptrum
955 3230 1196 3293 Davidis,
1233 3229 1400 3299 virga,
1430 3237 1481 3282 et
1501 3236 1651 3284 ortus
1673 3244 1739 3283 ea:
1759 3245 1824 3283 ea
1850 3228 1995 3283 divi-

408 3339 515 3383 nus
550 3326 645 3381 ille
688 3325 810 3395 ﬂos,
862 3323 1167 3379 secundum
1207 3330 1387 3376 vatem
1419 3335 1640 3376 sacrum
1676 3319 1872 3376 Isaiam
1908 3321 1990 3388 ⁶³;

410 3417 515 3476 :eo,
570 3429 665 3468 rex
709 3414 778 3469 de
806 3413 956 3469 tribu
1003 3410 1193 3473 Iudae,
1244 3409 1546 3466 secundum
1601 3410 1992 3482 mysteriorum

408 3508 688 3562 doctorem
706 3503 909 3559 Mosem
922 3503 1008 3566 1“;
1054 3501 1362 3568 rationalis,
1383 3501 1690 3555 secundum
1712 3499 1989 3564 Isaiam",

407 3602 565 3666 Ovis;
621 3600 888 3654 innocens
940 3610 1137 3666 agnus,
1187 3593 1488 3649 secundum
1527 3591 1884 3648 Jeremiam”
1936 3594 1990 3647 in

410 3693 596 3746 multis
623 3692 1014 3761 periclitatum,
1046 3701 1150 3756 pro
1189 3687 1369 3740 salute
1402 3685 1591 3739 mundi
1634 3684 1989 3745 immolatus;

409 3782 551 3851 lapis
592 3780 938 3851 improbatus
963 3792 991 3831 a
1018 3775 1244 3838 Iudaeis,
1275 3773 1370 3845 qui
1399 3774 1455 3828 in
1481 3785 1647 3844 caput
1677 3773 1860 3845 anguli
1889 3772 1991 3828 Ec-

411 3876 596 3930 clesiae
644 3873 886 3945 gentium
921 3878 1006 3926 est
1066 3869 1300 3940 positus,
1349 3876 1405 3922 et
1451 3875 1621 3920 totam
1663 3875 1842 3920 coetus
1871 3864 1992 3934 ejus

408 3978 744 4026 structuram
790 3975 1103 4028 conservat,
1143 3963 1442 4020 secundum
1479 3959 1740 4013 Davidem
1777 3957 1991 4012 divino-

408 4080 528 4119 rum
573 4061 880 4117 carminum
912 4066 1191 4113 auctorem
1212 4058 1294 4110 ”:
1344 4055 1567 4108 maximi
1595 4051 1808 4106 consilii
1854 4067 1990 4105 nun-

412 4158 540 4220 'ius,
576 4155 717 4209 Deus
752 4153 931 4223 fortis,
967 4158 1026 4206 ut
1059 4150 1239 4220 inquit
1296 4146 1563 4211 Isaias";
1593 4143 1845 4200 mortalis
1900 4144 1984 4197 l‘a-

408 4252 556 4307 ctus,
577 4256 803 4295 manens
821 4238 987 4303 Deus,
1015 4253 1127 4293 non
1164 4237 1489 4291 immutatus
1518 4233 1734 4287 ratione
1757 4240 1987 4296 natum,

410 4350 590 4405 neque
623 4332 800 4386 factus
829 4331 971 4387 alius
1003 4328 1305 4387 secundum
1339 4326 1704 4392 divinitatem,
1745 4322 1987 4379 Verbum

411 4426 546 4481 illud
583 4426 954 4488 incarnatnm,
982 4430 1037 4476 et
1076 4434 1244 4475 carne
1277 4417 1543 4490 genitum,
1580 4415 1822 4471 Verbum
1858 4428 1990 4469 caro

412 4517 636 4579 factum,
672 4513 817 4584 quod
851 4522 1031 4566 tamen
1063 4509 1209 4582 quod
1242 4517 1379 4572 erat,
1408 4508 1633 4571 mansit,
1673 4522 1780 4559 non
1805 4506 1861 4560 in
1886 4506 1989 4560 hoc

411 4607 749 4677 degenerans
797 4603 1010 4658 ratione
1045 4610 1256 4656 naturae
1289 4606 1617 4671 (postquam
1659 4599 1804 4653 enim
1840 4600 1987 4653 into-

410 4703 625 4754 nuisset
646 4696 913 4752 Joannes:
957 4694 1025 4748 In
1057 4694 1319 4762 principio
1359 4703 1477 4747 erat
1519 4690 1833 4753 Verbum",
1864 4706 1987 4744 om-

412 4805 651 4860 nemque
691 4787 1073 4859 personuisset
1127 4795 1459 4850 creaturam,
1500 4783 1698 4838 infert:
1756 4781 1821 4835 Et
1862 4781 1989 4836 Ver-

414 4892 534 4934 bum
586 4896 713 4933 caro
758 4879 961 4947 factum
1012 4877 1202 4942 est";
1260 4875 1460 4944 quibus
1511 4871 1694 4927 verbis
1755 4870 1991 4927 Verbum

340 4964 345 4979 ¹
414 4974 585 5027 fuisse
631 4979 757 5024 ante
801 4968 1182 5027 aeternitatem,
1222 4975 1276 5020 et
1324 4966 1562 5034 positum
1617 4978 1783 5033 supra
1829 4980 1993 5018 omne

340 5046 346 5067 ⁷
413 5074 629 5133 tempus
669 5059 875 5124 Deum,
922 5060 976 5112 iu
1027 5056 1215 5113 eadem
1262 5058 1385 5111 solii
1430 5058 1604 5126 gloria
1645 5072 1770 5112 cum
1826 5056 1989 5111 Patre

411 5151 687 5206 ostendit'
732 5156 785 5204 et
823 5148 1287 5218 subsequentibus
1336 5146 1481 5208 aliis,
1527 5161 1653 5200 cum
1696 5147 1792 5208 ait,
1840 5143 1983 5200 Caro

2703 1493 2953 1548 ΠΕΥΣΙΣ
2988 1493 3071 1551 Κ’.

2182 1583 2510 1657 Ἐπειδήπερ
2530 1585 2787 1659 ἀνωτέρω
2802 1587 3114 1658 ὲπηγγείλω
3132 1587 3479 1661 πλατυτέρως
3497 1588 3680 1660 λέγειν
3698 1623 3705 1629 -

2099 1676 2228 1747 περὶ
2253 1677 2347 1730 τοῦ
2384 1677 2673 1745 γινώσκειν
2705 1678 2795 1732 τὸν
2826 1679 3058 1751 Χριστὸν
3090 1680 3190 1752 τὴν
3218 1680 3433 1753 ἡμέραν
3466 1681 3560 1735 καὶ
3578 1683 3680 1753 τὴν

2098 1770 2248 1843 ὥραν
2275 1771 2377 1840 τῆς
2402 1771 2732 1835 συντελείας,
2760 1771 2958 1836 ἀπόδος
2987 1774 3119 1844 ἡμῖν
3143 1772 3235 1826 τὸν
3255 1771 3433 1841 λόγον,
3462 1773 3680 1844 μήποτε

2099 1862 2474 1933 συζητούντων
2504 1863 2680 1934 ἡμῶν,
2703 1861 3004 1933 δυνηθῶσιν
3030 1866 3080 1918 0i
3103 1863 3171 1917 δι’
3199 1863 3445 1928 ἐναντίας
3472 1864 3680 1936 ἑτέρως

2097 1950 2254 2022 ἡμῶν
2284 1952 2682 2027 περιγενέσθαι.

2724 2047 2772 2100 Ἀ
2780 2050 3071 2115 πόκρισις.

2173 2135 2311 2208 Ἤδη
2353 2138 2413 2192 ἐν
2439 2138 2684 2209 ὲπιτόμῳ
2714 2139 2930 2210 εἴρηται
2962 2138 3087 2210 περὶ
3122 2137 3348 2193 τούτου*
3376 2137 3586 2208 ἄγαμαι
3616 2138 3679 2195 δὲ

2096 2227 2249 2298 ὑμῶν
2289 2227 2387 2298 τὴν
2432 2230 2684 2301 ποικίλην
2717 2230 2845 2302 περὶ
2876 2229 3067 2284 τούτου
3102 2218 3348 2303 ζήτησιν.
3406 2231 3463 2284 '0
3494 2231 3678 2285 τοίνυν

2095 2318 2252 2388 ἅγιος
2276 2320 2466 2388 Λόγος,
2494 2323 2523 2376 6
2548 2322 2677 2387 ζῶν,
2703 2324 2797 2377 καί
2825 2322 3205 2387 ὲνυπόστατος,
3226 2324 3255 2375 6
3282 2322 3544 2388 Βασιλεὺς
3565 2325 3677 2377 πά-

2096 2427 2194 2480 σης
2240 2410 2358 2481 ἅμα
2409 2410 2659 2476 κτίσεως,
2712 2413 2741 2465 6
2782 2410 2876 2464 τοῦ
2924 2411 3136 2483 Πατρὸς
3164 2413 3386 2483 γνήσιος
3419 2412 3569 2478 Υίδς,
3612 2413 3677 2466 τὸ

2093 2501 2459 2571 ἀπαύγασμα
2498 2500 2608 2568 τῆς
2647 2501 2850 2571 δόξης,
2894 2502 2993 2557 καί
3036 2502 3345 2573 χαρακτὴρ
3380 2501 3490 2572 τῆς
3526 2508 3676 2560 ὐπο-

2094 2592 2387 2658 στάσεως,
2423 2596 2452 2646 6
2487 2593 2753 2656 συναῖδιος
2794 2596 2888 2648 καὶ
2919 2594 3204 2666 σύνθρονος
3245 2594 3338 2648 τοῦ
3376 2593 3609 2667 Πατρὸς,
3641 2596 3679 2652 6

2093 2687 2392 2751 ἀδέκαστος
2434 2685 2628 2757 κριτὴς
2676 2686 2891 2752 ζώντων
2943 2688 3038 2741 καὶ
3079 2686 3310 2759 νεκρῶν,
3358 2688 3388 2740 6
3427 2689 3493 2741 ὲκ
3528 2687 3675 2757 ζωῆς

2093 2777 2229 2850 ζωὴ,
2265 2780 2294 2832 6
2327 2780 2392 2832 ἐκ
2416 2777 2510 2831 τοῦ
2547 2780 2724 2848 φωτὸς
2752 2778 2890 2848 φῶς,
2922 2779 2950 2832 6
2978 2779 3044 2832 ὲκ
3071 2780 3172 2849 τῆς
3199 2778 3391 2847 σοφίας
3429 2777 3607 2847 σοφία.
3640 2778 3675 2832 6

2093 2873 2157 2925 ὲκ
2182 2870 2283 2941 τῆς
2312 2870 2463 2934 θείας
2477 2870 2684 2941 κρήνης
2712 2872 2864 2943 πηγὴ
2887 2871 3131 2934 ἁένναος,
3154 2872 3184 2924 6
3199 2869 3505 2943 ποταμὸςὸ
3532 2870 3676 2923 ἁπα-

2094 2960 2203 3025 θῶς
2223 2960 2363 3029 ῥέων
2385 2961 2451 3015 τὰ
2469 2961 2586 3014 θεῖα
2607 2961 2771 3014 αὐτοῦ
2792 2962 3122 3033 χαρίσματα,
3145 2965 3173 3016 6
3194 2960 3318 3027 τοῖς
3335 2959 3678 3030 όρμήμασηο

2094 3051 2436 3120 εὐφραίνων
2471 3050 2587 3119 τὴν
2624 3051 2809 3105 πόλιν
2846 3051 2953 3105 τοῦ
2996 3051 3165 3114 Θεοῦ,
3202 3048 3345 3105 κατά
3394 3048 3492 3121 τὴν
3523 3048 3672 3105 θείαν

2096 3141 2385 3212 μελῳδίαν,
2435 3143 2473 3208 ἠ
2512 3139 2645 3211 ῥίζα
2685 3142 2792 3196 τοῦ
2846 3142 3097 3207 Ἰεσσαὶ,
3142 3141 3203 3195 τὸ
3244 3140 3521 3211 σκῆπτρον
3573 3138 3671 3193 τοῦ

2093 3234 2281 3301 Δαϐὶδ,
2308 3233 2342 3302 ἠ
2362 3235 2607 3303 ῥάϐδος,
2638 3236 2736 3290 καὶ
2759 3236 2820 3289 τὸ
2840 3234 2910 3299 ἐξ
2939 3235 3131 3302 αὐτῆς
3160 3234 3303 3288 θεῖον
3328 3233 3511 3300 ἄνθος
3533 3235 3674 3287 κατά

2105 3325 2331 3381 Ἠσαίαν
2362 3326 2453 3380 τὸν
2475 3326 2781 3392 θεσπέσιον,
2801 3329 2829 3380 6
2852 3327 3008 3391 λέων,
3037 3327 3066 3379 6
3084 3326 3339 3398 βασιλεὺς
3362 3326 3392 3379 6
3414 3327 3479 3379 ὲκ
3500 3325 3672 3396 φυλῆς

2105 3418 2296 3485 Ἰούδα,
2329 3419 2471 3473 κατὰ
2498 3419 2702 3474 Μωσέα
2719 3419 2809 3473 τὸν
2828 3419 3171 3491 ἱεροφάντην,
3202 3418 3263 3472 τὸ
3287 3417 3504 3485 λογικὸν
3530 3416 3673 3471 κατά

2107 3512 2334 3566 Ἡσαΐαν
2362 3511 2654 3584 πρόϐατον,
2677 3511 2739 3565 τὸ
2770 3510 2973 3565 ἄκακον
2998 3510 3206 3583 ἀρνίον,
3229 3508 3371 3563 κατά
3401 3508 3671 3580 Ἱερεμίαν

2091 3604 2184 3658 τὸν
2221 3603 2616 3669 πολυκίνδυνον,
2656 3603 2797 3675 ὑπὲρ
2840 3603 3046 3674 κόσμου
3079 3601 3354 3673 σωτηρίας
3383 3599 3668 3670 θυόμενον,

2091 3696 2120 3748 6
2156 3694 2303 3759 λίθος
2343 3697 2371 3748 6
2416 3694 2677 3764 ἀδόκιμος
2715 3692 2868 3764 παρά
2912 3691 3208 3757 Ἰουδαίοις,
3247 3692 3276 3744 6
3309 3692 3391 3755 εἰς
3427 3690 3669 3762 κεφαλὴν
3712 3750 3721 3759 ⁸

2092 3786 2295 3854 γωνίας
2317 3785 2415 3856 τῆς
2436 3784 2544 3839 τῶν
2576 3784 2744 3839 ἐθνῶν
2790 3782 3118 3856 Ἐκκλησίας
3148 3782 3344 3847 τεθεὶς,
3373 3783 3469 3836 καὶ
3489 3783 3669 3835 πᾶσαν

2093 3876 2187 3930 τοῦ
2218 3876 2405 3931 θιάσου
2432 3875 2531 3946 τὴν
2565 3874 2854 3945 οἰκοδομὴν
2884 3873 3183 3945 συντηρῶν,
3216 3873 3356 3926 κατά
3387 3874 3551 3927 Δαόὶδ
3577 3872 3668 3926 τὸν

2101 3967 2357 4040 μελῳδὸν,
2407 3970 2437 4021 6
2479 3965 2590 4036 τῆς
2620 3967 2913 4036 μεγίστης
2952 3962 3195 4032 ,ϐουλῆς
3240 3963 3527 4033 ἄγγελος,
3575 3964 3668 4017 καὶ

2098 4062 2243 4129 Θεὸς
2260 4060 2534 4131 ἰσχυρὸς,
2553 4059 2627 4122 ὡς
2652 4058 2815 4129 φησιν
2838 4054 3084 4121 Ἠσαῒας,
3101 4058 3130 4109 6
3150 4055 3337 4129 βροτὸς
3354 4055 3666 4127 γενόμενος,

2096 4154 2274 4226 μένων
2313 4153 2464 4217 Θεὸς,
2510 4151 2585 4224 μὴ
2622 4152 2852 4224 τραπεὶς
2891 4150 2990 4223 τὴν
3023 4150 3205 4220 φύσιν,
3243 4149 3315 4221 μὴ
3356 4148 3668 4212 ἀλλοιωθεὶς

2093 4242 2192 4314 τὴν
2224 4242 2470 4311 θεότητα.
2516 4243 2545 4294 6
2598 4239 2901 4311 σαρκωθεὶς
2936 4239 3108 4309 Λόγος
3142 4239 3239 4294 καὶ
3283 4237 3562 4311 γεννηθεὶς
3609 4239 3666 4291 ὲν

2097 4332 2281 4403 σαρκὶ,
2312 4332 2341 4384 6
2372 4330 2545 4399 Λόγος
2578 4330 2715 4401 σὰρξ
2743 4329 3054 4399 γενόμενος,
3088 4329 3306 4383 κάκεῖνο
3337 4329 3545 4399 μείνας,
3564 4329 3665 4384 οὐκ

2092 4424 2175 4487 είς
2200 4423 2358 4477 τοῦτο
2380 4419 2699 4492 μεταπεσὼν
2734 4424 2802 4492 τῇ
2833 4420 2992 4490 φύσει
3015 4418 3179 4491 (μετά
3209 4418 3315 4489 γὰρ
3345 4418 3408 4473 τὸ
3444 4418 3666 4491 βροντῆ-

2095 4538 2187 4575 σαι
2221 4520 2473 4592 Ἰωάννην
2491 4518 2572 4580 τὸ,
2619 4518 2722 4570 Ἐν
2750 4513 2907 4585 ἀρχῇ
2936 4509 3016 4583 ἦν
3048 4514 3081 4567 δ
3112 4513 3324 4582 Λόγος,
3355 4512 3451 4566 καὶ
3486 4513 3666 4565 πᾶσαν

2094 4613 2514 4683 κατακτυπῆσαι
2542 4611 2642 4681 τὴν
2665 4607 2863 4672 κτίσιν,
2884 4606 3004 4659 τότε
3035 4604 3252 4672 ὲπάγει,
3281 4602 3392 4657 Καὶ
3420 4606 3455 4658 ό
3475 4604 3664 4671 Λόγος

2084 4702 2242 4771 σὰρξ
2266 4701 2522 4772 ἐγένετο,
2553 4697 2878 4770 προαιιὶψιον
2911 4696 3008 4767 μὲν
3029 4697 3125 4750 καὶ
3151 4694 3486 4766 ὑπέρχρονον
3507 4693 3660 4755 Θεὸν.

2086 4793 2372 4863 σύνθρονον
2401 4790 2481 4862 τῷ
2522 4790 2697 4861 Πατρὶ
2730 4789 2823 4842 τὸν
2859 4787 3029 4856 Λόγον
3059 4785 3302 4849 δεικνύςο
3342 4783 3404 4838 τὸ
3429 4783 3506 4849 δὲ,
3534 4783 3663 4854 ἐγέ-

2085 4900 2245 4947 νετο,
2288 4882 2510 4950 ὕστερον
2545 4879 2723 4950 δηλῶν
2765 4880 2866 4951 τὴν
2905 4874 3225 4947 θεανδρικὴν
3266 4873 3431 4929 αὐτοῦ
3467 4876 3532 4928 ὲκ
3561 4875 3661 4945 τῆς

2088 4972 2369 5034 ἀείπαιδος
2410 4969 2628 5041 Μαρίας
2667 4968 3027 5041 προέλευσιν)·
3073 4969 3102 5020 6
3142 4966 3322 5020 τοίνυν
3359 4964 3468 5029 ζῶν
3507 4964 3663 5034 ἅγιος

2093 5064 2188 5115 καὶ
2218 5060 2578 5123 ὲνυπόστατος
2605 5059 2796 5127 Λόγος,
2824 5055 3001 5111 λαλῶν
3032 5056 3128 5110 καὶ
3156 5054 3391 5115 ἀκούων,
3422 5046 3572 5116 οὗτος
3600 5050 3669 5104 ὲιί

2089 5149 2437 5219 Εὐαγγελίοις
2472 5148 2750 5221 θεηγορῶν
2772 5165 2957 5221 φησιν,
2984 5145 3197 5212 Οὐδείς
3231 5141 3357 5198 οἵδε
3380 5142 3495 5212 τὴν
3521 5142 3646 5211 ἡ,ιώ

412 5244 611 5311 factum
652 5250 751 5303 est,
802 5239 1071 5306 signiﬁcat
1118 5237 1257 5291 uniti
1300 5253 1422 5293 cum
1479 5236 1586 5291 Deo
1643 5236 1879 5291 bumiuis
1912 5253 1977 5291 ex

2095 5258 2196 5305 οαν
2221 5240 2259 5309 ἣ
2281 5240 2395 5307 τὴν
2418 5240 2577 5308 ὥραν
2605 5239 2868 5307 ἐκείνην,
2893 5236 3030 5291 οὔτε
3062 5235 3304 5306 ἄγγελοι
3335 5232 3454 5287 τῶν
3482 5234 3633 5300 οὐρα

411 5335 580 5390 Maria
616 5348 831 5403 semper
865 5330 1087 5401 Virgine
1118 5327 1542 5400 progressum):
1584 5328 1773 5383 vivens
1812 5328 1981 5397 igitur

481 5546 523 5577 "
552 5545 582 5597 .l
617 5546 743 5613 Reg.
781 5558 903 5606 xm,
933 5545 984 5597 1.
1063 5542 1106 5573 ⁸⁸
1132 5541 1151 5593 ι
1178 5540 1308 5609 Reg.
1338 5556 1375 5604 ι,
1401 5538 1453 5591 8.
1530 5539 1577 5571 ⁸³
1612 5537 1793 5593 Eccle.
1819 5554 1922 5601 vn,
1958 5539 1990 5591 3

488 5615 616 5667 Heb.
648 5631 686 5673 ι.
848 5615 893 5644 ⁸³
921 5612 1064 5667 Psal.
1102 5628 1224 5671 xcv,
1258 5613 1311 5663 5.
1387 5610 1431 5642 ⁸⁸
1458 5607 1561 5663 Isa.
1599 5625 1673 5673 χι,
1704 5609 1754 5661 I.
1831 5608 1876 5639 ⁸⁸
1901 5608 1990 5662 Gel

2095 5538 2133 5571 '°
2172 5537 2333 5593 Num.
2366 5553 2460 5600 xx,
2488 5537 2544 5589 6.
2634 5537 2675 5566 "
2710 5537 2872 5589 Prov.
2911 5548 3000 5591 xv.
3037 5537 3131 5587 26.
3207 5537 3254 5561 "
3282 5537 3322 5582 IS

2095 5623 2216 5674 ιιι,
2250 5607 2304 5663 9.
2378 5608 2422 5640 ⁵⁷
2458 5607 2560 5662 lsa.
2596 5621 2717 5663 ιιιι.
2753 5604 2804 5657 ’1.
2900 5602 2947 5636 ⁸⁸
2983 5600 3098 5657 Jer.
3130 5615 3204 5655 ιι.
3237 5598 3322 5654 19.

1118 5682 1151 5735 i.
1228 5681 1270 5709 ⁷¹
1300 5677 1457 5732 Ioau.
1492 5693 1530 5743 ι,
1564 5680 1610 5733 I.
1691 5681 1736 5710 "
1760 5679 1892 5733 ibid.
1939 5679 2021 5731 Μ.

414 5618 457 5648 ⁸³
488 5615 616 5667 Heb.
648 5631 686 5673 I.

409 5700 575 5748 cxm,
602 5683 691 5736 ‘22.
767 5686 810 5715 ⁷ο
846 5683 948 5737 lsa.
994 5698 1067 5745 Ix,
1099 5683 1132 5733 6

2085 5331 2229 5398 νῶν,
2272 5332 2412 5385 οὔτε
2455 5333 2488 5384 ό
2524 5331 2693 5394 Υἱόςο
2739 5329 2877 5398 ὅπερ
2909 5324 3268 5397 οἰκονομικῶς
3305 5339 3471 5393 φησι·
3516 5320 3660 5376 καθὸ

2087 5538 2133 5571 ⁸ο
2172 5537 2333 5593 Num.
2366 5553 2460 5600 xx,
2488 5534 2544 5589 6.
2634 5535 2675 5566 ⁶¹
2710 5532 2872 5589 Prov.
2911 5548 3000 5591 xv.
3037 5530 3131 5587 26.
3207 5530 3254 5561 “
3282 5525 3465 5584 Eccle.
3497 5541 3573 5590 ix,
3597 5527 3657 5583 4.

2087 5623 2214 5652 iur-
2250 5607 2303 5652 9-
2378 5608 2422 5640 ⁸⁷
2458 5607 2560 5652 lea.
2597 5621 2717 5652 LIII-
2753 5604 2804 5652 7.
2900 5602 2947 5636 ⁸⁸
2983 5600 3098 5652 Jer.
3130 5615 3204 5652 ιι.
3237 5598 3322 5652 19.
3428 5599 3472 5631 ⁸⁵
3508 5595 3657 5652 Psal.
