4108 6376
348 415 449 470 8Γὶ

341 538 452 609 γὰρ
478 534 825 606 παρῳχηκὼς
859 534 1016 606 ἔφην,
1044 536 1092 587 εἰ
1120 536 1318 599 παντὸς
1348 535 1609 606 μεγέθους
1646 535 1738 589 καὶ
1760 554 1928 589 κατα-

341 629 554 700 λήψεως
576 627 875 698 ὑπέρτερον
898 627 1212 698 ὑπάρχοντα
1244 627 1336 680 τὸν
1375 627 1594 698 Πατέρα
1621 626 1924 695 γινώσκων,

342 721 458 784 πῶς
484 721 584 792 τὴν
623 720 835 791 ἡμέραν
867 719 962 772 καὶ
997 718 1095 790 τὴν
1123 718 1271 788 ὥραν
1310 719 1548 789 ἐκείνην,
1579 719 1781 788 ἀτμίδα
1809 720 1927 788 ἦτοι

340 811 490 883 χοῦν,
521 813 614 864 καὶ
655 811 739 864 ἔτι
777 811 980 882 ἀδρανῆ
1009 811 1104 864 καὶ
1134 810 1482 880 ἀμυδρότερα
1515 810 1650 882 πρὸς
1683 811 1744 862 τὸ
1774 809 1927 862 Θεῖον

344 902 765 974 συγκρινόμενα,
802 901 1023 969 ἀγνοεῖ;
1053 899 1346 970 διαρρήδην
1389 899 1686 970 θεηγορῶν,
1716 898 1926 965 οὐδεὶς

343 992 617 1064 γινώσκει
637 992 742 1046 τὸν
764 991 994 1059 Πατέρα
1011 993 1060 1044 εί
1072 990 1157 1061 μὴ
1177 995 1208 1044 ὀ
1235 991 1384 1057 Υἱὸς,
1399 990 1541 1044 οὐδὲ
1562 990 1667 1044 τὸν
1687 993 1824 1044 Υίόν
1837 1009 1928 1056 τις

339 1082 739 1154 ἐπιγινώσκει,
761 1085 812 1135 εἱ
829 1082 914 1152 μὴ
933 1086 963 1136 ό
981 1081 1182 1150 Πατήρ
1198 1124 1212 1136 .
1244 1082 1328 1145 Ὠς
1368 1082 1477 1152 γὰρ
1504 1082 1673 1152 μέγας
1695 1085 1722 1134 6
1738 1083 1926 1154 Πατὴρ

341 1173 600 1244 γινώσκει
644 1172 734 1225 τὸν
774 1173 918 1235 Υἱὸν,
953 1171 1028 1235 ὡς
1055 1171 1111 1224 δὲ
1149 1172 1400 1241 μέγιστος
1438 1172 1465 1223 ὁ
1501 1173 1636 1236 Παῖς
1671 1172 1926 1240 γινώσκει

341 1266 431 1318 τὸν
461 1265 785 1336 Γεννήτορα,
809 1265 903 1318 καὶ
927 1265 1242 1334 ἰσομέγεθες
1258 1266 1318 1317 τὸ
1340 1265 1481 1318 θεῖον
1507 1265 1730 1336 Πνεῦμα
1751 1267 1928 1338 ὑπάρ-

341 1374 435 1428 χον
483 1355 740 1426 γινώσκει
780 1357 871 1409 τὸν
916 1357 1166 1427 Πατέρα,
1209 1357 1301 1409 καὶ
1371 1357 1462 1409 τὸν
1500 1358 1648 1420 Υἱὸν,
1684 1359 1776 1412 ὑπ’
1820 1360 1926 1430 ἀμ-

343 1451 464 1517 φοῖν
500 1448 918 1518 γινωσκόμενον.
956 1447 1059 1501 Δύο
1087 1448 1144 1501 δὲ
1167 1447 1418 1516 γνώσεις,
1451 1450 1634 1520 διττὴν
1671 1452 1764 1504 καὶ
1785 1451 1929 1521 εἴδη-

229 1547 246 1564 ⁶
344 1556 428 1594 σιν
453 1540 557 1593 ὑπὸ
585 1540 684 1610 τῆς
714 1539 861 1602 θείας
885 1539 1107 1610 Γραφῆς
1130 1540 1498 1611 παιδευόμεθα
1520 1558 1532 1570 ·
1567 1543 1666 1611 τὴν
1691 1543 1789 1612 μὲν
1807 1544 1925 1597 κατ’

342 1631 643 1703 ἐνέργειαν,
675 1631 772 1701 τὴν
813 1631 868 1682 δὲ
911 1631 1031 1684 κατ’
1069 1631 1212 1699 ὄψιν,
1244 1631 1427 1694 καθὼς
1457 1633 1717 1702 ἀμυδροῖς
1748 1650 1926 1705 παρα-

341 1724 595 1794 δείγμασι
641 1722 981 1794 χρησάμενος
1022 1721 1320 1794 ἀπορρήξω
1363 1723 1453 1774 τὸν
1504 1723 1703 1778 κάλων.
1751 1723 1804 1776 εἴ
1841 1742 1925 1788 τις

343 1816 545 1883 ἀγνοεῖ,
578 1814 688 1867 τῶν
730 1811 1442 1882 αἰρέσεων,ἀντισπώμενος
1481 1813 1622 1882 ὑμᾶς
1659 1813 1759 1883 τῆς
1795 1812 1922 1883 βλα-

345 1907 563 1976 σφήμου
620 1903 915 1974 φάλαγγος·
976 1900 1163 1966 Οὕτως
1223 1903 1332 1974 γὰρ
1395 1897 1948 1974 αἰχμαλωτισθέντας

346 1997 570 2068 βροτοὺς
610 1996 715 2049 ὑπὸ
753 1993 846 2048 τοῦ
895 1995 1139 2048 ποικίλου
1178 1994 1396 2066 Βελιάρ,
1439 1997 1927 2067 ἀντσιχμαλωτίζει

345 2088 580 2161 Χριστὸς
603 2089 695 2140 ἐπὶ
727 2085 944 2158 σταυρῷ
966 2087 1098 2156 ὑψού
1108 2104 1288 2158 μενος,
1318 2088 1460 2141 κατὰ
1485 2087 1650 2151 Δαὸὶδ
1673 2089 1766 2141 τὸν
1786 2088 1928 2142 θεῖον

349 2180 604 2250 μελῳδόν.
636 2178 860 2250 ’Προείδε
886 2179 994 2248 γὰρ
1024 2182 1052 2232 6
1077 2179 1363 2242 Θεσπέσιος
1387 2179 1448 2232 τὸ
1474 2180 1736 2252 σωτήριον
1759 2181 1928 2245 πάθος

345 2274 440 2327 καὶ
482 2274 580 2342 τὴν
618 2273 777 2344 ἡμῶν
818 2273 1212 2344 αἰχμαλωσίαν,
1242 2273 1309 2325 δι’
1336 2267 1410 2324 ὧν
1440 2290 1603 2343 φησιν
1629 2289 1642 2302 ·
1689 2274 1930 2340 Ἀναϐὰς

347 2368 433 2431 εἰς
450 2365 608 2434 ὕψος
653 2365 1126 2435 ᾐχμαλώτευσας
1140 2367 1574 2435 αἰχμαλωσίαν,
1591 2365 1816 2432 ἔδωκας
1831 2367 1930 2418 δό-

347 2474 501 2526 ματα
521 2458 589 2509 ἐν
608 2457 958 2525 ἀνθρώποις.
983 2458 1115 2511 Τίνα
1134 2457 1306 2510 ταῦτα
1330 2474 1344 2523 ;
1370 2458 1480 2528 Τὴν
1511 2459 1589 2522 εἰς
1610 2458 1814 2528 Τριὰδα
1844 2459 1930 2510 πί-

351 2566 490 2609 στιν,
525 2550 619 2602 καὶ
648 2549 755 2603 τῶν
777 2548 1054 2620 μυστικῶν
1081 2548 1323 2618 τελετὴν,
1355 2550 1447 2600 καὶ
1470 2549 1657 2602 ἐλπίδα
1685 2550 1782 2619 τῆς
1804 2551 1932 2602 ἀνα-

350 2641 612 2704 στάσεως.
652 2641 877 2710 Ἐπάγει
897 2642 942 2693 δ’
979 2637 1187 2711 αὖθιςὴ
1221 2641 1330 2694 τῶν
1357 2641 1514 2694 θείων
1541 2643 1803 2713 μελῳδία·
1826 2643 1932 2695 Καὶ

346 2731 459 2800 τὰρ
477 2732 874 2796 ἀπειθοῦντας
897 2730 1004 2783 τοῦ
1028 2730 1516 2797 κατασκηνῶσαι.
1547 2731 1681 2784 Τίνα
1704 2735 1811 2802 ἄρα
1837 2733 1933 2785 καὶ

349 2822 484 2885 ποῦ;
527 2823 666 2885 Τοὺς
710 2821 770 2886 ἐξ
823 2821 1091 2874 Ἰουδαίων
1138 2823 1231 2874 καὶ
1286 2822 1552 2892 Ἑλλήνων
1597 2823 1654 2874 ὲν
1700 2823 1764 2892 τῇ
1815 2821 1934 2893 θείᾳ.

352 2916 521 2984 σκηνῇ
566 2914 666 2983 τῆς
722 2914 1070 2984 Ἐκκλησίας.
1129 2913 1393 2967 ’Λπειθῶν
1437 2913 1566 2983 γὰρ,
1610 2913 1807 2977 παίων,
1842 2914 1934 2966 καὶ

352 3008 675 3077 σπαράττων
717 3005 878 3069 λύκος
926 3005 1316 3077 Χριστιανοὺς,
1357 3006 1592 3069 Παῦλος,
1629 3009 1657 3059 6
1699 3005 1795 3059 νῦν
1833 3006 1933 3074 τῆς

364 3098 690 3168 Ἑκκλησίας
721 3098 929 3160 στύλος,
961 3099 995 3168 ἡ
1022 3097 1371 3167 ὑψηλόφρωνος
1404 3097 1503 3167 τῆς
1533 3097 1770 3160 πίστεως
1804 3096 1933 3149 σάλ-

353 3191 502 3257 πιγξ,
534 3193 561 3242 6
600 3189 765 3241 πάλαι
800 3187 1010 3241 διώκων
1045 3189 1249 3252 κακῶς,
1293 3187 1472 3252 καλῶς
1511 3188 1738 3258 τραπεὶς
1776 3189 1934 3241 ἑκου-

354 3280 484 3344 σίως
501 3281 640 3351 ὑπὲρ
660 3281 768 3333 τῶν
789 3281 1123 3351 διωχθέντων
1143 3281 1480 3351 μαστίζεται,
1499 3282 1528 3333 6
1552 3282 1729 3333 παίων
1751 3279 1936 3350 ῥαϐδί-

354 3366 529 3434 ζεται,
573 3371 601 3422 6
645 3371 882 3443 ἀναιρῶν
928 3370 1070 3441 ὑπὲρ
1102 3369 1211 3423 τῶν
1247 3371 1563 3438 σφαγέντων
1603 3369 1941 3442 αὐθαιρέτως

353 3462 767 3532 καρατομεῖται,
818 3462 885 3531 τῇ
930 3458 1222 3530 οὐρανόθεν
1258 3461 1407 3530 φωνῇ
1465 3460 1558 3512 καὶ
1605 3459 1785 3530 πληγῇ
1831 3461 1940 3512 τῶν

353 3551 531 3620 ὄψεων
578 3551 714 3622 πρὸς
766 3550 936 3604 ταῦτα
965 3550 1312 3622 μεταπεσὼν,
1343 3550 1469 3605 ἀντὶ
1498 3551 1700 3604 Σαύλου
1730 3551 1942 3616 Παῦλος

355 3643 463 3695 ὑπὸ
481 3643 573 3696 τοῦ
605 3642 957 3714 ὠνησαμένου
993 3641 1230 3715 Χριστοῦ
1283 3642 1727 3714 μετονομασθεὶς,
1759 3644 1847 3696 ἵνα
1871 3644 1942 3696 τὰ

355 3736 482 3806 ἔθνη
518 3738 561 3789 Χ
573 3737 876 3807 ριστιανοὺς
909 3735 1344 3808 προσαγορεύσῃ.

1766 412 2116 472 DIALOGUS
2154 414 2194 468 1.

3505 409 3609 465 8ῗ8

2031 537 2162 590 illud
2195 545 2445 591 sanctum
2492 545 2546 591 et
2590 553 2684 606 per
2739 552 2801 592 se
2841 534 3153 591 subsistens
3207 532 3467 596 Verbum,
3524 533 3605 587 lo-

2031 644 2205 698 quens
2236 636 2289 682 et
2319 629 2568 692 audiens,
2604 629 2658 682 in
2687 629 2985 698 Evangelio
3021 628 3285 682 divinitus
3324 628 3415 681 illa
3441 628 3605 682 verba

2029 721 2291 790 protulit:
2347 720 2515 774 Nemo
2556 723 2699 775 novit
2739 721 2877 774 dicat
2925 731 3019 774 aut
3063 721 3247 774 horam
3297 722 3470 784 illam,
3514 739 3606 775 nec

2030 813 2203 882 angeli
2241 813 2493 876 caelestes,
2526 829 2686 881 neque
2734 811 2910 866 Filius
2932 813 2978 844 ⁷³
3017 822 3104 867 :et
3147 812 3364 882 quidem
3399 814 3606 867 ratione

2029 903 2530 959 administrationis
2587 920 2729 966 suae,
2783 918 2848 958 ac
2907 905 3208 959 secundum
3264 905 3603 974 peculiarem

2029 1009 2250 1049 sensum
2282 1011 2346 1050 ca
2387 997 2635 1065 protulit.
2676 994 2743 1049 Ut
2776 995 2923 1049 enim
2958 997 3213 1066 superius
3241 1011 3270 1049 a
3320 997 3480 1050 nobis
3519 997 3607 1049 di-

2027 1096 2176 1143 ctum
2208 1096 2313 1150 est,
2352 1092 2397 1143 si
2433 1090 2583 1142 omni
2618 1089 2996 1159 magnitudine
3023 1097 3076 1143 et
3117 1089 3608 1157 comprehensione

2028 1178 2493 1246 perceptioneque
2525 1179 2865 1246 superiorem
2898 1177 3113 1230 Patrem
3135 1179 3437 1247 cognoscit,
3470 1193 3608 1246 quo-

2028 1270 2192 1323 modo
2217 1271 2360 1324 diem
2394 1279 2448 1323 et
2484 1270 2674 1322 horam
2713 1270 2863 1322 illam
2894 1269 3153 1328 nesciret,
3185 1284 3306 1338 quae
3363 1277 3491 1322 sunt
3520 1270 3608 1322 in-

2028 1370 2144 1415 star
2178 1377 2324 1416 aura:
2355 1362 2701 1430 pulverisquc
2723 1361 3035 1428 cujusdam,
3069 1368 3163 1413 aut
3190 1363 3356 1414 etiam
3387 1361 3606 1414 levioris

2026 1461 2082 1508 et
2113 1454 2381 1508 tenuioris
2405 1453 2506 1509 rei.
2543 1453 2587 1507 si
2618 1468 2742 1505 cum
2773 1461 2968 1505 natura
2998 1452 3242 1506 numinis
3264 1453 3411 1505 illius
3435 1452 3606 1506 divini

2026 1545 2450 1614 comparentur?
2483 1545 2780 1614 praasertim
2821 1560 2988 1615 quum
3019 1545 3221 1599 diserte
3269 1545 3414 1598 dicat
3449 1563 3462 1599 :
3498 1543 3610 1598 Ne-

2027 1654 2110 1691 mo
2142 1638 2280 1692 novit
2300 1633 2521 1689 Patrem
2545 1639 2648 1690 nisi
2678 1636 2724 1689 F
2728 1638 2874 1699 ilius,
2902 1653 3062 1706 neque
3094 1635 3297 1690 Filium
3329 1638 3609 1706 quisquam

2027 1731 2315 1802 cognoscit,
2349 1730 2452 1783 nisi
2483 1728 2733 1783 Pater".
2770 1728 2839 1782 Ut
2866 1729 3013 1783 enim
3053 1743 3282 1799 magnus
3324 1729 3414 1782 ille
3445 1726 3610 1782 Pater

2027 1824 2179 1877 novit
2205 1821 2425 1884 Filium,
2453 1833 2619 1891 utque
2652 1821 2922 1874 maximus
2955 1821 3046 1874 ille
3072 1819 3245 1876 Filius
3270 1814 3607 1875 novitGeni-

2030 1920 2202 1968 torem
2240 1931 2251 1965 :
2306 1913 2378 1966 ita
2431 1920 2485 1964 et
2531 1910 2758 1980 a-qualis
2803 1910 3183 1979 magnitudine
3223 1907 3464 1980 Spiritus
3517 1908 3610 1963 ille

2031 2014 2254 2062 sanctus
2277 2003 2427 2058 novit
2450 2001 2667 2056 Patrem
2699 2010 2753 2056 et
2782 2000 3002 2066 Filium,
3040 2001 3110 2056 ab
3139 2003 3384 2072 utrisque
3414 2002 3610 2072 cogni-

2033 2109 2145 2156 tus.
2177 2096 2251 2151 De
2277 2097 2490 2150 duabus
2518 2103 2696 2148 autem
2725 2093 3132 2162 cognitionibus
3160 2093 3470 2164 duplicique
3504 2109 3606 2148 uo-

2031 2191 2149 2244 titia
2208 2188 2383 2242 sacris
2435 2187 2488 2240 in
2546 2185 2768 2240 Litteris
2834 2187 3136 2250 docemur;
3201 2200 3434 2254 quarum
3501 2187 3608 2238 alia

2031 2280 2254 2350 quidem
2313 2276 2615 2332 secundum
2705 2284 2910 2339 actum,
2965 2275 3070 2328 alia
3119 2289 3249 2328 vero
3308 2275 3608 2329 secundum

2035 2371 2233 2426 faciem
2283 2371 2522 2433 exsistit,
2559 2367 3018 2438 quemadmodum
3062 2367 3314 2422 obscuris
3347 2367 3611 2437 exemplis

2034 2472 2198 2518 utens
2241 2461 2426 2516 funem
2479 2459 2841 2531 ignorationis
2869 2459 3212 2528 abrumpam,
3235 2474 3298 2512 ac
3329 2474 3425 2512 vos
3450 2474 3481 2512 a
3520 2475 3610 2514 se-

2034 2563 2244 2607 ctarum
2266 2551 2584 2619 blasphemo
2605 2549 2821 2619 agmine
2835 2549 3120 2602 revocabo.
3144 2549 3234 2602 Sic
3255 2550 3396 2604 enim
3421 2557 3612 2618 captos

2037 2660 2063 2695 a
2109 2655 2334 2699 versuto
2385 2645 2585 2699 Beliale
2622 2645 2901 2707 mortales,
2945 2645 3188 2698 vicissim
3224 2645 3470 2714 captivos
3507 2645 3612 2698 sibi

2038 2738 2215 2790 reddit
2236 2738 2512 2796 Christus,
2533 2737 2804 2791 exaltatus
2832 2736 2886 2790 in
2923 2751 3106 2799 cruce,
3121 2737 3424 2791 secundum
3445 2737 3612 2791 Davi-

2037 2828 2156 2883 dem
2202 2839 2377 2884 vatem
2405 2831 2672 2884 divinum.
2717 2828 3058 2883 Praavidebat
3087 2831 3234 2883 enim
3264 2839 3492 2884 sanctus
3522 2830 3614 2883 ille

2037 2922 2122 2974 vir
2150 2922 2446 2976 salutarem
2489 2923 2800 2991 passionem
2829 2931 2882 2976 et
2919 2923 3291 2991 captivitatem
3327 2930 3612 2976 nostram:

2043 3023 2095 3065 et
2139 3014 2342 3067 idcirco
2373 3014 2551 3082 inquit
2592 3031 2608 3067 :
2650 3012 2951 3066 Ascendisti
3001 3013 3054 3064 in
3098 3011 3302 3076 altum,
3350 2998 3614 3078 captivam

2041 3103 2244 3157 duxisti
2277 3105 2670 3172 captivitatem;
2709 3102 2904 3156 dedisti
2935 3102 3076 3156 dona
3121 3103 3258 3156 inter
3292 3102 3527 3156 homines
3543 3104 3613 3157 ⁷⁵.

2044 3193 2305 3259 Quaenam
2349 3195 2481 3247 illa?
2510 3192 2667 3247 Iidem
2694 3194 2748 3247 in
2778 3191 3127 3255 Trinitatem,
3161 3199 3216 3247 et.
3249 3207 3431 3246 rerttm
3485 3207 3618 3263 tny~

2044 3284 2308 3338 sticarum
2341 3299 2570 3338 sacram-
2591 3284 3147 3347 administrationem,
3173 3291 3226 3336 et
3254 3298 3404 3352 spem
3429 3297 3617 3337 resur-

2039 3372 2320 3426 rectionis.
2347 3370 2581 3442 Subjicit
2603 3379 2782 3427 autem
2817 3388 3008 3426 rursus
3038 3373 3310 3426 canticum
3335 3372 3577 3426 divinum
3600 3392 3615 3426 :

2038 3462 2147 3518 Sed
2179 3472 2229 3517 ct
2263 3463 2613 3518 inobedientcs
2643 3463 2711 3516 ad
2746 3463 3095 3516 habitandum
3119 3464 3184 3515 ⁷⁸.
3227 3463 3528 3529 Quemnam
3563 3474 3621 3518 et.

2036 3555 2168 3609 ubi?
2203 3555 2309 3609 Eos
2338 3555 2432 3624 qui
2469 3563 2597 3610 sunt
2624 3570 2690 3609 ex
2719 3553 2925 3609 Judaeis
2949 3561 3002 3607 et
3027 3553 3304 3623 gentibus,
3341 3555 3396 3608 in
3423 3562 3619 3609 sancto

2039 3647 2355 3702 habitaculo
2380 3645 2660 3702 Ecclesiae.
2693 3645 3018 3700 lnobedicns
3044 3644 3188 3698 enim
3213 3646 3320 3706 ille,
3347 3645 3621 3700 terriﬁcus

2049 3748 2104 3796 et
2155 3739 2474 3806 discerpens
2519 3739 2862 3792 Christianos
2908 3737 3072 3806 lupus
3101 3746 3219 3791 erat
3252 3735 3476 3801 Paulus,
3522 3739 3619 3806 qui

358 3850 504 3889 nunc
548 3833 806 3889 Ecclesia:
857 3835 1113 3887 columna
1163 3841 1268 3897 est,
1320 3832 1556 3887 altisona
1592 3831 1714 3887 ﬁdei
1755 3832 1924 3899 tuba;
1976 3835 2069 3906 qui
2103 3834 2399 3904 aliquando
2440 3834 2581 3888 male
2620 3833 3067 3903 persequebatur,
3119 3841 3268 3887 recte
3295 3848 3617 3899 conversus,

357 3938 657 3998 spontanea
715 3929 995 3982 voluntate
1060 3939 1158 3996 pro
1219 3925 1287 3980 iis
1343 3923 1435 3994 qui
1492 3925 1926 3993 persecutionem
1979 3926 2281 3994 patiuntur,
2336 3925 2672 3995 ﬂagellatur;
2745 3922 3078 3992 percutiens,
3129 3922 3295 3992 virgis
3357 3922 3620 3991 caeditur;

358 4023 715 4087 interfector,
765 4037 864 4092 pro
923 4020 1122 4076 occisis
1180 4018 1375 4072 lubens
1422 4018 1602 4088 capite
1651 4027 1938 4073 truncatur
1978 4037 1992 4072 :

2031 4035 2128 4089 per
2180 4020 2421 4073 auditam
2471 4018 2688 4073 cmlitus
2729 4034 2918 4074 vocem
2972 4026 3026 4073 et
3071 4019 3354 4074 oculorum
3405 4021 3618 4092 plagam

357 4133 681 4181 conversus,
709 4131 809 4186 pro
843 4115 1009 4168 Saulo
1045 4113 1248 4170 Paulus
1316 4129 1346 4168 a
1384 4115 1730 4185 redemptore
1777 4115 2000 4171 Christo
2049 4115 2310 4186 deinceps
2358 4115 2700 4178 nominatur,
2765 4124 2822 4168 ut
2875 4115 3132 4184 gentibus
3180 4115 3620 4170 Christianorum

359 4228 556 4266 nomen
597 4211 828 4266 inderet.

444 4321 583 4373 Ἀλλ’
596 4322 688 4373 ἐπὶ
703 4318 967 4390 τὸςπροκεί
973 4335 1134 4389 μενον
1149 4317 1227 4388 τῷ
1239 4318 1382 4389 λόγῳ
1395 4317 1730 4389 παλινδρομή
1738 4335 1942 4389 σωμεν,

359 4410 591 4480 ὀξυτέρα
637 4411 703 4478 τῇ
738 4408 858 4477 ὄψει
907 4408 1004 4476 τῆς
1041 4407 1282 4470 διανοίας
1323 4408 1625 4478 χρώμενοι,
1665 4407 1802 4478 πρὸς
1845 4407 1944 4475 τὴν

360 4501 686 4569 κατανόησιν
716 4500 815 4569 τῆς
851 4499 1035 4568 διττῆς
1080 4498 1333 4566 γνώσεως
1367 4499 1459 4550 καὶ
1501 4499 1778 4568 είδήσεως.
1807 4499 1974 4567 Φησὶ-

361 4594 492 4663 γοῦν
530 4595 563 4663 ἡ
609 4592 726 4645 θεία
761 4592 951 4663 Γραφὴ
996 4590 1125 4661 περὶ
1167 4590 1261 4644 τοῦ
1306 4590 1477 4661 Ἀδὰμ
1524 4590 1746 4659 καὶτῆς
1778 4589 1942 4653 Εὔας,

366 4685 504 4741 μετά
545 4684 606 4736 τὸ
654 4683 1040 4755 ὲξορμισθῆναι
1083 4683 1280 4746 αὐτοὺς
1326 4683 1420 4736 τοῦ
1458 4681 1818 4754 παραδείσου,
1854 4682 1933 4733 αἰ-

360 4775 657 4846 δουμένους
700 4771 794 4826 τοῦ
831 4772 1305 4844 ἀπηγορευμένον,
1341 4773 1530 4842 Ἔγνω
1564 4769 1744 4839 Ἀδὰμ
1779 4770 1944 4823 Εὕαν

362 4867 479 4934 τὴν
510 4865 767 4936 γυναῖκα
805 4865 1021 4928 αὑτοῦ,
1065 4864 1161 4918 καὶ
1204 4863 1606 4917 συλλαϐοῦσα
1643 4861 1830 4914 ἔτεκε.
1879 4860 1944 4912 Τί

363 4958 456 5014 οὖν
486 4958 752 5030 ἐροῦμεν,
778 4957 859 5010 ὅτι
897 4958 955 5008 ὲν
997 4955 1309 5027 παραδείσῳ
1357 4955 1543 5024 ὴγνόει
1578 4954 1746 5024 αὐτὴν
1779 4955 1807 5006 6
1844 4953 1946 5020 φά-

367 5071 510 5106 σκων
546 5051 674 5122 περὶ
701 5050 892 5120 αὐτῆς,
913 5049 1090 5102 Τοῦτο
1115 5042 1233 5100 νῦν
1263 5045 1490 5100 ὀστοῦν
1509 5047 1578 5100 ἐκ
1604 5045 1722 5099 τῶν
1749 5042 1946 5098 ὀστῶν

359 5163 510 5214 μου,
547 5143 644 5197 καὶ
686 5142 845 5210 σὰρξ
872 5142 942 5194 ἐκ
981 5139 1090 5208 τῆς
1131 5143 1360 5208 σαρκός
1388 5156 1544 5210 μου;
1583 5137 1722 5191 Ἀλλ’
1755 5138 1946 5207 ἐγίνω-

368 5255 496 5290 σκεν
529 5235 721 5306 αὐτὴν,
769 5235 886 5287 ἐκεῖ
924 5233 1021 5304 μὲν
1057 5236 1124 5304 τῇ
1169 5233 1290 5302 ὄψει
1322 5234 1481 5307 μόνῃ,
1528 5230 1759 5285 ἐνταῦθα
1785 5231 1842 5284 δὲ
1877 5233 1944 5302 τῇ

363 5330 484 5397 ὄψει
536 5327 632 5379 καὶ
676 5325 929 5396 ἐνεργείᾳ
973 5329 1282 5396 σωματικῇ.
1323 5325 1433 5378 Καὶ
1494 5323 1747 5396 Ἀϐραὰμ
1807 5324 1949 5391 ἔγνω

365 5421 582 5490 Σαρραν
607 5419 706 5488 τὴν
733 5418 966 5485 γυναῖκα
987 5415 1176 5480 αὐτοῦ,
1198 5416 1298 5470 οὐκ
1322 5414 1694 5486 ἀγνοουμένην
1724 5414 1831 5485 πρὸ
1849 5414 1948 5484 τῆς

369 5511 589 5582 μίξεως.
623 5511 732 5563 Καὶ
761 5510 890 5580 περὶ
923 5508 1016 5562 τοῦ
1046 5507 1212 5562 Δαόὶδ
1242 5508 1408 5578 φησὶν
1452 5509 1486 5578 ἡ
1517 5506 1948 5566 τῶνΒασιλειῶν

366 5603 563 5666 πυκτίς
583 5619 596 5632 ·
639 5601 924 5671 Ὲτήρασε
951 5600 1146 5665 Δαϐὶδ,
1178 5601 1276 5653 καὶ
1307 5601 1573 5654 ἔσκεπον
1599 5599 1786 5654 αὐτὸν
1811 5602 1942 5670 ίμα-

365 5697 536 5761 τίοις,
563 5693 663 5747 καὶ
692 5694 802 5747 οὐκ
832 5693 1229 5763 ὲθερμαίνετο,
1256 5692 1354 5745 καί
1381 5689 1626 5759 ἐζήτουν
1645 5691 1946 5761 παρθένον

438 5889 490 5926 ’³
517 5890 682 5947 Marc.
727 5905 846 5955 xm,
880 5889 970 5946 52.
1047 5889 1094 5922 ⁷⁸
1129 5887 1316 5944 Matth.
1353 5903 1431 5956 xt,
1464 5887 1555 5944 9.7.
1632 5889 1676 5922 "
1706 5887 1850 5944 Psal.
1899 5902 1936 5940 ιη

2036 5903 2070 5954 ι,
2115 5888 2201 5944 19.
2280 5891 2328 5922 ⁷⁸
2359 5890 2492 5948 ibid.
2569 5895 2614 5928 ⁷⁷
2647 5893 2781 5948 Gen.
2821 5909 2895 5959 tv,
2935 5893 2983 5948 Ι.

2115 4312 2222 4368 Sed
2246 4313 2390 4368 enim
2421 4312 2486 4365 ad
2514 4314 2855 4382 propositum
2899 4330 3206 4369 sermonem
3244 4330 3621 4383 recurramus,

2043 4406 2254 4459 acriore
2281 4406 2486 4458 mentis
2520 4416 2739 4472 aspectu
2777 4413 2990 4461 utentes
3022 4405 3088 4459 ad
3115 4409 3617 4466 considerationem

2042 4496 2277 4564 duplicis
2325 4496 2656 4566 cognitionis
2702 4507 2755 4551 et
2789 4498 3014 4552 notitim.
3058 4497 3238 4569 lnquit
3264 4502 3428 4571 igitur
3476 4501 3626 4558 Scri-

2042 4601 2200 4661 ptura
2219 4605 2375 4645 sacra
2405 4589 2472 4644 de
2493 4589 2702 4643 Adamo
2734 4599 2787 4644 et
2825 4589 2955 4654 Eva,
2982 4593 3125 4661 quod
3152 4602 3440 4664 postquam
3464 4597 3621 4664 ejecd

2048 4691 2234 4738 essent
2276 4699 2307 4738 e
2338 4682 2618 4752 paradiso,
2654 4683 2943 4752 degustato
2975 4684 3152 4740 fructu
3190 4688 3500 4752 interdicto,
3533 4705 3626 4741 co-

2040 4773 2292 4844 gnoverit
2340 4773 2586 4828 Adanttts
2631 4774 2796 4828 Evam
2848 4789 3071 4829 uxorem
3119 4791 3298 4841 suam,
3335 4792 3477 4846 quat.
3512 4777 3625 4831 fetu

2039 4875 2327 4936 concepto,
2377 4867 2644 4935 pepererit
2680 4868 2745 4920 ⁷⁷.
2808 4865 2949 4932 Quid
3004 4869 3170 4937 igitur
3212 4870 3502 4924 dicemus?
3555 4888 3622 4926 ιι

2041 4955 2186 5024 quod
2229 4956 2282 5008 in
2325 4955 2580 5023 paradiso
2612 4970 2721 5008 non
2751 4956 3067 5022 cognoverit
3094 4970 3237 5017 eam,
3270 4960 3363 5027 qui
3406 4957 3475 5012 de
3506 4958 3624 5027 ipsa

2043 5046 2436 5102 dicebat:Iloc
2481 5064 2616 5100 nunc
2658 5063 2715 5100 os
2752 5061 2817 5098 ea:
2864 5047 3070 5100 ossibus
3115 5050 3277 5112 meis,
3325 5057 3376 5102 et
3417 5065 3542 5103 caro
3561 5050 3627 5103 de

2046 5156 2204 5194 carne
2237 5155 2352 5193 mea
2393 5140 2472 5193 7'?
2523 5137 2762 5193 Omnino
2793 5141 3050 5211 cognovit
3077 5155 3218 5206 eam,
3261 5141 3372 5195 illic
3404 5142 3623 5211 quidem

2046 5233 2163 5287 solo
2196 5240 2443 5302 aspectu,
2491 5233 2580 5286 hic
2615 5241 2795 5287 autem
2839 5246 2893 5288 et
2935 5243 3159 5303 aspectu
3191 5245 3244 5289 et
3274 5243 3396 5290 actu
3430 5251 3626 5306 carpo-

2045 5325 2167 5376 rali.
2201 5322 2291 5377 Sic
2321 5323 2483 5378 etiam
2520 5323 2866 5379 Abrahamus
2887 5326 3144 5395 cognovit
3178 5325 3364 5381 Saram
3396 5344 3622 5382 uxorem

2047 5429 2227 5474 suam.
2257 5429 2366 5468 non
2401 5415 2733 5487 incognitam
2768 5423 2894 5471 ante
2926 5417 3385 5472 commistionem.
3414 5417 3490 5473 De
3521 5416 3626 5470 Da-

2045 5505 2169 5560 vide
2198 5507 2561 5577 perscriptum
2591 5517 2675 5563 est
2709 5510 2762 5563 in
2794 5509 2936 5563 libro
2966 5509 3035 5563 de
3069 5508 3306 5579 Regnis:
3339 5509 3628 5566 Consenuit

2050 5596 2302 5661 Davides,
2322 5612 2374 5652 et
2392 5609 2707 5666 operuerunt
2731 5617 2848 5654 eum
2867 5600 3117 5666 vestibus,
3150 5618 3243 5655 nec
3273 5611 3470 5660 tamen.
3486 5603 3630 5659 cale-

2053 5688 2232 5759 ﬁebat.
2281 5687 2457 5760 Igitur
2510 5691 2814 5761 quwrebant
2870 5694 3142 5764 virginem,
3194 5710 3310 5762 quo:
3347 5710 3466 5748 cum
3500 5697 3629 5770 ipso

3060 5894 3105 5926 τ’
3151 5891 3288 5949 Gen.
3331 5908 3391 5961 ιι,
3431 5892 3523 5952 25.
