4108 6376
455 402 559 457 8ῗ9

457 526 733 585 dormiret,
761 531 809 576 et
838 520 1030 590 foveret
1057 534 1194 572 eum.
1232 516 1298 571 Et
1329 519 1534 571 iuventa
1560 526 1638 570 est
1666 516 1833 570 Abisa
1862 514 2039 570 Sima-

458 621 642 681 mitis,
715 631 874 685 quam
936 628 1040 666 non
1101 610 1340 680 cognovit
1405 608 1634 663 Davides
1690 606 2037 662 dormientem

458 725 635 765 secum
658 709 724 761 ".
767 706 906 761 Num
955 705 1122 774 igitur
1158 709 1382 774 propter
1428 700 1533 755 hoc
1580 698 1853 762 dicemus,
1891 698 2038 768 quod

458 817 637 870 neque
665 804 887 867 aspectu
919 809 1098 864 neque
1123 792 1513 847 attrectatione
1537 789 1857 861 cognoverit
1877 788 2038 843 eam?

457 897 808 962 Smpeautem
846 904 945 944 nos
977 903 1196 958 quoque
1234 886 1473 941 dicimus
1509 884 1577 938 ad
1602 900 1732 946 eos,
1760 884 1851 953 qui
1879 882 2039 937 nobis

457 992 681 1055 propter
712 981 969 1035 mulieres
998 979 1202 1032 crimen
1232 979 1523 1037 intentant,
1552 974 1883 1029 devoventes
1904 987 2039 1027 nos-

457 1083 590 1136 met,
628 1088 692 1127 ac
719 1069 1084 1141 jurejurando
1129 1075 1454 1138 purgantes,
1501 1078 1611 1118 non
1648 1063 1867 1119 acvisse
1909 1076 2034 1123 nos.

457 1164 602 1218 sitne
647 1162 843 1215 mulier
896 1160 1009 1223 illa,
1057 1158 1140 1213 vel
1182 1158 1284 1211 vir.
1333 1156 1393 1210 1d
1438 1154 1584 1225 quod
1618 1161 1776 1209 actus
1819 1150 2036 1222 quidem

456 1258 670 1310 ratione
708 1255 891 1308 dicere
922 1266 1051 1306 vere
1080 1264 1243 1320 posse
1277 1248 1548 1311 videmur,
1583 1261 1653 1301 ex
1688 1258 1822 1299 voce
1852 1250 2063 1307 tamen,

452 1358 511 1403 et
544 1353 773 1416 aspectu
825 1343 972 1397 haud
1001 1342 1297 1396 obscuram
1333 1337 1599 1392 habemus
1632 1334 1802 1389 maris
1832 1332 1916 1389 vel
1954 1331 2036 1387 fe-

456 1441 619 1494 mina:
650 1436 1040 1508 cognitionem.
1067 1431 1185 1488 Non
1223 1433 1438 1502 ignorat
1475 1431 1643 1500 igitur
1679 1428 1851 1483 Filius
1888 1427 2033 1482 diem

450 1543 509 1588 et
538 1532 728 1585 horam
765 1528 936 1591 illam,
965 1540 1090 1580 cum
1125 1524 1307 1578 omnia
1339 1522 1461 1592 ejus
1492 1521 1645 1591 signa
1682 1518 2037 1590 prodigiaque

454 1622 720 1678 terribilia
745 1619 1029 1690 praedicat,
1060 1624 1115 1672 et
1137 1616 1297 1687 quasi
1322 1622 1647 1685 praesentem
1674 1613 1793 1669 suis
1818 1612 2035 1666 indiciis

455 1717 765 1772 describat:
818 1728 1013 1769 verum
1065 1712 1242 1766 noluit
1298 1710 1506 1765 clarius
1575 1709 1910 1779 respondere
1965 1707 2034 1761 ad

454 1823 648 1864 vanam
686 1808 834 1862 illam
868 1805 1251 1876 quaestionem,
1291 1803 1540 1867 adeoque
1577 1800 1874 1871 prudenter
1915 1814 2036 1854 om.

454 1902 619 1957 nibus
644 1909 703 1954 ut
727 1900 909 1967 ignota
935 1905 1104 1959 esset,
1133 1895 1407 1961 instituit;
1434 1909 1544 1965 quo
1564 1893 1826 1947 nimirum
1847 1908 2039 1963 quam-

453 1993 584 2048 libet
617 1991 762 2046 diem
797 1998 852 2044 et
873 1989 1065 2043 horam
1103 1988 1251 2041 illam
1279 2001 1402 2042 esse
1435 1985 1789 2048 arbitrantes,
1821 1985 1887 2039 ad
1913 1999 2033 2039 eam

454 2097 845 2154 praeparemur,
877 2089 932 2136 et
961 2079 1146 2135 sobrie
1176 2086 1564 2148 exspectemus
1597 2077 1769 2148 ipsam
1801 2075 2032 2131 venien-

453 2188 584 2236 tem.
629 2175 698 2230 ad
751 2173 1256 2243 compensationem
1317 2179 1485 2241 atque
1534 2171 2031 2226 remunerationem

453 2268 813 2323 certaminuui
880 2265 1047 2333 hujus
1109 2264 1251 2317 vitae.
1302 2262 1465 2318 Absit
1516 2263 1683 2333 igitur
1732 2262 1921 2333 procul
1968 2276 2032 2316 ea

448 2360 743 2421 dementia,
787 2373 909 2427 quae
950 2356 1348 2425 ignorationem
1399 2356 1564 2411 unius
1605 2354 1714 2410 diei
1775 2361 1831 2409 et
1882 2354 2032 2408 horae

446 2452 685 2522 quodam
735 2466 860 2505 cum
907 2450 1101 2504 delirio
1132 2450 1324 2503 tribuit
1366 2449 1640 2504 conditori
1679 2432 2032 2508 saeculorum,

449 2544 505 2597 in
566 2559 668 2614 quo
712 2550 836 2595 sunt
880 2557 1058 2595 omnes
1104 2541 1341 2596 thesauri
1390 2542 1666 2611 sapientiw
1717 2541 1785 2606 ⁸⁸,

887 2672 1090 2728 INTER
1102 2673 1406 2729 ROGATIO
1445 2674 1590 2730 XXI.

515 2787 657 2855 Quid
687 2788 886 2859 igitur?
914 2802 1047 2843 num
1083 2788 1241 2843 aliter
1266 2787 1417 2843 illam
1452 2788 1739 2860 cognoscit
1768 2785 1951 2853 Pater,
1974 2794 2030 2842 et

446 2882 607 2938 aliter
629 2880 844 2936 Filius?

1085 2993 1391 3063 Responsio.

514 3109 633 3166 Non
669 3111 830 3164 aliam
876 3110 1097 3180 quidem
1139 3110 1377 3166 dicimus
1408 3108 1776 3179 cognitionem
1820 3107 2029 3172 Patris,

458 3204 622 3257 aliam
655 3218 784 3257 vero
812 3200 934 3255 Filii
967 3213 1019 3256 et
1047 3200 1311 3270 Spiritus,
1345 3200 1442 3257 scd
1469 3199 1620 3254 aliud
1652 3200 1871 3270 quidem
1900 3211 2026 3255 actu

440 3295 802 3367 praeteritum,
833 3294 980 3348 aliud
1006 3309 1135 3349 vero
1167 3295 1223 3347 in
1250 3294 1497 3347 futurum
1520 3303 1884 3348 reservatum.
1919 3294 2028 3348 Co-

440 3387 654 3455 gnoscit
683 3387 829 3440 enim
869 3385 1034 3442 Pater
1059 3387 1207 3441 illam
1241 3386 1431 3440 horam
1462 3385 1669 3456 duplici
1704 3386 2027 3457 cognitione

438 3491 494 3532 et
520 3486 681 3544 actu;
715 3479 825 3531 alia
854 3478 1076 3548 quidem
1108 3477 1256 3548 quod
1289 3485 1549 3547 tanquam
1585 3476 1770 3547 opifex
1798 3477 2024 3541 crearit,

441 3571 546 3622 alia
590 3584 716 3623 vero
761 3569 909 3639 quod
942 3569 1252 3624 decreverit
1292 3584 1389 3642 per
1441 3569 1781 3639 unigenitum
1820 3564 2024 3623 Filium

428 3662 691 3731 judicare
726 3678 939 3718 omnes.
974 3661 1277 3734 Cognoscit
1308 3673 1493 3718 autem
1543 3663 1720 3732 ipsam
1752 3670 1809 3718 et
1847 3661 2025 3717 Filius

428 3759 724 3827 aequaliter
768 3772 895 3812 cum
947 3756 1244 3824 Genitore,
1297 3757 1600 3813 secundum
1645 3756 1936 3814 scientiam
1969 3767 2023 3813 et

430 3859 622 3903 actum
655 3849 977 3915 creationis,
1013 3863 1122 3903 non
1147 3857 1329 3904 tamen
1352 3849 1570 3918 judicii.
1597 3847 1850 3905 Nondum
1874 3850 2021 3904 enim

429 3940 701 4010 judicium
752 3942 1022 4005 exercuit,
1065 3943 1295 3997 secretis
1336 3942 1404 3997 iis
1450 3941 1544 4012 qui
1572 3942 1657 3997 vel
1691 3942 2025 3997 incxstincto

434 4033 571 4101 igni,
612 4034 700 4089 vel
733 4033 1001 4104 voluptati
1044 4046 1263 4089 αξιοι-ηαξ
1300 4035 1560 4089 destinati
1587 4036 1755 4089 sunt:
1790 4034 1842 4088 id
1874 4034 2019 4104 quod

436 4138 545 4176 ron
576 4123 917 4193 ignorantia,
944 4121 1038 4177 sed
1066 4123 1502 4193 longanimitatis
1525 4133 1632 4187 est,
1659 4124 2023 4178 correctionis

436 4224 653 4283 tempus
687 4215 978 4284 ﬂagitiosis
1013 4214 1327 4283 praebentis.
1366 4214 1487 4280 Quo
1520 4213 1740 4283 quidem
1778 4225 2022 4283 tempore

433 4309 704 4371 quotquot
732 4316 763 4355 a
789 4300 1133 4370 turpitudine
1170 4316 1281 4354 non
1314 4307 1620 4370 purgantur
1653 4307 1711 4355 et
1732 4300 2018 4370 evigilant,

435 4411 626 4450 eorum
675 4395 952 4449 miseriam
992 4393 1292 4449 decantans
1340 4402 1393 4447 et
1440 4394 1740 4464 deplorans
1785 4392 2021 4448 Davides

435 4488 646 4558 inquit:
677 4485 926 4542 Humum
940 4488 1131 4555 accipit
1159 4495 1425 4554 peccator,
1450 4498 1495 4539 et
1526 4503 1747 4540 usuram
1773 4504 1877 4541 non
1904 4502 2023 4554 per-

433 4580 681 4635 solvet“.
712 4578 954 4648 Tempus
993 4579 1079 4631 hic
1109 4577 1323 4632 scilicet
1353 4578 1553 4632 divina:
1588 4579 2019 4649 longanimitatis

432 4674 769 4745 signiﬁcans,
806 4686 871 4726 ac
904 4670 1296 4741 persolutionis
1325 4683 1459 4724 voce
1491 4670 1809 4741 intelligens
1841 4672 2015 4741 poeni-

431 4766 683 4820 tcntiam.
734 4762 1048 4832 lterumque
1095 4761 1407 4815 divinorum
1459 4761 1767 4815 carminum
1825 4768 2018 4816 auctor

431 4858 716 4927 subiungit
737 4876 749 4910 :
767 4855 957 4910 Justus
985 4865 1163 4909 autem
1187 4856 1484 4919 miseretur,
1512 4864 1562 4909 et
1595 4856 1688 4909 dat
1706 4856 1774 4911 ⁸⁸.
1802 4856 2015 4923 Quibus

432 4953 487 5005 in
523 4950 703 5006 verbis
732 4947 876 5004 Deus
920 4956 1004 5003 est
1047 4948 1141 5017 qui
1175 4952 1305 5013 dat;
1352 4959 1572 5019 tempus
1618 4956 1801 5002 autem
1834 4950 2015 5018 poeni-

433 5044 613 5095 tentiae
644 5047 731 5095 est
752 5038 807 5093 id
838 5038 984 5108 quod
1015 5037 1202 5093 datur.
1239 5037 1493 5091 Mutuum
1523 5038 1668 5092 cnim
1698 5039 1838 5093 dans
1866 5038 2013 5094 Deus

432 5134 768 5197 hominibus,
796 5133 881 5186 vel
914 5147 1058 5197 raro,
1091 5131 1176 5184 vel
1217 5130 1327 5194 vix,
1361 5131 1441 5183 vel
1472 5145 1756 5199 nunquam
1788 5131 2009 5201 recipit,

430 5242 605 5296 usque
631 5224 701 5279 ad
727 5224 887 5278 ﬁnem
907 5222 1170 5278 debitoris
1192 5231 1519 5292 exspectans
1549 5222 2013 5292 persolutionem.

427 5318 678 5375 Mutuum
707 5326 887 5371 autem
915 5316 1209 5385 accipiens,
1231 5326 1451 5384 propter
1474 5314 1757 5384 proximos
1786 5315 2006 5370 miscri-

428 5413 675 5467 cordiam
732 5425 928 5466 rursus
984 5409 1353 5478 multiplicans
1408 5408 1683 5473 retribuit,
1717 5423 1841 5463 cum
1901 5409 2012 5462 cito

1547 345 1604 449 S.
1648 392 1757 449 (ΖΕ
1772 391 1947 449 SAR"
1988 389 2315 450 GREGORII
2345 390 2645 447 FRATRIS

3621 390 3732 446 880

2148 514 2582 585 συγκαθεύδειν
2605 509 2766 578 αὺτῷ
2791 513 2889 566 καὶ
2918 511 3330 568 συνθάλπειν.
3359 511 3469 567 Καὶ
3489 512 3730 581 εὑρέθη,

2147 608 2332 678 φησὶν,
2368 606 2618 663 Ἀϐία-σὰ
2652 606 2691 673 ἡ
2727 604 3073 674 Σωναμῖτις,
3096 606 3196 661 καὶ
3223 608 3334 661 οὐκ
3361 605 3515 677 ἔγνω
3533 603 3735 672 αὐτὴν

2145 696 2343 760 Δαόὶδ,
2361 695 2901 766 συγκαθεύδουσαν
2921 695 3102 763 αὐτῷ.
3116 692 3241 769 Ἆρ’
3262 692 3357 751 οὖν
3381 695 3533 767 παρά
3553 694 3735 767 τούτῳ

2144 788 2380 860 ἐροῦμεν
2423 788 2560 860 μηδέ
2617 791 2683 860 τῇ
2729 787 2854 858 ὄψει
2895 790 2990 842 καὶ
3036 789 3149 860 ἀφῇ
3178 787 3467 858 γινώσκειν
3518 789 3734 860 αὐτήνς

2144 881 2415 944 Πολλάκις
2452 881 2531 947 δὲ,
2567 883 2663 935 καὶ
2703 883 2867 952 ἡμεῖς
2902 880 3084 952 φαμὲν
3123 881 3260 952 πρὸς
3291 881 3419 944 τοὺς
3467 881 3595 950 περὶ
3629 898 3734 949 γυ-

2147 972 2351 1026 ναικῶν
2374 972 2765 1041 ἐγκαλοῦντας,
2783 970 3130 1045 ὲπαρώμενοι
3158 973 3363 1038 αὐτοῖς,
3387 974 3483 1026 καὶ
3507 972 3736 1044 ἐξομνύ-

2148 1080 2299 1134 μενοι
2359 1064 2435 1135 μὴ
2507 1065 2809 1133 ἐγνωκέναι
2872 1065 3043 1136 αὐτὴν
3090 1067 3324 1133 γυναῖκα
3370 1065 3634 1136 ὑπάρχειν
3696 1064 3733 1135 ἦ

2144 1154 2334 1226 ἄνδρα.
2366 1155 2546 1225 "Amp
2575 1155 2667 1208 ἐπὶ
2706 1155 2806 1226 μὲν
2841 1156 2941 1227 τῆς
2980 1158 3261 1228 ἐνεργείας
3302 1156 3584 1227 ἀληθεύειν
3621 1174 3734 1226 φα-

2143 1246 2360 1317 νῶμεν,
2384 1249 2450 1300 ἐκ
2498 1246 2556 1300 δὲ
2600 1246 2698 1318 τῆς
2735 1249 2923 1319 φωνῆς
2972 1251 3068 1303 καὶ
3100 1248 3276 1319 ὅψεως
3318 1249 3586 1321 πρόδηλον
3628 1250 3738 1321 τὴν

2142 1338 2347 1408 γνῶσιν
2367 1338 2461 1392 τοῦ
2478 1357 2539 1393 τε
2566 1339 2798 1412 ἄρρενος
2819 1341 2914 1394 καὶ
2941 1339 3129 1413 θήλεος
3155 1342 3385 1411 ἐχοντες.
3406 1342 3520 1394 Οὐκ
3543 1341 3738 1410 ἀγνοεῖ

2142 1431 2322 1486 τοίνυν
2369 1433 2398 1486 6
2450 1431 2579 1496 Υἱὸς
2617 1433 2717 1504 τὴν
2764 1433 2980 1505 ἡμέραν
3010 1434 3106 1487 καὶ
3144 1434 3244 1506 τὴν
3289 1432 3440 1505 ὥραν
3489 1433 3731 1504 ἐκείνην,

2144 1522 2322 1576 πάντα
2349 1522 2521 1593 αὐτῆς
2541 1522 2611 1577 τὰ
2642 1526 2843 1594 σημεῖα
2875 1526 2970 1578 καὶ
2996 1524 3245 1596 φόϐητρα
3267 1525 3602 1597 προφαίνων,
3634 1527 3735 1580 καὶ

2141 1611 2306 1664 οἱονεί¹
2337 1612 2619 1684 παροῦσαν
2656 1612 2827 1684 αὐτὴν
2860 1616 2971 1678 τοῖς
3002 1614 3348 1686 γνωρίσμασι
3373 1616 3730 1688 διαγράφων·

2141 1702 2257 1757 ἀλλ’
2285 1703 2388 1758 οὐκ
2415 1704 2668 1760 ἐδούλετο
2696 1705 3016 1778 σαφηνίζειν
3053 1708 3153 1779 τὴν
3182 1709 3395 1762 εἰκαίαν
3435 1708 3730 1780 ἐρώτησιν,

2143 1794 2453 1863 ἀγνοεῖσθαι
2511 1796 2557 1850 δ’
2603 1798 2772 1870 αὐτὴν
2815 1801 2983 1854 πᾶσιν
3029 1800 3256 1865 εἱκότως
3296 1801 3730 1872 προμηθεύεται,

2143 1885 2283 1940 ὥστε
2314 1890 2497 1942 πᾶσαν
2536 1890 2750 1962 ἡμέραν
2796 1893 2892 1945 καὶ
2925 1892 3106 1964 ὥραν,
3157 1892 3373 1965 ἐκείνην
3413 1893 3731 1964 οίομένους,

2142 1981 2663 2052 παρασκευάζεσθαι
2700 1984 2836 2055 πρὸς
2883 1983 3075 2056 αὐτὴν,
3108 1984 3203 2038 καὶ
3246 1985 3525 2057 νηφόντως
3560 2002 3735 2057 καρα-

2140 2072 2316 2126 δοκεῖν
2344 2072 2506 2126 αὐτὸν
2534 2074 2740 2145 ἥκοντα
2765 2077 2903 2148 πρὸς
2929 2077 3136 2131 ἔκτισιν
3158 2077 3268 2131 τῶν
3295 2077 3548 2131 ἐπάθλων
3572 2078 3734 2131 τοῦδε

2139 2162 2233 2217 τοῦ
2283 2164 2422 2235 βίου.
2451 2166 2669 2236 ’Δπαγε
2707 2169 2890 2222 τοίνυν
2938 2169 3039 2241 τῆς
3082 2170 3302 2235 ἀνοίας,
3335 2172 3559 2239 ἄγνοιαν
3598 2172 3734 2241 μιᾶς

2086 2252 2089 2253 ⁷
2141 2256 2354 2329 ἡμέρας
2384 2259 2479 2312 καὶ
2518 2258 2669 2330 ὥρας
2703 2261 3028 2334 καταληρῶν
3061 2262 3157 2316 τοῦ
3183 2263 3408 2335 ποιητοῦ
3444 2263 3551 2318 τῶν
3597 2263 3734 2316 αἰώ-

2141 2367 2268 2414 νων,
2300 2350 2370 2404 ἐν
2398 2349 2446 2415 ᾧ
2475 2350 2702 2419 πάντες
2732 2357 2787 2407 οἱ
2818 2356 3110 2424 θησαυροί
3150 2355 3262 2424 τῆς
3279 2358 3505 2426 σοφίας
3539 2354 3735 2423 ὑπείρ-

2140 2459 2344 2513 χουσι,
2378 2444 2561 2508 καθὼς
2590 2448 2754 2517 φησὶν
2790 2448 2820 2500 6
2851 2448 2992 2513 ἱερὸς
3034 2448 3379 2514 Ἀπόστολος.

1846 2534 2308 2610 quemadmodum
2372 2547 2600 2594 sanctus
2654 2539 2744 2594 ille
2804 2539 3098 2611 Apostolus
3148 2540 3408 2614 loquitur.

2728 2675 2979 2730 ΠΕΥΣΙΣ
3014 2674 3153 2730 KA'.

2210 2787 2276 2840 Τί
2308 2782 2437 2853 οὗνς
2473 2786 2649 2854 ἄλλως
2680 2790 2780 2860 μὲν
2806 2789 3070 2860 γινώσκει
3101 2793 3130 2845 6
3155 2792 3347 2866 Πατὴρ
3366 2795 3602 2865 ἐκείνην,
3631 2794 3731 2849 καὶ

2137 2879 2314 2944 ἄλλως
2343 2882 2373 2934 6
2402 2881 2531 2944 Υἱός
2548 2896 2565 2946 ;

2753 2993 3120 3061 Ἀπόκρισις.

2205 3107 2318 3178 Οὐχ
2343 3108 2539 3179 ἑτέραν
2569 3109 2773 3176 γνῶσιν
2803 3111 2984 3182 φαμέν
3015 3110 3112 3165 τοῦ
3142 3111 3376 3184 Πατρὸς,
3407 3110 3640 3183 θατέραν
3667 3110 3728 3165 δὲ

2131 3198 2227 3252 τοῦ
2282 3200 2480 3264 Παιδὸς
2524 3200 2749 3254 καὶτοῦ
2800 3202 3120 3273 Πνεύματος
3157 3205 3270 3274 (7),
3317 3202 3457 3258 ἀλλά
3508 3202 3572 3256 τὸ
3623 3202 3728 3273 μὲν

2132 3292 2402 3362 πραχθὲν,
2433 3293 2495 3346 τὸ
2515 3293 2572 3346 δέ
2598 3295 3017 3365 ταμιευόμενον.
3047 3295 3312 3349 Γινώσκει
3342 3295 3450 3367 γάρ
3479 3297 3510 3349 6
3534 3295 3725 3367 Πατὴρ

2131 3382 2348 3454 ἐκείνην
2366 3386 2432 3455 τῇ
2464 3383 2616 3456 διττῇ
2652 3384 2854 3454 γνώσει
2884 3387 2979 3441 καὶ
3001 3387 3221 3459 πράξει,
3245 3391 3311 3460 τῇ
3339 3389 3437 3459 μὲν
3463 3389 3726 3461 δημιουρ-

2129 3478 2328 3548 γήσας,
2360 3480 2427 3549 τῇ
2459 3477 2516 3530 δὲ
2550 3479 2744 3551 κρίνας
2777 3480 2867 3535 διὰ
2899 3480 2995 3534 τοῦ
3041 3481 3265 3554 γνησίου
3305 3483 3504 3548 Παιδὸς
3537 3487 3724 3555 κρῖναι

2131 3569 2360 3635 πάντας.
2399 3570 2663 3626 Γινώσκει
2690 3573 2736 3627 δ’
2764 3574 2935 3645 αὐτὴν
2961 3575 3056 3628 καὶ
3087 3577 3116 3629 6
3140 3575 3268 3640 Υἱὸς
3291 3571 3385 3629 ἶσα
3416 3577 3494 3648 τῷ
3524 3578 3723 3647 Γεννή⁴

2126 3676 2248 3730 τορι
2272 3659 2393 3713 κατ’
2417 3660 2623 3731 εἴδησιν
2653 3663 2748 3715 καὶ
2778 3663 2976 3734 πρᾶξιν
3001 3663 3421 3736 δημιουργικὴν,
3444 3668 3505 3718 οὐ
3536 3668 3723 3737 μέντοι

2128 3752 2413 3823 κριτικήν*
2437 3752 2594 3806 οῦπω
2618 3753 2727 3824 γὰρ
2751 3753 2986 3827 ἔκρινεν,
3013 3759 3141 3821 τοὺς
3166 3758 3263 3829 μὲν
3292 3758 3427 3830 πυρὶ
3445 3759 3718 3831 ἀσϐέστῳ,

2124 3843 2253 3906 τοὺς
2295 3842 2353 3897 δέ
2386 3848 2566 3916 τρυφῇ
2607 3845 2831 3918 ἀλήκτῳ
2865 3849 3191 3920 ἀποκρίνας.
3228 3851 3344 3904 υὺκ
3391 3852 3615 3919 ἀγνοίας
3659 3853 3721 3906 δὲ

2124 3935 2311 4002 τοῦτο,
2354 3935 2492 3990 ἀλλά
2546 3939 2949 4011 μακροθυμίας,
2986 3942 3181 4015 καιρὸν
3220 3942 3560 4015 διορθώσεως
3596 3948 3719 4009 τοῖς

2130 4030 2425 4102 μοχθηροῖς
2459 4030 2863 4104 παρεχομένης,
2890 4034 2948 4086 ἐν
3033 4035 3160 4099 τοὺς
3184 4035 3259 4106 μὴ
3289 4037 3720 4107 καθαιρομένους

2123 4123 2184 4176 τὸ
2214 4118 2403 4193 αἶσχος
2432 4123 2526 4177 καὶ
2556 4124 2896 4194 ἐκνήφοντας
2927 4126 3288 4198 ἐκτραγῳδῶν
3324 4127 3660 4193 καταυλίζων
3688 4132 3719 4183 6

2124 4214 2290 4269 Aa6i6
2334 4231 2534 4286 φησιν·
2580 4215 2911 4277 Δανείζεται
2952 4220 2985 4270 ό
3035 4219 3404 4288 ἁμαρτωλὸς,
3452 4222 3551 4274 καὶ
3601 4224 3715 4277 οὐκ

2123 4306 2432 4361 ἀποτίσει·
2457 4310 2616 4374 δάνος
2653 4310 2747 4364 τὸν
2776 4312 2969 4383 καιρὸν
2998 4314 3100 4384 τῆς
3142 4314 3293 4378 θείας
3333 4316 3717 4389 μακροθυμίας

2122 4394 2323 4466 δηλῶν,
2347 4396 2558 4452 ἔκτισιν
2590 4399 2648 4453 δὲ
2677 4401 2775 4471 τὴν
2808 4404 3174 4472 μετάγνωσιν.
3207 4406 3319 4458 Καὶ
3338 4401 3495 4471 αὖθις
3516 4410 3545 4461 6
3575 4408 3716 4473 θεῖος

2124 4491 2321 4561 ἐπάγει
2361 4493 2618 4564 μελῳδὸς,
2652 4494 2708 4547 Ὁ
2734 4494 2803 4548 δὲ
2833 4494 3067 4561 δίκαιος
3093 4497 3369 4565 obire/pet
3404 4499 3505 4552 καὶ
3538 4499 3713 4553 δίδω-

2123 4598 2246 4635 σιν.
2287 4583 2346 4635 'U
2370 4582 2545 4647 διδοὺς
2566 4624 2579 4648 ,
2606 4584 2740 4648 Θεὸς
2757 4624 2772 4649 ,
2794 4584 2854 4638 τὸ
2881 4584 3179 4656 διδόμενον,
3207 4587 3568 4659 μεταμελείας
3594 4606 3715 4642 xcu-

2127 4673 2252 4744 ρός·
2282 4672 2543 4738 δανείζων
2577 4674 2685 4746 γὰρ
2717 4675 2851 4740 Θεὸς
2896 4675 3128 4748 βροτοῖς,
3167 4679 3412 4743 σπανίως
3451 4680 3483 4752 ἢ
3532 4681 3710 4748 μόγις,

2125 4766 2158 4836 ἢ
2193 4765 2302 4818 οὐδ’
2346 4765 2483 4830 ὅλως
2535 4767 2936 4838 ἀπολαμϐάνει,
2984 4772 3147 4843 μέχρι
3181 4770 3368 4836 τέλους
3412 4772 3508 4825 τοῦ
3560 4773 3713 4841 ὀφεί-

2124 4857 2308 4921 λοντος
2356 4859 2641 4929 ἀναμένων
2690 4859 2791 4932 τὴν
2835 4860 3077 4916 ἔκτισιν⁹
3121 4862 3499 4934 δανειζόμενος
3540 4864 3598 4918 δέ
3624 4863 3715 4918 διὰ

2123 4951 2250 5013 τοὺς
2281 4949 2450 5013 πέλας
2502 4951 2593 5004 τὸν
2642 4951 2823 5017 ἔλεον,
2871 4949 3028 5017 αὖθις
3060 4955 3459 5009 πολλαπλάσιον
3506 4956 3711 5010 ἀντιδί-

2124 5041 2309 5107 δωσιν,
2343 5042 2511 5107 ὀξέως
2551 5045 2882 5116 εὐεργετεῖν,
2928 5045 3171 5117 βραδέως
3201 5048 3452 5113 κολάζειν
3482 5050 3707 5115 εἰωθώς.

2122 5134 2246 5187 Ἔτι
2272 5134 2384 5206 γὰρ
2414 5136 2510 5188 καὶ
2547 5136 2643 5190 νῦν
2686 5138 2904 5202 ἀσεϐεῖς
2938 5137 3312 5207 θεοστυγοῦσι,
3347 5143 3443 5195 καὶ
3488 5142 3709 5197 ἄπιστοι

2116 5230 2236 5290 ταῖς
2267 5227 2578 5299 θεουργίαις
2602 5230 2980 5295 ἐπισκάζουσι,
3007 5232 3116 5285 οὐδ’
3145 5233 3320 5304 ἑτέρῳ
3344 5237 3444 5306 τῆς
3468 5234 3709 5299 διανοίας

2117 5320 2218 5382 τὰς
2251 5319 2437 5389 βάσεις
2485 5320 2795 5393 ἐρίζοντες,
2836 5322 2932 5376 καὶ
2976 5325 3009 5395 ἡ
3059 5324 3242 5379 ἀδικία
3291 5329 3507 5398 κρατεῖ,
3547 5328 3642 5381 καὶ
3680 5331 3711 5381 6

2119 5411 2313 5483 κριτὴς
2359 5412 2733 5484 μακροθυμεῖ,
2780 5414 2885 5481 ἕως
2931 5415 3032 5488 τῆς
3080 5416 3340 5489 δευτέρας
3386 5418 3525 5489 πρὸς
3562 5419 3712 5490 ἡμᾶς

503 5595 547 5627 "
576 5595 641 5649 lll
674 5591 808 5666 Reg.
838 5611 878 5659 ι,
911 5596 962 5659 l,
993 5595 1050 5659 5,
1076 5595 1131 5651 4.
1207 5594 1254 5626 ⁸⁰
1285 5593 1498 5649 Coluss.
1536 5610 1599 5658 ιι,
1623 5594 1680 5648 5.
1764 5593 1807 5625 ⁸¹
1843 5591 1987 5647 Psal.
2025 5610 2026 5615 ‘

2125 5609 2215 5660 LVI,
2238 5593 2330 5648 21.
2411 5594 2458 5626 ⁸³
2489 5583 2621 5652 ibid.

497 5755 577 5829 (7)
609 5758 973 5829 Hijez'vjmroc.
1022 5755 1120 5829 Sic
1176 5757 1567 5826 rescripsimus
1626 5774 1727 5827 pro
1791 5758 2005 5829 Πατρός

429 5827 573 5897 quod
608 5826 872 5897 exhibent
908 5829 1060 5881 editi.
1096 5826 1275 5896 Atque
1327 5830 1401 5880 ita
1454 5826 1665 5897 legebat
1715 5826 2010 5897 interpres.

428 5893 563 5951 Nam
601 5896 954 5967 llv56;.tato;-
974 5893 1203 5968 [ια-δρὸς,
1246 5893 1563 5968 Πνεῦματῐ-
1585 5901 1757 5972 Πατρί
1798 5893 2014 5969 aliaque

2124 5756 2481 5823 hujusmodi.
2521 5760 2663 5816 haud
2716 5762 3095 5833 inl‘requenter
3121 5763 3332 5819 librarii
3370 5762 3715 5820 confundere

2122 5842 2549 5903 cpiisueverunt,
2585 5841 2644 5885 ut
2690 5850 2801 5903 prae
2846 5835 3059 5890 caneris
3102 5835 3359 5893 observat
3398 5836 3713 5893 Cotelerius

2121 5897 2360 5953 Monum.
2391 5899 2535 5957 Eccl.
2569 5904 2660 5959 Cr.
2691 5897 2826 5959 tom.
2858 5904 2919 5972 ll,
2940 5905 3138 5975 p.609.
