4108 6376
374 321 479 386 881

375 441 701 510 φοιτήσεως,
733 440 854 510 ἥτις
888 442 1125 513 ὑπάρχει
1156 444 1254 514 τῆς
1286 446 1503 515 ἡμέρας
1538 448 1631 499 καὶ
1677 448 1774 518 τῆς
1816 448 1965 519 ὥρας

374 534 590 603 ἐκείνης
620 533 652 602 ἡ
691 534 970 605 πρακτικὴ
1000 537 1097 605 τῆς
1128 536 1363 607 κρίσεως
1399 538 1597 604 γνῶσις
1632 539 1818 593 αὑτοῦ,

1796 333 2144 390 DIALOGUS
2189 334 2231 388 I.

3553 333 3660 389 882

2073 450 2293 519 quidem
2331 449 2671 510 benefacere,
2706 449 2861 503 tarde
2898 463 3025 502 vero
3058 464 3253 517 punire
3285 454 3634 504 consueverit

2072 543 2229 597 Nune
2261 543 2404 597 enim
2439 542 2619 595 adhuc
2654 541 2804 608 impii
2830 540 3066 593 oderunt
3096 539 3288 606 Deum,
3310 549 3365 593 et
3386 540 3659 599 increduli

374 627 427 677 in
454 626 653 678 divinis
676 626 936 694 operibus
960 630 1296 693 clandicant,
1320 648 1499 699 neque
1515 633 1622 686 ulla
1656 635 1758 687 alia
1779 652 1838 690 re
1867 637 2063 691 mentis
2083 654 2309 708 gressus
2330 638 2575 699 ﬁrmant;
2597 636 2844 705 adeoque
2870 635 3132 705 iniquitas
3157 647 3397 705 superat,
3420 644 3475 691 et
3492 637 3660 705 judes

373 716 700 787 Ionganimis
759 726 863 781 est,
910 736 1083 791 usque
1140 723 1207 776 ad
1244 725 1545 779 secundum
1584 728 1651 782 ad
1716 744 1818 783 nos
1853 731 2186 796 adventum,
2239 732 2333 802 qui
2382 738 2468 785 est
2516 728 2624 783 diei
2664 737 2720 782 et
2763 730 2911 782 horae
2955 730 3104 783 illius
3154 729 3412 783 nimirum
3465 730 3660 798 judicii

372 806 668 862 exercendi
712 812 977 880 cognitio.

954 929 1204 984 ΠΕΥΣΙΣ
1242 933 1373 987 ΚΒ’.

444 1037 554 1091 Καὶ
586 1038 704 1102 πῶς
733 1040 894 1105 αὑτὸς
918 1041 1101 1110 λέγει’
1152 1045 1308 1112 Πρὸς
1350 1046 1460 1100 τὸν
1509 1050 1657 1101 Θεόν
1696 1068 1818 1119 μου
1861 1051 1957 1105 καί

378 1130 526 1183 Θεὸν
552 1131 739 1199 ὑμῶν,
756 1135 857 1186 καὶ
882 1134 1115 1204 Πατέρα
1131 1154 1253 1206 μου
1279 1138 1380 1191 καὶ
1407 1140 1639 1208 Πατέρα
1667 1142 1866 1211 ὑμῶν;
1896 1145 1959 1197 ἐκ

376 1221 564 1275 τούτου
592 1223 809 1287 δεικνὺς
842 1225 917 1295 μὴ
951 1218 1068 1289 ἶσος
1094 1227 1359 1300 ὑπάρχειν
1385 1230 1481 1284 τοῦ
1506 1232 1739 1305 Πατρὸς,
1761 1234 1954 1304 λέγων,

376 1312 705 1381 Πορεύομαι
737 1313 889 1381 πρὸς
916 1314 1025 1369 τὸν
1051 1317 1197 1371 Θεόν
1219 1336 1374 1388 you;

993 1407 1359 1477 Ἀπόκρισις.

459 1495 619 1549 Ἀλλὰ
679 1498 754 1567 μὴ
803 1498 939 1569 πρὸς
987 1499 1068 1565 τὸ,
1112 1501 1291 1570 ἥττον’
1322 1504 1589 1575 ὑπάρχειν
1630 1506 1724 1559 τοῦ
1759 1508 1971 1579 Πατρὸς

376 1586 467 1640 τὸν
507 1585 715 1654 Παῖδα,
754 1591 1037 1663 καταπέσῃ
1073 1593 1228 1663 ὑμῶν
1275 1595 1308 1665 ή
1356 1596 1594 1661 διάνοια,
1630 1597 1708 1669 τῷ
1769 1602 1972 1672 ῥήματι

375 1680 475 1751 τῆς
502 1680 827 1754 θεανδρικῆς
868 1684 1034 1739 αὑτοῦ
1063 1688 1376 1759 οἰκονομίας
1404 1692 1846 1761 προσκόπτουσα.
1890 1696 1964 1748 Οὑ

376 1768 485 1843 γάρ
518 1774 622 1842 πρὸ
651 1774 858 1847 ταύτης
885 1781 1133 1847 φανεῖται
1165 1782 1342 1852 φήσας
1373 1783 1431 1835 ὲν
1450 1786 1517 1854 τῇ
1541 1785 1755 1857 Παλαιᾷ
1777 1788 1961 1859 Πυκτῇ

374 1863 454 1916 ἔτι
489 1865 783 1936 ἀσώματος
822 1870 1103 1942 ὑπάρχων,
1141 1876 1474 1941 Πορεύομαι
1498 1878 1648 1947 πρὸς
1685 1878 1792 1932 τόν
1818 1882 1965 1934 Θεόν

368 1974 492 2025 μου
512 1974 523 1987 ο
550 1959 645 2011 καὶ
680 1960 844 2031 σαρκὶ
869 1960 925 2013 δὲ
959 1962 1201 2028 ἑνωθεὶς,
1234 1965 1331 2036 οὑχ
1358 1960 1521 2038 ⁴ἦττον
1555 1968 1660 2021 ὑπὸ
1691 1969 1800 2023 τῶν
1833 1989 1965 2044 προ-

378 2049 565 2119 φητῶν
612 2049 982 2119 θεολογεῖταιο
1034 2055 1254 2109 Ἠσαίου
1297 2059 1395 2129 μὲν
1436 2059 1685 2128 βοῶντος·
1718 2063 1967 2117 Παιδίον

374 2140 669 2209 ἐγεννήθη
696 2142 841 2212 ἡμῖν
863 2144 959 2196 καί
982 2144 1178 2213 ἐδόθη,
1205 2143 1277 2202 οὗ
1304 2148 1342 2215 ἡ
1363 2148 1521 2218 ἀρχὴ
1547 2150 1645 2204 ἐπὶ
1674 2152 1783 2206 τοῦ
1804 2152 1964 2222 ὤμου

375 2233 601 2295 αὐτοῦ,
635 2233 731 2287 καὶ
779 2236 1047 2291 καλεῖται
1098 2237 1165 2290 τὸ
1208 2239 1395 2308 ὄνομα
1433 2242 1641 2308 αὐτοῦ,
1694 2243 1965 2313 μεγάλης

371 2319 615 2391 βουλῆς
664 2324 973 2394 Ἄγγελος,
1016 2329 1374 2398 Θαυμαστὸς
1413 2332 1783 2401 σύμϐουλος,
1822 2335 1965 2401 Θεὸς

376 2412 650 2482 ἰσχυρὸς,
692 2414 1151 2486 Ἐξουσιαστὴς,
1180 2421 1415 2489 ’Ἄρχων
1460 2422 1728 2491 εἰρήνης,
1762 2425 1963 2493 Πατὴρ

374 2505 483 2558 τοῦ
516 2508 853 2575 μέλλοντος
880 2510 1129 2576 αἰῶνος*
1166 2511 1258 2565 τοῦ
1292 2514 1348 2566 δὲ
1397 2515 1560 2568 Δαὸὶδ
1604 2516 1964 2586 μελῳδοῦντος

378 2593 479 2661 τὴν
524 2591 783 2664 δευτέραν
847 2596 1013 2649 αὑτοῦ
1065 2598 1388 2672 θεανδρικὴν
1447 2606 1825 2677 ὲπιφοίτησιν,
1872 2609 1964 2661 ἐπὶ

379 2685 558 2769 κρίσει
584 2687 677 2741 καὶ
702 2689 1029 2759 άνταμείψει
1055 2692 1263 2757 πάντας
1296 2696 1741 2769 συναγείρουσαν,
1766 2702 1799 2753 ὀ
1820 2701 1965 2767 Θεὸς

385 2767 549 2836 ἡμῶν
577 2771 854 2839 ἐμφανῶς
900 2774 1053 2843 ἣξει,
1093 2778 1121 2828 ὁ
1167 2777 1297 2841 Θεὸς
1329 2767 1635 2851 ἡμῶν,⁷καὶ
1678 2784 1739 2837 οὑ
1780 2802 1961 2857 παρα-

380 2863 740 2934 σιωπήσεται.
771 2868 897 2934 Πῦρ
929 2869 1208 2925 ἐναντίον
1240 2874 1427 2927 αὐτοῦ
1461 2879 1954 2945 προπορεύσεται,

378 2951 477 3003 καὶ
511 2954 719 3021 κύκλῳ
761 2957 951 3010 αὐτοῦ
990 2961 1261 3028 καταιγὶς
1291 2962 1549 3031 σφόδρα,
1589 2967 1714 3031 τοὺς
1750 2967 1958 3031 αἰτίους

378 3048 514 3116 πρὸς
575 3054 841 3121 τιμωρίαν
900 3056 1332 3123 συνελαύνουσα,
1385 3060 1479 3112 καὶ
1548 3060 1628 3130 τῷ
1698 3061 1957 3131 φρικώδει

378 3132 473 3184 κα)⁴
505 3134 715 3187 άκλινεῖ
739 3139 1063 3206 παριστῶσα
1096 3140 1300 3213 βήματι
1326 3146 1419 3198 τοῦ
1462 3147 1553 3200 ἐπὶ
1588 3149 1804 3204 πάντων
1831 3152 1966 3205 Θεοῦ

381 3222 476 3274 καὶ
503 3224 753 3295 Σωτῆρος
784 3227 941 3297 ήμῶν
980 3230 1156 3300 Ἰησοῦ
1187 3234 1445 3303 Χριστοῦ.
1473 3237 1715 3304 Εἰκότως
1744 3236 1839 3295 οὖν
1878 3243 1967 3296 διὰ

378 3313 478 3381 τὴν
502 3315 817 3387 σωματικὴν
834 3319 1147 3390 οἰκονομίαν
1169 3323 1324 3392 φησὶ,
1345 3328 1677 3397 Πορεύομαι
1696 3332 1846 3400 πρὸς
1861 3334 1969 3387 τὸν

382 3406 532 3458 Θεόν
555 3423 675 3474 μου
699 3424 712 3438 ·
741 3408 830 3464 διὰ
864 3410 921 3464 δὲ
954 3411 1054 3483 τὴν
1084 3414 1226 3467 κατὰ
1260 3415 1421 3484 φύσιν
1443 3419 1545 3488 τῆς
1587 3420 1738 3485 θείας
1766 3425 1829 3476 ὲκ
1869 3424 1962 3478 τοῦ

380 3494 590 3566 Πατρὸς
616 3501 948 3570 γεννήσεως,
977 3505 1329 3574 Πορεύομαι,
1357 3509 1512 3579 φησὶ,
1535 3512 1687 3579 πρὸς
1717 3512 1825 3566 τὸν
1847 3518 1966 3568 Πα-

380 3585 520 3654 τέρα
540 3606 681 3655 μου.
704 3591 839 3655 Θεὸς
870 3594 1050 3648 τοίνυν
1085 3596 1194 3649 τῶν
1231 3598 1490 3670 μαθητῶν
1530 3602 1624 3655 καὶ
1653 3605 1842 3677 Πατὴρ
1868 3606 1960 3660 τοῦ

379 3678 577 3744 Παιδὸς
606 3682 747 3736 κατά
790 3684 972 3753 φύσιν,
1015 3685 1148 3751 Θεὸς
1197 3689 1253 3742 δὲ
1290 3690 1383 3743 τοῦ
1406 3692 1533 3745 Υἱοῦ
1580 3695 1720 3750 κατὰ
1760 3698 1959 3768 σάρκα,

379 3771 473 3822 καὶ
494 3772 683 3846 Πατὴρ
717 3774 824 3828 τῶν
864 3777 1133 3848 φοιτητῶν
1160 3780 1299 3833 κατὰ
1332 3782 1512 3855 χάριν.

962 3982 1211 4036 ΠΕΥΣῙΣ
1250 3985 1376 4039 Kl".

450 4071 561 4124 Καὶ
588 4071 703 4135 πῶς
734 4073 977 4143 περὶτοῦ
1014 4076 1228 4145 Πατρὸς
1276 4077 1607 4147 γέγραπται,
1642 4082 1725 4135 Οὐ
1757 4082 1963 4137 πεινά-

378 4180 495 4227 σει,
524 4166 595 4217 οὐ
628 4163 896 4231 διψήσει,
932 4164 1074 4219 οὺδέ
1116 4167 1289 4220 ἐστιν
1330 4169 1639 4238 ἐξεύρεσις
1676 4172 1787 4241 τῆς
1818 4193 1962 4243 φρο-

377 4256 612 4321 νήσεως
640 4256 827 4309 αὐτοῦ
851 4273 862 4284 ·
903 4259 1030 4327 περὶ
1045 4258 1101 4311 δὲ
1131 4259 1225 4313 τοῦ
1254 4260 1405 4325 Υἱοῦ,
1440 4264 1521 4315 ὅτι
1544 4265 1798 4319 ἐπείνασε
1822 4269 1961 4338 μετὰ

377 4347 786 4418 τεσσαράκοντα
821 4349 1055 4419 ἡμέρας,
1084 4352 1407 4431 πειρασθεὶς
1439 4355 1499 4406 ὲν
1532 4360 1596 4427 τῇ
1620 4359 1833 4431 ἐρήμῳ,
1866 4362 1960 4414 καὶ

376 4440 607 4511 διψήσας
634 4440 816 4510 ἐζήτει
864 4443 1007 4494 πιεῖν
1054 4428 1207 4510 παρᾶ
1236 4444 1335 4515 τῆς
1370 4428 1764 4517 Σαμαρίτιδος;
1786 4428 1957 4506 ’πάλιν

380 4535 508 4603 περὶ
533 4533 624 4587 τοῦ
648 4533 887 4604 Πατρὸς,
917 4537 999 4589 Οὐ
1036 4536 1339 4601 κοπιάσει,
1364 4541 1437 4593 οὑ
1470 4543 1789 4607 νυστάσει,
1819 4547 1963 4600 οὐδὲ

376 4623 644 4676 ὑπνώσει
677 4626 711 4675 ὁ
742 4622 1085 4691 φυλάσσων
1116 4624 1223 4677 τὸν
1272 4626 1520 4695 Ἰσραήλ
1544 4646 1557 4659 ’
1605 4631 1867 4684 ἐκοπίασε
1908 4633 1964 4686 δὲ

390 4713 596 4784 Ἰησοῦς
622 4714 687 4765 ὲκ
707 4713 804 4783 τῆς
821 4711 1151 4783 ὁδοιπορίας,
1176 4713 1269 4767 καὶ
1293 4714 1562 4770 ὑπνώττει
1588 4720 1645 4771 ὲν
1670 4717 1746 4789 τῷ
1770 4719 1962 4789 πλοίῳ,

376 4805 520 4876 ἆπερ
547 4804 648 4858 οὑκ
684 4804 799 4857 ἔστι
827 4803 964 4857 Θεοῦ
988 4820 1004 4870 ;
1252 4814 1257 4821 ‘

989 4922 1349 4993 Ἀπόκρισις.

452 5018 670 5084 Ἀπαγε
713 5015 911 5069 σαυτὸν
938 5015 1039 5087 τῆς
1065 5019 1407 5092 νηπιότητος,
1442 5020 1717 5092 ἄνθρωπε.
1746 5024 1821 5076 Οὑ
1860 5027 1956 5095 μό-

372 5125 462 5161 νον
501 5107 611 5179 γὰρ
657 5108 911 5178 πεινῆσαι
945 5109 1266 5177 κατεδέξατο
1313 5112 1482 5167 ἐλθὼν
1528 5116 1555 5167 ὁ
1592 5115 1955 5180 ὲνυπόστατος

371 5201 469 5256 καὶ
497 5200 605 5266 ζῶν
638 5200 793 5269 ἆγιος
821 5201 1011 5269 Λόγος,
1043 5202 1179 5255 ἀλλὰ
1209 5205 1303 5258 καὶ
1333 5205 1570 5260 πέπονθε
1601 5208 1678 5278 τῷ
1711 5209 1770 5276 ἐξ
1798 5210 1954 5280 ἡμῶν

370 5292 786 5363 προσλήμματι,
819 5292 913 5345 καὶ¹
944 5290 1049 5344 ὑπὸ
1092 5292 1269 5364 ταφὴν
1308 5295 1500 5350 τούτου
1539 5298 1749 5366 γέγονε,
1799 5300 1954 5371 πρῶη

370 5400 462 5435 τον
495 5383 812 5454 μαστιχθεὶς
858 5383 951 5438 τὸν
994 5383 1198 5449 νῶτον,
1250 5387 1345 5439 καὶ
1385 5387 1604 5459 δέσμιος
1646 5394 1714 5462 τῇ
1764 5392 1954 5445 ὲνώσει

372 5475 750 5546 ἀναπεμφθεὶς
794 5475 1009 5549 Ἡρώδῃ
1031 5476 1137 5529 ὑπὸ
1165 5477 1419 5533 Πιλάτου.
1453 5476 1568 5534 Εἴθ’
1591 5481 1761 5546 οὑτως
1794 5484 1953 5555 ῥαπί-

373 5564 523 5627 ζεται
546 5568 801 5637 παρειαῖς
832 5566 928 5619 καὶ
968 5567 1290 5637 ὲμπτύεται.
1331 5570 1490 5626 Ἀλλὰ
1524 5575 1617 5627 καὶ
1661 5575 1948 5645 ἐδάκρυσε,

371 5652 463 5703 καὶ
513 5653 570 5705 ὲν
612 5653 823 5725 ἀγωνίᾳ
877 5654 1163 5726 γενόμενος
1216 5658 1409 5729 ἵδρωσε
1432 5678 1443 5690 ·
1493 5662 1590 5717 καὶ
1641 5664 1877 5734 ἐγένετο
1918 5671 1950 5721 ό

440 5813 484 5842 ⁸³
516 5810 673 5871 Joan.
710 5816 917 5881 xx,'17.
998 5818 1041 5849 ⁸³
1072 5816 1175 5875 Isa.
1223 5833 1295 5883 ix,
1333 5818 1383 5873 θ.
1464 5821 1510 5851 ⁸⁵
1540 5819 1682 5877 I‘sal.
1720 5837 1866 5890 XLIX,
1902 5823 1951 5877 5.

2496 926 3023 985 INTERROGATIO
3079 927 3243 982 XXII.

2135 1045 2419 1111 Quomodo
2459 1058 2587 1096 vero
2617 1042 2796 1111 inquit
2828 1045 2945 1111 ipse
2975 1060 2986 1094 :
3021 1041 3103 1093 Ad
3156 1041 3317 1094 Deum
3376 1058 3551 1096 meum
3609 1050 3659 1095 et

2062 1135 2232 1189 Deum
2258 1145 2505 1189 vestrum.
2525 1143 2574 1185 et
2594 1131 2807 1184 Patrem
2830 1147 3000 1183 meum
3025 1139 3072 1183 et
3102 1130 3313 1183 Patrem
3340 1140 3565 1184 restrum
3582 1132 3661 1182 δη

2058 1244 2169 1298 quo
2198 1224 2440 1279 ostendit
2467 1240 2526 1277 se
2557 1239 2664 1276 non
2704 1223 2970 1291 aqualem
3022 1238 3145 1277 esse
3190 1220 3359 1283 Patri,
3403 1238 3525 1275 cum
3571 1224 3657 1274 in-

2063 1318 2206 1387 quit,
2251 1314 2402 1367 Vado
2437 1313 2506 1365 ad
2536 1311 2701 1365 Deum
2728 1313 2942 1365 meum?

2707 1403 3016 1472 Responsio.

2136 1488 2494 1565 Nequaquam
2530 1493 2741 1547 recidat
2766 1507 2834 1547 eo
2869 1508 3023 1547 mens
3059 1503 3268 1556 nostra,
3305 1499 3364 1544 ut
3400 1498 3659 1559 putemus

2072 1588 2340 1642 minorem
2403 1603 2527 1642 esse
2578 1586 2741 1641 Patre
2795 1583 3015 1657 Filium,
3053 1583 3259 1639 oti‘ensa
3316 1584 3421 1638 hoc
3472 1585 3658 1649 verbo,

2070 1682 2215 1751 quod
2253 1681 2464 1735 ratione
2489 1678 2986 1734 administrationis
3021 1678 3160 1732 uniti
3193 1693 3317 1731 cum
3352 1678 3461 1731 Deo
3484 1677 3659 1730 homi-

2073 1774 2159 1826 nis
2184 1773 2406 1826 dicitur.
2439 1772 2556 1826 Non
2588 1772 2733 1826 enim
2766 1780 2893 1827 ante
2918 1772 3021 1825 hoc
3051 1780 3264 1837 tempus
3287 1784 3413 1823 eum
3441 1778 3661 1824 constat

2073 1864 2155 1918 sic
2199 1865 2440 1917 locutum
2473 1878 2596 1917 esse
2643 1861 2696 1914 in
2740 1861 3026 1930 Scriptura
3063 1858 3267 1923 Veteri,
3318 1872 3445 1911 cum
3478 1857 3659 1911 adhuc

2071 1965 2217 2011 esset
2268 1954 2662 2023 incorporeus:
2727 1951 2877 2006 Vada
2940 1952 3008 2005 ad
3058 1950 3226 2003 Deum
3282 1966 3475 2002 meum.
3542 1949 3659 2002 Imo

2072 2050 2235 2102 etiam
2271 2046 2426 2101 carni
2466 2046 2622 2100 unito
2663 2045 2924 2099 divinitas
2960 2042 3319 2097 nihilominus
3361 2056 3392 2094 a
3428 2040 3665 2095 vatibus—

2074 2141 2353 2201 tribuitur,
2388 2137 2529 2193 Isaia
2556 2136 2779 2206 quidem
2822 2137 3137 2189 clamante:
3185 2133 3324 2186 Puer
3369 2142 3529 2187 natus
3573 2143 3654 2186 est

2073 2231 2244 2297 nobis,
2275 2240 2325 2284 et
2366 2230 2525 2283 datus
2561 2239 2661 2291 est,
2694 2228 2848 2297 cujus
2883 2226 3162 2294 imperium
3192 2241 3345 2293 super
3380 2225 3653 2278 humerum

2071 2324 2221 2392 ejus;
2242 2333 2292 2377 et
2312 2322 2584 2377 vocabitur
2605 2338 2792 2375 nomen
2812 2320 2949 2390 ejus,
2978 2321 3374 2387 magniconsilii
3399 2319 3654 2382 Nuntius,

2070 2414 2427 2470 Admirabilis
2455 2414 2821 2478 consiliarius,
2881 2412 3022 2466 Deus
3064 2412 3244 2479 fortis,
3300 2411 3651 2475 Dominator,

2073 2505 2324 2574 Princeps
2354 2507 2522 2576 pacis,
2568 2506 2734 2560 Pater
2776 2505 2942 2574 futuri
2984 2504 3164 2558 crvi”.
3206 2502 3436 2559 Davides
3472 2515 3650 2558 autem

2071 2598 2374 2655 secundum
2411 2599 2548 2653 uniti
2570 2614 2695 2653 cum
2724 2597 2833 2652 Deo
2868 2598 3106 2653 hominis
3142 2596 3437 2651 adventum
3481 2600 3651 2658 canit,

2070 2707 2181 2761 quo
2207 2690 2274 2746 ad
2298 2690 2568 2760 judicium
2594 2698 2647 2745 et
2671 2689 3088 2745 retributionem
3112 2704 3304 2744 omnes
3328 2689 3623 2743 excitabun
3642 2719 3654 2730 ι

2071 2793 2193 2837 tur:
2220 2782 2362 2837 Deus
2392 2791 2569 2836 noster
2599 2782 2883 2851 manifesto
2911 2783 3074 2836 veniet
3092 2782 3161 2846 ⁸⁸ς
3198 2780 3366 2846 Deus,
3401 2782 3648 2851 inquam,

2072 2883 2281 2939 noster,
2335 2891 2437 2929 nec
2469 2875 2637 2929 tacite
2686 2875 2740 2928 id
2782 2874 2911 2929 ﬁet:
2954 2873 3097 2944 Ignis
3132 2873 3389 2943 prwcedet
3422 2886 3542 2928 ante
3569 2875 3652 2942 ip-

2070 2984 2210 3030 sum,
2242 2967 2373 3020 etin
2414 2967 2643 3020 circuitu
2674 2967 2838 3035 ipsius
2881 2967 3150 3020 vehemens
3192 2965 3427 3035 procella
3443 2964 3511 3029 ⁸⁸,
3546 2965 3650 3018 im-

2067 3060 2275 3129 pellens
2309 3059 2377 3113 ad
2407 3060 2734 3129 supplicium
2768 3075 2915 3123 reos,
2942 3075 3079 3129 quos
3111 3058 3344 3113 terribili
3377 3066 3431 3112 et
3463 3058 3648 3112 incor-

2064 3158 2229 3220 rupto
2256 3152 2412 3206 sistet
2437 3151 2697 3205 tribunali
2726 3150 2849 3219 ejus
2875 3152 2965 3221 qui
2990 3165 3157 3220 supra
3192 3149 3380 3203 omnia
3405 3150 3648 3209 exsistit,

2061 3236 2156 3292 Dei
2209 3240 2419 3295 scilicet
2467 3255 2531 3294 ac
2591 3238 2902 3295 Servatoris
2982 3239 3156 3294 nostri
3214 3237 3343 3294 Jcsu
3421 3239 3648 3295 Christi.

2062 3327 2259 3385 Merito
2289 3330 2457 3401 igitur
2490 3338 2717 3401 propter
2749 3330 3283 3384 administrationem
3321 3328 3377 3382 in
3418 3343 3653 3398 corpore

2065 3437 2240 3483 suam,
2289 3423 2487 3492 inquit,
2532 3423 2681 3476 Vada
2706 3422 2774 3475 ad
2818 3422 2982 3475 Deum
3032 3439 3223 3475 meum.
3269 3421 3496 3491 Pmptcr
3530 3437 3648 3473 eam

2065 3528 2195 3568 vero
2260 3528 2381 3581 quae
2435 3515 2738 3567 secundum
2802 3522 3052 3566 naturain
3112 3512 3310 3567 divina:
3367 3529 3432 3567 ex
3488 3513 3650 3567 Patre

2069 3603 2439 3670 generationis
2474 3612 2580 3667 est,
2623 3604 2791 3665 Vada,
2828 3604 3023 3672 inquit,
3076 3605 3145 3656 ad
3194 3604 3409 3657 Patrem
3453 3621 3647 3659 meum.

2070 3695 2213 3749 Deus
2262 3695 2429 3765 igitur
2479 3696 2568 3749 ille
2617 3696 3013 3763 discipulorum
3055 3706 3157 3759 est,
3215 3704 3268 3747 ct
3314 3694 3477 3749 Pater
3527 3696 3647 3750 Filii

2067 3786 2367 3839 secundum
2408 3795 2681 3849 naturam,
2710 3794 2762 3838 et
2812 3784 2955 3840 Deus
3005 3785 3145 3840 idem
3197 3785 3315 3839 Filii
3347 3786 3645 3840 secundum

2065 3878 2316 3945 gratiam.

2470 3988 2987 4046 INTERROGATIO
3035 3990 3225 4045 XXIII.

2131 4080 2197 4135 Et
2230 4082 2323 4152 qui
2360 4080 2446 4146 ﬁt,
2481 4090 2543 4136 ut
2570 4075 2636 4137 de
2663 4080 2824 4137 Patre
2846 4082 2917 4137 sit
2946 4082 3247 4153 scriptum:
3282 4081 3407 4137 Non
3426 4086 3642 4146 esuriat.

2060 4190 2163 4227 non
2190 4174 2351 4237 sitiet,
2368 4189 2528 4243 neque
2548 4182 2622 4227 est
2641 4172 3194 4242 inveniresapientiam
3224 4172 3483 4242 ejus";.de
3502 4172 3646 4229 Filio

2067 4272 2273 4328 autem,
2305 4265 2450 4335 quod
2498 4265 2758 4319 esurierit
2804 4272 2925 4334 post
2958 4265 3319 4335 quadraginta
3348 4266 3487 4330 dies,
3520 4274 3642 4320 ten-

2069 4362 2215 4410 tatus
2254 4354 2310 4409 in
2354 4354 2592 4419 deserto,
2639 4362 2693 4409 et
2735 4354 2882 4424 quod
2923 4355 3141 4417 sitierit,
3190 4355 3316 4410 dum
3355 4366 3562 4425 peteret
3614 4371 3644 4409 α

2068 4446 2411 4500 Samaritana
2436 4445 2665 4515 potum?
2700 4445 3007 4514 iterumque
3031 4445 3098 4499 de
3131 4444 3324 4500 Patre:
3366 4444 3491 4499 Non
3535 4447 3648 4500 las-

2060 4538 2291 4604 sabitur,
2316 4554 2419 4591 non
2442 4534 2770 4597 dormitabit,
2800 4551 2960 4604 neque
2983 4533 3207 4590 dormiet
3240 4546 3415 4589 custos
3462 4535 3645 4590 Israe-

2064 4626 2129 4679 tis
2147 4626 2226 4680 3‘:
2276 4634 2333 4680 at
2374 4624 2535 4683 Jesus
2579 4624 2911 4695 defatigatus
2956 4632 3040 4680 est
3082 4640 3147 4681 ex
3184 4626 3546 4697 profectione,
3589 4637 3646 4682 et

2065 4720 2327 4776 dormivit
2353 4722 2408 4775 in
2440 4719 2567 4775 navi
2594 4740 2606 4775 :
2641 4735 2764 4791 quae
2793 4719 2983 4789 utique
3007 4718 3121 4774 Deo
3142 4734 3253 4774 non
3284 4721 3643 4789 competunt?

2698 4924 3002 4993 Responsio.

2136 5019 2318 5090 Apage
2356 5020 2431 5073 sis
2456 5034 2578 5073 cum
2613 5018 2712 5070 hac
2745 5027 2836 5069 tua
2874 5016 3168 5080 dementia,
3200 5018 3273 5069 mi
3301 5017 3482 5070 homo.
3518 5015 3637 5070 Non

2062 5111 2208 5166 enim
2257 5112 2475 5166 esurire
2526 5109 2686 5163 modo
2730 5108 3027 5171 sustinuit,
3082 5123 3176 5177 per
3222 5124 3283 5163 se
3330 5109 3642 5163 subsistens

2060 5203 2196 5257 illud
2228 5203 2408 5256 vivum
2435 5210 2795 5269 sanctumque
2829 5198 3087 5263 Verbum,
3106 5199 3198 5254 sed
3229 5211 3281 5254 ct
3310 5215 3532 5269 passum
3556 5212 3643 5256 est

2062 5304 2347 5365 assumpta
2368 5305 2556 5350 nostra
2572 5304 2787 5359 natura,
2814 5293 2990 5361 inqua
3012 5304 3065 5349 et
3088 5293 3425 5363 sepulturam
3446 5294 3636 5350 subiit.

2062 5387 2305 5442 Primum
2347 5386 2574 5458 ﬂagellis
2618 5404 2759 5444 caeso
2800 5390 2965 5443 dorso
3008 5385 3367 5443 constrictum
3402 5385 3638 5440 vinculis

2062 5480 2132 5535 ad
2160 5480 2430 5536 Herodem
2460 5486 2690 5535 missum
2724 5490 2810 5534 est
2841 5496 2870 5533 a
2905 5480 3098 5533 Pilato.
3144 5477 3350 5533 Deinde
3390 5477 3640 5545 colaphis

2062 5574 2118 5627 in
2158 5574 2409 5628 maxillas
2448 5574 2695 5636 caeditur,
2739 5584 2794 5627 et
2834 5573 3182 5641 conspuitur.
3217 5568 3324 5624 Sed
3374 5577 3428 5625 et
3466 5568 3635 5631 ﬂevit,

2058 5675 2112 5721 et
2163 5666 2215 5719 in
2267 5680 2471 5736 angore
2522 5665 2877 5720 constitutum
2930 5662 3169 5729 sudavit,
3222 5662 3426 5732 fuitque
3476 5663 3638 5716 sudor

2034 5825 2075 5855 ’δθ
2110 5822 2238 5879 ibid.
2318 5824 2359 5856 ⁸⁷
2396 5822 2562 5880 Eccli.
2607 5840 2758 5893 xvm,
2804 5828 2853 5883 5.
2930 5828 2975 5858 ⁸⁸
3006 5824 3150 5894 Psal,
3183 5841 3309 5893 cxx,
3360 5826 3416 5885 ι.
