4108 6376
251 6237 277 6262 Α

474 386 582 443 883
1574 393 1630 450 S.
1659 392 1956 450 CESARH
1985 392 2317 451 GREGORII
2355 395 2657 452 FRATRIS
3639 394 3770 450 894'

475 503 584 569 tjus
622 511 870 574 tanquam
913 513 1077 575 gutta:
1111 507 1406 577 sanguinis.
1449 507 1519 562 Et
1557 510 1802 577 apparuit
1837 509 2050 580 angelus

479 592 560 660 qui
598 595 976 649 corroborabat
1002 614 1139 660 eum,
1178 599 1354 668 inquit
1386 599 1606 655 divinus
1652 601 1743 655 ille
1779 601 1954 656 Lucas
1979 605 2048 656 ⁸⁸.

475 681 615 744 Quin
667 684 829 738 etiam
871 687 1019 740 velut
1071 687 1331 757 ignorans
1371 687 1438 742 de
1479 687 1688 742 Lazaro
1741 691 2052 759 quaerebat,

2161 513 2336 582 ἱδρὼς
2373 514 2560 568 αὐτοῦ
2604 511 2748 566 ὡσεὶ
2791 512 3031 582 θρόμϐοι
3081 511 3368 581 αἵματος,
3423 508 3523 563 καὶ
3575 509 3748 580 ὤφθη

2160 607 2446 676 ἅγγελος,
2479 607 2783 675 ἐνισχύων
2812 605 3028 670 αὐτὸν,
3073 605 3238 676 φησὶν
3269 604 3299 656 6
3337 602 3478 666 θεῖος
3509 604 3746 665 Λουκᾶς.

2172 699 2310 750 Ἀλλ’
2336 698 2410 761 ὼς
2436 698 2646 766 ἀγνοῶν
2675 699 2802 768 περὶ
2826 697 3076 768 Λαζάρου
3102 697 3286 766 ῆρετο,
3302 694 3426 748 Ποῦ
3448 695 3750 748 τεθείκατε

480 771 522 823 (Γ
529 772 580 826 bi
599 777 850 842 posuistis
880 794 996 830 eum
1016 779 1100 832 ὀἳ
1125 779 1186 831 Et
1213 781 1279 834 de
1297 781 1524 836 muliere
1550 781 1816 852 proﬂuvio
1836 785 2052 854 sangui-

2158 793 2382 852 ai‘itdr;
2415 789 2518 843 Καὶ
2550 790 2678 860 περ)⁸
2702 789 2803 858 τῆς
2827 788 3092 860 αἱμόρῤου
3129 785 3409 854 γυναικὸς,
3435 785 3750 855 συλησάσης

472 866 882 932 nislaborante,
903 887 1024 940 qua:
1054 872 1192 924 clam
1224 888 1316 942 per
1336 881 1539 926 tactum
1562 875 1786 929 limbi-ite
1814 876 2056 931 abstule-

472 966 556 1011 rat
603 960 891 1014 sanitatem
944 981 956 1016 :
1009 963 1140 1029 Quis
1187 981 1267 1017 me
1315 966 1480 1036 tetigit
1515 967 1608 1019 “?
1647 967 1854 1036 inquit;
1886 979 1940 1022 et
1987 969 2052 1020 ad

467 1044 690 1103 Judteos
715 1051 806 1118 qui
835 1050 1012 1119 ipsum
1045 1053 1691 1122 comprclieiisurierant,
1715 1059 1881 1120 Quem
1911 1071 2055 1124 qua3~

470 1137 588 1190 ritis
604 1139 688 1192 9’?
712 1142 807 1193 ait.
839 1139 901 1192 Et
931 1141 997 1193 ad
1029 1141 1328 1210 discipulos
1357 1161 1368 1194 :
1407 1142 1574 1209 Quem
1621 1161 1701 1198 me
1743 1145 1924 1198 dicunt
1959 1144 2054 1198 ho-

469 1230 637 1283 mines
666 1247 778 1286 esse
798 1232 890 1284 ’3?
923 1233 1079 1297 Item,
1116 1232 1255 1297 Quot
1280 1251 1441 1303 panes
1472 1235 1674 1290 habetis
1694 1238 1775 1290 "'l
1803 1237 1937 1290 Cum
1965 1236 2052 1289 ni-

472 1321 548 1374 hil
591 1323 786 1377 horum
832 1324 1130 1394 ignoraret,
1182 1327 1326 1381 sicut
1355 1329 1533 1382 exitus
1575 1329 1692 1398 ipse
1725 1345 1906 1382 rerum
1959 1328 2055 1382 de-

472 1413 645 1466 clarat
673 1431 686 1467 :
729 1413 782 1466 in
822 1413 1028 1470 Lazaro
1060 1417 1318 1486 primum,
1350 1419 1493 1487 quod
1515 1418 1637 1487 ejus
1661 1426 1890 1474 mortem
1916 1433 2054 1488 prte-

472 1502 629 1566 dicit,
681 1504 748 1559 de
778 1520 888 1575 quo
926 1506 1170 1575 apertius
1222 1509 1387 1577 paulo
1437 1517 1560 1578 post
1593 1509 1885 1573 disseram,
1928 1523 2052 1563 cum

474 1591 540 1646 ad
565 1591 723 1648 ﬁnem
759 1595 1028 1650 orationis
1061 1611 1147 1651 me
1179 1604 1395 1668 tempus
1427 1599 1752 1668 compulerit
1782 1616 1795 1664 ;
1846 1600 1900 1651 in
1934 1613 2054 1651 mu-

473 1681 606 1737 liere
633 1685 916 1755 sanguinis
954 1685 1220 1756 proﬂuvio
1240 1689 1548 1752 laborante,
1607 1689 2055 1744 contreetationis

470 1771 588 1840 ipse
612 1787 828 1836 sensus,
887 1782 940 1829 et
996 1776 1278 1845 copiosum
1333 1778 1531 1832 divinae
1583 1779 1870 1848 potestatis
1905 1778 2054 1830 auxi-

470 1864 642 1931 lium;
700 1865 756 1918 in
787 1869 1364 1937 comprehensoribus,
1405 1871 1641 1940 impetus
1687 1879 1742 1924 et
1794 1884 2052 1925 accessus

469 1974 658 2025 causa,
689 1967 743 2014 et
774 1960 923 2016 horaa
953 1962 1102 2017 illius
1135 1965 1540 2034 propinquitas.
1560 1965 1688 2018 item
1716 1961 2050 2033 quodinter-

469 2052 770 2108 factoribus
830 2054 992 2119 dicit,
1048 2059 1161 2125 Ego
1215 2073 1331 2110 sum
1353 2057 1511 2108 ":in
1564 2072 1632 2110 eo
1659 2053 1804 2122 quod
1835 2052 2048 2123 quaerit,

466 2145 592 2212 quis
630 2143 947 2200 hominibus
985 2162 1108 2202 esse
1160 2147 1460 2210 videretur,
1513 2148 1616 2201 hoc
1652 2147 1852 2216 ipsum,
1905 2144 2052 2214 quod

465 2232 690 2290 Petrum
731 2237 803 2290 ob
845 2239 1257 2293 exactissimam
1301 2238 1783 2306 lirmissimamque
1839 2235 2054 2289 confes-

465 2327 676 2382 sionem
705 2327 924 2381 beatum
957 2329 1219 2398 praedicat
1241 2330 1326 2393 ;in
1363 2329 1622 2398 panibus,
1652 2326 1720 2382 de
1758 2325 1972 2396 exiguis
1999 2331 2054 2378 et

465 2418 663 2488 paucis
698 2418 891 2489 ingens
951 2421 1246 2476 multitudo
1288 2423 1668 2494 reliquiarum.
1717 2419 1855 2474 Cum
1902 2417 2052 2473 enim

468 2508 714 2578 quinque
745 2518 955 2562 tantum
995 2519 1205 2576 essent,
1260 2512 1558 2582 quinquies
1589 2510 1737 2564 mille
1769 2509 1835 2564 ad
1883 2507 2050 2563 satie-

472 2609 636 2656 tatem
666 2609 955 2671 paverunt,
1014 2618 1078 2658 ac
1124 2613 1385 2675 pratterea
1441 2603 1728 2658 duodecim
1783 2601 2052 2671 cophinos

473 2691 792 2762 fragmentis
853 2692 1221 2762 repleverunt,
1273 2703 1564 2764 postquam
1627 2693 1783 2747 turba
1834 2691 2053 2760 epulata

463 2792 604 2852 erat,
633 2792 888 2840 contactu
919 2793 974 2841 et
1009 2784 1276 2842 fractione
1309 2787 1460 2842 illius
1485 2787 1651 2850 aucti,
1685 2785 1781 2855 qui
1813 2785 1866 2838 in
1901 2783 2054 2852 prin-

465 2871 612 2941 cipio
644 2879 804 2926 terra:
827 2874 1204 2936 mandaverat,
1242 2883 1303 2928 ut
1339 2875 1586 2928 triticum
1615 2874 1962 2945 produceret,
1997 2880 2054 2926 et

465 2965 623 3032 aquis
651 2973 709 3018 ut
737 2966 1100 3034 producerent
1129 2982 1292 3023 omne
1318 2984 1490 3038 genus
1516 2968 1776 3031 natabile,
1800 2981 1862 3019 ac
1892 2963 2053 3034 quid-

465 3057 600 3126 quid
628 3073 691 3113 ex
726 3060 810 3112 eis
845 3060 1108 3114 nascitur.

885 3193 1404 3252 INTERROGATIO
1441 3195 1631 3250 XXIV.

538 3309 696 3374 Quod
741 3311 786 3364 si
833 3312 1111 3380 perfectus
1150 3312 1293 3368 Deus
1322 3322 1406 3369 est
1449 3313 1728 3375 Christus,
1773 3311 2048 3382 quomodo

467 3405 646 3473 inquit
682 3407 1038 3477 evangelista,
1075 3403 1218 3459 Puer
1255 3405 1413 3460 Iesus
1445 3406 1710 3459 crescebat
1757 3423 1819 3459 ac
1857 3405 2050 3472 spiritu

465 3498 907 3566 conﬁrmabatur,
953 3507 1002 3552 et
1050 3499 1360 3568 proﬁciebat
1407 3508 1515 3551 tam
1573 3500 1835 3567 sapientia
1890 3515 2049 3566 quam

466 3606 625 3651 a'tate
647 3594 730 3648 "?
767 3593 907 3649 Deus
932 3603 1082 3648 certe
1113 3609 1222 3647 non
1253 3594 1475 3655 crescit,
1503 3609 1683 3664 neque
1715 3593 1935 3664 prolicit
1962 3607 2047 3646 sa-

467 3686 697 3758 pientia,
730 3699 910 3754 neque
935 3685 1317 3747 conﬁrmatur,
1361 3695 1422 3738 ut
1453 3691 1613 3739 antea
1649 3685 1921 3739 infirmus.

1109 3776 1416 3845 Responsio.

537 3869 640 3937 Qui
687 3881 763 3924 est
823 3870 1081 3939 sapientia
1128 3878 1178 3922 et
1223 3869 1457 3936 potentia
1510 3867 1605 3922 Dei
1646 3876 1696 3923 et
1734 3866 1937 3923 Patris.
1992 3877 2052 3921 ut

467 3960 648 4029 inquit
675 3969 906 4016 sanctus
931 3959 1024 4014 ille
1053 3959 1350 4028 Apostolus
1370 3959 1440 4022 ⁸⁷,
1464 3974 1562 4029 per
1583 3958 2050 4028 dispensationem

466 4054 642 4108 nostri
665 4051 863 4107 similis
893 4049 1101 4106 incedit
1125 4051 1435 4104 voluntaria
1458 4050 1812 4116 demissionc,
1839 4051 2054 4118 sapien-

463 4148 598 4201 tiam
627 4146 834 4200 docens
868 4144 1152 4209 mortales,
1191 4144 1286 4213 qui
1315 4131 1518 4196 Adami'
1547 4143 1811 4213 plantavit
1837 4159 2046 4197 aurem.

468 4236 638 4292 Paulo
673 4244 854 4291 autem
889 4235 1147 4306 superius
1182 4236 1434 4290 oratione
1467 4237 1718 4304 repetita,
1755 4235 2052 4290 dilucidius

466 4331 648 4401 ipsum
677 4329 1070 4384 demonstrabo
1102 4327 1295 4389 Deum,
1331 4329 1425 4398 qui
1461 4329 1599 4382 citra
1633 4329 2050 4383 conversionem

465 4430 521 4476 ct
559 4420 1000 4474 immutationem
1038 4419 1206 4472 ullam
1238 4427 1462 4489 propter
1505 4435 1606 4474 nos
1657 4421 1914 4474 mortales
1966 4421 2052 4474 iu-

470 4517 594 4565 lans
622 4510 696 4565 sit
727 4508 928 4569 lactus,
959 4517 1016 4563 et
1044 4509 1447 4562 incrementum
1477 4509 1752 4578 acceperit
1777 4511 2048 4578 corporis,

469 4618 582 4659 non
627 4601 960 4657 divinitatis.
1007 4599 1150 4654 Dicit
1197 4601 1359 4670 igitur
1406 4601 1574 4652 multa
1626 4615 1920 4668 perpessus
1962 4601 2052 4655 ille

466 4706 622 4751 vates
652 4693 993 4750 Hieremias:
1068 4692 1242 4747 Homo
1275 4704 1386 4756 est;
1433 4703 1483 4746 et
1517 4693 1633 4762 quis
1667 4703 1940 4764 cognoscet
1969 4695 2050 4761 ip-

467 4806 588 4844 sum
610 4789 692 4842 9‘?
720 4803 831 4857 quo
877 4787 1076 4847 innuit,
1105 4788 1283 4856 ipsum
1335 4786 1505 4841 Deum
1536 4802 1678 4850 esse,
1725 4787 1820 4856 qui
1866 4795 2050 4841 tamen

469 4882 754 4952 ignoretur
797 4880 864 4934 ab
899 4881 967 4934 iis
1000 4881 1092 4949 qui
1131 4879 1404 4932 crassiore
1451 4887 1578 4934 sunt
1619 4879 1919 4944 intellectu,
1955 4895 2051 4934 ne-

468 4988 578 5044 que
604 4980 836 5042 possunt
856 4981 959 5040 'per
982 4970 1424 5024 incredulitatem
1447 4986 1643 5040 capere
1677 4972 2045 5041 cnguitionem

469 5070 630 5135 ejus;
667 5065 840 5118 veluti
871 5064 963 5133 qui
1009 5064 1185 5118 oculis
1219 5066 1348 5133 aegri
1383 5075 1532 5128 sunt,
1568 5080 1664 5132 per
1710 5063 2056 5118 imbecillita-

469 5167 581 5212 tem
617 5165 899 5226 aspectum
935 5156 1067 5208 solis
1099 5156 1336 5209 tolerare
1367 5164 1664 5223 nequeunt.
1708 5152 1764 5208 Si
1793 5170 1925 5208 vero
1959 5155 2056 5208 ho-

471 5267 563 5307 mo
591 5262 730 5314 erat,
761 5248 1038 5318 quomodo
1073 5263 1181 5301 non
1213 5248 1671 5318 cognoscebatur,
1699 5248 2055 5318 quemadmo-

472 5343 603 5397 dum
655 5342 799 5396 nos?
856 5340 1047 5393 Omnis
1085 5340 1228 5394 enim
1276 5341 1440 5392 homo
1493 5341 1654 5410 plane
1699 5342 2058 5411 cognoscitur

472 5443 568 5489 aut
593 5451 658 5488 ex
715 5433 1056 5503 parentibus,
1104 5442 1198 5485 aut
1247 5447 1312 5485 ex
1347 5431 1600 5500 cognatis
1631 5439 1685 5486 et
1724 5433 2056 5502 consangui-

473 5527 614 5587 neis,
675 5533 768 5577 aut
823 5523 1060 5592 denique
1119 5539 1183 5576 es
1230 5523 1720 5577 contubernalibus
1763 5532 1817 5577 et
1861 5526 2050 5578 dome-

474 5616 649 5670 sticis.
690 5615 764 5669 Es
818 5617 968 5670 nullo
1011 5616 1168 5687 igitui
1207 5630 1396 5670 eorum
1443 5633 1570 5684 quae
1601 5620 1654 5669 in
1699 5619 1854 5670 nobis
1901 5627 2052 5684 sunt,

2155 883 2244 936 διὰ
2278 881 2371 935 τοῦ
2407 881 2718 953 κρασπέδου
2741 881 2840 952 τὴν
2875 880 3040 941 ῐασιν,
3088 879 3179 942 Τίς
3194 896 3273 948 με
3309 878 3505 946 ἥψατο
3534 895 3554 942 ;
3587 878 3747 948 φησί.

2157 973 2268 1026 Καὶ
2288 973 2426 1044 πρὸς
2454 973 2583 1036 τοὺς
2611 971 2909 1043 ζητοῦντας
2938 971 3102 1024 αὑτὸν
3130 969 3416 1033 Ἰουδαίους
3441 969 3746 1029 συλλαϐεῖν,

2165 1067 2304 1119 Τίνα
2342 1065 2601 1133 ζητεῖτε;
2635 1065 2788 1134 φησι.
2828 1065 2939 1118 Καὶ
2964 1065 3078 1125 τοῖς
3105 1063 3390 1132 φοιτηταῖς
3419 1061 3571 1130 φησὶ,
3605 1062 3749 1114 Τίνα

2151 1171 2230 1223 με
2256 1153 2550 1224 λέγουσιν
2578 1159 2629 1208 oi
2677 1154 2976 1222 ἄνθρωποι
3023 1148 3214 1212 sirm;
3248 1152 3488 1216 Πόσους
3523 1150 3749 1219 ἄρτοι-ς

2156 1248 2360 1317 ﬁxere;
2393 1248 2505 1302 οὗθ’
2531 1249 2718 1319 ἕτερον
2743 1246 2949 1301 τούτων
2975 1245 3206 1314 ἀγνοῶν,
3241 1244 3317 1307 ώς
3347 1243 3409 1296 τὸ
3440 1243 3613 1313 πέρας
3636 1243 3749 1295 τῶν

2155 1340 2449 1412 δρωμένων
2486 1341 2786 1412 παρίστησι
2809 1356 2824 1369 ·
2860 1337 2954 1392 τοῦ
3007 1339 3105 1409 μὲν
3150 1335 3404 1408 Λαζάρου
3438 1338 3470 1407 ἡ
3512 1336 3748 1389 Θανάτου

2156 1433 2483 1504 πρόρρησις,
2523 1432 2650 1501 περὶ
2677 1427 2744 1503 ἧς
2771 1428 3092 1499 λευκότερον
3127 1425 3321 1497 μικρὸν
3363 1424 3588 1494 ὕστερον
3627 1424 3749 1476 δια-

2156 1524 2400 1595 λέξομαι,
2426 1526 2525 1596 τῆς
2566 1524 2718 1595 ὥρας
2758 1525 2852 1576 ἐπὶ
2888 1523 2987 1594 τὴν
3030 1521 3243 1574 παῦλαν
3276 1519 3369 1572 τοῦ
3411 1519 3570 1586 λόγου
3614 1534 3747 1569 συν-

2155 1618 2438 1688 ωθούσης’
2491 1619 2618 1689 περ)⁸
2665 1618 2721 1670 δὲ
2776 1617 2878 1687 τῆς
2927 1616 3199 1687 αἱμόρῤου
3225 1655 3238 1678 ,
3280 1615 3312 1684 ἡ
3353 1613 3452 1684 τῆς
3489 1609 3748 1681 ψαύσεως

2155 1711 2428 1780 αἴσθησις,
2453 1711 2548 1764 καὶ
2589 1713 2622 1779 ἡ
2660 1711 2758 1781 τῆς
2797 1709 3080 1779 δυνάμεως
3121 1707 3353 1776 ἄφθονος
3404 1704 3701 1774 ἐπικουρία
3729 1720 3747 1734 ο

2155 1803 2284 1873 περὶ
2328 1803 2386 1855 δὲ
2426 1802 2535 1856 τῶν
2582 1802 2969 1874 συλληπτόρων
3009 1803 3042 1872 ἠ
3077 1801 3174 1870 τῆς
3213 1798 3402 1868 ἐφόδου
3446 1798 3744 1867 πρόφασις.

2155 1896 2251 1947 καὶ
2277 1896 2310 1966 ἡ
2341 1895 2439 1966 τῆς
2475 1894 2624 1966 ὥρας
2649 1895 2866 1965 ἐκείνης
2895 1893 3152 1963 ὲγγύτης,
3189 1892 3282 1945 καὶ
3320 1891 3382 1944 τὸ
3413 1890 3582 1960 φῆσαι
3627 1889 3748 1950 τοῖς

2161 1987 2486 2056 μιαιφόνοις,
2543 1986 2692 2056 Ἐγώ
2743 1988 2894 2055 ειμι·
2948 1984 3080 2056 περὶ
3131 1983 3188 2036 δὲ
3230 1976 3308 2036 ὧν
3360 1983 3474 2044 τοῖς
3530 1980 3751 2051 βροτοῖς

2154 2077 2310 2148 ῷετο,
2339 2081 2368 2131 6
2399 2078 2476 2150 τῷ
2513 2079 2707 2150 Πέτρῳ
2746 2078 2838 2130 ἐπὶ
2876 2079 2944 2148 τῇ
2988 2075 3359 2148 ἀκριϐεστάτη
3387 2074 3480 2127 καὶ
3515 2072 3748 2144 ἀραρότι

2153 2170 2415 2241 ὁμολογίᾳ
2442 2169 2700 2240 ἐπαχθεὶς
2729 2167 3109 2240 μακαρισμός’
3144 2165 3277 2236 περὶ
3310 2165 3369 2217 δὲ
3401 2163 3511 2216 τῶν
3536 2163 3746 2233 ἀρτων,

2155 2263 2189 2332 ή
2235 2260 2294 2325 ἐξ
2325 2259 2581 2332 ἀμυδρῶν
2622 2259 2717 2314 καὶ
2761 2260 3010 2332 βραχέων
3047 2258 3273 2328 ἄπειρος
3312 2251 3573 2326 πληθώρα
3631 2254 3751 2306 τῶι.-

2153 2353 2456 2423 λειψάνωνο
2489 2352 2651 2406 πέντε
2687 2351 2796 2424 γὰρ
2833 2352 3006 2417 ὅντες,
3037 2348 3509 2420 πεντακισχιλίους
3544 2345 3624 2410 εἰς
3649 2348 3750 2399 κό-

2157 2463 2250 2518 ρον
2299 2445 2612 2516 διέθρεψαν,
2658 2443 2870 2498 δώδεκα
2918 2443 3172 2513 κοφίνους
3225 2441 3557 2513 κλασμάτων
3604 2439 3749 2510 μετά

2154 2542 2254 2612 τὴν
2303 2541 2546 2593 ἑστίασιν
2584 2538 2680 2592 τοῦ
2721 2539 2880 2610 ὄχλου
2919 2538 3328 2611 πληρώσαντες,
3367 2541 3435 2608 τῇ
3485 2537 3595 2606 ἀφῇ
3646 2535 3747 2587 καὶ

2155 2632 2344 2686 κλάσει
2389 2630 2678 2702 αὐξόμενοι
2729 2631 2821 2684 τοῦ
2886 2631 3290 2702 προστάξαντος
3346 2631 3404 2682 ὲν
3466 2631 3608 2700 ἀρχῇ
3672 2632 3742 2698 τῇ

2156 2724 2334 2794 χέρσῳ
2367 2724 2539 2794 πυρὸν
2577 2722 2914 2793 βλαστῆσαι,
2954 2724 3049 2776 καὶ
3095 2725 3207 2785 τοῖς
3252 2721 3439 2774 ὕδασιν
3473 2719 3744 2791 ἐκεράσαι

2157 2817 2263 2868 πᾶν
2309 2815 2464 2882 γένος
2500 2813 2747 2878 πλωτὸν,
2785 2816 2879 2867 καὶ
2913 2816 3022 2866 πᾶν
3061 2813 3241 2868 ὁτιοῦν
3283 2813 3343 2878 ἐξ
3381 2811 3560 2867 αὐτῶν
3611 2811 3746 2881 φύε-

2153 2925 2262 2962 ται.

2734 3203 2983 3256 ΠΕΥΣΙΣ
3025 3204 3151 3258 ΚΔ’.

2221 3318 2330 3370 Καὶ
2356 3319 2404 3369 εἰ
2430 3316 2631 3380 τέλειός
2654 3320 2768 3369 ἐστι
2800 3315 2932 3378 Θεὸς
2963 3317 2990 3368 6
3030 3315 3283 3387 Χριστὸς,
3311 3313 3424 3378 πῶς
3450 3316 3477 3366 ὁ
3512 3315 3747 3384 εὐαγγε-

2150 3407 2334 3478 λιστὴς
2360 3408 2547 3475 λέγει·
2601 3407 2670 3460 Τὸ
2701 3407 2768 3460 δὲ
2823 3408 3067 3463 παιδίον
3103 3405 3336 3474 Ἰησοῦς
3373 3407 3603 3473 ηὔξανε
3641 3406 3746 3460 καὶ

2151 3497 2536 3565 ἐκραταιοῦτο
2566 3499 2879 3567 πνεύματι,
2905 3497 3004 3551 καί
3029 3497 3362 3566 προέκοπτε
3397 3499 3581 3565 σοφίᾳ
3633 3497 3739 3550 καὶ

2152 3591 2357 3660 ἡλικίᾳ
2377 3607 2396 3654 ;
2447 3590 2582 3652 Θεὸς
2610 3591 2710 3642 ουκ
2751 3588 2901 3654 αὔξει
2938 3589 3058 3642 οὐδὲ
3075 3589 3373 3660 προκόπτει
3411 3589 3593 3660 σοφίᾳ,
3621 3590 3747 3643 οὐδὲ

2153 3681 2506 3755 κραταιοῦται
2527 3681 2601 3744 ὡς
2633 3681 2885 3753 ἀσθενής.

2787 3775 3145 3841 Ἀπόκρισις.

2227 3873 2415 3942 Σοφία
2440 3873 2536 3925 καὶ
2561 3872 2812 3936 δύναμις
2842 3865 2946 3919 τοῦ
2969 3867 3116 3920 Θεοῦ
3145 3865 3366 3934 Πατρός
3455 3867 3743 3936 ὑπάρχων,

2154 3957 2296 4013 καθά
2352 3959 2515 4027 φησὶν
2560 3959 2589 4011 6
2637 3955 2780 4029 ἱερὸς
2832 3955 3175 4019 Ἀπόστολος,
3216 3957 3574 4028 οἰκονομικῶς
3619 3956 3743 4010 καθ’

2153 4053 2303 4124 ἡμᾶς
2346 4051 2618 4121 διαφοιτᾷ,
2675 4049 2988 4119 αὐθαιρέτῳ
3033 4051 3350 4122 μετριότητι
3385 4051 3578 4117 σοφίαν
3609 4067 3742 4105 παι-

2152 4144 2323 4196 δεύων
2361 4141 2608 4214 βροτοὺς,
2635 4144 2664 4195 6
2687 4141 2782 4195 τοῦ
2827 4141 2998 4213 Ἀδὰμ
3027 4141 3300 4211 φυτεύσας
3325 4141 3385 4195 τὸ
3410 4137 3522 4205 οὖς.
3554 4142 3742 4213 Βραχὺ

2152 4233 2208 4287 δὲ
2231 4233 2515 4288 ἀναλαϐὼν
2543 4234 2612 4288 τά
2640 4234 2928 4306 εἰρημένα,
2961 4234 3296 4304 σαφέστερον
3319 4233 3410 4287 τὸν
3434 4233 3569 4304 ὲμὸν
3601 4235 3742 4286 ἀπο-

2153 4325 2312 4392 δείξω
2346 4326 2500 4389 Θεὸν,
2547 4328 2837 4400 ἀτρέπτως
2866 4327 2960 4380 καὶ
2979 4325 3372 4397 ἀμεταϐλήτως
3409 4324 3496 4378 διά
3519 4324 3743 4396 βροτοὺς

2159 4416 2356 4486 βρέφος
2378 4415 2690 4486 γενόμενον,
2718 4417 2814 4470 καὶ
2838 4415 3066 4486 αὔξησιν
3087 4413 3524 4487 προσδεξάμενον
3556 4414 3743 4486 σώμα-

2156 4525 2268 4572 τος,
2323 4509 2384 4560 οὑ
2443 4507 2714 4578 θεότητος.
2772 4511 2912 4578 Φησὶ
2967 4509 3098 4577 γοῦν
3139 4513 3168 4563 6
3213 4508 3595 4571 πολυκίνδυνος
3632 4508 3743 4561 τῶν

2159 4601 2455 4672 προφητῶν
2493 4600 3133 4672 ’1ερεμίας,Ἀνθρωπός
3158 4603 3312 4666 ἐστι,
3351 4602 3451 4654 καὶ
3485 4602 3576 4666 τις
3603 4603 3744 4670 γνώ-

2158 4711 2328 4748 σεται
2355 4694 2544 4746 αὐτόν
2559 4709 2578 4757 ;
2607 4695 2672 4747 ὲκ
2691 4694 2880 4747 τούτου
2903 4693 3081 4764 δηλῶν
3106 4695 3186 4745 ὅτι
3219 4693 3351 4756 Θεός
3379 4694 3518 4753 ἐστι,
3543 4692 3742 4746 λανθάν

2157 4806 2264 4842 νων
2315 4790 2441 4852 τοὺς
2479 4790 2823 4860 παχυτέρους
2860 4792 2957 4860 τὴν
3002 4791 3280 4853 διάνοιαν,
3329 4791 3426 4843 καὶ
3466 4791 3564 4860 οὐχ
3598 4791 3742 4854 οἵους

2155 4899 2214 4933 τε
2240 4881 2400 4944 ὄντας
2422 4882 2488 4933 δι’
2505 4881 2764 4932 ἀπιστίαν
2786 4881 3032 4950 χωρῆσαι
3060 4880 3160 4951 τὴν
3177 4881 3402 4949 γνῶσιν,
3442 4882 3586 4934 καθά
3617 4884 3745 4945 τοὺς

2158 4973 2604 5043 βαρυωποῦντας,
2650 4973 2744 5025 καὶ
2771 4971 3137 5026 δι’ἀσθένειαν
3175 4974 3250 5043 μὴ
3289 4972 3603 5045 χωροῦντας
3645 4971 3743 5025 τοῦ

2152 5066 2304 5136 ἡλίου
2331 5067 2430 5137 τὴν
2455 5067 2597 5135 ὄψιν.
2619 5066 2680 5118 Ei
2697 5065 2752 5117 δὲ
2768 5061 3152 5136 ἅνθρωποςῆν,
3169 5066 3286 5130 πῶς
3300 5067 3401 5119 οὐκ
3417 5065 3746 5135 ἐγινώσκετο

2156 5159 2278 5213 καθ’
2313 5162 2492 5231 ἡμᾶςς
2531 5160 2640 5221 πᾶς
2678 5158 2786 5228 γὰρ
2820 5157 3102 5228 ἄνθρωπος
3144 5159 3472 5227 γινώσκεται
3504 5160 3743 5221 πάντως,

2166 5254 2274 5306 εἴτε
2305 5252 2412 5305 ἀπὸ
2426 5251 2785 5322 γεννητόρων,
2805 5249 2915 5302 εἴτε
2941 5251 3048 5304 ἀπὸ
3072 5251 3178 5303 τῶν
3197 5251 3474 5318 συγγενῶν
3489 5252 3747 5320 καὶὸμαί-

2167 5364 2304 5411 μων,
2323 5344 2433 5398 εἴτε
2446 5345 2552 5397 ἀπὸ
2563 5344 2668 5397 τῶν
2688 5345 2973 5415 συσκήνων
2991 5346 3084 5398 καὶ
3098 5344 3410 5398 συνεστίων.
3429 5345 3519 5409 Ἐξ
3533 5344 3747 5407 οὐδενὸς

2161 5439 2340 5492 τοίνυν
2381 5439 2489 5491 τῶν
2533 5437 2656 5491 καθ’
2696 5438 2839 5507 ἡμᾶς
2869 5439 2898 5489 ὁ
2931 5440 3213 5508 προφήτης
3243 5438 3409 5491 αὑτὸν
3441 5437 3747 5509 παριστῶν,

2165 5533 2347 5600 φησὶν,
2392 5533 2735 5598 ’Ἄνθρωπός
2767 5532 2921 5593 ἐστι,
2956 5531 3051 5583 καὶ
3079 5531 3167 5596 τίς
3210 5532 3506 5602 γνώσεται
3525 5533 3709 5584 αὐτόν
3727 5545 3751 5594 ;

2163 5626 2244 5676 ὅτι
2272 5623 2403 5686 Θεὸς
2462 5624 2722 5694 ὑπάρχων
2766 5625 2925 5678 τοῦτο
2969 5624 3217 5692 γενέσθαι
3254 5623 3542 5696 ηὑὸόκησε.

548 5821 756 5894 "Luc.
782 5839 916 5894 χιιι,
942 5820 1032 5885 44,
1063 5823 1152 5874 45.
1220 5820 1449 5894 f’Joau.
1486 5838 1560 5883 ιιι,
1589 5823 1678 5876 5i.
1708 5893 1713 5894 ί
1744 5823 1794 5894 7"
1831 5821 1961 5878 Luc.
1995 5841 2046 5878 γι

2156 5827 2235 5881 iii.
2311 5831 2353 5859 ⁹³
2382 5828 2538 5882 Joan.
2577 5847 2732 5894 xviii,
2766 5832 2820 5883 ι.
2899 5832 2944 5863 ⁸³
2965 5830 3281 5893 Matth.xvr.
3320 5833 3405 5890 13.
3468 5831 3514 5862 ⁸⁸
3544 5830 3744 5888 Matth.

477 5909 568 5961 xv,
602 5893 692 5950 54.
767 5893 813 5928 ’⁵
850 5892 1010 5949 Joan.
1043 5907 1175 5961 xvu,
1217 5892 1268 5946 5.
1348 5892 1393 5922 ’⁸
1429 5891 1558 5946 Luc.
1607 5909 1665 5959 ιι,
1695 5893 1783 5958 Ιιθ,
1827 5894 1912 5947 52.
1990 5898 2034 5928 ⁹⁷

2156 5913 2234 5954 or.
2279 5915 2315 5965 ι,
2353 5899 2442 5954 24.
2522 5901 2564 5933 ⁸⁸
2592 5891 2865 5968 ἔοικἰιιι,
2895 5903 2927 5958 9
2958 5918 3065 5958 sec.
3098 5900 3258 5956 LXX.
