4108 6376
383 400 490 457 885

376 513 435 569 δὲ
463 512 555 567 καὶ
584 512 740 583 δίψαν
771 512 963 577 ὓδατος
991 514 1295 585 προσίεται,
1319 513 1386 568 τὰ
1414 514 1509 568 τοῦ
1538 514 1788 587 σώματος
1815 517 1964 570 ἀδιά-

376 606 554 678 ϐλητα
582 605 731 677 πάθη
752 622 764 635 ⁸
808 606 1129 676 Μανιχαίων
1174 606 1319 659 λύων
1347 606 1446 676 τὴν
1491 607 1853 678 ματαιότητα,
1880 608 1967 661 δό-

377 715 540 771 κησιν
570 698 667 752 καὶ
696 698 999 768 φαντασίαν
1032 699 1390 770 ποιουμένους
1414 698 1513 770 τὴν
1545 700 1880 771 οἰκονομίαν.

1802 401 2151 460 DIALOGCS
2180 405 2222 457 I.

3545 403 3575 457 8
3584 401 3653 457 $6

2076 527 2229 573 vates
2262 517 2441 587 ipsum
2474 516 2812 588 exprimens,
2850 513 3069 585 inquit:
3118 510 3289 566 "omo
3322 521 3422 577 est,
3456 522 3506 567 et
3539 518 3654 583 qua

2077 617 2348 677 cognoscet
2375 610 2538 663 eum?
2585 604 2856 671 Quoniam
2891 620 3017 658 cum
3057 604 3199 658 Deus
3234 610 3400 664 esset,
3439 602 3542 656 hoc
3575 613 3657 656 ta-

2078 714 2199 752 men
2254 697 2371 752 fieri
2414 696 2605 761 voluit,
2648 696 2848 750 famem
2894 703 2949 750 et
2992 694 3141 749 sitim
3195 709 3349 761 teque
3400 693 3657 756 admittit,

2078 806 2201 859 qua:
2228 798 2361 845 sunt
2391 788 2642 859 corporis
2672 787 3010 849 affectiones,
3050 793 3303 855 expertes
3331 785 3447 837 vitii
3480 799 3542 837 ac
3571 798 3662 837 re-

379 876 797 947 prehensionis;
847 878 1275 935 Manichaeorum
1334 879 1441 935 boc
1491 878 1613 948 ipso
1667 879 1964 935 vanitatem
2020 880 2307 947 refutans,
2362 881 2456 952 qui
2496 881 2810 952 opinionem
2858 886 2915 935 et
2955 893 3072 933 rem
3125 877 3501 947 imaginariam
3539 890 3664 931 esse

380 976 629 1024 statuunt
655 968 831 1040 ipsius
864 971 919 1025 in
946 986 1115 1028 carne
1154 972 1715 1028 administrationem.

967 1109 1217 1162 ΠΕΥΣΙΣ
1260 1111 1390 1164 ΚΕ’.

452 1219 644 1291 Ψυχὴν
696 1220 877 1290 λέγεις
927 1222 1071 1293 ἔχειν
1103 1223 1163 1275 τὸ
1215 1222 1376 1289 σῶμα
1411 1223 1504 1277 τοῦ
1553 1226 1749 1292 Λόγου,
1794 1223 1978 1293 ῆὰντὶ

382 1305 559 1376 ψυχῆς
588 1306 686 1378 τὴν
711 1308 939 1379 Θεότητα
991 1312 1268 1383 ἐνεργεῖν;
1307 1312 1499 1366 Πολλοὶ
1536 1312 1646 1384 γὰρ
1690 1314 1850 1368 τοῦτο
1891 1314 1977 1368 λέ-

385 1414 564 1465 γουσι,
585 1400 681 1453 καὶ
706 1400 933 1455 πιθανὸν
968 1401 1135 1459 δοκεῖ,

1007 1514 1367 1584 Ἀπόκρισις.

460 1614 727 1684 Εὐηθείας
780 1618 875 1670 καὶ
917 1619 1264 1690 νηπιότητος,
1315 1620 1521 1689 ἄψυχον
1555 1620 1764 1674 οἴεσθαι
1800 1622 1860 1673 τὸ
1889 1620 1981 1673 τοῦ

386 1705 521 1758 θεοῦ
570 1708 665 1761 καὶ
723 1709 898 1776 Λόγου
951 1709 1129 1780 σῶμα.
1183 1712 1539 1783 Ἀμφοτέροις
1584 1712 1693 1784 γὰρ
1736 1714 1793 1778 ἐξ
1834 1706 1908 1767 ὧν
1950 1715 1983 1784 ἡ

390 1796 596 1868 βροτῶν
623 1799 785 1868 φύσις
809 1803 1144 1865 συνίσταται,
1170 1806 1198 1857 6
1224 1805 1395 1873 Λόγος
1413 1806 1731 1876 ὑπερλόγως
1756 1807 1983 1876 ἥνωται,

388 1891 535 1963 ψυχῇ
570 1895 714 1964 φημὶ
745 1896 838 1948 καὶ
867 1895 1099 1966 σώματι,
1127 1896 1373 1967 ἑκατέρῳ
1402 1898 1655 1967 τμήματι
1683 1897 1985 1969 εὐρωστίαν

386 1984 748 2057 δωρούμενος.
791 1988 1031 2060 Θατέρου
1086 1989 1195 2058 γὰρ
1233 1988 1399 2043 αὑτοῦ
1446 1990 1747 2056 λείποντος,
1790 1991 1987 2061 ἀτελὴς

390 2074 549 2144 ἡμῶν
584 2077 617 2147 ή
658 2079 921 2149 σωτηρία,
953 2078 985 2148 ἢ
1012 2076 1105 2130 τοῦ
1138 2077 1390 2149 σώματος
1419 2081 1477 2134 ὲν
1498 2079 1677 2152 φθορᾷ
1710 2081 1984 2152 μένοντος,

389 2166 427 2237 ἢ
460 2166 561 2238 τῆς
587 2168 766 2240 ψυχῆς
805 2174 863 2224 ὲν
893 2170 993 2243 ᾄδῃ
1029 2169 1427 2242 κατεχομένης.

976 2376 1229 2429 ΠΕΥΣΙΣ
1274 2375 1419 2442 κεῖ.

466 2490 577 2544 Καὶ
604 2490 691 2544 διὰ
716 2489 770 2543 τί
798 2492 826 2543 6
872 2490 1124 2561 Ἰωάννης
1150 2490 1211 2543 οὐ
1241 2489 1393 2557 λέγει
1422 2488 1615 2552 τοῦτος
1649 2489 1832 2542 Εἰπὼν
1855 2491 1988 2560 γὰρ,

408 2582 506 2635 Ἐν
536 2579 694 2649 ἀρχῇ
726 2577 855 2651 ἦνό
884 2583 1099 2649 Λόγος,
1119 2583 1235 2648 καὶ,
1253 2583 1309 2634 'U
1332 2581 1522 2650 Λόγος
1542 2580 1701 2649 σάρξ
1729 2581 1991 2651 ἐγένετο,

395 2673 458 2728 οὐ
481 2672 859 2745 προστίθησιν,
910 2674 992 2726 ὃτι
1034 2670 1307 2741 καὶψυχὴ
1353 2671 1590 2740 ἐγένετο,
1632 2672 1666 2742 ἢ
1710 2673 1790 2725 ὃτι
1831 2672 1995 2744 ἔλᾳὸε

396 2765 595 2837 ψυχήν-

1013 2877 1379 2947 Ἀπόκρισις.

474 2996 537 3049 Εἰ
579 2994 783 3065 ἄψυχον
812 2991 1085 3064 οἰηθῶμεν
1130 2993 1194 3044 τὸ
1241 2991 1520 3061 κυριακὸν
1581 2990 1760 3062 σῶμα,
1806 2990 1995 3060 ἕψεται

400 3090 650 3153 πάντως,
703 3085 950 3157 παθητὴν
999 3084 1323 3154 ἀποφαίνειν
1372 3082 1472 3155 τὴν
1514 3082 1763 3153 θεότητα,
1810 3082 1993 3153 ψυχῆς

402 3181 557 3252 δίκην
602 3180 660 3232 ὲν
709 3181 776 3249 τῇ
818 3176 983 3249 σαρκὶ
1032 3176 1347 3247 διήκουσαν,
1391 3173 1549 3245 πείνῃ
1582 3190 1642 3226 τε
1686 3174 1778 3227 καὶ
1826 3173 1995 3242 δίψει,

406 3275 560 3346 ὕπνῳ
585 3291 642 3326 τε
673 3274 766 3326 καὶ
793 3272 1077 3342 δάκρυσιν,
1107 3269 1315 3339 ἀγωνίᾳ
1331 3285 1391 3320 τε
1426 3268 1519 3321 καὶ
1540 3266 1724 3339 ἱδρῶτι
1753 3266 1997 3334 φυσικῶς

406 3365 847 3421 ὑποκύπτουσαν.
912 3362 1231 3416 Ἀκουστέον
1273 3360 1329 3412 δὲ
1364 3359 1459 3413 τοῦ
1501 3358 1790 3413 θεσπεσίου
1838 3358 2002 3411 Δαϐὶδ

405 3457 538 3533 περὶ
576 3457 677 3527 τῆς
715 3454 1035 3526 θεανδρικῆς
1093 3451 1457 3523 μελῳδοῦντος
1493 3450 1695 3520 ψυχῆς,
1727 3450 1793 3501 ἐκ
1831 3464 2000 3521 προσ-

407 3550 557 3604 ώπου
592 3548 759 3603 αὐτοῦ
808 3547 1040 3609 ἐκείνου,
1085 3546 1205 3597 ’Ότι
1248 3546 1358 3598 οὐκ
1386 3542 1844 3611 ἐγκαταλείψεις
1889 3539 2006 3607 τὴν

408 3643 622 3713 ψυχήν
659 3659 779 3711 μου
818 3643 905 3706 είς
938 3639 1110 3706 ᾅδου,
1132 3636 1274 3691 οὐδὲ
1298 3636 1511 3699 δώσεις
1544 3637 1654 3688 τὸν
1679 3634 1855 3687 ὅσιόν
1886 3650 2004 3687 σου

413 3737 563 3791 ἰδεῖν
606 3733 954 3804 διαφθοράν.
990 3731 1161 3795 Αὐτὸς
1194 3731 1251 3783 δὲ
1284 3732 1313 3784 6
1345 3730 1535 3801 Σωτὴρ
1568 3730 1626 3781 ὲν
1652 3726 2005 3795 Εὑαγγελίοις

412 3832 598 3903 φησίν*
647 3829 973 3894 Ἐξουσίαν
996 3826 1114 3895 ἔχω
1146 3825 1333 3879 θεῖναι
1366 3823 1482 3891 τὴν
1504 3822 1718 3893 ψυχήν
1736 3840 1876 3891 μου,
1907 3820 2008 3875 καὶ

412 3922 599 3977 πάλιν
633 3919 843 3976 λαϐεῖν
889 3918 1116 3983 αὐτήν⁹
1159 3917 1274 3979 καὶ,
1319 3916 1468 3984 Ἐγώ
1500 3917 1619 3985 εἰμι
1649 3917 1682 3967 ό
1709 3910 1935 3983 ποιμὴν
1974 3914 2007 3965 ό

411 4016 620 4082 καλὸς,
656 4018 687 4069 ό
726 4013 904 4078 τιθείς
938 4012 1054 4081 τὴν
1090 4009 1304 4080 ψυχὴν
1330 4007 1521 4063 αὐτοῦ
1545 4005 1698 4074 ὑπὲρ
1716 4002 1837 4058 τῶν
1863 4021 2009 4073 προ-

414 4105 628 4160 ϐάτων.

990 4215 1241 4269 ΠΕΥΣΙΣ
1297 4215 1423 4267 ΚΖ¹.

486 4333 698 4387 Οὐκοῦν
726 4334 818 4386 καὶ
850 4333 879 4385 6
919 4331 1109 4403 Πατὴρ
1148 4328 1327 4400 ψυχὴν
1353 4326 1503 4397 Extat;
1545 4323 1772 4387 Ἡσαΐας
1798 4322 1907 4393 γὰρ
1946 4324 2010 4375 ὲκ

416 4426 711 4499 προσώπου
746 4424 935 4488 αὐτοῦ,
960 4425 1087 4494 περὶ
1108 4418 1346 4490 Χριστοῦ
1375 4434 1541 4490 φησιν
1564 4433 1579 4447 ·
1628 4414 1775 4470 Ἰδοὺ
1802 4417 1834 4468 ό
1869 4413 2009 4479 παῖς

410 4543 531 4596 μου
567 4523 639 4577 ὃν
670 4520 1065 4592 ᾐρετισάμην,
1102 4523 1134 4574 ό
1160 4516 1468 4588 ἀγαπητός
1495 4533 1615 4584 μου
1635 4517 1722 4579 εὶς
1748 4512 1821 4566 ὃν
1839 4510 2009 4567 εὐδό-

416 4632 609 4684 κησεν
633 4616 671 4683 ἡ
697 4612 867 4684 ψυχή
906 4631 1047 4682 μου.
1082 4612 1143 4664 Εἰ
1165 4607 1270 4668 ζοῦν
1298 4608 1358 4674 ἐξ
1391 4602 1465 4662 ὧν
1492 4605 1644 4660 εἶπεν
1670 4607 1699 4658 6
1729 4605 1877 4669 Υἱὸς,
1904 4602 2009 4673 ψυ-

417 4707 517 4780 χὴν
540 4707 700 4761 αὑτὸν
728 4704 971 4776 νομίζεις
988 4704 1154 4774 ἔχειν.
1190 4702 1410 4766 πάντως
1444 4700 1539 4754 καὶ
1570 4699 1662 4767 ἀφ’
1698 4690 1773 4751 ὧν
1803 4692 1956 4749 εἶπεν
1981 4696 2010 4748 6

418 4800 631 4871 Πατὴρ,
666 4797 843 4868 ψυχὴν
887 4796 1050 4849 αὑτὸν
1093 4794 1342 4863 λέγωμεν
1378 4791 1543 4862 ἔχειν.
1594 4787 1732 4841 Ἀλλ’
1758 4790 1786 4840 6
1819 4786 2011 4858 Πατὴρ

419 4894 520 4947 οὒκ
553 4892 686 4962 ἔχει,
726 4889 945 4951 πάντως
978 4887 1099 4941 οὐδὲ
1128 4887 1157 4938 6
1185 4885 1344 4948 Υἱόςο
1398 4884 1445 4935 εί
1489 4883 1546 4935 δὲ
1590 4881 1725 4952 ἔχει,
1762 4878 2011 4933 ἐντεῦθεν

418 4984 693 5038 δείκνυται
721 4981 975 5053 ἀνόμοιος
1001 4980 1270 5049 ὑπάρχειν
1293 4975 1369 5047 τῷ
1398 4974 1599 5045 Πατρί.

1038 5178 1403 5245 Ἀπόκρισις.

505 5300 644 5353 Ἀλλ’
676 5299 776 5351 οὐκ
828 5296 940 5366 ἔχει
993 5292 1171 5363 ψυχὴν
1200 5293 1227 5344 6
1258 5288 1470 5358 Πατὴρ,
1502 5285 1625 5337 ἐπεὶ
1664 5283 1785 5336 οὐδὲ
1836 5282 2014 5352 σάρκα

426 5390 631 5463 βροτῶν
664 5386 904 5457 ὑπῆλθεν
934 5381 1027 5437 ἶσοι
1060 5382 1138 5454 τῷ
1166 5380 1324 5434 Παιδί
1344 5396 1357 5408 ’
1390 5378 1513 5430 οὐδὲ
1546 5376 1637 5427 ἐπὶ
1669 5373 1900 5443 σταυρὸν
1920 5373 2015 5425 καὶ

425 5486 653 5539 θάνατον
680 5476 835 5551 ἧκεν,
864 5478 931 5530 δι’
965 5469 1040 5529 ὧν
1067 5476 1162 5527 καὶ
1191 5470 1348 5544 χρεία
1376 5468 1579 5540 σαρκὸς
1606 5466 1685 5536 τῷ
1714 5465 1895 5535 Λόγῳ,
1920 5465 2013 5517 ὑπ’

425 5576 609 5645 ἐκείνῃ
643 5570 998 5645 κρατουμένῳ
1046 5567 1140 5619 καὶ
1176 5564 1459 5632 πάσχοντι,
1496 5560 1592 5613 καὶ
1622 5560 1743 5611 ἀντὶ
1779 5557 2011 5628 Θνητῶν,

426 5668 725 5729 ἀθανάτους
765 5665 858 5718 καὶ
889 5662 1141 5734 μάκαρας
1169 5659 1255 5713 ἀεὶ
1279 5655 1570 5725 ἐσομένους
1593 5652 1817 5723 βροτοὺς
1840 5652 1944 5703 ἀπε
1954 5668 2014 5720 ρ-

426 5759 734 5829 ταξαμένῳ·

498 5936 545 5971 ”
575 5934 731 5993 Joan.
769 5949 808 6001 ι,
838 5931 883 5987 I.

2506 1107 3029 1167 INTERROGATIO
3070 1106 3235 1161 XXV.

2154 1227 2293 1282 Num
2339 1226 2581 1280 animam
2630 1223 2805 1278 tradis
2859 1223 3060 1276 habere
3105 1235 3309 1289 corpus
3346 1216 3532 1279 Verbi,
3581 1216 3665 1269 vel

2087 1338 2185 1393 pro
2212 1322 2391 1375 anima
2422 1320 2540 1389 ipsa
2576 1329 2837 1387 operatur
2863 1313 3157 1369 divinitas?
3189 1310 3301 1366 Hoc
3334 1310 3479 1365 enim
3512 1310 3665 1363 multi

2087 1423 2364 1479 asserunt,
2393 1422 2446 1469 et
2490 1411 2785 1468 verisimile
2815 1407 3052 1463 videtur.

2722 1526 3030 1594 Responsio.

2160 1632 2489 1690 Stoliditatis
2530 1642 2585 1687 et
2619 1632 2909 1687 dementiae
2936 1638 3040 1694 est,
3080 1626 3441 1682 inanimatum
3480 1635 3673 1694 putare

2085 1728 2179 1782 Dei
2211 1725 2377 1780 Verbi
2422 1738 2647 1794 corpus.
2684 1722 2948 1791 Utrisque
2995 1718 3144 1774 enim
3185 1717 3389 1787 quibus
3434 1716 3673 1769 humana

2088 1826 2281 1874 natura
2322 1824 2562 1877 constat,
2597 1814 2831 1869 Verbum
2873 1813 3087 1866 unitum
3118 1818 3202 1865 est
3242 1824 3408 1881 supra
3454 1816 3673 1877 captum

2087 1910 2321 1965 rationis
2353 1916 2574 1970 nostrre,
2616 1906 2813 1960 animm
2845 1904 3069 1973 inquam
3100 1910 3153 1955 et
3183 1900 3424 1972 corpori,
3459 1899 3676 1967 utrique

2090 2003 2231 2075 parti
2272 2003 2443 2057 robur
2470 1999 2850 2071 suppeditans.
2887 1998 3168 2051 Alterulro
3206 1996 3353 2047 enim
3389 1992 3435 2047 si
3466 2002 3673 2050 careat.

2090 2096 2284 2150 inutile
2310 2094 2417 2149 erit
2446 2100 2499 2147 et
2534 2093 2789 2157 alterum,
2822 2098 2877 2145 et
2914 2087 3235 2159 imperfecta
3267 2087 3421 2142 salus
3463 2093 3675 2149 nostra,

2090 2187 2219 2241 dum
2265 2186 2349 2240 vel
2400 2189 2657 2238 manente
2697 2183 2751 2235 in
2792 2181 3020 2235 interitu
3057 2193 3313 2249 corpore,
3361 2176 3446 2231 vel
3495 2175 3678 2228 anima

2091 2278 2311 2332 detenta
2344 2275 2397 2329 in
2426 2288 2581 2329 orco.

2504 2384 3028 2442 INTERROGATIO
3071 2384 3267 2440 XXVI.

2162 2497 2533 2565 Quamobrem
2606 2513 2737 2567 ergo
2803 2495 3044 2552 Joannes
3112 2497 3169 2551 id
3240 2508 3348 2547 non
3438 2488 3684 2542 indicat?

2092 2587 2392 2658 Postquam
2416 2586 2561 2641 enim
2584 2584 2838 2650 dixisset,
2864 2580 2931 2636 In
2946 2581 3205 2650 principio
3224 2589 3343 2635 erat
3373 2578 3593 2634 Verbum
3612 2578 3681 2643 ”,

2094 2690 2170 2738 et.
2186 2679 2412 2733 Verbum
2436 2693 2563 2731 caro
2588 2676 2789 2746 factum
2822 2684 2900 2728 est
2925 2676 2963 2741 ¹,
2995 2688 3111 2728 non
3132 2672 3305 2737 addit,
3346 2670 3492 2742 quod
3514 2670 3681 2726 etiam

2096 2772 2279 2826 anima
2308 2770 2512 2825 factum
2548 2769 2641 2833 sit,
2676 2775 2773 2821 aut
2799 2764 2947 2836 quod
2973 2765 3215 2820 animam
3256 2764 3573 2835 sumpserit.

2736 2878 3050 2949 Responsio.

2173 2996 2230 3053 Si
2265 2996 2632 3052 inanimatum
2663 3010 2789 3051 esse
2819 2993 3181 3065 cogitabimus
3214 2989 3430 3046 Domini
3459 3003 3683 3059 corpus.

2100 3098 2364 3161 sequetur
2400 3103 2653 3160 prorsus,
2688 3087 2935 3158 passioni
2980 3099 3084 3141 nos
3113 3084 3406 3139 obnoxiam
3437 3097 3688 3152 pronun-

2101 3185 2241 3239 tiare
2268 3181 2644 3245 Divinitatem,
2673 3180 2871 3235 animae
2906 3179 3083 3235 instar
3107 3178 3163 3232 in
3191 3192 3360 3231 carne
3400 3190 3460 3232 se
3489 3174 3689 3230 diden-

2103 3283 2236 3339 tem,
2268 3272 2490 3338 famem,
2523 3273 2695 3336 sitim,
2739 3286 3016 3333 somnum,
3062 3270 3361 3341 lacrymas,
3403 3281 3688 3338 angorem,

2104 3370 2479 3437 sudoremque
2508 3367 2837 3420 naturaliter
2876 3362 3263 3434 perferentem.
3296 3360 3565 3414 Audiatur
3592 3374 3692 3412 au-

2106 3470 2213 3514 tem
2250 3456 2484 3511 Davides
2529 3455 2756 3509 divinus
2795 3455 2886 3508 iile
2918 3464 3091 3516 vales,
3126 3453 3193 3507 de
3224 3452 3404 3505 anima
3444 3464 3692 3520 personae

2104 3566 2169 3604 ex
2202 3550 2425 3603 homine
2467 3546 2687 3615 Deoque
2726 3543 3057 3606 constantis,
3095 3557 3301 3597 canens
3337 3540 3487 3596 illius
3518 3540 3692 3610 ipsius

2104 3642 2289 3697 verbis
2317 3659 2330 3695 :
2366 3639 2633 3706 Quoniam
2660 3654 2763 3692 non
2792 3636 3119 3704 derelinques
3159 3635 3395 3687 animam
3441 3648 3611 3686 meam
3639 3633 3694 3683 in

2107 3750 2251 3797 orco,
2302 3748 2467 3802 neque
2516 3730 2790 3800 permittes
2830 3735 2888 3779 ut
2939 3734 3156 3780 sanctus
3193 3735 3313 3777 tuus
3364 3723 3537 3777 videat
3576 3739 3695 3777 cor-

2107 3825 2401 3891 ruptionem
2430 3824 2471 3877 '.
2499 3821 2619 3891 Ipse
2640 3834 2772 3875 vero
2794 3817 3054 3874 Servator
3076 3818 3251 3885 inquit
3278 3816 3331 3869 in
3358 3814 3652 3884 Evangelio
3676 3832 3691 3868 :

2108 3915 2436 3970 Potestatem
2470 3911 2634 3966 habeo
2663 3908 2891 3978 ponendi
2940 3908 3174 3960 animam
3209 3923 3398 3971 meam,
3431 3915 3479 3959 et
3508 3922 3694 3959 rursus

2108 4007 2352 4064 sumendi
2384 4023 2501 4061 eam
2524 4006 2563 4057 ³.
2596 4005 2752 4067 Item,
2785 4001 2896 4072 Ego
2927 4017 3040 4054 sum
3068 4008 3252 4068 pastor
3280 3999 3370 4052 ille
3396 3998 3581 4061 bonus,
3607 3998 3698 4067 qui

2106 4103 2253 4173 ponit
2283 4101 2521 4155 animam
2550 4114 2704 4152 suam
2729 4112 2824 4165 pro
2850 4094 3027 4149 ovibus
3046 4095 3088 4148 ⁸.

2512 4206 3037 4265 INTERROGATIO
3074 4205 3291 4261 XXVII.

2181 4326 2320 4381 Num
2354 4325 2522 4397 igitur
2562 4334 2615 4379 et
2642 4322 2804 4377 Pater
2842 4320 3081 4375 animam
3116 4317 3320 4372 habet?
3346 4316 3519 4372 Isaias
3551 4317 3697 4370 enim

2108 4421 2169 4476 in
2201 4420 2381 4490 ipsius
2413 4431 2674 4489 persona,
2708 4415 2777 4470 de
2821 4413 3044 4468 Christo
3076 4411 3254 4481 inquit
3285 4430 3299 4466 :
3354 4409 3487 4464 Ecce
3518 4426 3699 4464 servus

2110 4530 2255 4569 meus
2278 4528 2431 4583 quem
2450 4510 2601 4579 elegi,
2631 4506 2852 4561 dilectus
2880 4521 3026 4559 meus
3050 4505 3139 4574 qui
3170 4512 3354 4574 gratus
3377 4512 3427 4556 et
3455 4512 3699 4571 acceptus

2109 4617 2188 4663 est
2222 4606 2414 4660 anima:
2440 4617 2569 4657 mea:
2592 4603 2635 4657 ⁵.
2668 4598 2726 4653 Si
2758 4601 2924 4670 igitur
2948 4613 3017 4652 ex
3056 4597 3122 4651 iis
3152 4610 3274 4665 qua:
3299 4592 3472 4649 Filius
3519 4594 3701 4664 loqui-

2112 4710 2223 4767 tur,
2281 4698 2522 4753 animam
2572 4699 2753 4766 ipsum
2806 4694 3008 4747 habere
3043 4698 3228 4759 putas,
3269 4689 3499 4743 omnino
3534 4688 3700 4743 etiam

2112 4808 2175 4849 ex
2210 4792 2277 4847 iis
2307 4804 2427 4860 quae
2458 4789 2675 4843 locutus
2697 4794 2782 4840 est
2803 4783 2989 4847 Pater,
3014 4782 3257 4835 animam
3287 4780 3491 4835 habere
3521 4779 3700 4847 ipsum

2114 4882 2442 4937 dixerimus.
2468 4876 2626 4945 Quod
2657 4877 2702 4932 si
2735 4874 2897 4929 Pater
2926 4887 3036 4926 non
3064 4872 3248 4934 habet,
3275 4884 3378 4924 nec
3408 4867 3582 4923 Filius
3607 4868 3703 4920 ha-

2114 4973 2283 5028 bebit.
2326 4970 2425 5025 Sin
2458 4977 2639 5023 autem
2673 4966 2858 5033 habet,
2897 4965 2964 5020 de
3013 4963 3119 5017 hoc
3163 4962 3285 5032 ipso
3323 4961 3515 5031 liquet,
3555 4958 3701 5029 quod

2113 5067 2263 5123 Patri
2298 5065 2370 5122 sit
2401 5061 2708 5133 inatqualis.

2753 5174 3059 5243 Responsio.

2193 5276 2259 5329 At
2286 5289 2398 5329 non
2421 5271 2583 5327 habet
2609 5269 2850 5324 animam
2884 5267 3063 5330 Pater,
3096 5264 3242 5335 quod
3277 5278 3453 5332 neque
3476 5275 3699 5315 carnem

2115 5368 2414 5421 humanam
2450 5362 2618 5419 subiit
2646 5375 2770 5416 cum
2804 5357 2962 5425 Filio,
3000 5372 3176 5428 neque
3214 5371 3435 5410 crucem
3467 5364 3520 5408 et
3549 5367 3701 5406 mor-

2116 5471 2249 5525 tem,
2289 5466 2513 5529 propter
2560 5470 2680 5525 quae
2712 5451 2951 5507 Verbum
2996 5464 3161 5505 carne
3198 5463 3338 5518 opus
3385 5445 3597 5509 habuit,
3643 5450 3703 5497 ut

2117 5554 2209 5607 illa
2240 5561 2519 5619 assumpta
2550 5555 2852 5618 pateretur,
2890 5560 2953 5597 ac
2986 5558 3084 5613 pro
3113 5540 3445 5596 mortalibus
3472 5539 3702 5594 immor-

2117 5644 2255 5699 tales
2284 5650 2336 5697 et
2362 5648 2625 5695 aeternum
2659 5636 2849 5690 beatos
2878 5633 3126 5687 homines
3161 5630 3417 5687 efﬁceret.

965 5935 977 5962 ‘
1008 5930 1139 5987 ibid.
1179 5929 1260 5984 l4.
1340 5929 1360 5958 ’
1385 5926 1628 5995 Μαίη,
1662 5926 1744 5982 It).
1822 5926 1840 5956 ³
1872 5923 1998 5979 Joau

2106 5965 2117 5991 ,
2156 5920 2237 5977 I8.
2318 5918 2333 5949 ³
2360 5933 2516 5974 wan.
2553 5931 2628 5983 xi,
2668 5912 2748 5967 li.
2828 5914 2847 5943 ⁵
2887 5910 2991 5968 Isa.
3024 5925 3150 5977 ml,
3188 5908 3237 5963 I.
