4108 6376
417 342 521 400 887

808 452 1332 510 INTERROGATIO
1368 452 1604 508 XXVIII.

499 546 605 604 Sed
633 561 802 617 quare
828 561 937 602 non
968 552 1157 617 aperte
1183 543 1425 601 Joannes
1454 555 1507 601 et
1542 548 1608 600 de
1635 545 1816 600 anima
1835 545 1993 611 dixit,

423 643 568 714 quod
601 640 960 710 assumpserit
989 654 1131 705 eam,
1165 639 1310 693 sicut
1339 639 1472 693 dicit
1510 638 1578 694 de
1613 638 1823 693 carne?

1055 729 1363 798 Responsio.

497 824 637 879 Num
661 838 812 895 ergo,
836 824 963 893 quia
984 822 1117 877 dicit
1140 820 1446 892 Scriptura,
1469 819 1618 890 quod
1647 818 1838 874 fecerit
1856 816 1999 872 Deus

429 917 727 980 hominem,
761 923 990 984 accepto
1022 912 1089 969 de
1138 921 1283 967 terra
1324 913 1571 982 pulvere,
1618 926 1718 966 nec
1765 908 1998 972 addidit,

429 1007 575 1076 quod
607 1006 801 1060 fecerit
841 1011 1028 1075 caput,
1065 1013 1159 1057 aut
1190 1004 1498 1070 cerebrum,
1540 1011 1636 1055 aut
1678 1002 1868 1072 bepar,
1909 1011 2004 1056 aut

429 1101 694 1170 splenem,
739 1103 833 1150 aut
866 1097 1181 1167 pulmonem
1220 1115 1232 1150 :
1275 1100 1397 1150 non
1429 1095 1572 1165 quod
1609 1102 1805 1149 catera
1845 1095 2001 1148 deni-

429 1203 537 1258 que
569 1187 842 1241 naturalia
895 1186 951 1239 in
983 1186 1146 1240 nobis
1179 1200 1381 1239 arcana
1412 1183 1621 1248 fecerit,
1659 1183 1783 1238 ideo
1820 1184 2004 1252 priva-

430 1289 516 1336 tos
549 1295 693 1341 esse,
732 1288 788 1334 et
832 1278 942 1333 illis
975 1293 1167 1332 carere
1204 1291 1304 1333 nos
1340 1270 1676 1345 putabimus,
1720 1276 1848 1345 quia
1894 1290 2003 1329 non

429 1372 635 1442 quavis
659 1372 866 1424 minuta
891 1378 1093 1424 nostra
1124 1376 1332 1423 natura
1356 1382 1557 1438 organa
1591 1367 1805 1422 Littera
1835 1381 2006 1421 sacra

429 1459 761 1514 recensent?
807 1457 874 1512 Ut
919 1458 1089 1527 igitur
1133 1457 1188 1510 in
1233 1455 1678 1512 consideratione
1724 1452 1896 1510 nostri
1939 1471 2007 1509 ex

430 1560 584 1618 parte
611 1557 783 1602 totum
809 1548 1186 1618 cognoscitur,
1207 1551 1288 1604 sic
1309 1555 1362 1602 et
1394 1554 1642 1601 sanctum
1677 1545 1845 1600 Deum
1873 1544 2008 1600 Ver-

435 1641 564 1694 bum
599 1647 711 1693 tam
758 1639 953 1693 anima
987 1654 1150 1708 quam
1195 1639 1415 1707 corpori
1463 1637 1676 1691 unitum
1717 1653 1840 1693 esse
1885 1652 2009 1692 cre-

434 1725 661 1795 damus,
700 1745 768 1785 ne
814 1730 1172 1784 inanimatum
1210 1730 1458 1784 divinum
1501 1729 1636 1783 illud
1677 1743 1879 1799 corpus
1916 1744 2010 1782 ar-

435 1823 729 1888 bitrantes,
774 1821 886 1876 Deo
921 1821 1188 1893 quasdam
1231 1821 1549 1876 affectiones
1588 1823 1870 1876 naturales
1908 1821 2010 1874 tri-

433 1914 686 1968 buamus.

853 1998 1368 2056 INTERROGATIO
1406 1997 1598 2055 XXIX.

505 2091 610 2149 Sed
639 2093 914 2164 quomodo
970 2093 1199 2163 aequalis
1236 2091 1386 2146 Patri
1422 2092 1725 2148 secundum
1757 2092 2010 2147 divinita-

432 2195 543 2242 tem
572 2195 659 2242 est
685 2186 966 2250 Christus,
1001 2186 1193 2257 angori
1221 2195 1276 2240 et
1305 2185 1496 2241 sudori
1534 2186 1831 2250 obnoxius,
1863 2194 1917 2240 et
1945 2190 2014 2239 ab

433 2279 626 2350 angelo
653 2278 1034 2344 conﬁrmatus,
1073 2277 1536 2347 quemadmodum
1571 2277 1639 2332 de
1676 2277 1793 2346 ipso
1835 2275 2014 2330 Lucas

435 2370 616 2440 inquit
649 2368 692 2435 ⁸,
739 2368 806 2423 de
833 2369 1036 2438 quibus
1072 2383 1239 2438 supra
1282 2368 1588 2439 quastione
1627 2375 1776 2425 mota
1820 2382 2013 2422 eorum

433 2460 862 2515 declarationem
893 2459 1249 2530 prateriisti?

1069 2549 1378 2620 Responsio.

507 2658 614 2714 Per
668 2657 784 2714 hac
830 2657 1125 2715 manifesto
1172 2660 1458 2726 docemur,
1509 2674 1621 2714 non
1669 2658 2014 2729 imaginarie,

440 2767 540 2808 nec
583 2752 872 2808 hominum
893 2753 1180 2823 opinione,
1216 2751 1312 2808 sed
1360 2768 1421 2808 re
1455 2754 1574 2824 ipsa
1612 2754 1797 2823 potius
1830 2753 2019 2806 nobis-

438 2858 564 2898 cum
600 2844 814 2898 unitum
847 2858 971 2898 esse
1005 2843 1192 2898 vivum
1229 2842 1366 2898 illud
1401 2851 1458 2898 et
1492 2860 1587 2914 per
1619 2860 1679 2900 se
1709 2844 2018 2899 subsistens

439 2943 694 2992 sanctum
717 2933 888 2989 Deum
912 2933 1178 2999 Verbum,
1209 2943 1440 3005 excepto
1463 2937 1582 2989 solo
1611 2946 1838 3004 peccato
1856 2945 2020 3004 atque

442 3027 596 3091 vitio,
639 3041 763 3097 qua
790 3026 989 3081 cadere
1030 3025 1271 3080 divinam
1319 3027 1378 3080 in
1409 3035 1661 3080 naturam
1706 3039 2018 3096 nequeunt;

443 3133 569 3172 nam
597 3118 720 3188 angi
760 3118 987 3183 anima,
1023 3117 1225 3172 sudare
1269 3132 1398 3172 vero
1440 3118 1689 3188 corporis
1729 3134 1850 3173 esse
1881 3119 2018 3173 dici-

444 3227 606 3277 mus;
653 3209 986 3280 sanguineas
1033 3221 1216 3264 autem
1265 3217 1448 3281 guttas
1487 3225 1518 3266 e
1579 3226 1746 3266 carne
1797 3210 2021 3266 efferve-

444 3310 684 3365 scentes,
722 3308 877 3371 puto,
927 3317 1024 3371 per
1063 3311 1407 3356 emanantem
1445 3301 1736 3370 liquorem,
1778 3301 2018 3358 infusum

443 3393 602 3450 nobis
643 3409 740 3463 per
780 3408 942 3448 aures
978 3407 1247 3446 venenum
1285 3394 1560 3462 serpentis
1611 3392 1667 3447 in
1704 3401 2021 3464 transgres-

445 3490 600 3543 sione
630 3485 799 3541 divini
833 3485 889 3539 in
919 3485 1175 3556 paradiso
1205 3484 1484 3554 pracepti,
1517 3500 1612 3554 per
1646 3484 1900 3538 unionem
1925 3483 2024 3538 Dei

444 3587 499 3634 et
530 3577 690 3634 Verbi
731 3592 762 3631 a
804 3585 993 3632 nostra
1036 3585 1234 3631 natura
1283 3577 1623 3647 abstergere,
1672 3593 1742 3632 ne
1789 3578 2025 3646 amplius

446 3670 844 3726 sacriﬁciorqu
875 3669 1070 3724 nidore
1096 3677 1150 3723 et
1188 3669 1476 3738 sanguine,
1514 3669 1864 3738 ﬁliorumque
1907 3684 2025 3722 ma-

445 3763 780 3818 ctationibus
823 3778 854 3816 a
902 3761 1060 3815 nobis
1103 3761 1315 3814 colatur
1362 3769 1558 3815 auctor
1606 3761 1699 3817 ille
1751 3762 2021 3816 malorum

447 3856 682 3912 damon.
701 3855 890 3923 Neque
910 3854 1137 3924 angelus
1165 3854 1546 3916 corroborare,
1580 3869 1850 3926 suumque
1872 3870 2026 3909 crea-

447 3955 623 4002 torem
657 3945 989 4000 conﬁrmare
1024 3944 1158 3997 mihi
1190 3943 1425 3999 videtur.
1460 3944 1747 4011 Quomodo
1765 3945 1911 3999 enim
1947 3943 2026 3997 la-

448 4038 632 4092 mulus
676 4034 958 4090 dominum
1001 4034 1372 4098 conﬁrmaret,
1424 4044 1520 4090 aut
1559 4036 1786 4106 spiritus
1815 4045 2027 4106 petram

446 4127 866 4185 corroboraret?
891 4125 1025 4180 Nam
1054 4134 1202 4194 petra
1224 4136 1338 4180 erat
1363 4125 1624 4192 Christus,
1659 4128 1834 4196 inquit
1867 4127 2026 4182 divus

449 4222 542 4276 ille
579 4219 940 4288 Apostolus".
977 4217 1040 4271 Et
1069 4233 1284 4281 rursus,
1319 4218 1424 4283 Qui
1463 4219 1595 4288 facit
1647 4219 1856 4287 angelos
1905 4236 2026 4272 suos

449 4314 668 4381 spiritus
694 4313 737 4365 ⁸.
765 4311 922 4374 Item,
952 4311 1161 4381 Absque
1202 4312 1345 4363 omni
1385 4313 1763 4373 controversia,
1798 4314 1970 4366 minus
1996 4329 2029 4365 a

451 4403 652 4473 majore
664 4401 983 4457 benedicitur
1010 4410 1060 4455 et
1083 4402 1432 4469 conﬁrmatur
1454 4404 1494 4454 ο.
1521 4404 1596 4456 Ex
1611 4403 1812 4472 quibus
1833 4404 2029 4457 merito

450 4496 808 4566 intelligatur,
859 4502 1086 4565 propter
1115 4510 1316 4548 novum
1351 4503 1404 4549 et
1449 4493 1754 4549 inauditum
1792 4495 2032 4549 miracu-

452 4587 565 4642 lum
603 4587 845 4642 victoria
890 4585 1102 4642 Christi
1145 4586 1292 4656 quod
1327 4594 1648 4640 secuturum
1685 4593 1824 4651 erat,
1860 4587 2034 4640 victo-

454 4679 642 4734 rialem
675 4676 969 4748 quamdam
1007 4677 1243 4748 speciem
1281 4677 1531 4747 angelum
1563 4678 1842 4744 exhibere,
1865 4676 2032 4735 Musis

452 4771 782 4844 legislatoris
831 4770 999 4826 verba
1049 4771 1232 4841 reipsa
1299 4769 1691 4835 declarantem,
1744 4772 1839 4842 qui
1905 4780 2032 4827 ante

455 4865 604 4920 mille
625 4872 682 4920 et
712 4865 898 4934 plures
935 4878 1111 4920 annos
1144 4864 1416 4918 exclamat
1446 4863 1492 4895 ¹⁰
1517 4883 1528 4916 :
1557 4862 1859 4928 Exsultate,
1895 4866 2031 4928 caeli,

455 4975 574 5011 eum
599 4973 679 5020 eo,
707 4955 965 5025 quoniam
997 4956 1050 5009 id
1079 4956 1225 5025 quod
1258 4956 1532 5024 dejectum
1559 4960 1678 5011 erat
1702 4957 1769 5011 ad
1795 4972 2033 5026 superna

455 5050 711 5113 reduxit;
754 5059 804 5102 et
843 5047 1068 5102 adorent
1110 5047 1282 5115 ipsum
1312 5063 1488 5102 omnes
1531 5047 1705 5118 angeli
1753 5047 1874 5112 Dei,
1908 5063 2034 5102 cum

457 5157 556 5197 sua
628 5141 748 5193 loca
810 5139 1094 5193 hominum
1161 5140 1483 5195 accessione
1537 5155 1722 5210 augeri
1773 5148 2033 5205 cernant;

455 5232 740 5294 exsultate,
778 5240 974 5301 gentes,
1008 5247 1127 5284 cum
1170 5230 1362 5299 populo
1395 5231 1530 5299 ejus,
1575 5223 1629 5286 et
1661 5239 1930 5301 quotquot
1968 5247 2036 5285 ex

457 5324 716 5392 gentibus
751 5321 996 5384 Enocho,
1023 5321 1161 5386 Noe,
1196 5321 1529 5387 Abrahamo,
1555 5321 1768 5386 lsaaco,
1804 5322 2034 5388 Iacobo,

458 5416 718 5485 Josepho,
766 5413 978 5476 Davidi.
1026 5413 1247 5470 Christo
1281 5423 1336 5469 et
1381 5414 1643 5469 Ecclesia
1675 5425 1802 5469 sunt
1845 5415 2035 5479 additi,

460 5507 711 5575 quoniam
753 5507 972 5576 sanguis
1005 5507 1240 5574 ﬁliorum
1283 5507 1418 5574 ejus,
1467 5506 1665 5576 inquit,
1716 5506 2036 5568 vindicatur,

462 5598 510 5642 et
534 5591 842 5655 vindicabit,
873 5601 923 5646 et
956 5593 1204 5646 retribuet
1255 5593 1506 5647 ultionem
1535 5595 1785 5660 inimicis,
1831 5607 1881 5648 et
1916 5595 2037 5650 odio

536 5748 556 5778 ‘
585 5745 888 5823 buc_._xxn,
928 5752 1018 5817 Η,
1051 5753 1138 5807 45.
1216 5753 1235 5785 ’
1275 5750 1444 5809 lCor.
1482 5769 1536 5819 κ,
1572 5753 1628 5807 4.
1718 5753 1913 5811 'Psal.
1953 5770 2021 5810 cn

2125 5756 2171 5823 l;
2205 5751 2369 5810 Hebr.
2412 5768 2450 5819 ι,
2485 5751 2536 5808 7.

462 5833 574 5876 sec.
604 5815 766 5872 LXX.

1477 340 1534 395 S.
1571 340 1872 396 CAESAR"
1911 342 2239 398 GREGORII
2278 340 2580 398 FBATRIS

3567 345 3678 405 888

2678 457 2924 513 ΠΕΥΣῙΣ
2953 458 3082 511 KR’.

2173 551 2284 604 Καὶ
2339 551 2427 604 διὰ
2468 551 2519 604 τί
2555 548 2629 621 μὴ
2658 549 2906 622 φανερῶς
2938 545 3091 602 εἶπεν
3141 548 3415 620 Ἰωάννης,
3464 549 3545 602 ὅτι
3579 548 3680 603 καὶ

2101 643 2278 714 ψυχὴν
2303 641 2513 708 ἐλαϐεν,
2537 643 2613 705 ὼς
2639 643 2768 714 περὶ
2795 643 2892 712 τῆς
2920 642 3118 712 σαρκὸς
3137 641 3315 710 λέγεις

2711 735 3067 802 Ἀπόκρισις.

2170 821 2296 896 Ἆρ’
2325 821 2437 890 οὖν,
2470 826 2596 879 ἐπεί
2631 841 2793 894 φησιν
2814 827 2846 896 ή
2871 825 3084 895 Γραφὴ,
3108 824 3190 876 ὅτι
3218 820 3517 894 ὲποίησενδ
3545 819 3682 884 Θεὸς

2101 917 2193 971 τδν
2243 916 2548 988 ἄνθρωπον,
2610 917 2741 987 χοῦν
2801 915 2909 969 ἀπὸ
2963 916 3061 986 τῆς
3111 915 3215 983 γῆς
3248 911 3450 973 λαϐὼν,
3493 911 3584 965 καὶ
3614 910 3682 964 οὐ

2105 1008 2460 1079 προσέθηκεν,
2492 1009 2573 1060 ὅτι
2613 1006 2833 1075 ἐποίησε
2864 1005 3106 1075 κεφαλὴν
3154 1003 3188 1074 ἢ
3222 1002 3540 1071 ἐγκέφαλον,
3581 1004 3689 1071 οὐχ

2103 1093 2276 1169 ἧπαρ,
2332 1098 2365 1167 ἢ
2411 1096 2624 1166 σπλῆνα
2657 1097 2752 1151 καὶ
2791 1094 3087 1164 πνεύμονα,
3126 1093 3226 1160 οὐχ
3267 1089 3455 1160 ἕτερον
3488 1107 3539 1141 τι
3571 1088 3686 1139 τῶν

2107 1188 2348 1259 φυσικῶν
2383 1189 2719 1259 μυστηρίων,
2756 1187 2909 1257 παρά
2941 1185 3100 1239 τοῦτο
3133 1185 3370 1255 ἐρήμους
3397 1178 3690 1247 καὶάκτή-

2109 1300 2275 1353 μονας
2299 1283 2522 1336 ἐκείνων
2553 1281 2776 1343 ἑαυτοὺς
2807 1278 3103 1349 οἰηθῶμεν,
3137 1277 3212 1348 μὴ
3243 1271 3692 1344 λετιτηγορούσης

2105 1375 2204 1442 τῆς
2228 1371 2452 1444 Γραφῆς
2497 1371 2565 1423 τά
2618 1368 2821 1437 φυσικὰ
2861 1367 3018 1438 ήμῶν
3047 1367 3287 1438 ὃργανα;
3328 1363 3415 1424 Ὡς
3445 1360 3574 1430 γοῦν
3599 1361 3696 1427 ἐφ’

2107 1466 2263 1536 ήμῶν
2292 1464 2400 1517 ἀπὸ
2436 1464 2636 1534 μέρους
2679 1462 2740 1513 τὸ
2770 1463 2877 1514 πᾶν
2906 1458 3345 1527 διαγινώσκεται,
3382 1451 3554 1514 οὕτως
3591 1450 3697 1503 καὶ

2105 1555 2198 1608 τὸν
2243 1556 2397 1622 ἅγιον
2440 1553 2572 1607 Θεὸν
2604 1553 2776 1620 Λόγον
2859 1551 3005 1621 ψυχῇ
3049 1551 3142 1604 καὶ
3187 1547 3398 1618 σώματι
3446 1540 3701 1614 ἡνῶσθαι

2109 1645 2515 1716 πιστεύσωμεν·
2545 1645 2631 1698 ἴνα
2649 1643 2724 1714 μὴ
2746 1643 2951 1713 ἄψυχον
2961 1643 3022 1694 τὸ
3047 1641 3188 1694 θεῖον
3212 1640 3368 1709 σῶμα
3384 1633 3700 1696 δοκοῦντες,

2111 1737 2186 1809 τῷ
2219 1737 2338 1807 Θεῷ
2363 1736 2504 1790 κατά
2537 1735 2698 1806 φύσιν
2722 1734 2870 1807 πάθη
2895 1731 3289 1807 προσάψωμεν.

2699 2027 2948 2081 ΠΕΥΣῙΣ
2987 2025 3118 2080 ΚΘ.

2185 2125 2288 2180 Καὶ
2313 2124 2432 2188 πῶς
2464 2118 2581 2185 ἴσος
2615 2121 2694 2192 τῷ
2736 2119 2911 2189 Πατρὶ
2955 2117 3098 2172 κατὰ
3122 2116 3352 2186 θεὸτητα
3393 2115 3422 2166 ὁ
3462 2109 3707 2183 Χριστὸς

2113 2216 2323 2288 ἀγωνία
2373 2214 2470 2268 καὶ
2519 2211 2704 2284 ἱδρῶτι
2738 2209 3118 2280 συνεχόμενος,
3165 2207 3260 2260 καὶ
3312 2203 3417 2258 ὑπὸ
3461 2201 3703 2271 ἀγγέλου

2115 2308 2515 2379 ὲνισχυόμενος,
2534 2302 2715 2367 καθὼς
2743 2303 2772 2354 ὁ
2803 2301 3019 2363 Λουκᾶς
3045 2299 3174 2370 περὶ
3203 2295 3366 2352 αὑτοῦ
3393 2293 3573 2362 λέγει;
3600 2291 3706 2344 καὶ

2115 2398 2373 2469 ἀνωτέρω
2419 2395 2528 2466 γὰρ
2576 2394 2782 2447 τούτων
2820 2389 3150 2461 κινηθέντων
3196 2385 3551 2458 παρέδραμες
3595 2384 3704 2452 τὴν

2115 2494 2351 2562 διασάφη
2358 2507 2440 2544 σιν
2452 2510 2468 2560 ;

2736 2577 3098 2646 Ἀπόκρισις.

2189 2674 2384 2744 Σαφῶς
2415 2675 2482 2726 ὲκ
2514 2671 2719 2726 τούτων
2766 2665 3154 2737 παιδευόμεθα,
3198 2663 3258 2716 ού
3307 2656 3574 2730 φαντασίᾳ
3604 2655 3708 2708 καὶ

2117 2767 2356 2837 δοκήσει,
2387 2762 2618 2833 ἀληθείᾳ
2646 2760 2703 2812 δὲ
2735 2758 2936 2831 μᾶλλον
2962 2757 3031 2809 τὰ
3070 2755 3315 2826 ⁴ἡμέτερα
3340 2749 3581 2816 ἡνῶσθαι
3609 2747 3706 2798 τὸν

2119 2859 2297 2924 ζῶντα
2328 2857 2424 2910 καὶ
2454 2855 2816 2910 ὲνυπόστατον
2850 2850 3005 2918 ἅγιον
3039 2848 3169 2900 Θεὸν
3196 2846 3388 2914 Λόγον,
3424 2841 3564 2912 πλὴν
3607 2839 3706 2910 μό-

2120 2969 2217 3022 νης
2258 2951 2358 3020 τῆς
2388 2941 2622 3001 ἀνοσίου’
2648 2943 2878 3005 κακίας⁹
2916 2939 3264 2994 ἀνεπίδεκτον
3297 2936 3406 3007 γὰρ
3437 2934 3604 3004 αὐτῆς
3640 2933 3709 2984 τὸ

2121 3045 2294 3100 Θεῖον.
2345 3040 2417 3093 Τὸ
2462 3039 2570 3110 γὰρ
2621 3037 2859 3106 ἀγωνιᾷν
2898 3033 2999 3103 τῆς
3052 3031 3252 3101 ψυχῆς,
3286 3030 3346 3081 τὸ
3394 3028 3452 3081 δὲ
3498 3025 3706 3097 ῑδροῦν,

2123 3135 2214 3188 τοῦ
2245 3132 2493 3204 σώματός
2521 3146 2702 3200 φαμεν
2721 3145 2736 3159 ο
2765 3129 2890 3188 τοὺς
2926 3125 2984 3178 δὲ
3016 3122 3270 3194 αἱμώδεις
3304 3119 3574 3191 θρόμϐους
3603 3117 3709 3185 τῆς

2126 3227 2327 3298 σαρκὸς
2361 3220 2845 3296 ὲκϐραττομένους,
2879 3216 3041 3281 δοκῶ,
3090 3215 3179 3268 διὰ
3213 3214 3312 3283 τῆς
3358 3211 3709 3280 ὲκδιδομενης

2121 3318 2342 3382 νοτίδος,
2373 3315 2464 3368 τὸν
2497 3312 2789 3383 ὲγχεθέντα
2828 3311 2960 3380 ἡμῖν
2993 3307 3060 3360 δι’
3090 3305 3260 3374 ἀκοῆς
3289 3305 3366 3357 ίὸν
3391 3301 3485 3356 τοῦ
3505 3302 3714 3369 ὄφεως,

2126 3412 2219 3464 ἐπὶ
2254 3413 2319 3480 τῇ
2355 3406 2666 3478 παραϐάσει
2694 3405 2794 3474 τῆς
2821 3401 2972 3464 θείας
3015 3401 3072 3452 ὲν
3104 3395 3418 3468 παραδείσῳ
3463 3393 3708 3460 ἐντολῆς,

2123 3503 2188 3572 τῇ
2224 3499 2415 3552 ὲνώσει
2449 3497 2540 3550 τοῦ
2575 3493 2734 3560 Θεοῦ,
2771 3493 2865 3546 καὶ
2905 3491 3102 3558 Λόγου,
3155 3489 3255 3558 τῆς
3298 3485 3512 3554 φύσεως
3550 3481 3713 3553 ήμῶν

2124 3571 2491 3662 ὲκμύζεσθαιο
2527 3587 2668 3639 ὥστε
2719 3583 2916 3656 μηκέτι
2963 3581 3214 3641 κνίσσαις
3245 3578 3340 3629 καὶ
3370 3576 3565 3644 αἵμασι
3615 3571 3716 3624 καὶ

2127 3680 2535 3741 παιδοκτονίαις
2563 3679 2652 3746 ὑφ’
2678 3675 2834 3746 ἡμῶν
2863 3669 3261 3743 θρησκεύεσθαι
3287 3667 3380 3720 τὸν
3402 3665 3716 3736 ἀρχέκακον

2125 3772 2372 3842 δαίμονα.
2407 3768 2541 3822 Οὐδὲ
2575 3765 2803 3835 ἄγγελος
2854 3760 3264 3834 έπιρρωννύειν,
3308 3759 3403 3811 καὶ
3450 3755 3716 3825 σθεναρὸν

2129 3859 2407 3916 ἀποτελῶν
2455 3859 2544 3912 τὸν
2590 3855 2781 3910 ἑαυτοῦ
2834 3851 3060 3923 ποιητὴν
3093 3851 3359 3920 ἐνισχύειν
3408 3865 3496 3918 μοι
3541 3847 3711 3899 δοκεῖ.

2130 3954 2256 4017 Πῶς
2306 3952 2416 4023 γὰρ
2453 3950 2673 4018 οἰκέτης
2708 3945 2978 4014 δεσπότην
3019 3941 3372 4014 ἐνισχύσειεν,
3409 3940 3442 4008 ἢ
3493 3938 3714 4008 πνεῦμα

2133 4046 2337 4115 πέτραν
2364 4040 2858 4111 ύποστερηνήσειεν
2902 4035 3062 4106 (sic);
3103 4031 3171 4084 Ἦ
3192 4033 3302 4102 γὰρ
3349 4029 3556 4099 ¹πέτραι
3575 4026 3652 4097 ἦν
3677 4030 3714 4081 ό

2122 4135 2588 4206 Χριστὸς-,φησὶν
2631 4134 2658 4184 ὁ
2710 4130 2853 4194 θεῖος
2899 4125 3237 4190 Ἀπόστολος.
3282 4126 3392 4180 Καὶ
3425 4123 3607 4185 πάλιν,
3653 4123 3712 4172 Ὁ

2131 4228 2318 4284 ποιῶν
2346 4227 2487 4292 τοὺς
2513 4224 2807 4294 ἀγγέλους
2853 4219 3040 4274 αὑτοῦ
3081 4218 3421 4286 πνεύματα·
3458 4217 3550 4268 καὶ
3600 4219 3713 4270 πά-

2130 4321 2234 4386 λιν,
2269 4316 2456 4384 Χωρὶς
2481 4314 2684 4379 πάσης
2709 4311 3054 4379 ἀντιλογίας
3079 4308 3146 4361 τὸ
3176 4308 3429 4361 ἔλαττον
3460 4305 3578 4359 ὑπὸ
3603 4307 3714 4359 τοῦ

2134 4411 2474 4480 κρείττονος
2526 4401 2857 4472 εὐλογεῖται
2906 4398 3005 4452 καὶ
3058 4397 3422 4466 ἐνισχύεται.
3497 4393 3587 4458 Ἐξ
3635 4387 3716 4446 ὧν

2139 4503 2365 4564 εἰκότως
2396 4497 2620 4553 νοείσθω
2651 4494 2789 4564 ὑπὲρ
2825 4491 2921 4544 τοῦ
2959 4490 3244 4563 μέλλοντος
3281 4487 3584 4560 παραδόξου
3609 4486 3714 4556 τῆς

2137 4595 2294 4664 νίκης
2316 4587 2553 4663 Χριστοῦ
2577 4584 2842 4640 ἐπινίκιόν
2861 4602 2912 4636 τι
2945 4582 3133 4653 σχῆμα
3153 4581 3244 4634 τὸν
3266 4579 3495 4649 ἄγγελον
3518 4581 3712 4642 ποιεῖν,

2139 4686 2284 4755 ἔργῳ
2307 4683 2376 4734 τὰ
2398 4679 2642 4742 Μωσέως
2667 4676 2761 4729 τοῦ
2787 4674 3077 4745 νομοθέτου
3101 4671 3448 4743 παριστῶντα
3471 4673 3715 4743 ῥήματα,

2137 4777 2244 4848 πρὸ
2275 4774 2462 4845 χιλίων
2497 4770 2593 4824 καὶ
2625 4770 2737 4824 ἄνω
2765 4767 2971 4838 χρόνων
3000 4763 3297 4836 διαρρήδην
3331 4761 3577 4832 βοῶντος·
3607 4763 3718 4813 Εὐ-

2137 4866 2456 4936 φράνθητε,
2490 4859 2756 4929 οὐρανοὶ,
2808 4857 2929 4927 ἅμα
2972 4854 3151 4920 αὐτῷ,
3183 4855 3264 4908 ὅτι
3296 4853 3365 4907 τὰ
3410 4854 3558 4906 κάτω
3603 4853 3718 4906 ἄνω

2139 4959 2383 5028 ἀνήγαγε
2403 4996 2417 5019 ,
2475 4953 2573 5005 καί
2629 4947 3232 5020 προσκυνησάτωσαν
3275 4945 3438 5012 αὐτῷ
3492 4943 3717 5008 πάντες

2141 5049 2380 5117 ἄγγελοι
2415 5044 2584 5108 Θεοῦ,
2633 5043 2733 5105 τὰς
2773 5041 2922 5111 σφῶν
2972 5039 3156 5110 χώρας
3187 5038 3472 5110 προσθήκῃ
3509 5035 3718 5108 βροτῶν

2144 5138 2445 5209 αὐξομένοις
2473 5136 2708 5208 ὁρῶντες
2729 5151 2741 5163 ’
2780 5133 3189 5202 Εὐφράνθητε,
3221 5130 3389 5198 ἔθνη,
3415 5129 3567 5199 μετὰ
3607 5128 3718 5182 τοῦ

2143 5231 2295 5285 λαοῦ
2326 5227 2532 5287 αὐτοῦ,
2575 5229 2625 5279 οἱ
2665 5226 2724 5291 ἐξ
2755 5225 2944 5288 ἐθνῶν,
2974 5223 3052 5294 τῷ
3096 5221 3287 5292 Ἑνὼχ,
3323 5221 3402 5290 τῷ
3442 5220 3717 5291 Ἀϐραὰμ,

2143 5322 2222 5391 τῷ
2261 5321 2466 5384 Ἰσαὰκ,
2491 5318 2570 5388 τῷ
2627 5317 2846 5385 Ἰωσὴφ,
2887 5315 2964 5384 τῷ
3014 5313 3199 5377 Δαϐὶδ,
3245 5313 3325 5384 τῷ
3361 5311 3601 5383 Χριστῷ,
3649 5315 3720 5378 τῇ

2158 5413 2454 5484 Ἐκκλησία
2506 5409 2937 5482 προστιθέμενοι,
2989 5407 3174 5461 ὅτιτὸ
3217 5404 3359 5475 αἷμα
3405 5402 3528 5458 τῶν
3571 5403 3727 5458 υἱῶν

2146 5505 2352 5565 αὺτοῦ,
2390 5505 2575 5573 φησιν,
2611 5497 2948 5562 ἐκδικεῖται,
2988 5498 3089 5550 καὶ
3119 5495 3451 5562 ἐκδικήσει,
3483 5495 3582 5548 καὶ
3613 5495 3726 5548 ἀν-

2147 5594 2477 5649 ταποδώσει
2511 5593 2688 5659 δίκην
2720 5591 2843 5658 τοῖς
2874 5591 3129 5662 ἐχθροῖς,
3153 5589 3248 5643 καὶ
3282 5588 3406 5654 τοῖς
3429 5587 3725 5658 μισοῦσιν

2647 5751 2668 5782 ’
2694 5749 2858 5806 Hebr.
2892 5766 2986 5817 vn,
3026 5749 3076 5803 7.
3179 5747 3226 5780 ¹⁶
3255 5745 3414 5804 Deut.
3443 5760 3616 5812 xxx",
3649 5744 3727 5801 ιδ
