4108 6376
350 445 461 504 889

346 564 537 618 αὑτὸν
572 565 1005 631 ἀνταποδὼσει,
1046 568 1144 620 καὶ
1190 568 1528 637 ἐκκαθαριεῖ
1559 567 1778 635 Κύριος
1808 565 1923 632 τὴν

348 651 468 724 τῆν
511 654 617 708 τοῦ
665 656 820 708 λαοῦ
860 656 1064 710 αὐτοῦ.
1115 657 1272 710 Ἀλλὰ
1308 659 1399 711 καὶ
1450 661 1478 711 ὁ
1522 658 1721 727 ὑψηλὸς
1761 657 1922 709 Ἀπό-

350 746 557 812 στολος,
596 748 872 811 ἐπινικίως
909 750 1170 820 ἐνισχύων
1202 751 1279 821 τῷ
1310 751 1551 823 Χριστῷ,
1599 754 1757 821 φησὶ,
1793 752 1927 818 Χρι-

348 836 498 901 στὸς
539 838 686 891 Θεοῦ
733 839 1002 909 δύναμις,
1047 842 1146 894 καὶ
1181 842 1328 895 Θεοῦ
1359 843 1565 911 σοφία.
1602 843 1710 895 Καὶ
1738 842 1922 904 πάλιν,

348 924 424 989 ὡς
452 930 643 998 νικητῇ
680 930 858 984 πᾶσαν
889 930 1066 984 κτίσιν
1104 932 1425 986 ποτνιᾶσθαι
1456 932 1603 1003 αὑτῷ
1631 932 1920 1000 παιδεύων,
1951 1002 1960 1010 _

351 1016 536 1087 φησὶν,
590 1019 691 1071 Ἐν
715 1018 795 1085 τῷ
824 1022 1068 1091 ὀνόματι
1116 1023 1312 1091 Ἰησοῦ
1340 1024 1598 1093 Χριστοῦ
1626 1022 1748 1077 πᾶν
1774 1025 1923 1092 γόνυ

351 1104 572 1175 κάμψει
635 1109 1038 1177 ἐπουρανίων,
1096 1114 1194 1167 καὶ
1246 1115 1541 1185 ἐπιγείων,
1605 1116 1700 1167 καὶ
1756 1113 1924 1168 πᾶσα

352 1194 603 1262 γλῶσσα
668 1198 1172 1269 ἐξομολογήσεται
1243 1204 1421 1269 αὐτῷ.
1491 1205 1804 1275 Συμφώνως
1865 1205 1923 1257 δὲ

350 1285 521 1358 τούτῳ
554 1288 876 1359 βροντόπαις
919 1295 1187 1366 Ἰωάννης,
1226 1298 1505 1360 ὲπινικίως
1538 1296 1800 1364 θεολογῶν
1832 1296 1922 1351 τὸν

349 1375 601 1447 Χριστὸν,
639 1383 770 1452 φησί
787 1399 800 1413 ·
834 1386 947 1438 Kal
972 1387 1341 1456 ἐθεασάμεθα
1364 1389 1477 1457 τὴν
1500 1389 1687 1453 δόξαν
1710 1388 1921 1454 αὑτοῦ,

348 1467 538 1532 δόξαν
566 1472 646 1537 ὡς
667 1476 1046 1545 Μονογενοῦς
1070 1481 1229 1548 παρὰ
1261 1484 1524 1549 Πατρόςῖ
1550 1482 1786 1549 πλήρης
1815 1481 1923 1550 χά·

341 1576 507 1627 ριτος
538 1564 639 1617 καὶ
681 1566 1003 1635 ἀληθείας.
1046 1571 1137 1641 Τῷ
1164 1571 1220 1623 δὲ
1276 1573 1494 1644 ἀγγέλῳ
1530 1576 1783 1645 ἑπόμενοι
1826 1575 1923 1630 καὶ

348 1654 529 1721 ἡμεῖς,
564 1653 673 1709 οἷον
706 1659 1024 1731 ὲνισχύομεν
1053 1664 1334 1729 ὲπινικίως
1372 1666 1463 1719 τὸν
1490 1668 1722 1738 Χριστὸν
1750 1670 1807 1721 ὲν
1842 1668 1922 1740 τῷ

348 1748 523 1817 καιρῷ
568 1749 667 1818 τῆς
720 1750 870 1816 θείας
909 1755 1019 1807 τῶν
1074 1757 1350 1825 μυστικῶν
1399 1759 1622 1830 τελετῆς
1669 1759 1919 1829 βοῶντες,

346 1836 471 1894 Ὀτι
498 1840 618 1894 σόν
646 1843 712 1897 τὸ
755 1846 973 1914 κράτος
1005 1850 1103 1903 καὶ
1137 1853 1176 1919 ἠ
1214 1853 1505 1915 ,ϐασιλεία
1542 1855 1639 1909 καὶ
1677 1856 1715 1925 ἠ
1744 1854 1924 1909 δύνα-

341 1948 445 1999 μις
489 1934 584 1987 καὶ
617 1938 655 2005 ἠ
695 1936 863 2002 δόξα.
917 1942 1047 1995 Ἰδοὺ
1078 1942 1139 1996 τὸ
1171 1945 1349 1999 ἑνικὸν
1385 1947 1485 2018 τῆς
1530 1947 1679 2012 θείας
1708 1949 1921 2017 φύσεως

344 2021 439 2074 τοῦ
473 2024 686 2097 Πατρὸς
715 2030 810 2082 καὶ
839 2030 932 2083 τοῦ
955 2031 1108 2100 Υίοῦ,
1141 2036 1236 2088 καὶ
1277 2036 1371 2090 τοῦ
1397 2037 1554 2107 ἁγίου
1580 2040 1919 2111 Πνεύματος.

418 2205 593 2277 Ὅπερ
614 2207 778 2279 νόμος
792 2211 887 2264 καὶ
912 2215 1025 2278 τοῖς
1054 2218 1338 2284 γυμνικοῖς
1364 2217 1593 2286 ἀγῶσιν,
1612 2220 1708 2274 εἶτ’
1726 2222 1784 2273 ὲν
1814 2238 1922 2274 σω-

347 2298 631 2365 μασκίαις,
643 2302 770 2367 τοὺς
780 2304 1058 2377 ἀνδρείους
1073 2308 1168 2361 καὶ
1189 2309 1505 2380 ρωμαλέους
1520 2312 1628 2365 τῶν
1649 2313 1918 2382 ἀθλητῶν,

345 2385 462 2456 ἦτοι
488 2396 903 2464 παγκρατείαις,
925 2400 1052 2463 τοὺς
1076 2401 1151 2471 (8)
1186 2403 1289 2455 ὑπὸ
1316 2405 1617 2475 μειρακίων
1643 2407 1803 2461 τινῶν
1826 2407 1921 2462 καὶ

349 2481 541 2552 κομιδῆ
565 2483 720 2549 νέων,
756 2489 978 2557 μηδέπω
1015 2491 1209 2556 ἰούλοις
1240 2495 1338 2557 τὰς
1364 2496 1598 2568 παρειὰς
1630 2498 1922 2571 σκιαζομέ-

348 2588 486 2633 νων,
543 2574 943 2645 ὑποφωνεῖσθαι
989 2581 1084 2634 καὶ
1136 2583 1474 2653 ἀλείφεσθαι,
1533 2586 1674 2640 ὥστε
1725 2589 1922 2653 αὐτοὺς

346 2663 693 2732 σφριγῶντας
729 2672 1101 2743 στεῤῥοτέρως
1147 2676 1287 2729 κατά
1330 2678 1440 2730 τῶν
1473 2678 1784 2733 ἀντιπάλων
1813 2698 1923 2750 χω-

348 2754 490 2821 ρεῖψ
522 2756 619 2826 οὐχ
661 2758 744 2811 ὅτι
777 2759 968 2833 ῥώμης
1017 2765 1111 2818 καὶ
1150 2766 1461 2832 εὑσθενείας
1499 2773 1611 2833 τοῖς
1654 2771 1920 2842 ἀνδρείοις

344 2842 495 2913 παρά
542 2846 650 2899 τῶν
704 2849 1107 2925 ἀσθενεστέρων
1163 2857 1531 2929 ἐντιθεμένης,
1582 2859 1717 2914 ἀλλὰ
1771 2861 1920 2933 νόμῳ

344 2936 438 2990 καὶ
472 2939 791 3005 ἀκολουθίας
830 2944 1044 3016 ἑκάστῳ
1075 2945 1309 3016 δράματι
1340 2953 1788 3020 προηγουμένων.
1825 2956 1921 3005 Δεο

345 3029 596 3096 σποτείας
627 3034 845 3099 πάντως
872 3035 1033 3107 νόμος
1066 3038 1170 3091 ὑπὸ
1198 3039 1305 3093 τῶν
1333 3042 1557 3097 οἰκετῶν
1578 3043 1914 3114 ἀλείφεσθαι,

343 3119 436 3171 καὶ
493 3119 867 3177 θωπεύεσθαιο
924 3125 1196 3197 πλήρωμα
1245 3130 1304 3182 δὲ
1350 3132 1514 3201 νόμου
1569 3134 1837 3203 Χριστὸς,
1889 3138 1917 3189 ὁ

342 3210 560 3265 πάντων
590 3212 725 3282 ὁμοῦ
765 3216 1068 3286 Δεσπότης·
1116 3218 1277 3288 νόμος
1314 3220 1370 3273 δὲ
1404 3221 1671 3289 ἀγγέλοις,
1707 3224 1795 3277 τὸν
1832 3242 1919 3278 σο-

343 3302 440 3370 φὸν
471 3305 697 3375 ποιητὴν
744 3307 838 3359 καὶ
880 3307 1145 3378 δεσπότην
1174 3309 1441 3365 θωπεύειν
1473 3315 1567 3367 καὶ
1603 3314 1918 3369 ὑποσαίνειν

343 3394 772 3465 βοηθουμένους,
828 3400 889 3452 οὐ
943 3399 1288 3471 βοηθοῦντας.
1354 3405 1417 3457 Εἰ
1469 3404 1578 3476 γὰρ
1625 3406 1725 3477 τῆς
1787 3408 1917 3480 παρ’

341 3486 565 3539 ἐκείνων
596 3487 775 3558 ἰσχύος
803 3489 993 3553 ὲδείτο,
1039 3491 1218 3563 πολλῷ
1272 3493 1469 3562 μᾶλλον
1507 3497 1565 3547 ὲν
1606 3498 1671 3567 τῇ
1723 3497 1916 3566 ἐρήμῳ

341 3580 749 3650 τεσσαράκοντα
800 3582 1022 3654 ἡμερῶν
1069 3585 1175 3638 ὑπὸ
1227 3586 1322 3640 τοῦ
1375 3588 1620 3641 διαϐόλου
1660 3588 1918 3660 πειραζὸ-

345 3684 504 3737 μενος
540 3670 754 3741 ἐκείνης
805 3672 1022 3744 ἐδεήθη.
1084 3676 1222 3729 Ἀλλ’
1276 3677 1397 3731 ούδέ
1456 3696 1558 3732 που
1605 3682 1670 3750 τῇ
1724 3680 1912 3751 Γραφῇ

341 3760 500 3814 τοῦτο
527 3762 762 3834 εἴρηταιο
802 3767 1077 3835 Ἀγγελοι
1107 3770 1238 3842 γὰρ,
1271 3771 1427 3839 φησὶ,
1475 3772 1915 3838 προσελθόντες

340 3851 440 3905 οὐκ
470 3853 747 3925 ἐϐοήθουν,
781 3856 916 3910 ἀλλὰ
944 3857 1269 3927 διηκόνουν
1303 3859 1495 3925 αὐτῷ·
1529 3862 1664 3933 ὅπερ
1711 3863 1914 3934 ἐναργῆ

340 3944 435 3999 τοῦ
478 3946 579 4017 μὲν
626 3947 724 4018 τὴν
777 3949 1117 4016 δεσποτείαν,
1160 3950 1269 4005 τῶν
1296 3952 1354 4006 δὲ
1382 3953 1480 4024 τὴν
1509 3954 1751 4007 οἰκετίαν
1770 3973 1916 4027 παρ-

343 4037 540 4111 ίστησι.
572 4040 729 4094 Κατά
769 4038 861 4096 οὖν
888 4042 981 4097 τὸν
1012 4043 1342 4099 ἁποδοθέντα
1390 4045 1546 4114 λόγον
1578 4047 1802 4101 νοείσθω
1845 4049 1913 4102 τὰ

340 4130 471 4200 περὶ
521 4131 614 4183 τοῦ
668 4132 924 4201 ἀγγέλου.
989 4135 1127 4188 Οῦτε
1176 4137 1285 4208 γὰρ
1336 4138 1406 4192 τά
1454 4139 1584 4207 ἅγια
1636 4139 1917 4211 Χερουϐὶμ

343 4219 616 4290 ἀγιασμοῦ
663 4224 1035 4293 προσδίδονται
1080 4227 1139 4279 ὲν
1185 4227 1398 4298 ούρανῷ
1441 4233 1507 4301 τῇ
1560 4229 1679 4300 θείᾳ
1728 4231 1916 4301 Τριάδι

340 4313 619 4383 ἀσιγήτως
632 4315 693 4368 τὸ
712 4317 781 4371 Ἀ
790 4334 932 4387 νιος,
952 4318 1139 4387 ἅγιος,
1154 4320 1340 4388 ἅγιος,
1356 4322 1484 4375 ὃταν
1511 4323 1880 4393 ἀναφωνοῦσιν
1894 4340 1910 4357 ⁶

342 4406 450 4458 οὐδ’
492 4402 558 4459 αὖ
609 4407 791 4469 πάλιν,
826 4412 983 4481 ὴμῶν
1027 4415 1085 4465 ἐν
1132 4409 1700 4484 τρισαγίῳ,”Αγιοςό
1748 4418 1911 4486 Θεὸς,

342 4496 506 4565 ἅγιος
535 4500 806 4569 ἰσχυρὸς,
843 4502 1010 4571 ἅγιος
1035 4503 1349 4569 ἀθάνατος,
1394 4507 1725 4575 ὲκϐοώντων,
1754 4511 1913 4579 ἁγια-

345 4589 479 4658 σμὸν
510 4590 547 4662 ἦ
582 4592 733 4663 ἰσχὺν
765 4593 798 4663 ἢ
831 4593 1128 4649 ἀθανασίαν
1157 4596 1219 4649 τὸ
1257 4598 1410 4651 Θεῖον
1444 4599 1661 4653 ἐνίεται.

944 4990 1191 5043 ΠΕΥΣῙΣ
1240 4992 1317 5045 Δ’.

424 5100 645 5166 Ἲκανῶς
687 5102 816 5173 περὶ
845 5100 954 5155 τῶν
990 5102 1151 5157 θείων
1184 5105 1634 5175 προσταχθέντων
1669 5124 1750 5159 σοι
1784 5112 1915 5180 παρ’

337 5193 494 5263 ἡμῶν
536 5193 899 5264 διδαχθέντες,
931 5195 1029 5258 τὰς
1055 5195 1166 5248 τῶν
1204 5198 1449 5267 ἀνοήτων
1474 5198 1704 5268 δεόμεθα
1730 5200 1916 5253 λοιπὸν

337 5284 716 5356 ἀνατραπῆναι
754 5286 959 5355 φωνάς.
1001 5287 1231 5355 Λέγουσι
1274 5287 1383 5356 γὰρ
1430 5288 1643 5355 ἀγνοεῖν
1685 5290 1775 5343 τὸν
1806 5291 1918 5343 Σω-

336 5377 482 5447 τῆρα
530 5376 592 5430 τὺ
647 5376 743 5429 τοῦ
793 5376 1045 5449 Λαζάρου
1084 5379 1293 5449 μνῆμα,
1343 5379 1438 5433 κα)⁵
1480 5380 1580 5450 τὴν
1628 5366 1923 5453 ἀψαμὲνηνλ

335 5467 429 5520 τοῦ
465 5467 771 5539 κρασπέδου
808 5469 1258 5542 αἱμορρίο]οὖσαν
1285 5472 1540 5538 γυναῖκα,
1568 5472 1661 5524 καὶ
1685 5472 1767 5525 ὅτι
1798 5473 1917 5525 οὐδὲ

412 5632 454 5664 ²¹
489 5632 660 5690 lCor.
695 5648 736 5695 ι,
774 5630 864 5685 24.

1004 5624 1046 5663 ⁹’
1081 5630 1316 5703 Philipp.
1361 5648 1421 5694 ιι,
1478 5631 1565 5695 10,
1620 5633 1703 5685 ll.

341 5703 388 5736 ⁸⁸
419 5702 524 5758 lsa.
561 5719 634 5769 vr,
666 5704 720 5758 5.

409 5840 485 5910 (8)
522 5822 679 5895 Ἤτοι
709 5838 1148 5910 παγκρατείαις.
1180 5837 1341 5899 τούς.
1372 5834 1498 5910 Hoc,
1519 5851 1768 5910 comma,
1790 5838 1908 5908 ἦτοι

338 5907 757 5982 παγκρατείαις,
780 5908 1220 5965 transferendum
1260 5914 1386 5962 ante
1426 5907 1549 5971 τοὺς
1590 5907 1898 5979 ἀνδρείους,

1692 448 2040 507 DIALOGUS
2066 450 2109 504 1.

1837 5635 1879 5666 ¹³
1912 5634 2067 5695 Joan.
2108 5660 2148 5709 I,
2185 5643 2269 5698 M.

3499 452 3608 509 890

2027 570 2458 638 prosequentibus
2488 571 2656 638 ipsum
2688 572 2965 635 retribuet,
2998 580 3046 625 et
3073 570 3385 642 expurgabit
3420 570 3608 626 Domi-

2028 676 2126 713 nus
2182 669 2379 713 terram
2414 663 2594 729 populi
2623 664 2727 716 sui.
2773 662 2879 717 Sed
2933 672 2986 718 et
3024 664 3258 717 eximius
3306 663 3605 727 Apostolus

2026 751 2323 806 victoriose
2355 752 2409 805 in
2435 752 2656 809 Christo
2677 770 2735 809 se
2762 756 3092 809 confirmans
3114 754 3326 824 inquit:
3358 752 3605 809 Christus

2024 852 2102 897 est
2132 844 2230 897 Dei
2262 847 2490 912 potentia
2528 856 2578 900 et
2615 846 2708 900 Dei
2744 848 2999 917 sapientia
3027 848 3094 900 ιι.
3141 846 3207 900 Ει
3247 862 3441 902 rursus
3483 860 3604 900 tan-

2026 951 2189 1005 quam
2232 937 2337 1006 ipsi
2371 938 2567 992 victori
2596 953 2814 992 omnem
2846 946 3156 993 creaturam
3202 953 3261 992 se
3288 938 3607 1007 suppliciter

2025 1029 2351 1084 submittere
2384 1030 2612 1093 docens,
2643 1030 2823 1100 inquit
2853 1051 2865 1085 :
2906 1029 2973 1085 In
3004 1030 3211 1084 nomine
3239 1029 3368 1083 .lesu
3403 1028 3603 1083 Christi

2026 1136 2178 1172 omne
2206 1136 2337 1190 genu
2380 1135 2435 1173 se
2472 1120 2663 1187 ﬂectet,
2704 1120 2992 1173 caelestium
3035 1129 3086 1173 et
3132 1119 3455 1172 terrestrium
3479 1134 3498 1181 ;
3554 1124 3605 1170 et

2025 1214 2197 1267 omnis
2229 1214 2410 1281 lingua
2443 1211 2780 1280 conﬁtebitur
2800 1212 2847 1266 ei
2875 1214 2939 1265 ".
2970 1212 3106 1265 Cum
3134 1211 3238 1263 hoc
3262 1218 3441 1263 autem
3472 1224 3607 1263 con-

2026 1305 2275 1360 sentiens
2311 1304 2459 1359 ﬁlius
2488 1305 2578 1359 ille
2620 1305 2845 1358 tonitrui
2876 1303 3139 1366 Joannes,
3168 1303 3235 1357 de
3263 1302 3484 1355 Christo
3519 1302 3603 1354 vi-

2025 1396 2265 1452 ctoriose
2293 1398 2673 1460 concionatur,
2702 1398 2756 1450 in
2778 1396 2891 1450 haec
2920 1395 3120 1450 verba:
3151 1393 3220 1447 Et
3242 1392 3607 1462 conspeximus

2021 1488 2246 1559 gloriam
2293 1489 2429 1557 ejus,
2468 1489 2694 1557 gloriam
2742 1488 2881 1542 velut
2924 1486 3189 1557 Unigeniti
3234 1502 3265 1538 a
3298 1484 3480 1546 Patre,
3516 1483 3611 1552 qui

2021 1581 2205 1650 plenus
2245 1590 2321 1635 est
2348 1582 2525 1651 gratia
2562 1590 2612 1635 et
2648 1583 2868 1635 veritate
2910 1580 2975 1634 ”.
3013 1579 3287 1650 Angelum
3334 1583 3515 1630 autem
3550 1581 3607 1629 et

2022 1688 2125 1728 nos
2154 1673 2456 1736 imitemur,
2492 1672 2651 1742 quasi
2685 1672 3077 1727 conﬁrmantes
3108 1671 3401 1725 victoriose
3440 1668 3603 1723 Cbri-
3686 1674 3687 1677 ‘

2025 1772 2195 1829 stum,
2245 1771 2490 1833 tempore
2541 1762 2739 1818 divinae
2798 1763 2949 1818 illius
3002 1777 3187 1817 rerum
3242 1761 3599 1832 mysticarum

2022 1851 2542 1916 administrationis,
2578 1854 2881 1907 clamantes
2910 1870 2925 1907 :
2960 1852 3100 1918 Quia
3132 1862 3224 1905 tua
3249 1862 3325 1905 est
3347 1851 3601 1920 potentia,

2023 1955 2074 1999 et
2110 1955 2258 1998 tuum
2288 1954 2367 1999 est
2416 1962 2655 2014 regnum,
2694 1955 2743 1999 et
2769 1954 3024 2014 potestas,
3069 1952 3119 1996 et
3153 1943 3325 2013 gloria
3370 1943 3433 1995 ¹⁸.
3465 1940 3613 1996 Ecce

2022 2037 2288 2091 unitatem
2323 2035 2523 2091 divina:
2555 2046 2786 2101 naturae,
2822 2051 3017 2105 nempe
3044 2035 3248 2099 Patris,
3277 2041 3330 2089 et
3368 2031 3513 2097 Filii,
3546 2040 3605 2087 tt

2022 2128 2262 2201 Spiritus
2291 2129 2491 2184 sancti.

2090 2222 2409 2277 Consimilis
2455 2229 2510 2277 et
2550 2221 2607 2275 in
2643 2220 2914 2291 gymnicis
2947 2218 3344 2275 certaminibus
3375 2230 3607 2272 consue-

2022 2313 2156 2368 tudo
2188 2320 2296 2376 est,
2333 2316 2449 2367 sive
2496 2311 2552 2365 in
2600 2310 2879 2366 exercitiis
2909 2324 3201 2380 corporum
3238 2323 3302 2362 ac
3346 2308 3606 2362 certami-

2020 2406 2205 2478 nibus,
2231 2412 2289 2459 ut
2316 2404 2533 2458 athleta:
2560 2402 2733 2458 fortes
2769 2410 2932 2472 atque
2964 2401 3177 2456 robusti
3218 2400 3605 2454 adolescentu-

2020 2498 2197 2552 lorum
2244 2505 2298 2551 et
2342 2494 2638 2550 admodum
2678 2494 2962 2562 juvcnum,
2988 2492 3190 2562 quibus
3234 2491 3414 2547 adhuc
3453 2490 3606 2545 nulla

2020 2588 2202 2644 barba:
2229 2587 2486 2657 lanugine
2510 2601 2663 2657 genae
2694 2591 3083 2655 conteguntur,
3108 2582 3606 2638 acclamationibus

2020 2680 2332 2735 excitentur
2360 2686 2414 2734 et
2446 2686 2749 2749 uagantur,
2795 2691 2906 2746 quo
2949 2676 3140 2744 vigore
3183 2675 3419 2744 quodam
3455 2673 3606 2728 aucti

2022 2771 2221 2827 fortius
2253 2771 2307 2825 in
2336 2769 2686 2825 adversarios
2717 2769 2962 2822 tendant.
3004 2766 3122 2821 Non
3153 2766 3299 2837 quod
3340 2767 3508 2821 robur
3550 2775 3606 2821 et

2020 2860 2286 2916 fortitudo
2334 2862 2403 2916 ab
2440 2859 2897 2916 imbecillioribus
2932 2859 3313 2928 suppeditetur
3343 2857 3604 2924 fortibus,

2020 2956 2116 3011 sed
2158 2954 2304 3026 quod
2342 2963 2495 3009 certa
2548 2953 2667 3024 lege
2706 2961 2761 3007 et
2805 2952 2999 3006 ordine
3048 2950 3439 3005 consueverint
3488 2949 3605 3007 hznc

2020 3047 2346 3119 praecedere.
2380 3046 2615 3102 Dominii
2649 3045 2870 3115 quidem
2906 3052 3055 3098 certe
3085 3044 3169 3097 lex
3202 3051 3309 3107 est,
3355 3049 3414 3095 ut
3445 3056 3473 3094 a
3520 3040 3605 3094 fa-

2020 3139 2182 3194 qulis
2213 3139 2331 3194 heri
2373 3146 2650 3208 uagantur
2681 3145 2847 3207 atque
2899 3135 3188 3198 colantur;
3240 3134 3381 3204 legis
3422 3141 3603 3187 autem

2020 3232 2302 3301 plenitudo
2345 3238 2431 3286 est
2460 3229 2739 3292 Christus,
2784 3225 2879 3297 qui
2911 3227 3155 3280 omnium
3193 3225 3247 3280 in
3284 3227 3600 3279 universum

2017 3322 2282 3377 Dominus
2312 3332 2428 3389 est;
2465 3319 2674 3390 angelis
2707 3333 2836 3372 vero
2862 3318 3143 3387 proposita
3171 3317 3256 3371 lex
3286 3325 3391 3380 est,
3425 3324 3483 3368 ut
3510 3329 3603 3369 sa-

2017 3416 2254 3485 pientem
2292 3414 2449 3467 illum
2487 3411 2829 3467 conditorem
2856 3419 2911 3465 et
2938 3410 3133 3465 herum
3162 3424 3323 3464 suum
3356 3408 3606 3463 studiose

2017 3509 2203 3561 colant
2252 3518 2417 3575 atque
2446 3505 2816 3567 demulceam,
2860 3511 2915 3557 et
2954 3503 3023 3556 ab
3061 3516 3127 3557 eo
3170 3501 3452 3571 juventur,
3493 3515 3603 3552 non

2016 3614 2141 3653 eum
2171 3598 2272 3668 ipsi
2300 3598 2513 3666 juvent.
2550 3594 2685 3648 Nam
2722 3595 2769 3650 si
2804 3594 3026 3648 illorum
3062 3592 3263 3647 robore
3309 3590 3603 3660 indigeret,

2017 3691 2191 3743 multo
2241 3689 2417 3759 magis
2460 3688 2513 3741 in
2551 3687 2793 3750 deserto,
2842 3686 2972 3739 dum
3028 3684 3391 3755 quadraginta
3422 3682 3540 3736 dics
3573 3696 3604 3735 a

2016 3780 2240 3833 diabolo
2268 3785 2594 3839 tentaretur,
2635 3776 2984 3845 indiguisset.
3016 3773 3218 3828 Verum
3250 3774 3302 3827 id
3337 3772 3513 3826 sacris
3548 3772 3604 3825 in

2016 3871 2240 3926 Litteris
2274 3884 2547 3938 nusquam
2580 3868 2835 3922 traditur.
2874 3868 3059 3937 Angeli
3091 3866 3240 3921 enim
3276 3863 3600 3919 accedentes.

2017 3981 2128 4020 non
2171 3963 2598 4028 auxiliabantur,
2634 3963 2729 4015 sed
2764 3959 3140 4015 ministrabant
3186 3960 3233 4012 ei
3266 3956 3333 4012 ".
3364 3956 3423 4010 Id
3457 3953 3606 4024 quod

2015 4056 2297 4111 evidenter
2329 4053 2491 4109 illius-
2532 4052 2753 4122 quidem
2800 4051 3139 4113 dominium,
3183 4049 3375 4103 horum
3420 4056 3603 4100 amem

2016 4147 2413 4214 subjectionem
2455 4143 2817 4198 demonstrat.
2874 4140 3187 4196 Secundum
3232 4138 3376 4193 hanc
3438 4137 3605 4207 igitur

2017 4237 2290 4291 rationem
2331 4235 2636 4305 expositam
2688 4233 3069 4303 intelligantur
3112 4231 3217 4285 ista
3271 4230 3339 4284 de
3387 4229 3608 4297 angelo.

2019 4251 2290 4291 rationem
2331 4251 2471 4305 εχρο
2507 4251 2636 4289 nam
2688 4251 3069 4303 ιιὶιθιιιςξιιιιυι·
3112 4251 3217 4285 ιδιιι
3271 4251 3339 4284 ue
3387 4251 3604 4297 angelo.

2019 4329 2207 4400 Neque
2245 4327 2391 4383 enim
2420 4251 2598 4382 saﬁcti
2629 4324 2709 4380 illi
2744 4324 3042 4380 Cberubim
3083 4321 3365 4391 quidpiam
3396 4319 3604 4375 sancti-

2020 4422 2151 4476 tatis
2178 4419 2441 4474 addentes
2472 4419 2526 4472 in
2568 4418 2711 4473 coelo
2741 4425 2945 4473 sanctae
2974 4415 3251 4479 Trinitati,
3284 4414 3405 4468 sine
3434 4413 3607 4467 inter-

2019 4513 2309 4575 missione,
2338 4511 2591 4575 Sanctus,
2617 4520 2855 4572 sanctus,
2890 4518 3130 4569 sanctus,
3168 4507 3481 4563 exclamant
3514 4507 3600 4557 ’σε

2020 4617 2201 4671 neque
2229 4600 2417 4655 itidem
2446 4601 2573 4655 dum
2610 4615 2713 4655 nos
2743 4600 2799 4653 in
2832 4599 3034 4669 hymno
3071 4597 3421 4653 sanctissimo
3451 4593 3603 4650 cani-

2021 4711 2166 4758 mus,
2194 4694 2421 4749 Sanctus
2453 4692 2616 4756 Deus,
2640 4701 2855 4745 sanctus
2881 4690 3058 4759 fortis,
3080 4698 3295 4743 sanctus
3321 4689 3605 4741 immorta-

2022 4786 2109 4852 lis,
2143 4787 2228 4841 vel
2264 4784 2608 4840 sanctitatem
2651 4784 2912 4854 aliquam,
2948 4784 3027 4839 vel
3076 4779 3477 4847 fortitudinem,
3514 4778 3605 4833 vel

2022 4876 2488 4932 immortalitatem
2519 4874 2779 4930 divinitas
2808 4874 3025 4944 recipit.

2448 4999 2968 5056 INTERROGATIO
3006 4997 3177 5053 XXX.

2092 5112 2238 5170 Satis
2270 5114 2337 5170 de
2372 5114 2441 5169 iis
2487 5128 2609 5183 qua:
2654 5128 2685 5167 a
2720 5113 2880 5168 nobis
2917 5112 3190 5182 explicare
3228 5110 3418 5180 jussus
3453 5125 3602 5175 eras,

2018 5205 2195 5261 edocti
2228 5220 2420 5260 sumus
2450 5223 2462 5259 :
2493 5204 2638 5274 quod
2668 5203 2938 5274 reliquum
2964 5211 3072 5268 est,
3098 5218 3354 5273 rogamus
3379 5212 3437 5256 ut
3462 5202 3600 5258 insi-

2020 5297 2285 5366 pientium
2308 5295 2671 5368 quorumdam
2718 5311 2881 5352 voces
2936 5296 3349 5351 subvertantur.
3399 5294 3600 5349 Dicunt

2019 5387 2163 5441 enim
2212 5388 2555 5445 Servatorem
2606 5390 2863 5461 ignorare
2917 5388 3111 5443 Lazari
3155 5387 3493 5458 sepulcrum,
3545 5394 3598 5440 et

2027 5478 2310 5535 mulierem
2343 5480 2607 5547 profluvio
2654 5480 2939 5550 sanguinis
2965 5481 3281 5541 obnoxiam,
3310 5493 3437 5532 cum
3478 5476 3598 5530 flm-

2409 5643 2453 5674 “
2484 5641 2654 5713 Apoc.
2697 5660 2795 5709 xu,
2841 5642 2929 5697 lO.
3066 5641 3109 5673 ¹⁸
3143 5639 3332 5693 Matth.
3369 5654 3444 5705 tv,
3504 5637 3594 5695 li.

2019 5848 2385 5917 praetereaque
2417 5840 2680 5899 dolendus
2704 5841 2971 5900 articulus
3002 5840 3145 5908 τούς,
3174 5850 3300 5900 ante
3328 5840 3443 5898 ὑπὸ
3468 5862 3587 5917 μει-

2011 5911 2234 5981 ρακίων.
2273 5911 2428 5965 Εοιτ.
