4108 6376
477 443 578 502 ὂθὶ

477 561 657 616 briam
681 569 946 634 tangeret,
976 580 1088 622 non
1119 565 1395 636 sensisse;
1430 578 1694 640 praeterea
1715 574 1862 644 quod
1890 590 2068 645 neque

475 654 754 724 perfectus
793 654 958 712 fuerit
1001 657 1146 715 Deus
1182 678 1197 713 :
1231 659 1558 730 Proﬁciebat
1616 666 1786 731 enim,
1842 675 1893 722 et
1944 684 2070 722 con-

1584 450 1642 506 S.
1685 451 1986 509 CAESAR"
2027 453 2359 512 GREGORll
2401 458 2701 516 FRATRIS

3674 463 3784 520 ειη

2179 580 2382 644 τέλειος
2413 575 2483 651 ἦν
2533 581 2701 645 Θεός·
2738 577 3070 648 προέκοπτε
3115 581 3222 654 γὰρ
3271 586 3370 640 καὶ
3395 582 3789 653 ἐκραταιοῦτο

2177 668 2384 736 σοφίᾳ,
2406 665 2504 720 καὶ
2531 667 2744 738 ἡλικίᾳ
2763 670 2865 726 καὶ
2877 672 3092 744 χάριτι,
3149 675 3225 740 ὠς
3255 674 3405 744 λέγει
3443 676 3505 730 τὸ
3533 675 3784 746 Εὐαγγέο

477 746 798 832 [imitabatur
848 749 1134 820 sapientia,
1179 761 1232 806 et
1279 763 1457 822 (etate,
1487 770 1538 810 et
1571 759 1769 827 gratia,
1804 767 1864 814 ut
1894 759 2072 832 inquit
2171 761 2304 816 λιον.

478 830 835 906 Evangelium
862 839 926 894 ν’.

1123 932 1437 1004 Responsio.

549 1015 733 1074 Nolite
761 1023 1110 1081 committere
1144 1035 1203 1080 ut
1244 1043 1366 1096 qua:
1397 1029 1612 1085 ratione
1643 1030 2077 1089 administratio-

480 1109 570 1164 nis
598 1110 652 1164 in
683 1127 854 1168 carne
885 1114 954 1168 ab
995 1117 1116 1186 ipso
1144 1117 1293 1172 dicta
1325 1129 1479 1184 sunt,
1525 1122 1683 1178 vobis
1725 1125 2076 1180 occasionem

481 1199 837 1271 blasphemia:
849 1206 1127 1274 praebeant
1148 1227 1160 1262 :
1183 1224 1398 1280 nempe,
1418 1210 1522 1265 Ubi
1538 1213 1793 1281 posuistis
1812 1215 1981 1284 ipsum
2001 1214 2080 1285 ¹⁸τ

481 1307 598 1357 aut,
617 1295 750 1361 Quis
784 1313 866 1351 me
896 1299 1065 1370 tetigit
1093 1302 1176 1354 u‘?
1209 1311 1321 1368 aut,
1359 1302 1525 1370 Quem
1557 1307 1801 1374 quaeritis
1830 1309 1919 1362 ὀἳ
1961 1318 2079 1374 aut,

482 1391 650 1452 Quem
677 1406 758 1444 me
775 1390 1002 1448 dicunt?
1025 1403 1136 1459 aut,
1167 1395 1318 1464 quod
1367 1395 1509 1451 Puer
1535 1399 1721 1464 crevit,
1755 1409 1805 1454 et
1834 1401 2082 1456 corrobo-

481 1490 634 1536 ratus
652 1491 806 1546 est,et
826 1486 1136 1554 proﬁciebat
1159 1489 1423 1558 sapientia
1439 1499 1490 1543 et
1505 1501 1661 1546 wtate
1683 1493 1752 1547 ¹¹.
1773 1492 1918 1548 Nihi‘l
1936 1495 2080 1550 enim

484 1570 683 1626 horum
725 1575 1090 1645 ignorationis
1117 1579 1324 1634 crimen
1347 1582 1598 1652 impingit
1631 1583 1704 1646 ei,
1730 1585 1824 1654 qui
1861 1597 2082 1656 propter

406 1675 412 1679 ‘
483 1676 588 1716 nos
631 1663 830 1720 similis
871 1668 1044 1721 nostri
1095 1668 1274 1724 factus
1310 1679 1395 1725 est
1441 1671 1586 1728 Deus
1619 1672 1880 1731 Verbum.
1916 1676 2084 1732 Pater

483 1754 628 1807 enim
653 1771 823 1821 meus,
853 1757 1054 1826 inquit,
1083 1777 1243 1830 usque
1268 1763 1336 1814 ad
1367 1762 1462 1816 hoc
1496 1773 1699 1833 tempus
1732 1777 2010 1836 operatur,
2031 1777 2082 1821 et

484 1863 581 1916 ego
611 1866 798 1920 operor
818 1854 887 1907 ²².
911 1850 1031 1907 Νοιι
1055 1856 1197 1923 quod
1223 1854 1441 1909 deﬁciat
1459 1857 1758 1928 quidquam
1785 1860 1839 1913 in
1857 1861 2080 1916 condito

483 1956 514 1992 a
543 1941 704 1999 nobis
731 1944 1110 2001 universitatis
1133 1947 1299 2016 hujus
1319 1949 1558 2018 Opiﬁcio,
1579 1952 1736 2021 quasi
1758 1952 1828 2006 im
1838 1953 2078 2021 perfecta

489 2034 603 2088 sint
626 2042 809 2089 creata
828 2037 932 2091 sub
950 2047 1230 2108 aspectum
1249 2040 1626 2108 cadentia,sed
1639 2033 2078 2111 operamur,eam

487 2138 611 2193 qua:
632 2138 1008 2182 consentanea
1040 2130 1227 2185 virtuti
1247 2139 1330 2187 est
1351 2132 1516 2185 vitam
1543 2133 1859 2189 hominibus
1883 2150 2079 2206 sugge-

483 2225 672 2272 rentes
703 2233 826 2272 cum
850 2218 962 2274 Deo
1007 2219 1169 2278 Patre
1201 2224 1599 2293 nostro,idque
1631 2240 1726 2295 per
1743 2228 1974 2296 eos,qui
2010 2227 2081 2281 ab

482 2305 605 2376 ipso
627 2307 740 2376 jam
771 2324 838 2364 ex
873 2311 1188 2368 conditione
1219 2313 1496 2370 deteriore
1529 2316 1842 2372 conﬁrmati
1873 2330 2001 2374 sunt
2025 2319 2080 2373 in

484 2401 793 2456 meliorem.
826 2400 992 2458 Pater
1017 2404 1164 2459 idem
1209 2406 1586 2478 interregabat
1615 2410 1852 2481 primum
1882 2426 2083 2482 paren-

481 2501 595 2547 tem
643 2505 893 2549 nostrum
926 2495 1223 2564 Adamum,
1255 2509 1546 2570 postquam
1584 2501 1932 2572 deliquisset,
1983 2502 2082 2558 Ubi

481 2601 538 2640 es
573 2586 661 2642 "‘t
685 2585 806 2642 Non
840 2588 1101 2660 ignorans
1143 2590 1324 2659 ipsum
1355 2591 1598 2649 latebras
1627 2602 1888 2648 conatum
1934 2611 2083 2666 quat-

483 2694 629 2742 rere,
657 2682 743 2736 vel
773 2682 922 2749 quod
954 2690 1232 2752 oporteret
1267 2693 1482 2741 terrore
1511 2686 1734 2756 percelli
1769 2695 2082 2758 transgres-

484 2789 690 2842 sorem,
736 2775 830 2831 sed
873 2777 1033 2846 quasi
1077 2777 1266 2834 ridens
1293 2793 1358 2834 ac
1403 2781 1760 2836 subsannans
1781 2781 2083 2837 clandesti-

485 2881 613 2921 nam
666 2869 842 2938 ipsius
894 2870 1361 2938 subductionem,
1424 2881 1478 2927 et
1523 2875 1805 2928 temerarii
1866 2874 2083 2930 consilii

487 2960 866 3027 stoliditatem,
912 2964 1058 3034 quod
1110 2980 1236 3021 mox
1285 2975 1407 3037 post
1449 2965 1668 3022 fructus
1721 2966 1876 3023 vetiti
1915 2967 2084 3037 degu-

487 3056 786 3111 stationem
838 3057 1122 3114 occultare
1180 3075 1240 3115 se
1303 3060 1484 3114 vellet.
1545 3060 1736 3129 Itaque
1791 3061 2084 3131 compellat

485 3149 668 3218 ipsum
714 3150 795 3211 is,
838 3165 1004 3219 quem
1048 3151 1186 3205 nihil
1235 3152 1407 3207 latere
1454 3160 1674 3222 potest:
1732 3151 1831 3206 Ubi
1879 3169 1968 3216 es,
2023 3160 2081 3206 tu

486 3242 581 3310 qui
641 3241 845 3311 putasti
893 3242 1177 3310 futurum,
1223 3253 1283 3298 ut
1329 3245 1563 3299 consilio
1616 3243 1890 3313 serpentis
1940 3242 2082 3298 deus

486 3330 775 3393 evaderes,
811 3329 1032 3384 ubinam
1061 3333 1160 3386 es?
1194 3329 1294 3385 Ubi
1324 3349 1400 3394 es.
1437 3333 1532 3401 qui
1567 3317 1884 3387 incredulus
1929 3330 2081 3386 fuisti

488 3419 622 3484 Deo,
671 3429 725 3475 et
763 3419 1046 3477 credidisti
1093 3421 1365 3477 inimico?
1404 3421 1482 3476 Ne
1527 3430 1582 3477 te
1618 3411 1944 3486 abscondas,
1994 3423 2082 3478 in-

487 3513 649 3584 quit:
694 3530 805 3570 non
847 3515 995 3569 enim
1047 3514 1286 3586 ignorat,
1341 3524 1394 3571 te
1442 3516 1803 3571 immortalem
1855 3525 1909 3571 et
1956 3517 2084 3571 bea-

489 3618 601 3661 tam
639 3609 805 3662 vitam
843 3607 1089 3664 exuisse.
1143 3609 1412 3663 Similiter
1461 3610 1626 3678 igitur
1666 3616 1720 3663 et
1754 3609 1947 3674 Filius,
1991 3608 2081 3664 ubi

488 3703 714 3756 clausus
751 3700 962 3772 jaceret
1010 3700 1279 3765 Lazarus,
1328 3716 1437 3756 non
1490 3702 1802 3772 ignorabat.
1842 3701 1975 3755 Nam
2019 3718 2085 3757 ea

488 3790 558 3845 de
612 3807 780 3846 causa
830 3791 945 3859 jam
1006 3799 1182 3845 totum
1242 3798 1371 3845 ante
1438 3790 1706 3854 biduum,
1761 3791 2081 3860 priusquam

489 3881 546 3934 in
591 3878 787 3934 Lazari
841 3880 1077 3950 patriam
1134 3879 1454 3933 Bethaniam
1513 3880 1854 3948 perveniret,
1907 3880 2085 3933 Laza—

491 3989 625 4038 rus,
689 3972 868 4043 inquit
942 3973 1012 4027 ad
1074 3972 1309 4027 comites
1377 3971 1640 4036 itineris,
1714 3973 1919 4025 amicus
1992 3988 2088 4024 no-

489 4075 600 4121 ster
653 4067 871 4133 dormit,
920 4075 971 4120 et
1024 4065 1158 4120 vado
1209 4073 1265 4118 ut
1295 4065 1517 4118 excitem
1558 4081 1679 4118 eum
1707 4065 1778 4131 ³⁸⁵,
1829 4065 1925 4134 qui
1960 4071 2088 4118 ante

492 4164 640 4213 totos
693 4167 934 4229 quatuor
975 4157 1096 4212 dies
1143 4163 1396 4211 mortuus
1450 4155 1598 4211 fetet.
1661 4153 1948 4222 Quomodo
1996 4154 2090 4225 igi-

491 4259 584 4305 tur
631 4249 688 4304 is
728 4250 823 4320 qui
878 4257 1004 4304 ante
1042 4263 1330 4304 accessum
1375 4249 1639 4320 locorum
1660 4263 1723 4302 ea
1770 4263 1893 4317 qua:
1934 4248 1988 4300 in
2018 4247 2087 4301 iis

493 4341 636 4396 locis
687 4341 1004 4396 acciderant
1049 4349 1231 4405 norat,
1269 4348 1563 4411 postquam
1590 4339 1839 4410 Eorpore
1885 4340 1950 4393 ad
1995 4339 2085 4392 illa

496 4433 767 4505 pervenit,
798 4433 1084 4505 ignorabat
1113 4449 1238 4504 quae
1269 4441 1651 4504 praecognorat
1676 4433 1852 4502 ipsius
1883 4431 2087 4486 divini-

497 4535 607 4590 tas,
653 4525 959 4582 secundum
994 4541 1158 4597 quam
1193 4525 1455 4596 implebat
1496 4524 1784 4578 universa?
1815 4522 2088 4577 Nimirum

498 4631 653 4677 certo
695 4619 935 4690 quodam
969 4617 1203 4672 consilio
1233 4617 1536 4687 qumrebat,
1581 4625 1642 4670 ut
1681 4631 1745 4671 ea
1796 4615 2090 4670 occasione

498 4716 679 4786 ipsum
720 4714 1170 4770 demonstrarent
1201 4711 1373 4766 Judaei
1405 4712 1472 4766 ad
1516 4711 1829 4781 sepulcrum
1861 4726 2092 4782 congre-

498 4807 633 4878 gati,
671 4807 947 4876 iidemque
977 4813 1147 4860 testes
1181 4806 1372 4860 ﬁerent
1393 4803 1815 4859 resurrectionis
1845 4804 1965 4872 ejus
1995 4803 2090 4872 qui

498 4901 682 4957 fuerat
740 4908 993 4955 mortuus
1026 4919 1038 4954 :
1069 4915 1177 4969 quo
1227 4907 1388 4970 pacto
1432 4897 1603 4959 illius,
1656 4896 1816 4966 cujus
1860 4897 2085 4951 sudario

497 5003 666 5065 caput
713 5001 835 5048 erat
877 4992 1202 5062 obligatum,
1247 4992 1418 5047 facies
1462 4990 1667 5044 amictu
1708 4989 1860 5043 lintei
1913 4998 2078 5053 tecta,

497 5087 666 5158 pedes
715 5084 954 5139 vinculis
1007 5085 1410 5154 sepulcralibus
1461 5081 1777 5143 constricti,
1826 5081 1941 5150 jam
1995 5097 2093 5152 per

497 5179 794 5235 calvariam
842 5177 1143 5242 cernentis,
1173 5191 1270 5231 ore
1316 5175 1543 5229 diducto
1587 5174 1854 5243 corrupti,
1904 5173 2091 5244 lingua

498 5273 788 5342 oculisque
818 5270 1114 5326 diﬁluentis
1139 5289 1151 5323 :
1188 5284 1297 5340 quo
1329 5269 1496 5338 igitur
1526 5275 1684 5337 pacto
1717 5265 1881 5334 hujus
1910 5264 2094 5328 anima

502 5382 600 5437 per
629 5380 822 5420 vocem
860 5364 1076 5435 opiﬁcis
1105 5363 1324 5418 eminus
1363 5368 1596 5416 attracta
1625 5359 1680 5413 in
1725 5374 1925 5428 corpus
1957 5356 2092 5411 illud

498 5456 646 5528 quod
703 5457 1026 5527 reliquerat,
1084 5470 1280 5509 rursus
1330 5452 1745 5522 immigrasset?
1800 5449 2088 5517 Quomodo

575 5598 612 5630 ν’
654 5601 786 5653 Luc.
823 5613 885 5659 ιι,
925 5597 1017 5660 40,
1049 5597 1138 5651 52.
1217 5595 1260 5627 ¹⁶
1291 5593 1448 5649 Joan.
1488 5611 1565 5660 ιιι,
1595 5595 1680 5648 δι.
1765 5594 1806 5625 ¹⁹
1837 5590 1969 5647 Luc.
2008 5605 2128 5655 vui,
2161 5588 2252 5643 45.

505 5669 678 5735 7,17.
756 5670 801 5700 ³³
829 5669 966 5723 Gen.
999 5683 1084 5735 ιιι,
1113 5667 1148 5723 9
1222 5667 1269 5702 ’⁸
1296 5665 1454 5720 Joan.
1493 5681 1569 5729 xl,
1602 5665 1687 5719 11.

580 5800 949 5877 (θῙιΣειζηρῷ.
988 5800 1428 5877 Ιίοςε-σεσηρότ-ι.
1471 5798 1628 5877 Eutr.
1720 5867 1744 5877 η

579 5871 691 5940 (10)
719 5865 858 5936 Πῶξ
884 5865 1216 5939 σουδαρίῳ.
1235 5910 1252 5928 .
1278 5865 1443 5936 "enim
1471 5868 1547 5936 τῇ
1572 5867 1744 5937 φωνῇ
1830 5908 1842 5920 .
1876 5865 2094 5936 χρώμε-

509 5939 648 6010 νος;
673 5939 876 6012 Legere
899 5942 1114 5998 mallem
1146 5943 1264 5998 sine
1289 5941 1738 6012 interrogatione.
1757 5939 2096 5995 Enumeran-

2791 941 3154 1011 Ἀπόκρισις.

2267 1031 2429 1084 Ἀλλά
2485 1030 2561 1102 μὴ
2601 1030 2673 1085 τὰ
2719 1033 3076 1104 οἰκονομικῶς
3117 1035 3251 1108 παρ’
3275 1036 3439 1090 αὑτοῦ
3489 1035 3788 1109 εἰρημένα,

2185 1122 2462 1190 πρόφασις
2506 1121 2855 1193 βλασφημίας
2893 1124 3022 1194 ὑμῖν
3051 1124 3298 1195 γένηται,
3327 1127 3405 1189 τὸ,
3438 1126 3563 1180 Ποῦ
3590 1130 3782 1181 τεθεί-

2179 1230 2324 1267 κατε
2357 1216 2578 1279 αὺτόν;
2613 1215 2670 1287 ἦ,
2712 1214 2810 1279 Τίς
2829 1232 2948 1283 μου
3000 1215 3200 1284 ἥψατο
3219 1235 3238 1282 ;
3265 1217 3320 1288 ἢ,
3352 1219 3491 1271 Τίνα
3523 1216 3783 1285 (meite;

2181 1303 2238 1374 ἢ,
2273 1305 2408 1357 Τίνα
2433 1321 2510 1373 με
2537 1303 2871 1374 λέγουσιν;
2930 1305 2989 1376 ἦ,
3011 1310 3096 1364 ὅτι
3141 1307 3210 1360 Τὸ
3255 1307 3497 1362 παιδίον
3535 1310 3780 1378 ηὔξετο,

2182 1396 2281 1448 καὶ
2311 1396 2720 1463 ἐκραταιοῦτο,
2756 1397 2856 1450 καὶ
2897 1398 3226 1465 προέκοπτε
3262 1401 3450 1469 σοφίᾳ
3499 1401 3598 1454 καὶ
3648 1403 3784 1469 ἠλι-

2185 1488 2308 1554 κίᾳ.
2344 1487 2514 1542 Οὐδὲν
2553 1488 2664 1561 γάρ
2711 1489 2916 1544 τούτων
2965 1490 3190 1560 ἀγνοίας
3225 1497 3547 1564 κατηγορεῖ,
3584 1496 3667 1566 τῷ
3712 1497 3782 1549 δι’

2187 1579 2331 1650 ἡμᾶς
2368 1577 2491 1632 καθ’
2528 1579 2676 1649 ἡμᾶς
2705 1582 2984 1652 γενομένῳ
3025 1582 3184 1653 Λόγῳ
3213 1583 3332 1654 Θεῷ
3352 1599 3365 1612 °
3398 1588 3463 1638 ὲκ
3491 1585 3700 1638 τούτων
3724 1587 3784 1640 δὲ

2191 1671 2390 1741 μᾶλλον
2418 1667 2534 1723 ἴσον
2563 1670 2640 1741 τῷ
2671 1673 2848 1744 Πατρὶ
2896 1674 3266 1746 δεικνυμένῳ·
3311 1677 3373 1730 '0
3419 1679 3625 1747 Πατὴρ
3671 1680 3782 1751 γάρ

2182 1780 2323 1831 μου,
2361 1764 2545 1832 φησὶν,
2595 1763 2707 1830 ἕως
2738 1763 2870 1832 ἄρτι
2903 1764 3222 1835 ἐργάζεται,
3269 1767 3775 1840 κὰγὼέργάζομαιι

2183 1856 2286 1909 οὐκ
2314 1855 2656 1920 ἐκλείποντος
2684 1874 2831 1920 τινος
2877 1860 2942 1929 τῇ
2975 1859 3106 1930 παρ’
3134 1858 3290 1930 ἡμῶν
3327 1857 3422 1910 τοῦ
3454 1859 3655 1923 παντὸς
3683 1861 3784 1930 δη-

2186 1946 2464 2017 μιουργίᾳ,
2497 1946 2726 2012 ἀτελοῦς
2759 1949 2858 2018 τῆς
2890 1949 3124 2013 κτίσεως
3171 1948 3487 2020 ὀρωμένηςο
3535 1948 3655 2001 ἀλλ’
3691 1951 3787 2019 ἐρ-

2182 2036 2463 2106 γαζόμεθα
2487 2038 2578 2090 τὸν
2611 2039 2730 2091 κατ’
2752 2039 2953 2110 ἀρετὴν
2994 2039 3128 2109 βίον,
3160 2039 3370 2110 βροτοῖς
3397 2039 3789 2111 ὑποτιθέμενοι

2181 2129 2273 2182 τὸν
2307 2128 2402 2194 ξὺν
2431 2129 2551 2199 Θεῷ
2592 2130 2749 2200 ἡμῶν
2795 2132 2992 2202 "arpi,
3024 2129 3114 2184 διὰ
3149 2131 3259 2186 τῶν
3301 2132 3395 2185 ὑπ’
3427 2132 3636 2185 ἐκείνου
3682 2132 3792 2203 ἤδη

2183 2223 2248 2275 ἐκ
2290 2221 2386 2275 τοῦ
2430 2223 2671 2293 χείρονος
2723 2224 2818 2276 ἐπὶ
2859 2223 2920 2276 τὸ
2966 2226 3212 2294 κρεῖττον
3256 2225 3790 2296 μεταρρωσθέντων.

2194 2315 2254 2367 ’0
2304 2315 2497 2386 Πατὴρ
2539 2314 2773 2368 ἐπύθετο
2827 2317 3176 2388 προπάτορος
3223 2317 3382 2388 ἡμῶν
3431 2319 3792 2388 παραϐάντος

2197 2404 2388 2475 Ἀδὰμ,
2421 2404 2546 2458 Ποῦ
2585 2401 2682 2470 ei;
2719 2405 2820 2458 οὐκ
2851 2407 3086 2479 ,ἀγνοῶν
3128 2407 3414 2462 λανθάνειν
3459 2410 3791 2481 πειρᾶσθαι,

2185 2497 2368 2550 καὶτὸ
2406 2496 2516 2550 δεῖν
2551 2497 2941 2568 κραδαίνεσθαι
2978 2499 3070 2552 τὸν
3103 2500 3448 2572 παραϐάτην,
3495 2501 3609 2554 ἀλλ’
3649 2503 3794 2556 ὡσεὶ

2184 2588 2359 2658 γελῶν
2387 2591 2480 2642 καὶ
2518 2589 2801 2660 χλευάζων
2838 2591 3009 2645 αὐτοῦ
3047 2592 3150 2665 τὴν
3178 2593 3480 2664 ὑπαγωγὴν
3525 2595 3622 2646 καὶ
3653 2595 3793 2665 εὐή-

2184 2679 2338 2734 θειαν
2364 2680 2464 2750 τῆς
2506 2680 2785 2744 ἀϐουλίας,
2823 2677 2980 2746 αὖθις
3021 2685 3087 2752 τῇ
3125 2682 3412 2753 ἀγορεύσει
3439 2681 3532 2735 τοῦ
3563 2683 3795 2752 ἀπηγο-

2189 2772 2453 2846 ρευμένου
2484 2773 2823 2845 κρύπτεσθαι
2860 2775 3225 2845 πειρωμένου.
3263 2776 3410 2846 Πρὸς
3455 2776 3514 2829 ὃν
3555 2793 3726 2846 φησιν
3763 2779 3796 2830 6

2185 2865 2437 2935 άληστος,
2492 2866 2618 2918 Ποῦ
2663 2861 2736 2928 εἴ,
2790 2867 2818 2918 ὁ
2867 2865 3042 2918 δοκῶν
3093 2865 3472 2931 ἐκθειάζεσθαι
3521 2869 3587 2936 τῇ
3640 2884 3792 2937 συμ-

2186 2957 2378 3029 ϐουλίᾳ
2429 2957 2522 3010 τοῦ
2569 2957 2896 3028 δράκοντος;
2943 2959 3067 3013 Ποῦ
3110 2956 3192 3025 εἷ,
3233 2961 3261 3013 ὁ
3309 2959 3619 3030 ἀπειθήσας
3665 2957 3793 3030 Θεῷ

2187 3051 2283 3103 καὶ
2319 3049 2613 3114 πιστεύσας
2666 3050 2878 3123 έχθρῷ;
2911 3051 3002 3122 Μὴ
3061 3052 3324 3123 κρύπτου,
3361 3053 3544 3122 φησὶν,
3574 3053 3639 3104 οὐ
3677 3051 3793 3122 γάρ

2184 3142 2324 3214 λήσῃ
2355 3143 2452 3212 τὴν
2485 3143 2761 3214 ἀκήρατον
2786 3145 2880 3196 καὶ
2913 3144 3190 3214 μακαρίαν
3215 3145 3360 3215 ζωὴν
3391 3145 3788 3214 ἐκδυσάμενος.

2197 3235 2429 3307 Ὁμοίως
2491 3231 2584 3289 οὖν
2642 3237 2671 3287 ὁ
2734 3236 2893 3300 Υἱὸς,
2981 3237 3084 3289 ποῦ
3168 3236 3460 3308 καθεῖρκτο
3530 3236 3796 3307 Λάζαρος

2185 3330 2284 3383 οὐκ
2331 3328 2569 3398 ἀγνοῶν·
2627 3329 2731 3401 πρὸ
2780 3329 2873 3382 δύο
2902 3329 3012 3402 γὰρ
3062 3329 3285 3401 ἡμερῶν
3338 3328 3432 3382 τοῦ
3478 3329 3685 3396 φθάσαι
3731 3330 3796 3381 ὲν

2186 3421 2427 3493 Βηθανίᾳ
2476 3425 2540 3492 τῇ
2594 3421 2936 3492 ὲνεγκαμένῃ
2988 3421 3258 3491 Λάζαρον,
3309 3422 3444 3492 φησὶ
3500 3423 3615 3484 τοῖς
3663 3423 3798 3474 ἑπο-

2191 3513 2392 3584 μένοις,
2451 3511 2714 3580 Λάζαρος
2770 3516 2804 3566 ό
2849 3514 3030 3581 φίλος
3064 3512 3233 3582 ἡμῶν
3267 3514 3641 3582 κεκοᾴιηται,
3689 3514 3797 3566 καὶ

2187 3607 2511 3675 πορεύομαι
2585 3605 2935 3674 ἐξυπνιῆσαι
3003 3605 3219 3669 αὐτὸν,
3273 3607 3374 3677 ἤδη
3444 3609 3796 3678 τετρήμερον

2187 3699 2439 3763 ὀδωδότα,
2464 3698 2654 3770 νεκρὸν
2682 3698 3017 3769 ὑπάρχοντα.
3053 3699 3177 3762 Πῶς
3209 3693 3301 3752 οὖν
3332 3699 3438 3772 πρὸ
3463 3699 3574 3751 τῶν
3605 3702 3795 3753 τόπων

2188 3789 2258 3843 τά
2317 3790 2375 3842 ὲν
2446 3789 2633 3853 τόποις
2695 3787 3064 3858 συμϐαίνοντα
3129 3788 3532 3860 ἐπιστάμενος,
3588 3788 3796 3853 ἐπιϐάς

2189 3883 2417 3945 ἐκείνοις
2451 3881 2686 3952 σώματι,
2736 3882 2983 3954 ἀγνοήσῃ
3030 3881 3066 3934 ἃ
3111 3882 3366 3953 προέγνω
3411 3881 3634 3952 θεότητι
3668 3881 3795 3935 καθ’

2126 4023 2137 4034 ,
2189 3976 2254 4046 ἣν
2279 3974 2483 4045 ἐπιπλη
2494 3977 2577 4044 po?
2595 3975 2662 4027 τά
2687 3973 3013 4045 σύμπαντας
3047 3974 3185 4026 Ἀλλ’
3212 3974 3572 4043 οἰκονομικῶς
3600 3975 3792 4045 ἤρετο,

2190 4066 2331 4120 ὥστε
2360 4067 2632 4139 προφάσει
2652 4066 2746 4120 τοῦ
2787 4067 3064 4130 ὑποδεῖξαι
3100 4066 3342 4119 Ἰουδαῖοι
3369 4067 3462 4118 ἐπὶ
3490 4065 3580 4118 τὸν
3620 4069 3795 4134 τάφον

2194 4157 2679 4228 συναγειρόμενοι,
2737 4156 3016 4227 μάρτυρες
3075 4155 3230 4209 αὐτοὶ
3276 4156 3374 4226 τῆς
3430 4156 3797 4218 ἀναστάσεως

2191 4249 2284 4302 τοῦ
2333 4249 2659 4320 τεθνηκότος
2709 4249 3008 4318 γένωνται·
3047 4247 3169 4311 πῶς
3219 4247 3490 4319 σουδαρίῳ
3534 4248 3639 4318 μὲν
3694 4251 3796 4320 τὴν

2192 4340 2437 4412 κεφαλὴν
2467 4340 2770 4412 δεδεμένος,
2798 4341 2894 4394 καὶ
2923 4341 2990 4411 τῇ
3027 4337 3288 4411 περιϐολῇ
3317 4339 3420 4409 τῆς
3457 4339 3659 4411 ὀθόνης
3696 4342 3796 4404 ti;

2192 4433 2344 4503 ὄψεις
2372 4432 2810 4504 κεκαλυμμένος,
2842 4431 3078 4502 κειρίαις
3107 4431 3208 4494 τὰς
3244 4431 3430 4501 βάσεις
3471 4432 3797 4503 πεπεδημέο

2193 4543 2302 4589 νος,
2329 4525 2428 4596 ἤδη
2460 4528 2531 4597 τῇ
2574 4525 2750 4596 κράνη
2786 4523 3076 4594 δεδορκὼς,
3106 4525 3201 4577 καὶ
3226 4523 3304 4594 τῷ
3355 4523 3590 4594 στόματι
3634 4542 3797 4594 σεση-

2195 4616 2274 4692 pq,
2300 4617 2377 4690 (9)
2409 4617 2731 4687 διεφθορὼς,
2758 4617 2856 4688 τὴν
2899 4614 3148 4684 γλῶτταν
3187 4615 3280 4670 καὶ
3322 4615 3423 4681 τὰς
3447 4616 3606 4686 ἕψεις
3645 4617 3795 4689 διερο

2195 4709 2436 4782 ῥευκώς·
2475 4709 2594 4774 πῶς
2631 4713 2696 4782 τῇ
2731 4712 2882 4781 φωνῇ
2916 4708 3010 4761 τοῦ
3041 4708 3388 4780 Δημιουργοῦ
3437 4711 3736 4780 πόρρωθεν
3761 4714 3795 4781 ig

2193 4803 2342 4876 ψυχὴ
2376 4803 2617 4869 ἕλκεται,
2646 4803 2743 4857 καὶ
2775 4801 2853 4872 τῷ
2886 4801 3269 4870 ἀπολειφθέντι
3297 4801 3497 4856 ὲνίεται
3535 4802 3793 4874 σώματι;

2196 4896 2314 4959 πῶς
2349 4893 2799 4966 συνειλημμένων
2829 4893 2938 4947 τῶν
2974 4893 3206 4962 βάσεων,
3235 4892 3420 4963 πηδῶν
3459 4893 3556 4946 τοῦ
3593 4896 3796 4961 τάφου,

2194 4987 2514 5059 ἐξεκρούετο
2567 4986 2849 5057 ἁλὼϐητος
2897 4987 2992 5038 καὶ
3030 4985 3324 5056 ἀνελλιπὴς
3371 4985 3680 5056 ὁρώμενος,
3728 4991 3796 5058 τῇ

2193 5085 2343 5152 φωνῇ
2387 5080 2482 5134 τοῦ
2528 5080 2702 5148 Λόγου
2749 5079 3257 5150 ὲπιρρωννύμενος,
3292 5080 3385 5133 καὶ
3421 5079 3608 5150 βοηθῷ
3658 5081 3800 5151 πρὸς

2193 5174 2293 5245 τὴν
2352 5172 2530 5239 ἔξοδον
2583 5170 2863 5243 χρώμενος
2892 5171 3043 5241 (10);
3101 5173 3261 5223 Δοκεί
3317 5170 3374 5223 δέ
3432 5187 3526 5241 μοι
3572 5175 3673 5225 καὶ
3719 5173 3800 5242 τῷ

2196 5261 2414 5332 θανάτῳ
2447 5261 2843 5315 ὑπονύττεσθαι
2878 5261 3014 5330 πρὸς
3061 5260 3160 5331 τὴν
3189 5259 3482 5331 ὠκυτάτην
3538 5260 3796 5333 ἔγερσιν,

2200 5355 2398 5424 μήπως
2420 5357 2486 5423 τῇ
2519 5353 2772 5424 μελλήσει
2791 5351 3052 5422 δευτέρας
3079 5352 3377 5422 γενομένης
3402 5353 3466 5403 ὲκ
3487 5349 3587 5404 τοῦ
3617 5353 3798 5421 Λόγου

2197 5447 2404 5518 φωνῆς,
2425 5448 2632 5511 πάντας
2657 5446 2868 5518 ἀθρόως
2893 5446 3142 5520 ἀπολύσῃ
3161 5447 3278 5498 ἐκεῖ
3300 5444 3597 5509 τελοῦντας
3617 5465 3632 5477 ο
3658 5448 3800 5518 ὅπερ

2330 5588 2375 5618 ²⁰
2403 5586 2562 5642 Joan.
2598 5600 2756 5651 xvut,
2786 5586 2839 5639 4.
2918 5585 2963 5617 ’ί
2997 5583 3132 5640 Luc.
3166 5599 3227 5649 ιι,
3257 5583 3348 5649 40,
3379 5583 3470 5638 59..
3548 5585 3599 5616 ’³
3629 5582 3793 5640 Joan.

2205 5802 2294 5847 tur
2335 5793 2480 5848 enim
2500 5791 2713 5862 ,imodo
2745 5791 3105 5862 explicativoi,
3137 5796 3576 5848 circumstantiae
3605 5807 3797 5847 resur-

2203 5865 2465 5920 rectionis
2514 5861 2728 5935 L'azari,
2781 5861 3015 5932 quarum
3061 5861 3281 5920 Iudaeos
3315 5862 3612 5935 μάρτυρας
3642 5865 3797 5932 γενέ-

2209 5935 2331 5990 σθαι
2359 5935 2530 5991 voluit
2561 5934 2835 5992 Christus.
2881 5935 2959 5991 In.
