4108 6376
340 430 441 490 395

339 550 431 605 καὶ
468 546 605 619 μετὰ
646 546 705 613 ἐξ
752 543 964 617 ἡμέρας
1009 542 1275 596 πέπονθεν
1312 541 1340 593 6
1387 538 1633 604 δείλαιος,
1661 540 1756 593 τοῦ
1802 558 1916 609 φω-

338 638 554 702 νοῦντος
584 637 723 707 πρὸς
769 632 1104 698 παλινζωΐαν
1135 634 1260 695 τοὺς
1300 633 1547 702 νεκροὺς,
1577 631 1713 703 πρὸς
1755 631 1917 685 αὑτὸν

339 728 717 799 φοιτήσαντος,
743 724 887 778 κατὰ
906 722 1003 793 τὴν
1029 721 1365 791 προφητείαν
1395 720 1532 786 Ἰὼϐ,
1559 722 1651 773 καὶ
1674 721 1915 782 Ἡσαΐου,

339 818 443 872 τῶν
492 816 813 879 θεσπεσίων,
853 815 961 886 πρὸ
994 812 1178 882 χιλίων
1224 812 1325 880 ήδη
1377 812 1582 881 χρόνων
1622 811 1916 882 διαρρήδην

344 908 610 979 βοώντων,
640 906 735 959 τοῦ
771 906 868 975 μέν
889 922 901 934 ο
941 898 1164 966 *Ηλθες
1199 900 1297 953 ἐπὶ
1332 899 1439 967 τῆς
1480 898 1817 967 θαλάσσης,
1847 901 1917 952 ἐν

340 1001 391 1054 δ’
450 1001 689 1070 ἴχνεσιν
738 999 1012 1052 ἀϐύσσου
1064 992 1540 1062 περιεπάτησας,
1574 992 1917 1062 ἀνοίγονταί

341 1108 439 1146 σοι
464 1092 625 1160 φόϐῳ
652 1092 837 1143 πύλαι
863 1086 1120 1143 θανάτου
1137 1104 1149 1116 ·
1185 1084 1448 1151 πυλωροὶ
1479 1084 1547 1136 δὲ
1572 1083 1719 1150 ᾅδου
1757 1084 1916 1136 ἰδόν-

342 1200 440 1248 τες
490 1196 563 1234 σε
613 1179 899 1245 ἔπτηξαν.
960 1174 1270 1245 Συμφώνως
1327 1174 1382 1226 δὲ
1432 1173 1640 1235 τούτοις
1690 1176 1718 1226 6
1775 1173 1916 1237 θεῖος

343 1272 525 1335 Δαϐιδ,
548 1273 576 1324 6
614 1270 719 1323 τῶν
753 1270 910 1322 θείων
940 1266 1173 1337 μελῳδός
1194 1284 1206 1296 ·
1252 1266 1475 1335 ’ᾼσατε
1516 1265 1596 1330 τῷ
1622 1263 1763 1329 Θεῷ,
1803 1265 1913 1334 ψά-

342 1368 486 1419 λατε
522 1362 604 1428 τῷ
635 1362 877 1429 ὀνόματι
922 1358 1141 1413 αὐτοῦ’
1178 1355 1578 1423 ὁδοποιήσατε
1616 1356 1694 1421 τῷ
1723 1357 1915 1409 ἐπιϐε-

344 1455 547 1522 ὄηκότι
577 1453 672 1506 ἐπὶ
712 1449 986 1518 δυσμῶν·
1014 1450 1229 1517 Κύριος
1297 1446 1484 1516 ὄνομα
1523 1448 1729 1502 αὐτοῦ.
1768 1448 1913 1501 Ὀδο-

345 1547 516 1600 ποιεῖν
544 1545 598 1599 δὲ
638 1544 858 1607 ἑαυτοὺς
885 1540 963 1612 τῷ
992 1541 1184 1612 Κυρίῳ
1226 1540 1612 1609 παιδευόμεθα,
1648 1542 1742 1593 καὶ
1773 1543 1916 1593 οἰκος-

343 1638 515 1689 ποιεῖν
552 1634 618 1687 δι’
649 1634 902 1704 ἐναρέτου
931 1631 1227 1694 πολιτείας,
1265 1630 1323 1682 τὸ
1358 1630 1509 1683 Θεῖον
1541 1630 1912 1700 ὲπιδρύμενοι,

345 1726 479 1796 μονὴ
509 1725 603 1779 καὶ
634 1725 759 1788 ναὸς
804 1722 966 1775 αὐτοῦ
1007 1722 1299 1792 γινόμενοι,
1346 1720 1525 1784 καθὼς
1566 1722 1622 1772 ἐν
1669 1722 1912 1789 Εὐαγγε-

343 1818 495 1880 λίοις,
540 1818 631 1869 καὶ
678 1817 733 1867 ὲν
777 1813 973 1883 Παύλῳ
1013 1812 1321 1883 θεηγορῶν,
1364 1812 1523 1876 αὐτὸς
1570 1813 1907 1883 ἀπεφήνατο.

342 1911 529 1979 Δυσμῇ
563 1908 619 1960 δὲ
647 1910 848 1960 νοεῖται
874 1908 908 1975 ἡ
948 1903 1190 1974 ἡμετέρα
1225 1902 1406 1973 φύσις,
1442 1903 1536 1955 καὶ
1567 1903 1626 1955 τὸ
1655 1903 1909 1956 ἐπίπονον

341 1999 434 2052 τοῦ
463 1998 666 2068 κόσμου
694 1996 893 2067 χωρίον
922 1997 1042 2056 ταῖς
1068 1992 1278 2063 ἡδοναῖς
1322 1993 1429 2046 τῶν
1469 1993 1655 2046 παθῶν
1696 1990 1913 2056 σκιαζόσ

345 2108 524 2162 μενον.
564 2090 783 2142 Νοεῖται
811 2087 867 2140 δὲ
916 2088 1009 2139 καὶ
1038 2088 1066 2138 6
1098 2084 1246 2155 ᾅδης.
1284 2085 1371 2136 Ἐν
1398 2078 1478 2147 οἷς
1516 2084 1579 2135 τὸ
1618 2083 1779 2137 ἀῦλον
1818 2083 1913 2135 καὶ

341 2184 530 2238 ἄσκιον
568 2182 683 2251 φῶς
734 2180 1109 2250 ὲναστράψαν,
1145 2178 1322 2231 πάντα
1375 2177 1512 2248 πρὸς
1554 2176 1613 2229 τὸ
1668 2179 1912 2248 κρεῖττον

344 2272 814 2346 μετεστοιχείωσε,
849 2273 948 2343 τὴν
987 2270 1148 2338 φύσιν
1189 2267 1527 2332 ἀνεκαίνισε,
1570 2267 1661 2319 τὸν
1712 2267 1913 2337 κόσμον

344 2364 661 2437 φαιδρύνας,
695 2364 786 2417 τὸν
809 2362 942 2434 ᾅδην
966 2359 1264 2424 σκυλεύσας
1294 2357 1430 2430 πρὸς
1455 2358 1788 2429 ἡμερότητα,
1820 2358 1915 2410 καὶ

340 2455 447 2508 τῶν
475 2453 808 2523 ἐνεχομένων
839 2450 1123 2504 ἀπόλυσιν.
1155 2448 1266 2501 Καὶ
1296 2446 1366 2499 τὰ
1408 2446 1505 2517 μὲν
1530 2446 1594 2498 ὲκ
1620 2445 1713 2498 τοῦ
1752 2444 1916 2497 Δαόὶδ

341 2545 599 2617 ἀμυδρῶς
655 2560 743 2614 μοι
796 2540 975 2605 ἔδοξε·
1026 2541 1094 2593 τὰ
1130 2539 1187 2591 δὲ
1230 2536 1322 2591 τοῦ
1362 2535 1503 2600 Ἰὼϐ,
1540 2538 1634 2590 καὶ
1694 2535 1914 2589 Ἡσαΐου

346 2639 467 2708 μετ’
493 2637 551 2688 οὐ
601 2635 734 2687 πολὺ
779 2630 1149 2701 ἀποδώσομεν,
1181 2629 1268 2682 διὰ
1300 2628 1360 2682 τὸ
1410 2628 1581 2698 βραχὺ
1624 2631 1724 2698 τῆς
1766 2627 1916 2698 ὥρας

342 2724 436 2778 νῦν
484 2722 917 2794 ὑπερτιθέμενοι.
972 2721 1174 2789 ’Ἄμφω
1227 2717 1284 2770 δὲ
1336 2716 1396 2769 τὸ
1440 2715 1651 2787 μέλλον,
1684 2718 1759 2779 ὼς
1815 2716 1915 2787 ἥδη

341 2816 606 2886 πραχθὲν.
629 2814 919 2883 ἐξεϐόησαν
948 2812 1250 2883 ἀραρότως,
1272 2808 1368 2880 τὴν
1395 2809 1616 2863 ἔκϐασιν
1638 2808 1736 2877 τῆς
1768 2806 1918 2875 σφῶν

341 2908 696 2979 προρρήσεως
717 2902 1095 2972 ἐπιστάμενοι.
1114 2900 1481 2970 Οἰκονομικῶς
1508 2899 1682 2952 τοίνυν
1706 2900 1919 2965 ἀγνοεῖν

343 2998 669 3069 ὑπεκρίνετο
692 2996 882 3065 πάσης
906 2994 1021 3063 ἅμα
1050 2991 1278 3055 κτίσεως
1307 2989 1589 3059 γινώσκων
1611 2987 1916 3059 ἀπόρρητα,

339 3092 426 3145 διὰ
451 3091 547 3160 τῆς
580 3086 822 3148 πεύσεως
854 3084 1055 3154 πλῆθος
1079 3083 1465 3153 συνεγερθῆναι
1491 3082 1628 3151 πρὸς
1653 3080 1749 3151 τὴν
1779 3080 1913 3133 ὑπό-

344 3183 538 3247 δειξιν,
560 3181 654 3233 καὶ
685 3178 838 3249 παρά
877 3176 983 3229 τῶν
1017 3175 1224 3246 ἐχθρῶν
1268 3175 1677 3246 μαρτυρηθήναι
1715 3173 1913 3243 μᾶλλον

339 3275 398 3327 τὸ
433 3270 753 3343 παράδοξον.

1767 417 2112 475 DIALOGUS
2147 420 2188 475 1.

3489 418 3594 474 891

2021 537 2150 591 item
2182 534 2490 590 convolutis
2534 533 2764 604 pedibus
2794 533 3051 589 essiliens
3085 534 3357 604 sepulcro,
3406 550 3595 605 egros-

2019 643 2115 681 sus
2137 634 2304 689 esset,
2348 625 2477 678 dum
2518 626 2719 679 illaesus
2746 635 2801 678 et
2834 625 2979 678 nulla
3011 626 3256 694 corporis
3284 634 3436 695 parte
3470 643 3593 680 mu-

2018 719 2211 772 tilatus
2255 718 2522 779 cernitur,
2572 731 2668 786 per
2722 731 2911 770 vocem
2965 715 3129 771 Verbi
3166 718 3587 784 corroboratus,

2018 825 2191 879 eoque
2228 809 2293 861 ad
2324 823 2605 878 egressum
2638 808 2961 863 auxiliatore
2996 808 3177 863 usus?
3224 806 3451 863 Videtur
3489 825 3589 862 au-

2016 911 2125 954 tem
2186 899 2343 964 mihi,
2410 898 2583 967 ipsam
2635 913 2852 968 quoque
2903 906 3132 953 mortem
3186 898 3592 969 quodammodo

2021 991 2355 1045 commoveri
2378 989 2445 1044 ad
2476 990 2875 1045 velocissimam
2897 990 3058 1046 istam
3086 992 3491 1057 excitationem,
3521 1005 3592 1045 nc

2023 1084 2244 1153 quando
2276 1097 2372 1151 per
2399 1081 2801 1136 cunctationem
2830 1082 3000 1135 altera
3031 1097 3162 1135 voce
3192 1079 3353 1137 Verbi
3379 1083 3587 1148 audita,

2018 1190 2147 1228 mox
2179 1174 2469 1229 universos
2493 1172 2635 1243 apud
2661 1189 2719 1228 se
2747 1173 3003 1243 degentes
3029 1175 3241 1229 solvere
3261 1182 3584 1244 cogeretur:

2020 1266 2181 1335 quale
2212 1263 2472 1334 quiddam
2504 1274 2627 1333 post
2663 1280 2754 1319 sex
2791 1265 2909 1319 dies
2954 1265 3154 1319 accidit
3199 1264 3425 1330 infelici,
3461 1281 3586 1320 cum

2015 1359 2062 1413 is
2093 1359 2186 1428 qui
2218 1358 2285 1411 ad
2308 1358 2742 1414 reviviscendum
2767 1367 2926 1413 vocat
2955 1370 3221 1424 mortuos,
3256 1360 3323 1415 ad
3354 1369 3585 1416 mortem

2015 1450 2318 1511 accederet,
2344 1451 2643 1505 secundum
2669 1450 2979 1505 divinorum
3008 1460 3187 1505 vatum
3212 1450 3332 1505 Jobi
3356 1460 3410 1505 et
3434 1452 3587 1506 Isaia!

2018 1542 2381 1611 prephetiam,
2439 1549 2564 1597 ante
2607 1542 2756 1596 mille
2800 1557 2973 1597 annos
3029 1542 3301 1596 luculente
3347 1544 3592 1596 claman—

2015 1633 2145 1684 tium
2180 1650 2192 1685 :
2224 1631 2497 1699 Ingressus
2544 1650 2597 1686 es
2646 1648 2808 1693 mare,
2834 1641 2884 1686 et
2931 1632 3216 1685 ambulasti
3264 1634 3317 1685 in
3357 1633 3586 1701 vestigiis

2014 1720 2227 1789 abyssi;
2279 1723 2587 1791 aperiuntur
2637 1720 2730 1773 tibi
2771 1737 2889 1773 cum
2933 1728 3127 1775 terrore
3166 1730 3331 1786 porta:
3375 1723 3582 1776 mortis.

2016 1810 2271 1866 Custodes
2313 1812 2498 1880 janua:
2558 1813 2668 1865 orci
2727 1827 2773 1865 te
2834 1810 3061 1865 videntes
3112 1813 3493 1865 exhorruerunt
3516 1814 3583 1867 ".

2014 1899 2113 1955 llis
2148 1910 2329 1956 autem
2355 1903 2702 1957 consentiens
2725 1902 3034 1955 divinorum
3064 1902 3369 1956 carminum
3396 1911 3588 1957 auctor

2017 1992 2248 2048 bavides
2304 1995 2480 2062 inquit
2514 2012 2526 2047 :
2560 1993 2784 2047 Cantate
2824 1993 2969 2057 πορθ,
3031 1993 3240 2060 psallite
3284 1995 3448 2061 ipsius
3492 2010 3589 2048 uo-

2016 2086 2165 2149 mini,
2210 2087 2348 2139 viam
2395 2096 2579 2153 parate
2610 2088 2680 2152 ei,
2720 2088 2808 2156 qui
2850 2087 3142 2155 ingreditur
3186 2085 3255 2139 ad
3294 2102 3537 2141 occaatm
3567 2102 3590 2141 :

2016 2176 2273 2229 Dominus
2330 2192 2515 2229 nomen
2563 2178 2610 2231 ei
2634 2178 2698 2231 ’°.
2728 2176 2884 2230 Viam
2918 2185 3097 2231 autem
3146 2193 3248 2231 nos
3299 2178 3447 2247 ipsos
3492 2177 3591 2231 Do-

2018 2270 2170 2322 mino
2196 2285 2392 2339 parare
2424 2269 2711 2337 docemur,
2751 2270 3083 2340 domumque
3116 2269 3294 2326 facere
3340 2287 3435 2341 per
3462 2287 3592 2327 san-

2016 2367 2160 2413 ctam
2210 2358 2428 2414 vivendi
2479 2359 2774 2422 rationem,
2820 2358 3031 2413 Numen
3072 2359 3139 2414 ad
3191 2375 3290 2415 nos
3325 2360 3474 2415 velut
3522 2361 3579 2415 in

2018 2450 2321 2505 sacrarium
2370 2450 2723 2518 recipientes,
2770 2451 2985 2505 mansio
3013 2461 3068 2506 et
3110 2453 3369 2522 templum
3407 2452 3582 2521 ipsius

2018 2541 2168 2607 facti,
2205 2552 2263 2598 ut
2311 2543 2367 2597 in
2412 2542 2706 2612 Evangelio
2735 2544 2779 2575 ⁸⁷
2818 2551 2872 2598 et
2910 2542 3080 2598 Paulo
3102 2543 3149 2574 ’⁸
3176 2543 3438 2598 divinitus
3467 2545 3588 2614 ipse

2018 2633 2222 2689 docuit.
2263 2632 2329 2687 Et
2356 2634 2584 2705 intelligi
2626 2650 2724 2705 per
2756 2650 3011 2689 occasum
3045 2644 3219 2704 potest
3262 2643 3457 2689 natura
3490 2650 3591 2690 no-

2020 2735 2156 2788 stra,
2192 2732 2244 2779 et
2281 2740 2593 2780 aerumnosa
2634 2725 2795 2794 hujus
2824 2724 3010 2779 mundi
3058 2725 3228 2793 regio,
3266 2741 3388 2794 qua
3436 2725 3592 2779 vitio-

2020 2830 2139 2867 rum
2182 2814 2549 2884 voluptatibus
2589 2813 2966 2867 obumbratur.
3016 2811 3247 2880 lntelligi
3289 2812 3453 2865 etiam
3487 2826 3584 2879 po-

2020 2914 2125 2960 test
2175 2920 2361 2960 orcus.
2414 2906 2593 2975 Atque
2636 2906 2691 2958 in
2731 2904 2816 2958 bis
2867 2903 3243 2957 immaterialis
3292 2910 3345 2955 et
3389 2902 3586 2955 umbra

2020 3010 2214 3050 carens
2263 2996 2355 3048 illa
2388 2996 2478 3049 lux
2520 2994 2810 3058 irradians,
2861 2993 3043 3047 omnia
3076 2992 3354 3046 meliorem
3386 2992 3441 3045 in
3480 2999 3593 3045 sta-

2023 3094 2134 3138 tum
2175 3085 2385 3155 redegit
2423 3093 2475 3139 et
2519 3084 2953 3140 transformavit.
3008 3082 3269 3135 Naturam
3321 3082 3595 3152 reparavi:

2024 3180 2232 3232 mundo
2267 3180 2560 3243 illustrato,
2583 3187 2635 3233 et
2663 3193 2793 3231 orco
2823 3177 3075 3246 spoliato,
3100 3190 3208 3244 quo
3237 3174 3507 3239 mitescat,
3541 3183 3595 3226 et

2019 3268 2266 3321 detentos
2295 3268 2435 3338 apud
2468 3284 2527 3322 se
2570 3268 2823 3321 dimittat.
2870 3268 3046 3336 Atque
3089 3265 3189 3318 hoc
3224 3265 3439 3334 quidem
3488 3264 3592 3317 ali-

338 3381 449 3434 quo
509 3363 667 3417 modo
720 3369 860 3415 tecte
914 3359 1044 3412 milii
1108 3358 1321 3412 videtur
1380 3357 1532 3411 innui
1590 3371 1620 3409 a
1668 3355 1887 3411 Davide.
1944 3356 2120 3412 Verba
2178 3369 2355 3413 autem
2405 3359 2527 3413 Jobi
2566 3367 2619 3412 ct
2664 3358 2815 3414 Isaia:
2851 3360 2993 3415 haud
3052 3361 3220 3414 multo
3270 3368 3391 3430 post
3424 3360 3596 3429 eXpli-

339 3461 608 3522 cabimus,
652 3472 798 3510 nunc
853 3461 1075 3524 propter
1128 3449 1435 3518 angustiam
1474 3447 1733 3517 temporis
1793 3462 1855 3501 ea
1922 3447 2252 3503 differentes.
2308 3449 2544 3519 Uterque
2601 3459 2781 3503 autem
2843 3450 2895 3503 id
2942 3452 3083 3522 quod
3144 3451 3386 3503 futurum
3442 3460 3589 3515 crat,

338 3553 492 3623 quasi
548 3552 659 3620 jam
700 3549 898 3603 factum
940 3545 1430 3617 pronuntiaverunt.
1471 3542 1682 3595 ratione
1733 3544 2126 3607 conveniente,
2170 3554 2428 3615 tanquam
2473 3546 2604 3599 certi
2670 3545 2739 3599 de
2788 3543 3030 3599 vaticinii
3088 3543 3172 3597 sui
3222 3552 3437 3597 eventu.
3491 3542 3597 3596 Sc-

338 3645 578 3699 cuudum
632 3643 1089 3713 dispensationem
1152 3641 1317 3710 igitur
1378 3640 1630 3708 ignorare
1678 3655 1737 3694 se
1783 3640 2097 3705 simulavit,
2176 3644 2267 3712 qui
2317 3646 2496 3697 omnis
2559 3644 2613 3697 in
2661 3644 2975 3697 universum
3015 3652 3275 3696 creatura:
3318 3641 3598 3711 cognoscit

338 3753 561 3801 arcana,
596 3745 653 3789 ut
695 3751 791 3805 per
836 3734 1315 3804 interrogationem
1362 3734 1520 3787 turba
1588 3734 1919 3787 excitaretur
1954 3734 2019 3787 ad
2061 3735 2481 3789 monstrandum
2550 3735 2838 3801 Lazarum,
2873 3748 2926 3793 et
2963 3747 3023 3793 ut
3084 3739 3155 3793 ab
3184 3738 3318 3808 ipsis
3354 3738 3597 3791 inimicis

339 3837 493 3884 tanto
518 3827 688 3899 magis
742 3826 1109 3880 testimonium
1155 3824 1479 3895 prodigiosa:
1516 3826 1593 3879 rei
1650 3824 2049 3895 perhiberetur.

916 3985 1163 4037 ΠΕΥΣΙΣ
1202 3985 1324 4037 ΛΑ’.

409 4122 602 4185 Καλῶς
636 4122 726 4175 τὸν
767 4122 893 4192 περὶ¹
925 4121 1177 4191 Λαζάρου
1216 4120 1546 4183 ἀκούσαντες
1590 4117 1768 4188 λόγον,
1800 4118 1914 4173 δεό-

340 4214 483 4286 μεθα
523 4216 663 4285 ὑπὲρ
697 4215 796 4284 τῆς
838 4213 1237 4284 αἰμορροούσης
1277 4212 1533 4280 γυναικὸς
1557 4251 1573 4274 ,
1612 4214 1675 4265 ἐκ
1711 4212 1912 4283 ταύτης

336 4306 785 4378 τεκμαιρομένων
817 4307 945 4377 περὶ
986 4304 1094 4358 τῶν
1123 4303 1325 4357 λοιπῶν
1358 4304 1450 4358 τοῦ
1492 4305 1747 4376 Σωτῆρος
1787 4307 1909 4359 ὲπε·

341 4398 485 4468 ρωτή
495 4414 650 4450 σεων.

958 4530 1309 4598 Ἀπόκρισις.

410 4639 521 4692 Καὶ
545 4640 609 4691 ὲκ
633 4638 835 4707 ταύτης
861 4638 1249 4710 παιδευόμεθα.
1283 4634 1400 4691 ἶσον
1426 4638 1515 4691 τὸν
1544 4640 1712 4693 Παῖδα
1740 4640 1913 4710 ὑπάρ-

336 4748 455 4803 χειν
491 4730 567 4800 τῷ
597 4728 715 4800 Θεῷ
757 4731 850 4783 καὶ
890 4730 1085 4801 Πατρὶ,
1116 4730 1210 4783 καὶ
1242 4730 1343 4782 οὐκ
1378 4730 1589 4800 ἀγνοίᾳ,
1621 4731 1734 4782 ἀλλ’
1768 4733 1913 4784 οἰκο-

335 4825 520 4895 νομία,
551 4825 670 4876 κατ’
725 4826 951 4885 ἐκεῖνον,
984 4822 1307 4892 πυθόμενον.
1352 4823 1488 4892 Φησὶ⁵
1527 4822 1635 4894 γὰρ
1664 4822 1739 4893 τῷ
1765 4840 1913 4892 πρω-

332 4915 544 4983 τοφόνῳ
570 4910 731 4975 Καῒν,
769 4911 1036 4981 βασκανίᾳ
1062 4912 1151 4963 τὸν
1177 4912 1401 4981 ἀδελφὸν
1424 4913 1696 4965 κτείναντι
1732 4915 1821 4965 ἐπὶ
1844 4916 1910 4985 τῇ

334 5003 667 5073 προτιμήσει
711 5000 819 5055 τῶν
864 5000 1071 5071 δώρων,
1106 5001 1526 5072 ἐνδομυχοῠντος
1562 5002 1654 5056 τοῦ
1693 5003 1910 5071 φθόνου,

2433 3986 2951 4044 INTERROGATIO
2988 3988 3180 4043 XXXI.

2088 4121 2233 4176 Satis
2257 4122 2395 4178 bene
2428 4123 2532 4177 bac
2577 4122 2644 4178 de
2688 4122 2897 4178 Lazaro
2927 4124 3140 4178 ratione
3188 4130 3463 4194 percepta,
3497 4138 3591 4178 ro-

2014 4229 2207 4284 gamus
2243 4214 2311 4270 de
2342 4215 2571 4286 muligre
2597 4216 2885 4285 sanguinis
2914 4214 3179 4286 profluvio
3204 4215 3488 4270 laborante
3524 4226 3585 4268 ut

2029 4303 2292 4369 disseras,
2325 4315 2383 4360 ut
2419 4274 2621 4360 eébac
2641 4306 3009 4373 conjecturam
3044 4305 3308 4362 faciamus
3339 4307 3501 4361 etiam
3526 4305 3595 4362 de

2018 4398 2231 4453 caneris
2255 4398 2769 4469 interrogationibus
2802 4398 3133 4454 Servatoris.

2656 4529 2958 4597 Responsio.

2089 4644 2359 4700 Pei’lianc
2384 4660 2598 4715 quoque
2626 4645 2908 4709 docemur,
2936 4644 3198 4714 :rqualem
3234 4642 3432 4699 Filium
3465 4660 3588 4699 esse

2020 4735 2129 4791 Deo
2156 4745 2210 4791 et
2248 4735 2417 4801 Patri,
2452 4752 2551 4792 nec
2581 4737 2651 4791 ob
2686 4737 3108 4805 ignorationem,
3140 4736 3233 4791 sed
3264 4753 3331 4790 ex
3359 4737 3586 4805 dispen-

2018 4829 2232 4883 satione
2275 4837 2537 4897 certoque
2569 4829 2823 4890 consilio,
2861 4827 3076 4881 Patrem
3122 4828 3407 4892 imitando,
3445 4843 3590 4895 qure-

2008 4934 2148 4973 rere.
2200 4918 2384 4988 lnquit
2415 4920 2557 4973 enim
2596 4919 2643 4971 is
2686 4918 2752 4971 ad
2806 4919 3040 4987 primum
3093 4918 3421 4971 homicidam
3458 4918 3584 4971 Cai—

2008 5026 2160 5072 num,
2194 5011 2285 5079 qui
2325 4994 2419 5079 per
2456 5010 2713 5063 invidiam
2745 5010 3020 5063 interemit
3053 5009 3297 5075 fratrem,
3342 5018 3588 5079 propter-

332 5096 431 5146 καὶ
465 5093 724 5162 θήγοντος
750 5092 845 5145 τοῦ
869 5092 1030 5159 φόνου
1066 5092 1126 5144 τὸ
1167 5094 1439 5161 φάσγανον
1459 5109 1472 5122 ·
1508 5093 1633 5147 Ποῦ
1663 5094 1846 5149 Ἅϐελ
1880 5098 1913 5149 ὁ

2016 5116 2069 5155 ea
2113 5100 2258 5169 quod
2300 5101 2444 5155 illius
2478 5100 2618 5154 dona
2663 5102 2882 5169 prmlata
2911 5109 3130 5163 essent,
3166 5101 3279 5169 jam
3318 5100 3466 5154 intus
3506 5102 3586 5152 la-

331 5187 602 5253 ἀδελέεός
640 5199 794 5246 σου;
850 5185 949 5236 οὐκ
979 5184 1207 5251 ἀγνοῶν,
1247 5184 1380 5238 ἀλλὰ
1411 5185 1598 5255 καιρὸν
1625 5187 1913 5255 μετανοίας

336 5279 614 5349 μιαιφόνῳ
647 5276 944 5346 μνώμενος.
971 5276 1029 5328 Ὀ
1045 5275 1122 5337 δὲ,
1141 5278 1220 5339 εἰς
1239 5276 1497 5329 ἀπόνοιαν
1523 5278 1910 5349 χωρήσας,Μὴ

330 5366 542 5435 φύλαξ
573 5368 677 5420 τοῦ
707 5366 974 5433 ἀδελφοῦ
1006 5384 1126 5435 μου
1153 5368 1269 5435 εἰμὶ
1296 5368 1408 5436 ἐγώ
1427 5383 1445 5431 ;
1464 5370 1645 5438 φησίν.
1666 5366 1830 5433 Αὖθις
1856 5371 1912 5423 δὲ

333 5460 475 5530 πρὸς
510 5458 670 5512 αὑτὸν
705 5460 736 5527 ἡ
772 5458 890 5510 θεία
923 5458 1073 5529 φωνὴ
1106 5459 1424 5529 ἐλέγχουσα,
1460 5461 1631 5528 Φωνὴ
1663 5464 1913 5530 αἵματος

329 5548 444 5601 τοῦ
470 5548 736 5615 ἀδελφοῦ
764 5563 880 5601 σου
900 5547 1021 5613 βοᾷ
1048 5551 1198 5616 πρός
1215 5566 1291 5617 με
1308 5566 1321 5577 ·
1346 5549 1407 5612 ἐξ
1431 5544 1506 5603 ὧν
1533 5551 1786 5621 δηλοῦται
1815 5554 1913 5606 οὐκ

331 5640 550 5710 ἀγνοίᾳ,
585 5639 721 5692 ἀλλά
751 5638 1129 5712 φιλανθρωπίᾳ
1161 5641 1259 5711 τὴν
1294 5642 1483 5695 πεῦσιν
1514 5644 1617 5695 ὑπὸ
1648 5644 1741 5711 τῷ
1777 5646 1911 5698 Θεοῦ

502 5832 604 5888 Jbb
646 5853 873 5917 ιιξὶχιινιιι2
902 5839 1259 5917 ισηιτὶιξςι,
1285 5842 1489 5917 _x1v,9.
1555 5847 1632 5878 ’³⁸
1666 5846 1808 5903 Psal.
1855 5865 2021 5917 Lu'u,
2062 5852 2113 5906 5.

332 5904 389 5938 ’θ
412 5905 547 5960 Gen.
595 5923 664 5971 ιν,
699 5908 749 5961 9.
830 5910 1031 5966 “ibid.
1112 5910 1152 5941 ³¹
1190 5910 1318 5964 ibid.
1358 5912 1438 5967 l0.

2008 5202 2156 5246 tentc
2189 5191 2414 5254 invidia,
2455 5202 2506 5246 et
2536 5191 2773 5261 gladium
2801 5192 2965 5246 caedis
2997 5200 3293 5247 cxacuente
3321 5212 3332 5245 :
3372 5191 3469 5246 Ubi
3505 5205 3583 5247 est

2011 5282 2201 5337 Abelus
2234 5282 2401 5350 frater
2444 5292 2565 5335 tuus
2591 5283 2673 5337 ”?
2723 5281 2841 5335 Non
2875 5283 3155 5349 ignorans,
3208 5282 3302 5335 sed
3358 5291 3586 5335 cruento

2009 5373 2302 5426 homicida:
2337 5372 2681 5427 occasionem
2718 5373 3051 5442 paenitentia:
3103 5388 3419 5443 suggerens.
3467 5376 3586 5442 Ipse

2010 5479 2140 5517 vero
2168 5463 2219 5516 in
2259 5463 2549 5515 amentiam
2589 5478 2779 5517 versus
2810 5482 2821 5516 :
2860 5463 3000 5515 Num
3032 5473 3206 5517 custos
3235 5480 3348 5533 ego,
3382 5465 3581 5534 inquit.

2012 5557 2198 5623 fratris
2248 5556 2347 5608 mei
2397 5554 2616 5607 sum"?
2655 5554 2973 5624 Rursusque
3018 5556 3195 5625 ipsum
3250 5557 3432 5610 divina
3480 5575 3582 5611 vox

2011 5646 2347 5717 redargucns
2408 5646 2586 5715 inquit
2612 5646 2695 5700 ³¹;
2783 5646 2894 5699 νοω
2942 5647 3217 5715 sanguinis
3265 5647 3452 5714 fratris
3506 5649 3583 5700 tui

2222 5854 2263 5883 ³⁷
2289 5850 2444 5906 Joan.
2488 5867 2595 5918 xiv,
2634 5850 2726 5906 35.
2834 5850 2880 5883 ³⁸
2919 5847 2940 5902 l
2974 5848 3100 5906 Cor.
3132 5863 3214 5914 ιιι,
3246 5847 3341 5916 16;
3375 5862 3448 5912 γι,
3485 5844 3571 5899 l6.
