4108 6376
438 443 547 499 895

439 563 637 614 ctamat
673 557 742 611 ad
779 573 878 612 me.
921 556 998 610 Ex
1037 557 1236 628 quibus
1277 555 1626 612 manifestum
1665 555 1742 621 fit,
1790 571 1901 610 non
1951 571 2017 609 ex

443 650 780 723 ignorantia,
815 649 911 704 sed
945 665 1011 704 ex
1045 664 1233 704 amore
1267 662 1320 702 et
1357 648 1598 703 bonitate
1623 663 1730 718 qua
1759 662 1886 716 erga
1917 647 2018 700 ho—

446 742 646 796 minem
681 740 940 811 praeditus
964 749 1070 805 est,
1110 740 1592 810 interrogationem
1622 754 1653 792 a
1683 738 1792 794 Deo
1832 747 1888 793 et
1926 738 2029 792 Pa-

441 837 532 886 tre
558 830 625 886 ad
670 831 946 886 crudelem
1000 831 1334 886 homicidam
1378 831 1685 886 institutam
1722 827 1914 884 fuisse.
1947 828 2030 882 Ad

445 924 696 978 eumdem
730 923 898 993 igitur
927 923 1150 978 modum
1183 923 1444 988 etFilius,
1485 937 1594 974 non
1623 921 1768 991 quod
1813 922 2033 991 ignara-

446 1023 550 1079 ret,
589 1014 684 1070 sed
737 1014 860 1069 ideo
889 1014 1268 1084 interrogavit,
1316 1028 1384 1068 ne
1429 1013 1475 1068 si
1506 1013 1621 1083 ipse
1649 1029 1745 1084 per
1776 1029 1835 1068 se
1871 1015 2036 1066 mira-

438 1106 633 1159 culum
691 1105 1027 1168 indicasset,
1081 1107 1453 1160 crassioribus
1515 1104 1791 1159 videretur
1843 1116 2036 1173 super—

443 1201 566 1256 bire
599 1220 612 1256 :
648 1218 824 1272 neque
874 1203 1003 1257 item
1047 1203 1168 1272 ipso
1222 1210 1457 1266 tacente,
1498 1204 1770 1272 iacturam
1822 1203 2035 1257 facere-

448 1309 574 1349 mus
616 1294 892 1359 miraculi,
936 1305 1088 1349 certo
1133 1295 1371 1349 consilio
1429 1295 1859 1364 interrogatione
1903 1310 2038 1350 usus

443 1395 554 1450 est,
589 1395 649 1442 ut
679 1388 799 1457 ipsa
837 1387 1215 1460 progrediens,
1250 1389 1579 1458 praedicaret
1615 1387 1739 1457 ejus
1770 1401 1947 1458 paenae
1975 1403 2039 1442 ac

451 1479 580 1536 mali
617 1479 1016 1547 liberationem,
1048 1495 1171 1551 qua:
1208 1495 1305 1552 per
1334 1480 1563 1536 ﬁmbrize
1590 1480 2034 1535 attrectationetn

450 1571 598 1625 facta
627 1578 764 1626 erat.
797 1569 980 1642 lnquit
1017 1573 1165 1628 enim
1211 1574 1546 1644 evangelista
1571 1574 1616 1605 ³⁸
1649 1593 1661 1628 :
1701 1572 1898 1628 Videns
1933 1589 2044 1627 mu-

451 1665 553 1720 lier
579 1664 718 1736 quod
748 1666 911 1720 latere
933 1683 1034 1720 non
1061 1675 1257 1736 posset,
1291 1677 1515 1722 tremens
1541 1667 1698 1729 venit,
1729 1675 1780 1721 et
1807 1665 2043 1720 adorans

454 1759 861 1830 congenulabat.
889 1759 1033 1828 Quin
1075 1761 1239 1816 etiam
1288 1772 1413 1817 ante
1447 1762 1740 1817 adventum
1792 1777 1953 1817 suum
1988 1760 2042 1815 in

455 1860 626 1900 carne
651 1847 1020 1918 ignorantiam
1055 1864 1164 1919 pra:
1206 1865 1266 1905 se
1295 1849 1500 1917 ferens,
1545 1851 1724 1922 inquit
1766 1851 1835 1906 ad
1867 1853 2043 1905 Abra-

456 1934 677 1990 hamttm
701 1957 714 1993 :
742 1937 842 1992 Ubi
868 1949 944 1992 est
969 1938 1109 1994 Sara
1143 1956 1281 1995 uxor
1301 1953 1392 1995 tua
1417 1941 1502 1995 "1’
1529 1942 1685 2009 Quod
1714 1941 1760 1997 si
1795 1942 2041 2010 ignoras-

457 2034 563 2087 set,
603 2041 712 2082 non
758 2043 890 2084 sane
941 2031 1386 2098 reprehendisset
1426 2048 1571 2097 eam,
1607 2048 1730 2104 qua:
1761 2033 1816 2086 in
1863 2033 2047 2087 taber-

455 2119 659 2173 naculo
709 2119 941 2175 ridebat.
981 2119 1118 2176 Nam
1167 2122 1315 2193 quod
1366 2124 1619 2186 habetur,
1662 2125 1806 2178 intra
1862 2131 2039 2180 semet

455 2207 636 2277 ipsam
667 2210 860 2267 risisse
888 2211 1104 2278 Saram,
1135 2214 1350 2270 modice
1383 2215 1560 2285 ipsam
1592 2215 1786 2273 risisse
1818 2216 2044 2272 indicat.

453 2301 873 2376 Confestimque
893 2308 1075 2362 trinus
1102 2287 1306 2377 hospes
1335 2323 1364 2362 a
1397 2309 1710 2378 patriarcha
1733 2316 2046 2378 susceptus.

459 2395 786 2450 nominatim
838 2398 1015 2467 ipsam
1061 2399 1450 2468 compellabat,
1503 2414 1622 2454 eam
1677 2415 1798 2469 quae
1844 2399 2050 2455 sterilis

1573 438 1630 495 S.
1672 439 1971 496 CAESARI!
2010 438 2350 496 GREGORH
2400 435 2702 493 FRATRIS

3614 423 3731 477 εοε

2129 557 2223 611 καὶ
2247 555 2457 626 [ἰατρὸς
2481 553 2558 624 τῷ
2586 549 2859 624 μιαιφόνῳ
2885 543 3278 618 προσάγεσθαι.
3310 538 3722 612 Παραπλησίως

2134 646 2227 704 οὖν
2245 649 2340 702 καὶ
2368 648 2398 699 6
2422 647 2552 710 Υἱὸς
2577 645 2680 698 οὐκ
2711 640 2920 712 ἀγνοῶν
2955 639 3140 710 ἧρετο,
3165 634 3280 690 ἀλλ’
3304 633 3392 686 ἵνα
3426 633 3498 703 μὴ
3526 629 3596 682 δι’
3621 629 3726 682 αύ-

2130 741 2224 795 τοῦ
2251 742 2429 812 φήσας
2453 739 2514 791 τὸ
2542 735 2748 806 Θαῦμα,
2770 732 2897 803 δόξῃ
2923 727 3222 799 τυφοῦσθαι
3257 728 3369 789 τοῖς
3391 723 3728 794 ’παχυτέρας

2131 835 2230 903 τὴν
2254 832 2524 886 διάνοιαν’
2559 830 2633 900 μὴ
2672 827 2717 881 δ’
2751 821 2819 879 αὖ
2853 823 3038 887 πάλιν,
3072 820 3406 882 σιωπῶντος,
3436 813 3732 886 ζημιωθῶ-

2139 944 2237 998 μεν
2269 925 2329 979 τὸ
2358 922 2683 995 παράδοξον,
2717 915 3080 989 οἰκονομικῶς
3115 917 3182 985 τῇ
3219 911 3413 965 πεύσει
3439 909 3730 979 κέχρηται,

2135 1021 2281 1106 ξπως
2307 1019 2488 1087 ἐκείνη
2525 1012 2864 1086 προελθοῦσα
2899 1009 3114 1082 κηρύξῃ
3129 1007 3226 1077 τὴν
3260 1008 3324 1058 ὲκ
3351 1004 3451 1073 τῆς
3475 1000 3733 1071 ψαύσεως

2135 1095 2230 1165 τοῦ
2256 1109 2562 1183 κρασπέδου
2595 1105 2895 1176 γενομένην
2938 1102 3077 1172 αύτῇ
3116 1099 3271 1152 λύσιν
3303 1096 3402 1165 τῆς
3443 1095 3728 1165 μάστιγος.

2136 1203 2276 1274 Φησὶ
2323 1201 2433 1272 γὰρ
2476 1203 2505 1254 ὁ
2548 1199 2690 1262 θεῖος
2739 1192 3160 1264 εὐαγγελιστὴς,
3201 1189 3445 1246 Ἰδοῦσα
3493 1187 3532 1254 ἠ
3574 1183 3731 1254 γυνὴ

2140 1297 2230 1350 ὅτι
2259 1299 2331 1350 οὐ
2361 1295 2642 1362 λέληθεν,
2668 1291 2972 1359 τρέμουσα
2993 1283 3202 1358 ἦλθεν,
3233 1282 3332 1337 καὶ
3370 1279 3735 1349 προσεκύνει

2140 1386 2320 1452 αὐτῷ,
2359 1386 2455 1439 καὶ
2485 1383 2556 1437 τὰ
2575 1382 2723 1452 ἑξῆς.
2756 1379 2916 1434 Ἀλλά
2944 1377 3040 1432 καὶ
3073 1376 3174 1445 τῆς
3204 1372 3429 1445 πρώτης
3465 1369 3738 1440 ὲνσάρκου

2143 1481 2279 1549 πρὸς
2312 1479 2462 1549 ἡμᾶς
2491 1475 2796 1544 φοιτήσεως
2824 1470 3048 1538 ἄγνοιαν
3081 1463 3572 1535 προσποιούμενος,
3601 1457 3741 1529 φησὶ

2142 1570 2221 1642 τῷ
2257 1567 2530 1639 Ἀϐραὰμ,
2557 1563 2679 1618 Ποῦ
2705 1561 2903 1630 Σάρρα
2933 1559 2971 1626 ἡ
3003 1555 3156 1628 γυνή
3184 1573 3301 1608 σου
3321 1571 3338 1617 ;
3361 1554 3425 1606 Εἰ
3445 1552 3501 1605 δὲ
3526 1549 3740 1620 ἠγνόει,

2144 1665 2245 1718 οὐκ
2299 1663 2368 1716 ἂν
2418 1657 2645 1730 ἤλεγξεν
2694 1655 2842 1708 ἔνδον
2895 1652 3162 1722 ὑπάρχειν
3212 1647 3310 1717 τῆς
3361 1644 3588 1716 σκηνῆς,
3648 1642 3745 1695 καὶ

2151 1755 2379 1828 μειδιᾷν.
2430 1751 2503 1805 Τὸ
2579 1749 2720 1820 γὰρ,
2767 1744 3100 1816 Ἐγέλασεν
3145 1742 3214 1796 ἐν
3261 1736 3448 1806 ἑαυτῇ
3503 1735 3752 1804 Σάρρα,

2152 1846 2444 1920 μειδιῶσαν
2495 1842 2662 1913 αὐτὴν
2699 1838 2868 1911 δηλοῖ.
2913 1838 3025 1891 Καὶ
3071 1835 3284 1906 ἀθρόως
3335 1832 3579 1903 ἕντριτος
3614 1829 3749 1880 ἑπι-

2151 1939 2400 2006 ξενιοθεὶς
2423 1936 2502 2008 τῷ
2528 1933 2864 2008 πατριάρχῃ,
2893 1933 2959 1984 ὲκ
2988 1927 3363 2002 προσηγορίας
3389 1926 3488 1994 τὴν
3517 1921 3758 1991 ξεναγὸν⁴

2147 2032 2428 2104 ἐπεζήτει,
2469 2032 2692 2102 στεῖραν
2732 2027 3086 2096 ὑπάρχουσαν
3122 2020 3458 2074 παιδοποιεῖν
3503 2020 3753 2084 ἐπαγγε-

2143 2125 2392 2194 λόμενος.
2415 2121 2596 2192 Πέρας
2629 2120 2687 2173 δὲ
2713 2122 2813 2192 τῆς
2843 2114 3195 2185 ἐπαγγελίας,
3227 2112 3413 2166 Ἰσαὰκ
3446 2113 3509 2163 ἐκ
3541 2108 3758 2176 ταύπς

2144 2215 2501 2286 ὲκφυόμενος.
2544 2213 2620 2266 Οὐ
2659 2211 2769 2283 γὰρ
2819 2209 3077 2280 πλάσμα,
3120 2206 3182 2259 ού
3228 2203 3454 2275 κλῆσις,
3487 2200 3550 2253 ού
3600 2215 3756 2269 παρ-

2145 2308 2534 2379 ῳχηκότα,ούκ
2549 2305 2843 2367 ἐνεστῶτα,
2873 2303 2933 2355 οὐ
2964 2297 3360 2372 μέλλοντα,ούχ
3394 2292 3573 2347 ὁτιοῦν
3606 2308 3760 2362 φρα-

2160 2399 2384 2469 ζόμενον
2415 2399 2450 2470 ἢ
2481 2398 2770 2469 νοούμενον
2799 2391 3020 2466 Χριστῷ
3050 2388 3264 2460 λέληθε.

456 2494 599 2551 erat,
632 2485 919 2542 fecundam
957 2489 1073 2544 fore
1104 2491 1453 2560 promittens.
1498 2489 1650 2545 Finis
1689 2499 1871 2546 autem
1912 2490 2300 2562 promissionis
2345 2498 2480 2551 erat.
2521 2501 2684 2545 natus
2731 2505 2798 2544 ex
2847 2489 2951 2540 hac
2997 2485 3239 2542 lsaacus.
3292 2481 3411 2537 Non
3454 2481 3601 2536 enim
3655 2479 3762 2547 fig-

459 2588 728 2642 mentum,
769 2595 878 2635 non
929 2588 1203 2648 creatura,
1238 2597 1348 2636 non
1383 2581 1680 2653 praeterita,
1717 2599 1830 2638 non
1879 2583 2196 2654 praesentia,
2247 2598 2357 2638 non
2402 2582 2606 2646 futura,
2649 2596 2761 2636 non
2795 2578 3061 2651 quidquid
3089 2575 3362 2632 nominari
3409 2573 3495 2628 vel
3519 2573 3762 2642 cogitari

459 2677 661 2741 potest,
687 2669 966 2726 Christum
1004 2673 1152 2726 latet.

873 2806 1403 2864 lNI‘ERROGATIO
1440 2808 1658 2864 XXXII.

537 2919 609 2972 At
639 2919 916 2989 quomodo
948 2921 1065 2990 ipse
1098 2920 1156 2975 in
1193 2920 1443 2974 ministri
1477 2919 1671 2976 ordine
1691 2928 1746 2975 et
1778 2920 1832 2974 in
1868 2919 2057 2974 famuli

468 3025 702 3066 numero
738 3019 906 3068 semet
946 3012 1125 3081 ipsum
1155 3027 1370 3082 ponens
1396 3011 1532 3066 dicit
1565 3030 1580 3067 :
1618 3010 1790 3066 Nemo
1822 3012 1960 3066 venit
1990 3010 2059 3064 ad

471 3105 711 3169 Patrem,
741 3104 848 3158 nisi
883 3119 976 3173 per
1003 3121 1083 3159 me
1104 3104 1190 3157 “‘1

1113 3217 1400 3288 Responsio
1411 3261 1425 3273 .

548 3331 752 3389 Verum
798 3341 1014 3404 oportet
1043 3341 1098 3390 et
1129 3349 1250 3390 eam
1301 3348 1515 3398 vocem,
1563 3349 1688 3404 quae
1721 3331 1850 3386 huic
1898 3346 2068 3402 oppo-

476 3426 582 3479 sita
614 3435 721 3489 εει,
752 3442 783 3480 a
833 3427 1055 3482 Christo
1096 3427 1326 3483 audire:
1359 3425 1551 3491 Nemo,
1586 3425 1785 3496 inquit,
1822 3425 1958 3478 venit
1997 3423 2066 3478 ad

477 3534 579 3585 me,
616 3520 720 3574 nisi
757 3517 924 3574 Pater
979 3537 1124 3576 meus
1173 3520 1396 3575 caelestis
1435 3520 1658 3574 traxerit
1683 3536 1803 3574 eum
1827 3519 1893 3573 ³⁵.

843 3652 1386 3709 'lNTERROGATIO
1425 3653 1664 3708 XXXIII.

554 3785 661 3841 Sed
707 3803 817 3842 non
851 3796 937 3843 est
976 3787 1142 3854 idem,
1170 3803 1262 3856 per
1295 3803 1397 3851 me,
1430 3796 1504 3855 et,
1559 3791 1785 3842 trahere.
1819 3787 1952 3841 Nam
1981 3803 2074 3856 per

484 3894 587 3941 me,
611 3879 736 3947 ejus
772 3889 858 3934 est
899 3880 997 3949 qui
1043 3879 1329 3948 subjectus
1372 3887 1458 3934 est
1491 3897 1503 3934 :
1533 3879 1742 3934 trahere
1795 3895 1946 3944 vero,
1978 3879 2073 3950 qui

483 3970 706 4039 propria
741 3977 1014 4040 potestate
1042 3973 1208 4042 cogit.

1125 4107 1437 4178 Responsio.

557 4218 701 4284 Quid
733 4219 900 4290 igitilr
937 4227 1043 4284 est,
1071 4219 1220 4290 quod
1252 4220 1322 4274 ad
1365 4221 1632 4276 Adamum
1673 4221 1815 4276 Deus
1862 4219 2079 4275 adducit

490 4309 772 4373 animalia,
805 4321 865 4364 ut
893 4310 1084 4366 videret
1113 4311 1242 4383 quid
1274 4323 1483 4368 vocaret
1509 4331 1593 4380 ea,
1626 4315 1770 4369 sicut
1806 4313 1983 4384 inquit
2014 4313 2083 4366 Ii-

491 4400 589 4454 ber
620 4399 688 4455 de
721 4401 1000 4459 creatione
1026 4419 1210 4459 rerum
1229 4404 1318 4476 3"?
1349 4402 1491 4459 Num
1524 4413 1813 4474 propterea
1850 4404 2085 4460 audebis

495 4491 810 4548 ministrum
842 4501 897 4549 et
927 4494 1191 4550 famulum
1222 4497 1512 4553 nominare
1542 4497 1753 4553 Deum?

885 4626 1411 4686 INTERROGATIO
1449 4628 1692 4685 XXXIV.

569 4739 715 4813 Ergo
745 4742 790 4797 si
836 4741 1115 4813 perfectus
1155 4743 1300 4800 Deus
1332 4751 1453 4800 erat
1494 4744 1772 4808 Christus,
1811 4746 2090 4815 quomodo

499 4835 762 4901 sapientia
815 4846 864 4890 et
911 4845 1068 4891 a'tate
1111 4837 1282 4906 ipsum
1340 4838 1595 4907 proﬁcere
1652 4837 1787 4892 dicit
1843 4837 2090 4910 Evange-

499 4928 635 4984 lium
654 4929 739 4983 ³⁷⁸1

1139 5023 1448 5094 Responsio.

574 5162 694 5219 Non
731 5162 996 5220 debemus
1027 5163 1120 5217 illa
1141 5162 1418 5234 applicare
1447 5161 1744 5217 divinitati.
1778 5160 2094 5218 Secundum

502 5258 652 5311 illam
688 5258 836 5312 enim
866 5271 1047 5327 neque
1087 5257 1312 5322 crescit,
1354 5271 1536 5326 neque
1567 5254 1790 5322 deficit;
1841 5271 1952 5310 non
1987 5255 2092 5308 mi-
2137 5238 2169 5302 .-

504 5351 717 5415 nuitur,
754 5366 860 5404 non
893 5349 953 5404 fit
976 5350 1292 5421 gloriosior,
1325 5365 1437 5404 non
1468 5349 1685 5419 major;
1721 5364 1831 5404 non
1864 5348 2092 5413 insistit,

507 5457 619 5496 non
645 5441 1012 5497 contrahitur.
1041 5441 1266 5498 Proﬁcit
1290 5457 1422 5497 vero
1442 5441 1738 5495 roboratus
1759 5447 1814 5495 et
1836 5454 2096 5495 crescens

511 5534 816 5589 secundum
859 5541 1115 5589 naturam
1162 5541 1408 5589 nostram
1443 5533 1497 5587 in
1531 5531 1716 5587 servili
1747 5530 1943 5585 forma.
1976 5529 2097 5585 Non

2759 2805 3009 2859 ΠΕΥΣΙΣ
3047 2804 3170 2857 ΛΒ’.

2239 2922 2349 2975 Καὶ
2390 2921 2507 2985 πῶς
2537 2920 2700 2985 αὐτὸς
2735 2922 2793 2972 ὲν
2841 2918 3092 2972 διακόνου
3130 2915 3282 2980 τάξει
3325 2914 3420 2967 καὶ
3474 2910 3766 2984 ὑπηρέτου

2170 3014 2360 3068 ἑαυτὸν
2399 3012 2711 3084 ὲναριθμῶν
2753 3011 2923 3081 λέγει,
2951 3009 3160 3076 Οὐδεὶς
3190 3007 3427 3077 ἔρχεται
3458 3004 3609 3074 πρὸς
3657 3004 3776 3058 τὸν

2169 3106 2422 3176 Πατέρα,
2462 3109 2515 3162 εὶ
2543 3107 2631 3177 μὴ
2673 3105 2748 3160 δι’
2784 3103 2968 3176 emi};

2787 3220 3156 3288 Ἀπόκρισις.

2255 3337 2416 3392 Ἀλλὰ
2455 3336 2561 3409 χρὴ
2616 3335 2712 3389 καὶ
2753 3333 3033 3389 ἀντίθετον
3078 3335 3285 3402 ταύτης
3329 3332 3482 3403 παρὰ
3524 3326 3783 3402 Χριστοῦ

2173 3430 2404 3485 ἀκοῦσαι
2434 3429 2647 3500 φωνήν·
2699 3425 3154 3496 Οὐδεὶς,’φησὶν,
3199 3425 3438 3494 ἔρχεται
3482 3426 3638 3492 πρός
3671 3440 3776 3492 με,

2173 3528 2227 3580 εὶ
2247 3524 2333 3595 μὴ
2361 3528 2394 3579 ὁ
2416 3524 2618 3592 Πατήρ
2633 3539 2754 3592 μου
2779 3519 3061 3588 οὐράνιος
3086 3519 3336 3572 ἐλκύσει
3359 3518 3568 3573 αὐτόν.

2763 3658 3016 3714 ΠΕΥΣΙΣ
3052 3657 3175 3712 AI".

2264 3799 2401 3853 Ἀλλ’
2432 3799 2494 3851 οὐ
2526 3796 2723 3851 ταύτόν
2753 3796 2891 3860 ἐστι,
2919 3794 2999 3860 τὸ,
3041 3792 3116 3847 δι’
3148 3791 3316 3860 ἐμοῦ,
3349 3789 3446 3843 καὶ
3479 3789 3565 3849 τὸ,
3589 3789 3783 3842 ἐλκύ-

2181 3910 2297 3948 σει.
2331 3893 2404 3945 Τὸ
2444 3891 2571 3962 γὰρ,
2607 3889 2680 3943 δι’
2709 3888 2878 3958 ἐμοῦ,
2923 3885 3203 3948 πείθοντός
3244 3886 3393 3937 ἐστι·
3440 3882 3501 3935 τὸ
3547 3882 3629 3945 δὲ,
3677 3884 3783 3936 ἐλ-

2184 3985 2376 4048 κύειν,
2396 3978 2795 4051 ἀναγκάζοντος
2823 3977 2920 4031 τοῦ
2941 3974 3350 4038 αὐθεντοῦντος.

2803 4113 2862 4168 Ἀ
2870 4113 3165 4182 πόκρισις.

2260 4229 2326 4282 Τί
2346 4223 2692 4297 οὗν,ἐπὶτοῦ
2719 4227 2944 4298 Ἆδὰμό
2966 4225 3112 4292 Θεὸς
3141 4222 3430 4293 προσάγει
3455 4219 3530 4273 τὰ
3559 4219 3787 4287 κτήνη,

2184 4319 2342 4377 ἰδεῖν·
2375 4322 2432 4374 τί
2464 4317 2713 4373 καλέσει
2761 4317 2951 4382 αὐτὰ,
2992 4316 3160 4386 φησὶν
3195 4316 3224 4368 ὁ
3270 4314 3373 4384 τῆς
3408 4315 3789 4385 δημιουργίας

2186 4415 2372 4483 λόγοςς
2398 4413 2702 4482 Τολμήσεις
2731 4408 2885 4482 παρὰ
2911 4409 3072 4464 τοῦτο
3095 4408 3344 4462 διάκονον
3372 4407 3468 4461 καὶ
3491 4407 3790 4477 ὑπηρέτην

2187 4508 2277 4562 τὸν
2310 4507 2444 4560 Θεὸν
2477 4505 2753 4574 ἀποφῆναι
2770 4521 2784 4569 ;

2781 4637 3030 4691 ΠΕΥΣῙΣ
3065 4637 3185 4691 ΛΔ’.

2263 4755 2374 4810 Καὶ
2406 4755 2456 4808 εἰ
2485 4752 2691 4817 τέλειος
2717 4747 2787 4824 ἦν
2816 4751 2950 4816 Θεὸς
2983 4753 3011 4804 ὁ
3043 4749 3304 4822 Χριστὸς,
3340 4745 3458 4810 πῶς
3480 4747 3670 4827 ’σοφίᾳ
3697 4744 3796 4801 καὶ

2189 4848 2378 4920 ἡλικίᾳ
2402 4845 2733 4901 προκόπτειν
2761 4843 2923 4899 αὐτὸν
2948 4843 3097 4907 λέγει
3123 4841 3184 4895 τὸ
3213 4840 3583 4910 Εὑαγγέλιον;

2804 5025 3173 5093 Ἀπόκρισις.

2264 5160 2355 5230 Μὴ
2391 5161 2456 5231 τῇ
2493 5159 2706 5228 Θεότητι
2739 5159 2925 5211 ἐκεῖνα
2953 5154 3346 5229 προσάψωμεν.
3378 5153 3452 5207 Οὐ
3489 5153 3601 5220 γὰρ
3638 5151 3802 5216 αὔξει

2201 5252 2318 5305 κατ’
2349 5251 2588 5322 ἐκείνην,
2611 5249 2734 5304 οὐδὲ
2765 5249 2947 5320 λήγει,
2979 5251 3040 5302 ού
3081 5248 3348 5319 μειοῦται,
3383 5247 3444 5299 οὐ
3476 5245 3798 5310 δοξάζεται,

2200 5345 2260 5397 οὺ
2290 5343 2654 5416 κορυφοῦται,
2691 5343 2789 5414 οὐχ
2818 5343 3142 5413 ὑφίσταται,
3177 5340 3238 5393 οὐ
3281 5340 3598 5407 συνάγεται.
3647 5340 3799 5408 Προ-

2202 5436 2374 5491 ϐαίνει
2412 5437 2469 5489 δὲ
2515 5436 2964 5506 κραταιούμενος,
3002 5434 3096 5488 καὶ
3129 5431 3310 5496 αὔξων
3348 5435 3413 5502 τῇ
3468 5430 3596 5484 καθ’
3641 5431 3801 5500 ἡμᾶς

2202 5530 2422 5601 δουλικῇ
2477 5532 2681 5601 μορφῇ.
2731 5529 2806 5581 οὐ
2859 5527 2969 5598 γὰρ
3023 5526 3296 5598 πλήρωμα
3341 5523 3634 5594 ἠλαττώθη
3699 5523 3804 5591 τῆς

515 5627 664 5681 enim
697 5627 985 5697 plenitudo
1015 5625 1320 5680 divinitatis
1355 5625 1646 5678 imminuta
1676 5630 1783 5687 εει,
1814 5637 1994 5692 neque
2025 5637 2052 5676 ε

2196 5623 2481 5696 Θεότητος,
2516 5621 2638 5675 οὐδὲ
2679 5619 2820 5675 κατὰ
2854 5620 3137 5692 προκοπὴν
3167 5616 3227 5683 ἐξ
3264 5615 3574 5688 ἀνθρώπων
3600 5615 3802 5685 γέγονε

521 5719 763 5783 eundum
791 5719 1098 5789 profectum
1130 5718 1430 5772 humanum
1465 5715 1610 5772 Deus
1639 5722 1744 5771 est.

532 5962 572 6001 η
600 5877 806 6002 ’Ξὲλυα
834 5893 958 5946 vm,
997 5880 1085 5934 47.
1179 5880 1225 5912 ³³
1256 5879 1391 5966 Οερ.
1419 5893 1575 5943 xvut,
1620 5876 1674 5929 9.

287 6255 536 6342 Δ

1784 5874 1825 5906 ³⁸
1848 5873 1984 5929 Joan
2039 5891 2149 5941 xw,
2181 5874 2234 5931 6.

2197 5713 2349 5776 Θεός.

3578 5862 3622 5894 ³⁷
3667 5861 3802 5918 Luc.

2340 5875 2385 5906 ³⁸
2411 5847 2673 5939 Joan.v:,
2705 5871 2793 5942 44,
2828 5870 2915 5929 66.
3019 5871 3064 5902 ³⁸
3093 5870 3226 5926 Gen.
3277 5883 3338 5936 tl,
3378 5865 3465 5925 i9.
