4108 6376
320 390 428 446 8‘37

898 505 1148 558 ΠΕΥΣΙΣ
1185 506 1305 559 ΛΕ’.

398 621 508 675 Καὶ
538 620 655 684 πῶς
694 621 768 691 μὴ
798 620 1014 675 κτιστὸν
1047 621 1272 691 εἴπομεν
1301 620 1392 673 τὸν
1433 619 1583 682 Υίὸν,
1614 620 1707 673 τοῦ
1749 620 1905 672 Ἀπο-

324 715 510 768 στόλου
540 713 841 784 γράφοντος
863 713 991 785 περὶ
1014 712 1203 776 αὐτοῦ,
1226 712 1491 776 Δέξασθε
1509 712 1615 764 τὸν
1632 711 1910 781 ἀρχιερέα

323 808 433 875 τῆς
450 808 711 873 πίστεως
728 805 921 875 ὑμῶν,
939 805 1162 859 πιστὸν
1176 805 1322 859 ὄντα
1349 803 1429 869 τῷ
1449 804 1771 872 ποιήσαντι
1800 806 1909 857 αὐ-

324 901 468 965 τόν;
516 900 645 963 Καὶ,
672 898 963 952 Γνωστὸν
989 898 1153 967 ὑμῖν,
1183 895 1303 964 πᾶς
1325 897 1488 963 οἶκος
1522 895 1792 965 Ἰσραὴλ,
1818 896 1909 949 ὅτι

321 992 537 1047 τοῦτον
565 991 671 1045 τὸν
703 990 941 1060 Ἰησοῦν
991 989 1063 1042 ὃν
1100 990 1269 1059 ὑμεῖς
1296 990 1741 1058 ἐσταυρώσατε,
1784 988 1907 1042 Κύο

316 1102 451 1151 ριον
479 1084 578 1137 καὶ
606 1083 862 1153 Χριστὸν
904 1084 1091 1137 αὐτὸν
1114 1086 1147 1136 d
1195 1083 1339 1149 Θεὸς
1375 1083 1645 1150 ἐποίησε.
1676 1084 1786 1136 Καὶ
1814 1084 1909 1135 Σο-

324 1175 505 1247 λομὼν
531 1176 587 1229 δέ
620 1193 806 1246 φησιν,
839 1178 901 1229 ἐκ
940 1175 1235 1247 προσώπου
1268 1175 1362 1229 τοῦ
1397 1175 1632 1246 Χριστοῦ
1660 1176 1794 1247 πρὸς
1816 1176 1908 1228 τὸν

322 1267 456 1319 Θεὸν
484 1266 577 1320 καὶ
610 1265 829 1337 Πατέρα
850 1282 863 1295 ·
900 1267 1118 1333 Κύριος
1158 1265 1364 1319 ἐκτισέ
1404 1283 1481 1334 με
1510 1264 1709 1337 ἀρχὴν
1752 1265 1911 1320 ὁδῶν

319 1361 509 1415 αὑτοῦ
546 1362 635 1425 είς
674 1360 819 1429 ἔργα
850 1358 1059 1413 αὑτοῦ.

941 1491 1307 1563 Ἀπόκρισις.

398 1654 505 1707 Καὶ
537 1652 798 1722 ἀνωτέρω
842 1652 972 1722 περὶ
1006 1653 1211 1707 τούτων
1243 1654 1533 1720 διαλαϐὼν,
1570 1656 1681 1717 τοῖς
1723 1655 1909 1719 αὐτοῖς

328 1745 488 1798 πάλιν
534 1742 893 1797 κυλινδεῖσθαι
932 1746 1158 1810 ἀτοπίας
1202 1747 1269 1800 ἂν
1314 1748 1420 1819 εἴη,
1462 1749 1494 1818 ἢ
1538 1748 1897 1816 φιλοπαιδίας.

324 1840 399 1892 Τὸ
426 1839 555 1909 γὰρ,
590 1838 882 1897 ἐποίησεν
904 1839 1109 1903 αὐτὸν,
1145 1841 1261 1904 καὶ,
1293 1841 1497 1895 ἔκτισέ
1514 1860 1611 1911 με,
1642 1844 1709 1913 τῇ
1742 1843 1907 1913 σαρκῖ⁸

320 1931 558 1985 νοεῖσθαι
587 1930 731 1983 δοκῶ
770 1930 963 1985 ταῦτα.
1013 1932 1259 2004 Ὀρῶμεν
1297 1933 1354 1986 δὲ
1388 1934 1484 1987 καὶ
1525 1932 1624 1997 τὰς
1664 1934 1907 2005 παραϐο-

324 2025 420 2089 λὰς
456 2024 529 2094 μὴ
561 2024 757 2077 ταύτὸν
793 2024 1059 2095 ὑπάρχειν
1086 2027 1202 2087 τοῖς
1248 2024 1768 2096 παραδαλλομὲνοις.
1819 2027 1907 2080 Ἐν

322 2118 431 2188 γὰρ
460 2115 537 2186 τῷ
568 2116 667 2185 τῆς
699 2116 1000 2187 Παροιμίας
1024 2116 1205 2187 τεύχει
1243 2117 1439 2188 ταχθὲν
1476 2119 1632 2189 ἴσμεν
1662 2119 1742 2181 τὸ,
1786 2118 1904 2173 K15-

315 2228 447 2276 ριος
481 2206 686 2260 ἕκτισέ
707 2225 801 2275 με.
848 2208 1145 2280 Παροιμίαι
1174 2210 1230 2262 δὲ
1264 2209 1497 2281 παρόδιά
1520 2228 1639 2263 τινα
1670 2212 1903 2283 ὑπάρχει

324 2302 563 2371 ῥήματα,
588 2301 756 2368 οἶμος
790 2301 899 2372 γὰρ
926 2302 1040 2366 ὁδὸς
1076 2306 1140 2372 τῇ
1175 2302 1277 2385 ἔξω
1304 2302 1519 2375 παιδείᾳ
1540 2307 1740 2357 νοεῖται
1763 2305 1904 2358 ὥστε

323 2393 545 2464 πάροδοι
588 2394 682 2445 καὶ
734 2394 939 2457 εἰκόνες
974 2393 1083 2446 τῶν
1110 2395 1455 2465 πραγμάτων
1497 2396 1554 2448 αἱ
1598 2396 1905 2467 παραϐολαὶ

320 2485 697 2552 τυγχάνουσιν.
773 2486 995 2554 Ὁμοία,
1050 2486 1178 2557 γάρ,
1238 2488 1412 2540 ἐστὶν
1454 2489 1744 2552 βασιλεία
1786 2490 1905 2543 τῶν

320 2575 593 2643 οὐρανῶν
634 2578 834 2643 κόκκῳ
880 2576 1200 2645 σινάπεως,
1242 2580 1405 2649 φησὶν
1455 2581 1484 2631 ὁ
1528 2580 1747 2651 Κύριος.
1780 2582 1904 2645 Πῶς

321 2668 501 2720 τοίνυν
554 2669 610 2719 ὲν
660 2668 846 2737 κόκκῳ
900 2668 1117 2722 πάντων
1166 2670 1499 2739 σπερμάτων
1553 2672 1903 2743 άμυδροτέρῳ

321 2763 523 2830 ἄπειρα
568 2760 767 2831 πλήθη,
802 2759 897 2813 καὶ
930 2761 1089 2832 δῆμοι
1133 2761 1380 2830 ἀγγέλων
1423 2762 1518 2815 καὶ
1548 2763 1903 2833 άρχαγγέλων

319 2855 676 2926 χωρήσωσινς
721 2853 882 2906 Ἀλλὰ
908 2856 1125 2919 πάντως
1153 2858 1218 2927 τῇ
1252 2856 1418 2909 είκόνι
1440 2855 1609 2927 ταύτῃ
1640 2858 1903 2929 κέχρηται

316 2949 347 2999 ὀ
384 2946 660 3015 πάνσοφος
695 2948 919 3019 Κύριος,
965 2948 997 3018 ἢ
1045 2948 1132 3000 διὰ
1161 2949 1261 3019 τὴν
1291 2948 1479 3021 εὐτελῆ
1524 2949 1621 3019 τῆς
1656 2950 1901 3003 ἑκουσίου

320 3039 616 3108 πτωχείας,
664 3042 757 3092 καὶ
788 3042 923 3113 πρὸς
951 3040 1051 3110 τὴν
1086 3042 1360 3113 ἡμετέραν
1404 3042 1739 3113 βραχύτητα,
1774 3060 1902 3111 συγ-

315 3131 644 3195 κατάὸασιν,
678 3132 746 3185 δι’
774 3126 842 3202 ἦς
882 3133 1013 3202 ἡμῖν
1056 3131 1204 3195 σκιὰ,
1248 3134 1340 3185 καὶ
1369 3132 1631 3202 ἀνάφυξις
1664 3134 1772 3185 τῶν
1813 3134 1908 3186 άλ-

316 3225 514 3293 γεινῶν
549 3226 649 3295 τῆς
693 3226 976 3297 παρούσης
1017 3224 1163 3297 ζωῆς
1206 3227 1444 3294 γίνεταιο
1490 3226 1522 3297 ἢ
1571 3226 1659 3279 διὰ
1704 3227 1802 3298 τὴν
1849 3229 1906 3280 ὲν

316 3320 460 3389 ἀρχῇ
508 3317 601 3370 τοῦ
653 3318 1009 3385 εύαγγελικοῦ
1028 3319 1279 3388 ποιμνίου
1332 3319 1681 3390 μετριότητα,
1735 3320 1768 3390 ἢ
1819 3318 1907 3372 διὰ

314 3411 419 3481 τὴν
447 3411 547 3480 τῆς
598 3410 850 3480 θεότητος
898 3409 993 3462 τοῦ
1040 3411 1213 3479 Λόγου
1248 3412 1573 3482 δριμύτητα,
1616 3412 1681 3464 δι’
1713 3408 1779 3483 ἦς
1824 3431 1905 3466 νι-

321 3503 487 3569 φάδες
516 3502 788 3555 κινοῦνται
840 3501 1092 3572 δακρύων
1124 3506 1237 3566 τοῖς
1266 3502 1436 3573 ἡδέως
1480 3504 1574 3555 καὶ
1606 3503 1789 3573 ἁϐρῶς
1838 3502 1905 3556 δι’

319 3595 523 3665 ἀρετῆς
561 3594 849 3663 μετέχουσι
899 3594 997 3647 τοῦ
1032 3593 1224 3664 νοητοῦ
1268 3594 1370 3664 τῆς
1421 3594 1707 3665 μετανοίας
1757 3595 1907 3649 σινά-

320 3702 492 3749 rem;
529 3679 589 3738 οὗ
613 3686 708 3739 καὶ
730 3688 757 3738 ὁ
778 3686 1063 3749 θεσπέσιος
1087 3685 1251 3741 Δαόὶδ
1282 3686 1694 3757 ἐμφορούμενος
1725 3687 1904 3757 μελῳ-

314 3772 417 3832 δεῖ.
455 3774 667 3827 Λούσω
697 3776 823 3827 καθ’
858 3774 1125 3841 ἑκάστην
1157 3777 1347 3828 νύκτα
1372 3775 1489 3843 τὴν
1516 3776 1739 3843 κλίνην
1762 3794 1902 3845 μου,

311 3864 387 3915 ἐν
412 3863 675 3932 δάκρυσί
692 3882 810 3933 μου
840 3862 955 3932 τὴν
1008 3864 1330 3934 στρωμνήν
1358 3883 1477 3934 μου
1529 3866 1748 3933 βρέξω.
1798 3867 1906 3918 Καὶ

316 3958 502 4018 πάλιν,
533 3960 614 4011 Δι’
646 3959 898 4025 ἐξόδους
935 3960 1172 4015 ὑδάτων
1206 3959 1549 4013 κατέδυσαν
1586 3964 1639 4013 οἱ
1681 3962 1905 4029 ὀφθαλ-

307 4053 415 4119 μοί
457 4068 615 4120 μου·
664 4053 696 4122 ἢ
750 4052 839 4105 διὰ
876 4054 975 4123 τὴν
1030 4052 1329 4123 μέλλουσαν
1382 4052 1533 4106 θείαν
1574 4052 1755 4123 κρίσιν
1792 4052 1907 4123 δρι-

318 4148 478 4213 μεῖαν
510 4145 812 4213 ἐπάγεσθαι
852 4148 967 4208 τοῖς
1003 4146 1327 4215 ἡττημένοις
1357 4144 1434 4215 τῷ
1465 4144 1688 4215 χείρονι,
1720 4144 1905 4209 καθὼς

317 4239 495 4306 πάντη
552 4239 584 4307 ἡ
638 4237 757 4290 θεία
803 4237 991 4308 Πυκτὴ
1036 4237 1500 4309 διαμαρτύρεται,
1556 4240 1649 4292 καὶ
1704 4241 1736 4310 ἡ
1794 4239 1905 4293 τῶν

315 4327 421 4390 ἔξω
453 4326 732 4390 παίδευσις
760 4326 847 4380 διὰ
880 4327 1167 4390 Πλάτωνος
1196 4329 1322 4390 τοὺς
1356 4329 1412 4379 ὲν
1445 4329 1577 4401 πυρὶ
1618 4331 1899 4393 κωκυτοὺς

314 4418 550 4471 ἀπειλεῖ.
594 4420 661 4469 Ἢ
695 4418 783 4471 διὰ
814 4418 913 4489 τὴν
943 4419 1185 4488 ἄτμητον
1217 4419 1313 4471 καὶ
1343 4418 1648 4490 ἀδιαίρετον
1675 4420 1767 4473 τοῦ
1799 4420 1901 4473 Λό-

312 4529 414 4578 γου
448 4512 541 4563 καὶ
573 4510 673 4579 τῆς
714 4511 915 4581 σαρκὸς
942 4511 1134 4564 ἕνωσιν
1173 4511 1266 4563 καὶ
1298 4510 1428 4581 μίαν
1457 4513 1775 4577 ὑπόστασιν,
1805 4513 1897 4565 ού-

312 4603 427 4655 δενὶ
462 4602 603 4671 λόγῳ
650 4602 683 4672 ἢ
718 4602 931 4673 ἐπινοίᾳ
972 4602 1375 4674 διαιρουμένην.
1429 4604 1747 4657 Διεκττίπτει
1791 4604 1899 4676 γὰρ

312 4688 474 4755 αὖθις
502 4692 611 4744 τῶν
644 4690 923 4744 δακτύλων
960 4692 1061 4760 τῆς
1096 4691 1334 4755 διανοίας
1364 4692 1471 4745 τῶν
1498 4693 1848 4763 διαιρούντων
1876 4697 1904 4747 ὁ

314 4785 459 4847 θεῖος
489 4784 590 4853 τῆς
644 4783 922 4853 βασιλείας
970 4785 1194 4848 κόκκος,
1242 4784 1574 4856 βλασφήμων
1621 4786 1904 4857 παλάμαις

309 4875 659 4944 ὲγκλείεσθαι
714 4876 847 4946 μηδὲ
899 4876 1035 4939 ὅλως
1077 4878 1422 4948 ἀνεχόμενος.
1473 4878 1611 4931 Ἀλλ’
1646 4879 1767 4932 οὐδὲ
1810 4868 1907 4933 σα·-

309 4971 431 5038 φῶς
470 4970 559 5021 τὸν
596 4969 1000 5039 παροιμιαστὴν
1031 4970 1355 5040 Σολομῶντά
1393 4988 1476 5033 τις
1518 4972 1824 5037 ἐπίσταται,
1856 4974 1905 5026 εἰ

311 5061 566 5133 περὶτοῦ
598 5061 732 5113 Θεοῦ
778 5061 943 5130 φησὶν
971 5061 1053 5128 τὸ,
1104 5064 1319 5131 Κύριος
1356 5062 1562 5115 ἔκτισέ
1595 5081 1692 5133 με.
1741 5062 1803 5117 ΕΞ
1846 5065 1901 5117 δὲ

309 5156 409 5209 καὶ
437 5155 610 5217 οὕτως
653 5157 787 5226 ἡμῖν
820 5154 1086 5226 ὲξελήφθη
1122 5158 1155 5227 ἡ
1191 5155 1281 5208 τοῦ
1324 5156 1495 5226 Σοφοῦ
1543 5158 1721 5229 ῥῆσις,
1756 5158 1903 5210 δοκεῖ

312 5265 406 5317 μοι
439 5246 539 5317 τὴν
568 5246 888 5319 θεανδρικὴν
932 5246 1025 5299 τοῦ
1060 5248 1263 5319 Κυρίου
1303 5249 1585 5319 σημαίνειν
1620 5250 1902 5319 ἐπιφοίτη-

308 5358 419 5405 σιν,
470 5340 726 5409 φάσκων·
762 5342 975 5408 Κύριος
1013 5342 1216 5395 ἕκτισέ
1258 5359 1329 5407 με
1358 5342 1558 5410 ἀρχὴν
1597 5343 1753 5397 ὁδῶν
1792 5346 1900 5397 αὺ-

304 5434 439 5497 τοῦ,
462 5436 548 5498 εὶς
579 5433 724 5502 ἔργα
760 5431 968 5497 αὐτοῦ,
1002 5433 1116 5501 πρὸ
1148 5434 1255 5488 τοῦ
1288 5433 1504 5501 αἰῶνος
1541 5436 1901 5504 ἐθεμελίωσέ

297 5540 403 5593 με,
439 5526 552 5591 πρὸ
582 5523 650 5576 δὲ
678 5523 920 5577 πάντων
940 5524 1189 5588 ,Βουνῶν
1217 5525 1402 5594 γεννᾷ
1424 5544 1519 5595 με.
1565 5527 1689 5591 Πῶς
1719 5522 1811 5579 οὖν
1839 5527 1901 5579 τὸ

303 5614 650 5685 γεννώμενον
682 5614 1043 5686 θεμελιοῦται,
1077 5616 1196 5680 πῶς
1234 5618 1290 5671 δὲ
1335 5619 1398 5672 τὸ
1428 5619 1744 5689 κτιζόμενον
1776 5637 1900 5688 γεν-

387 5821 431 5852 ³⁸
460 5819 623 5879 Hebr.
657 5839 737 5892 Ill,
776 5823 825 5887 1,
855 5824 910 5877 2.

308 5891 337 5945 ί
350 5892 440 5946 36.

1788 388 2137 447 DIALOGUS
2164 391 2204 445 l.

989 5824 1033 5855 ³⁹
1056 5824 1177 5881 Act.
1212 5840 1271 5889 ll,
1304 5825 1391 5877 56.
1470 5826 1513 5860 ⁸ο
1539 5826 1696 5883 Prov.
1726 5845 1845 5894 vm,
1878 5827 1967 5881 ‘29..

3488 393 3596 453 898

2422 504 2941 562 lNTERROGATlO
2986 504 3198 562 XXXV.

2086 621 2373 688 Quomodo
2403 637 2536 676 vero
2576 638 2687 675 non
2736 620 2986 676 dicemus
3029 628 3275 677 creatum
3327 635 3453 677 esse
3502 620 3597 676 Fi-

2013 717 2169 781 lium,
2204 715 2273 772 de
2313 716 2433 785 ipso
2467 716 2522 770 in
2569 714 2817 785 Epistola
2851 715 3069 771 dicente
3098 714 3369 783 Apostolo
3407 732 3420 769 :
3463 713 3597 770 Sas-

2013 810 2169 878 cipite
2194 808 2495 875 pontiﬁcem
2542 807 2665 876 ﬁdei
2701 816 2888 861 vestrae
2911 848 2927 873 ,
2968 806 3055 876 qui
3098 805 3273 873 ﬁdelis
3307 815 3385 859 est
3426 807 3474 860 ei
3504 806 3595 877 qui

2012 900 2287 954 constituit
2322 900 2493 967 ipsum
2510 900 2595 957 '3?
2628 900 2713 961 Et,
2748 897 2950 951 Notum
2986 900 3054 951 sit
3086 899 3253 960 vobis,
3286 899 3458 951 omnis
3498 898 3596 952 do-

2012 1011 2129 1047 mus
2153 992 2345 1055 Israel,
2381 991 2520 1063 quod
2545 992 2683 1045 hunc
2707 990 2892 1045 Iesum
2916 1008 3064 1061 quem
3105 1007 3193 1045 vos
3227 992 3592 1060 cruciﬁxistis,

2011 1086 2302 1141 Dominum
2327 1096 2377 1139 et
2410 1084 2682 1140 Christum
2705 1084 2845 1138 Deus
2872 1085 2995 1152 fecit
3011 1084 3055 1116 "
3115 1084 3219 1139 Sed
3249 1092 3303 1140 et
3334 1085 3593 1139 Salomon

2013 1179 2192 1248 inquit
2222 1178 2277 1230 in
2298 1192 2532 1247 persona
2562 1177 2767 1231 Christi
2799 1177 2864 1231 ad
2898 1176 3065 1231 Deum
3098 1183 3153 1230 et
3180 1175 3397 1231 Patrem
3435 1195 3450 1232 :
3483 1175 3595 1229 Do-

2011 1272 2185 1323 minus
2220 1270 2415 1323 creavit
2454 1286 2556 1333 me,
2597 1270 2809 1323 initium
2842 1272 3047 1322 viarum
3080 1284 3301 1322 suarum
3329 1270 3399 1323 ad
3434 1284 3593 1339 opera

2010 1378 2111 1415 sua
2130 1361 2193 1415 ".

2648 1491 2954 1560 Responsio.

2081 1650 2218 1707 Cum
2250 1651 2415 1705 etiam
2447 1652 2500 1705 in
2529 1652 2970 1721 praecedentibus
2995 1652 3063 1707 de
3094 1652 3288 1707 iisdem
3320 1659 3596 1707 tractave-

2015 1743 2141 1810 rim,
2172 1744 2366 1799 iisdem
2397 1760 2591 1800 rursus
2622 1745 2892 1815 implicari
2927 1745 3287 1800 absurditatis
3315 1745 3479 1799 fuerit
3500 1754 3597 1799 aut

2015 1836 2172 1890 lusus
2214 1837 2463 1907 puerilis.
2513 1835 2650 1890 Nam
2696 1837 2843 1906 quod
2882 1839 3078 1907 inquit,
3123 1838 3245 1905 fecit
3286 1838 3481 1905 ipsum,
3517 1846 3593 1903 et,

2013 1930 2207 1984 creavit
2242 1945 2343 1993 me,
2376 1929 2443 1984 de
2467 1943 2635 1984 carne
2668 1930 2898 2000 intelligi
2928 1938 3082 1999 puto.
3120 1929 3380 1985 Videmus
3413 1936 3596 1984 autem

2012 2030 2066 2075 et
2094 2020 2485 2075 similitudines
2512 2034 2620 2074 non
2650 2018 2790 2073 idem
2824 2035 2947 2074 esse
2976 2035 3099 2072 cum
3132 2021 3296 2074 rebus
3322 2019 3597 2075 assimila—

2012 2114 2106 2168 tis.
2144 2111 2279 2166 Nam
2313 2113 2366 2166 in
2400 2112 2688 2167 Paruamiae
2726 2113 3006 2168 volumine
3041 2114 3286 2184 positum
3329 2128 3454 2166 esse
3486 2111 3598 2165 sci-

2012 2222 2137 2262 mus
2190 2204 2346 2269 illud,
2386 2204 2646 2259 Dominus
2683 2205 2880 2258 creavit
2921 2220 3023 2258 me.
3074 2202 3360 2257 Parmmire
3407 2212 3593 2256 autem

2012 2298 2315 2353 allusiones
2369 2296 2617 2366 quaedam
2669 2303 2832 2357 sunt,
2881 2294 2937 2348 in
2986 2294 3172 2350 verbis
3222 2294 3377 2358 sitae;
3439 2287 3596 2363 οἶμος

2011 2391 2156 2446 enim
2213 2389 2355 2443 viam
2414 2388 2466 2441 in
2518 2396 2747 2442 externa
2796 2387 3050 2440 doctrina
3106 2384 3400 2455 signiﬁcat.
3446 2382 3595 2449 Qua-

2013 2491 2235 2551 propter
2269 2490 2324 2536 et
2354 2480 2652 2535 allusiones
2697 2488 2751 2535 et
2783 2479 3053 2548 imagines
3099 2493 3284 2533 rerum
3331 2485 3464 2532 sunt
3498 2492 3596 2547 pa-

2011 2575 2231 2629 rabolae.
2282 2572 2468 2627 Simile
2498 2580 2576 2625 est
2609 2587 2825 2640 regnum
2867 2570 3117 2623 caelorum
3151 2584 3317 2638 grano
3365 2567 3593 2636 sinapis,

2012 2668 2191 2737 inquit
2224 2664 2567 2720 Dominus“.
2603 2663 2893 2729 Quomodo
2918 2676 3049 2717 vero
3084 2662 3139 2715 in
3172 2675 3344 2731 grano
3385 2660 3595 2730 sinapis

2010 2760 2257 2814 omnium
2288 2756 2562 2812 seminum
2595 2755 2974 2809 minutissima
3008 2753 3291 2806 immensae
3339 2751 3595 2806 multitu—

2011 2851 2169 2905 dines
2202 2858 2255 2904 et
2293 2848 2550 2903 nationes
2579 2846 2900 2917 angelorum
2930 2852 2986 2899 et
3016 2844 3474 2914 arcliangelorum
3514 2843 3595 2897 lo-

2010 2960 2133 2998 cum
2166 2941 2465 3004 babebunt,
2500 2938 2606 2993 nisi
2640 2938 2889 2991 dicamus
2910 2933 3269 2990 similitudine
3292 2949 3449 2988 usum
3472 2947 3595 2989 esse

2012 3034 2480 3106 sapientissimum
2521 3030 2813 3084 Dominum
2841 3068 2856 3093 ,
2905 3028 3071 3097 idque
3101 3026 3185 3081 vel
3224 3032 3448 3096 propter
3490 3024 3594 3078 hu-

2008 3128 2191 3183 milem
2231 3126 2553 3181 voluntaria:
2601 3120 2945 3194 paupertatis
2996 3129 3051 3176 et
3093 3119 3160 3174 ad
3217 3129 3462 3173 nostram
3507 3126 3594 3172 te-

2009 3221 2274 3275 nuitatem
2306 3218 2720 3280 demissionem,
2760 3229 2853 3285 per
2897 3228 3061 3281 quam
3107 3211 3265 3266 nobis
3313 3210 3509 3263 umbra
3539 3220 3595 3261 et

2008 3310 2362 3381 refrigerium
2396 3310 2455 3363 ﬁt
2480 3309 2732 3364 dolorum
2763 3307 3049 3374 presentis
3076 3304 3232 3365 vitae;
3264 3304 3346 3356 vel
3372 3309 3595 3371 propter

2009 3405 2450 3461 mediocritatem
2480 3402 2781 3472 evangelici
2814 3399 3015 3471 gregis,
3042 3399 3133 3468 qui
3162 3404 3279 3451 erat
3302 3396 3369 3449 ab
3402 3394 3590 3457 initio;

2008 3500 2095 3553 vel
2142 3506 2369 3567 pr0pter
2412 3495 2723 3550 divinitatis
2762 3494 2816 3547 in
2852 3490 3033 3546 Verbo
3082 3488 3395 3543 acredincm
3422 3524 3439 3550 ,
3497 3500 3597 3554 per

2008 3606 2173 3661 quam
2210 3590 2431 3643 cientur
2466 3587 2618 3641 nives
2664 3587 3033 3655 lacrymarum
3078 3580 3333 3635 delicatis
3366 3585 3421 3631 et
3456 3577 3595 3630 mol-

2010 3684 2153 3737 libus
2199 3695 2297 3751 per
2333 3680 2593 3732 virtutem
2642 3674 2998 3730 intellectuali
3046 3669 3381 3742 pmnitentim
3414 3668 3593 3738 sinapi

2008 3772 2473 3846 participantibus
2507 3786 2520 3821 :
2571 3784 2682 3839 quo
2714 3777 2767 3822 et
2798 3767 3021 3821 divinus
3061 3773 3210 3817 vates
3251 3760 3485 3815 Davides
3534 3774 3594 3814 se

2008 3870 2266 3923 satiatum
2330 3866 2480 3920 canit
2523 3882 2536 3917 :
2586 3862 2797 3915 Lavabo
2839 3859 3064 3929 singulis
3121 3855 3362 3909 noctibus
3402 3857 3592 3907 lectum

2008 3977 2202 4022 meum,
2251 3958 2506 4028 lacrymis
2550 3957 2681 4008 meis
2711 3962 2941 4006 stratum
2983 3966 3156 4003 meum
3201 3946 3384 4017 rigabo
3401 3946 3466 3997 δ’.
3526 3944 3593 3997 Et

2008 4069 2250 4109 rursus:
2305 4048 2628 4104 Decursibus
2674 4061 2936 4115 aquarum
2979 4041 3237 4095 submersi
3285 4047 3407 4092 sunt
3453 4038 3593 4091 oculi

2008 4146 2198 4200 mei“.
2261 4141 2358 4196 Vel
2412 4149 2637 4211 propter
2696 4137 2939 4189 futurum
2993 4131 3237 4186 divinum
3283 4130 3588 4199 judicium,

2007 4235 2152 4307 quod
2182 4232 2438 4288 acerbum
2473 4226 2821 4298 superveniet
2849 4224 2917 4277 iis
2956 4222 3050 4292 qui
3101 4219 3342 4290 superati
3389 4226 3517 4273 sunt
3559 4231 3591 4269 a

2008 4328 2155 4381 vitiis
2194 4340 2209 4378 :
2245 4318 2707 4393 quemadmodum
2761 4316 2965 4384 ubique
3004 4311 3191 4366 divina
3232 4310 3429 4381 pagina
3466 4324 3592 4379 per-

2008 4419 2181 4479 bibet,
2218 4428 2271 4470 et
2314 4423 2556 4468 externae
2600 4408 2866 4464 doctrinae
2894 4420 2991 4476 per
3031 4404 3311 4458 Platonem
3348 4402 3591 4456 ululatus

2009 4509 2270 4579 lugubres
2302 4507 2355 4559 in
2396 4504 2504 4574 igni
2536 4502 2752 4557 futuros
2782 4503 3079 4553 minantur.
3122 4494 3219 4549 Vel
3251 4502 3473 4565 propter
3505 4495 3589 4548 in-

2009 4602 2241 4655 divisam
2268 4608 2321 4652 et
2355 4594 2776 4665 inseparabilem
2812 4590 2971 4645 Verbi
3007 4598 3060 4643 et
3093 4589 3282 4641 carnis
3307 4589 3588 4649 unionem,

2007 4702 2060 4748 et
2093 4708 2258 4746 unam
2308 4689 2631 4761 hypostasin
2656 4729 2669 4751 ,
2720 4686 2874 4741 nullo
2914 4686 3082 4737 verbo
3120 4689 3213 4735 aut
3258 4680 3593 4750 cogitatione

2009 4785 2391 4855 separabilem.
2426 4781 2561 4836 Nam
2587 4782 2737 4835 illico
2767 4778 2973 4835 excidit
3002 4777 3247 4831 divinum
3281 4773 3429 4841 regni
3465 4788 3591 4841 gra-

2010 4894 2139 4932 num
2177 4892 2277 4946 per
2307 4876 2508 4945 digitos
2551 4873 2751 4927 mentis
2793 4886 2981 4925 eorum
3025 4870 3117 4939 qui
3155 4867 3428 4925 dividunt,
3468 4866 3589 4917 bla-

2011 4971 2368 5040 sphemorum
2396 4966 2649 5021 manibus
2671 4963 2875 5018 includi
2909 4973 3257 5031 nequaquam
3290 4957 3590 5011 sustinens.

2014 5062 2118 5117 Sed
2156 5075 2336 5131 neque
2370 5058 2669 5113 manifesto
2714 5056 3006 5125 quisquam
3048 5053 3190 5106 scire
3221 5054 3422 5119 potest,
3459 5062 3592 5100 num

2011 5154 2412 5209 Paraamiarum
2448 5152 2689 5220 scriptor
2722 5150 2981 5203 Salomon
3016 5145 3082 5199 de
3111 5142 3248 5197 Filio
3278 5140 3373 5195 Dei
3405 5140 3595 5209 loqua-

2012 5257 2123 5313 tur,
2159 5262 2284 5301 cum
2318 5246 2418 5313 ait,
2451 5245 2711 5299 Dominus
2740 5241 2936 5296 creavit
2971 5255 3051 5291 me
3078 5256 3096 5293 :
3138 5235 3223 5289 vel
3253 5232 3469 5289 etiamsi
3513 5231 3595 5286 sic

2011 5340 2314 5409 accipiatur
2351 5338 2616 5408 sapientis
2645 5336 2797 5389 illius
2832 5333 2931 5387 viri
2955 5332 3184 5392 dictum,
3212 5327 3430 5381 videtur
3460 5324 3593 5378 mihi

2011 5433 2323 5503 signiﬁcare
2352 5431 2646 5484 adventurm
2678 5428 2819 5482 uniti
2860 5441 2985 5479 cum
3017 5423 3125 5477 Deo
3174 5418 3436 5481 hominis,
3467 5432 3591 5471 cum

2010 5528 2087 5579 ait
2114 5545 2127 5580 :
2164 5524 2420 5579 Dominus
2449 5524 2645 5578 creavit
2670 5539 2769 5586 me,
2796 5521 3011 5575 initium
3039 5518 3245 5571 viarum
3277 5529 3498 5568 suarum
3525 5510 3594 5562 ad

2009 5635 2167 5686 opera
2205 5633 2325 5670 sua.
2372 5616 2506 5669 Ante
2547 5630 2711 5668 atrum
2755 5628 2834 5665 me
2865 5608 3133 5680 fundavit,
3182 5614 3232 5659 et
3264 5612 3385 5657 ante
3415 5616 3595 5656 omnes

2044 5827 2083 5857 "
2124 5824 2310 5879 Matth.
2343 5838 2466 5888 xm,
2496 5823 2585 5875 3|.
2666 5822 2709 5851 δ’
2740 5818 2886 5874 Psal.
2914 5833 2990 5883 vn,
3020 5814 3077 5870 7.
3155 5811 3201 5845 “
3228 5810 3374 5868 Psal.
3398 5822 3591 5872 cxvm,
