4108 6376
566 383 674 440 399

565 499 725 552 colles
759 497 920 568 gignit
951 513 1028 552 me
1043 498 1109 553 “.
1153 485 1440 564 Quomodo
1472 499 1639 570 igitur
1667 505 1910 573 genitum
1942 504 2140 559 funda-

565 587 696 640 tur?
725 597 815 640 aut
845 586 1118 655 quomodo
1140 595 1385 642 creatum
1417 590 1697 660 gignitur?
1728 591 1862 646 Nam
1895 605 2138 650 creatum

564 683 806 750 genitum
852 697 958 734 non
1016 688 1121 744 est,
1171 688 1228 736 et
1280 685 1524 753 genitum
1577 697 1820 740 creatum
1877 702 1986 742 non
2033 699 2134 744 est.

561 773 723 827 Aliud
749 773 890 827 enim
938 781 1022 827 est
1063 773 1215 840 illud,
1262 782 1315 830 ct
1350 775 1498 830 aliud
1549 777 1673 831 hoc.
1725 777 1968 857 Utraque
2013 795 2142 834 vero

561 863 812 918 videmus
829 879 953 918 esse
983 862 1178 918 Filium
1212 883 1223 917 :
1259 866 1560 920 increatum
1580 869 1803 936 quidem
1835 869 2138 935 divinitate,

561 965 809 1008 creatum
842 970 974 1009 vero
1004 956 1368 1013 humanitate.
1407 957 1708 1014 Estautem
1744 959 2000 1030 frequens
2025 978 2142 1017 mos

563 1063 735 1102 sacrm
763 1047 1083 1118 Scripturae,
1109 1063 1172 1102 ea
1200 1065 1323 1118 quae
1357 1051 1514 1104 nobis
1546 1052 1768 1121 propria
1797 1062 1946 1118 sunt,
1990 1054 2138 1108 indi-

561 1148 689 1188 care
717 1136 980 1204 primum,
1010 1143 1064 1191 et
1102 1137 1362 1208 deinceps
1395 1141 1725 1209 antiquiora.
1761 1139 1854 1195 Sic
1884 1142 2027 1196 enim
2063 1143 2142 1197 fa-

559 1225 636 1276 cit
681 1231 737 1278 et
770 1224 992 1280 divinus
1032 1224 1343 1290 Mattbarus,
1391 1245 1457 1284 ex
1510 1231 2005 1301 propinquioribus
2049 1248 2142 1288 or-

559 1315 716 1372 diens
766 1319 1097 1373 annuntiare
1155 1321 1315 1376 nobis
1374 1321 1726 1394 Evangeliqu
1782 1325 1850 1379 de
1899 1324 2140 1380 Christo.

557 1403 734 1470 Liber,
794 1407 1049 1478 inquiens
1069 1410 1139 1476 ",
1185 1415 1539 1482 generationis
1597 1414 1725 1469 Jesu
1776 1417 2000 1482 Christi,
2038 1419 2142 1488 ﬁlii

557 1497 802 1562 Davidis,
845 1501 948 1568 filii
977 1501 1270 1556 Abrahami
1299 1519 1317 1556 :
1351 1507 1548 1575 partim
1575 1508 1793 1576 quidem
1818 1507 2038 1564 Judaeos
2065 1510 2143 1564 al-

560 1587 773 1649 liciens,
811 1587 950 1644 ﬁlios
990 1589 1287 1645 Abrahami
1336 1609 1458 1650 sese
1497 1594 1638 1650 falso
1675 1598 2056 1666 praedicantes,
2087 1608 2141 1654 et

557 1693 698 1733 vane
737 1695 796 1734 se
822 1680 1095 1750 jactantes
1141 1692 1364 1754 propter
1395 1686 1544 1742 viros
1586 1699 1844 1752 sanctos,
1895 1706 2134 1760 quorum

557 1769 685 1824 vitae
713 1771 980 1826 rationem
1031 1787 1140 1827 non
1193 1774 1597 1831 imitabantur:
1639 1778 1838 1848 partim
1874 1795 2002 1834 vero
2044 1796 2138 1834 ru-

557 1861 742 1918 diores
789 1879 886 1932 per
938 1866 1326 1936 propinquiora
1373 1869 1428 1924 in
1479 1870 1718 1925 divinam
1770 1874 2136 1942 cognitionem

556 1953 787 2018 ducens,
817 1964 872 2010 et
914 1955 968 2010 in
1013 1957 1309 2028 Evangelio
1338 1960 1534 2015 deinde
1576 1965 1950 2032 progrediens,
1981 1967 2135 2019 ordi-

558 2055 650 2098 tur
676 2046 859 2101 divina
893 2048 1192 2117 praedicare
1240 2051 1308 2106 de
1347 2051 1589 2119 Christo,
1619 2055 1776 2122 quasi
1806 2071 1901 2126 per
1931 2056 2134 2111 scalam

556 2133 796 2202 aliquam
845 2135 1158 2193 subducens
1189 2139 1254 2193 ad
1299 2139 1570 2195 diviniora
1620 2151 1869 2198 nostrum
1922 2146 2136 2200 intelle-

555 2232 729 2280 ctum.
781 2226 964 2298 lnquit
1009 2231 1178 2301 igitur
1217 2248 1400 2286 rerum
1441 2235 1749 2289 divinarum
1789 2239 1998 2307 peritus
2046 2239 2138 2294 ille

556 2315 823 2373 Salomon
859 2337 871 2373 :
905 2319 1166 2377 Dominus
1195 2326 1390 2378 creavit
1418 2343 1518 2388 me,
1541 2328 1753 2380 initium
1777 2331 1979 2384 viarum
2005 2349 2135 2386 sua-

555 2425 674 2488 rum
704 2425 722 2462 :
751 2410 968 2465 initium
1002 2414 1218 2470 scilicet
1249 2415 1349 2469 viae
1386 2416 1612 2483 justitize
1647 2417 1948 2490 Evangelii,
1988 2423 2134 2491 quod

552 2483 639 2554 est
666 2503 966 2556 seCundum
999 2519 1220 2560 carnem
1257 2506 1417 2562 nobis
1447 2524 1512 2562 ex
1545 2520 1818 2579 perpetua
1843 2514 2136 2584 virginita-

553 2593 625 2646 tis
671 2601 844 2648 matre
887 2593 1058 2650 Maria
1121 2599 1378 2654 nativitas
1428 2599 1524 2656 Dei
1584 2600 1770 2668 Verbi,
1821 2606 1969 2672 quod
2017 2617 2138 2662 ante

553 2702 721 2739 (vuum
744 2703 822 2741 me
842 2688 1104 2756 fundavit.
1129 2689 1435 2763 Antequam
1463 2695 1752 2752 circularis
1773 2705 1918 2753 esset
1942 2699 2139 2755 hebdo-

552 2777 715 2830 mada
739 2781 926 2833 saeculi
954 2785 1260 2852 pra-sentis,
1292 2793 1445 2840 sexta
1495 2786 1584 2842 die
1617 2788 1802 2842 anima
1839 2790 1895 2843 in
1928 2791 2137 2848 Adamo

553 2869 780 2924 fundata
829 2882 914 2928 est
960 2875 1029 2928 ab
1081 2876 1276 2946 opiﬁce
1309 2885 1520 2933 naturae
1550 2888 1775 2936 nostrae.
1829 2882 2011 2952 Atque
2054 2885 2135 2941 sic

553 2973 679 3034 post
707 2975 918 3022 sextam
949 2970 1181 3040 septima
1204 2972 1368 3042 hujus
1402 2975 1586 3029 saeculi
1615 2977 1973 3031 constituitur
1995 2978 2133 3042 dies,

553 3059 755 3126 septies
788 3060 843 3114 in
878 3063 1225 3132 semetipsam
1271 3067 1515 3120 revoluta
1546 3081 1643 3137 per
1674 3076 1850 3123 totum
1887 3085 2130 3140 praesens

553 3172 833 3225 att-culum.
861 3173 941 3228 Ad
961 3173 1236 3232 diviniora
1264 3187 1445 3234 autem
1481 3189 1534 3234 et
1566 3183 1875 3252 antiquiora
1906 3199 2132 3255 progre-

551 3261 733 3323 diens,
781 3263 1004 3334 inquit:
1049 3267 1186 3322 Ante
1221 3285 1401 3325 omnes
1442 3272 1604 3326 colles
1652 3275 1815 3344 gignit
1865 3290 1989 3330 me:
2035 3292 2132 3345 per

552 3352 758 3417 colles,
810 3355 913 3410 hoc
964 3357 1119 3424 loco,
1159 3362 1331 3416 caelos
1365 3363 1450 3417 vel
1495 3372 1642 3419 certe
1672 3381 1766 3420 eas
1798 3381 1920 3437 qua:
1964 3382 2133 3435 supra

551 3442 722 3498 caelos
765 3452 894 3498 sunt
936 3457 1234 3516 potestates
1283 3451 1624 3522 significans.
1658 3453 1777 3509 Non
1807 3457 1952 3510 enim
1981 3459 2130 3519 cmli,

551 3549 663 3588 non
697 3536 894 3605 angeli,
938 3553 1045 3592 non
1076 3541 1412 3613 archangeli,
1447 3559 1555 3599 non
1597 3550 1860 3616 temporis
1891 3548 2134 3618 qualitas

551 3633 646 3680 aut
675 3630 976 3697 quantitas,
1026 3646 1133 3686 non
1173 3636 1460 3699 saeculum,
1493 3652 1602 3690 non
1635 3639 1783 3692 aliud
1832 3639 2129 3709 quidquam

550 3717 695 3786 quod
732 3719 962 3789 cogitari
1006 3721 1088 3776 vel
1129 3721 1237 3777 dici
1263 3733 1486 3794 .potest,
1522 3727 1809 3798 antiquius
1849 3738 1932 3786 est
1967 3730 2128 3786 Filio.

550 3807 682 3861 Nam
715 3808 834 3878 ipse
866 3814 1194 3868 saeculorum
1229 3818 1480 3872 conditor
1512 3830 1621 3884 est,
1654 3823 2008 3893 omniumque
2045 3841 2130 3880 re-

549 3918 670 3956 rum
724 3903 779 3958 in
831 3906 1177 3974 universum,
1217 3919 1405 3981 aperte
1437 3913 1707 3971 clamante
1746 3916 1915 3971 Paulo
1961 3933 1975 3969 :
2029 3917 2133 3972 Per

549 4012 698 4064 quem
741 4007 791 4051 et
834 4000 1030 4054 secula
1071 4003 1410 4071 condidit“;
1453 4014 1527 4068 et,
1564 4006 1630 4061 In
1665 4009 1775 4076 ipso
1797 4020 1977 4064 creata
2015 4022 2140 4065 sunt

549 4089 795 4141 universa
827 4098 936 4143 tam
968 4095 1313 4161 aspectabilia
1352 4114 1512 4166 quam
1542 4100 1968 4169 inaspectabilia,
2006 4119 2136 4171 quo-

549 4179 693 4231 niam
733 4181 911 4233 omnia
936 4197 1027 4249 per
1056 4185 1230 4247 ipsum
1273 4187 1418 4254 facta
1447 4201 1568 4242 sunt
1590 4191 1654 4244 ⁵⁷.
1711 4192 1940 4245 Creatur
1972 4193 2137 4262 igitur

549 4287 616 4324 ex
665 4269 834 4325 Maria
871 4275 1084 4330 ratione
1125 4279 1306 4332 carnis
1351 4293 1664 4352 assumpta},
1713 4282 1975 4338 fundatur
2003 4299 2135 4339 vero

550 4363 733 4415 anima
783 4361 836 4415 in
869 4376 1054 4420 creato
1086 4383 1349 4435 corpore;
1408 4373 1662 4444 utrisque
1710 4386 1891 4431 autem
1946 4379 2134 4432 unitus

1589 383 1646 442 S.
1678 387 1981 445 CAESAR“
2014 390 2341 449 GRECORII
2377 392 2682 451 FRATRIS

3729 407 3838 462 900

2243 510 2430 573 νᾶταις
2467 510 2538 562 Τὸ
2567 510 2675 581 γὰρ
2710 510 2924 564 xmsz
2954 513 3012 565 οὐ
3043 514 3319 586 γεννητὸν,
3350 517 3410 570 τὸ
3434 516 3491 570 δὲ
3536 519 3839 588 γεννητὸν,

2241 604 2301 655 οὐ
2347 605 2600 656 κτιστόν·
2657 605 2841 674 ἕτερον
2889 604 2997 677 γὰρ
3037 609 3231 674 ἐκεῖνο,
3275 609 3502 680 θάτερον
3544 611 3602 663 δὲ
3649 611 3838 666 τοῦτο.

2262 695 2569 766 ’Δμφότερα
2602 696 2658 748 δὲ
2696 699 2910 768 ὁρῶμεν
2949 700 3075 751 ὄντα
3120 700 3210 753 τὸν
3241 701 3400 754 Υίόν·
3436 703 3701 756 ἄκτιστον
3735 705 3845 773 μὲν

2241 785 2478 855 θεότητι,
2515 789 2729 841 κτιστὸν
2771 791 2827 842 δὲ
2882 791 3280 862 ἀνθρωπότητι.
3331 793 3470 844 Ἀλλ’
3517 793 3645 856 ἔθος
3696 795 3844 846 πολ-

2239 877 2401 948 λαχοῦ
2435 882 2500 949 τῇ
2535 880 2656 952 Θείᾳ
2691 883 2880 954 Γραφῇ
2910 884 2979 938 τὰ
3006 885 3281 952 ἐγγύτατα
3319 888 3453 956 ἡμῖν
3489 887 3695 957 πρῶτα
3729 905 3842 956 ση-

2245 972 2476 1040 μαίνειν,
2525 974 2619 1026 καὶ
2647 973 2716 1026 τὰ
2763 975 2985 1045 ἀρχαῖα,
3035 976 3282 1046 δεύτερα.
3317 977 3476 1032 Οὕτω
3503 980 3618 1051 γὰρ
3671 983 3776 1033 καὶ
3812 985 3847 1034 ὁ

2243 1061 2385 1125 θεῖος
2414 1062 2688 1127 Ματθαίος
2735 1069 2900 1128 ποιεῖ,
2934 1067 2999 1118 ὲκ
3030 1065 3138 1119 τῶν
3184 1069 3495 1139 ὲγγυτέρων
3538 1071 3635 1124 καὶ
3669 1072 3845 1142 εὐλη-

2242 1156 2523 1224 πτοτέρων
2552 1157 2851 1228 ἀρχόμενος
2890 1161 3021 1229 ἡμῖν
3063 1160 3152 1212 τὸν
3201 1162 3436 1230 Χριστὸν
3467 1163 3844 1231 εὐαγγελίζε-

2240 1263 2331 1298 ται
2355 1265 2367 1275 ⁸
2399 1249 2617 1313 Βίϐλος
2649 1249 2940 1318 γενέσεως
2999 1251 3199 1318 Ἰησοῦ
3237 1254 3516 1320 Χριστοῦ,
3545 1256 3688 1309 υἱοῦ
3719 1261 3846 1309 Δασ-

2242 1338 2356 1404 ϐὶδ,
2385 1340 2518 1394 υἱοῦ
2562 1341 2840 1410 Ἀϐραάμ·
2873 1341 3030 1395 τοῦτο
3061 1343 3158 1413 μὲν
3194 1345 3477 1407 Ἰουδαίους
3502 1347 3846 1418 ἐπισπώμε-

2241 1449 2351 1497 νος,
2383 1433 2548 1486 τέκνα
2575 1433 2669 1487 τοῦ
2729 1435 2978 1506 Ἀϐραὰμ
3027 1437 3290 1506 ὑπάρχειν
3328 1437 3841 1511 ψευδηγοροῦντας,

2241 1525 2336 1578 καὶ
2364 1526 2793 1596 σεμνυνομένους
2827 1527 2948 1597 εἰκῆ
2994 1530 3108 1590 τοῖς
3153 1527 3480 1594 Θεσπεσίοις,
3511 1525 3591 1584 ὧν
3637 1550 3700 1584 τε
3727 1535 3843 1603 τὴν

2241 1615 2515 1668 πολιτείαν
2563 1618 2663 1670 οὐκ
2732 1619 3102 1688 ἐμιμήσαντο·
3149 1617 3306 1672 τοῦτο
3357 1620 3414 1673 δὲ
3462 1621 3844 1691 νηπιάζοντος

2240 1707 2322 1760 ἔτι
2354 1708 2448 1761 τοῦ
2485 1708 2673 1762 Θιάοου
2711 1711 2776 1762 ὲκ
2802 1711 2910 1764 τῶν
2937 1713 3247 1785 ὲγγυτέρων
3288 1714 3435 1784 ἡμᾶς
3469 1717 3549 1779 είς
3590 1716 3843 1785 Geom-

2241 1801 2361 1852 σίαν
2404 1801 2646 1870 ποδηγεῇ
2687 1803 2781 1856 καὶ
2826 1803 3030 1875 προῖὼν
3057 1804 3137 1875 τῷ
3201 1807 3513 1878 Εὑαγγελίῳ
3553 1808 3843 1878 Θεολογεῖν

2239 1893 2330 1946 τὸν
2361 1894 2595 1963 Χριστὸν
2620 1896 2866 1964 ἄρχεται,
2895 1896 3082 1967 ὥσπερ
3109 1897 3196 1950 διὰ
3219 1898 3486 1968 κλίμακός
3515 1919 3667 1966 τινος
3699 1905 3843 1958 ἀνά.-

2236 2002 2350 2054 γων
2397 1984 2553 2057 ήμῶν
2608 1987 2745 2056 πρὸς
2802 1986 2873 2040 τὰ
2924 1987 3170 2059 Θειότερα
3221 1991 3321 2061 τὴν
3366 1991 3628 2047 διάνοιαν.
3690 1997 3842 2067 Φησὶ

2235 2075 2365 2142 γοῦν
2413 2077 2443 2128 ὁ
2479 2075 2586 2130 τῶν
2626 2076 2784 2130 θείων
2833 2077 2995 2146 σοφὸς
3038 2079 3310 2148 Σολομὼν,
3356 2080 3578 2150 Κύριος
3615 2085 3838 2142 ἔκτισέ

2235 2183 2312 2236 με
2365 2167 2565 2236 ἀρχὴν
2597 2168 2752 2222 ὁδῶν
2797 2169 3018 2222 αὐτοῦ’
3061 2171 3234 2242 ἀρχὴν
3279 2172 3388 2244 γὰρ
3429 2175 3550 2228 ὁδοῦ
3595 2177 3705 2247 τῆς
3753 2179 3834 2232 δι-

2236 2262 2531 2333 καιοσύνης
2563 2263 2659 2315 τοῦ
2688 2263 3042 2331 Εὑαγγελίου,
3077 2266 3138 2317 τὸ
3165 2267 3305 2320 κατὰ
3355 2267 3534 2338 σάρκα
3587 2272 3737 2340 ἡμῖν
3772 2274 3836 2325 ἐκ

2238 2352 2339 2420 τῆς
2372 2353 2651 2416 ὰείπαιδος
2695 2355 2912 2424 Μαρίας
2941 2355 3193 2422 γενέσθαι
3232 2357 3322 2433 τὸν
3366 2359 3498 2412 Θεὸν
3540 2363 3747 2430 Λόγον,
3777 2365 3837 2427 ὃς

2237 2447 2350 2514 πρὸ
2395 2447 2505 2500 τοῦ
2529 2446 2746 2513 αἰῶνος
2775 2450 3133 2517 ἐθεμελίωσέ
3165 2469 3261 2519 με.
3299 2453 3412 2524 Πρὸ
3447 2453 3540 2506 τοῦ
3571 2457 3834 2522 γενέσθαι

2235 2540 2333 2608 τὴν
2389 2538 2653 2609 κυκλικὴν
2699 2541 2971 2610 ἑϐδομάδα
3018 2542 3113 2594 τοῦ
3167 2543 3432 2614 παρόντος
3483 2546 3715 2611 αἰῶνος,
3766 2551 3832 2618 τῇ

2235 2628 2368 2700 ἕκτῃ
2401 2630 2585 2700 ἡμέρᾳ.
2614 2631 2647 2698 ή
2681 2630 2826 2700 ψυχὴ
2861 2633 2918 2683 ὲν
2949 2627 3030 2698 τῷ
3077 2633 3248 2704 Ἀδὰμ
3289 2635 3630 2708 ὲθεμελιὼθη
3679 2641 3832 2709 παρὰ

2235 2721 2329 2773 τοῦ
2373 2723 2657 2792 οἰκοδόμου
2705 2724 2802 2793 τῆς
2846 2723 3062 2792 φύσεως
3103 2727 3283 2796 ἡμῶν.
3337 2729 3432 2781 καὶ
3462 2729 3640 2792 οὕτως
3695 2733 3833 2800 μετὰ

2242 2811 2339 2881 τὴν
2362 2811 2528 2882 ἕκτην
2553 2815 2587 2884 ἡ
2621 2814 2824 2884 ἑϐδόμη
2853 2815 2945 2868 τοῦ
2977 2814 3173 2878 αἰῶνος
3200 2817 3614 2890 δημιουργεῖται
3640 2822 3833 2892 ἡμέρα

2238 2901 2470 2965 ἑπτάκις
2501 2903 2952 2974 ἀνακυκλουμένη
2992 2907 3072 2969 εἰς
3110 2906 3307 2976 ἑαυτὴν
3353 2907 3442 2961 διὰ
3486 2910 3697 2973 παντὸς
3736 2912 3828 2964 τοῦ

2238 2994 2535 3058 ἐνεστῶτος
2569 2995 2784 3058 αἰῶνος.
2830 2997 2955 3050 Ἐπὶ
2982 2997 3039 3050 δὲ
3067 2998 3135 3051 τὰ
3164 2999 3412 3070 Θειότερα
3457 3002 3553 3054 καὶ
3584 3003 3829 3073 ἀρχικώ-

2238 3101 2372 3154 τερα
2399 3085 2627 3156 προῖὼν,
2664 3087 2830 3157 φησί·
2856 3088 2974 3155 Πρὸ
2999 3089 3066 3141 δὲ
3104 3089 3345 3143 πάντων
3367 3091 3620 3155 ,Βουνῶν
3644 3094 3828 3163 τεν-γᾷ

2231 3193 2307 3244 με
2334 3193 2348 3206 ο
2393 3176 2614 3246 βουνοὺς
2649 3176 2883 3230 ἐνταῦθα
2924 3180 3050 3241 τοὺς
3075 3179 3359 3249 οὐρανοὺς,
3401 3183 3520 3250 ἤτοι
3556 3181 3660 3245 τὰς
3691 3185 3828 3257 ὑπὲρ

2236 3269 2432 3332 αὐτοὺς
2473 3268 2728 3339 δυνάμεις
2759 3268 2954 3339 δηλῶν.
2997 3271 3110 3324 Οὐκ
3141 3271 3358 3342 οὐρανοὶ
3397 3271 3530 3341 γὰρ,
3581 3275 3689 3327 οὐκ
3734 3277 3828 3343 ἆτ-

2235 3357 2406 3427 γελοι,
2451 3357 2552 3411 οὐκ
2590 3359 2944 3430 ἀρχάγγελοι,
2988 3360 3050 3413 οὐ
3097 3362 3308 3432 καιρὸς,
3357 3362 3420 3414 οὑ
3467 3363 3686 3434 χρόνος,
3732 3367 3827 3419 οὐκ

2238 3447 2394 3511 αἰὼν,
2429 3451 2527 3519 οὐχ
2568 3450 2754 3522 ἕτερόν
2784 3468 2838 3503 τι
2878 3450 3164 3522 νοούμενον
3212 3454 3245 3525 ἢ
3291 3453 3658 3525 φραζόμενον.
3689 3475 3823 3526 πρε-

2234 3540 2497 3612 σϐύτερον
2526 3542 2619 3594 τοῦ
2651 3541 2800 3596 Υἱοῦ.
2838 3542 3011 3608 Αὐτὸς
3041 3544 3152 3616 γὰρ
3179 3545 3413 3616 ὑπάρχει
3439 3549 3679 3618 ποιητὴς
3721 3549 3827 3601 τῶν

2238 3633 2451 3687 αἰώνων
2503 3634 2596 3687 καὶ
2649 3635 2867 3688 πάντων
2917 3635 3086 3706 ὁμοῦ·
3118 3635 3328 3688 Παύλου
3385 3638 3485 3707 μὲν
3525 3639 3822 3713 διαρρήδην

2241 3725 2471 3796 βοῶντος
2502 3725 2582 3792 τὸ,
2615 3727 2692 3778 Δι’
2732 3722 2805 3781 οὗ
2840 3726 2937 3779 καὶ
2980 3727 3125 3792 τοὺς
3159 3725 3380 3792 αἰῶνας
3418 3729 3702 3798 ἐποίησε,
3734 3736 3822 3786 καὶ

2238 3818 2320 3880 τὸ,
2371 3818 2465 3870 Ἐν
2496 3817 2656 3882 αὐτῷ
2679 3818 2922 3884 ἐκτίσθη
2959 3818 3029 3872 τὰ
3059 3818 3275 3883 πάντα,
3304 3817 3380 3871 τά
3404 3837 3467 3874 τε
3511 3825 3708 3890 ὁρατὰ
3732 3825 3824 3880 καὶ

2240 3912 2482 3976 ἀόρατα,
2527 3909 2615 3962 ὅτι
2651 3909 2848 3962 πάντα
2894 3909 2968 3963 δι’
3020 3911 3206 3965 αὑτοῦ
3257 3910 3514 3980 ἐγένετο.
3563 3916 3824 3981 κτίζεται

2238 3997 2329 4053 οὖν
2354 4002 2418 4054 ὲκ
2447 4001 2662 4071 Μαρίας
2693 4000 2769 4071 τῷ
2796 4001 3203 4072 προσλήμματι,
3227 4001 3574 4073 θεμελιοῦται
3607 4007 3666 4061 δὲ
3685 4009 3824 4080 ψυχὴ

2237 4095 2295 4145 ἐν
2333 4091 2411 4162 τῷ
2443 4091 2745 4162 κτιζομένῳ
2776 4092 3010 4162 σώματι,
3042 4095 3246 4163 ἀμφοῖν
3275 4094 3331 4148 δὲ
3360 4097 3389 4149 ὁ
3419 4097 3598 4165 Λόγος
3630 4102 3825 4154 natal-

2236 4183 2411 4254 λήλως
2444 4184 2686 4247 ἑνωθεὶς,
2725 4185 2940 4247 κτιστὸς
2977 4185 3076 4254 μὲν
3108 4188 3299 4256 ὁρᾶται
3328 4187 3538 4258 βροτὸς,
3573 4191 3825 4254 ﬁxa-tato»;

2240 4275 2297 4327 δὲ
2343 4277 2545 4328 νοεῖται
2590 4275 2739 4339 Θεὸς,
2786 4276 2845 4340 ἐξ
2896 4277 3153 4330 ἁκτίστου
3205 4278 3416 4349 Πατρός
3479 4277 3723 4352 πατέρα
3758 4284 3824 4353 μὴ

2242 4366 2473 4436 ἔχοντος.

549 4451 751 4517 Verbo,
785 4465 998 4512 creatus
1047 4459 1263 4528 quidem
1298 4465 1545 4519 cernitur
1590 4469 1782 4535 homo,
1815 4470 2098 4525 increatus
2149 4476 2330 4522 autem
2381 4461 2704 4532 intelligitur
2729 4459 2872 4516 Deus
2898 4475 2965 4515 ex
2997 4465 3242 4516 incrcato
3273 4461 3438 4519 Patre
3493 4479 3559 4520 ac
3615 4477 3820 4538 patrem

551 4560 660 4598 non
691 4545 942 4601 habente.

943 4658 1463 4719 INTERROGATIO
1501 4667 1743 4726 XXXVI.

637 4747 709 4801 At
765 4755 1040 4819 quomodo
1093 4753 1210 4822 ipse
1265 4757 1438 4813 Filius
1478 4769 1723 4817 creatum
1774 4767 2124 4835 semetipsum

551 4838 812 4902 ostendit,
841 4840 1029 4896 dicens
1056 4861 1070 4896 :
1094 4843 1205 4915 Ego
1235 4863 1351 4900 sum
1375 4850 1570 4903 ostium
1597 4853 1770 4907 ovium
1786 4855 1852 4918 ⁸³,
1878 4867 1933 4910 et
1959 4857 2130 4911 via"?

553 4931 814 4988 Similiter
839 4942 893 4987 et
923 4949 952 4986 a
985 4938 1268 5006 pr0phetis
1312 4949 1538 4998 creatus
1584 4960 1706 5000 esse
1741 4947 2022 5014 innuitur;
2061 4949 2130 5001 ab

550 5025 688 5078 Isaia
719 5025 961 5094 quidem.
1008 5043 1131 5083 cum
1176 5031 1313 5101 lapis
1349 5035 1652 5102 offensionis
1698 5038 1921 5104 dicitur,
1957 5050 2012 5095 et
2040 5057 2130 5109 pe-

551 5126 636 5167 tra
669 5115 909 5170 scandali
941 5117 1023 5184 l"’;
1055 5134 1086 5172 a
1132 5121 1332 5177 Davide
1374 5139 1526 5189 vero,
1563 5127 1818 5183 columna
1870 5130 2049 5200 ignis;
2078 5139 2131 5186 ct

550 5207 619 5261 ab
653 5205 796 5272 aliis,
831 5209 938 5273 leo,
965 5210 1085 5265 ovis
1116 5222 1171 5267 et
1206 5214 1312 5268 alia
1347 5217 1771 5288 quamplurima.

1183 5385 1498 5455 Responsio.

620 5473 689 5527 At
709 5474 1007 5530 cavendum
1037 5494 1103 5532 ne
1129 5479 1321 5535 litterae
1342 5483 1691 5538 dormitaudo
1718 5484 2122 5553 incumbentes,

551 5580 652 5618 nos
684 5567 833 5634 ipsos
868 5582 898 5620 a
923 5569 1288 5626 divinioribus
1322 5574 1688 5631 secludamus.
1724 5575 1881 5644 Nam,
1920 5592 2123 5633 secun-

553 5656 681 5709 dum
710 5656 968 5712 eximium
1012 5659 1369 5728 Apostolum,
1420 5665 1599 5720 littera
1640 5668 1854 5733 occidit,
1899 5670 2121 5738 spiritus

624 5786 670 5818 “
698 5787 1005 5867 Erovam,
1032 5791 1122 5851 22.
1156 5793 1248 5867 23,
1283 5793 1375 5849 23.
1471 5798 1515 5831 “
1543 5799 1732 5857 Matth.
1763 5818 1800 5867 ι,
1844 5802 1894 5857 i.

553 5870 664 5924 xw,
696 5858 748 5912 6.
841 5860 884 5891 ⁸⁰
913 5861 1011 5914 Isa.
1047 5879 1158 5927 vm,
1190 5862 1274 5916 14.

1996 5801 2041 5834 ⁸⁸
2071 5799 2235 5858 Hebr.
2277 5819 2313 5870 l,
2348 5804 2402 5857 2.

2807 4661 3058 4714 ΠΕΥΣιΣ
3096 4663 3236 4729 Δεῖν.

2307 4758 2418 4812 Καὶ
2452 4755 2569 4818 πῶς
2603 4755 2764 4816 αὐτὸς
2809 4753 2836 4804 ὁ
2884 4753 3014 4817 Υἱὸς
3055 4754 3274 4808 κτιστὺν
3316 4756 3516 4811 ἑαυτὸν
3576 4760 3825 4816 δείκνυσι

2235 4851 2481 4918 φάσκων,
2543 4845 2684 4913 Ἐγώ
2724 4847 2839 4913 εἰμι
2868 4845 2906 4911 ή
2952 4846 3101 4912 θύρα
3136 4845 3254 4898 τῶν
3286 4847 3629 4913 προϐάτων,
3660 4854 3758 4906 καὶ
3792 4854 3822 4919 ἡ

2236 4941 2412 5005 addc;
2460 4937 2690 5008 Ὁμοίως
2720 4936 2776 4988 δὲ
2809 4937 2904 4989 καὶ
2938 4937 3042 4988 ὑπὸ
3071 4936 3181 4990 τῶν
3214 4938 3568 5010 προφητικῶν
3609 4944 3824 5006 nicto;

2239 5030 2644 5088 ὑποδείκνυται,
2680 5027 2785 5080 ὑπὸ
2834 5027 2932 5097 μὲν
2970 5027 3192 5080 Ἡσαΐου
3232 5030 3402 5094 λίθος
3431 5034 3825 5104 προσχόμμα-

2233 5141 2366 5187 τος,
2413 5122 2508 5176 καὶ
2561 5119 2748 5186 πέτρα
2790 5119 3177 5173 σκανδάλου’
3234 5119 3337 5173 ὑπὸ
3384 5119 3442 5173 δὲ
3487 5122 3583 5175 τοῦ
3636 5128 3820 5187 Δαϐὶδ,

2235 5213 2528 5282 στυλοπὺρ,
2562 5211 2654 5280 ὑφ’
2689 5210 2891 5281 ἑτέρων
2925 5209 2982 5262 δὲ
3017 5210 3173 5275 λέων,
3205 5211 3499 5282 πρόϐατον,
3531 5215 3634 5267 καὶ
3663 5217 3825 5288 ἔτερα

2233 5304 2482 5357 πλεῖστα.
3347 5308 3350 5312 ’

2849 5393 3214 5463 Ἀπόκρισις.

2316 5487 2473 5541 Ἀλλὰ
2527 5487 2601 5558 μὴ
2650 5486 2728 5556 τῷ
2773 5486 3064 5556 γράμματι
3109 5489 3621 5559 προσκαθεύδοντας
3686 5499 3827 5564 σφεῖς

2233 5580 2338 5633 τῶν
2366 5579 2651 5650 θειοτέρων
2683 5582 3115 5651 ἀποκλείσωμεν.
3150 5583 3304 5636 Κατὰ
3330 5584 3439 5656 γάρ
3470 5585 3565 5638 τὸν
3619 5588 3828 5658 ὑψηλὸν

2243 5671 2588 5738 ’Λπόστολον,
2616 5671 2685 5725 Τὸ
2719 5672 2953 5742 πράμμα
2977 5673 3336 5739 ἀποκτείνει,
3369 5674 3436 5728 τὸ
3471 5675 3546 5738 δὲ,
3579 5679 3831 5747 πνεῦμα

2503 5804 2545 5835 ⁸⁷
2578 5803 2789 5859 Coloss.
2823 5821 2857 5868 I,
2897 5803 2948 5858 7.

3054 5805 3100 5840 ⁸³
3129 5803 3283 5861 Juau.
3317 5823 3372 5873 κ,
3407 5807 3458 5862 7.
3580 5811 3631 5843 δ’
3658 5809 3827 5867 Joan.
