4108 6376
22 1488 29 1505 ε
48 1486 103 1499 .,..p

3 1504 57 1519 υἱό-

0 1604 63 1617 una.
78 1600 93 1614 ἴ

0 4393 29 4421 '7'.

2 4420 18 4429 ,ι

0 4588 11 4624 ῐ

355 323 456 379 θιιι
1776 372 1871 427 υΙΔ

358 444 617 473 tum:
689 454 733 473 ς.
797 456 809 471 .
901 462 914 473 .
1022 464 1061 473 -.

1972 378 2120 435 lGUS
2144 381 2180 435 Ι.
3510 415 3615 473 90‘]

355 444 633 505 ζωοποιεῖ.
689 454 981 513 Ἀνάπαλιν
1017 464 1072 517 δὲ
1103 473 1275 541 φημί·
1314 477 1389 528 Οὐ
1437 480 1495 532 τὸ
1525 484 1757 557 γράμμα
1793 492 1934 546 ἀπο-

355 537 473 557 --__'
673 545 685 557 ‘
785 550 795 557 ·
846 550 863 557 ⁸
885 552 909 557 ⁵⁸

1164 537 1195 541 --
1534 537 1573 553 σι
1638 537 1756 557 i'r'“
1795 537 1903 546 ""'

352 537 556 592 κτείνει
605 545 733 608 τοὺς
773 550 949 621 ὀρθῶς
1008 557 1470 633 ἀποσκοποῦντας,
1519 575 1626 626 οὐδ’
1661 574 1725 630 αὖ
1774 584 1933 638 πάλιν

350 624 608 686 ζωοποιεῖ
638 634 699 685 τὸ
738 639 955 710 πνεῦμα
988 643 1440 720 βλασφημοῦντας
1470 662 1636 734 αὐτῷ.
1676 669 1930 740 Τιμήσιο-

354 731 452 740 ..-..
483 715 570 740 ρτμ
636 721 651 740 ‘
799 728 824 738 ⁴
941 735 962 740 “

1189 715 1217 718 __
1420 715 1433 720 -
1590 719 1600 734 ,
1627 715 1635 717 ν
1685 715 1707 719 -
1726 715 1904 740 πωπω

349 731 452 782 μεν
479 715 572 770 οὖν
601 721 660 774 τὸ
691 728 907 798 πνεῦμα
936 735 1083 800 ὅπως
1112 744 1395 813 νοήσωμεν
1425 750 1483 802 τὸ
1521 756 1774 827 γράμμα,
1806 780 1929 834 τρο-

349 809 522 834 --...’.-
569 814 658 834 _‘.,
699 816 786 834 νος
878 822 900 834 Α
924 824 934 834 ι
1163 833 1169 834 ,

1194 809 1202 811 .
1297 809 1306 813 -
1532 809 1571 823 -ι
1635 809 1645 826 ι
1680 809 1689 827 I
1723 809 1774 821 “’⁷
1818 809 1900 834 '5'-

346 809 522 872 πικῶς
567 814 659 866 τὸν
699 816 828 871 Υῐὸν
875 822 1044 896 θύραν
1089 833 1182 884 καὶ
1225 836 1342 889 ὁδὸν
1382 842 1475 893 καὶ
1524 845 1688 912 λίθον,
1734 855 1927 908 καὶτὰ

345 896 508 954 λοιπὰ
540 905 650 958 τῶν
698 911 925 967 εἰκόνων
959 919 1299 992 ἐκδεχόμενοι
1323 944 1335 957 ·
1384 932 1501 985 ὁδὸν
1542 939 1788 1005 νοοῦντες
1830 946 1925 997 αύ-

342 989 455 1052 τὸν,
488 994 629 1063 πρὸς
651 997 750 1067 τὴν
780 1002 981 1067 γνῶσιν
1005 989 1112 1059 τοῦ.
1132 989 1347 1085 Πατρὸς
1374 1022 1467 1073 καὶ
1499 1024 1607 1077 τῶν
1640 989 1920 1102 θειοτῖέρων

343 1078 502 1102 --ιμη
521 1099 543 1102 -
569 1101 574 1102 ν
671 1086 696 1102 Α
718 1087 729 1102 ι
901 1095 913 1102 -
1138 1100 1144 1102 Α

340 1078 611 1150 φέρουσαν
628 1102 641 1114 ·
670 1086 839 1159 θύραν
889 1078 1263 1170 ἀνοιγομένην·
1279 1078 1378 1173 μὲν
1402 1112 1515 1174 τοῖς
1543 1112 1631 1167 διά
1657 1078 1920 1192 των

1280 1170 1292 1173 -
1496 1170 1508 1174 -
1748 1170 1753 1171 ν
1800 1170 1889 1192 '1"

337 1170 444 1223 τῶν
494 1175 810 1232 σπεύδουσιν
859 1184 1009 1249 ἐντὸς
1064 1192 1358 1260 γενέσθαι,
1416 1207 1604 1275 πυγμῇ
1664 1209 1917 1276 παίοντες

338 1261 488 1329 σφῶν
515 1266 584 1318 τὰ
612 1270 839 1340 στέρνα·
870 1276 1061 1341 στύλος
1091 1281 1147 1334 δὲ
1181 1286 1405 1341 νοείσθω
1435 1261 1713 1368 ἑδραίωμα

335 1369 452 1421 χειν
492 1356 587 1463 τῇς,
630 1359 865 1426 πίστεως
904 1367 1080 1437 ἡμῶν,
1117 1356 1504 1449 ὑποστηρίζων·
1537 1356 1651 1456 ἅμα
1696 1392 1786 1445 καὶ
1820 1356 1914 1463 φξ-

334 1459 444 1511 ρων
475 1445 545 1499 τὰ
595 1449 884 1520 σύμπαντα
905 1472 918 1485 ·
960 1458 1107 1525 λίθος
1135 1465 1190 1517 δὲ
1226 1445 1649 1543 προσκόμματος
1677 1445 1909 1555 ὑπάρχει

330 1534 601 1603 ἀπίστοις,
635 1544 727 1596 καὶ
773 1547 948 1619 πέτρα
1001 1534 1297 1611 σκανδάλου
1346 1534 1643 1632 Ἰουδαίοις,
1688 1534 1907 1643 ἡμῖνλδε

329 1624 474 1690 λίθος
500 1630 597 1682 τοῦ
628 1632 876 1703 θεμελίου
909 1641 1009 1711 τῆς
1054 1646 1399 1718 ’.Εκκλησίας,
1436 1624 1904 1738 πᾶσανΙτὴιν

326 1718 453 1772 πίδα
487 1723 744 1829 συνέχων.
791 1730 993 1802 Πέτρα,
1028 1736 1088 1789 τὸ
1128 1743 1345 1812 στερεὸν
1388 1750 1480 1801 καὶ
1511 1718 1758 1809 ἄπτωτον
1803 1718 1903 1829 της

321 1809 631 1880 ὁμολογίας,
733 1809 1244 1899 προσαραττόμεναι
1276 1837 1330 1888 αἱ
1360 1844 1646 1912 τρικυμίαι
1675 1849 1782 1903 τῶν

319 1899 542 1968 ρέσεων,
580 1908 716 1978 πρὸς
751 1912 922 1983 ἀφρὸν
965 1912 1123 1983 αὖθις
1152 1899 1434 1981 ἐκλύονται
1455 1946 1468 1960 ·
1516 1899 1772 2007 σκώληξ,⁷
1800 1899 1898 1993 κά-

315 1989 424 2055 θώς
458 2010 621 2065 φησιν
659 2000 687 2049 6
728 2002 914 2067 Δαὸὶδ,
958 2008 987 2058 6
1029 2010 1139 2063 τῶν
1186 2011 1345 2067 θείων
1405 1989 1892 2095 μελῳδόςίῗημῖν

312 2083 417 2151 μὲν
450 2089 591 2140 κατὰ
637 2092 731 2145 τὸν
781 2096 847 2148 ὲκ
891 2097 991 2167 τῆς
1025 2102 1220 2172 χέρσου
1268 2083 1533 2180 σκώληκα.
1567 2083 1694 2170 ἄνευ
1747 2083 1891 2186 τινὸς

305 2176 519 2242 πάθους
547 2181 579 2253 ἢ
611 2187 912 2252 συνουσίας,
951 2194 1014 2245 ἐκ
1047 2195 1147 2265 τῆς
1170 2176 1449 2265 ἀείπαιδος
1480 2206 1697 2279 Μαρίας
1727 2176 1888 2265 ἀπει-ζ

304 2269 569 2340 ρογάμως
607 2278 940 2348 τικτόμενος,
966 2288 1079 2350 τοῖς
1106 2287 1148 2339 δ’
1180 2291 1439 2359 ὲναντίοις
1473 2269 1689 2374 σκώληξ
1711 2322 1885 2376 τιμω-

299 2358 452 2428 ρίας,
483 2363 923 2440 ὑπο[τι]τραίνων
954 2377 1045 2429 καὶ
1079 2378 1349 2436 ὑπεσθίων
1376 2358 1645 2460 ἀλήκτωςί

888 2577 1135 2632 ΠΕΥΣΙΣ
1172 2584 1291 2638 AZ'.

383 2657 524 2709 Ἀλλ’
568 2659 662 2713 ἐὰν
705 2664 779 2734 μὴ
838 2665 999 2739 εἴπῃς
1027 2671 1189 2726 αὐτὸν
1232 2676 1469 2744 κτίσμα,
1512 2683 1755 2755 ὑϐρίζεις
1789 2691 1877 2744 τὸν

286 2747 542 2818 Πατέρα,
574 2752 742 2817 πάθος
762 2756 909 2827 αὑτῷ
933 2763 1284 2831 προσάπτων.
1315 2770 1430 2834 Πᾶς
1458 2772 1567 2845 γάρ
1584 2747 1624 2829 ’ὁ
1648 2747 1872 2849 γεννῶν,

282 2840 553 2912 ἐμπαθὴς
581 2845 800 2911 πάντως
830 2848 1003 2903 ἔσται.
1046 2855 1115 2907 Ἦ
1140 2840 1484 2917 συστέλλεται
1514 2840 1706 2942 γάρ-ἢ
1735 2840 1873 2928 πλσιζ

278 2929 531 2997 τύνεται,
567 2933 599 3003 ἢ
631 2938 803 3007 τομὴν
832 2940 863 3010 ἢ
906 2942 1089 3011 ρεῦσιν
1124 2946 1431 3016 ὑφίσταται,
1462 2956 1493 3026 ἦ
1524 2929 1801 3026 όγκοῦται,
1835 2965 1868 3034 ἢ

274 3022 664 3093 ταπεινοῦται,
697 3028 730 3098 ἢ
761 3046 813 3082 τι
846 3033 1061 3099 πάντως
1085 3038 1344 3110 ὑπομένει
1377 3048 1405 3098 6
1433 3052 1655 3116 γεννῶν.

900 3212 1251 3285 Ἀπόκρισις.

352 3292 573 3362 Ἀπαγε
596 3300 695 3368 τῆς
710 3301 963 3371 τοιαύτης
985 3304 1272 3377 ληρῳδίας,
1296 3313 1592 3384 ἀξιάγαστε
1614 3323 1626 3375 l
1659 3324 1732 3377 Οὐ
1755 3326 1863 3400 γάρ

264 3385 445 3455 σῶμα
483 3388 543 3440 τὸ
584 3390 735 3444 Θεῖον
767 3394 1000 3466 ὑπάρχει
1048 3399 1197 3471 ὄγκῳ
1232 3404 1264 3474 ἢ
1297 3409 1525 3483 συστολῇ
1562 3385 1851 3488 ὑποκείμεέ

260 3495 386 3540 νον,
419 3479 449 3549 ἦ
484 3481 721 3554 ῥεύσειῆ
752 3492 891 3559 τομῇ
924 3490 1113 3560 ἢὸλως
1150 3497 1311 3552 πάθει
1338 3505 1443 3556 τινὶ
1488 3479 1857 3581 χειρούμενον.

255 3570 433 3622 Καθὸ
457 3567 551 3624 οὖν
584 3576 610 3625 6
646 3576 835 3649 Πατὴρ
861 3582 1075 3652 πνεῦμα
1117 3587 1409 3659 ὑπάρχων,
1567 3567 1694 3653 Ῠιδᾷ
1725 3567 1858 3659 Θεὸν

250 3661 453 3729 Λόγον
513 3671 922 3735 πνευματικῶς,
982 3676 1257 3745 ἀχρὸνως,
1313 3684 1607 3755 ἀφράστως
1660 3696 1853 3762 γεγένο

246 3768 459 3823 νηκεν.
503 3755 642 3809 Ἀλλ’
671 3759 854 3831 ἐπειδὴ
885 3764 1155 3832 πλείστοις
1179 3770 1328 3826 δοκεῖ
1355 3777 1386 3847 ἡ
1414 3777 1536 3847 ὄψις
1566 3755 1851 3859 τῆς-ἀκοῆς

244 3845 572 3916 πιστοτέρα
592 3886 607 3911 ,
634 3849 744 3903 δεῖν
770 3853 957 3926 ᾠήθην
988 3859 1080 3910 καὶ
1107 3845 1703 3940 ἀμυδρῶςίχρήσασθαι

242 3936 629 4006 ραδείγμασιν
650 3980 664 4003 ,
695 3943 785 3995 ἐπὶ
808 3945 903 3996 τοῦ
934 3948 1159 4013 ἀπαθῶς
1198 3956 1454 4025 γεννῆσαι
1482 3962 1542 4013 τὸ
1572 3963 1724 4019 Θεῖον
1742 4007 1756 4028 .
1785 3970 1845 4021 οὐ

236 4028 487 4097 ρεῦσιν,
517 4031 577 4083 οὑ
623 4034 793 4104 τομὴν
826 4038 1211 4109 ὑφιστάμενον.
1254 4048 1476 4120 Κτίσμα
1503 4056 1681 4110 τοίνυν
1710 4058 1844 4114 Θεοῦ

232 4119 503 4188 ὑπάρχει
554 4124 582 4175 6
633 4124 807 4193 ⁴ἳίιλιος,
866 4130 959 4198 ἀφ’
1009 4128 1069 4184 οὗ
1122 4153 1264 4200 τινες
1298 4142 1355 4193 ἐν
1400 4148 1518 4207 ταῖς
1569 4150 1844 4221 ἀοικήτοις

228 4212 576 4277 ἐσχατιαῖς,
622 4217 793 4286 πυρὸς
817 4218 1127 4292 λειπόμενοι
1155 4229 1372 4284 πέττειν
1408 4234 1474 4287 τὰ
1504 4241 1651 4304 σῖτα,
1682 4244 1841 4296 ἱππο-

224 4301 455 4372 φορϐοὶ
488 4319 548 4355 τε
590 4306 682 4359 καὶ
724 4307 1003 4377 βουκόλοι,
1052 4315 1145 4368 καὶ
1181 4322 1473 4393 συφορϐοὶ,
1525 4301 1840 4403 καὶῇποιμέ-

220 4411 364 4456 νες,
410 4392 615 4447 κύλικα
654 4395 844 4463 ὓδατος
889 4402 1131 4475 καθαροῦ
1180 4409 1599 4483 πληρώσαντες,
1643 4424 1734 4476 καὶ
1769 4429 1833 4498 τῇ

216 4488 438 4540 ἀκτῖνι
478 4485 571 4538 τοῦ
606 4488 753 4558 ἡλίου
798 4493 1175 4566 ἀντισχόντες,
1228 4505 1320 4557 καὶ
1369 4507 1496 4561 όνίδι
1527 4510 1667 4585 ξηρᾷ
1695 4485 1837 4585 gladii:

213 4596 446 4640 σαντες
480 4582 545 4649 τῇ
578 4582 840 4657 ὑδροχόῃ,
893 4584 1048 4653 αὖθις
1096 4593 1158 4646 τὸ
1207 4595 1316 4667 πῦρ
1351 4600 1573 4657 αὐτόθεν
1600 4582 1833 4663 ἀπεσύ-

206 4672 284 4742 λη
301 4687 442 4731 ταν,
481 4671 540 4721 ού
580 4675 785 4743 τομὴν,
826 4679 886 4729 οὑ
926 4680 1141 4748 ρεῦσιν,
1192 4688 1293 4739 οὐκ
1324 4689 1511 4760 ὄγκον,
1553 4697 1613 4749 ού
1641 4716 1832 4754 συστο-

202 4763 320 4831 λὴν
380 4759 494 4813 τοῦ
553 4765 836 4834 φωστῆρος
888 4770 1254 4839 ὑποστάντος·
1308 4783 1401 4834 καὶ
1452 4784 1540 4838 διὰ
1583 4791 1831 4863 καθαρᾶς

199 4853 399 4907 ὑάλου
443 4851 508 4901 ἐν
554 4852 750 4917 οἰκίαις
781 4854 1011 4923 διήκων,
1046 4865 1139 4916 καὶ
1185 4866 1349 4921 οἱονεὶ
1385 4871 1698 4941 ἀπογεννῶν
1728 4881 1829 4945 τὰς

194 4947 469 5005 ἀκτῖνας
502 4944 642 4996 κατὰ
672 4946 850 5016 πάσης
890 4949 1114 5021 ἠπείρου
1141 4956 1428 5031 ἀνελλιπὴς
1462 4965 1555 5017 καὶ
1586 4968 1825 5040 ἄτμητος

189 5039 298 5093 διὰ
353 5032 585 5097 παντὸς
634 5036 850 5106 ὁρᾶται.
921 5040 1149 5112 Ὁμοίως
1200 5050 1294 5103 καὶ
1350 5056 1555 5125 πυρσὸς
1624 5032 1822 5132 μυρίας

186 5129 493 5194 ἐξάπτων
527 5122 844 5193 λαμπάδας,
878 5130 937 5183 ού
973 5134 1178 5202 ρεῦσιν,
1212 5141 1272 5193 οὑ
1301 5122 1475 5217 top.qu
1504 5122 1819 5221 {insint-vam

180 5221 261 5274 Ει
296 5210 411 5270 οὖν
462 5211 610 5276 τέως
658 5213 919 5287 ἀλώόητα
972 5222 1204 5294 ὑπάρχει
1241 5210 1448 5298 ταῦτα,
1483 5210 1727 5311 ἀπείρως
1764 5244 1825 5296 τὸ

176 5312 364 5363 Θεῖον
425 5306 767 5374 ὑπερτερεὶᾯ
820 5308 1024 5364 τούτων
1073 5315 1195 5368 καθ’
1244 5321 1366 5374 ὅλου
1421 5330 1818 5403 πιστεύσομεν·

0 5350 5 5377 γ
177 5350 356 5363 νυ.-.
430 5350 761 5374 --ητ-νι---ν
831 5350 1021 5364 -ν--ω-
1074 5350 1176 5368 mw
1244 5350 1366 5374 υιιυυ
1421 5350 1818 5403 πιστεύσομεν·

86 5453 92 5471 τ
170 5404 373 5472 ἀτμὶς
416 5396 546 5466 γάρ
586 5396 724 5466 πρὸς
774 5400 950 5457 ἐκεῖνο
984 5404 1118 5476 ὁμοῦ
1168 5411 1235 5464 τά
1278 5414 1588 5484 σύμπαντα.
1627 5424 1821 5494 Γεγέν-

86 5470 95 5509 θ
167 5470 329 5564 νηκε
374 5488 584 5543 τοίνυν
615 5490 644 5540 6
674 5489 864 5561 Πατὴρ
894 5494 983 5547 τὸν
1014 5470 1187 5553 ΪῙαῖδα
1217 5503 1278 5557 οὑ
1308 5470 1397 5561 δίά
1425 5470 1597 5584 τομᾷἧξ

165 5597 370 5644 σεως,
430 5577 505 5631 οὑ
558 5578 626 5631 δι’
669 5579 835 5649 ὄγκου
876 5586 969 5639 καὶ
1024 5592 1317 5663 συστολῆς·
1367 5577 1502 5652 ἀλλ’*
1527 5577 1814 5676 ἀσώματος

163 5677 287 5740 τον,
366 5670 691 5739 ἀσώματον
744 5674 917 5744 Λόγον
977 5681 1347 5741 ὲνυπόστατον
1392 5691 1656 5751 ἀκούοντα
1718 5703 1811 5755 καὶ

245 5808 298 5840 ιι
324 5803 376 5859 ιι
407 5802 557 5855 Cor.
586 5812 667 5861 tu,
700 5800 751 5855 6.
846 5807 890 5837 δ’
923 5806 1065 5862 Psul.
1094 5828 1206 5880 xxx,
1244 5815 1292 5868 '7.

2038 514 2153 552 vero
2192 504 2501 573 vivi/Scal".
2555 507 2921 586 Vicissimque
2964 518 3186 590 inquam
3223 540 3324 595 ego
3362 528 3461 584 :Si
3501 548 3611 590 non

2035 592 2233 645 occidit
2258 595 2437 650 littera
2469 613 2564 654 eos
2595 603 2686 670 qui
2716 614 2861 661 recte
2891 592 3457 686 considerant,vneque
3478 621 3607 676 item

2034 682 2272 738 vivificat
2304 688 2528 755 spiritus
2555 692 2994 764 blasphemantes
3022 703 3223 772 ipsum.
3264 682 3607 770 Honoremus

2031 771 2196 839 igitur
2231 778 2482 843 spiritum
2532 791 2591 837 ut
2641 785 3008 858 intelligamus
3047 771 3312 851 litteram.
3350 799 3606 872 Figurate

2031 859 2245 929 Filium,
2273 869 2495 935 ostium,
2523 880 2576 925 et
2603 873 2767 939 viam,
2795 886 2849 930 et
2881 879 3133 949 lapidem,
3157 894 3210 941 et
3233 887 3277 941 si
3296 859 3602 959 quidvaliud

2024 963 2105 1005 est
2201 956 2471 1023 ejusmodi
2539 963 2949 1025 similitudinem
2986 976 2993 1033 ι
3030 974 3135 1028 dici
3191 982 3526 1049 accipiamus
3584 1004 3598 1040 :

2022 1042 2163 1096 viam
2187 1044 2552 1118 intelligentes
2585 1053 2785 1124 ipsum,
2816 1070 2875 1114 ut
2896 1064 2987 1132 qui
3018 1080 3116 1120 nos
3147 1067 3201 1121 in
3227 1042 3596 1141 cognitionem

2019 1130 2196 1192 Patris
2253 1140 2671 1216 divinarumque
2722 1166 2903 1207 rerum
2964 1156 3174 1224 ducat;
3245 1165 3449 1219 ostium
3511 1178 3599 1226 est

2017 1239 2258 1295 apertum
2281 1232 2347 1289 iis
2364 1237 2454 1304 qui
2482 1240 2815 1307 pervirtutes
2832 1245 2980 1302 intus
3003 1255 3317 1319 regenerari
3352 1258 3592 1325 student,

2015 1329 2198 1384 pugno
2246 1319 2561 1389 frequenter
2606 1332 2975 1398 percutientes
3029 1349 3285 1407 pectora;
3339 1346 3595 1405 columna

2012 1421 2141 1461 vero
2171 1410 2504 1482 intelligatur
2548 1418 2952 1480 firmamentum
2998 1444 3119 1485 esse
3171 1433 3295 1487 liilei
3345 1445 3589 1504 nostrae,

2011 1497 2241 1555 firmiter
2273 1504 2592 1564 suffulciens
2624 1522 2677 1566 et
2704 1513 2885 1571 ferens
2924 1519 3085 1574 simul
3118 1524 3407 1595 universa;
3451 1530 3589 1600 lapis

2009 1598 2189 1644 autem
2237 1592 2554 1654 oﬂensionis
2588 1602 2882 1662 incredulis
2916 1616 3023 1673 est,
3063 1618 3116 1665 et
3152 1621 3302 1682 petra
3345 1620 3586 1676 scandali

2012 1679 2247 1749 Judaeis;
2278 1689 2435 1744 nobis
2459 1701 2639 1746 autem
2669 1696 2805 1764 lapis
2842 1679 3178 1757 fundamenti
3200 1705 3479 1770 Ecclesia.
3499 1720 3586 1765 to-

2006 1781 2112 1827 tam
2153 1776 2324 1831 basim
2358 1783 2663 1839 continens.
2695 1786 2877 1851 Petra,
2914 1793 3081 1847 robur
3101 1804 3154 1849 et
3187 1795 3418 1857 firmitas
3446 1818 3583 1858 con-

2000 1860 2294 1931 fessionis,
2346 1884 2449 1938 qua
2500 1876 2750 1941 procellae
2787 1879 3051 1936 liaeresum
3089 1884 3423 1958 impugnata:
3451 1932 3467 1958 ,
3522 1895 3579 1949 in

1998 1968 2245 2024 spumam
2284 1975 2477 2018 rursus
2507 1965 2919 2038 dissolvuntur;
2957 1978 3179 2045 vermis,
3222 1984 3579 2050 quemadmo-

1995 2046 2123 2100 dum
2149 2047 2381 2108 Davides
2403 2055 2715 2113 divinorum
2744 2066 3046 2120 carminum
3080 2081 3272 2125 auctor
3295 2073 3529 2145 inquit"
3557 2097 3571 2134 :

1992 2152 2056 2192 ac
2077 2142 2233 2197 nobis
2253 2146 2469 2213 quidem
2487 2149 2661 2205 instar
2681 2157 2956 2212 vermisex
2979 2166 3144 2227 terra,
3164 2165 3371 2234 absque
3389 2168 3573 2239 aliquo

1987 2229 2183 2287 all'ectu
2230 2244 2323 2290 aut
2371 2240 2550 2304 coitu,
2594 2259 2661 2297 ex
2705 2256 2978 2316 perpetuae
3023 2229 3352 2323 virginitatis
3397 2229 3573 2316 nia-tre

1987 2320 2175 2389 Maria,
2213 2328 2418 2398 absque
2446 2334 2676 2401 nuptiali
2711 2339 3091 2396 commistione
3128 2352 3320 2413 natus;
3371 2349 3567 2404 adver-

1990 2415 2150 2469 sariis
2181 2425 2359 2472 autem
2401 2425 2601 2479 vermis
2633 2427 2924 2497 supplicii,
2976 2432 3268 2491 stimulans
3313 2446 3369 2493 et
3398 2441 3563 2511 depa-

1988 2517 2145 2560 scens
2176 2508 2380 2580 absque
2414 2512 2536 2567 fine.

2354 2622 2873 2685 INTERROGATIO
2916 2631 3176 2688 XXXVII.

2054 2710 2217 2779 Atqui
2252 2713 2358 2768 nisi
2390 2714 2569 2784 ipsum
2603 2728 2911 2775 creaturam
2937 2739 3060 2779 esse
3083 2726 3311 2790 dixeris.
3349 2740 3554 2786 contu-

1982 2802 2144 2857 melia
2167 2801 2381 2861 Patrem
2413 2808 2603 2874 aﬂicis,
2636 2811 2887 2867 allectum
2933 2818 2982 2871 ei
3036 2818 3303 2876 tribuens.
3362 2823 3557 2883 Omnis

1978 2894 2125 2948 enim
2153 2897 2243 2965 qui
2303 2908 2547 2968 generat,
2596 2906 2821 2959 omnino
2855 2908 2959 2962 erit
3001 2910 3273 2968 obnoxius
3310 2914 3552 2973 all‘ectui.

1975 2984 2084 3038 Aut
2106 2988 2249 3041 enim
2276 2993 2641 3061 contrahitur,
2677 3005 2771 3051 aut
2799 2998 3082 3064 dilatatur,
3119 3012 3211 3058 aut
3242 3007 3545 3064 sectionem

1981 3076 2440 3138 derivationemve
2470 3087 2697 3154 patitur,
2738 3098 2831 3143 aut
2869 3091 3114 3160 effertur,
3155 3104 3250 3150 aut
3288 3098 3552 3168 deprimi-

1973 3170 2084 3227 tur,
2117 3176 2209 3221 aut
2244 3178 2393 3226 certe
2426 3176 2534 3229 tale
2558 3176 2689 3245 quid
2719 3180 2977 3248 sustinet,
3009 3185 3103 3253 qui
3141 3197 3388 3256 generat.

2602 3268 2910 3337 Responsio.

2036 3349 2196 3405 Absit
2229 3356 2419 3422 procul
2445 3357 2554 3415 tale
2586 3359 2863 3428 delirium,
2888 3379 2921 3419 o
2947 3368 3226 3435 praeclare.
3254 3369 3371 3426 Non
3395 3374 3542 3430 enim

1964 3439 2145 3495 divina
2186 3453 2381 3500 natura
2422 3464 2622 3520 corpus
2653 3462 2759 3516 est,
2795 3458 3014 3511 elationi
3045 3468 3141 3512 aut
3174 3465 3542 3521 contractioni

1962 3532 2268 3600 subjectum
2304 3577 2319 3599 ,
2364 3546 2458 3592 aut
2497 3538 2689 3607 ﬂuxui,
2732 3552 2829 3597 aut
2870 3548 3122 3613 sectioni,
3165 3560 3258 3605 aut
3308 3568 3539 3623 prorsus

1960 3624 2329 3696 qualicunque
2370 3629 2585 3685 allectui
2624 3636 3016 3705 mancipatum.
3060 3639 3338 3705 Quatenus
3369 3646 3539 3716 igitur

1958 3716 2118 3769 Pater
2146 3718 2373 3787 spiritus
2401 3729 2506 3785 est,
2542 3722 2738 3779 Filium
2782 3730 2947 3782 Deum
2992 3728 3227 3787 Verbum
3269 3737 3534 3805 spiritua-

1957 3804 2079 3859 liter
2106 3808 2314 3877 absque
2338 3819 2582 3883 tempore
2636 3816 2985 3875 ineﬂ‘abiliter
3026 3825 3235 3893 genuit.
3279 3804 3350 3880 At
3398 3844 3532 3884 vero

1957 3897 2085 3964 quia
2119 3898 2395 3970 plerisque
2436 3903 2652 3958 videtur
2688 3908 2829 3962 visui
2886 3912 3068 3980 potius
3104 3929 3266 3983 quam
3314 3918 3530 3976 auditui

1953 3989 2308 4055 credendum,
2340 3996 2502 4047 etiam
2544 3996 2693 4052 facili
2746 4001 2931 4070 aliquo
2968 4007 3218 4075 exemplo
3258 4012 3522 4066 utendum

1947 4094 2069 4134 esse
2106 4092 2255 4137 ratus
2311 4101 2432 4139 sum
2484 4086 2536 4140 in
2599 4104 2664 4144 eo
2720 4091 3067 4161 declarando,
3128 4101 3272 4168 quod
3315 4102 3523 4173 absque

1948 4171 2140 4225 affectu
2179 4173 2322 4230 Deus
2356 4188 2595 4246 generet,
2627 4196 2735 4235 non
2768 4182 2970 4239 fluxum
3000 4203 3177 4259 neque
3212 4192 3517 4249 sectionem

1944 4264 2177 4332 patiens.
2206 4264 2475 4324 Creatura
2505 4274 2695 4342 utique
2724 4275 2817 4330 Dei
2849 4287 2932 4332 est
2969 4282 3071 4343 sol,
3108 4299 3217 4351 quo
3265 4286 3432 4355 aliqui
3460 4288 3517 4341 in

1941 4359 2382 4417 extremitatibus
2407 4363 2859 4425 inhabitabilibus
2879 4373 3000 4444 igne
3018 4386 3267 4433 carentes
3287 4388 3337 4432 ut
3352 4388 3517 4437 untur

1941 4447 2008 4501 ad
2035 4453 2354 4519 coquendos
2383 4456 2561 4521 cibos,
2593 4474 2970 4534 equorumque
3000 4476 3248 4535 pastores
3268 4509 3283 4534 ,
3314 4487 3368 4526 et
3410 4475 3515 4527 bu-

1938 4541 2106 4609 bulci,
2142 4545 2351 4601 subulci
2389 4556 2442 4603 et
2465 4559 2711 4619 pastores
2751 4555 2864 4619 alii,
2907 4560 3131 4613 calicem
3185 4579 3325 4632 aqua
3372 4581 3508 4634 pura

1935 4632 2181 4704 implent,
2235 4648 2289 4693 et
2341 4641 2494 4695 radio
2544 4644 2677 4700 solis
2730 4647 3043 4716 obvertunt,
3075 4653 3338 4724 aridoque
3372 4632 3508 4711 limo

1933 4722 2156 4778 admoto
2182 4727 2247 4779 ad
2280 4743 2375 4783 vas
2425 4733 2736 4800 aquarium,
2790 4736 2941 4793 illico
2996 4740 3176 4810 ignem
3217 4722 3503 4811 auferunt.

1931 4828 2055 4886 cum
2090 4816 2310 4871 interim
2342 4837 2440 4875 nec
2468 4824 2791 4891 sectionem,
2836 4846 2935 4884 nec
2984 4831 3213 4899 ﬂuxum,
3258 4853 3359 4891 nec
3413 4847 3503 4891 tu-

1928 4919 2158 4967 morem,
2187 4924 2286 4962 nec
2320 4916 2752 4971 contractionem
2780 4920 3049 4977 luminare
3095 4925 3272 4994 ipsum
3322 4931 3501 4999 patia-

1926 5005 2037 5051 tur.
2078 4998 2221 5055 ldem
2258 5018 2353 5071 per
2382 5019 2578 5073 purum
2626 5004 2827 5063 vitrum
2881 5013 2935 5067 in
2985 5015 3280 5074 domiciliis
3329 5036 3499 5092 pene-

1930 5100 2101 5155 trans,
2137 5093 2405 5163 quasique
2432 5098 2616 5155 radios
2641 5103 2871 5172 gignens
2908 5120 3004 5174 per
3038 5110 3350 5165 universam
3385 5120 3500 5170 ter-

1924 5194 2063 5245 ram,
2085 5181 2442 5239 nihilominus
2466 5187 2674 5257 absque
2698 5192 2910 5248 defectu
2946 5205 2999 5249 et
3017 5198 3223 5268 absque
3253 5205 3496 5261 sectione

1925 5285 2019 5339 per
2048 5262 2233 5327 omnia
2268 5276 2530 5331 cernitur.
2567 5278 2829 5338 Similiter
2868 5296 2922 5340 et
2949 5288 3060 5351 fax,
3107 5292 3323 5349 etiamsi
3374 5296 3501 5351 inli-

1922 5360 2068 5415 nitas
2103 5361 2392 5429 lampades
2420 5372 2757 5436 accenderit,
2806 5391 2983 5446 neque
3033 5378 3266 5448 fluxum,
3316 5401 3496 5456 neque

1919 5454 2217 5509 sectionem
2252 5459 2478 5526 patitur.
2512 5460 2569 5515 Si
2608 5463 2775 5530 igitur
2826 5467 3035 5538 absque
3082 5471 3306 5529 Iresione
3354 5454 3492 5532 fiunt

1916 5546 2042 5613 ista,
2075 5546 2129 5600 in
2162 5548 2440 5605 infinitum
2473 5555 2592 5610 istis
2617 5572 2713 5627 per
2750 5559 2936 5614 omnia
2978 5566 3321 5633 superiorem
3368 5585 3493 5625 esse

1912 5644 2165 5692 naturam
2193 5641 2433 5697 divinam
2465 5648 2777 5706 credamus.
2816 5650 2951 5705 Nam
2986 5654 3149 5709 simul
3173 5656 3227 5710 in
3268 5660 3489 5716 univer-

1908 5744 2028 5783 sum
2061 5734 2241 5786 omnia
2271 5736 2322 5789 in
2356 5737 2526 5806 ipsam
2577 5742 2775 5797 collata
2822 5752 2951 5798 sunt
3000 5746 3173 5804 instar
3215 5753 3359 5808 venti
3406 5761 3491 5811 tc-
