4108 6376
546 410 654 468 903

549 523 698 577 nuis.
731 519 871 591 Ergo
891 517 1080 590 genuit
1116 516 1278 572 Pater
1307 516 1526 584 Filium,
1555 532 1666 572 non
1696 532 1794 588 per
1827 517 2127 573 sectionem

556 623 654 671 aut
687 614 916 678 lluxum,
953 629 1061 667 non
1094 627 1189 684 per
1228 620 1500 667 tumorem
1535 612 1621 666 vel
1663 612 2127 677 contractionem,

549 709 643 761 sed
687 707 1047 776 incorporeus
1105 705 1379 761 exsistens
1438 706 1824 774 incorporeum
1887 703 2129 760 Verbum

549 796 795 865 ejusdem
855 797 1207 860 substantim,
1254 793 1398 865 quod
1451 801 1507 848 et
1555 794 1710 849 audit
1760 803 1816 849 et
1863 793 2126 864 loquitur.

549 883 686 939 Vani
728 887 893 956 igitur
925 887 1006 940 illi
1035 895 1090 941 et
1123 887 1472 955 insipientes,
1508 885 1602 956 qui
1653 901 1780 940 cum
1824 885 2129 956 ignominia

548 973 824 1028 honorant
850 972 1091 1043 Patrem,
1129 991 1198 1030 ne
1225 975 1465 1030 audeant
1488 982 1733 1030 creatum
1764 975 2126 1045 pronuntiare

546 1062 771 1119 Filium.
807 1065 864 1120 Si
895 1067 1065 1130 enim,
1101 1076 1162 1120 ut
1197 1067 1374 1131 aiunt,
1405 1061 1563 1119 Pater
1595 1081 1869 1137 generans
1896 1067 2126 1136 patitur,

546 1156 708 1210 etiam
741 1172 844 1226 ego
869 1166 1147 1212 creantem
1193 1157 1408 1228 fatigari
1434 1157 1582 1214 dico.
1630 1156 1785 1212 Unde
1829 1158 2000 1228 igitur
2040 1172 2131 1212 or-

545 1257 662 1300 tum
694 1246 944 1302 dicemus
974 1247 1196 1310 Filium,
1238 1264 1306 1302 ne
1340 1246 1556 1302 Patrem
1596 1257 1689 1302 aut
1732 1251 1867 1319 pati,
1913 1257 2008 1302 aut
2057 1247 2133 1302 fa-

548 1341 708 1409 tigari
751 1341 1067 1410 blaspheme
1095 1342 1444 1396 statuamus?
1477 1342 1635 1395 Absit
1679 1331 1847 1411 igitur
1881 1355 1912 1394 a
1953 1349 2027 1404 te,
2073 1348 2133 1394 ut

1643 404 1698 459 S.
1721 403 2026 458 CESARII
2062 401 2393 461 GREGORII
2430 404 2734 460 FRATIIIS

3703 401 3810 458 9οί

2233 521 2623 593 φθεγγόμενον.
2673 523 2735 576 Οί
2768 515 2860 574 οὖν
2887 521 3096 592 ἀτίμως
3129 521 3396 592 τιμῶντες
3425 519 3517 575 τὸν
3547 521 3805 588 Πατέρα,

2232 614 2592 668 είκαιὸὅουλοι
2639 614 2734 668 καὶ
2769 614 3196 686 ματαιόφρονες,
3242 613 3459 667 κτιστδν
3507 611 3583 683 μὴ
3608 608 3813 681 τολμά-

2231 722 2413 758 τωσαν
2455 707 2778 774 ἀποφαίνειν
2829 706 2919 760 τὸν
2968 707 3118 761 Υἱόν.
3164 707 3231 760 Et
3263 706 3396 778 γὰρ,
3444 703 3628 767 καθώς
3657 719 3809 773 φησι,

2231 796 2506 865 γεννῶντα
2533 796 2764 867 πάσχειν
2793 796 2884 850 τὸν
2910 797 3132 867 Πατέρα
3150 836 3166 860 ,
3200 796 3354 865 κάγώ
3385 811 3528 865 φημι
3557 793 3810 856 κτίζοντα

2233 889 2498 958 κάμνειν,
2550 888 2713 942 πόθεν
2753 887 2996 958 δώσομεν
3035 887 3124 942 τὸν
3162 888 3311 948 Υἱὸν,
3349 888 3437 941 ἵνα
3471 886 3547 957 μὴ
3573 886 3665 939 τὸν
3693 885 3811 938 Πα-

2231 974 2365 1045 τέρα
2391 977 2672 1045 πάσχοντα
2695 976 2728 1046 ἢ
2754 976 3030 1047 κάμνοντα
3054 976 3567 1047 βλασφημήσωμεν;
3598 977 3816 1040 ’Ἄπαγε

2233 1066 2411 1118 τοίνυν
2461 1067 2657 1118 σαυτὸν
2678 1106 2692 1129 ,
2745 1066 2957 1136 ἀτίμως
2998 1066 3060 1119 τὺ
3091 1065 3244 1120 Θεῐον
3269 1065 3574 1137 γεραίρωνί
3615 1062 3674 1119 Ὀ
3704 1063 3814 1133 γὰρ

2237 1155 2330 1208 τὸν
2366 1156 2537 1208 Παίδα
2580 1155 2948 1226 βλασφημῶν,
2984 1155 3072 1209 τὸν
3101 1155 3321 1226 Πατέρα
3347 1153 3590 1217 λιθάζει,
3633 1151 3816 1214 καθὼς

2233 1247 2394 1309 αὐτὸς
2416 1248 2473 1300 ὲν
2495 1246 2846 1314 Εὑαγγελὶοις
2865 1247 3134 1320 θεηγορεί·
3161 1248 3214 1300 Ὀ
3226 1246 3311 1316 μὴ
3333 1246 3515 1316 τιμῶν
3529 1245 3636 1299 τὸν
3655 1245 3814 1307 Υἱὸν,

2254 1338 2399 1392 οὐδὲ
2422 1338 2530 1391 τὸν
2565 1340 2799 1407 Πατέρα
2830 1336 2986 1408 τιμᾷ.

548 1447 674 1488 cum
729 1437 834 1492 hac
895 1436 1198 1507 ignominia
1249 1435 1386 1490 velis
1465 1443 1720 1489 naturam
1794 1436 2036 1490 divinam
2078 1435 2374 1488 honorare.
2402 1431 2538 1487 Nam
2572 1433 2666 1504 qui
2697 1432 2897 1488 Filium
2938 1434 3303 1504 blasphemat,
3340 1433 3554 1488 Patrem
3588 1432 3815 1502 lapidat.

556 1527 1030 1595 Quemadmodum
1072 1531 1192 1600 ipse
1247 1529 1300 1582 in
1337 1528 1633 1598 Evangelio
1681 1537 1872 1585 sancte
1901 1528 2160 1600 pradicat
2189 1544 2208 1578 :
2242 1524 2347 1592 Qui
2384 1542 2493 1579 non
2521 1525 2749 1580 honorat
2778 1524 3003 1589 Filium,
3031 1542 3191 1596 neque
3226 1525 3446 1578 Patrem
3489 1524 3714 1579 honorat
3743 1523 3817 1582 ³³.

902 1640 1420 1697 INTERROGATIO
1479 1641 1773 1698 XXXVIII.

621 1752 732 1809 Sed
761 1753 1040 1824 quomodo
1071 1754 1260 1809 dicunt
1287 1755 1478 1826 aliqui,
1514 1755 1659 1825 quod
1693 1754 1994 1809 secundum
2022 1751 2132 1806 ele—

558 1848 795 1903 Ctionem
831 1855 882 1901 et
907 1848 1137 1917 gratiam
1169 1848 1422 1903 Christus
1459 1848 1530 1902 sit
1572 1847 1751 1902 factus
1792 1845 1884 1900 Dei
1922 1843 2136 1899 Filius?

550 1937 670 1991 Non
699 1939 842 1991 enim
880 1937 1058 2005 inquit
1107 1935 1292 2002 Pater,
1328 1935 1432 1990 llic
1468 1945 1546 1990 est
1587 1933 1764 1989 Filius
1803 1951 1950 1988 meus
1996 1933 2134 1988 dile-

548 2041 666 2083 ctus
694 2045 854 2098 quem
885 2029 1068 2098 genui,
1115 2029 1207 2102 sed
1255 2045 1357 2098 quo
1402 2027 1634 2082 delector
1667 2027 1735 2082 “.
1784 2025 1850 2080 Et
1876 2025 2048 2082 Isaias
2077 2026 2132 2080 in

548 2136 784 2193 persona
815 2120 909 2176 Dei
939 2129 992 2175 et
1026 2120 1206 2176 Patris
1235 2121 1302 2176 de
1323 2120 1546 2176 Christo
1579 2121 1757 2190 inquit
1778 2137 1792 2176 :
1811 2114 2000 2170 EcceF
2004 2116 2134 2173 ilius

548 2229 694 2267 meus
733 2229 882 2284 quem
914 2214 1068 2283 elegi,
1099 2213 1324 2268 dilectus
1361 2229 1507 2267 meus
1530 2229 1633 2282 quo
1683 2211 1982 2265 delectatur
2016 2209 2136 2262 uni-

549 2323 667 2360 mus
703 2322 846 2359 meus
875 2307 943 2358 ⁸⁵.
970 2307 1050 2360 Ad
1104 2305 1358 2360 eumdem
1413 2303 1635 2357 modum
1685 2312 1740 2359 et
1787 2302 2009 2358 Solomo
2045 2301 2134 2355 in-

546 2399 689 2468 quit,
725 2397 942 2452 Electus
974 2414 1001 2451 e
1038 2397 1216 2451 decem
1253 2395 1488 2450 millibus
1513 2395 1581 2450 ⁸⁸.

1186 2591 1492 2662 Responsio.

621 2700 692 2758 Ut
722 2701 958 2766 videtur,
991 2703 1194 2757 Ariana
1231 2705 1449 2759 laboras
1496 2702 1796 2768 dementia,
1835 2712 1996 2757 tanto
2036 2718 2133 2757 co-

551 2806 688 2849 natu
730 2794 996 2849 adversus
1033 2797 1321 2849 veritatem
1367 2795 1729 2850 contendens.
1773 2793 2134 2866 Ostendeigi-

550 2897 642 2941 tur
695 2886 902 2942 similes
936 2885 1182 2952 Christo,
1230 2901 1370 2956 quos
1419 2886 1582 2940 Pater
1619 2887 2023 2956 approbaverit,
2073 2893 2134 2940 ut

550 2979 832 3036 Christum
867 2980 1030 3050 elegit
1061 2980 1262 3033 solum.
1294 2977 1430 3032 Nam
1462 2979 1509 3034 si
1542 2978 1718 3036 Filius
1761 2987 1845 3034 est
1883 2981 2131 3048 unigeni—

553 3082 662 3138 ωε,
700 3087 810 3125 non
844 3072 1005 3124 habet
1045 3071 1269 3125 fratrem
1294 3079 1389 3124 aut
1428 3072 1716 3140 aequalem,
1774 3079 1869 3125 aut
1917 3071 2019 3126 sibi
2065 3087 2133 3126 ex

553 3165 807 3233 opposito
837 3163 1280 3232 respondentem.
1309 3162 1522 3216 Cecinit
1551 3162 1694 3215 enim
1748 3159 1816 3216 de
1863 3161 1984 3230 ipso
2034 3158 2138 3212 Da-

551 3256 708 3309 vides
737 3255 828 3309 ille
851 3253 1109 3307 divinus:
1149 3252 1278 3318 Quis
1329 3253 1720 3306 assimilabitur
1758 3250 2010 3314 Domino,
2052 3252 2137 3304 in—

554 3357 634 3399 ter
670 3345 811 3414 ﬁlios
841 3345 936 3400 Dei
959 3346 1003 3376 ⁵⁷
1029 3346 1051 3399 ?
1092 3347 1160 3400 Et
1188 3345 1447 3414 deinceps
1475 3363 1489 3399 :
1514 3343 1740 3414 Magnus
1767 3354 1814 3399 et
1836 3343 2134 3398 tremendus

553 3448 655 3502 est,
676 3454 838 3507 supra
873 3454 1051 3492 omnes
1080 3440 1166 3508 qui
1201 3446 1323 3492 sunt
1355 3438 1409 3490 in
1443 3438 1671 3490 circuitu
1699 3436 1865 3505 ipsius
1888 3435 1955 3488 ⁵⁸.
1991 3436 2136 3489 Tan-

551 3545 716 3600 quam
747 3544 909 3584 nemo
941 3531 1116 3599 possit
1157 3529 1462 3584 secundum
1512 3529 1745 3599 gratiam
1792 3534 1888 3581 aut
1935 3542 2136 3584 secun-

552 3621 684 3674 dum
729 3620 1036 3689 profectum
1082 3620 1324 3674 conferri
1379 3617 1486 3672 Deo
1535 3616 1730 3680 Verbo,
1781 3617 1876 3687 qui
1911 3624 2136 3686 pr0pter

553 3713 812 3768 mortales
859 3713 1136 3768 hominem
1185 3710 1523 3779 assumpsit,
1577 3718 1631 3762 et
1678 3709 1875 3763 merito
1924 3709 2135 3763 electus

551 3813 658 3858 est.
683 3803 821 3859 Cum
861 3805 1008 3860 enim
1060 3803 1308 3874 plurima:
1349 3810 1421 3856 'et
1484 3800 1912 3855 innumerabiles
1951 3810 2136 3854 essent

553 3894 811 3948 mulieres
836 3895 1017 3948 adhuc
1045 3894 1397 3961 incorruptae,
1441 3892 1615 3945 solam
1642 3899 1826 3945 tamen
1857 3905 1923 3945 ex
1956 3889 2136 3944 omni-

553 3985 658 4042 bus
684 3985 876 4055 sclegit
905 3983 1157 4050 Mariam,
1187 3984 1239 4038 in
1270 3985 1388 4054 ipsa
1430 3980 1778 4037 inell‘ahiliter
1806 3980 2004 4036 uniens
2026 3980 2133 4036 sibi

555 4085 611 4130 et
652 4078 919 4146 copulans
948 4086 1200 4130 naturam
1233 4083 1507 4136 nostram,
1545 4071 2006 4142 quemadmodum
2045 4071 2133 4126 di-

555 4168 719 4222 vinus
751 4168 842 4222 ille
880 4175 1032 4222 vates
1071 4167 1253 4236 inquit
1290 4183 1304 4218 :
1363 4162 1536 4234 Elegit
1594 4162 1741 4217 nobis
1772 4161 2132 4216 hazreditatem

553 4257 655 4310 sibi
675 4257 1118 4325 pulchritudinem
1148 4253 1358 4318 Jacobi,
1378 4269 1537 4324 quam
1563 4251 1751 4305 dilexit
1770 4251 1814 4284 ⁸⁹
1854 4268 1866 4303 :
1902 4249 2130 4304 Mariam

554 4355 817 4416 perpetuo
847 4354 1157 4400 manentem
1179 4346 1446 4415 virginem
1481 4343 1819 4414 signiﬁcans,
1839 4357 1960 4412 quae
1988 4358 2130 4396 nun-

555 4453 716 4506 quam
759 4437 825 4491 ad
853 4437 1224 4508 generandum
1276 4451 1570 4505 progressa
1606 4435 1803 4498 fuerat,
1842 4443 1935 4488 aut
1960 4434 2126 4488 letum

556 4534 612 4585 in
665 4540 822 4585 utero
868 4537 1118 4584 materno
1175 4539 1526 4598 conceperat.
1583 4528 1884 4598 Amplexus
1943 4535 2127 4581 autem

553 4625 716 4680 Pater
745 4639 864 4680 eam
895 4638 1017 4693 quae
1053 4638 1120 4677 ex
1152 4623 1271 4692 ipsa
1297 4629 1441 4686 erat,
1473 4622 1911 4675 incarnationem
1937 4618 2130 4682 Verbi,

553 4734 583 4770 e
613 4715 869 4785 supernis
910 4715 1177 4770 acclamat
1220 4731 1232 4766 :
1271 4711 1410 4766 Ecce
1455 4711 1634 4766 Filius
1687 4728 1830 4765 meus
1885 4711 2131 4774 dilectus,

550 4822 652 4877 quo
682 4805 914 4859 delector
947 4805 1015 4858 ⁶⁰,
1055 4804 1269 4870 Quibus
1298 4804 1356 4858 in
1398 4802 1579 4858 verbis
1602 4802 1855 4871 intelligit
1909 4801 2132 4854 unicum

552 4901 708 4954 illum
735 4915 802 4954 ex
834 4915 894 4954 se
936 4907 990 4952 et
1029 4914 1095 4952 ex
1145 4904 1408 4967 perpetua
1468 4896 1683 4965 virgine
1736 4901 1928 4947 natum
1973 4891 2131 4946 nobis

554 4988 750 5044 Filium
791 4988 982 5051 Deum,
1015 4987 1120 5043 sibi
1147 4998 1199 5041 et
1230 4986 1388 5041 nobis
1415 4983 1941 5039 consubstantialem
1966 5023 1980 5048 ,
2016 4982 2122 5051 ipsi

2817 1639 3068 1692 ΠΕΥΣῙΣ
3103 1641 3236 1695 AH'.

2306 1752 2416 1805 Kal.
2442 1751 2559 1816 πῶς
2601 1752 2744 1816 τινές
2788 1770 2948 1822 φασι,
2979 1755 3099 1808 κατ’
3145 1753 3374 1825 ἐκλογὴν
3407 1754 3501 1808 καὶ
3530 1754 3694 1825 χάριν
3718 1755 3814 1807 τὸν

2235 1844 2467 1916 Χριστὸν
2496 1845 2764 1914 ’γενέσθαι
2809 1846 2937 1899 Υίὸν
2987 1846 3082 1900 τοῦ
3121 1845 3290 1913 Θεοῦ;
3350 1845 3426 1898 Οὐ
3471 1846 3580 1916 γὰρ
3610 1846 3757 1914 λέγει
3788 1849 3820 1900 6

2236 1939 2427 2010 Πατήρ
2450 1954 2463 1967 ·
2513 1934 2700 2004 Οὗτός
2728 1939 2900 1992 ἐστιν
2927 1942 2960 1992 ό
2999 1940 3133 2005 Υἱός
3163 1957 3283 2007 μου
3333 1942 3366 1992 ὀ
3405 1939 3711 2008 ἀγαπητὸς
3752 1938 3821 1992 ὃν

2235 2030 2538 2101 ἐγέννησα,
2587 2030 2724 2094 ἀλλ’,
2755 2031 2824 2084 ἐν
2862 2023 2911 2096 ᾧ
2940 2030 3277 2098 ηὐδόκησα.
3331 2030 3442 2083 Καὶ
3487 2031 3713 2093 Ἡσαΐας
3747 2033 3821 2084 ὲκ

2235 2121 2528 2188 προσώπου
2573 2122 2667 2176 τοῦ
2717 2122 2852 2175 Θεοῦ
2898 2123 2991 2175 καὶ
3037 2123 3279 2194 Πατέρος
3310 2121 3459 2190 λέγει
3508 2124 3635 2194 περὶ
3678 2125 3823 2195 Χρι-

2237 2210 2363 2263 στοῦ
2383 2227 2397 2242 ο
2433 2211 2587 2267 Ἰδοὺ
2621 2215 2653 2266 ό
2683 2211 2832 2278 Παῖς
2856 2230 2976 2281 μου
3003 2212 3077 2266 ὃν
3103 2212 3494 2281 ῄρετισάμην,
3524 2217 3557 2267 ό
3583 2213 3823 2282 drawn—

2234 2304 2338 2369 τός
2359 2321 2510 2372 μου,
2544 2307 2634 2371 εἰς
2674 2303 2746 2358 ὃν
2773 2305 3117 2378 ηὐδόκησεν
3143 2307 3182 2374 τ)
3211 2305 3381 2375 ψυχή
3399 2323 3540 2374 μου.
3577 2306 3820 2376 Ὁμοίως

2235 2393 2332 2445 καὶ
2387 2393 2639 2464 Σολομὼν
2695 2393 2870 2463 λέγει·
2938 2393 3472 2465 Ἐκλελογισμένος
3523 2395 3644 2449 ἀπὸ
3691 2413 3819 2464 μυ-

2225 2481 2368 2550 ριὰδ
2372 2499 2460 2546 ος.

2862 2593 3214 2661 Ἀπόκρισις.

2319 2702 2406 2766 Ὠς
2437 2701 2581 2755 ἔοικε
2626 2703 2726 2773 τῆς
2787 2703 2995 2775 Ἀρείου
3045 2705 3331 2777 παροινίας
3377 2706 3676 2778 ὑπάρχεις,
3725 2727 3820 2763 το-

2237 2794 2410 2867 σαύτῃ
2464 2794 2766 2866 φιλονεικίᾳ
2826 2798 2966 2850 κατὰ
3020 2798 3119 2868 τῆς
3185 2799 3444 2868 άτρεκίας
3509 2801 3812 2871 χρώμενος.

2236 2885 2418 2948 Δεῖξον
2449 2886 2629 2938 τοίνυν
2673 2888 2800 2950 τοὺς
2828 2887 3047 2958 ὁμοίους
3083 2889 3319 2958 Χριστοῦ
3340 2928 3354 2952 ,
3389 2889 3483 2954 οὓς
3513 2891 3819 2961 δοκιμάσας

2236 2977 2264 3028 6
2311 2977 2530 3048 Πατὴρ,
2578 2979 2814 3049 Χριστὸν
2860 2978 3141 3045 ἐξελέξατο
3172 2981 3350 3050 μόνον.
3398 2981 3462 3034 Εἰ
3505 2982 3615 3052 γὰρ
3656 2983 3816 3053 μόνος

2237 3067 2365 3130 Υἱὸς
2395 3069 2628 3139 ὑπάρχει
2678 3069 3004 3141 μονογενὴς,
3049 3071 3148 3124 οὐκ
3194 3071 3305 3142 ἔχει
3337 3072 3626 3144 άδελφὺνῆ
3669 3075 3819 3128 ἀντι·

2237 3156 2563 3224 παράθετον.
2602 3157 2942 3229 Ἐμελῴδησε
2971 3158 3081 3230 γὰρ
3105 3162 3232 3231 περὶ
3276 3161 3440 3214 αὐτοῦ
3470 3163 3636 3216 Δαδὶδ
3668 3165 3696 3216 6
3735 3163 3818 3215 θε-

2237 3247 2492 3311 σπέσιος·
2557 3250 2651 3314 Τίς
2698 3250 3122 3320 ὁμοιωθήσεται
3168 3251 3249 3318 τῷ
3292 3250 3512 3328 Κυρίῳ
3543 3255 3614 3307 ἐν
3665 3254 3816 3320 υἱοῖς

2240 3340 2423 3405 Θεοῦ;
2459 3341 2553 3393 καὶ
2594 3342 2713 3412 μεθ’
2750 3342 2945 3414 ἕτερα*
2979 3344 3181 3414 Μέγας
3207 3346 3307 3399 καὶ
3350 3348 3604 3416 φοϐερός
3647 3349 3818 3402 ἐστιν

2237 3428 2334 3481 ἐπὶ
2389 3429 2622 3498 πάντας
2662 3432 2804 3499 τοὺς
2842 3436 3182 3502 περικύκλῳ
3227 3438 3445 3491 αὑτοῦ·
3481 3439 3557 3502 ὡς
3589 3439 3818 3510 μηδενὸς

2237 3520 2349 3572 οἴου
2378 3538 2438 3574 τε
2477 3521 2628 3586 ὄντος
2659 3524 2754 3577 τοῦ
2803 3527 2942 3579 κατὰ
2973 3528 3132 3598 χάριν
3158 3527 3191 3598 ἢ
3220 3529 3504 3600 προκοπὴν
3533 3530 3819 3602 παραῦάλ-

2237 3610 2426 3665 λεσθαι
2453 3613 2532 3683 τῷ
2577 3614 2697 3685 Θεῷ
2736 3616 2928 3688 Λόγῳ,
2967 3617 3055 3671 διὰ
3091 3618 3310 3689 βροτοὺς
3351 3619 3679 3691 ἀνδρωθέντι
3723 3622 3818 3674 καὶ

2236 3705 2463 3769 εἰκότως
2514 3704 2842 3775 ὲκλεχθέντι.
2889 3709 3161 3763 Πλείστων
3186 3709 3294 3781 γὰρ
3323 3711 3688 3782 ὑπαρχουσῶν
3718 3731 3820 3783 μυ·

2240 3797 2437 3868 ριάδων
2463 3797 2742 3865 γυναικῶν
2779 3799 2857 3852 ἔτι
2891 3801 3162 3872 ἀφθὸρων,
3199 3803 3363 3873 μόνην
3394 3805 3458 3856 ὲκ
3481 3803 3676 3857 πασῶν
3697 3805 3822 3857 Μα-

2238 3889 2360 3958 ρίαν
2405 3891 2730 3962 ἀπέκρινεν,
2763 3894 2820 3944 ὲν
2858 3894 2994 3964 αὐτῇ
3045 3894 3339 3965 ἀφράστως
3384 3894 3593 3959 ένὼσας
3639 3896 3820 3964 ἐαυτῷ

2235 3980 2329 4032 καὶ
2380 3981 2694 4050 συμπλέξας
2733 3981 2801 4035 τὰ
2837 3982 3114 4055 ἡμέτερα,
3165 3984 3348 4048 καθώς
3401 4003 3564 4055 φησιν
3597 3987 3628 4038 6
3675 3987 3823 4048 θεῖος

2234 4072 2513 4142 τραγῳδός
2535 4089 2548 4103 ο
2626 4073 2978 4137 Ἐξελὲξατο
3037 4075 3183 4144 ἡμῖν
3235 4075 3350 4144 τὴν
3409 4079 3825 4145 κληρονομίαν

2233 4163 2479 4226 ἑαυτοῦ,
2523 4162 2639 4231 τὴν
2691 4165 3003 4234 καλλονὴν
3067 4167 3279 4231 Ἰακὼϐ,
3323 4167 3403 4234 ἢν
3459 4167 3826 4236 ἠγάπησεν-ο

2233 4255 2332 4324 τὴν
2365 4255 2620 4308 ἀείπαιδα
2668 4257 2888 4328 Μαρίαν
2938 4257 3140 4328 δηλῶν,
3192 4259 3420 4329 μηδέπω
3472 4261 3552 4323 είς
3602 4260 3830 4328 γένεσιν

2237 4346 2635 4417 παρελθοῦσαν,
2661 4349 2719 4401 ὲν
2737 4348 2890 4419 νηδύϊ
2919 4351 3127 4422 μητρὸς
3161 4350 3620 4421 καταδληθεῖσαν.
3655 4352 3833 4418 Ἁγά-

2240 4456 2399 4508 μενος
2420 4440 2464 4491 δ’
2487 4442 2514 4492 6
2547 4440 2737 4512 Πατὴρ
2770 4441 2868 4512 τὴν
2898 4442 2956 4508 ἐξ
2983 4443 3152 4513 αὐτῆς
3188 4442 3280 4495 τοῦ
3310 4444 3481 4511 Λόγου
3513 4445 3832 4514 σάρκωσιν,

2235 4531 2442 4583 ἄνωθεν
2486 4531 2701 4604 έπιὸοᾷ-
2747 4533 2894 4586 Ἰδοὺ
2923 4536 2956 4588 ό
2991 4535 3123 4600 Υἱός
3143 4552 3262 4603 μου
3303 4537 3335 4588 ὁ
3376 4535 3725 4602 ἀγαπητὸς,
3761 4539 3840 4591 ἐν

2232 4614 2281 4686 ᾧ
2309 4621 2636 4688 εὐδόκησα·
2659 4623 2753 4674 ἕνα
2779 4623 2871 4677 τὸν
2903 4625 3035 4696 παρ’
3066 4625 3230 4678 αὐτοῦ
3263 4627 3354 4678 καὶ
3383 4627 3480 4696 τῆς
3509 4628 3840 4692 Ἀεξπαιδος

2232 4712 2513 4783 γνωρίζων
2527 4715 2658 4784 ἡμῖν
2677 4715 2848 4767 Παῐδα
2861 4715 3168 4786 Θεὸν,αὐτῷ
3182 4718 3275 4770 καὶ
3299 4719 3428 4787 ἡμῖν
3442 4720 3843 4787 ὀμοούσιον,τὸ

2234 4806 2352 4873 μὲν,
2372 4805 2631 4876 θειότητι,
2658 4807 2756 4878 τῆς
2777 4807 2832 4861 δὲ
2857 4807 3057 4880 (ιι-12)
3076 4809 3166 4879 τῷ
3194 4810 3614 4880 προσλήμματι.
3660 4812 3842 4881 ὀμο-

2231 4895 2432 4968 θέωρος
2457 4897 2566 4967 γάρ
2595 4898 2811 4968 θνητοῖς
2834 4899 3120 4964 ἀθάνατος,
3155 4901 3495 4973 αὐθαιρέτως
3521 4903 3846 4972 γενόμενος

2232 4983 2443 5053 ἔμεινεν
2475 4986 2503 5038 ὃ
2524 4982 2612 5057 ἢν,
2639 4987 2914 5058 ὁρώμενος
2936 4989 3072 5060 ὅπερ
3098 4989 3237 5060 είμί.

551 5077 770 5148 quidem
802 5079 1105 5142 divinitate,
1138 5077 1294 5152 nobis
1334 5093 1463 5134 vero
1495 5081 1712 5131 ratione
1741 5076 1926 5129 carnis
1959 5084 2278 5145 assumptae.
2318 5075 2462 5131 Idem
2496 5079 2642 5132 enim
2676 5081 2820 5135 inter
2852 5079 3116 5136 mortales
3154 5095 3426 5152 apparens
3460 5081 3848 5155 immortalis,

552 5184 851 5247 spontanea
885 5176 1162 5230 voluntate
1188 5177 1392 5230 mansit
1419 5174 1565 5245 quod
1589 5182 1726 5238 erat,
1757 5187 1882 5228 cum
1922 5171 2340 5241 conspiceretur
2377 5175 2430 5228 id
2459 5189 2582 5230 esse
2605 5176 2752 5244 quod
2789 5191 2910 5231 sum
2939 5190 3064 5247 ego.

913 5284 1432 5341 INTERROGATIO
1503 5282 1748 5337 XXXIX.

619 5382 902 5448 Quomodo
925 5396 1055 5434 vero
1080 5378 1383 5434 secundum
1419 5376 1724 5446 profectum
1772 5382 1822 5430 et
1865 5374 2119 5428 dilectio-

550 5489 674 5526 nem
724 5472 1018 5541 Apostolus
1076 5470 1255 5538 ipsum
1292 5468 1590 5523 ostendens
1637 5466 1835 5520 Filium
1889 5464 2007 5530 Dei,
2057 5464 2126 5519 de

2812 5288 3060 5341 ΠΕΥΣῘΣ
3095 5286 3218 5340 ΛΘ⁹.

2305 5377 2416 5429 Καὶ
2447 5377 2563 5440 πῶς
2593 5379 2734 5432 κατὰ
2761 5379 3041 5450 προκοπὴν
3067 5379 3161 5432 καὶ
3191 5379 3470 5448 ἀγάπησιν
3495 5380 3523 5431 6
3562 5381 3858 5438 Ἀπὸστοο

2233 5467 2322 5529 λος
2353 5467 2566 5531 δεικνὺς
2593 5469 2754 5524 αὑτὸν
2784 5469 2911 5522 Υἱὸν
2958 5468 3054 5523 τοῦ
3093 5468 3229 5522 Θεοῦ
3251 5509 3266 5535 ,
3312 5470 3444 5541 περὶ
3475 5469 3574 5523 τοῦ
3610 5473 3861 5548 Ilua-pb;

619 5627 666 5659 ³³
693 5626 850 5681 Joan.
878 5642 932 5687 v,
960 5627 1050 5679 23.
1111 5625 1159 5657 ”
1191 5625 1380 5679 Matth.
1407 5643 1487 5690 III,
1515 5625 1601 5679 Π.
1677 5625 1723 5656 ⁸⁵
1753 5622 1858 5678 Isa.
1888 5639 2024 5690 χιιι,
2057 5625 2108 5677 l.

2256 5622 2410 5679 Cant.
2441 5639 2493 5690 v,
2525 5625 2612 5680 l0.
2689 5625 2734 5658 ⁵⁷
2761 5625 2904 5682 Psal.
2934 5641 3197 5690 LXXXVIII,
3227 5625 3280 5680 7.
3319 5626 3367 5658 "
3397 5624 3536 5681 ibid.
3597 5629 3644 5661 ³⁹
3681 5626 3862 5687 Psal.

551 5711 702 5762 XLVI,
739 5699 789 5750 5.
868 5697 912 5727 ⁸ο
944 5697 1133 5750 Matth.
1162 5713 1244 5761 III,
1280 5697 1369 5750 17.

623 5854 826 5926 (ιι-ιιι)
864 5856 929 5908 Τὸ
954 5855 1086 5924 μὲν.
1113 5897 1125 5910 .
1149 5899 1160 5911 .

1199 5853 1306 5922 τῆς
1336 5854 1420 5906 δέ.
1459 5853 1654 5920 Forte,
1692 5853 1770 5923 τῷ
1814 5852 1931 5924 μὲν.
1959 5889 1974 5904 .
2001 5895 2008 5903 .
2042 5854 2152 5916 τοῖς
2175 5851 2250 5906 δέ.
2298 5852 2455 5907 Enn.
