4108 6376
331 377 441 435 905

331 492 480 559 λέγει
500 531 514 547 .
570 495 675 559 Ὃς
713 494 1009 564 ὲρῤύσατο
1053 499 1212 569 ἡμᾶς
1246 501 1315 555 ἐκ
1350 500 1463 571 τῆς
1490 503 1777 573 ἐξουσίας
1802 510 1909 563 τοῦ

330 590 557 641 σκότου
577 625 591 647 .
637 586 736 639 καὶ
771 588 1150 657 μετέστησεν
1176 596 1263 658 είς
1300 595 1417 664 τὴν
1446 597 1779 661 βασιλείαν
1804 602 1909 655 τοῦ

329 678 463 732 Υἱοῦ
494 674 602 747 τῆς
626 679 861 748 ἀγάπης
882 682 1092 738 αὑτοῦ.

944 794 1305 864 Ἀπόκρισις.

405 868 553 929 Ἀλλ’
599 878 699 932 οὐκ
746 882 811 933 ἐκ
844 881 1048 936 τούτων
1083 885 1225 938 κατὰ
1257 889 1542 960 προκοπὴν
1592 890 1720 954 Υἱὸς
1771 891 1906 945 Θεοῦ

325 967 685 1039 δειχθήσεται.
732 972 991 1043 Ἐτέρωθι
1032 976 1139 1049 γὰρ
1166 980 1193 1031 6
1218 979 1379 1044 αὐτὸς
1410 982 1552 1052 ἱερὸς
1587 983 1907 1047 Ἀπόστολός

327 1077 520 1128 φησιν·
556 1062 684 1115 Ὅτι
721 1067 756 1116 ό
795 1068 939 1131 Θεὸς
986 1068 1305 1137 ἠγάπησεν
1336 1070 1492 1141 ἡμᾶς
1536 1074 1606 1126 ἐν
1641 1076 1900 1142 Χριστῷ*

328 1153 604 1221 σημαίνων
636 1155 855 1226 ἀγάπην
884 1158 976 1211 τοῦ
1004 1159 1138 1213 Θεοῦ
1164 1162 1257 1215 καὶ
1279 1164 1491 1234 Πατρὸς
1518 1165 1783 1235 ὑπάρχειν
1814 1167 1904 1220 τὸν

326 1246 574 1315 Χριστὸν,
602 1249 675 1309 ὡς
700 1251 791 1303 καὶ
809 1252 997 1321 σοφίαν
1019 1255 1111 1308 καὶ
1129 1255 1376 1328 δύναμιν.
1398 1260 1608 1330 Ἀγάπη
1632 1256 1723 1313 οὖν
1747 1262 1773 1313 6
1792 1264 1903 1315 Ila.

322 1336 445 1407 τὴρ,
477 1339 678 1408 ὁμοίως
710 1343 804 1395 καὶ
831 1345 859 1396 6
883 1343 1039 1407 Υἱός·
1073 1346 1147 1410 ὼς
1184 1350 1302 1416 φῶς
1325 1351 1388 1401 ὲκ
1420 1352 1615 1418 φωτὸς,
1654 1355 1746 1405 καὶ
1771 1353 1902 1417 Θεὸς

322 1427 385 1479 ἐκ
416 1428 570 1487 Θεοῦ,
606 1432 700 1483 καὶ
726 1432 914 1504 ἀγάπη
942 1436 999 1501 ἐξ
1025 1438 1262 1508 ἀγάπης.
1302 1440 1355 1492 Ὁ
1395 1443 1538 1506 Θεὸς
1564 1443 1673 1514 γὰρ
1700 1443 1899 1512 ἀγάπη

320 1517 476 1582 ἐστὶ,
511 1520 675 1589 φησὶν
705 1523 732 1573 6
773 1523 1045 1588 Ἰωάννης.
1086 1528 1494 1583 Παυσάσθωσαν
1522 1532 1698 1584 τοίνυν
1721 1536 1768 1585 οἱ
1802 1534 1899 1602 τῆς

335 1607 539 1675 Ἀρείου
570 1610 798 1678 μανίας,
852 1615 1058 1685 κτίσμα
1101 1618 1190 1669 τὸν
1233 1621 1458 1691 κτίστην
1490 1623 1725 1693 οἰόμενοι
1745 1664 1758 1688 ,
1784 1622 1897 1676 οὗθ’

319 1696 511 1768 ἐτέρας
559 1700 667 1751 τῶν
707 1702 994 1774 Διαθηκῶν
1042 1706 1200 1759 τοῦτο
1248 1707 1595 1781 βουλομένης.
1644 1712 1897 1783 Τέσσαρα

320 1791 448 1860 ἡμῖν
489 1793 723 1863 ὑπάρχει
772 1797 1113 1865 Εὑαγγὲλια,
1153 1800 1462 1867 κεφαλαίων
1484 1803 1667 1871 χιλίων
1701 1805 1893 1857 ἑκατὸν

317 1881 575 1953 ἑξήκοντα
596 1886 689 1938 δύο
713 1905 722 1915 ·
752 1888 842 1940 καὶ
868 1891 961 1941 ἀπ’
985 1892 1152 1960 ἄκρου
1182 1893 1340 1962 μέχρι
1374 1895 1607 1965 πέρατος
1637 1900 1694 1949 ὲν
1714 1899 1893 1961 αὐτοῖς

318 1975 591 2048 θεηγορῶν
635 1981 663 2031 6
710 1980 838 2044 Υἱὸς
889 1985 1017 2053 περὶ
1063 1984 1157 2035 τοῦ
1212 1986 1454 2056 Πατρὸς,
1495 1990 1588 2041 καὶ
1631 1990 1659 2041 6
1708 1991 1895 2062 Πατὴρ

316 2069 442 2137 περὶ
487 2068 582 2121 τοῦ
630 2072 859 2135 Παιδὸς,
910 2073 1023 2125 οὗθ’
1081 2074 1266 2145 ἔτερος
1323 2078 1503 2130 αὐτῶν
1560 2097 1757 2149 φησιν,
1814 2083 1894 2134 ὅτι

319 2157 549 2210 Ἕκτισα
594 2160 818 2231 ἐμαυτῷ
864 2162 1021 2228 Υὶὸν,
1055 2165 1089 2233 ἣ
1118 2159 1184 2215 αὖ
1220 2165 1411 2233 πάλιν,
1451 2169 1532 2221 ὅτι
1567 2171 1785 2223 Ἔκτισὲ
1827 2189 1893 2241 με

312 2253 339 2303 6
370 2253 579 2323 Πατήρ.

912 2348 1159 2404 ΠΕΥΣΙΣ
1201 2354 1289 2405 Μ’.

383 2435 447 2487 Τί
492 2432 584 2489 οὖν
614 2438 855 2507 νομίζεις
886 2442 983 2511 τὴν
1016 2444 1286 2513 Παρθένον
1311 2446 1530 2515 Μαρίαν
1550 2488 1564 2510 ,
1607 2448 1829 2518 κτιστὴν
1856 2450 1888 2519 ἢ

310 2529 597 2595 ἄκτιστονς
635 2533 816 2586 καὶτὸ
847 2533 905 2597 ἐξ
943 2536 1113 2606 αὐτῆς
1147 2536 1304 2607 σῶμα
1335 2539 1429 2591 τοῦ
1474 2540 1749 2609 Χριστοῦ,
1797 2546 1892 2595 καὶ

310 2624 427 2687 πῶς
465 2629 788 2693 προσκυνεῖς
817 2627 893 2697 τῷ
926 2628 1179 2698 Χριστῷ;
1216 2630 1276 2682 Εἰ
1306 2630 1414 2701 γὰρ
1450 2632 1665 2684 κτιστὸν
1694 2634 1854 2704 εἴπῃς
1874 2675 1886 2697 ,

306 2718 444 2788 ὅπερ
478 2720 625 2771 πᾶσα
651 2720 868 2785 πάντως
894 2722 1128 2790 ἀνάγκη,
1158 2722 1395 2791 δηλονότι
1432 2723 1690 2794 κτίσματι
1722 2742 1890 2797 προσ-

309 2810 520 2870 κυνεῖς·
556 2811 604 2862 εί
651 2809 707 2862 δὲ
756 2809 830 2881 μὴ
880 2816 1238 2881 προσκυνεῖς,
1292 2814 1428 2884 ἀρνῇ
1475 2816 1565 2867 τὸν
1622 2816 1748 2869 Υἰὸν
1796 2817 1888 2870 τοῦ

305 2902 461 2952 Θεοῦ.
513 2902 587 2953 Οὐ
636 2902 832 2973 γράφω
876 2903 1137 2972 Θεότητος
1190 2904 1390 2958 τύπον’
1440 2907 1587 2977 ἁπλῆ
1637 2908 1746 2980 γὰρ
1796 2911 1891 2963 καὶ

304 2993 532 3061 ἀόρατος
566 2993 660 3045 καὶ
698 2994 934 3057 ἀνείδεός
968 2997 1082 3047 ἐστι
1104 3014 1115 3026 ·
1154 2997 1254 3065 τῆς
1292 2998 1494 3067 σαρκὸς
1518 2999 1574 3051 δὲ
1606 2999 1696 3053 τὸν
1718 3000 1887 3055 τύπον

306 3082 566 3151 ἱστορῶν,
621 3084 912 3154 προσκυνῶ
966 3085 1260 3156 θεοπρεπεί
1308 3088 1396 3141 διὰ
1445 3089 1544 3158 τὴν
1594 3090 1711 3143 καθ’
1753 3092 1886 3144 ὑπό-

305 3191 491 3229 στασιν
516 3176 725 3231 ἕνωσιν.

914 3357 972 3411 Ἀ
985 3358 1279 3425 πόκρισις.

372 3443 456 3513 Νὴ
491 3443 587 3513 τὴν
621 3445 761 3517 ἐμὴν
803 3446 1026 3513 ὑγείαν,
1081 3450 1179 3519 οὑχ
1227 3451 1303 3514 ὡς
1354 3452 1610 3523 κτίσματι
1644 3474 1885 3526 προσκυ-

301 3537 450 3595 νῆσω
489 3536 709 3607 Χριστῷ
730 3577 744 3601 ,
791 3538 906 3591 ἀλλ’
937 3540 1013 3603 ὡς
1045 3541 1152 3595 τῶν
1182 3546 1497 3614 κτισμάτων
1535 3550 1765 3619 ποιητὴν
1793 3551 1885 3602 καὶ

297 3627 453 3682 Θεόν,
485 3629 694 3701 ’Ὠσπερ
720 3630 828 3702 γὰρ
858 3630 950 3684 τὸν
975 3633 1199 3703 βασιλέα
1224 3637 1320 3689 σὺν
1347 3639 1413 3707 τῇ
1439 3637 1717 3710 ἁλουργίδι
1739 3643 1884 3711 τιμῶ

300 3721 402 3789 μιᾷ
432 3724 827 3791 προσκυνήσει,
865 3725 923 3776 οὐ
958 3725 1208 3795 χωρίζων
1234 3727 1397 3781 αὑτὸν
1426 3730 1661 3800 ἐκείνης.
1700 3732 1769 3785 ἸΙ
1800 3751 1882 3786 σοι

295 3807 408 3883 ἆρα
439 3813 589 3867 δοκεῖ
614 3816 761 3886 ἐρεῖν
788 3816 865 3887 τῷ
895 3818 1158 3889 ἀνάκτορι
1177 3837 1191 3850 ·
1229 3822 1518 3892 Ἀνάστηθι
1541 3824 1631 3875 τοῦ
1669 3824 1878 3895 θρόνου,

296 3906 386 3960 ἴνα
430 3925 489 3960 σε
532 3912 932 3982 προσκυνήσω;
974 3912 1043 3984 ἢ,
1100 3914 1321 3977 Ἔξελθε
1367 3914 1458 3969 τοῦ
1491 3918 1657 3981 ναοῦ,
1703 3920 1787 3972 ἵνα
1820 3937 1880 3973 σε

295 3999 522 4069 ὑμνήσω
564 4000 733 4071 χωρὶς
771 4003 871 4073 τῆς
922 4003 1129 4073 ἀψύχου
1163 4004 1331 4076 om;
1370 4007 1432 4059 Et
1466 4002 1558 4060 οὖν
1588 4008 1659 4061 τά
1698 4011 1879 4081 ἄψυχα

292 4093 373 4163 τῷ
427 4093 655 4163 ἐμψύχῳ
705 4100 1207 4166 συμπροσκυνεῖται
1259 4100 1353 4151 καὶ
1410 4098 1480 4153 τά
1530 4101 1758 4171 εὑτελῆ,
1801 4102 1880 4174 τῷ

293 4186 475 4255 τάσης
522 4187 657 4255 ὁμοῦ
692 4189 791 4258 τῆς
843 4190 1071 4259 ὑφηλίου
1107 4191 1387 4265 Δεσπότῃ,
1444 4193 1672 4258 εἰκότως
1707 4196 1802 4248 καὶ
1849 4198 1878 4248 6

290 4275 468 4342 Λόγος
511 4277 606 4328 σὺν
644 4276 722 4347 τῷ
766 4278 878 4348 ναῷ
908 4280 1000 4332 τοῦ
1044 4282 1328 4351 σώματος.
1376 4284 1513 4354 ὅπερ
1560 4285 1725 4338 αὑτοῦ
1784 4289 1878 4341 καὶ

290 4367 588 4438 ἁλουργίδα
622 4372 766 4441 φημὶ
794 4373 887 4424 καὶ
920 4373 1122 4443 χιτῶνα
1152 4374 1244 4426 καὶ
1272 4373 1481 4448 θρόνον,
1512 4378 1609 4447 μιᾷ
1642 4395 1876 4447 προσκυ-

290 4460 445 4529 νήσει
481 4463 1008 4534 προσκυνηθήσεται.

873 4666 1121 4719 ΠΕΥΣΙΣ
1160 4670 1296 4721 MA’.

362 4751 472 4803 Καὶ
498 4754 545 4804 εί
572 4751 707 4816 Θεός
728 4755 845 4807 ὲστι
881 4759 1017 4822 μετά
1046 4756 1295 4827 σώματος
1317 4798 1331 4820 ,
1366 4757 1481 4821 πῶς
1509 4759 1669 4822 αὑτὸς
1691 4760 1871 4829 λέγει,

289 4843 444 4895 θεὸν
474 4843 673 4909 οὐδεὶς
699 4844 918 4912 ἑώρακε
944 4846 1178 4900 πώποτε
1198 4865 1216 4911 ;
1249 4850 1311 4901 Et
1332 4846 1423 4902 οὖν
1443 4850 1575 4914 Θεὸς
1600 4848 1668 4922 ἦν
1693 4892 1707 4917 ,
1741 4854 1876 4907 πάν-

280 4949 380 4997 τες
404 4936 454 4986 οἱ
494 4937 612 4987 κατ’
641 4938 816 4988 ὲκεῖνο
841 4938 1034 5007 καιροῦ
1068 4934 1205 4990 εἶδον
1229 4941 1412 4994 αὑτόν.

908 5130 1263 5200 Ἀπόκρισις.

356 5219 491 5288 Περὶ
539 5219 632 5272 τοῦ
676 5221 890 5293 Πατρός
921 5241 1086 5293 φησιν
1118 5226 1146 5275 6
1176 5223 1326 5291 Υἱὸς,
1373 5229 1456 5281 ὅτι
1492 5228 1641 5283 Θεὸν
1670 5230 1871 5296 οὐδεὶς

277 5310 506 5379 ἑώρακε
553 5315 809 5369 πώποτε.
862 5317 937 5367 Οὑ
970 5316 1079 5387 γὰρ
1106 5312 1249 5370 εἶπε’
1282 5318 1382 5371 Τὸν
1418 5320 1542 5373 Υἱὸν
1574 5322 1703 5375 Θεὸν
1742 5324 1871 5377 ὄντα

277 5400 455 5467 Λόγον
496 5402 589 5453 καὶ
616 5402 901 5473 ἄνθρωπον
938 5407 1260 5476 γενόμενον,
1305 5408 1479 5473 οὐδεὶς
1508 5411 1721 5481 ἑώρακε
1756 5414 1871 5467 πώ-

278 5508 436 5544 ποτε.
474 5490 625 5546 Εἶδον
651 5494 749 5564 μὲν
778 5499 1054 5568 προφῆται
1082 5501 1175 5554 καὶ
1205 5500 1494 5554 ἀπόστολοι
1517 5505 1610 5556 καὶ
1639 5504 1871 5568 ἕκαστος

275 5582 393 5633 τῶν
425 5582 650 5638 δικαίων
682 5586 837 5652 Θεὸν,
865 5589 978 5643 ἀλλ’
1007 5592 1183 5657 οὐδεὶς
1205 5594 1337 5647 καθὸ
1363 5594 1596 5666 ὑπάρχει
1619 5600 1683 5669 τῇ
1711 5598 1869 5667 φύσει

280 5672 415 5725 ἰδεῖν
438 5668 545 5736 οἷός
568 5693 646 5729 τε.
680 5678 812 5731 Οὑδὲ
835 5680 942 5752 γὰρ
967 5681 1083 5735 ἐστι
1109 5684 1271 5751 φύσις
1296 5685 1549 5756 χωροῦσα
1583 5668 1680 5758 τὴν
1707 5689 1829 5758 ὄψιν
1851 5708 1863 5720 ·

278 5765 499 5834 ἑκάστῳ
540 5767 595 5820 δὲ
633 5769 739 5823 τῶν
780 5772 945 5835 ἀξίων
990 5774 1273 5842 φαίνεται,
1300 5778 1400 5828 οὐκ
1432 5777 1561 5830 ἄνευ
1586 5780 1730 5843 τινὸς
1762 5799 1865 5833 πα-

358 5880 399 5910 “
435 5882 648 5937 Co’oss.
680 5896 718 5945 ι,
752 5885 837 5938 15.
919 5886 963 5917 ε’
991 5885 1032 5938 ll
1068 5885 1262 5941 Thess.
1296 5890 1455 5950 11,16.

614 5976 883 6039 [’ATBOL.
915 5977 1033 6037 Gn.
1074 5980 1187 6040 XX
1205 5980 1436 6043 XVIII.

1752 394 2100 455 DIALOGUS
2126 395 2166 451 l.

1535 5892 1579 5924 (⁵³
1610 5890 1769 5949 Joan.
1810 5912 1882 5965 iv,
1909 5897 1962 5954 8.

3479 411 3585 468 906

2011 508 2173 564 Patre
2208 509 2385 579 inquit
2414 528 2428 565 :
2464 510 2569 578 Qui
2588 514 2782 584 eripuit
2810 534 2903 574 nos
2924 518 2989 574 ea:
3036 528 3294 591 potestate
3344 523 3587 579 tenebra-

2011 617 2150 665 rum,
2174 611 2223 655 et
2256 604 2527 657 transtulit
2550 607 2603 658 in
2627 625 2843 677 regnum
2872 610 3004 666 Filii
3044 614 3338 670 dilectionis
3367 632 3479 671 sum
3514 617 3581 671 “.

2640 802 2945 875 Responsio.

2082 886 2283 944 Verum
2317 906 2383 946 ex
2413 892 2501 948 bis
2531 909 2640 948 non
2668 898 2988 955 ostendetur
3013 918 3136 957 esse
3174 903 3353 973 ipsum
3387 919 3584 960 secun-

2008 978 2137 1033 dum
2164 981 2469 1050 profectum
2498 984 2697 1041 Filium
2736 990 2849 1045 Dei.
2874 993 3019 1047 Alibi
3057 996 3201 1048 enim
3232 996 3374 1050 idem
3405 998 3584 1068 inquit

2007 1071 2326 1140 Apostolus,
2363 1074 2631 1140 Quoniam
2661 1078 2795 1132 Deus
2832 1082 3016 1136 dilexit
3056 1102 3150 1139 nos
3180 1087 3232 1139 in
3267 1085 3479 1142 Christo
3496 1088 3580 1155 ⁸⁸,

2007 1162 2325 1231 signiﬁcans
2357 1166 2704 1223 dilectionem
2740 1171 2829 1227 Dei
2859 1183 2910 1228 et
2933 1174 3107 1230 Patris
3134 1192 3257 1233 esse
3274 1179 3576 1245 Christum,

2005 1257 2464 1321 quemadmodum
2498 1268 2549 1314 et
2583 1262 2907 1331 sapientiam
2949 1274 3002 1319 et
3036 1268 3316 1325 virtutem.
3352 1270 3581 1327 Dilectio

2005 1342 2171 1411 igitur
2195 1357 2279 1400 est
2306 1345 2486 1412 Pater,
2539 1353 2793 1408 similiter
2844 1363 2897 1410 et
2942 1356 3135 1422 Filius,
3183 1369 3242 1413 ut
3284 1362 3465 1418 lumen
3511 1379 3580 1418 ex

2004 1433 2229 1496 lumine.
2264 1448 2317 1492 et
2345 1439 2485 1495 Deus
2514 1458 2580 1496 ex
2618 1442 2761 1512 Deo;
2788 1455 2840 1500 et
2890 1448 3111 1504 dilectio
3149 1466 3217 1505 ex
3260 1453 3572 1509 dilectione.

2000 1524 2135 1579 Nam
2162 1528 2301 1582 Deus
2327 1541 2404 1585 est
2450 1533 2663 1590 dilectio
2700 1538 2765 1600 ⁸³,
2816 1540 2994 1610 inquit
3042 1540 3300 1599 Joannes.
3348 1545 3581 1602 Cessent

2002 1618 2170 1687 igitur
2216 1623 2435 1679 Arianae
2481 1629 2720 1684 vesania:
2760 1640 3084 1701 sectatores,
3126 1638 3219 1705 qui
3266 1650 3575 1694 creaturam

2001 1718 2305 1765 creatorem
2347 1724 2564 1782 putant,
2627 1728 2825 1773 neutro
2865 1720 3343 1779 Testamentorum
3395 1726 3450 1779 id
3492 1743 3581 1781 vo-

2006 1800 2170 1855 lente.
2194 1801 2439 1868 Quatuor
2473 1808 2630 1863 nobis
2668 1821 2796 1864 sunt
2843 1811 3157 1885 Evangelia,
3207 1817 3385 1886 capita
3428 1818 3579 1874 mille

2003 1900 2223 1946 centum
2258 1901 2539 1966 sexaginta
2572 1900 2710 1967 duo;
2739 1910 2792 1957 et
2819 1905 2885 1958 ab
2917 1906 3075 1959 initio
3108 1908 3173 1961 ad
3204 1907 3367 1964 linem
3403 1927 3577 1980 usque

2000 1981 2053 2035 in
2084 1984 2218 2053 ipsis
2244 1987 2515 2046 divinitus
2540 1992 2701 2046 tradit
2740 1994 3047 2050 doctrinam
3085 1996 3254 2055 Filius
3288 2001 3355 2056 de
3392 2001 3573 2066 Patre,

1998 2082 2051 2128 et
2081 2074 2242 2131 Pater
2270 2079 2337 2133 de
2367 2081 2527 2145 Filio,
2562 2091 2614 2137 et
2646 2092 2827 2141 tamen
2862 2099 3057 2143 neuter
3099 2090 3346 2159 ipsorum
3378 2095 3571 2163 inquit,

1998 2165 2189 2221 Creavi
2226 2170 2356 2225 mibi
2400 2171 2628 2239 Filium,
2671 2185 2765 2231 aut
2819 2179 2937 2234 vice
3000 2196 3182 2248 versa,
3231 2185 3447 2241 Crcavit
3489 2205 3575 2245 me

1997 2257 2175 2314 Pater.

2445 2356 2964 2419 INTERROGATIO
3002 2364 3115 2420 XL.

2067 2441 2209 2508 Quid
2241 2445 2411 2517 igitur
2445 2453 2645 2507 statuis
2665 2451 2732 2508 de
2764 2452 2985 2525 Virgine
3024 2457 3232 2515 Maria?
3258 2477 3388 2516 num
3418 2479 3571 2519 crea-

1997 2539 2126 2599 tam,
2151 2549 2220 2587 an
2252 2536 2571 2605 increatam,
2608 2548 2663 2595 et
2691 2545 2837 2612 quod
2867 2560 2933 2599 ex
2963 2560 3027 2601 ea
3048 2556 3135 2603 est
3161 2564 3363 2622 corpus
3402 2552 3567 2608 Chri-

1994 2626 2064 2678 sti
2097 2625 2120 2678 ?
2153 2626 2217 2679 Et
2252 2631 2528 2697 quomodo
2552 2630 2833 2689 Christum
2864 2635 3064 2693 adoras
3083 2638 3270 2694 ?.Nam
3299 2642 3342 2697 si
3390 2642 3571 2712 ipsum

1995 2726 2241 2772 creatum
2277 2720 2506 2789 dixeris,
2535 2724 2588 2778 id
2646 2727 2795 2796 quod
2849 2732 3076 2784 omnino
3127 2748 3415 2789 necessum
3463 2747 3569 2801 est,

1994 2815 2306 2863 creaturam
2335 2811 2591 2869 videlicet
2622 2817 2861 2886 aliquam
2904 2820 3124 2876 adoras.
3182 2823 3241 2877 Si
3296 2841 3424 2880 vero
3462 2842 3572 2882 non

1995 2898 2215 2961 adoras,
2257 2916 2425 2972 negas
2449 2903 2648 2960 Filium
2697 2906 2814 2962 Dei.
2865 2908 2985 2964 Non
3024 2912 3280 2971 describo
3321 2918 3574 2973 divinita-

1995 2996 2101 3043 tem
2132 2993 2433 3047 secnndum
2476 2995 2732 3055 formam.
2784 2999 3027 3071 Simplex
3064 3006 3350 3074 euimest,
3378 3018 3435 3065 et
3484 3013 3572 3067 in-

1991 3086 2364 3151 aspectabilis,
2383 3098 2436 3141 et
2454 3087 2626 3143 forma
2655 3106 2871 3147 carens.
2897 3094 3093 3152 Carnis
3125 3107 3308 3155 autem
3338 3104 3571 3160 formam

1992 3174 2236 3239 intuens,
2275 3178 2443 3232 adoro
2468 3178 2663 3242 Deum.
2700 3192 2757 3236 ut
2793 3199 2891 3253 par
2929 3195 3031 3253 est,
3066 3199 3288 3261 propter
3309 3209 3431 3249 eam
3450 3212 3571 3267 quae

1992 3266 2294 3321 secundum
2328 3269 2667 3340 liypostasim
2707 3284 2810 3339 est,
2850 3279 3129 3336 unionem.

2637 3365 2944 3436 Responsio.

2059 3447 2164 3503 Per
2229 3467 2402 3505 meam
2458 3463 2607 3509 certe
2659 3458 2914 3527 salutem,
2977 3479 3086 3518 non
3149 3473 3209 3520 ut
3258 3477 3568 3527 creaturam

1990 3540 2159 3594 adoro
2208 3542 2511 3609 Christum,
2557 3548 2652 3601 sed
2693 3558 2752 3603 ut
2803 3560 3185 3610 creaturarum
3228 3561 3479 3630 opiﬁcem
3513 3573 3568 3620 et

1991 3630 2184 3687 Deum.
2216 3633 2688 3699 Quemadmodum
2722 3657 2901 3712 regem
2938 3660 3061 3699 cum
3095 3663 3333 3719 purpura
3358 3652 3568 3712 honoro

1988 3739 2096 3777 una
2134 3731 2189 3780 et
2213 3727 2404 3781 eadem
2431 3733 2804 3798 veneratione,
2836 3736 3016 3805 ipsum
3050 3740 3118 3794 ab
3150 3741 3239 3794 illa
3268 3758 3374 3797 non
3405 3761 3567 3817 sepa-

1986 3828 2136 3866 rans.
2170 3812 2387 3885 Alioqui
2450 3833 2580 3872 num
2638 3816 2734 3875 tibi
2786 3823 3003 3878 videtur
3051 3827 3119 3880 ad
3179 3812 3564 3899 imperator—em

1988 3904 2280 3959 dicendum
2312 3921 2434 3962 esse
2471 3950 2484 3962 .
2528 3907 2705 3981 Surge
2750 3912 2817 3967 de
2850 3915 3049 3971 throno
3085 3926 3198 3985 tuo,
3242 3928 3303 3975 ut
3344 3924 3566 3981 adorem

1988 3996 2071 4049 te?
2099 4006 2211 4069 aut,
2239 3998 2511 4068 Egredere
2534 4018 2601 4057 ex
2630 4005 2859 4073 templo,
2885 4017 2945 4062 ut
2979 4018 3029 4063 te
3060 4012 3332 4069 celebrem
3358 4016 3568 4087 absque

1984 4090 2215 4143 materia
2253 4090 2585 4149 inanimata?
2618 4093 2674 4150 Si
2705 4111 2838 4168 ergo
2882 4113 2969 4156 res
3004 4102 3259 4160 inanima
3300 4122 3407 4162 una
3438 4126 3564 4165 cum

1985 4179 2247 4237 animatis
2278 4183 2598 4251 adorantur,
2651 4196 2707 4242 et
2750 4204 2841 4244 res
2883 4193 3109 4249 omnino
3150 4196 3335 4267 leves;
3366 4203 3565 4258 merito

1987 4269 2175 4337 utique
2197 4271 2379 4338 eteius
2393 4273 2487 4343 qui
2505 4276 2746 4330 omnium
2774 4278 2827 4332 in
2848 4281 3165 4337 universum
3179 4301 3301 4355 quae
3324 4290 3427 4344 sub
3448 4292 3564 4346 sole

1985 4370 2133 4421 sunt,
2163 4362 2427 4419 Dominus
2471 4372 2577 4427 est,
2610 4374 2664 4421 et
2705 4366 2944 4425 Verbum
2989 4373 3145 4439 illud,
3191 4392 3314 4431 cum
3360 4382 3564 4452 templo

1986 4453 2259 4520 corporis,
2290 4455 2438 4524 quod
2472 4454 2650 4526 ipsum
2691 4473 2991 4529 purpuram
3034 4464 3155 4533 ejus
3183 4484 3321 4525 voco
3343 4481 3396 4527 et
3419 4474 3562 4528 tuni-

1982 4557 2106 4597 cam
2135 4552 2189 4599 et
2210 4544 2430 4612 solium,
2457 4562 2565 4601 una
2598 4548 2919 4606 adoratione
2949 4552 3286 4614 adorabitur.

2424 4658 2941 4721 INTERROGATIO
2979 4668 3116 4727 XLI.

2049 4749 2217 4820 Atqui
2244 4752 2291 4805 si
2316 4750 2458 4807 Deus
2498 4760 2581 4808 est
2614 4770 2739 4808 cum
2781 4772 3033 4828 corpore,
3080 4765 3357 4833 quomodo
3384 4766 3561 4839 inquit

1980 4841 2118 4912 ipse,
2146 4842 2317 4897 Deum
2352 4860 2501 4897 nemo
2538 4846 2668 4899 vidit
2715 4866 2947 4920 unquam
2982 4855 3067 4908 “2
3106 4854 3383 4927 Siquidem
3416 4860 3559 4919 Deus

1979 4942 2119 4998 erat,
2148 4950 2337 4990 omnes
2362 4936 2456 5005 qui
2496 4952 2622 4991 cum
2658 4940 2752 4995 illo
2796 4944 2851 4997 id
2899 4949 3159 5017 temporis
3200 4949 3439 5018 fuerunt,
3474 4955 3559 5009 vi-

1982 5023 2181 5080 derunt
2212 5028 2410 5096 ipsum.

2618 5140 2925 5212 Responsio.

2048 5226 2124 5282 De
2154 5227 2313 5283 Patre
2360 5231 2608 5301 loquitur
2674 5233 2865 5303 Filius,
2917 5254 3040 5293 cum
3078 5242 3172 5309 ait,
3209 5243 3374 5298 Deum
3404 5262 3556 5300 nemo

1975 5319 2106 5373 vidit
2136 5338 2387 5391 unquam.
2422 5323 2541 5379 Non
2585 5327 2730 5381 enim
2782 5330 2986 5402 inquit:
3014 5333 3235 5402 Filium,
3286 5340 3377 5409 qui
3409 5338 3555 5396 Deus

1973 5421 2058 5465 est
2097 5410 2362 5478 Verbum,
2408 5424 2463 5470 et
2498 5416 2660 5473 homo
2694 5419 2895 5489 factus,
2927 5441 3087 5481 nemo
3121 5430 3255 5483 vidit
3289 5446 3551 5502 unquam.

1976 5502 2240 5559 Viderunt
2284 5506 2505 5576 quidem
2554 5513 2831 5581 propheta:
2876 5526 2929 5569 et
2982 5520 3215 5588 apostoli
3257 5530 3310 5576 et
3359 5538 3552 5579 omnes

1967 5595 2102 5665 justi
2136 5596 2343 5665 Deum;
2379 5616 2568 5655 verum
2606 5605 2792 5660 nullus
2826 5609 2972 5677 quod
3007 5618 3091 5666 est
3121 5621 3317 5669 natura
3345 5631 3442 5670 sua
3469 5616 3552 5671 vi-

1970 5687 2098 5743 dere
2126 5698 2324 5759 potest.
2355 5690 2475 5746 Non
2504 5694 2651 5747 enim
2697 5705 2781 5751 est
2823 5699 2931 5752 ulla
2959 5710 3155 5758 natura
3197 5722 3320 5776 qua:
3352 5708 3425 5763 sit
3454 5724 3550 5763 ca-

1974 5796 2077 5851 pax
2110 5785 2231 5851 ejus
2277 5792 2553 5853 aspectus.
2609 5789 2920 5864 Unicuique
2948 5811 3077 5851 vero
3107 5810 3335 5868 apparet
3359 5801 3548 5874 digno,

2042 5898 2087 5930 “
2112 5896 2270 5954 Joan.
2304 5914 2345 5967 ι,
2372 5900 2458 5958 18.

3147 6004 3228 6067 29
