4108 6376
580 378 686 436 907

1663 370 1722 427 S.
1751 369 2051 428 CAESARI!
2079 368 2409 429 GREGORII
2448 366 2752 423 FRATRlS

3764 360 3871 415 908

574 516 687 558 non
716 499 837 555 sine
865 497 1049 565 aliquo
1086 496 1394 551 velamento
1440 510 1541 566 pro
1582 510 1839 551 mensura
1886 495 2145 566 puritatis

2262 495 2673 567 ραπετάσματος
2707 491 2847 562 πρὸς
2895 488 2955 543 τὸ
3003 489 3202 560 μέτρον
3244 487 3347 558 τῆς
3394 483 3737 554 καθάρσεως
3770 482 3869 540 tv:

574 594 699 662 ejus
725 592 821 662 qui
843 591 895 647 ci
926 591 1223 644 ministrat.
1248 587 1399 643 Vidit
1437 589 1667 658 proinde
1708 588 1903 654 Johns,
1933 588 2028 643 sed
2062 603 2160 658 per

576 683 852 739 turbinem
900 690 955 737 et
1002 682 1198 737 nubes.
1232 680 1374 736 Ante
1414 682 1606 750 ipsum
1655 697 1785 735 vero
1812 681 2159 736 Abrahamus

576 789 676 846 per
721 774 973 844 angelum
1019 773 1355 842 loquentem.
1412 771 1563 826 Vidit
1611 771 1849 827 Jacohus
1876 783 1935 827 ut
1980 772 2158 828 homi-

576 880 702 921 nem
744 880 931 921 secum
961 865 1281 918 luctantem.
1331 862 1511 919 Moses
1558 863 1611 916 in
1656 862 1836 918 medio
1880 861 2155 932 caliginis.

574 954 845 1009 Similiter
873 965 929 1009 et
957 962 1156 1009 caetera
1189 962 1505 1008 sanctorum
1533 952 1693 1006 turba
1740 968 1837 1022 per
1867 952 2157 1021 andgmata

574 1054 633 1101 et
682 1047 1010 1101 velamenta.
1065 1042 1333 1099 Viderunt
1384 1054 1439 1098 et
1497 1045 1733 1113 apostoli
1787 1060 1883 1113 per
1933 1059 2157 1098 carnem

576 1138 853 1193 hominem
888 1137 1088 1191 factum
1125 1137 1293 1191 Deum
1340 1144 1395 1190 et
1449 1134 1709 1189 Verbum.
1760 1134 2027 1189 Eumdem
2068 1133 2159 1188 Fi-

576 1231 780 1284 iium'et
806 1228 896 1283 Dei
917 1236 973 1283 et
1000 1227 1236 1282 hominis
1260 1227 1641 1295 unusquisque
1672 1227 1847 1280 cernit
1880 1241 1979 1296 pro
2008 1242 2160 1280 men—

578 1335 704 1373 sura
732 1320 965 1389 propriae
998 1317 1217 1372 virtutis
1245 1326 1299 1371 et
1330 1316 1547 1371 roboris
1564 1316 1779 1381 animai,
1811 1317 1972 1371 sicuti
1997 1325 2160 1386 prout

577 1411 663 1465 vel
689 1409 859 1464 lucidi
889 1409 973 1464 vel
996 1408 1200 1463 turbati
1236 1418 1365 1463 sunt
1405 1410 1657 1479 corporis
1689 1409 1861 1469 oculi.
1909 1410 2000 1463 alii
2035 1409 2159 1479 qui-

568 1502 701 1557 dem
744 1502 837 1556 diu
873 1510 1105 1572 possunt
1147 1502 1318 1556 solem
1367 1501 1578 1555 directo
1628 1501 1851 1562 intueri,
1905 1502 1996 1555 alii
2030 1517 2158 1557 vero

578 1595 949 1658 imbecilliter,
997 1594 1144 1649 haud
1200 1592 1440 1649 ferentes
1496 1592 1765 1664 fulgorem
1818 1594 1944 1664 ejus
1997 1594 2158 1650 lumi-

578 1690 730 1744 naris
755 1703 930 1757 neque
955 1685 1235 1741 incursum
1266 1685 1569 1740 radiorum.

652 1779 909 1835 Videmus
951 1779 1097 1833 enim
1152 1793 1303 1833 mare
1350 1779 1420 1831 ah
1461 1779 1649 1848 aliquo
1697 1779 1900 1835 montis
1952 1781 2159 1836 vertice

576 1872 662 1926 vel
698 1873 857 1934 colle,
893 1878 949 1926 et
995 1885 1120 1923 cum
1170 1868 1405 1923 veritate
1468 1868 1705 1923 dicimus
1751 1885 1851 1924 nos
1897 1886 2050 1925 mare
2078 1872 2160 1924 vi-

577 1964 748 2025 disse,
819 1977 941 2017 cum
1013 1961 1359 2032 superficiem
1431 1961 1607 2031 pelagi
1666 1962 1862 2027 solam,
1930 1978 2160 2034 eamque

577 2062 789 2111 tantum
826 2053 1227 2122 particulariter
1257 2066 1571 2108 cernamus.
1623 2050 1746 2107 Non
1795 2053 1944 2109 enim
1975 2055 2048 2110 ab
2094 2070 2161 2109 eo

570 2145 724 2217 quod
783 2145 927 2215 apud
985 2161 1087 2201 nos
1127 2156 1231 2207 est,
1262 2145 1427 2216 plano
1455 2154 1802 2216 praaruptove
1838 2148 2045 2214 littore,
2104 2149 2160 2202 in

574 2251 697 2293 eam
723 2252 844 2308 quae
868 2252 899 2293 e
922 2238 1144 2308 regione
1173 2236 1425 2307 opposita
1470 2247 1575 2302 est,
1612 2240 1891 2308 speculam
1920 2242 2005 2294 vis
2034 2256 2162 2296 ocu-

575 2327 751 2383 lorum
803 2330 1113 2400 pertingere
1154 2337 1334 2399 potest
1380 2343 1716 2386 evanescens
1767 2329 1822 2383 in
1874 2345 2019 2385 aere.
2055 2330 2161 2387 Ne-

572 2436 685 2491 que
746 2420 874 2476 item
933 2420 1365 2491 profunditatem
1418 2421 1541 2489 ejus
1610 2423 1891 2493 imumque
1932 2422 2158 2479 fundum

575 2530 735 2570 mens
756 2514 1001 2571 invenire
1021 2525 1220 2586 potest.
1251 2512 1482 2583 Semper
1500 2514 1649 2570 enim
1687 2515 1756 2570 ab
1794 2530 1861 2570 eo
1888 2516 2032 2587 quod
2063 2533 2161 2586 pu-

574 2616 744 2670 tatur,
800 2606 951 2661 aliud
993 2607 1238 2662 animum
1288 2607 1456 2673 subit,
1498 2606 1648 2671 quod
1700 2610 1983 2664 contineat
2037 2610 2161 2680 ejus

575 2699 922 2764 eminentias,
955 2714 1026 2755 ne
1047 2697 1386 2754 diti‘undatur
1408 2704 1504 2751 aut
1522 2696 1764 2775 diﬂ‘luat;
1796 2710 2071 2772 quatenus
2104 2704 2161 2756 in

573 2792 905 2850 immensum
936 2793 1275 2857 extenditur,
1315 2794 1629 2850 intellectus
1659 2805 1869 2860 noster,
1899 2805 1959 2850 ut
1989 2811 2161 2867 appa-

577 2893 682 2950 ret,
714 2884 920 2940 delicit.
957 2884 1251 2942 Cernimus
1273 2893 1453 2940 autem
1495 2893 1550 2940 et
1595 2886 1794 2941 coelum
1822 2901 1931 2944 non
1969 2904 2161 2944 omnes

576 2975 858 3042 similiter,
890 2976 988 3032 sed
1032 2977 1269 3047 quisque
1309 2976 1612 3032 secundum
1654 2979 1802 3033 vires
1848 2981 2158 3035 oculorum.

578 3062 768 3133 Neque
803 3064 952 3119 enim
986 3080 1143 3120 mens
1192 3064 1261 3119 ad
1305 3067 1709 3121 extremitatem
1754 3070 2035 3141 pertingit,
2066 3087 2162 3125 ne-

581 3169 689 3224 que
716 3162 937 3225 propter
960 3154 1302 3210 resilientem
1334 3170 1369 3209 a
1409 3158 1572 3212 nobis
1614 3157 1764 3215 illius
1800 3158 2027 3215 fornicis
2062 3175 2154 3216 sc»-

581 3244 848 3299 liditaiem
874 3258 1101 3313 prorsus
1141 3246 1400 3302 accedere
1430 3255 1629 3318 potest.

654 3336 945 3393 Cernimus
971 3338 1140 3408 igitur
1171 3352 1235 3393 ea
1257 3354 1379 3409 quae
1416 3350 1548 3395 sunt
1578 3341 1635 3395 in
1666 3344 1855 3396 eadem
1880 3344 2161 3401 servitutis

579 3427 913 3491 conditione,
940 3442 1050 3483 non
1077 3430 1378 3484 secundum
1404 3430 1456 3485 id
1490 3433 1635 3501 quod
1671 3443 1820 3498 sunt,
1839 3434 1934 3489 sed
1959 3451 2157 3490 secun-

578 3522 709 3577 dum
734 3522 785 3577 id
814 3520 960 3593 quod
990 3524 1344 3593 percipimus.
1393 3527 1535 3581 Sunt
1567 3528 1714 3582 enim
1752 3530 1913 3585 nobis
1962 3547 2163 3603 propo-

578 3615 684 3670 sita
727 3621 842 3669 tum
898 3617 1251 3685 aspectabilia
1299 3626 1412 3673 tum
1456 3620 1908 3690 inaspectabilia;
1957 3632 2012 3678 et
2060 3625 2162 3680 ho—

577 3723 700 3762 rum
752 3707 898 3762 aliud
949 3708 1168 3777 quidem
1225 3725 1290 3764 ex
1344 3719 1522 3781 parte,
1575 3712 1722 3768 aliud
1777 3730 1910 3770 vero
1959 3723 2157 3773 totum.

575 3796 952 3854 Consimiliter
979 3809 1033 3854 et
1073 3798 1217 3857 Deus
1262 3809 1316 3856 et
1352 3805 1702 3873 aspectabilis
1747 3815 1802 3861 ct
1841 3808 2159 3880 inaspecta-

577 3891 704 3947 bilis
734 3900 820 3947 est
861 3891 1181 3949 hominibus
1230 3911 1245 3947 :
1300 3895 1435 3949 illud
1484 3897 1701 3967 quidem
1755 3899 1967 3956 ratione
2015 3903 2164 3956 vela-

576 3983 751 4038 menti
789 3985 1038 4054 corporis
1073 4000 1170 4055 per
1207 3985 1620 4051 demissionem,
1674 3989 1778 4045 hoc
1823 4007 1974 4059 vero,
1998 4002 2162 4047 natu-

577 4076 769 4130 raliter
796 4086 852 4131 et
885 4076 1274 4134 innnensitatis
1314 4080 1546 4136 ratione.
1576 4079 1698 4135 Non
1737 4084 1883 4138 enim
1922 4086 2161 4140 sustinet

576 4168 722 4237 ignis
755 4168 1220 4239 prepinquitatem
1245 4170 1447 4241 stipula
1477 4181 1531 4227 et
1564 4174 1740 4243 palea,
1782 4190 1907 4229 cum
1936 4177 2006 4231 ob
2056 4178 2162 4231 ari-

576 4258 802 4313 ditatem
826 4274 947 4315 mox
973 4261 1029 4314 in
1064 4271 1266 4316 terram
1295 4264 1664 4319 resolvantur.
1692 4264 1982 4322 Paululum
2011 4270 2158 4324 enim

576 4350 636 4404 in
661 4364 721 4404 se
740 4349 1081 4406 divinitatem
1112 4354 1325 4411 nudans
1349 4355 1630 4421 Christus,
1673 4359 1730 4412 in
1764 4368 1949 4415 monte
1980 4368 2163 4417 trans-

577 4442 927 4500 formationis
966 4446 1208 4501 versavit
1240 4447 1525 4503 columnas
1549 4447 1827 4506 Ecclesiae.
1855 4451 1989 4506 Nam
2013 4453 2160 4509 illico

572 4534 931 4605 .procidentes
974 4535 1173 4594 Petrus
1217 4546 1272 4593 et
1298 4536 1534 4595 Jacobus
1578 4548 1634 4595 et
1678 4539 1942 4610 Joannes,
1978 4544 2049 4599 ob
2089 4546 2154 4599 ti-

578 4642 789 4682 morem
840 4628 1189 4699 palpitantes,
1241 4632 1637 4700 propemodum
1686 4633 2159 4704 colliquescebant

580 4720 704 4789 igne
744 4720 1070 4775 divinitatis.
1124 4722 1205 4777 Ad
1254 4722 1307 4777 id
1345 4732 1526 4779 autem
1585 4740 1689 4779 nos
1737 4726 1946 4782 ducens
1998 4726 2159 4783 divus

574 4813 896 4881 Apostolus,
941 4820 1132 4883 aperte
1162 4815 1403 4869 clamat:
1450 4814 1526 4869 Ex
1579 4817 1956 4887 magnitudine
2004 4834 2159 4875 crea-

576 4912 826 4959 turarum
856 4913 916 4961 et
957 4905 1386 4976 pulchritudine,
1431 4909 1643 4963 ratione
1678 4910 1913 4980 quadam
1955 4926 2155 4967 conve-

2260 589 2698 658 διακονουμένου.
2733 581 2858 641 Εἷδε
2901 584 3080 636 τοίνυν
3134 581 3256 636 Ἰὼϐ
3277 619 3293 643 ,
3341 578 3483 633 ἀλλά
3526 578 3626 630 διὰ
3674 577 3873 630 λαῖλα-

2259 675 2369 738 πος“
2390 675 2484 727 καὶ
2503 675 2708 743 νεφῶν·
2734 672 2843 743 πρὸ
2872 671 3038 725 αὐτοῦ
3065 670 3123 723 δὲ
3140 709 3156 732 ,
3200 668 3474 741 Ἀϐραὰμ,
3499 667 3569 719 δι’
3605 666 3871 735 ἀγγέλων

2261 766 2631 837 φθεγγόμενον
2652 782 2668 794 ⁸
2695 760 2835 817 εἶδεν
2881 764 3098 827 Ἰακὼϐ,
3121 764 3197 827 ὡς
3220 763 3512 834 ἄνθρωπον
3542 762 3669 831 μετ’
3692 759 3869 812 αὐτοῦ

2260 856 2587 910 παλαίοντα’
2623 855 2829 924 Μωσῆς
2865 856 2925 907 ὲν
2959 855 3111 924 μέσῳ
3138 854 3232 908 τοῦ
3259 854 3496 922 γνόφου·
3522 852 3742 922 ὁμοίως
3776 853 3870 904 καὶ

2257 950 2287 1001 ὁ
2334 948 2522 1011 λοιπὸς
2567 947 2676 999 τῶν
2711 947 3012 1001 θεσπεσίων
3056 946 3242 1017 ὅμιλος
3279 946 3346 999 δι’
3381 946 3741 1015 αἰνιγμάτων
3772 949 3871 997 καὶ

2258 1040 2783 1113 παραπετασμάτων
2803 1057 2817 1070 ·
2854 1037 2993 1093 εἶδον
3029 1040 3124 1093 καὶ
3153 1041 3204 1092 οἱ
3244 1040 3569 1101 ἀπόστολοι,
3602 1037 3700 1091 διά
3728 1055 3871 1107 σαρ-

2259 1137 2355 1198 κὸς
2406 1133 2748 1205 ἀνδρωθέντα
2801 1133 2896 1185 τὸν
2945 1132 3080 1185 Θεὸν
3137 1133 3233 1186 καὶ
3278 1133 3486 1200 Λόγον,
3543 1132 3643 1186 τὸν
3697 1132 3871 1185 c.9135?

2258 1228 2434 1283 Παῖδα
2464 1226 2602 1281 Θεοῦ
2650 1226 2745 1280 καὶ
2785 1225 3097 1295 ἀνθρώπου,
3126 1225 3355 1287 ἕκαστος
3389 1224 3530 1295 πρὶκ
3551 1224 3621 1276 τὸ
3661 1225 3873 1294 μέτρον

2258 1321 2358 1390 τῆς
2386 1321 2586 1383 οἰκείας
2630 1319 2836 1391 ἀρετῆς
2870 1320 2967 1371 καὶ
2992 1318 3211 1390 ῥώσεως
3240 1319 3478 1390 ψυχικῆς
3498 1337 3510 1347 ·
3544 1318 3696 1371 κατά
3735 1319 3869 1379 τοὺς

2259 1414 2606 1486 ἐρρωμένους
2639 1415 2672 1485 ἦ
2703 1414 3105 1484 τεθολωμένους
3128 1412 3229 1477 τὰς
3258 1411 3353 1465 τοῦ
3389 1410 3650 1481 σώματος
3672 1410 3869 1479 ὄψεις,

2257 1506 2369 1559 τῶν
2413 1508 2511 1576 μὲν
2565 1508 2658 1559 ἐπὶ
2706 1507 2841 1561 πολὺ
2892 1506 3209 1576 δυναμένων
3358 1505 3499 1574 ἡλίῳ
3544 1505 3864 1566 ἀτενίζειν,

2259 1597 2366 1651 τῶν
2421 1597 2479 1650 δὲ
2530 1597 2789 1668 ἀμυδρῶς
2833 1596 2908 1667 μὴ
2938 1597 3211 1668 φερόντων
3257 1596 3360 1666 τὴν
3410 1596 3711 1666 ἀστραπὴν
3766 1596 3866 1649 τοῦ

2260 1689 2549 1759 φωστῆρος
2567 1731 2583 1754 ,
2616 1689 2756 1758 μηδὲ
2785 1687 2881 1759 τὴν
2912 1687 3217 1760 προσϐολὴν
3231 1688 3342 1741 τῶν
3369 1687 3791 1759 μαρμαρυγῶν.

2344 1782 2594 1854 Ὀρῶμεν
2626 1783 2735 1852 γὰρ
2761 1784 2862 1851 τὴν
2887 1781 3159 1836 θάλατταν
3188 1783 3283 1834 ἀπ’
3309 1781 3626 1851 ἀκρωρείας
3657 1781 3693 1851 ῆ
3719 1799 3869 1848 γεω-

2262 1874 2424 1943 λόφου
2450 1874 2595 1938 τινὸς
2616 1916 2631 1941 ,
2672 1875 2766 1928 καὶ
2794 1872 3131 1943 ἀληθεύομεν
3162 1873 3462 1942 φάσκοντες
3504 1873 3864 1943 ἑωρακέναι-

2260 1966 2359 2038 τὴν
2379 1964 2488 2037 7&9
2524 1964 2846 2035 ἐπιφάνειαν
2893 1963 2990 2016 τοῦ
3019 1964 3287 2030 πελάγους
3312 1962 3472 2033 μόνον
3488 2002 3505 2025 ,
3528 1963 3627 2014 καὶ
3649 1963 3865 2034 ταύτην

2266 2056 2507 2129 μερικῶς
2543 2056 2797 2129 ὁρῶντες.
2840 2056 2913 2109 Οὐ
2938 2055 3044 2127 γὰρ
3078 2056 3190 2109 ἀπὸ
3215 2056 3314 2125 τῆς
3335 2054 3590 2108 ἐντεῦθεν
3608 2057 3646 2127 ἢ
3674 2056 3865 2125 ἠϊόνος

2259 2150 2294 2222 ἢ
2325 2149 2491 2221 ὄχθης
2510 2192 2525 2214 ,
2556 2150 2694 2222 πρὸς
2714 2150 2813 2220 τὴν
2842 2149 3071 2220 ἀντικρὺ
3100 2149 3360 2219 κειμένην
3390 2149 3629 2202 σκοπιὰν
3658 2151 3695 2219 ἠ
3733 2149 3865 2218 ὄψις

2261 2243 2325 2309 δὴ
2356 2243 2445 2297 οἶα
2482 2261 2541 2296 τε
2560 2284 2575 2308 ,
2611 2242 3026 2313 ὲναπολήγουσα
3055 2242 3134 2312 τῷ
3171 2242 3313 2312 ἀέρι.
3339 2242 3463 2295 Οὐδ’
3487 2237 3558 2295 αὖ
3596 2243 3768 2295 πάλιν
3798 2242 3865 2295 τὸ

2263 2336 2424 2400 κῦτος
2475 2336 2646 2407 αὐτῆς
2673 2336 2707 2406 ἢ
2749 2337 2841 2389 τὸν
2879 2335 3108 2406 ἔσχατον
3143 2335 3393 2405 πυθμένα
3434 2336 3464 2388 ὁ
3496 2332 3629 2398 νοῦς
3671 2336 3864 2405 εὑρεῖν

2261 2422 2371 2493 οἷός
2393 2445 2475 2481 τε.
2523 2428 2634 2481 Ἀεὶ
2666 2429 2775 2498 7&9
2807 2428 2902 2481 τοῦ
2932 2427 3219 2497 νοουμένου
3240 2428 3426 2498 ἕτερον
3450 2425 3860 2497 ὑποτιθέμενοι.»

2262 2518 2536 2590 περιέχειν
2580 2520 2746 2588 αὐτῆς
2783 2519 2880 2583 τὰς
2921 2518 3147 2589 ἐξοχὰς,
3188 2519 3327 2590 πρὸς
3350 2518 3411 2572 τὸ
3438 2519 3514 2590 μὴ
3546 2519 3859 2590 διαχεῖσθαι

2261 2612 2294 2682 ἢ
2318 2613 2635 2682 καταρρεῖν,
2660 2611 2797 2679 πρὸς
2816 2612 2876 2663 τὸ
2895 2612 3048 2664 κάτω
3069 2613 3150 2675 εἰς
3172 2611 3452 2681 ἀμήχανον
3484 2612 3722 2677 εἰκότως
3759 2612 3860 2683 τῆς

2260 2704 2503 2766 διανοίας
2535 2703 2693 2773 ἡμῶν
2731 2703 3123 2774 ἐκπιπτούσης.
3172 2703 3418 2775 Ὁρῶμεν
3438 2704 3495 2757 δὲ
3529 2704 3629 2757 καὶ
3654 2704 3861 2757 τὸνοό-

2263 2795 2423 2867 ρανὸν
2478 2795 2542 2847 οὐ
2595 2794 2796 2858 πάντες
2844 2796 3078 2864 ὁμοίως,
3125 2794 3241 2848 ἀλλ’
3282 2795 3514 2858 ἕκαστος
3560 2796 3708 2866 πρὸς

2264 2886 2454 2958 ρώμην
2482 2886 2577 2940 τοῦ
2597 2887 2863 2958 ὄμματος.
2894 2886 3033 2940 Οὔτε
3055 2888 3164 2958 7&9
3195 2890 3227 2957 ἡ
3251 2888 3459 2942 διάνοια
3490 2886 3588 2940 τοῦ
3615 2889 3859 2958 πέρατος

2259 2981 2567 3048 ἀφικνεῖται
2590 2978 2748 3046 (12“),
2783 2979 2905 3032 οὐδὲ
2935 2979 3238 3051 προσϐῆναι
3286 2981 3349 3051 τῇ
3405 2980 3716 3053 ἀντιτυπία
3764 2980 3859 3052 τῆς

2261 3071 2447 3141 ἀψίδος
2479 3069 2702 3126 δύναται
2734 3071 2995 3143 ἀκριϐῶς.

2342 3351 2589 3422 Ὀρῶμεν
2632 3350 2809 3404 τοίνυν
2849 3349 2916 3403 τά
2958 3348 3249 3415 σύνδουλα,
3292 3351 3353 3403 οὐ
3398 3349 3538 3405 καθὸ
3573 3340 3855 3421 πέφυκεν.

2260 3444 2396 3497 ἀλλά
2421 3442 2556 3497 καθὸ
2580 3443 2886 3514 χωροῦμεν.
2924 3442 3128 3513 ὐρατά
3147 3442 3256 3512 7&9
3278 3444 3414 3513 ἡμῖν
3434 3443 3739 3511 πρόκειται
3769 3445 3859 3497 καὶ

2261 3535 2471 3606 ἀόρατα
2496 3576 2512 3601 ,
2560 3534 2622 3587 τὸ
2673 3534 2772 3605 μὲν
2820 3533 3064 3605 μερικῶς
3085 3574 3101 3600 ,
3130 3534 3192 3587 τὸ
3212 3533 3269 3586 δὲ
3312 3534 3643 3606 ὁλοσχερῶς.
3672 3537 3859 3607 Παρα-

2264 3624 2507 3696 πλησίως
2539 3624 2634 3677 καὶ
2678 3623 2740 3675 τὸ
2783 3624 2936 3676 Θείον
2976 3622 3171 3692 ὁρατὸν
3192 3663 3206 3685 ,
3236 3622 3331 3674 καὶ
3369 3622 3606 3692 ἀόρατον
3643 3622 3856 3693 βροτοῖς

2262 3715 2497 3785 ὑπάρχει
2517 3731 2529 3743 °
2572 3714 2631 3766 τὸ
2660 3712 2789 3782 μὲν,
2827 3713 3289 3785 παραπετάσματι
3318 3712 3575 3782 σώματος
3598 3754 3615 3778 ,
3649 3730 3857 3783 συγκα-

2262 3805 2569 3869 ταϐατικῶς
2588 3822 2601 3837 ο
2645 3804 2705 3858 τὸ
2745 3804 2803 3857 δὲ
2837 3805 3119 3876 ἀμήχανον
3158 3804 3422 3873 φυσικῶς.
3450 3805 3527 3859 Οὐ
3551 3805 3667 3875 7&9
3696 3808 3735 3876 ἡ
3762 3822 3858 3859 κα·

2261 3898 2409 3969 λάμη
2452 3898 2545 3951 καὶ
2576 3896 2639 3949 τὸ
2665 3897 2867 3968 ἄχυρον
2906 3896 3171 3966 ὑπομένει
3206 3894 3302 3950 τοῦ
3342 3896 3514 3966 πυρὸς
3542 3897 3649 3968 τὴν
3686 3899 3857 3966 ἐγγύα

2262 4009 2423 4064 τητα,
2440 3994 2507 4062 τῇ
2529 3989 2734 4061 φρυγίᾳ
2748 3992 2827 4053 εἰς
2842 3989 2947 4059 γῆν
2963 3989 3406 4061 διαφθειρόμενα.
3422 3989 3610 4061 Βραχῑ)
3630 3993 3747 4065 γὰρ
3764 4012 3860 4047 πα.

2269 4100 2403 4155 ραγυ
2413 4081 2632 4153 μνώσας
2652 4079 2830 4151 ἑαυτῷ
2853 4080 2967 4152 (15)
2985 4081 3084 4152 τὴν
3111 4080 3342 4151 θεότητα
3364 4082 3625 4152 Χριστὸς,
3650 4084 3750 4137 ἐπὶ
3770 4085 3856 4137 τοῦ

2263 4177 2421 4247 ὅρους
2446 4175 2549 4244 τῆς
2595 4171 3073 4244 μεταμορφώσεως
3090 4209 3106 4235 ,
3137 4173 3262 4234 τοὺς
3276 4168 3499 4235 στύλους
3510 4172 3613 4242 τῆς
3635 4173 3858 4240 Ἐκκλτ..

2264 4270 2386 4332 σίας
2425 4266 2791 4340 ὲστρόμϐησε.
2843 4265 3114 4328 Πεσόντες
3157 4265 3264 4336 7&9
3304 4262 3459 4329 αὖθις
3495 4265 3742 4338 llétpoc,
3770 4268 3859 4319 καὶ

2276 4359 2557 4423 Ἰάκωϐος,
2599 4359 2693 4410 καὶ
2726 4357 3010 4427 Ἰωάννης,
3054 4355 3134 4427 τῷ
3156 4356 3265 4409 δέει
3292 4356 3710 4429 κραδαινόμενοι
3731 4398 3749 4420 ,
3776 4377 3860 4427 μισ

2264 4451 2399 4524 κροῦ
2442 4451 2551 4506 δεῖν
2589 4448 2919 4521 ὲχωνεύοντο
2947 4447 3025 4518 τῷ
3063 4449 3198 4519 πυρὶ
3239 4448 3338 4518 τῆς
3386 4447 3664 4519 θεότητος.
3714 4450 3860 4520 Πρὸς

2268 4541 2425 4594 τοῦτο
2462 4541 2518 4594 δὲ
2546 4538 2727 4611 φέρων
2767 4538 2861 4591 καὶ
2902 4539 2931 4590 ὁ
2967 4536 3112 4600 θεῖος
3163 4537 3514 4600 Ἀπόστολος,
3552 4536 3859 4608 διαρρήδην

2269 4636 2399 4706 βοᾷ*
2461 4634 2557 4687 Ἐκ
2602 4633 2711 4704 7&9
2771 4630 3033 4702 μεγέθους
3082 4630 3397 4700 κτισμάτων
3450 4630 3544 4682 καὶ
3588 4630 3861 4700 καλλονῆς

2266 4724 2545 4793 ἀναλόγως
2568 4722 2874 4795 θεωρεῖται.
2901 4720 3144 4792 Οὐρανοῦ
3162 4720 3271 4791 γὰρ
3293 4721 3385 4773 καὶ
3406 4720 3512 4788 γῆς
3534 4721 3631 4773 καὶ
3655 4720 3861 4775 θαλάτο

2267 4835 2363 4887 της
2403 4817 2528 4870 ἰδεῖν
2549 4814 2826 4883 ὁλομερῶς
2865 4813 2963 4882 τὴν
2992 4811 3155 4880 φύσιν
3186 4813 3251 4864 οὐ
3275 4811 3583 4879 δυνάμενοι,
3624 4812 3859 4875 πῶςτὸν

2264 4909 2493 4981 ποιητὴν
2522 4905 2731 4959 ἑαυτῶν
2765 4905 2891 4958 ἰδεῖν
2919 4907 2984 4974 τῇ
3026 4903 3188 4971 φύσει
3211 4906 3567 4973 χωρήσομεν;

580 5000 761 5053 niente
790 5000 1038 5054 cernitur
1068 5000 1134 5053 ⁸⁸.
1177 5000 1311 5056 Cum
1345 5001 1491 5057 enim
1548 5001 1746 5056 cmlum
1795 5011 1849 5057 et
1896 5012 2097 5058 terram
2146 5013 2200 5060 et
2250 5020 2419 5067 mare,
2456 5009 2515 5056 ut
2562 4999 2862 5057 secundum
2896 5007 3147 5051 naturam
3201 5004 3364 5057 sunt.
3414 4995 3469 5047 in
3524 5002 3700 5049 ιοιιιω
3747 5011 3863 5052 cer-

577 5106 710 5146 nere
734 5106 1098 5162 nequeamus,
1143 5093 1420 5162 quomodo
1461 5093 1804 5149 conditorem
1832 5104 2081 5151 nostrum
2115 5096 2298 5153 videre
2329 5093 2632 5152 secundum
2664 5092 2838 5163 ipsius
2869 5100 3120 5144 naturam
3154 5087 3496 5159 poterimus?

1008 5180 1531 5238 INTERROGATIO
1572 5182 1730 5238 XLII.

644 5270 946 5343 Postquam
970 5273 1043 5329 de
1070 5273 1290 5328 Christo
1317 5276 1451 5330 satis
1485 5276 1742 5331 instructi
1767 5292 1981 5344 sumus,
2005 5277 2161 5347 cupi-

580 5378 706 5419 mus
740 5379 913 5435 pauca
951 5366 1139 5420 audire
1163 5367 1230 5421 de
1262 5364 1474 5437 Spiritu
1511 5375 1725 5433 sancto,
1761 5386 1893 5423 num
1930 5370 2161 5440 aequalis

582 5454 657 5510 sit
680 5454 829 5508 Patri
853 5465 908 5510 et
935 5453 1096 5522 Filio,
1112 5458 1356 5528 propriae
1391 5460 1680 5529 potestatis
1722 5462 2053 5516 auctoritate
2082 5460 2163 5515 fa-

582 5550 735 5604 ciens
760 5554 814 5603 et
842 5548 1110 5605 mandans
1138 5565 1260 5620 qua;
1287 5552 1405 5606 vult
1438 5571 1451 5606 :
1496 5560 1551 5608 et
1578 5568 1750 5624 quare
1780 5569 1904 5610 cum
1934 5568 2075 5625 aqua
2106 5561 2162 5623 et

583 5641 706 5707 igne
734 5640 788 5695 in
820 5637 1106 5711 Scriptura
1134 5652 1508 5713 comparetur.

660 5766 705 5797 "
736 5766 896 5821 Rom.
929 5784 966 5831 ι,
998 5768 1088 5822 90.

656 5879 791 5952 (12⁸)
841 5883 1217 5951 Ἀφικνεῖται.
1250 5886 1417 5943 Forte
1450 5887 1628 5955 ὲφικν.
1665 5883 1823 5940 Eutr.

2854 5183 3103 5236 ΠΕΥΣΙΣ
3138 5180 3274 5237 MB'.

2338 5277 2535 5342 Καλῶς
2576 5278 2707 5347 περὶ
2751 5274 2991 5346 Χριστοῦ
3020 5274 3392 5344 διδαχθέντες,
3423 5273 3663 5345 δεόμεθα
3702 5277 3861 5346 ὀλίγα

2269 5371 2399 5443 περὶ
2426 5370 2520 5423 τοῦ
2560 5369 2714 5438 ἁγίου
2746 5365 3065 5436 Πνεύματος
3101 5364 3332 5418 ἀκοῦσαι
3352 5381 3367 5395 °
3397 5367 3444 5419 si
3467 5360 3586 5421 ἶσον
3617 5369 3860 5440 ὑπάρχει

2268 5463 2346 5534 τῷ
2373 5463 2571 5534 Πατρὶ,
2592 5460 2686 5513 καὶ
2707 5458 2784 5529 τῷ
2807 5456 2942 5528 Υἱῷ,
2978 5456 3315 5520 αὐθεντικῶς
3340 5457 3531 5511 ποιοῦν
3563 5460 3664 5511 καὶ
3691 5477 3861 5531 προσ-

2270 5555 2470 5608 τάσσον
2513 5553 2548 5606 ἃ
2578 5551 2827 5624 βούλεται
2852 5567 2865 5579 ⁸
2898 5551 2992 5604 καὶ⁹
3021 5548 3110 5604 διὰ
3149 5549 3204 5603 τί
3230 5549 3384 5604 ὕδατι
3427 5551 3523 5605 καὶ
3562 5554 3701 5625 πυρὶ
3756 5556 3862 5610 ὑπὸ

2271 5646 2371 5718 τῆς
2393 5644 2614 5716 Γραφῆς
2636 5642 2935 5713 ὁμοιοῦται.

2353 5890 2467 5961 (l3)
2510 5886 2749 5955 Ἑαυτῷ.
2785 5888 2946 5947 Forte
2977 5888 3196 5959 ἑαυτοῦ,
3225 5889 3308 5945 vel
3335 5889 3394 5944 ὲν
3422 5887 3624 5960 ἑαυτῷ.
3659 5889 3739 5946 ιιι.
