4108 6376
50 532 95 541 -——

50 552 97 563 *ιιι

309 424 413 486 909
1729 428 1883 484 DIAL

1989 429 2075 487 US
2113 428 2154 487 Ι.
3475 431 3581 489 μω

918 547 1272 619 Ἀπόκρισις.

381 640 585 695 ’Ἄκουε
615 638 679 711 δὴ
700 679 714 701 ,
746 639 1039 710 ἀξιάγαστε
1060 684 1074 707 ,
1119 641 1451 706 αὺθεντικῶς
1497 642 1591 697 καὶ
1620 643 1891 716 αὐτοκρα-

307 736 544 810 τορικῶς
569 728 1013 808 ’ποῦ’Πνεύματος
1048 738 1473 808 προστάττοντος
1492 778 1506 801 ,
1540 739 1634 791 καὶ
1656 738 1890 809 δρῶντος

309 825 405 884 ἶσα
433 827 510 898 τῷ
541 829 716 899 Πατρὶ
751 828 844 881 καὶ
881 827 958 898 τῷ
994 828 1134 900 Υἱῷ”
1178 829 1520 899 Ἀφορίσατε
1559 829 1635 895 δή
1661 848 1763 900 μοι
1785 830 1892 883 τὸν

312 921 628 991 Βαρνάϐαν
670 921 769 973 καὶ
816 921 1058 975 Σαῦλον
1075 962 1090 985 ,
1124 904 1211 988 εἷς
1253 920 1321 975 τὸ
1359 923 1537 991 ἔργον
1568 922 1598 975 ὃ
1636 921 1893 990 προσκέ-

226 1017 229 1020 ’
311 1018 536 1082 κλημαι
574 1012 824 1077 αὐτοὺς,
855 1012 989 1083 φησὶ
1039 1014 1153 1078 τοῖς
1195 1014 1531 1077 ἀποστόλοις.
1577 1013 1892 1085 Συμφώνως

308 1105 368 1160 δὲ
399 1104 574 1172 τούτῳ
602 1106 630 1157 6
656 1103 784 1165 Υἱὸς
815 1103 892 1173 τῷ
924 1104 1122 1176 Παύλῳ
1153 1104 1337 1177 φησιν·
1367 1106 1626 1160 Εἴσελθε
1660 1109 1748 1173 εὶς
1774 1106 1891 1175 τὴν

312 1198 526 1259 πόλιν,
554 1194 730 1250 κάκεῖ
762 1195 1180 1264 λαληθήσεταί
1208 1212 1338 1263 σοι,
1370 1198 1426 1251 τί
1446 1214 1520 1252 σε
1556 1198 1647 1252 δεῖ
1676 1198 1888 1254 ποιεῖν.

324 1288 582 1365 Ἐτέρωθι
640 1287 698 1340 δέ
751 1303 913 1356 φασιν
959 1289 1016 1340 αἱ
1068 1287 1303 1359 Πράξεις
1361 1288 1470 1341 τῶν
1537 1289 1891 1343 ἀποστόλων·

313 1377 489 1438 Οὗτοι
536 1379 654 1450 μὲν
697 1380 1137 1449 ἐκπεμφθέντες
1184 1381 1305 1435 ὑπὸ
1356 1381 1463 1435 τοῦ
1513 1384 1893 1451 Πνεύματος,

310 1474 617 1543 κατῆλθον
643 1475 731 1540 εὶς
760 1474 877 1541 τὴν
905 1474 1259 1528 Σελευκίαν.
1298 1474 1529 1547 Ὁμοίως
1552 1478 1580 1529 6
1600 1475 1749 1539 Υἱὸς,
1782 1479 1895 1529 Πο-

304 1566 653 1636 ρευθέντες,
705 1567 871 1637 φησὶ,
916 1567 1337 1636 μαθητεύσατε
1373 1567 1571 1622 πάντα
1610 1568 1683 1622 τὰ
1709 1568 1890 1636 ἔθνη·

308 1658 511 1729 ὁμοίως
533 1659 583 1723 οξ
606 1657 925 1721 ἀπόστολοι,
960 1658 1207 1723 Ἔδοξε,
1240 1660 1394 1728 φασὶ,
1425 1658 1506 1725 τῷ
1535 1661 1683 1730 ἁγίῳ
1702 1661 1893 1714 Πνεύ-

305 1765 446 1819 ,ιιατι
496 1748 593 1801 καὶ
645 1747 825 1818 ἡμῖν,
864 1747 1059 1818 μηδὲν
1112 1749 1266 1803 ἄλλο
1332 1750 1704 1805 ἐπιτίθεσθαι
1748 1752 1894 1821 ὑμῖν

309 1841 479 1909 πλὴν
530 1838 652 1894 τῶν
694 1839 1046 1911 ἐπάναγκες.
1097 1841 1328 1912 Ὁμοίως
1381 1844 1409 1895 ὁ
1462 1842 1672 1907 Παῦλός
1716 1858 1886 1912 φησι·

308 1933 474 2002 Λέγω
513 1932 614 1997 δὲ,
644 1932 744 1985 καὶ
783 1934 896 1986 οὐκ
940 1932 1056 2002 ἐγὼ
1075 1972 1090 1993 ,
1120 1933 1260 1987 ἀλλ’
1287 1936 1320 1987 ό
1346 1934 1589 2000 Κύριος,
1633 1935 1893 2004 γυναῖκα

308 2023 427 2079 ἀπὸ
477 2022 698 2091 ἀνδρὸς
725 2024 812 2094 μὴ
853 2023 1222 2093 χωρίζεσθαι.
1273 2055 1343 2066 -
1370 2023 1660 2094 Διῆλθον,
1718 2027 1889 2097 φησὶ,

305 2117 423 2184 τὴν
465 2117 730 2186 Φρυγίαν
754 2118 853 2171 καὶ
890 2117 1238 2185 Γαλατικὴν
1275 2117 1495 2186 χώραν,
1522 2119 1893 2187 κωλυθένεες

307 2208 426 2263 ὑπὸ
471 2208 580 2262 τοῦ
623 2209 971 2276 Πνεύματος
1007 2208 1114 2263 τοῦ
1154 2208 1427 2277 λαλῆσαι
1455 2209 1563 2263 τόν
1604 2214 1792 2281 λόγον
1823 2213 1893 2265 ἐν

307 2298 386 2366 τῇ
430 2299 613 2365 Ἀσίᾳ.
671 2300 902 2370 Ὁμοίως
934 2300 963 2352 6
1010 2299 1137 2363 Υἱὸς
1190 2302 1304 2362 τοῖς
1337 2301 1656 2366 ἀποστόλοις
1690 2302 1887 2373 φησιν’

309 2393 417 2456 Εἰς
459 2389 604 2444 ὁδόν
635 2388 826 2444 ἐθνῶν
851 2389 938 2460 μὴ
972 2391 1292 2458 ἀπέλθητε,
1327 2392 1428 2445 καὶ
1450 2394 1538 2457 εις
1568 2392 1750 2445 πόλιν
1775 2395 1891 2445 Σα-

303 2480 604 2553 μαρειτῶν
629 2480 715 2551 μὴ
763 2480 1095 2563 εἰσέλθητε.
1139 2483 1299 2536 Ἀλλὰ
1328 2483 1423 2536 καὶ
1456 2482 1619 2537 Δαόὶδ
1646 2484 1674 2535 6
1696 2482 1890 2536 θεσπέ-

310 2589 447 2636 σιος,
486 2573 588 2642 τῆς
619 2572 769 2636 Θείας
798 2574 1027 2644 Τριάδος
1053 2574 1214 2645 ἔργον
1236 2574 1448 2638 δεικνὺς
1475 2573 1543 2627 τὰ
1577 2573 1888 2644 σύμπαντα,

309 2664 542 2734 μελῳδεῖ
584 2666 643 2717 ὲν
676 2665 927 2735 Ψαλμοῖς
949 2682 963 2696 ³
1004 2663 1087 2730 Τῷ
1121 2666 1290 2734 Λόγῳ
1316 2665 1536 2733 Κυρίου
1565 2668 1617 2719 οἱ
1645 2665 1888 2734 οὐρανοὶ

305 2757 790 2827 ἐστερεώθησαν,
845 2759 947 2813 καὶ
989 2759 1071 2825 τῷ
1105 2760 1399 2828 πνεύματι
1443 2758 1552 2813 τοῦ
1590 2760 1888 2829 στόματος

303 2850 493 2904 αὐτοῦ
519 2849 687 2906 πᾶσα
716 2852 755 2919 ἡ
783 2851 1037 2921 δύναμις
1064 2850 1266 2906 αὐτῶν
1285 2868 1298 2882 ·
1328 2851 1531 2921 Κύριον
1554 2851 1646 2905 τὸν
1670 2853 1887 2923 Πατέρα

301 2941 510 3013 δηλῶν,
545 2943 717 3011 Λόγον
748 2942 805 2995 δὲ
857 2943 948 2996 τὸν
992 2943 1196 3007 Παῖδα,
1256 2943 1479 3016 Πνεῦμα
1531 2943 1588 2997 δὲ
1635 2944 1694 2998 τὸ
1747 2943 1890 2998 θεῖον

303 3032 552 3106 Πνεῦμα.
585 3036 654 3087 Συ
664 3035 900 3105 μφώνως
914 3036 970 3089 δὲ
997 3037 1171 3108 τούτῳ
1187 3040 1216 3092 6
1242 3039 1340 3110 τῆς
1363 3039 1457 3091 ὑπ’
1473 3038 1719 3108 οὐρανῶν
1750 3039 1886 3110 (15')

304 3129 447 3193 θεῖος
494 3130 813 3201 καθηγητὴς
854 3129 1094 3197 Παῦλος,
1143 3131 1306 3202 φησί’
1352 3132 1682 3201 Διαιρέσεις
1715 3151 1885 3203 χαρι-

301 3222 548 3292 σμάτων
580 3222 697 3276 εισὶ
716 3262 730 3286 ,
767 3204 835 3273 ἑὸ
855 3219 923 3274 δὲ
941 3222 1086 3276 αὐτὸ
1122 3223 1384 3293 Πνεῦμα⁶
1415 3225 1516 3280 καὶ
1556 3224 1878 3295 διαιρέσεις

301 3312 644 3377 διακονιῶν,
697 3317 731 3369 ό
777 3313 847 3367 δὲ
889 3315 1073 3382 αὐτὸς
1119 3317 1368 3385 Κύριοςο
1418 3316 1517 3371 καὶ
1564 3317 1884 3387 διαιρέσεις

299 3406 612 3477 ἐνεργειῶν
630 3404 786 3474 ,όδὲ
813 3407 999 3472 αὐτὸς
1022 3407 1198 3475 Θεὸς,
1230 3411 1264 3463 ό
1294 3410 1555 3481 ἐνεργῶν
1584 3411 1659 3465 τὰ
1687 3411 1885 3465 πάντα

299 3497 371 3551 ἐν
395 3496 545 3550 πᾶσι
564 3515 578 3528 ·
608 3497 735 3568 τρία
765 3497 866 3568 μὲν
890 3496 1171 3569 παριστῶν
1199 3499 1469 3568 πρόσωπα
1488 3541 1503 3566 ,
1534 3501 1664 3571 μίαν
1701 3502 1757 3554 δὲ
1785 3501 1884 3573 τὴν

295 3584 535 3657 θεότητα
555 3627 571 3652 ,
598 3585 885 3641 αὑθεντίαν
918 3604 976 3640 τε
1001 3587 1095 3641 καὶ
1127 3587 1423 3658 βασιλείαν.

884 3677 1134 3730 ΠΕΥΣῙΣ
1168 3677 1300 3732 Ml".

300 3754 306 3760 ’
370 3767 695 3837 Προσθεῖναι
728 3769 840 3832 τοῖς
869 3769 1180 3841 εἰρημένοις
1215 3771 1640 3842 παρακαλοῦμεν
1660 3813 1674 3836 ,
1706 3772 1793 3826 διὰ
1830 3775 1883 3826 τι

298 3857 454 3913 ὕδατι
500 3861 596 3914 καὶ
643 3861 778 3932 πυρὶ
818 3861 1209 3934 παρεικάζεται
1258 3862 1364 3916 ὑπὸ
1409 3864 1509 3933 τῆς
1553 3864 1773 3936 Γραφῆς
1822 3866 1883 3919 τὸ

300 3948 456 4019 ἅγιον
479 3948 724 4021 Πνεῦμα.

386 4103 399 4119 .
921 4065 1257 4132 Ἀπόκρισις

370 4155 484 4208 Οὐκ
524 4155 647 4226 εἱκῆ
685 4154 827 4223 (Μ),
873 4155 981 4208 οὐδ’
1011 4155 1196 4225 ἀργῶς
1221 4156 1450 4222 ἐκείνοις
1478 4158 1880 4230 παραϐάλλεται

294 4245 359 4300 τὸ
386 4245 528 4299 θεῖον
560 4245 803 4314 Πνεῦμα.
846 4244 1143 4299 Χλοοποιὸν
1175 4247 1303 4319 γὰρ,
1338 4250 1433 4301 καὶ
1472 4248 1753 4314 ζωοποιὸν,
1786 4250 1882 4303 καὶ

296 4336 590 4408 θρεπτικὸν
624 4337 684 4390 τὸ
718 4336 864 4408 ὕδωρ
902 4337 960 4403 ἐξ
994 4337 1242 4410 οὐρανῶν
1285 4339 1532 4409 ὑόμενον,
1569 4340 1663 4393 καὶ
1700 4340 1880 4395 πάντα

297 4432 531 4494 πιαῖνον,
563 4430 658 4484 καὶ
683 4431 817 4483 πᾶσι
842 4430 1235 4501 διικνούμενον,
1271 4431 1543 4501 μονοειδὲς
1576 4432 1675 4503 μὲν
1703 4433 1879 4505 ὑπάρ-

294 4537 410 4591 χον,
447 4520 801 4591 πολυτρόπως
833 4521 890 4573 δὲ
934 4521 1226 4593 ἐνεργοῦνο
1283 4526 1347 4576 ὲκ
1394 4524 1523 4594 μιᾶς
1560 4524 1618 4577 δὲ
1666 4526 1877 4597 κρήνης

292 4613 528 4683 διάφορα
574 4613 705 4683 γένη
746 4612 930 4679 φυτῶν
977 4613 1252 4684 ἄρδονται.
1302 4614 1359 4667 ’0
1404 4614 1449 4666 δ’
1499 4616 1662 4680 αὐτὸς
1714 4618 1871 4681 ὑετὸς

296 4702 577 4773 μονοειδὴς
634 4701 897 4773 ὑπάρχων
948 4701 1107 4770 φύσει
1169 4704 1264 4756 καὶ
1322 4704 1465 4774 ὄψει,
1520 4707 1875 4778 πολυτρόπως

290 4794 604 4864 εὐεργετεῖ,
637 4796 694 4847 ὲν
729 4795 828 4864 μὲν
856 4795 1027 4867 κρίνῳ
1046 4795 1257 4861 λευκὸς,
1287 4797 1346 4849 ὲν
1372 4796 1427 4849 δὲ
1451 4798 1588 4869 ῥόδῳ
1643 4798 1872 4870 ἐρυθρὸς

288 4883 602 4954 ὁρώμενος,
654 4878 934 4955 πόρφυρος
972 4886 1031 4939 ὲν
1062 4885 1197 4952 ἴοις,
1230 4887 1420 4957 κιρρὸς
1467 4888 1512 4940 δ’
1559 4889 1616 4940 ὲν
1664 4889 1868 4959 κρόκῳ.

301 4976 428 5028 Ἐπὶ
454 4976 552 5046 τῆς
582 4977 753 5045 συκῆς
786 4976 1063 5048 μονοειδὴς
1116 4978 1360 5048 ὑόμενος,
1389 4979 1702 5049 ἑτεροειδῶς
1732 4981 1870 5033 ἀπο-

285 5068 545 5132 τελεῖται,
579 5068 783 5138 γλυκὺς
808 5069 907 5139 μὲν
930 5070 988 5123 ὲν
1019 5069 1099 5140 τῷ
1144 5071 1360 5142 καρπῷ,
1390 5073 1589 5142 στυφὸς
1614 5073 1671 5126 δὲ
1700 5075 1757 5127 ὲν
1788 5073 1867 5144 τῷ

287 5160 649 5231 ὲκμυζομένῳ
668 5160 920 5229 γάλακτι.
966 5162 1026 5216 Ὁ
1052 5162 1212 5226 αὐτὸς
1242 5165 1300 5216 ὲν
1321 5164 1550 5234 ἀμπέλῳ
1586 5166 1865 5237 μονοειδὴς

287 5252 583 5323 ἐρχόμενος
608 5251 933 5318 πυκάξεται,
982 5256 1063 5318 εἰς
1090 5254 1296 5320 ἕλικας,
1330 5258 1411 5320 εἰς
1460 5256 1740 5327 βλαστοὺς,
1783 5262 1866 5323 εὶς

286 5344 565 5413 ὕμφακας,
598 5346 678 5408 εἰς
710 5345 962 5416 βότρυας,
998 5348 1075 5410 εἰς
1105 5341 1268 5413 οἶνον,
1292 5350 1372 5412 εἰς
1402 5349 1584 5414 πότον,
1618 5350 1712 5404 καὶ
1737 5351 1863 5404 συλ-

285 5432 486 5507 λήϐδην
517 5440 712 5503 εἰπεῖν,
747 5439 804 5491 ὲν
845 5441 980 5493 πᾶσι
1022 5440 1199 5494 πάντα
1231 5440 1534 5512 γινόμενος.
1570 5444 1863 5515 Μονοειδὴς

357 5556 403 5588 ⁶⁶
430 5558 553 5612 Act.
587 5574 708 5619 XIII,
739 5558 794 5613 9...
871 5560 914 5591 ⁶⁷
947 5559 1067 5614 Aet.
1100 5577 1175 5618 Ix.
1207 5560 1262 5615 6.
1340 5561 1386 5593 ⁸⁸
1413 5560 1535 5616 Act.
1568 5578 1688 5622 xm.
1735 5565 1787 5618 4.

353 5763 509 5847 (13⁸)⁹
539 5764 667 5847 Ὑςς
716 5766 1007 5836 οὐρανῶν.
1042 5768 1207 5826 Forte
1250 5774 1341 5827 ὑπ’
1370 5774 1597 5847 οὐρανόν
1615 5814 1630 5841 ,
1659 5776 1742 5831 vel
1772 5777 1863 5831 ὑπ’

279 5833 568 5906 οὒρανούς.
604 5834 762 5890 Enrr.

355 5903 469 5974 (14)
501 5906 622 5959 Οὐκ
649 5906 805 5978 εικῆ,
846 5925 903 5964 κ.
940 5926 992 5967 τ.
1037 5910 1087 5966 λ.
1116 5908 1243 5969 Haec
1284 5930 1419 5986 pene
1452 5915 1729 5982 αὐτολεξεὶ
1761 5916 1858 5974 de-

1903 5567 1948 5599 ”
1985 5566 2177 5622 Matth.
2208 5587 2379 5634 xxv",
2411 5572 2499 5626 19.

284 5626 373 5682 10.
451 5629 498 5659 ⁷³
531 5629 652 5684 Act.
680 5645 795 5693 xw,
827 5628 881 5683 6.
964 5631 1012 5662 ⁷³
1048 5630 1240 5686 Matth.
1281 5648 1337 5696 ι,
1383 5631 1436 5687 5.
1513 5632 1561 5665 ’δ
1592 5631 1737 5688 Psal.
1769 5652 1877 5690 xxx

1989 5638 2029 5693 Ξ.
2115 5640 2160 5672 ⁷⁸
2194 5639 2211 5693 l
2241 5626 2378 5696 Cor:
2406 5658 2504 5711 xu,
2542 5646 2598 5714 4,
2638 5645 2692 5700 6.

2633 548 2938 619 Responsio.

2062 641 2204 697 Audi
2241 640 2492 712 proinde,
2526 656 2560 695 ο
2585 644 2868 712 praeclare,
2910 644 3128 715 propria
3169 642 3497 698 auctoritate
3523 653 3579 701 et

1995 742 2265 802 potestate
2289 732 2551 805 Spiritum
2577 735 2984 805 praecipientem
3009 742 3063 790 et
3088 734 3375 790 facientem
3398 750 3578 805 aequa-

1996 830 2067 883 lia
2102 843 2225 883 cum
2260 829 2423 884 Patre
2461 837 2515 884 et
2559 828 2699 884 Filio
2735 850 2749 885 :
2785 830 3062 901 Segregate
3102 831 3221 899 jam
3266 831 3394 884 mihi
3432 830 3576 885 Bar-

1995 922 2192 976 nabant
2217 930 2268 977 et
2306 920 2529 976 Saulum
2584 924 2640 976 in
2670 936 2813 993 opus'
2843 922 2913 977 ad
2949 912 3088 993 quod
3124 925 3300 977 vocavi
3341 939 3449 988 eos,
3488 923 3577 977 in-

1996 1013 2115 1083 quit
2158 1012 2224 1066 ad
2264 1014 2544 1083 apostolos
2590 1012 2657 1067 “.
2696 999 3063 1068 Consentiens
3100 1022 3280 1067 autem
3316 1028 3439 1068 cum
3470 1013 3579 1069 hoc

1997 1104 2065 1158 ad
2093 1102 2322 1158 Paulum
2351 1105 2526 1176 inquit
2549 1103 2722 1159 Filius
2755 1124 2768 1160 :
2803 1104 3084 1174 Ingredere
3124 1106 3178 1159 in
3210 1107 3495 1168 civitatem,
3525 1114 3577 1160 et

1997 1196 2070 1249 ibi
2107 1198 2312 1250 dicetur
2338 1197 2450 1262 tibi,
2494 1197 2618 1268 quid
2651 1197 2746 1250 tibi
2782 1197 3082 1265 faciendum
3108 1200 3177 1251 sit
3207 1198 3271 1249 ".
3306 1198 3449 1253 Alibi
3477 1212 3580 1252 au-

1997 1298 2105 1345 tem
2132 1291 2329 1346 dicunt
2372 1292 2508 1345 Acta
2542 1291 2914 1361 apostolorum
2963 1308 2976 1343 :
3033 1287 3106 1343 Hi
3146 1289 3355 1359 quidem
3394 1291 3579 1346 emissi

1998 1399 2032 1435 a
2062 1381 2284 1450 Spiritu.
2308 1383 2549 1437 abierunt
2578 1382 2871 1437 Seleuciam
2891 1382 2955 1437 ⁸⁸.
2977 1382 3056 1436 Ad
3079 1382 3328 1437 eumdem
3354 1382 3576 1436 modum

1997 1472 2170 1528 Filius
2201 1494 2214 1530 :
2245 1474 2483 1540 Profecti
2506 1474 2684 1528 docete
2710 1490 2887 1529 omnes
2913 1483 3086 1545 gentes
3113 1473 3178 1524 ‘°.
3205 1472 3577 1528 Consimiliter

1998 1567 2229 1635 apostoli
2280 1586 2293 1620 :
2340 1564 2524 1620 Visum
2571 1575 2669 1630 est,
2716 1566 2994 1636 inquiunt,
3033 1565 3258 1634 Spiritui
3300 1575 3483 1618 sancto
3525 1572 3575 1618 et

1998 1656 2169 1722 nobis,
2207 1655 2270 1709 de
2311 1657 2462 1710 nulla
2507 1656 2617 1711 alia
2658 1673 2713 1710 re
2754 1673 2841 1711 vos
2889 1655 3270 1717 admonendos,
3305 1671 3464 1724 quam
3511 1654 3577 1708 de

1999 1748 2310 1803 necessariis
2356 1748 2465 1801 illis
2497 1748 2566 1801 ⁷ο.
2605 1748 2870 1803 Similiter
2911 1758 2965 1804 et
2990 1747 3194 1804 Paulus
3234 1749 3447 1818 inquit:
3482 1747 3579 1799 Di-

1998 1856 2058 1893 co
2090 1849 2264 1894 autem
2295 1855 2397 1893 non
2424 1855 2540 1911 ego,
2578 1842 2670 1894 sed
2713 1838 2994 1906 Dominus,
3035 1857 3096 1894 ne
3127 1856 3266 1894 uxor
3303 1849 3581 1910 separetur

1998 1948 2031 1985 a
2058 1934 2166 1986 viro
2189 1934 2257 1988 τί.
2282 1931 2603 2002 Peragrata,
2659 1932 2837 2002 inquit
2881 1934 3046 1995 alius,
3086 1931 3318 2002 Phrygia
3372 1938 3421 1984 et
3468 1928 3576 1982 Ga-

1996 2023 2162 2076 latica
2212 2024 2441 2095 regione,
2498 2023 2749 2092 prohibiti
2790 2032 2911 2077 sunt
2956 2041 2986 2076 a
3027 2023 3251 2092 Spiritu,
3292 2024 3573 2092 quominus

1994 2113 2291 2168 doctrinam
2316 2126 2628 2184 exponerent
2646 2118 2699 2169 in
2722 2115 2853 2169 Asia
2873 2116 2941 2170 τ’.
2965 2114 3044 2169 Ad
3071 2115 3321 2169 eumdem
3352 2114 3575 2168 modum

1995 2206 2171 2261 Filius
2198 2207 2264 2261 ad
2286 2208 2562 2277 apostolos
2593 2209 2772 2277 inquit
2804 2227 2817 2262 :
2843 2206 2909 2261 In
2935 2208 3071 2262 viam
3098 2208 3327 2277 gentium
3346 2222 3409 2259 ne
3436 2205 3573 2259 abie-

1994 2300 2141 2364 ritis,
2173 2309 2225 2353 et
2275 2301 2333 2354 in
2379 2301 2645 2354 civitatem
2695 2301 3161 2354 Samaritanorum
3201 2315 3261 2352 ne
3304 2296 3576 2366 ingredia-

1995 2391 2128 2444 mini
2150 2392 2221 2445 ⁷³.
2248 2390 2353 2447 Sed
2383 2400 2438 2448 et
2462 2392 2682 2448 divinus
2707 2393 2799 2448 ille
2824 2392 3058 2448 Davides
3088 2406 3258 2448 sacra'
3286 2388 3573 2444 Trinitatis

1993 2499 2133 2553 opus
2168 2484 2469 2539 ostendens
2512 2484 2628 2541 haec
2668 2485 2951 2550 universa,
2996 2484 3144 2540 canit
3181 2485 3237 2537 in
3283 2480 3517 2538 Psalmis
3553 2497 3568 2533 :

2003 2574 2168 2629 Verbo
2202 2574 2416 2630 Domini
2448 2577 2564 2631 caeli
2596 2577 2800 2647 ﬁrmati
2841 2585 2984 2640 sunt,
3013 2584 3063 2629 et
3101 2576 3292 2646 spiritu
3317 2575 3425 2629 oris
3454 2575 3571 2644 ejus

1996 2669 2168 2722 omnis
2192 2668 2358 2721 rirtns
2384 2685 2564 2722 eorum
2589 2668 2637 2700 ⁷⁸
2663 2688 2676 2724 :
2713 2682 2808 2737 per
2837 2666 3145 2732 Dominum,
3170 2665 3386 2721 Palrem
3410 2666 3573 2737 signi-

1995 2757 2186 2822 ficans,
2222 2774 2317 2828 per
2346 2756 2581 2813 Verbum
2621 2756 2854 2825 Filium;
2887 2772 2985 2827 per
3021 2756 3283 2827 Spiritum
3311 2757 3569 2827 denique,

1992 2859 2244 2905 sanctum
2286 2851 2434 2904 illum
2474 2849 2758 2921 Spiritum.
2788 2850 2924 2905 Cum
2962 2851 3066 2904 hoc
3095 2859 3275 2905 autem
3327 2864 3567 2907 consen-

1992 2942 2133 2997 tiens
2163 2942 2380 2997 divinus
2417 2942 2508 2998 ille
2540 2942 2783 2997 omnium
2807 2958 2929 3013 quae
2958 2942 3062 2997 sub
3086 2942 3240 2997 caelis
3272 2952 3423 3009 sunt,
3453 2958 3571 2999 ma-

1989 3033 2160 3104 gister
2204 3032 2429 3099 Paulus,
2478 3034 2656 3104 inquit
2718 3052 2731 3089 :
2779 3033 3075 3088 Divisiones
3119 3034 3378 3089 donorum
3420 3045 3566 3100 sunt,

1990 3123 2080 3177 sed
2104 3125 2242 3178 idem
2280 3122 2514 3193 Spiritus
2545 3140 2562 3177 :
2592 3134 2641 3178 et
2680 3124 2963 3179 divisiones
3002 3126 3438 3188 ministeriorum,
3477 3125 3568 3179 sed

1991 3216 2130 3269 idem
2159 3216 2417 3270 Dominus
2438 3236 2455 3270 :
2482 3226 2531 3270 et
2565 3218 2849 3271 divisiones
2878 3219 3260 3286 operationum,
3287 3217 3423 3271 idem
3446 3235 3569 3274 vero

1992 3307 2156 3373 Deus,
2190 3309 2281 3377 qui
2309 3318 2559 3378 operatur
2602 3311 2781 3363 omnia
2805 3309 2863 3363 in
2905 3309 3146 3363 omnibus
3177 3310 3254 3377 7';
3301 3317 3412 3365 tres
3440 3310 3568 3381 qui-

1989 3400 2111 3455 dem
2159 3400 2474 3469 exprimens
2515 3415 2802 3470 personas,
2850 3416 3014 3455 unam
3047 3415 3177 3456 vero
3203 3401 3563 3471 divinitatem,

1986 3493 2368 3546 auctoritatem
2397 3499 2451 3546 et
2480 3507 2731 3563 regnum.

2406 3664 2927 3752 ιΝΤΕιιιιοοΑΤιο
2965 3696 3145 3754 xuu.

2057 3778 2383 3845 Quaesumus
2413 3791 2473 3837 ut
2501 3785 2569 3841 iis
2599 3801 2720 3856 qua
2742 3787 3008 3845 hactenus
3028 3789 3359 3858 disseruisti,
3389 3790 3563 3850 addas

1986 3887 2157 3942 quare
2184 3890 2310 3929 cum
2341 3890 2482 3946 aqua
2531 3886 2586 3934 et
2623 3879 2748 3950 igne
2784 3892 3132 3954 comparetur
3180 3883 3237 3938 in
3279 3881 3562 3956 Scriptura

1987 3963 2224 4033 Spiritus
2246 3976 2501 4022 sanctus-

2621 4077 2928 4149 Responsio.

2057 4174 2180 4222 mon
2207 4166 2433 4235 frustra,
2469 4183 2649 4239 neque
2687 4171 2786 4227 abs
2811 4188 2873 4228 re
2910 4174 3020 4230 illis
3043 4186 3394 4248 comparatur
3421 4179 3564 4235 divi-

1985 4278 2092 4319 nus
2130 4262 2394 4333 Spiritus.
2422 4263 2559 4319 Nam
2599 4265 2801 4322 herbas
2833 4269 3189 4338 producendi,
3233 4282 3289 4330 et
3317 4273 3560 4339 fovendi,

1985 4364 2039 4410 et
2069 4354 2251 4410 alendi
2279 4355 2389 4410 vim
2420 4355 2587 4412 habet
2607 4372 2748 4428 aqua
2775 4361 2843 4415 de
2870 4361 3025 4417 caelis
3054 4363 3272 4432 pluens,
3304 4374 3359 4422 et
3379 4369 3563 4424 omnia

1982 4446 2338 4517 pinguefacit,
2385 4448 2644 4504 omnibus
2674 4465 2796 4506 sese
2839 4453 3120 4521 miscens;
3165 4469 3230 4510 ac
3263 4457 3393 4513 licet
3437 4460 3563 4521 uni-

1984 4536 2177 4592 formis
2206 4540 2299 4600 sit,
2331 4538 2522 4592 multis
2548 4544 2730 4595 tamen
2755 4542 2934 4598 modis
2957 4555 3236 4614 operatur,
3270 4555 3326 4603 et
3352 4563 3420 4604 ex
3454 4566 3564 4607 una

1983 4628 2320 4699 scaturigine
2380 4629 2604 4683 diversa
2660 4645 2863 4700 genera
2922 4636 3230 4705 germinum
3286 4639 3557 4708 rigantur.

1982 4717 2185 4774 Eadem
2220 4721 2402 4790 pluvia
2433 4738 2556 4777 cum
2580 4724 2653 4780 sit
2680 4726 2973 4783 uniformis
3005 4738 3200 4784 natura
3230 4739 3285 4786 et
3309 4742 3558 4803 aspectu,

1981 4810 2338 4864 multifariam
2374 4827 2497 4868 sese
2543 4814 2788 4870 declarat
2834 4816 3143 4886 eliicacem;
3197 4820 3255 4876 in
3290 4823 3405 4877 lilio
3434 4826 3563 4894 qui-

1980 4903 2102 4957 dem
2137 4904 2280 4966 alba,
2318 4904 2372 4959 in
2408 4921 2535 4962 rosa
2564 4923 2696 4963 vero
2745 4911 2912 4964 rubra
2950 4927 3241 4983 apparens,
3284 4931 3560 4986 purpurea

1978 4993 2037 5047 in
2078 4996 2262 5058 violis,
2310 4994 2460 5050 fulva
2504 4997 2560 5051 in
2598 5014 2784 5055 croco.
2831 4999 3009 5071 Super
3058 5003 3219 5060 ficum
3268 5005 3561 5065 uniformis

1977 5088 2194 5157 pluens,
2227 5089 2459 5146 alterius
2495 5090 2687 5146 formae
2728 5091 2982 5160 efﬁcitur,
3028 5096 3207 5152 dulcis
3241 5099 3461 5167 quidem
3503 5102 3561 5156 in

1975 5176 2182 5243 fructu,
2229 5182 2428 5235 acerba
2483 5198 2611 5239 vero
2652 5184 2706 5238 in
2739 5200 3004 5255 expresso
3042 5187 3201 5244 lacte.
3252 5189 3456 5247 Eadem
3502 5195 3561 5248 in

1971 5266 2139 5322 vitem
2177 5269 2472 5326 uniformis
2503 5272 2751 5337 veniens,
2785 5274 3051 5331 densatur
3080 5277 3134 5331 in
3159 5278 3465 5348 capreolos,
3501 5282 3561 5337 in

1969 5359 2241 5429 germina,
2277 5361 2331 5415 in
2366 5378 2520 5427 uvas,
2565 5365 2620 5419 in
2651 5365 2864 5432 botros,
2906 5368 2960 5422 in
2991 5369 3198 5436 vinum,
3234 5372 3290 5426 in
3324 5381 3557 5443 potum:

1970 5457 2049 5513 et,
2102 5463 2164 5509 ut
2215 5454 2532 5508 summatim
2571 5455 2775 5523 dicam,
2832 5458 2888 5512 in
2932 5460 3187 5519 omnibus
3243 5464 3425 5518 omnia
3474 5463 3558 5521 fit.

2614 5573 2670 5653 τί
2695 5577 2819 5630 Act.
2850 5593 2939 5643 xv,
2970 5578 3064 5635 28.
3177 5579 3262 5635 '“l
3292 5582 3421 5638 Cor.
3450 5599 3556 5653 νιι,

1972 5788 2187 5862 ειιιηριιι
2218 5793 2527 5862 noscuntur
2551 5786 2839 5862 ex_Cyrilli
2867 5788 3351 5862 Hierosolymitani
3385 5790 3559 5848 Cate-

1970 5850 2121 5937 ghesi
2142 5867 2264 5937 ενι,
2296 5854 2448 5937 ἐμᾷὸ.
2478 5854 2642 5937 Quod
2692 5850 2916 5932 quidem
2950 5850 3231 5932 perspexit
3262 5862 3334 5920 cl.
3364 5861 3550 5937 Cyril-

1969 5919 2245 5979 lianorum
2270 5919 2451 5982 editor
2478 5919 2769 5989 Toutteus.
