4108 6376
516 417 617 476 9H

520 537 824 597 liniformis
851 549 976 591 cum
1013 535 1108 602 sit,
1144 548 1336 591 eorum
1363 548 1393 589 a
1420 533 1625 605 quibus
1654 535 1973 605 suscipitur,
2006 548 2101 587 na-

513 638 657 695 tura:
702 629 881 692 unita,
927 627 1227 698 unicuique
1275 626 1423 697 quod
1474 635 1557 682 est
1605 626 1955 682 commodum
2000 626 2100 679 tri-

520 722 663 778 buit.
690 719 887 775 Itidem
912 717 1146 789 et-ignis
1173 716 1465 773 uniformis
1493 733 1616 795 cum
1662 718 1752 783 sit,
1784 717 1954 773 variis
1983 732 2102 773 mo-

516 814 606 893 dis
639 821 922 882 operatur,
964 808 1239 876 calefacit,
1278 820 1497 881 purgat,
1533 811 1849 881 concoquit,
1879 811 2095 882 probat,

514 907 811 969 illuminat,
858 903 1034 959 ardet.
1086 903 1171 956 Ad
1203 902 1454 957 eumdem
1503 903 1726 959 modum
1771 911 1827 958 et
1872 911 2100 958 sanctus

518 998 778 1067 Spiritus,
817 1010 942 1049 cum
1001 994 1073 1051 sit
1117 1008 1282 1058 unus,
1329 994 1495 1048 unius
1527 993 1717 1049 formae
1754 1001 1811 1049 et
1848 993 2098 1064 ejusdem

514 1089 685 1150 modi,
741 1087 1017 1157 uniusque
1070 1086 1416 1150 substantiae.
1467 1087 1740 1144 indivisus
1789 1095 1844 1143 et
1889 1088 2101 1158 absque

513 1172 754 1238 defectu,
805 1172 1101 1242 unicuique
1146 1171 1343 1226 dividit
1374 1173 1604 1243 gratiam
1642 1173 1787 1229 sicut
1816 1174 1958 1229 vult.
1997 1172 2097 1229 Ut-

515 1279 624 1335 que
656 1264 710 1317 in
739 1262 948 1335 plantis
977 1262 1096 1318 fieri
1135 1263 1297 1327 solet,
1336 1270 1396 1317 ut
1431 1263 1681 1332 quandiu
1720 1263 1948 1333 quidem
1991 1265 2103 1320 hie-

521 1357 627 1410 mis
661 1354 931 1423 asperitas
968 1353 1248 1423 praevalet,
1277 1352 1616 1422 infrugifera:
1636 1361 1894 1408 maneant
1921 1371 1936 1407 :
1959 1361 2100 1425 post-

515 1462 681 1517 quam
703 1460 833 1501 vero
857 1445 1056 1515 pluviis
1077 1445 1286 1514 rigata,
1308 1445 1424 1500 sole
1444 1445 1716 1510 foventur,
1732 1454 2101 1501 renascuntur

512 1546 571 1594 et
612 1539 945 1608 germinant,
998 1536 1081 1591 sic
1120 1544 1176 1589 et
1223 1536 1540 1590 mortalium
1591 1537 1812 1601 animae,
1852 1537 2099 1607 quandiu

512 1629 738 1699 quidem
767 1628 947 1683 hieme
978 1627 1235 1681 vitiorum
1259 1627 1593 1691 detinentur,
1620 1626 1869 1683 dilliciles
1900 1636 1956 1683 et
1982 1644 2100 1685 om-

513 1722 600 1775 nis
639 1717 1044 1772 communionis
1099 1723 1351 1785 expertes
1403 1730 1585 1771 mores
1634 1730 1764 1787 erga
1815 1718 2098 1787 proximos

512 1808 889 1874 ostendentes,
922 1814 1152 1862 mortuae
1180 1813 1237 1860 et
1270 1804 1608 1876 inirugiferae
1635 1818 1783 1860 sunt.
1824 1804 1961 1859 Cum
1998 1820 2097 1860 au-

512 1908 621 1956 tem
649 1899 888 1954 divinam
914 1898 1154 1968 Spiritus
1187 1898 1426 1967 pluviam
1462 1911 1559 1966 per
1589 1895 1899 1952 doctrinam
1930 1896 2094 1950 insti-

514 1992 748 2047 tutionis
786 1990 1150 2060 susceperint,
1200 1998 1256 2045 et
1303 1988 1700 2060 turpitudinem
1737 2004 1862 2059 qua:
1904 1999 1991 2045 est
2031 2004 2099 2043 ex

510 2082 832 2148 vitiositate,
883 2082 1270 2146 absterserint,
1326 2081 1625 2151 multisque
1667 2079 1956 2137 affectibus
1998 2081 2100 2136 ob—

510 2174 737 2231 noxium
767 2188 1047 2244 corporeae
1089 2174 1251 2228 molis
1291 2173 1679 2227 vestimentum
1715 2170 2094 2241 deposuerint,

510 2281 638 2323 mox
673 2266 729 2321 in
763 2265 847 2322 eis
896 2267 1199 2321 suscitatur
1231 2265 1394 2331 ratio,
1433 2274 1490 2321 et
1519 2264 1681 2335 quasi
1729 2273 2097 2319 renascuntur

507 2373 608 2431 per
635 2357 878 2414 divinam
904 2356 1231 2427 rigationem
1264 2363 1321 2410 et
1343 2355 1582 2411 calorem
1616 2354 1866 2426 spiritus,
1897 2361 1953 2410 et
1981 2354 2098 2422 fru-

502 2460 652 2506 ctum
692 2449 890 2518 ferunt,
947 2447 1251 2504 secundum
1303 2446 1521 2504 Domini
1570 2461 1905 2510 sermonem,
1954 2447 2094 2501 alius

498 2540 719 2612 quidem
760 2541 1101 2606 tricesimum,
1154 2541 1294 2594 alius
1338 2556 1460 2594 uero
1500 2540 1907 2609 sexagesimum,
1950 2539 2094 2593 alius

503 2642 633 2689 luero
656 2634 998 2689 centesimum
1019 2633 1087 2687 ".
1124 2630 1261 2686 Nam
1295 2632 1385 2686 alii
1415 2631 1635 2701 quidem
1665 2631 1734 2687 ad
1764 2633 2086 2702 sapientiam

510 2724 890 2779 accommodat
934 2724 1201 2794 linguam,
1243 2723 1337 2777 alii
1389 2723 1457 2777 ad
1499 2723 1844 2788 vaticinium,
1887 2723 1980 2778 alii
2025 2723 2093 2778 ad

502 2815 829 2872 vdaemonum
870 2815 1274 2885 expulsionem,
1321 2814 1413 2868 alii
1450 2813 1517 2869 ad
1543 2814 1966 2871 declarationem
2002 2829 2091 2870 re-

494 2920 631 2962 drum
680 2905 1020 2962 divinarum.
1081 2906 1262 2961 Alium
1323 2906 1393 2961 ad
1435 2906 1620 2962 sobrie
1669 2905 1964 2963 vivendum
2014 2908 2094 2961 in-

491 3000 694 3063 rstrnit,
738 3000 904 3057 alium
948 2998 1016 3053 ad
1058 2998 1521 3065 misericordiam,
1569 2999 1737 3053 alium
1782 2998 1849 3054 ad
1887 3006 2091 3069 tempe-

506 3091 745 3147 rantiam
793 3090 1102 3147 confirmat.
1135 3091 1318 3145 Alium
1359 3090 1429 3144 ad
1470 3091 1792 3161 martyrium
1846 3090 2002 3161 ungit
2037 3098 2092 3146 et

504 3184 738 3251 excitat,
772 3200 838 3240 ac
877 3184 1130 3241 diversus
1159 3186 1215 3240 in
1250 3184 1358 3238 alio
1380 3197 1506 3238 esse
1543 3183 1779 3248 videtur,
1817 3198 1941 3237 cum
1972 3184 2090 3253 ipse

507 3291 621 3332 non
651 3277 724 3332 sit
754 3276 918 3342 alius,
951 3273 1412 3347 quemadmodum
1448 3271 1686 3328 eximius
1726 3272 1816 3327 ille
1844 3282 1898 3327 et
1939 3287 2089 3328 men-

506 3370 581 3425 tis
631 3369 687 3423 vi
733 3377 1002 3439 prtestans
1035 3366 1231 3421 scribit
1261 3365 1598 3435 Apostolus:
1639 3361 1950 3433 Unicuique,
2001 3363 2088 3417 in-

507 3462 650 3533 quit,
676 3460 839 3514 datur
867 3458 1159 3513 declaratio
1185 3456 1440 3526 Spiritus,
1473 3463 1630 3524 prout
1672 3453 1901 3524 expedit.
1944 3452 2089 3508 Nam

507 3555 605 3609 alii
629 3551 840 3624 quidem
867 3566 961 3620 per
986 3550 1247 3621 Spiritum
1277 3549 1438 3601 datur
1465 3547 1639 3600 oratio
1664 3546 1960 3614 sapientire,
1994 3545 2092 3599 alii

504 3663 623 3702 vero
675 3645 849 3699 oratio
886 3642 1121 3697 scientia:
1167 3637 1454 3695 secundum
1500 3636 1748 3693 eumdem
1798 3635 2086 3707 Spiritum,

505 3740 603 3794 alii
640 3738 771 3809 ﬁdes
812 3739 868 3791 in
915 3734 1096 3791 eodem
1141 3733 1367 3802 Spiritu,
1403 3732 1500 3785 alii
1550 3730 1914 3801 prodigiorum
1955 3730 2087 3800 elic-

503 3833 728 3893 ctiones,
780 3828 877 3883 alii
922 3826 1270 3887 uaticinatio,
1321 3825 1418 3879 alii
1477 3824 1889 3892 dijudicationes
1928 3826 2088 3894 spiri-

510 3932 658 3976 tuum
727 3921 823 3974 alii
852 3935 1043 3989 genera
1080 3917 1407 3988 linguarum,
1444 3916 1542 3970 alii
1582 3917 1947 3985 interpretatio
1983 3917 2089 3971 lin-

503 4028 756 4084 guarum.
789 4010 892 4066 Sed
922 4011 1102 4064 omnia
1128 4007 1238 4063 lucc
1266 4007 1420 4078 efﬁcit
1449 4022 1584 4060 unus
1607 4006 1697 4060 ille
1719 4015 1768 4060 et
1800 4006 1937 4060 idem
1963 4006 2087 4076 Spi-

507 4107 668 4170 ritus,
692 4103 1002 4172 dispertiens
1025 4100 1366 4170 peculiariter
1400 4100 1680 4169 unicuique
1703 4099 1861 4153 sicuti
1890 4100 2000 4152 uult
2015 4099 2084 4154 ⁷⁷.

1583 412 1643 470 S.
1681 410 1987 469 CESARII
2027 407 2366 469 GREGORII
2396 408 2701 466 FRATRIS

3677 405 3788 463 9l2

2209 531 2493 603 ὑπάρχων,
2545 534 2612 603 τῇ
2656 529 2768 583 τῶν
2817 525 3196 599 ὑποδεχομένω
3258 525 3418 596 φύσει
3455 524 3785 596 ἑνούμενοςς

2203 624 2420 693 ἑκάστῳ
2466 622 2774 695 πρόσφορον
2809 619 2985 692 νέμει.
3023 620 3099 672 Τὸ
3130 617 3242 690 πῦρ
3285 616 3469 682 πάλιν,
3516 616 3790 686 μονοειδὲς

2202 718 2437 790 ὑπάρχει
2457 757 2474 780 ,
2502 713 2856 784 πολυτρόπως
2881 713 3127 784 ἐνεργεῖ,
3155 710 3460 783 θερμαίνει,
3493 709 3751 779 καθαίρει
3768 747 3784 768 ,

2203 809 2423 873 πέπτει,
2454 807 2832 878 δοκιμάζεται,
2855 804 3100 875 φωτίζει,
3133 803 3343 872 φλέγει.
3383 800 3659 864 Ὡσαύτως
3692 801 3791 854 καὶ

2199 902 2262 955 τὸ
2289 901 2433 955 θεῖον
2455 900 2704 970 Πνεῦμα,
2734 898 2793 952 ἓν
2818 897 3085 969 ὑπάρχον,
3113 894 3406 966 μονοειδὲς,
3430 894 3784 966 μονότροπον,

2207 992 2538 1064 μονοούσιον,
2594 990 2920 1061 ἀδιαίρετον,
2963 986 3267 1059 ἁλώδητον,
3320 987 3536 1055 ἑκάστῳ
3588 984 3791 1056 διαιρεῖ

2200 1085 2301 1157 τὴν
2341 1085 2525 1155 χάριν,
2556 1082 2740 1147 καθὼς
2769 1082 3036 1153 βούλεταισ
3073 1080 3168 1134 καὶ
3190 1073 3301 1133 οἷον
3334 1077 3429 1131 ἐπὶ
3457 1076 3567 1129 τῶν
3600 1077 3788 1145 φυτῶν

2201 1175 2447 1245 γίνεσθαι
2477 1176 2744 1245 πέφυκεν,
2774 1174 2880 1240 ἕως
2903 1168 3017 1244 ’μὲν
3055 1170 3117 1225 τὸ
3141 1169 3361 1242 άμειδὲς
3398 1166 3492 1222 τοῦ
3521 1167 3789 1239 χειμῶνος

2200 1268 2383 1322 αὑτῶν
2426 1268 2749 1339 ἐπικρατεῖ,
2795 1267 3022 1335 ἄκαρπα
3071 1263 3260 1335 μένειθ
3296 1260 3515 1314 ἐπειδὰν
3557 1260 3614 1313 δὲ
3647 1259 3791 1329 ὑετῷ

2199 1358 2522 1430 νοτιζόμενα
2541 1402 2555 1423 ,
2591 1358 2725 1430 ἡλίῳ
2751 1357 3134 1419 διαθάλπεται,
3164 1354 3381 1408 ἀναϐιοῖ
3404 1354 3500 1406 καὶ
3535 1352 3789 1422 βλαστά-

2200 1468 2283 1505 νει
2302 1468 2317 1482 ο
2345 1449 2489 1504 οὑτω
2520 1451 2616 1503 καὶ
2647 1451 2702 1502 ui
2736 1448 2944 1520 βροτῶν
2976 1448 3167 1519 ψυχαὶ,
3201 1446 3307 1509 ἕως
3334 1445 3432 1516 μὲν
3454 1443 3532 1517 τῷ
3559 1445 3660 1515 τῆς
3689 1462 3793 1497 κα-

2201 1543 2330 1606 κίας
2373 1540 2602 1612 χειμῶνι
2630 1541 2952 1611 κατέχονται
2977 1581 2993 1604 ,
3022 1538 3084 1591 τὸ
3116 1536 3334 1608 ἀμειδὲς
3366 1535 3460 1589 καὶ
3497 1534 3795 1600 ἀκοινώνηο

2203 1651 2298 1687 τον
2349 1632 2485 1705 πρὸς
2531 1632 2659 1699 τοὺς
2696 1631 2867 1695 πέλας
2913 1630 3392 1700 ὲπιδεικνὺμεναι,
3451 1627 3646 1697 νεκραὶ
3693 1626 3794 1678 καὶ

2200 1727 2441 1798 ἄκαρποι
2469 1726 2847 1795 τυγχάνουσιν,
2880 1723 3003 1777 ἐπεὶ
3033 1721 3079 1777 δ’
3106 1721 3171 1776 ἂν
3199 1723 3291 1775 τὸν
3317 1721 3461 1775 θεῖον
3491 1719 3586 1773 τοῦ
3617 1720 3793 1772 11νεὺ-

2204 1836 2370 1889 ματος
2398 1818 2552 1872 ὑετὸν
2575 1817 2662 1871 διὰ
2689 1817 2848 1886 λόγου
2882 1815 3240 1887 κατηχήσεως
3265 1812 3552 1878 δέξωνται,
3602 1813 3696 1865 καὶ
3728 1811 3794 1863 τὸ

2201 1910 2313 1965 ἀπὸ
2339 1910 2539 1974 κακίας
2569 1906 2755 1981 αἶσχος
2797 1908 3228 1979 ἀποτρίψωνται,
3262 1909 3322 1959 τὸ
3352 1904 3663 1969 πολυπαθὲς
3686 1905 3792 1973 τῆς

2201 2000 2336 2072 ὕλης
2364 2002 2577 2072 ἱμάτιον
2613 1999 2951 2072 ἀποθέμεναι
2973 2038 2989 2062 .
3024 1995 3192 2062 αὖθις
3241 1996 3695 2068 ἁναζωπυροῦται
3727 1997 3794 2049 τὸ

2198 2092 2449 2163 λογικὸν,
2504 2095 2600 2148 καὶ
2648 2094 2811 2147 οἱονεὶ
2856 2090 3146 2148 άναὸιοῦσι
3190 2093 3259 2162 τῇ
3313 2090 3436 2163 θείᾳ
3475 2089 3640 2143 νοτίδι
3692 2090 3795 2142 καὶ

2200 2187 2383 2261 θέρμῃ
2413 2186 2509 2240 τοῦ
2545 2186 2899 2257 Πνεὺματος,
2947 2184 3045 2238 καὶ
3099 2183 3565 2253 Καρποφοροῦσι
3587 2224 3603 2244 .
3641 2181 3793 2235 κατά

2195 2279 2295 2350 τὴν
2323 2278 2636 2350 θεηγορίαν,
2668 2281 2702 2331 ό
2738 2277 2858 2347 μὲν
2879 2275 3227 2345 τριάκοντα,
3256 2277 3290 2329 ό
3314 2274 3385 2328 δὲ
3403 2273 3722 2341 ἐξήκοντα,
3757 2275 3794 2326 ό

2196 2370 2268 2425 δὲ
2303 2368 2544 2424 ἑκατόν.
2588 2367 2682 2439 Τῷ
2731 2368 2832 2439 μὲν
2865 2368 2975 2439 γὰρ
3021 2365 3395 2436 συγκέχρηται
3446 2363 3665 2436 γλώττῃ
3705 2365 3796 2427 είς

2198 2462 2412 2531 σοφίαν,
2444 2460 2523 2532 τῷ
2548 2460 2605 2515 δὲ
2635 2463 2715 2524 είς
2743 2458 3101 2531 προφητείαν,
3132 2459 3304 2529 ἑτέρῳ
3323 2457 3379 2510 δὲ
3408 2458 3487 2521 εἰς
3513 2456 3798 2526 δαιμόνων

2195 2552 2545 2624 δραπετείαν,
2576 2551 2789 2621 θατέρῳ
2817 2549 2873 2603 δὲ
2903 2551 2986 2613 είς
3030 2550 3329 2619 σαφήνειαν
3350 2547 3458 2601 τῶν
3480 2547 3794 2617 θειοτέρων,

2198 2644 2383 2716 ἕτερον
2418 2644 2475 2697 δὲ
2503 2645 2800 2715 σωφρονεῖν
2827 2640 3095 2705 παιδεύει,
3128 2640 3361 2712 θάτερον
3391 2639 3448 2692 δὲ
3477 2639 3671 2700 ἐλεεῖν,
3694 2639 3795 2693 ἄλ-

2194 2736 2285 2789 λον
2313 2735 2447 2807 πρὸς
2476 2735 2803 2807 ἐγκράτειαν
2830 2733 3117 2803 ῥώννυσιν,
3165 2732 3355 2803 ἕτερον
3391 2730 3532 2802 πρὸς
3578 2727 3798 2801 μαρτὺ-

2199 2844 2311 2898 ριον
2340 2827 2552 2896 ἀλείφει
2582 2829 2676 2881 καὶ
2715 2828 3013 2896 ὑποφωνεῖ,
3043 2826 3271 2895 θάτερον
3300 2827 3359 2879 ὲν
3381 2824 3555 2895 ἑτέρῳ
3596 2824 3795 2895 φαινό-

2197 2934 2376 2989 μενον,
2409 2917 2540 2971 αὐτὸ
2567 2917 2624 2971 δὲ
2654 2917 2752 2988 οὑχ
2791 2916 2978 2988 ἓτερον
2998 2934 3011 2947 ·
3060 2915 3244 2980 καθὼς
3286 2917 3315 2970 ό
3344 2916 3547 2987 ὑψηλὸς
3574 2915 3798 2980 ἐκεῖνος

2194 3010 2288 3063 καὶ
2315 3009 2481 3071 πολὺς
2508 3009 2607 3080 τὴν
2630 3009 2870 3062 διάνοιαν
2891 3008 3094 3078 γράφει
3139 3003 3478 3068 Ἀτιτόςιυιολος⁹
3502 3004 3791 3073 Ἐκάστῳ,

2195 3100 2351 3169 φησὶ,
2386 3097 2620 3152 δίδοται.
2647 3101 2686 3166 ἡ
2720 3097 3064 3169 φανέρωσις
3098 3095 3206 3151 τοῦ
3252 3097 3601 3166 Πνεύματος
3635 3099 3799 3164 πρὸς

2194 3189 2261 3245 τὸ
2298 3190 2633 3259 συμφέρον.
2674 3179 2745 3262 ᾮ
2775 3189 2893 3259 μὲν
2919 3190 3029 3259 γὰρ
3056 3188 3156 3242 διὰ
3180 3187 3289 3243 τοῦ
3317 3189 3666 3257 Πνεύματος
3692 3187 3795 3241 δί-

2192 3278 2360 3335 δοται
2385 3280 2567 3349 λόγος
2588 3279 2831 3349 σοφίας,
2849 3279 3019 3343 ἄλλῳ
3037 3278 3106 3333 δὲ
3128 3280 3313 3347 λόγος
3332 3276 3611 3350 γνώσεως
3637 3278 3800 3331 κατὰ

2191 3370 2260 3426 τὸ
2294 3371 2442 3427 αὐτὸ
2495 3372 2759 3441 Πνεῦμα,
2799 3371 2980 3442 ἑτέρῳ
3025 3371 3094 3425 δὲ
3139 3373 3342 3437 π’ίστις
3377 3370 3450 3424 ἐν
3496 3369 3577 3433 τῷ
3627 3369 3797 3436 αὺτῷ

2193 3465 2523 3533 Πνεύματι·
2557 3462 2727 3530 ἄλλῳ
2748 3464 2819 3517 δὲ
2849 3464 3222 3533 ἐνεργήματα
3251 3462 3586 3533 δυνάμεων.
3619 3461 3799 3526 ἄλλῳ

2191 3553 2262 3608 δὲ
2297 3555 2664 3624 προφητεία,
2707 3554 2881 3623 ἄλλῳ
2915 3555 2987 3609 δὲ
3030 3555 3361 3623 διακρίσεις
3403 3553 3794 3624 πνευμάτων,

2194 3644 2371 3713 ἑτέρῳ
2414 3645 2559 3715 γένη
2604 3647 2923 3716 γλωσσῶν,
2969 3646 3137 3714 ἄλλῳ
3175 3645 3243 3701 δὲ
3274 3646 3557 3714 ἑρμηνεία
3586 3648 3794 3714 γλωσ-

2194 3736 2354 3791 σῶν·
2387 3737 2585 3794 πάντα
2610 3737 2680 3793 δὲ
2709 3739 2899 3794 ταῦτα
2925 3739 3161 3809 ἐνεργεῖ
3195 3738 3264 3793 τὸ
3299 3738 3371 3793 ἐν
3404 3738 3503 3792 καὶ
3535 3737 3603 3791 τὸ
3639 3738 3796 3793 αὑτύ

2195 3824 2460 3894 Πνεῦμα,
2492 3824 2767 3892 διαιροῦν
2790 3824 2912 3887 ἰδίᾳ
2958 3827 3196 3893 ἑκάστῳ
3233 3826 3428 3892 καθὼς
3467 3826 3793 3890 βούλεται.

2194 3917 2406 3988 Ὠσπερ
2435 3916 2544 3989 γάρ
2575 3916 2767 3982 ὕδατος
2801 3930 2863 3971 το
2891 3918 3190 3990 χλοοποιεῖν
3217 3917 3311 3971 καὶ
3350 3916 3664 3990 σήπ[τ]ειν,
3695 3920 3797 3970 καὶ

2192 4010 2363 4081 πυρὸς
2385 4009 2559 4064 καίειν
2579 4010 2673 4064 καὶ
2697 4011 2973 4079 φωτίζεινε
2998 4009 3171 4074 οὕτως
3191 4011 3287 4064 καὶ
3314 4008 3408 4064 τοῦ
3438 4008 3586 4063 θείου
3616 4008 3795 4063 Ilvati-

2200 4118 2390 4172 ματος,
2415 4103 2721 4174 εὐεργετεῖν
2756 4103 2851 4157 καὶ
2889 4103 3159 4167 κολάζειν.
3693 4100 3700 4114 ¹

506 4195 978 4266 Quemadmodum
1024 4193 1191 4264 igitur
1223 4207 1365 4262 aqua
1406 4191 1516 4245 vim
1566 4190 1731 4245 habet
1781 4191 2120 4259 producendi
2163 4192 2389 4258 herbas,
2441 4203 2496 4251 et
2553 4195 2991 4269 putrefaciendi;
3035 4196 3201 4268 ignis,
3243 4193 3442 4251 urendi
3483 4202 3540 4251 et
3580 4193 3797 4249 illumi-

507 4289 716 4346 nandi:
755 4289 837 4343 sic
880 4286 1053 4343 divini
1095 4283 1337 4354 Spiritus
1383 4293 1488 4348 est,
1539 4282 1867 4338 benefacere
1916 4291 1971 4337 et
2000 4283 2295 4355 castigare.

930 4399 1446 4457 INTERROGATIO
1485 4398 1669 4453 XLIV.

581 4495 720 4564 Quia
759 4500 815 4550 te
854 4493 1127 4549 medicum
1175 4494 1370 4547 anima:
1422 4491 1906 4563 deprehendimus,
1951 4490 2088 4546 affa-

506 4589 607 4645 tim
654 4585 1159 4643 demonstrationes
1214 4583 1565 4638 adhibentem
1624 4582 1825 4638 animis
1884 4583 2093 4637 nostris

506 4678 864 4742 medicinam,
897 4684 953 4730 et
983 4675 1052 4729 ab
1083 4687 1267 4728 errore
1290 4680 1652 4737 asserentem,
1686 4686 2003 4742 quaesumus
2029 4679 2091 4726 ut

506 4771 737 4841 adjicias
774 4769 842 4823 ad
876 4767 1160 4838 praemissa
1206 4765 1275 4820 de
1320 4765 1550 4835 angelis,
1587 4780 1720 4819 num
1769 4765 1936 4834 aliqui
1976 4763 2089 4821 sint

505 4876 696 4917 eorum
721 4859 964 4922 ordines,
1001 4866 1057 4912 et
1084 4864 1239 4927 quot,
1271 4863 1326 4911 et
1359 4856 1548 4925 quales
1569 4855 1681 4910 sint
1704 4861 1923 4922 natura,
1953 4869 2086 4909 num

506 4952 636 5008 item
672 4966 794 5022 quae
828 4949 1017 5005 futura
1048 4958 1179 5003 sunt
1209 4946 1413 5002 sciant.

1143 5057 1452 5129 Responsio.

579 5156 761 5213 Creati
790 5155 1010 5226 quidem
1044 5160 1175 5209 sunt
1203 5152 1405 5222 angeli,
1440 5161 1494 5206 et
1522 5149 1747 5205 obnoxii
1774 5148 2085 5216 mutationi,

509 5253 738 5322 Spiritus
791 5247 1092 5304 rationales
1135 5244 1204 5299 ad
1257 5243 1628 5298 ministerium
1667 5242 1846 5310 missi,
1899 5257 2088 5312 quem-

508 5342 803 5399 admodum
845 5340 1022 5411 inquit
1065 5337 1375 5393 divinorum
1412 5335 1717 5389 carminum
1767 5341 1980 5397 auctor,
2030 5342 2086 5389 et

506 5450 631 5491 cum
680 5434 799 5503 ipso
841 5429 1046 5487 Paulus
1099 5432 1493 5484 consentiens:
1527 5426 1632 5494 Qui
1688 5427 1820 5496 facit
1867 5427 2082 5497 angelos

508 5540 631 5579 suos
666 5524 906 5593 spiritus,
953 5531 1001 5576 et
1032 5521 1303 5573 ministros
1342 5535 1464 5572 suos
1513 5518 1648 5588 ignis
1677 5517 1953 5584 ﬂammam
1991 5518 2081 5586 ⁷⁸;

508 5618 707 5688 quibus
739 5616 919 5671 verbis
949 5614 1114 5669 simul
1147 5620 1202 5668 et
1237 5620 1491 5665 naturam
1523 5618 1579 5666 et
1619 5611 1962 5681 maiestatem
1989 5628 2084 5668 eo-

2779 4406 3031 4460 ΠΕΥΣῙΣ
3062 4408 3168 4462 ΜΔ⁹
3181 4418 3211 4462 .‘

2274 4498 2378 4551 Ἰατ
2388 4499 2479 4570 ρόν
2506 4517 2565 4553 σε
2587 4498 2816 4571 ψυχικὸν
2846 4501 3158 4573 εὑράμενοι,
3184 4499 3388 4564 ἱκανῶς
3410 4499 3499 4553 διὰ
3518 4499 3633 4554 τῶν
3653 4501 3801 4556 ἀπο-

2191 4586 2410 4653 δείξεων
2441 4588 2817 4660 θεραπεύοντα
2841 4590 2998 4662 ἡμῶν
3026 4591 3123 4655 τὰς
3155 4590 3358 4662 ψυχὰς,
3392 4590 3487 4644 καὶ
3516 4589 3623 4660 τῆς
3647 4591 3795 4645 πλά-

2192 4696 2290 4749 νης
2330 4680 2613 4752 ῥυόμενον,
2646 4683 2880 4753 δεόμεθά
2910 4700 3005 4736 σου
3052 4682 3370 4754 προσθεῖναι
3426 4684 3539 4744 τοῖς
3571 4681 3796 4751 ῥηθεῖσι

2193 4771 2324 4841 περὶ
2372 4771 2640 4840 ἀγγέλων,
2693 4773 2790 4827 καὶ
2825 4774 2875 4826 εί
2919 4772 3180 4843 τάγματά
3210 4773 3362 4825 ἐστιν
3388 4768 3632 4835 αὐτῶν,
3690 4770 3797 4825 καὶ

2193 4862 2357 4917 πόσαι
2382 4863 2540 4935 (14⁸),
2569 4863 2666 4919 καὶ
2694 4865 2842 4928 τίνες
2865 4863 2963 4937 τὴν
3000 4863 3187 4935 φύσιν,
3220 4862 3318 4917 καὶ
3349 4862 3400 4914 εί
3423 4864 3494 4913 τὰ
3519 4858 3797 4931 μέλλοντα

2192 4951 2388 5007 οἴδασι.

2810 5070 3178 5139 Ἀπόκρισις.

2265 5161 2492 5215 Κτιστοὶ
2534 5167 2631 5232 μὲν
2672 5162 2726 5215 οί
2775 5162 2999 5231 ἄγγελοι
3037 5163 3132 5216 xui.
3179 5162 3440 5234 τρεπτοὶ,
3489 5161 3794 5233 πνεύματα

2193 5245 2389 5315 λογικὰ
2417 5250 2496 5313 εἰς
2523 5249 2799 5312 διακονίας
2831 5248 3296 5320 ἀποστελλόμενα,
3330 5246 3518 5312 καθώς
3553 5266 3727 5321 φησιν
3759 5251 3793 5302 ὁ

2193 5340 2302 5395 τῶν
2333 5341 2489 5395 θείων
2524 5343 2782 5414 μελῳδὸς,
2816 5343 2911 5397 καὶ
2944 5342 3062 5414 μετ’
3093 5341 3255 5396 αὑτὸν
3290 5341 3525 5406 Παῦλος,
3557 5342 3791 5412 ὁμοφώ-

2191 5452 2298 5498 νως
2321 5453 2335 5465 ·
2386 5435 2438 5488 '0
2477 5435 2665 5490 ποιῶν
2701 5435 2844 5502 τοὺς
2884 5434 3179 5504 ἀγγέλους
3224 5433 3414 5487 αὐτοῦ
3443 5435 3788 5504 πνεύματα,

2192 5526 2292 5579 καί
2327 5526 2470 5593 τοὺς
2510 5526 2896 5596 λειτουργοὺς
2920 5524 3107 5581 αὐτοῦ
3148 5523 3339 5593 πυρὸς
3382 5526 3616 5594 φλόγα·
3644 5526 3790 5595 ὁμοῦ

2193 5617 2295 5687 τὴν
2328 5617 2490 5685 φύσιν
2525 5618 2618 5671 καὶ
2650 5618 2749 5689 τὴν
2795 5616 2952 5683 ἀξίαν
2988 5608 3297 5689 δηλοῦντες.
3343 5616 3517 5671 Ἑπτὰ
3546 5616 3610 5670 δὲ
3652 5632 3790 5689 τυτ-

582 5733 631 5766 "
663 5733 851 5787 Matth.
883 5746 1006 5794 xm,
1039 5730 1093 5783 8.
1167 5730 1212 5760 ⁷⁷
1250 5728 1267 5782 l
1308 5728 1432 5782 Cor.
1468 5743 1568 5789 xu,
1603 5726 1751 5779 'i—ll.
1828 5726 1875 5757 ⁷⁸
1916 5724 2062 5782 Psal.
2096 5742 2215 5802 om,
2242 5732 2309 5802 4;
2355 5732 2519 5790 Hebr.
2554 5751 2593 5800 ι,
2633 5736 2683 5789 7.

583 5878 718 5950 (μ’)
745 5880 956 5932 Πόσαι.
979 5874 1139 5931 Forte
1162 5876 1324 5941 πόσα,
1350 5876 1432 5930 vel
1461 5875 1640 5931 πόσοι.
1666 5878 1818 5932 Eutr.
