4108 6376
251 370 342 427 913

253 496 455 567 χάνουσι
483 493 761 564 τάγματα,
803 494 988 561 καθὼς
1020 495 1221 563 Ἰούδας
1245 496 1473 568 ἔγραψε,
1505 499 1600 552 καὶ
1629 500 1658 550 ὁ
1678 499 1818 570 ὑψητ

251 584 329 651 ibi;
355 585 725 656 ἐξαριθμεῖται
781 586 1103 652 Ἀπόστολος
1125 605 1138 620 ο
1167 582 1212 657 ᾧ
1238 590 1331 643 καὶ
1360 588 1617 661 ἑπόμενοι
1648 592 1697 644 oi
1720 591 1821 661 τῆς

254 678 388 742 θείας
414 678 636 749 τελετῆς
670 681 835 750 ἱερεῖς
857 680 1201 750 ἀναφωνοῧσι
1233 683 1352 754 Θεῷ
1371 700 1384 713 ’
1419 683 1498 736 Σὲ
1520 684 1824 753 ὑμνοῦσιν

252 772 500 843 ἄγγελοι,
533 771 922 842 ἀρχάγηελοι,
952 774 1153 839 θρόνοι
1171 816 1186 839 ,
1212 776 1590 844 κυριότητες,
1620 777 1824 846 ἀρχαὶ,

254 861 545 927 ἐξουσίαι,
615 861 923 930 δυνάμεις.
984 863 1106 916 Ὅτι
1157 864 1215 917 δὲ
1268 865 1531 935 τρεπτοὶ,
1590 867 1827 939 ἐναργὴς

268 949 510 1017 ιπόδειξις
532 966 547 979 ⁸
603 949 727 1003 Ἐπὶ
763 952 824 1005 τὸ
861 954 1044 1023 χεῖρον
1087 954 1318 1025 τραπεὶς
1365 955 1673 1027 ἀρχέκακος
1705 957 1826 1011 διά-

176 1112 179 1116 γ
270 1042 421 1106 ὶολος,
468 1045 885 1115 συναποστήσας
913 1044 1095 1115 ἑαυτῷ
1136 1045 1355 1109 ἱκανοὺς
1398 1045 1509 1101 τῶν
1554 1047 1826 1116 ἀγγέλων,

255 1133 309 1185 οὐ
337 1134 495 1200 φύσει
521 1174 536 1200 ,
570 1132 706 1187 ἀλλά
751 1132 944 1205 γνώμῃ
976 1134 1288 1207 τραπέντας
1317 1139 1382 1208 τῇ
1415 1138 1704 1212 ὑποσπορᾷ
1734 1140 1832 1194 τοῦ

259 1223 396 1293 σφῶν
422 1226 748 1296 ἡγουμένου,
775 1226 923 1297 αὑτῷ
949 1226 1283 1299 κατάλληλον
1308 1229 1403 1282 τοῦ
1432 1230 1710 1302 δράματος
1733 1232 1834 1303 τὴν

257 1317 618 1389 προσηγορίαν
647 1316 963 1390 δεξαμένου.
1011 1319 1106 1374 Ἐκ
1145 1321 1254 1393 γὰρ
1300 1322 1395 1375 τοῦ
1438 1323 1745 1379 διαϐάλλειν
1774 1324 1836 1379 τὸ

257 1408 517 1479 ὁμόφυλον
552 1409 893 1482 φερωνύμως
919 1411 1182 1485 κέκληται
1225 1413 1475 1478 διάϐολος
1495 1433 1508 1446 ⁸
1541 1416 1718 1470 Σατάν
1743 1417 1800 1471 δὲ
1818 1455 1834 1481 ,

259 1502 318 1554 ὲκ
341 1501 432 1555 τοῦ
457 1501 574 1572 Θεῷ
622 1503 714 1556 καὶ
738 1503 1048 1576 ἀνθρώποις
1084 1507 1427 1561 ἀντικεῖσθαι
1456 1524 1470 1538 ·
1496 1507 1578 1562 διὸ
1609 1509 1704 1562 καὶ
1726 1510 1836 1562 τῶν

261 1592 639 1664 ὑπερκοσμίων
672 1595 1085 1666 κατήρρακταν
1126 1597 1221 1650 καὶ
1266 1597 1371 1652 ὑπὸ
1432 1599 1694 1673 Ἰεζεκιὴλ
1722 1602 1837 1671 (I5)

259 1683 348 1737 τοῦ
381 1683 669 1738 θεσπεσίου
712 1686 820 1739 τῶν
856 1688 1139 1760 Χερουϐὶμ
1169 1688 1439 1762 ἐξηγητοῦ
1480 1691 1829 1757 ὀνειδίζεται·

259 1772 385 1839 Πῶς
412 1774 710 1844 ἐξέπεσας
751 1777 816 1831 ἐκ
866 1778 974 1833 τοῦ
1006 1780 1270 1848 οὐρανοῦ
1318 1784 1352 1836 ό
1398 1782 1710 1852 ἑωσφόρος
1738 1824 1754 1849 ,
1804 1786 1838 1838 ό

258 1865 408 1934 πρωϊ
451 1866 801 1923 ἀνατέλλων
818 1886 838 1935 ;
879 1869 1014 1940 ὁμοῦ
1063 1870 1124 1925 τὸ
1174 1871 1420 1941 πυρῶδες
1462 1876 1555 1928 καὶ
1603 1876 1842 1944 φωτικὸν

260 1956 354 2027 τῆς
385 1955 632 2026 φύσεως,
680 1961 776 2014 καὶ
810 1963 1141 2033 ἡγεμονικὸν
1182 1965 1283 2035 τῆς
1326 1964 1532 2031 τάξεως
1565 1968 1633 2038 τῇ
1671 1969 1844 2023 εἰκόνι

257 2046 349 2101 τοῦ
377 2049 669 2120 φωστῆρος
702 2052 1007 2122 παριστῶν.
1035 2056 1106 2108 Συ
1115 2055 1350 2127 μφώνως
1369 2057 1425 2111 δὲ
1447 2058 1621 2126 τούτῳ
1646 2061 1847 2134 Δανιὴλ

265 2136 360 2210 τὴν
398 2139 704 2213 μοχθηρίαν
733 2141 900 2195 αὐτοῦ
931 2144 1260 2216 διαϐάλλων,
1289 2148 1384 2201 καὶ
1419 2149 1518 2221 τὴν
1549 2150 1850 2225 ὑπαγωγὴν

262 2229 375 2283 τῶν
405 2232 688 2303 ἑπομένων
709 2235 896 2306 φησιν.

1666 374 2009 431 DIALOGUS
2046 377 2087 432 I.

3404 368 3515 424 9η

1926 514 2052 553 rum
2110 497 2448 570 signiﬁcant.
2511 494 2736 569 Septem
2786 505 2920 551 vero
2965 500 3096 553 sunt
3155 488 3402 556 ordines,
3456 494 3522 546 ut

1927 592 2152 663 scripsit
2175 589 2348 647 Iudas
2371 590 2442 658 ⁷⁸,
2470 596 2526 645 et
2556 587 2794 646 eximius
2824 592 3112 643 enumerat
3136 581 3432 654 Apostolus
3447 580 3519 646 ⁸⁸,

1926 700 2088 755 quem
2146 691 2202 739 et
2257 691 2566 754 sequuntur
2623 682 2766 737 sacri
2815 677 3058 735 ministri
3106 675 3271 732 oIIicii
3324 674 3521 740 divini,

1925 777 2058 831 dum
2092 776 2203 830 alta
2231 776 2475 830 clamant
2506 787 2642 829 voce
2686 772 2755 828 ad
2800 770 2972 826 Deum
3008 788 3024 824 :
3060 768 3131 824 Te
3163 766 3412 822 laudibus
3441 781 3528 821 ee—

1929 869 2137 923 lebrant
2184 866 2389 938 angeli,
2450 865 2795 936 archangeli,
2834 861 3047 927 throni,
3094 860 3523 925 dominationes,
3593 863 3596 866 ’

1927 962 2278 1030 principatus,
2312 967 2619 1028 potestates,
2655 961 2896 1012 virtutes.
2927 953 3085 1021 Quod
3115 967 3247 1008 vero
3286 950 3529 1006 mutabi-

1932 1054 2013 1110 les
2039 1054 2172 1117 sint,
2203 1052 2431 1107 evidens
2457 1061 2543 1107 est
2577 1047 2980 1106 demonstratio
3010 1064 3024 1100 :
3066 1044 3136 1101 ad
3167 1044 3372 1100 malum
3402 1057 3532 1097 ver-

1934 1162 2031 1201 sus
2081 1153 2276 1200 auctor
2306 1144 2398 1199 ille
2444 1142 2574 1197 mali
2607 1140 2888 1205 diabolus,
2927 1152 3118 1194 secum
3170 1135 3240 1191 ad
3271 1134 3534 1191 defectio-

1937 1253 2061 1292 nem
2106 1236 2311 1291 multos
2355 1234 2679 1305 angelorum
2721 1234 2975 1294 trahens,
3011 1244 3122 1284 non
3163 1237 3383 1293 natura,
3429 1227 3540 1282 sed.

1934 1333 2220 1388 voluntate
2258 1339 2502 1385 mutatos
2544 1345 2641 1401 per
2665 1327 2829 1384 ducis
2851 1328 2938 1384 sui
2971 1326 3403 1398 suggestionem,
3434 1321 3543 1393 quit

1937 1428 2331 1493 congruentem
2393 1434 2497 1476 suo
2565 1419 2711 1473 facto
2773 1417 3019 1488 suscepit
3086 1413 3534 1485 appellationem.

1936 1513 2074 1589 Nam
2124 1516 2193 1569 ab
2238 1529 2307 1570 eo
2359 1513 2510 1584 quod
2558 1512 2697 1568 alios
2751 1511 2840 1567 sui
2873 1509 3094 1582 generis
3141 1505 3535 1570 calumniatur,

1940 1608 2166 1680 proprie
2192 1606 2515 1663 nominatus
2547 1612 2633 1662 est
2672 1604 2974 1672 diabolus;
3008 1600 3181 1657 Satan
3209 1613 3342 1656 vero
3365 1613 3435 1652 ex
3470 1611 3549 1654 eo

1941 1699 2086 1770 quod
2136 1700 2247 1754 Deo
2298 1705 2353 1754 et
2401 1697 2719 1753 hominibus
2766 1696 3127 1760 adversatur;
3195 1696 3541 1763 quaprOpter

1945 1792 2111 1847 etiam
2137 1792 2206 1847 de
2251 1790 2392 1846 locis
2422 1790 2536 1847 illis
2573 1789 3018 1845 ultramundanis
3060 1787 3270 1859 ejectus
3309 1792 3399 1841 est
3437 1801 3452 1838 :
3485 1790 3549 1839 et

1948 1883 2094 1954 apud
2139 1882 2487 1938 Ezechielum
2522 1880 2776 1955 [Isaiam]
2813 1880 3061 1936 divinum
3108 1887 3288 1934 vatem
3332 1876 3546 1933 Cheru-

1945 1975 2165 2039 borum,
2220 1974 2439 2045 probris
2483 1974 2788 2031 incessitur
2826 1969 3150 2037 :Quomodo
3195 1967 3444 2023 decidisti
3478 1966 3556 2023 de

1949 2067 2101 2132 calo,
2139 2067 2351 2135 lucifer,
2385 2068 2479 2139 qui
2506 2083 2662 2121 mane
2689 2064 2947 2121 oriebaris
2972 2064 3055 2118 "‘2
3079 2061 3260 2118 Simul
3286 2067 3343 2117 et
3364 2059 3549 2130 ignem

1951 2160 2340 2228 lucentemque
2387 2164 2644 2211 naturam
2692 2155 2839 2225 ejus,
2878 2160 2940 2207 et
2982 2149 3330 2223 principatus
3369 2144 3551 2215 digni-

1955 2256 2148 2314 tatem,
2195 2248 2252 2302 in
2289 2246 2511 2313 ordine,
2554 2262 2651 2317 per
2695 2241 3117 2300 similitudinem
3152 2235 3445 2294 Iuminaris
3480 2231 3553 2287 ilo

261 2320 366 2381 lius
425 2327 764 2397 exprimens.
828 2330 962 2385 Cum
1020 2331 1123 2387 hoc
1169 2341 1354 2388 autem
1406 2338 1768 2397 consentiens
1838 2340 2140 2409 Danielus,
2188 2342 2488 2413 nequitiam
2542 2340 2665 2410 ejus
2712 2336 2989 2399 traducit.
3017 2344 3072 2390 et
3125 2329 3565 2390 subductionellk

262 2413 594 2478 sectatorum
634 2426 881 2495 exponit.

345 2514 625 2583 Ἀγνοοῦσι
650 2517 707 2569 δὲ
728 2516 845 2588 ἅμα
873 2516 1081 2589 βροτοῖς
1106 2520 1201 2574 καὶ
1221 2520 1444 2591 ἄγγελοι
1463 2523 1533 2577 τὰ
1558 2525 1824 2595 μέλλοντα
1840 2546 1856 2561 ο

267 2606 431 2677 μόνης
465 2607 574 2678 γάρ
602 2609 705 2679 τῆς
754 2609 902 2673 θείας
946 2611 1177 2684 Τριάδος
1228 2614 1523 2683 γινώσκειν
1566 2619 1635 2673 τά
1700 2620 1854 2687 ὄντα,

263 2701 356 2753 καὶ
389 2699 790 2772 προγινώσκειν
843 2700 914 2756 τὰ
938 2703 1196 2773 ἐσόμενα.
1236 2708 1554 2762 Διακονοῦσι
1590 2710 1648 2764 δὲ
1684 2712 1860 2785 ταύτῃ

263 2791 358 2845 καὶ
400 2794 534 2863 ἡμῖν
561 2809 573 2820 ·
610 2795 676 2864 τῇ
724 2793 825 2863 μὲν
864 2792 1187 2865 θεοπρεπῶς
1219 2796 1582 2864 δουλεύοντες,
1634 2804 1747 2866 τοῖς
1798 2802 1856 2855 δὲ

263 2883 620 2954 οἰκονομικῶς
642 2925 657 2951 ,
695 2886 832 2957 πρὸς
859 2888 1132 2960 σωτηρίαν
1160 2889 1229 2943 τά
1258 2891 1389 2961 παρ’
1430 2892 1648 2964 ἐκείνης
1689 2911 1858 2965 προσ-

263 2977 567 3048 ταττόμενα
588 2995 601 3008 ·
635 2979 766 3042 τοὺς
804 2979 905 3050 μὲν
934 2980 1286 3051 ἀναιροῦντες
1317 2982 1404 3037 διά
1436 2983 1634 3037 κακίαν
1672 2984 1859 3057 ἀδιόρ-

268 3068 436 3121 θωτον
458 3110 473 3133 ,
496 3071 646 3133 ὅπως
689 3071 765 3142 μὴ
807 3071 911 3142 τῆς
938 3069 1119 3142 λύμης
1148 3074 1512 3144 ἐμφορεῖσθαι
1549 3076 1678 3138 τοὺς
1703 3077 1856 3145 ἐγγί-

268 3159 497 3237 ζονταςβ
546 3162 691 3216 κατά
717 3162 846 3227 τοὺς
891 3164 1089 3234 σοφοὺς
1134 3164 1244 3218 τῶν
1273 3164 1497 3239 ἰατρῶν,
1534 3170 1582 3221 οἱ
1626 3169 1733 3240 πρὸ
1762 3168 1861 3223 τοῦ

267 3252 579 3326 διαχεθῆναι
605 3254 747 3308 κατά
770 3256 972 3319 παντὸς
995 3254 1091 3310 τοῦ
1122 3254 1375 3329 σώματος
1407 3257 1504 3329 τὴν
1532 3256 1627 3313 τοῦ
1659 3259 1865 3325 πάθους

268 3345 470 3418 λώϐην,
511 3346 749 3418 καυτῆρι
789 3346 822 3416 ἢ
878 3348 1020 3418 τομῇ
1075 3348 1175 3418 τὴν
1221 3349 1403 3420 ῥύμην
1435 3351 1859 3416 ἀνακόπτοντες.

274 3438 454 3509 Ὅπερ
488 3438 582 3491 καὶ¹
613 3439 879 3508 γεωργοῖς
910 3438 1309 3506 σπουδάζεται,
1335 3439 1453 3511 ἅμα
1482 3439 1558 3511 τῷ
1587 3442 1866 3495 ἀνατεῖλαι

269 3523 428 3592 αὖθις
461 3526 716 3599 ὲκριζοῦν
745 3526 817 3580 τὰ
852 3525 1090 3594 ζιζάνια,
1131 3529 1343 3600 μήποτε
1376 3529 1740 3599 συμφυόμενα
1772 3530 1868 3583 καί¹

274 3621 558 3692 ὑψούμενα
578 3658 594 3684 ,
623 3619 715 3673 τὸν
745 3622 892 3673 σῖτον
943 3619 1296 3690 λυμήνωνται
1320 3637 1334 3650 ·
1367 3621 1465 3674 καὶ
1492 3621 1870 3694 ἀμπελουργοὶ

272 3712 333 3766 δὲ
363 3711 445 3765 ἔτι
474 3710 782 3776 ποάζουσαν
818 3712 948 3782 πρὶν
976 3711 1388 3783 περιπλακῆναι
1409 3714 1477 3783 τῇ
1513 3712 1746 3784 ἀμπέλῳ
1770 3713 1871 3783 τὴν

274 3805 589 3877 ἀγχομένην
631 3804 969 3870 ἀνασπῶσιν,
1011 3803 1044 3874 ἢ
1083 3806 1149 3876 τῇ
1196 3804 1439 3876 δρεπάνῃ
1471 3806 1869 3877 ύποτέμνουσι,

273 3895 415 3966 πρὸς
457 3894 519 3948 τὸ
571 3890 649 3964 μὴ
676 3894 772 3947 τδν
815 3892 1011 3964 βότρυν
1060 3892 1432 3963 λυμήνασθαι.
1481 3892 1653 3946 Τοῦτο
1702 3897 1799 3948 καὶ
1842 3898 1872 3949 ὁ

273 3985 523 4057 γεωργὸς
553 3985 650 4054 τῆς
686 3983 962 4054 ἡμετέρας
1009 3982 1227 4052 φύσεως
1273 3983 1368 4035 καὶ
1405 3983 1505 4053 τῆς
1545 3982 1874 4054 Ἐκκλησίας

274 4074 662 4146 ἀμπελουργὸς
691 4076 866 4126 ποιεῖν
898 4073 1089 4126 εἴωθεν
1112 4092 1126 4104 ·
1174 4072 1570 4144 προγινώσκων
1609 4073 1703 4127 τοῦ
1739 4075 1871 4127 ὑπο-

274 4165 463 4220 τίτθου
515 4164 615 4236 τὴν
658 4164 911 4239 ὀλεθρίαν
963 4164 1229 4236 αύξησιν·
1283 4166 1380 4220 καὶ
1424 4166 1543 4237 ἅμα
1590 4166 1670 4236 τῷ
1709 4166 1875 4236 φῦναι

275 4254 517 4329 ἐκριζῶν
543 4256 638 4309 καὶ
668 4254 930 4309 ἀνασπῶν
963 4256 1052 4308 τὸν
1075 4254 1295 4327 ἑτέρους
1324 4256 1576 4328 ἀνασπᾷν
1611 4256 1877 4328 μέλλοντα

275 4351 523 4421 δράμασι
546 4347 642 4403 καὶ
665 4347 930 4419 δόγμασιν
952 4346 1231 4411 ἀπωλείας
1251 4364 1264 4377 ·
1287 4347 1320 4420 ἢ
1351 4348 1439 4401 διὰ
1460 4349 1521 4401 τὸ
1545 4348 1877 4421 κουφότερον

275 4441 537 4512 γενέσθαι
568 4439 647 4511 τῷ
676 4441 1061 4511 ἀναιρουμένῳ
1103 4439 1203 4511 τὴν
1240 4439 1598 4514 ὀφειλομένην
1635 4440 1746 4495 τῶν
1779 4442 1870 4512 βε·-

277 4534 570 4605 6ιωμένων
603 4533 861 4603 μάστιγα.
902 4533 966 4585 Ol
1002 4530 1112 4602 γὰρ
1140 4529 1374 4585 ἐνταῦθα
1398 4532 1498 4596 τάς
1522 4531 1752 4596 εὐθύνας
1771 4533 1876 4588 ύπ-

278 4627 523 4698 έχοντες,
554 4628 648 4680 καὶ
678 4627 779 4696 τὴν
803 4628 920 4679 ἐκεῖ
941 4623 1431 4696 προαποτινοῦντες
1457 4626 1593 4695 (15‘)
1613 4644 1870 4698 ταμιευο-

284 4718 461 4789 μένην
504 4717 680 4789 δίκην,
720 4717 1070 4787 ἀμεθόδευτοι
1115 4716 1334 4771 δοκοῦσί
1368 4735 1458 4788 μοι
1485 4717 1705 4773 ἔσεσθαι
1736 4721 1877 4793 ὑπὲρ

278 4801 365 4864 ὧν
402 4808 831 4880 ἀπολελόγηνται
853 4825 869 4841 ⁸
902 4810 1001 4880 οὐχ
1033 4808 1173 4881 ὑπὲρ
1202 4800 1279 4862 ὧν
1304 4809 1574 4881 διαφόρως
1611 4811 1820 4865 ἀνεῖλεν
1849 4815 1879 4866 ὁ

284 4900 597 4971 μιαιφόνος,
629 4900 743 4954 ἀλλ’
787 4900 928 4970 ὑπὲρ
968 4893 1031 4954 οὗ
1066 4903 1160 4954 καὶ
1190 4900 1260 4954 δι’
1291 4895 1353 4955 οὗ
1381 4902 1481 4973 τὴν
1513 4904 1608 4956 ἐπὶ
1647 4903 1875 4959 θανάτου

279 4993 494 5068 ἀρτίως
548 4992 837 5062 ἐπάγεται.
899 4991 1210 5062 Ὀφθαλμὸν
1246 4992 1357 5063 γὰρ
1408 4995 1532 5048 ἀντὶ
1572 4993 1877 5067 ὀφθαλμοῦ,

282 5086 386 5138 καὶ
413 5085 603 5139 ὀδόντα
625 5085 747 5138 ἀντὶ
778 5084 1011 5149 ὀδόντος,
1041 5085 1137 5137 καὶ
1163 5083 1252 5137 τὸν
1275 5084 1535 5155 ἐκχέοντα
1559 5079 1700 5156 αἷμα
1727 5087 1883 5139 ἀναι-

285 5176 506 5250 ρεῖσθαι
531 5180 561 5231 ὁ
589 5176 732 5241 θεῖος
752 5176 1125 5231 διακελεύεται
1159 5176 1343 5248 νόμος.

2031 2523 2293 2596 Ignorant
2347 2529 2530 2575 autem
2584 2532 2694 2573 una
2742 2531 2869 2572 cum
2917 2511 3238 2569 hominibus
3282 2521 3338 2567 et
3373 2507 3566 2581 angeli»

1959 2634 2052 2675 res
2111 2614 2369 2679 futuras;
2436 2610 2619 2667 solius
2656 2609 2804 2666 enim
2852 2615 3060 2663 saneta:
3109 2603 3396 2660 Trinitatis
3443 2609 3554 2666 est,

1963 2706 2153 2764 omnia
2185 2705 2391 2760 habere
2436 2702 2682 2772 cognita,
2714 2708 2771 2756 et
2817 2697 3079 2770 praescire
3119 2710 3184 2751 ea
3214 2709 3337 2765 qua:
3369 2691 3557 2747 futura

1961 2809 2112 2858 sunt.
2140 2796 2458 2852 Ministrant
2485 2800 2668 2849 autem
2700 2799 2755 2847 et
2781 2792 2911 2846 huic
2949 2797 3005 2845 et
3028 2787 3192 2844 nobis
3226 2785 3397 2841 :rhuic
3425 2785 3557 2855 qui-

1962 2890 2111 2954 dem,
2145 2893 2209 2942 ut
2235 2899 2365 2956 erga
2400 2882 2568 2938 Deum
2596 2895 2696 2951 par
2725 2887 2833 2943 est,
2870 2877 3216 2940 servientes;
3235 2871 3397 2928 nobis
3427 2886 3569 2928 vero

1964 2984 2296 3051 praestantes
2336 2990 2403 3030 ea
2431 2960 2555 3043 qdae
2587 2972 2658 3026 ad
2701 2971 2935 3026 salutem
2980 2967 3158 3024 nostri
3189 2975 3344 3021 certo
3370 2962 3560 3020 consi-

1966 3073 2042 3127 lio
2086 3070 2224 3140 ipsis
2253 3069 2326 3124 ab
2352 3081 2419 3123 ea
2459 3062 2819 3120 mandantur.
2857 3060 3046 3131 Itaque
3094 3057 3394 3114 nonnullos
3437 3070 3563 3127 pro-

1971 3173 2090 3236 pter
2116 3160 2383 3217 malitiam
2415 3160 2472 3214 in
2503 3172 2611 3228 qua
2639 3155 2828 3211 nullus
2857 3151 3231 3209 emendationi
3261 3150 3416 3206 locus
3453 3160 3560 3214 est,

1973 3257 2272 3329 perimunt,
2296 3269 2365 3309 ne
2388 3252 2622 3323 proximi
2650 3250 2857 3321 quique
2890 3245 3155 3318 perniciei
3190 3244 3561 3315 implicentur,

1967 3358 2027 3404 ut
2058 3346 2361 3422 prudentes
2389 3342 2587 3398 medici
2632 3341 2835 3406 solent,
2867 3339 2986 3410 qui,
3014 3347 3311 3408 antequam
3345 3352 3444 3408 per
3478 3344 3566 3393 to-

1966 3451 2081 3499 tum
2110 3455 2317 3511 corpus
2345 3436 2691 3493 dlll’undatur
2729 3432 2911 3488 morbi
2942 3432 3162 3495 vitium,
3196 3428 3447 3483 cauterio
3470 3436 3567 3483 aut

1973 3536 2227 3592 sectione
2257 3533 2522 3602 impetum
2551 3528 2676 3598 ejus
2711 3531 3023 3595 amputant.
3046 3522 3108 3577 Id
3132 3522 3283 3593 quod
3316 3521 3387 3576 ab
3414 3524 3567 3591 agri-

1968 3628 2108 3684 colis
2141 3627 2307 3682 etiam
2339 3623 2590 3679 studiose
2617 3620 2967 3679 observatur,
3003 3623 3067 3671 ut
3116 3630 3243 3670 ntox
3276 3615 3333 3669 in
3366 3621 3567 3670 exortu

1971 3719 2144 3773 malas
2199 3717 2402 3771 herbas
2454 3711 2762 3774 eradicent,
2796 3725 2867 3765 ne
2921 3707 3064 3763 forte
3111 3707 3277 3763 simul
3325 3714 3469 3762 nata:
3510 3716 3569 3761 et

1973 3824 2195 3867 sursum
2231 3809 2546 3869 tendentes,
2582 3804 2835 3859 triticum
2873 3800 3209 3871 opprimant.
3244 3799 3353 3854 Sed
3402 3809 3460 3854 et
3489 3797 3570 3852 vi-

1972 3901 2183 3956 nitores
2213 3898 2441 3953 herbam
2491 3895 2635 3949 vites
2677 3892 3064 3955 suﬂ‘ocantem,
3091 3890 3220 3945 dum
3271 3887 3454 3943 adhuc
3493 3897 3571 3942 te-

1974 4009 2108 4050 nera
2141 4000 2251 4057 est,
2306 4000 2602 4060 antequam
2648 3988 2744 4041 viti
2799 4000 2924 4041 sese
2961 3983 3239 4055 implicet,
3273 3981 3568 4046 revellunt,
3661 3981 3671 3999 ‘

1975 4092 2074 4139 aut
2103 4083 2246 4138 falce
2278 4089 2555 4145 resecant,
2580 4096 2651 4136 ne
2686 4092 2792 4133 uva
2824 4077 3079 4133 laedatur.
3113 4072 3231 4131 Hoc
3251 4082 3306 4130 et
3330 4072 3575 4145 agricola

1977 4177 2071 4232 ille
2117 4165 2325 4230 nostra:
2359 4181 2574 4229 naturae
2618 4178 2676 4227 et
2710 4168 2972 4224 Ecclesiae
3007 4167 3213 4223 vinitor
3248 4164 3434 4221 facere
3478 4179 3573 4220 so-

1979 4267 2075 4321 let.
2119 4264 2435 4320 Praavidens
2454 4263 2578 4333 ejus
2610 4261 2705 4332 qui
2742 4259 2927 4314 adhuc
2959 4260 3170 4314 lactens
3211 4256 3282 4312 ab
3304 4254 3574 4311 uberibus

1979 4359 2211 4431 pendet,
2262 4357 2635 4429 perniciosum
2682 4355 3124 4417 incrementum,
3170 4349 3405 4405 interim.
3438 4348 3571 4402 dum

1978 4453 2203 4517 crescit,
2228 4450 2474 4507 eradicat
2505 4458 2560 4505 et
2598 4448 2783 4504 evellit
2810 4461 2937 4501 eum
2977 4444 3073 4514 qui
3102 4443 3255 4499 alios
3271 4442 3571 4497 evulsurus

1979 4554 2099 4598 erat
2122 4558 2219 4613 per
2240 4557 2409 4613 opera
2439 4548 2494 4597 et
2524 4534 3574 4605 doctrinasexitiales..Aut‘propterea,

1985 4642 2046 4688 ut
2069 4636 2141 4690 sit
2172 4634 2349 4690 levius
2387 4634 2510 4704 ipso
2538 4632 2760 4687 sublato
2797 4629 3075 4701 ﬂagellum
3106 4626 3232 4682 aliis
3257 4626 3329 4681 ob
3357 4640 3422 4681 ea
3450 4640 3575 4695 quas

1987 4730 2042 4782 in
2073 4727 2185 4782 vita
2224 4726 2614 4799 designarunt,
2644 4724 2926 4788 debitum;
2958 4735 3085 4775 nam
3119 4719 3214 4790 qui
3261 4717 3357 4772 hic
3382 4731 3574 4787 poenas

1986 4822 2248 4887 subeunt,
2279 4829 2336 4876 et
2386 4833 2606 4890 poenam
2641 4818 2843 4873 futura
2883 4815 3011 4871 vita:
3044 4812 3458 4886 pmvenientes.
3480 4808 3576 4867 de-

1988 4909 2259 4980 pendunt,
2294 4908 2351 4963 in
2378 4922 2476 4964 eos
2515 4907 2649 4961 mihi
2683 4906 2898 4961 videtur
2929 4919 3040 4958 non
3080 4901 3323 4972 amplius
3348 4896 3577 4969 inquisi-

1991 5016 2104 5059 tum
2131 5004 2200 5059 iri
2228 5018 2397 5074 super
2425 5002 2494 5058 iis
2522 5002 2590 5058 de
2617 5001 2827 5072 Quibus
2851 4996 3246 5055 satisfecerunt
3274 5012 3288 5049 :
3320 5008 3431 5048 non
3458 5007 3577 5062 pro-

1987 5104 2110 5166 pter
2137 5110 2201 5151 ea
2235 5110 2358 5166 quae
2404 5093 2553 5148 varie
2592 5090 2872 5147 commisit
2925 5088 3224 5153 homicida,
3272 5086 3373 5142 sed
3406 5085 3479 5140 ob
3519 5082 3576 5138 id

1992 5186 2152 5257 cujus
2177 5202 2345 5242 causa
2376 5201 2574 5241 recens
2618 5185 2915 5239 damnatus
2947 5182 3017 5238 ad
3051 5190 3284 5235 mortem
3329 5176 3570 5242 ducitur,

282 5280 354 5326 ut
396 5272 616 5327 oculum
661 5271 864 5342 pendat
907 5286 1006 5343 pro
1037 5272 1222 5337 oculo,
1265 5270 1484 5328 dentem
1514 5289 1614 5345 pro
1648 5273 1813 5332 dente
1844 5295 1859 5332 :
1886 5279 2016 5337 item
2051 5290 2113 5337 ut
2144 5282 2238 5339 ille
2286 5283 2380 5355 qui
2419 5282 2742 5353 sanguinem
2791 5278 3007 5342 ell'udit,
3055 5274 3574 5343 interﬁciatur,.lex

283 5368 480 5424 divina
515 5366 784 5438 praecipit.

366 5459 477 5513 Καὶ
506 5458 568 5511 τὸ
602 5458 678 5530 μὴ
708 5457 870 5512 πάλιν
897 5458 1095 5523 αὐτοὺς
1120 5461 1545 5532 ἐκτιμωρεῖσθαι
1571 5462 1711 5535 ὑπὲρ
1736 5465 1873 5519 ὲκεί-

2056 5464 2125 5519 Ει
2161 5480 2230 5519 ne
2266 5479 2460 5519 rursus
2495 5458 2661 5516 iidem
2693 5456 3003 5514 aﬂiciantur
3032 5453 3303 5528 supplicio
3348 5459 3573 5525 prepter

366 5621 418 5656 ⁷⁸
449 5620 607 5677 Iudae
651 5638 706 5688 v,
740 5621 798 5678 6.
871 5624 920 5656 ”
953 5623 1153 5681 Enhes.
1192 5640 1234 5692 ι,
1263 5624 1369 5696 21;
1406 5626 1621 5685 Coloss.
1653 5646 1694 5697 ι,
1730 5629 1818 5686 16.

1981 5628 2086 5684 Isa.
2124 5640 2240 5693 xrv,
2270 5625 2359 5681 12.

373 5782 488 5854 (15)
523 5784 672 5854 Ὑπὸ
686 5853 695 5854 ί
708 5784 999 5854 uersum.
1019 5784 1203 5842 Locus
1220 5786 1289 5840 ab
1305 5796 1534 5844 auctore
1548 5789 1750 5847 citatus
1770 5808 1880 5850 non

290 5853 485 5913 exstat
507 5853 653 5928 apud
679 5853 1046 5929 Ezechielem,
1070 5856 1175 5915 sed
1196 5857 1398 5931 legitur
1426 5860 1534 5918 Isa.
1552 5876 1666 5932 nv,
1697 5863 1785 5921 12.

1982 5791 2193 5920 EI’(115')
2245 5784 2820 5861 Προαποτινοῦντες,
2851 5782 3019 5843 Forte
3062 5782 3579 5856 προαποτιννύντες.

2088 5878 2168 5920 τι

2088 5878 2168 5920 τι
