4108 6376
505 438 613 494 915

508 559 700 616 eadem
733 557 950 620 delicta,
988 562 1176 626 aperte
1203 554 1446 609 dicitur:
1482 552 1607 609 Non
1642 555 1813 624 capiet
1839 552 2091 606 ultionem

511 655 773 710 Dominus
803 653 879 706 bis
908 651 971 706 de
1005 650 1268 706 eodem".
1300 649 1490 719 Neque
1521 650 1667 705 enim
1695 649 1799 702 hoc
1827 645 1970 717 apud
1994 660 2096 699 nos

510 760 728 816 aequum
765 753 875 810 est,
916 744 1020 798 sub
1060 743 1277 797 duobus
1303 741 1586 811 iudicibus
1631 738 1815 809 puniri
1856 737 2094 806 aliquem

511 851 690 891 reum.
733 833 868 888 Nam
912 835 1038 887 dum
1073 832 1157 886 hic
1183 831 1515 901 judicamur,
1539 845 1572 882 a
1600 827 1826 881 Domino
1861 827 2095 895 castiga-

513 943 652 991 mur,
698 942 760 979 ne
792 941 911 979 cum
961 924 1155 976 mundo
1199 922 1512 975 dantnemur
1533 919 1601 972 ⁸³.
1640 918 1705 971 Et
1733 917 1969 972 eximius
2014 918 2098 969 in-

513 1020 632 1089 quit
666 1018 964 1087 Apostolus
997 1033 1010 1069 :
1042 1015 1208 1081 Quem
1249 1013 1424 1082 diligit
1458 1011 1712 1064 Dominus
1770 1009 2015 1078 castigat,
2049 1016 2099 1061 et

514 1110 733 1178 carripit
784 1124 989 1162 omnem
1038 1107 1210 1177 ﬁlium
1250 1122 1402 1176 quem
1440 1106 1659 1174 suscipit
1684 1104 1750 1154 ⁸⁸.
1795 1101 1915 1156 Non
1960 1100 2099 1154 alios

516 1199 736 1271 quidem
765 1199 1021 1269 suscipit,
1054 1198 1190 1252 alios
1219 1212 1349 1252 vero
1379 1197 1595 1266 rejicit;
1629 1194 1725 1251 sed
1757 1194 1847 1247 alii
1877 1192 2099 1264 quidem

517 1291 630 1355 hic,
667 1290 758 1344 alii
807 1305 934 1344 vero
975 1290 1088 1345 illic
1131 1289 1187 1344 id
1240 1288 1467 1354 faciunt,
1524 1287 1851 1358 recipientes
1896 1287 2098 1355 ipsum,

518 1388 615 1434 aut
659 1380 1024 1450 repudiantes
1048 1394 1146 1451 per
1184 1379 1301 1449 ipsa
1348 1378 1629 1433 mandata.
1671 1374 1791 1430 Non
1826 1375 1971 1429 enim
2012 1373 2101 1428 via

517 1475 668 1542 regia
708 1486 933 1527 causam
960 1473 1163 1543 praebet
1191 1471 1598 1527 offendentibus
1632 1477 1729 1522 aut
1753 1466 2099 1530 cadentibus,

519 1564 616 1619 sed
661 1565 878 1633 ipsimet
912 1564 1041 1619 dum
1077 1564 1254 1619 oculis
1294 1564 1795 1633 circumvagantur,
1830 1566 1886 1615 et
1912 1559 2104 1612 incau-

519 1653 596 1708 tis
629 1654 861 1724 pedibus
897 1654 1179 1710 incedunt.
1209 1652 1432 1708 Tollunt
1462 1652 1629 1723 igitur
1655 1651 1829 1720 angeli
1871 1664 1972 1704 eos
2008 1648 2100 1717 qui

519 1740 580 1798 in
616 1744 824 1798 malitia
854 1754 1226 1814 perseverant,
1270 1750 1601 1799 conservant
1624 1756 1754 1797 vero
1785 1756 1881 1796 eos
1913 1739 2006 1810 qui
2036 1738 2102 1791 ad

522 1833 782 1889 virtutem
819 1850 941 1891 sese
968 1846 1316 1891 convertunt.
1348 1834 1608 1906 Egressus
1668 1833 1814 1887 enim
1844 1840 1923 1886 est
1950 1846 2106 1900 ange-

523 1925 607 1981 lus
647 1926 857 1981 Domini
877 1943 942 1981 ea:
978 1930 1191 1989 castris,
1222 1939 1271 1982 et
1298 1927 1562 1997 interfecit
1597 1936 1806 1982 centum
1833 1923 2099 1994 octoginta

521 2018 749 2087 quinque
799 2019 970 2072 millia
1020 2019 1438 2090 alienigenarum
1458 2019 1526 2084 ⁸⁸,
1582 2018 1841 2088 inquiunt
1887 2014 2108 2070 Littera:

521 2123 717 2164 sacras.
752 2109 887 2165 ltem
948 2111 1176 2180 angelus
1212 2110 1501 2166 suﬂ'ocavit
1544 2109 1905 2181 primogenita
1939 2106 2109 2179 [Egy-

521 2202 623 2272 pti.
656 2201 722 2255 Et
756 2202 1001 2272 :angelus
1037 2202 1371 2273 impediebat
1404 2200 1800 2270 profectionem
1838 2199 2107 2264 Balaami,

520 2291 705 2347 euntis
753 2290 822 2345 ad
867 2290 1181 2356 Balaacum,
1214 2302 1275 2345 ut
1301 2291 1469 2347 Israel
1503 2299 1914 2359 exsecraretur,
1947 2307 2108 2362 quem

520 2382 614 2437 ubi
672 2384 960 2452 conspexit
1003 2384 1340 2454 jumentum,
1398 2384 1548 2454 quod
1610 2386 1789 2454 ipsum
1831 2383 2109 2454 portabat,

523 2482 673 2530 metu
704 2476 1154 2545 perhorrescens,
1181 2478 1452 2542 substitit,
1494 2479 1735 2533 humana
1758 2492 1893 2532 voce
1926 2486 2112 2532 vecto-

524 2585 641 2626 rem
692 2572 1119 2641 reprehendens.
1162 2572 1463 2628 Michaelus
1513 2572 1877 2642 archangelus
1917 2571 1984 2625 ad
2024 2569 2115 2625 Je-

525 2678 650 2718 sum
684 2662 831 2719 Nave
857 2665 1025 2719 tilium
1070 2667 1349 2733 mittitur;
1380 2664 1669 2720 Gabrielus
1704 2666 1770 2720 ad
1804 2664 2111 2727 Danielum,

527 2762 591 2808 ut
612 2754 1065 2825 interpretaretur
1089 2756 1140 2810 ei
1170 2757 1417 2820 somnia;
1452 2756 1521 2810 ad
1553 2754 1901 2820 Zachariam,
1934 2763 1994 2809 ut
2024 2769 2116 2809 an-

525 2846 811 2901 nmtiaret
831 2845 1059 2902 Joannis
1106 2848 1481 2913 nativitatem;
1516 2846 1584 2900 ad
1620 2854 1853 2902 matrem
1886 2855 1937 2900 et
1971 2861 2117 2901 sem-

525 2949 628 3007 per
671 2948 985 2992 manentem
1029 2938 1299 3007 virginem
1338 2937 1593 3005 Mariam,
1637 2938 1705 2994 de
1732 2936 1829 2992 Dei
1858 2945 1914 2992 et
1950 2935 2116 2992 Verbi

528 3030 934 3100 conceptione;
978 3030 1048 3085 ad
1086 3029 1314 3086 Tobiam
1376 3030 1690 3101 Raphaelus
1736 3030 1997 3094 mittitur,
2047 3029 2117 3083 ad

528 3120 863 3189 portandum
918 3120 1041 3191 ejus
1095 3136 1303 3191 peram,
1354 3131 1408 3176 et
1456 3121 1524 3176 ad
1573 3121 1949 3176 comitandum
1984 3135 2119 3190 qua-

529 3211 837 3267 tttordecim
865 3211 1005 3278 dies,
1030 3227 1367 3282 uxoremque
1387 3212 1682 3282 legitimam
1711 3209 2114 3281 copulandutn;

529 3311 586 3359 et
636 3303 704 3359 ad
758 3303 1126 3375 separandum
1183 3305 1261 3358 ab
1295 3304 1647 3359 interfectore
1702 3302 1948 3357 daemone
1993 3315 2114 3357 eam

531 3408 654 3462 qua:
689 3394 808 3449 viro
830 3409 925 3463 per
955 3395 1136 3464 ipsum
1160 3394 1352 3463 juncta
1386 3402 1528 3455 erat,
1563 3401 1619 3448 et
1652 3392 1719 3447 ad
1755 3391 2114 3463 aperiendum

529 3486 722 3542 oculos
757 3502 951 3542 socero
977 3502 1212 3557 sponsae,
1255 3487 1541 3541 volucrum
1583 3501 1827 3550 stercore
1859 3496 2114 3547 caecatos,

531 3587 589 3633 et
618 3594 880 3650 expressa
919 3581 1088 3650 piscis
1126 3581 1234 3636 bile
1271 3579 1577 3635 restitutos.
1619 3577 1727 3633 Sed
1762 3585 1817 3632 et
1853 3577 1959 3630 alia
1993 3577 2117 3647 plu-

530 3668 674 3723 rima
710 3672 1030 3740 angelorum
1073 3671 1323 3728 invenies
1356 3671 1686 3736 ministeria,
1729 3670 1783 3723 in
1819 3669 2120 3724 Abrahami

530 3762 666 3829 vita,
698 3772 753 3817 et
799 3764 989 3825 Mosis.
1038 3773 1094 3820 et
1134 3763 1363 3829 Maneat,
1410 3764 1556 3834 apud
1603 3763 2034 3827 Bethlehemum,
2066 3771 2121 3816 et

532 3870 804 3929 pastores,
862 3862 1007 3926 apud
1054 3869 1472 3917 monumentum
1522 3859 1751 3927 Christi,
1803 3869 1856 3914 et
1900 3860 1955 3912 in
1999 3858 2118 3928 ejus

532 3952 881 4007 ascensione.

872 4042 1391 4100 INTERROGATIO
1419 4042 1788 4099 XLV-XLVI.

606 4134 774 4206 Atqui
811 4137 857 4193 si
902 4152 993 4191 res
1031 4134 1250 4191 futuras
1299 4138 1558 4207 ignorant
1602 4137 1804 4207 angeli,
1844 4132 2121 4210 quomodo

536 4223 766 4282 Danielo
792 4228 1043 4298 praedicit
1083 4228 1137 4281 in
1186 4228 1464 4300 Babylone
1521 4227 1762 4293 Gabriel,
1811 4235 1935 4299 post
1986 4243 2123 4298 qua-

540 4318 863 4390 dringentos
926 4322 1207 4392 octoginta
1258 4331 1483 4390 tresque
1544 4335 1718 4375 annos
1774 4321 2121 4374 nasciturum

540 4410 821 4467 Christum
845 4411 1024 4466 ?Nam
1052 4412 1339 4483 sexaginta
1383 4428 1580 4469 novem
1616 4411 2011 4474 hebdomadas,
2055 4410 2125 4466 de

541 4504 744 4572 quibus
779 4504 846 4558 ad
874 4505 1055 4574 ipsum
1091 4504 1442 4575 loquebatur,
1470 4504 1817 4572 septuaginta
1851 4517 2124 4558 annorum

542 4594 917 4652 hebdomadas
947 4612 1073 4653 esse
1102 4597 1436 4665 interpretes
1462 4596 1707 4651 tradunt.

1179 4685 1486 4755 Responsio.

613 4777 720 4833 Sed
753 4792 863 4833 non
903 4778 1125 4847 propria
1154 4778 1500 4848 prmscientia
1532 4776 1586 4832 id
1613 4776 1907 4843 indicavit;
1934 4792 2123 4832 verum

542 4885 880 4940 quascunque
906 4870 1083 4941 angeli
1123 4886 1153 4923 a
1188 4885 1424 4941 superna
1451 4869 1722 4940 sapientia
1754 4868 1998 4934 discunt,
2030 4870 2124 4923 illa

542 4963 753 5019 dicunt.
792 4961 1027 5017 Sanctas
1053 4962 1200 5017 enim
1227 4978 1317 5018 res
1339 4977 1370 5015 a
1398 4977 1555 5018 sacra
1591 4960 1858 5016 Trinitate
1880 4962 2121 5026 discunt,

541 5062 598 5109 et
626 5055 694 5110 ab
721 5055 857 5124 ipsis
908 5069 1106 5109 rursus
1148 5054 1419 5116 homines,
1475 5053 1628 5109 etab
1678 5054 1991 5110 hominibus
2032 5055 2124 5109 alii

544 5147 667 5201 loco
705 5145 1002 5203 inferiores
1031 5161 1155 5217 quae
1188 5155 1518 5217 sequuntur.

945 5259 1472 5316 INTERROGATIO
1512 5259 1719 5314 XLVII.

1576 435 1636 491 S.
1675 432 1976 491 CAESARI]
2007 430 2338 490 GREGORII
2376 431 2679 490 FRATRIS

3672 422 3769 482 9N5

2199 570 2325 615 νων,
2365 551 2659 623 διαρρήδην
2690 550 2808 622 βοᾷο
2834 552 2954 604 Οὐκ
2973 547 3281 616 ἐκδικήσει
3306 545 3525 613 Κύριος
3548 541 3645 608 δίς
3677 543 3768 596 ἐπὶ

2198 645 2266 698 τό
2297 644 2467 699 αὐτό,
2494 642 2631 696 Οὐδὲ
2659 641 2769 712 γάρ
2795 640 2924 711 παρ’
2957 641 3092 711 ἡμῖν
3131 636 3287 692 τοῦτο
3318 635 3531 689 δίκαιον
3560 632 3666 686 ὑπὸ
3684 631 3771 686 δύο

2198 737 2404 812 κριτῶν
2436 735 2761 802 κολάζεσθαι
2815 734 2909 787 τὸν
2947 731 3261 788 κατάδικον.
3289 729 3643 799 Κρινόμενοι
3671 726 3773 797 γὰρ

2198 831 2493 896 ἐνταῦθα,
2539 830 2659 884 ὑπὸ
2703 828 2927 895 Κυρίου
2964 823 3382 893 παιδευόμεθα,
3411 822 3516 875 ἵνα
3534 818 3621 890 μὴ
3660 818 3772 873 σὺν·

2198 921 2280 988 τῷ
2330 922 2537 991 κόσμῳ
2586 906 3031 988 κατακριθῶμεν
3053 932 3070 948 ⁸
3129 914 3222 969 καί
3279 929 3443 985 φησιν
3502 913 3532 966 ό
3582 909 3774 982 ὑψηλὸς

2213 1016 2553 1081 Ἀπόστολος
2584 1016 2687 1068 "Or
2710 1010 2912 1083 ἀγαπᾷ
2939 1012 3177 1080 Κύριος,
3197 1007 3484 1062 παιδεύει·
3505 1003 3779 1075 μαστιγοῖ

2201 1107 2270 1160 δὲ
2307 1107 2504 1161 πάντα
2531 1105 2669 1161 υἱὸν
2698 1104 2772 1159 ὃν
2802 1102 3217 1172 παραδέχεται.
3247 1100 3323 1153 Οὐ
3354 1100 3482 1162 τοὺς
3516 1098 3613 1168 μὲν
3646 1098 3776 1151 ἀτω-

2203 1199 2440 1270 δέχεται,
2471 1200 2597 1263 τοὺς
2621 1198 2677 1252 δὲ
2714 1195 3049 1251 ἀπωθεῖται·
3086 1194 3199 1248 ἀλλ’
3231 1194 3279 1246 oi
3308 1191 3409 1263 μὲν
3450 1189 3705 1255 ἐνταῦθα,
3728 1192 3775 1243 οἱ

2201 1289 2259 1343 δὲ
2307 1291 2425 1343 ἐκεῖ
2455 1288 2614 1343 τοῦτο
2657 1287 2871 1341 ποιοῦσι
2894 1328 2909 1352 ,
2940 1284 3367 1359 παραδεχόμενοι
3398 1282 3582 1346 αὑτὸν,
3616 1282 3650 1352 ἢ
3681 1282 3779 1335 ἀπο

2202 1382 2499 1453 ωθούμενοι
2519 1381 2609 1436 διὰ
2631 1381 2740 1435 τῶν
2765 1379 3012 1435 ἐντολῶν.
3037 1380 3113 1433 Οὐ
3140 1379 3247 1452 γὰρ
3274 1377 3422 1452 αἰτία
3453 1378 3488 1445 ή
3518 1373 3781 1442 λεωφόρος

2201 1480 2315 1539 τοῖς
2362 1476 2798 1548 προσκόπτουσιν
2839 1473 2873 1544 ἢ
2921 1473 3231 1534 πίπτουσιν,
3278 1469 3396 1524 ἀλλ’
3438 1469 3638 1521 ἐκεῖνοι
3683 1464 3784 1531 ἐξω

2205 1570 2415 1640 ταύτης
2442 1569 2550 1623 τῶν
2580 1567 2879 1639 ὀφθαλμῶν
2914 1566 3294 1638 περιάγοντες,
3331 1561 3427 1616 καλ⁸
3457 1560 3784 1631 ἀφυλάκτοις

2208 1661 2336 1715 ποσὶ
2368 1660 2693 1733 βαδίζοντες.
2736 1657 3043 1727 Ἀναιροῦσι
3075 1657 3259 1710 τοίνυν
3286 1653 3509 1723 ἄγγελοι
3553 1649 3784 1722 πονηρίᾳ

2208 1753 2568 1825 ἐμμένοντας,
2597 1750 2922 1817 διασώζουσι
2967 1750 3027 1804 δὲ
3078 1750 3207 1812 τοὺς
3242 1749 3325 1801 ἐπ’
3360 1746 3564 1818 ἀρετὴν
3590 1760 3785 1814 τρεπο-

2211 1846 2425 1917 μένους.
2465 1846 2569 1910 Ἐξ
2574 1843 2720 1913 ἦλθε
2743 1837 2853 1908 γὰρ
2891 1842 3142 1914 ἄγγελος
3164 1840 3385 1908 Kvpiov
3403 1839 3476 1891 ἐκ
3499 1836 3610 1904 τῆς
3644 1851 3789 1902 παρα

2207 1935 2489 2006 εμϐολῆς,
2537 1935 2635 1989 καὶ
2669 1933 2912 1987 ἀνεῖλεν
2947 1929 3165 1986 ἑκατὸν
3207 1927 3578 1999 ὀγδοήκοντα
3612 1923 3790 1977 πέντε

2209 2029 2486 2101 χιλιάδας
2525 2028 2910 2097 ἀλλοφύλων,
2964 2023 3129 2096 φησιν
3178 2025 3210 2094 ή
3248 2021 3367 2076 θεία
3414 2018 3640 2089 Πυκτήο
3690 2018 3785 2071 καὶ

2217 2125 2469 2197 ἄγγελος,
2566 2122 2757 2193 φησὶν,
2799 2120 2989 2189 ἔπνιγε
3019 2118 3088 2173 τὰ
3128 2115 3407 2184 Αἰγύπτου
3450 2111 3790 2182 πρωτότοκα,

2211 2216 2305 2268 καὶ
2337 2212 2565 2283 ἄγγελος
2616 2208 2769 2284 εἶργε
2817 2211 2915 2282 τῆς
2943 2208 3169 2281 πορείας
3213 2206 3307 2259 τὸν
3339 2203 3606 2271 Βαλαὰμ,
3658 2199 3797 2270 πρὸς

2213 2305 2432 2360 Βαλαὰκ
2466 2304 2832 2376 πορευόμενον
2870 2301 2963 2357 τὸν
3003 2297 3223 2371 Ἰσραὴλ
3259 2292 3702 2367 καταράσασθαι,
3733 2291 3795 2343 δν

2213 2399 2273 2451 τὸ
2299 2399 2464 2471 φέρον
2490 2395 2651 2451 αὐτόν
2674 2394 2988 2464 ὑποζύγιον,
3014 2391 3372 2462 θεασάμενον,
3399 2388 3477 2459 τῷ
3508 2386 3617 2440 δέει
3652 2383 3795 2452 πτῆ-

2215 2491 2312 2557 ξαν
2347 2488 2703 2551 συνεκάθισε,
2744 2485 3060 2558 ἀνθρωπεία
3106 2486 3260 2556 φωνῇ
3306 2483 3398 2535 τὸν
3426 2477 3796 2550 ὲποχούμενον

2214 2578 2508 2649 διελέγχον.
2559 2575 2782 2648 Μιχαὴλ
2824 2577 2852 2629 δ
2893 2574 3232 2647 ἀρχάγγελος
3284 2572 3420 2643 πρὸς
3461 2569 3556 2623 τὸν
3591 2566 3803 2636 Ἰησοῦν

2214 2671 2310 2725 τοῦ
2350 2672 2508 2743 Ναυῆ
2547 2670 2978 2726 ἀποστέλλεται⁸
3018 2665 3262 2739 Γαϐριὴλ
3285 2666 3423 2736 πρὸς
3456 2663 3549 2715 τὸν
3579 2658 3801 2730 Δανιὴλ,

2215 2763 2628 2834 διασαφηνίξειν
2677 2762 2827 2833 αὐτῷ
2876 2760 2948 2815 τὰ
2991 2761 3274 2832 όνείρατα’
3320 2759 3458 2830 πρὸς
3498 2755 3806 2826 Ζαχαρίαν,

2215 2859 2316 2931 τὴν
2376 2857 2623 2911 Ἰωάννου
2670 2856 2886 2924 γένεσιν
2920 2852 3072 2925 αὐτῷ
3112 2849 3575 2922 εὐαγγελίσασθαι
3600 2865 3615 2878 ·
3668 2847 3812 2917 πρὸς

2216 2951 2316 3023 τὴν
2353 2950 2565 3024 μητέρα
2611 2949 2867 3003 ἀείπαιδα
2918 2947 3173 3018 Μαρίαν,
3216 2944 3347 3016 περὶ
3388 2944 3489 3014 τῆς
3529 2940 3626 2996 τοῦ
3670 2939 3811 2993 Θεοῦ

2218 3043 2394 3112 Λόγου
2428 3042 2741 3112 συλλήψεως
2762 3057 2775 3072 °
2819 3039 2957 3113 πρὸς
2991 3039 3084 3093 τὸν
3124 3036 3304 3109 Τοεὴτ
3335 3037 3364 3089 ό
3410 3033 3680 3104 Ῥαφαὴλ,
3708 3034 3813 3103 τὴν

2219 3136 2404 3206 πήραν
2426 3132 2590 3188 αὐτοῦ
2623 3132 2916 3204 βαστάσαι,
2948 3133 3043 3185 καὶ
3071 3128 3388 3184 συνοδεῦσαι
3418 3126 3690 3196 τέτταρας
3713 3125 3817 3177 καὶ

2223 3225 2355 3281 δέκα
2387 3226 2598 3297 ἡμέρας
2619 3266 2634 3290 ,
2670 3226 2766 3279 καὶ
2797 3223 3022 3293 γυναικὶ
3045 3221 3263 3292 νομίμῳ
3295 3218 3553 3289 συνάψαι,
3586 3219 3685 3271 καὶ
3713 3216 3815 3270 τοῦ

2223 3320 2578 3392 ἀνδροκτόνου
2616 3319 2872 3390 δαίμονος
2925 3315 3200 3382 διαζεῦξαι
3227 3313 3326 3385 τὴν
3377 3311 3458 3383 τῷ
3490 3310 3650 3383 ἀνδρὶ
3690 3326 3821 3362 συν-

2224 3413 2511 3483 αφθεῐσαν,
2542 3412 2637 3466 καὶ
2664 3413 2758 3465 τοῦ
2790 3410 3048 3482 κηδεστοῦ
3076 3409 3173 3480 τῆς
3201 3408 3462 3480 γημάσης
3496 3404 3820 3475 ὀφθαλμοὺς

2225 3504 2435 3572 ἀνοῖξαι
2489 3504 2711 3575 πτηνῶν
2757 3502 2953 3574 ἀφοδίᾳ
3007 3499 3384 3573 πηρωθέντας.
3445 3498 3561 3551 Kat
3618 3496 3821 3568 ἑτέρας

2226 3598 2484 3661 πλείστας
2538 3595 2664 3667 περὶ
2699 3594 2947 3665 ἀγγέλων
2980 3593 3236 3665 εὑρήσεις
3281 3590 3558 3653 διακονίας
3592 3590 3690 3642 ἐπὶ
3718 3586 3823 3641 τοῦ

2238 3690 2521 3761 Ἀϐραὰμ,
2563 3689 2657 3742 καὶ
2699 3687 2978 3751 Μωσέως,
3013 3686 3110 3739 καὶ
3156 3685 3388 3748 Μανωὲ,
3425 3683 3523 3736 ἐπὶ
3565 3682 3669 3753 τῆς
3706 3681 3822 3751 Βη-

2228 3781 2424 3851 θλεὲμ,
2465 3782 2560 3834 καὶ
2596 3778 2705 3833 τῶν
2747 3778 3041 3851 ποιμένων,
3083 3778 3178 3831 ἐπὶ
3202 3775 3298 3831 τοῦ
3341 3774 3489 3830 θείου
3526 3775 3824 3845 μνήματος

2227 3874 2324 3927 καὶ
2356 3872 2697 3942 ἀναλήψεως.

2734 4048 2987 4102 ΠΕΥΣΙΣ
3034 4049 3309 4116 ΜΕ-Μεῖ’.

2299 4144 2408 4196 Καὶ
2435 4144 2483 4196 εί
2508 4142 2766 4211 ἀγνοοῦσι
2789 4141 2855 4195 τὰ
2886 4139 3148 4212 μέλλοντα
3180 4140 3230 4192 ot
3262 4138 3507 4208 ἄγγελοι,
3539 4136 3661 4202 πῶς
3683 4155 3829 4210 προσ

2226 4237 2375 4305 λέγει
2407 4239 2436 4290 ὁ
2466 4235 2706 4308 Γαϐριὴλ
2734 4236 2793 4289 ὲν
2829 4233 3110 4289 Βαὸυλῶνι
3143 4232 3223 4304 τῷ
3252 4232 3474 4303 Δανιὴλ,
3513 4232 3657 4303 μετὰ
3693 4238 3828 4300 υιχ*

2231 4330 2328 4400 ἔτη
2359 4327 2652 4398 γεννᾶσθαι
2676 4328 2767 4381 τὸν
2792 4326 3057 4399 Χριστόνς
3080 4326 3191 4389 Τὰς
3224 4324 3333 4397 γὰρ
3366 4324 3639 4395 ἑξήκοντα
3662 4325 3831 4378 ἐννέα

2231 4422 2531 4493 ἑϐδομάδας
2552 4460 2567 4487 ,
2601 4421 2669 4481 ἃς
2698 4418 2848 4490 αὐτῷ
2870 4416 3051 4486 εἶπεν,
3084 4417 3221 4472 ἐτῶν
3247 4417 3623 4489 ἐϐδομήκοντα
3649 4418 3836 4488 ὑπάρ-

2226 4531 2341 4584 χειν
2374 4514 2546 4577 αὐτὰς
2570 4515 2620 4565 οί
2648 4515 2906 4583 ἑρμηνεῖς
2933 4510 3291 4582 διεσάφησαν.

2830 4694 3196 4762 Ἀπόκρισις.

2319 4785 2458 4838 Ἀλλ’
2493 4786 2594 4839 οὐκ
2627 4784 2807 4855 οἰκείᾳ
2850 4782 3159 4852 προγνώσει
3195 4780 3356 4835 τοῦτο
3386 4782 3662 4854 ἔφραζεν·
3708 4779 3839 4835 ἀλλ’

2233 4880 2334 4932 ὅσα
2362 4878 2511 4949 παρὰ
2539 4878 2638 4948 τῆς
2666 4876 2780 4931 ἄνω
2805 4876 2997 4946 σοφίας
3022 4874 3388 4938 παιδεύονται,
3413 4875 3600 4930 ἐκεῖνά
3628 4892 3836 4944 φασιν.

2240 4970 2495 5040 ’Ἄγγελοι
2522 4969 2630 5041 γὰρ
2673 4967 2826 5040 παρὰ
2855 4968 2955 5039 τῆς
2987 4966 3140 5031 θείας
3172 4966 3403 5039 Τριάδος
3437 4965 3842 5028 διδάσκονται,

2237 5063 2368 5135 παρ’
2407 5061 2587 5116 αὐτῶν
2612 5061 2667 5114 δὲ
2698 5060 2995 5131 ἄνθρωποι,
3018 5062 3148 5132 παρ’
3174 5062 3207 5131 ἡ
3218 5059 3332 5130 μῶν
3357 5059 3415 5112 δὲ
3446 5057 3519 5113 τὰ
3554 5059 3841 5130 ἑπόμενα.

2812 5261 3064 5313 ΠΕΥΣΙΣ
3098 5260 3230 5313 ΜΖ’.

610 5357 668 5411 Si
696 5369 830 5425 ergo
876 5358 1003 5424 per‘
1033 5354 1339 5408 doctrinam
1388 5354 1719 5424 percipiunt,
1775 5367 2003 5407 necesse
2040 5359 2126 5406 est

564 5462 695 5516 psos
728 5445 928 5500 libellis
983 5452 1037 5499 et
1092 5445 1301 5499 chartis
1341 5445 1417 5498 uti
1472 5460 1624 5499 more.
1680 5452 1891 5498 nostro.
1948 5442 2127 5497 Voces

543 5538 690 5591 enim
721 5545 774 5591 et
804 5537 1021 5591 decreta
1054 5551 1163 5589 non
1198 5537 1402 5606 scripta
1444 5552 1569 5590 mox
1605 5535 1869 5591 oblivioni
1901 5535 2126 5589 dantur.

546 5627 680 5683 Nam
715 5628 760 5684 si
791 5643 954 5683 voces
987 5629 1043 5681 in
1099 5629 1364 5682 memoria
1424 5627 1704 5683 durabiles
1753 5634 1964 5689 essent,
2016 5641 2130 5680 non

548 5734 685 5777 sane
713 5718 894 5776 Moses
928 5720 984 5774 in
1008 5719 1213 5776 tabulis
1243 5719 1475 5790 lapideis
1506 5721 1561 5775 in
1591 5728 1778 5776 monte
1812 5720 1961 5790 ipsas
1989 5718 2131 5774 scri-

2308 5350 2370 5402 Εί
2397 5344 2488 5403 οὖν
2527 5349 2766 5403 διδακτοί
2809 5352 2976 5415 εἰσιν,
3009 5350 3225 5422 ἀνάγκη
3253 5350 3452 5413 αὐτοὺς
3489 5349 3704 5415 δέλτοις
3740 5350 3851 5407 καὶ

2238 5426 2467 5512 χάρταις
2497 5441 2794 5512 κεχρῆσθαι
2826 5442 2948 5494 καθ’
2986 5444 3155 5512 ἡμᾶς.
3186 5443 3366 5496 Φωναὶ
3395 5442 3506 5514 γὰρ
3536 5444 3635 5497 καὶ
3655 5444 3849 5516 ψῆφοι

2239 5533 2315 5603 μὴ
2344 5531 2715 5602 γραφόμεναι.
2747 5534 2961 5605 ταχέως
2990 5533 3130 5607 λήθῃ
3173 5534 3585 5607 παραδίδονται.
3619 5536 3685 5590 Εἰ
3725 5537 3851 5608 γὰρ

2235 5626 2302 5694 τῇ
2337 5624 2526 5694 μνήμῃ
2557 5624 2867 5694 παρέμενον
2918 5625 2974 5677 αἱ
3011 5624 3222 5693 φωναὶ,
3269 5625 3371 5678 οὐκ
3409 5622 3477 5677 ἂν
3516 5621 3735 5695 Μωσῆς
3783 5625 3850 5679 ἑν

2242 5711 2406 5777 πλαξὶ
2435 5711 2665 5777 λιθίναις
2711 5715 2805 5767 ἐπὶ
2855 5712 2951 5768 τοῦ
2989 5713 3152 5787 ὅρους
3204 5712 3606 5786 γεγραμμένας
3653 5712 3849 5775 αὑτὰς

619 5905 665 5935 ⁸³
693 5902 905 5960 Nahum
940 5921 979 5972 ι,
1004 5905 1038 5959 9
1134 5906 1180 5938 ⁸³
1219 5904 1385 5963 lCor.
1417 5921 1495 5973 si,
1525 5905 1613 5962 52.
1692 5905 1737 5937 ⁸⁵
1777 5901 1942 5960 Ilebr.
1980 5920 2078 5974 xu,

2248 5906 2292 5938 ⁸⁸
2331 5902 2465 5975 Reg.
2502 5916 2615 5969 xix,
2648 5901 2737 5958 55.
