4108 6376
302 355 404 413 917

304 474 517 537 ἐδέξατο
537 490 549 502 ·
591 469 794 526 τούτων
821 470 878 525 δὲ
929 470 1344 544 συντριϐέντων,
1370 473 1642 546 δευτέρων
1683 475 1783 529 οὐκ
1813 476 1880 531 ἂν

305 563 519 637 ἐδεήθη,
545 566 596 617 εί
621 565 690 619 τὰ
714 566 772 616 ὲν
793 566 912 628 ταῖς
942 562 1190 634 πρώταις
1216 564 1496 635 γραφέντα
1522 566 1881 638 ἐμνημόνευε.

923 743 1278 811 Ἀπόκρισις.

375 833 583 905 Μωσῆς
618 808 722 902 μέν
748 835 808 887 ἐν
831 836 954 897 ταῖς
1001 808 1167 900 πλαξὶ
1214 834 1347 887 δέκα
1386 833 1579 902 λόγους
1610 834 1769 888 θείων
1801 834 1889 887 δο-

308 927 552 998 γμάτων.
609 925 779 996 χωρὶς
819 924 1176 998 λαξευτηρίου
1223 926 1256 997 ἢ
1300 926 1568 998 γραφίδος
1617 927 1746 998 θείῳ
1795 928 1890 981 δα·-

309 1018 489 1088 κτύλῳ
516 1017 931 1089 ὲντορευθέντας
952 1017 1188 1081 ἐδέξατο.
1217 1017 1343 1081 Πῶς
1366 1017 1411 1071 δ’
1442 1020 1471 1072 ό
1498 1018 1659 1083 αύτδς
1684 1019 1890 1091 γέγρα-

311 1127 431 1180 φεν.
458 1109 602 1182 ἅπερ
626 1111 764 1183 μόνῃ
793 1113 858 1181 τῇ
889 1111 1079 1183 μνήμῃ
1103 1108 1394 1181 κατασχὼν
1424 1109 1561 1164 Θεοῦ
1592 1111 1893 1180 φάσκοντος

314 1203 440 1274 περὶ
478 1203 685 1273 κόσμου
716 1203 1022 1272 γεννήσεως
1050 1219 1064 1267 ;
1111 1200 1230 1263 πῶς
1259 1200 1317 1254 δὲ
1350 1201 1538 1274 μνήμῃ
1584 1201 1894 1255 έντυπωσά-

316 1310 476 1363 μενος
507 1293 604 1363 τὴν
654 1291 1111 1362 παραδειχθεὼαν
1139 1291 1233 1343 ἐπὶ
1266 1292 1364 1361 τῆς
1399 1290 1708 1362 ἀκρωρείας
1744 1289 1892 1343 θείαν

316 1384 520 1454 σκηνὴν
557 1381 646 1437 διὰ
677 1381 771 1435 τοῦ
822 1380 980 1450 λόγου
1026 1380 1120 1433 τὸν
1152 1379 1416 1450 Βεσελεὴλ
1468 1379 1775 1445 ἐπαίδευσε,
1823 1379 1893 1433 δι’

315 1475 448 1545 ὕλης
480 1476 578 1545 τὴν
619 1473 779 1529 ἄῡλον
814 1472 1188 1545 μιμήσασθαις
1238 1472 1356 1537 πῶς
1394 1472 1450 1525 δὲ
1491 1472 1586 1526 καὶ
1619 1472 1819 1536 πάντες
1845 1473 1903 1530 at,

317 1569 596 1622 θεσπέσιοι
621 1567 899 1638 προφῆται
934 1565 1027 1618 καὶ
1052 1563 1373 1627 ἀπόστολοι,
1405 1564 1468 1616 οὐ
1497 1562 1586 1617 διὰ
1635 1561 1895 1634 μαθημά-

315 1678 446 1725 των,
477 1660 592 1714 ἀλλ’
622 1659 698 1721 ὡς
729 1658 913 1722 αὐτοῖς
949 1660 977 1710 6
996 1655 1168 1726 Λόγος
1211 1656 1463 1727 ὲνήχησε,
1489 1656 1591 1715 καὶ
1608 1658 1675 1729 τῇ
1707 1657 1909 1730 μνήμῃ,

320 1754 618 1824 παρέθεντο
639 1792 654 1815 ,
685 1753 752 1822 τῇ
784 1749 1076 1819 οἰκουμένῃ
1107 1748 1426 1819 ἐκήρυττον,
1459 1746 1732 1800 Γαλιλαῖοι
1765 1764 1897 1799 παι-

325 1844 511 1897 δευταὶ
547 1842 844 1912 Ῥωμαίοις
871 1839 1280 1909 ἐπιφοιτῶντες,
1309 1839 1445 1910 πρὸς
1472 1838 1704 1895 ἕκαστον
1745 1839 1901 1903 ἔθνος

316 1939 382 2008 τῇ
416 1935 629 2008 γλώττῃ
664 1930 1160 2004 μετατυπούμενοι;
1182 1930 1388 2004 Πάρθοι
1415 1930 1544 2002 γὰρ,
1575 1929 1670 1982 καὶ
1698 1930 1895 2000 Μῆδοι,

319 2029 413 2082 καὶ
450 2026 732 2096 Ἐλαμῖται
773 2023 967 2078 καὶτὰ
1009 2021 1173 2076 λοιπά
1211 2022 1338 2093 ἔθνη
1369 2023 1568 2096 ἤκουον
1605 2023 1706 2093 τῆς
1746 2022 1898 2091 σφῶν

319 2119 599 2172 διαλέκτου
629 2118 862 2181 ἕκαστος
889 2116 1197 2169 λαλούντων
1219 2114 1288 2170 τὰ
1326 2115 1589 2186 μεγαλεῖα
1620 2115 1714 2167 τοῦ
1736 2113 1895 2168 Θεοῦ.

321 2212 502 2285 ’Ἀπερ
542 2211 603 2264 ού
658 2210 1019 2281 γραμματικῇ
1060 2208 1313 2278 παιδείᾳ,
1365 2205 1500 2260 ἀλλά
1554 2209 1899 2277 πνευματικῇ

319 2304 570 2375 ἐνεργείᾳ
608 2304 924 2372 ἐκήρυττον.
960 2299 1239 2375 Ὠφθησαν
1274 2298 1382 2370 γὰρ
1426 2299 1611 2361 αὐτοῖς
1648 2298 1897 2369 διαμερι-

322 2394 545 2466 ζόμεναι
589 2393 832 2462 γλῶσσαι
880 2392 1012 2445 ὡσεὶ
1070 2391 1243 2463 πυρὸς
1288 2389 1662 2461 (πεντηκοστῇ
1693 2389 1751 2443 δὲ
1798 2390 1900 2460 τῆς

321 2487 692 2551 ἀναστάσεως,
717 2486 916 2555 δεκάτῃ
946 2484 1003 2536 δὲ
1034 2484 1133 2555 τῆς
1159 2483 1482 2552 ἀναλήψεως
1501 2486 1539 2545 )·
1574 2482 1683 2537 Καὶ
1703 2481 1901 2536 ἐκάθι-

322 2593 439 2634 σεν
456 2580 547 2649 ἐφ’
577 2579 686 2634 ἕνα
708 2579 971 2633 ἕκαστον
1000 2576 1217 2643 αὐτῶν,
1246 2579 1410 2647 φησιν
1439 2579 1467 2630 6
1493 2576 1633 2640 θεῖος
1660 2578 1897 2640 Λουκᾶς,

325 2673 555 2745 ἱστορῶν
589 2672 655 2726 τὰ
682 2673 801 2726 κατ’
841 2668 1058 2733 αὐτούς.

1715 358 2057 418 DIALOGUS
2095 359 2135 416 1.

1991 488 2115 550 ptas
2149 478 2486 550 accepisset,
2518 479 2695 552 iisque
2725 481 3044 549 contractis,
3108 483 3234 541 aliis
3272 499 3383 541 non
3423 482 3567 541 fuis-

1988 577 2072 627 set
2095 586 2257 641 opus,
2289 571 2563 641 siquidem
2614 588 2803 629 eorum
2853 591 2974 646 quae
3015 576 3072 630 in
3111 576 3393 646 prioribus
3427 576 3567 634 scri-

1990 661 2167 732 pturis
2207 669 2386 727 erant,
2418 680 2629 720 memor
2652 665 2865 722 fuisset.

2622 755 2931 826 Responsio.

2063 842 2242 900 Moses
2270 846 2495 916 quidem
2528 847 2583 901 in
2616 848 2817 904 tabulis
2849 847 3098 921 Decalogi
3123 851 3432 907 divinorum
3465 849 3564 905 de-

1991 946 2265 991 cretorum
2295 938 2502 1007 absque
2524 940 2802 995 cmlatorio
2815 941 3175 1011 scriptoriove
3194 942 3566 998 instrumento

1992 1022 2163 1094 digito
2188 1023 2280 1078 Dei
2311 1025 2622 1096 exsculptas
2652 1041 2811 1081 voces
2830 1029 3084 1099 accepit.
3122 1028 3407 1095 Quomodo
3438 1043 3572 1083 vero

1994 1110 2137 1166 idem
2178 1112 2528 1183 perscripsit,
2577 1112 2646 1169 de
2672 1115 2805 1177 sola
2841 1118 3104 1174 memoria
3146 1127 3399 1187 prompta
3434 1131 3575 1185 qum-

1994 1214 2211 1268 cunque
2242 1196 2386 1255 Deus
2419 1201 2647 1270 protulit
2692 1201 2759 1256 de
2792 1202 3006 1272 origine
3052 1205 3282 1259 mundi?
3323 1213 3416 1262 aut
3444 1220 3577 1274 quo-

1995 1290 2160 1346 modo
2189 1306 2285 1361 per
2323 1293 2642 1352 memoriam
2687 1309 2950 1364 expresso
2988 1296 3106 1362 illo,
3156 1298 3303 1369 quod
3354 1297 3578 1353 demon-

1997 1390 2229 1437 stratum
2260 1392 2377 1438 erat
2403 1384 2504 1457 ipsi
2539 1385 2595 1438 in
2644 1393 2830 1441 monte
2864 1387 3278 1447 tabernaculum
3331 1388 3576 1446 divinum

1997 1473 2250 1527 oratione
2296 1472 2413 1528 sola
2448 1473 2787 1530 Beseleelum
2823 1476 3012 1531 docuit
3055 1493 3150 1548 per
3198 1479 3483 1535 materiam
3522 1478 3583 1535 id

1999 1563 2225 1629 imitari,
2248 1564 2399 1634 quod
2429 1573 2547 1619 erat
2578 1582 2777 1637 expers
2793 1568 3076 1627 materiae?
3122 1568 3408 1635 Quomodo
3450 1572 3583 1626 item

1999 1670 2192 1711 omnes
2230 1656 2407 1711 divini
2440 1666 2593 1713 vates
2631 1666 2687 1715 et
2731 1660 2988 1729 apostoli,
3035 1676 3145 1714 non
3191 1676 3286 1731 per
3332 1661 3589 1732 discipli-

2000 1761 2121 1810 nas,
2155 1747 2251 1803 sed
2287 1749 2750 1819 quemadmodum
2798 1751 2854 1804 in
2886 1750 3024 1820 ipsis
3056 1748 3294 1816 Verbum
3325 1755 3579 1817 sonabat,

2005 1837 2138 1893 licet
2167 1840 2371 1909 aliquid
2402 1841 2453 1895 in
2488 1843 2752 1896 memoria
2786 1851 3136 1913 reponerent,
3165 1845 3285 1899 orbi
3311 1851 3583 1899 terrarum

2007 1930 2401 2003 praedicabant,
2437 1932 2643 1988 Galilaei
2694 1933 2948 1991 doctores
2984 1950 3109 1991 cum
3149 1934 3413 1993 Romanis
3459 1952 3584 1992 con-

2007 2024 2353 2079 suetudinem
2411 2021 2720 2089 babentes,‘
2754 2026 2938 2097 lingua
3001 2026 3228 2083 cuilibet
3273 2027 3419 2098 genti
3445 2042 3581 2082 con-

2006 2114 2213 2172 formes
2246 2116 2697 2174 fiebant?Parthi
2726 2119 2894 2184 enim,
2928 2127 2984 2176 et
3030 2119 3287 2185 Medi,.et
3319 2119 3595 2188 Elamitaa,

2005 2215 2060 2261 et
2085 2206 2310 2276 reliquae
2339 2214 2528 2276 gentes
2562 2206 2858 2267 audiebant
2901 2210 3136 2280 quisque
3179 2211 3281 2269 sui,
3313 2212 3585 2268 sermonis

2009 2298 2183 2352 forma
2229 2297 2567 2367 proferentes
2609 2299 2758 2369 ipsos
2811 2302 3227 2371 amplitudinem
3274 2318 3455 2362 rerum
3499 2303 3586 2356 di-

2009 2391 2283 2455 vinarum,
2339 2405 2476 2459 quas
2529 2406 2639 2445 non
2692 2409 2788 2463 per
2840 2393 3186 2464 disciplinam
3238 2395 3589 2458 litterariam,

2008 2479 2103 2534 sed
2129 2494 2226 2548 per
2262 2478 2635 2535 eﬂiraeitatem
2664 2498 2727 2535 ac
2758 2483 2866 2536 vim
2907 2484 3206 2554 quamdam
3244 2484 3597 2555 spiritualem

2010 2572 2401 2642 praedicabant.
2435 2571 2758 2643 Conspecta:
2789 2583 2923 2629 sunt
2958 2574 3107 2631 enim
3145 2575 3201 2629 in
3228 2576 3366 2647 ipsis
3393 2574 3588 2630 divisa

2008 2665 2209 2736 lingua:
2239 2664 2386 2719 velut
2416 2663 2605 2735 igneae,
2625 2680 2817 2735 nempe
2843 2667 3297 2740 quinquagesima
3326 2667 3416 2723 die
3445 2681 3477 2721 a
3503 2682 3590 2723 re-

324 2768 686 2833 surrectione,
721 2767 935 2821 decima
968 2780 1099 2821 vero
1131 2764 1202 2820 ab
1243 2761 1588 2818 ascensione.
1629 2758 1700 2813 Et
1751 2758 1885 2813 sedit
1941 2775 2099 2828 super
2151 2773 2567 2829 unumquemque
2604 2758 2837 2827 ipsorum
2886 2761 2954 2826 ⁸⁸,
2992 2760 3170 2833 inquit
3199 2759 3363 2817 divus
3386 2757 3591 2827 Lucas,

323 2875 514 2917 eorum
536 2874 805 2915 enarrans
831 2867 1007 2929 gesta.

910 2966 1159 3022 ΠΕΥΣΙΣ
1185 2967 1328 3021 MH’.

399 3060 463 3113 Ei
494 3055 778 3128 ἀσώματοι
811 3058 949 3111 εἰσιν
982 3057 1031 3111 οί
1071 3055 1329 3125 ἄγγελοι,
1383 3054 1501 3120 πῶς
1533 3052 1753 3124 γυναιξὶ
1783 3052 1906 3124 ἐμί-

327 3165 523 3220 γησαν,
551 3146 612 3213 ἐξ
640 3140 716 3203 ὧν
751 3150 1019 3219 προῆὶθον
1051 3146 1103 3200 οι
1127 3148 1416 3215 γίγαντες;
1458 3144 1575 3210 πῶς
1599 3144 1655 3198 δὲ
1682 3145 1778 3198 καὶ
1811 3145 1909 3198 ἄν-

321 3235 529 3306 θρωποι
554 3238 667 3301 τοῖς
697 3237 873 3307 ἁγίοις
912 3238 1213 3308 φαίνονται,
1254 3239 1411 3310 εἴπερ
1441 3237 1725 3310 ἀσώματοί
1753 3238 1895 3303 eiet;

318 3327 455 3398 Φησὶ
496 3328 601 3400 γὰρ
635 3331 668 3399 ἡ
712 3329 833 3383 θεία
863 3330 1091 3401 Γραφήο
1127 3331 1237 3386 Καὶ
1284 3329 1579 3399 εἰσῆλθον
1628 3330 1746 3383 viai
1795 3329 1903 3383 τοῦ

322 3418 472 3472 Θεοῦ
500 3421 650 3489 πρὸς
695 3408 804 3489 τάξ·
837 3422 1164 3492 θυγατέρας
1207 3422 1326 3477 τῶν
1352 3422 1696 3493 ἀνθρώπων,
1732 3419 1803 3486 ἐξ,
1823 3413 1901 3477 ὧν

321 3511 536 3581 λέγουσί
564 3531 707 3578 τινες
733 3516 1023 3584 γεννᾶσθαι
1046 3518 1173 3580 τοὺς
1199 3516 1483 3586 γίγαντας.

951 3681 1305 3749 Ἀπόκρισις.

412 3770 721 3843 Ἀσώματοι
772 3772 871 3843 μὲν
904 3773 955 3825 οἱ
998 3773 1222 3842 ἄγγελοι
1274 3772 1400 3827 καθ’
1438 3776 1593 3844 ἡμᾶς
1616 3792 1628 3806 ⁸
1663 3774 1824 3846 σῶμα
1855 3775 1913 3829 δὲ

330 3865 452 3923 καθ’
474 3867 720 3930 ἑαυτοὺς,
737 3866 813 3930 ὠς
829 3865 1051 3937 ἄνεμος,
1081 3865 1259 3936 ἢπῦρ,
1277 3865 1314 3936 ἢ
1333 3867 1557 3930 καπνὸς,
1580 3867 1615 3937 ἢ
1638 3867 1767 3938 ἀήρ.
1797 3866 1911 3923 Σώ-

333 3973 479 4026 ματα
507 3955 616 4028 γὰρ
663 3955 969 4028 ὑπάρχουσι
1009 3954 1184 4007 λεπτά
1224 3955 1315 4007 καὶ
1346 3955 1485 4009 άῦλα
1521 3954 1626 4021 ἔξω
1652 3956 1750 4025 τῆς
1776 3957 1912 4027 ἡμε-

328 4049 490 4116 τέρας
528 4047 837 4119 παχύτητος
857 4064 871 4079 ’
895 4044 1145 4116 Σώματα
1172 4044 1282 4116 γὰρ
1305 4045 1651 4113 ἐπουράνια,
1681 4047 1779 4099 καὶ
1806 4044 1914 4099 σώ-

323 4159 483 4211 ματα
529 4141 779 4210 ἐπίγεια,
819 4140 983 4211 φησὶν
1014 4140 1042 4191 6
1083 4138 1228 4209 ἱερὸς
1291 4137 1630 4202 ’Λπόστολος.
1680 4138 1913 4191 Ἀτοπον

325 4228 383 4281 δὲ
411 4228 506 4281 καὶ
550 4228 732 4298 πάσης
761 4227 945 4289 ἀνοίας
971 4266 988 4291 ,
1019 4224 1405 4295 συγκαθεύδειν
1440 4226 1638 4291 αὐτοὺς
1669 4226 1913 4295 γυναιξὶν

326 4320 534 4374 οἴεσθαι
550 4339 561 4352 ·
604 4319 727 4373 ἐπεὶ
755 4318 821 4373 ἂν
853 4318 947 4371 καὶ
970 4319 1234 4389 δαίμονας
1259 4318 1644 4387 συγκαθεύδειν
1664 4320 1911 4387 γυναιξὶν

327 4414 554 4468 οἴονται.
584 4415 657 4467 Οὐ
681 4414 791 4485 γάρ
812 4413 911 4484 τὴν
940 4413 1124 4483 φύσιν,
1156 4410 1293 4465 ἀλλά
1315 4411 1415 4483 τὴν
1446 4409 1602 4476 τάξιν
1622 4411 1908 4465 ἀπέλιπον·

324 4506 447 4560 οὐδὲ
473 4505 567 4558 τοῦ
597 4504 879 4576 μεγέθους,
926 4502 1066 4558 ἀλλά
1096 4502 1198 4573 τῆς
1235 4502 1551 4578 παρρησίας
1575 4504 1905 4576 ἀφῄρηνται.

325 4595 687 4666 Βλασφημίας
732 4594 914 4647 τοίνυν
948 4594 1042 4646 καὶ⁵
1073 4592 1402 4664 νηπιότητος
1448 4594 1683 4665 ὑπάρχει
1717 4595 1777 4648 τὸ
1808 4597 1908 4649 οἶε-

327 4687 452 4741 σθαι
476 4685 742 4755 ἀγγέλους
767 4685 1119 4756 θηλυμανετν.
1142 4685 1215 4738 Ού
1240 4687 1366 4758 περὶ
1389 4686 1593 4738 τούτων
1610 4686 1717 4763 γάρ
1739 4704 1905 4757 φησιν

325 4782 360 4851 ἡ
388 4779 509 4832 θεία
538 4776 751 4849 Γραφὴ,
773 4778 856 4830 ὅτι
879 4776 1188 4847 Εἱσῆλθον
1220 4780 1274 4830 οἱ
1297 4778 1414 4830 υἱοὶ
1438 4777 1544 4831 τοῦ
1580 4779 1727 4832 Θεοῦ
1756 4780 1905 4847 πρὸς

323 4869 432 4936 τὰς
453 4867 778 4936 θυγατέρας
793 4867 911 4920 τῶν
924 4865 1265 4934 ἀνθρώπων·
1292 4869 1502 4927 οὐδέπω
1526 4869 1633 4940 γὰρ
1661 4870 1900 4940 ἄγγελοι,

324 4962 429 5014 υἱοὶ
478 4959 615 5014 Θεοῦ
662 4959 1191 5031 προσαγορεύονταιο
1241 4959 1357 5016 ἀλλ’
1405 4964 1452 5013 ol
1501 4960 1595 5014 τοῦ
1659 4961 1765 5032 Σὴθ
1808 4965 1904 5018 καὶ

336 5051 500 5116 Ἐνὼς
521 5052 648 5117 υίοὶ,
679 5051 784 5104 ὑπὸ
807 5051 915 5104 τῶν
949 5052 1079 5105 κατ’·
1113 5051 1352 5115 ἐκείνους
1384 5054 1614 5124 καιροὺς
1642 5054 1899 5125 ἦρξαντο.

319 5138 507 5207 Οὗτος
562 5142 673 5214 γάρ
704 5142 930 5211 ἤρξατο
985 5140 1216 5211 πρῶτος
1260 5144 1678 5208 ἐπικαλεῖσθαι
1731 5146 1900 5213 Θεὸν,

324 5234 489 5304 φησὶν
515 5236 549 5305 ἡ
568 5237 605 5286 Γ
610 5238 779 5305 ραφή.
814 5236 925 5288 Καὶ
948 5235 1026 5307 τῷ
1049 5237 1238 5293 Μωσεῑ
1259 5254 1424 5308 φησιν
1451 5239 1481 5289 ὁ
1507 5237 1732 5310 Κύριος
1758 5240 1906 5292 Θεὸν

321 5323 553 5380 δέδωκά
591 5341 665 5381 σε
690 5328 770 5392 τῷ
807 5328 1050 5397 Φαραώο
1083 5330 1337 5401 καὶπερὶ
1377 5330 1486 5384 τῶν
1514 5331 1671 5395 θείων
1704 5331 1906 5403 κριτῶν

322 5434 458 5489 φησι
483 5438 497 5452 ·
536 5419 721 5485 Θεοὺς
753 5421 865 5474 οὐκ
896 5420 1051 5488 ἐρεῖς
1100 5421 1316 5493 κακῶς,
1362 5423 1459 5476 καὶ
1500 5422 1762 5492 ἄρχοντα
1792 5422 1903 5477 τοῦ

322 5508 474 5563 ,λαοῦ
503 5526 642 5564 σου.
680 5511 924 5576 Εἰκότως
955 5508 1071 5580 οῦν,
1103 5514 1153 5566 oi
1187 5514 1282 5566 τοῦ
1317 5512 1438 5583 Σὴθ.
1454 5515 1550 5573 καὶ
1589 5513 1754 5576 Ἐνὼς
1778 5517 1903 5568 παῖ-

323 5601 429 5665 δες,
465 5603 572 5657 υίοὶ
592 5602 728 5656 Θεοῦ
758 5602 1089 5658 νοείσθωσαν
1112 5623 1125 5637 ·
1157 5604 1354 5668 οἵτινες
1377 5604 1643 5676 ἀκολασία
1663 5604 1902 5670 ἁλόντες,

943 5782 987 5813 ⁸⁷
1029 5780 1165 5839 Gen.
1192 5796 1268 5848 v1,
1290 5781 1359 5841 2..

1476 5780 1523 5815 ⁸⁸
1557 5780 1733 5841 [Cum
1765 5797 1853 5852 xv,
1904 5778 1992 5839 40.

2421 2934 2932 2993 INTERROGATIO
2965 2936 3196 2993 XLVIII.

2084 3029 2142 3084 Si
2175 3030 2488 3101 incorporei
2515 3042 2644 3084 sunt
2674 3031 2875 3100 angeli,
2918 3032 3199 3099 quomodo
3235 3046 3359 3085 cum
3389 3032 3593 3088 mulie-

2012 3125 2168 3180 ribus
2185 3123 2641 3179 consuetudinem
2664 3123 3001 3185 habuerunt,
3022 3139 3088 3179 ex
3113 3124 3314 3194 quibus
3337 3125 3592 3198 prognati

2014 3214 2611 3287 gigantes?Quomodo
2641 3215 2792 3280 item,
2843 3215 3206 3279 utitomines,
3254 3218 3462 3273 sanctis
3499 3233 3596 3289 ap-

2014 3316 2231 3378 parent,
2290 3308 2337 3362 si
2385 3306 2608 3378 quidem
2647 3305 2962 3375 incorporei
3000 3306 3171 3363 sunt?
3222 3305 3404 3377 lnquit
3446 3306 3594 3364 enim

2018 3399 2306 3470 Scriptura
2340 3412 2498 3454 sacra
2529 3417 2543 3453 :
2578 3396 2647 3451 Et
2691 3398 2920 3469 ingressi
2949 3407 3070 3452 sunt
3100 3398 3199 3468 ﬁlii
3241 3397 3339 3452 Dei
3360 3399 3430 3451 ad
3445 3400 3594 3469 ﬁlias

2016 3492 2364 3556 hominum",
2424 3505 2494 3547 ex
2519 3491 2720 3563 quibus
2763 3490 2933 3569 aliqui
2967 3491 3122 3546 aiunt
3160 3498 3322 3547 natos
3352 3507 3477 3548 esse
3514 3494 3596 3563 gi-

2014 3597 2225 3659 gantes.
2500 3604 2505 3609 ’
2962 3652 2966 3659 ι

2648 3673 2966 3743 Responsio.

2089 3768 2399 3838 lncorposei
2436 3778 2564 3821 sunt
2589 3768 2788 3837 angeli,
2841 3768 3058 3823 ratione
3099 3775 3465 3841 respectuque
3501 3781 3596 3824 na-

2014 3869 2153 3914 turae
2182 3868 2420 3923 nostrae;
2462 3874 2663 3928 corpus
2695 3854 3400 3933 verohabenttsecundum
3431 3867 3595 3913 natu-

2014 3967 2130 4006 ram
2161 3966 2340 4016 suam,
2373 3957 2432 4004 ut
2463 3951 2781 4014 ventus,vel
2810 3950 2971 4025 ignis,
3003 3951 3088 4006 vel
3113 3949 3315 4013 fumus.
3347 3950 3429 4006 vel
3450 3966 3544 4004 aer
3574 3969 3589 4006 :

2014 4058 2245 4112 corpora
2277 4043 2423 4097 enim
2456 4050 2588 4103 sunt
2616 4042 2857 4110 subtilia,
2877 4058 3081 4098 crassae
3112 4043 3360 4099 materiei
3390 4050 3592 4100 nostra:

2014 4135 2280 4205 expertia.
2329 4132 2538 4203 Quippe
2587 4150 2812 4202 corpora
2862 4135 3107 4210 quaedam
3161 4144 3283 4192 sunt
3337 4134 3590 4199 celestia,

2014 4223 2260 4292 quicdam
2290 4224 2585 4289 terrestria,
2610 4224 2790 4294 inquit
2824 4231 3052 4279 sanctus
3081 4224 3174 4280 ille
3200 4224 3501 4293 Apostolus
3517 4223 3587 4277 ⁸⁸.

2015 4316 2331 4372 Absurdum
2383 4331 2514 4371 vero
2540 4324 2596 4371 et
2656 4317 2816 4385 plane
2864 4306 3091 4372 stultum
3153 4316 3338 4381 fuerit,
3398 4325 3593 4388 putare

2015 4409 2166 4478 ipsos
2194 4407 2400 4462 cubare
2432 4422 2580 4462 cum
2630 4406 2976 4471 mulieribus,
3039 4408 3181 4463 sicut
3219 4415 3274 4463 et
3314 4409 3591 4468 daemones

2016 4496 2256 4552 dormire
2287 4503 2416 4551 cum‘
2452 4495 2778 4551 mulieribus
2803 4497 3189 4552 existimantur
3221 4517 3233 4552 :
3264 4500 3360 4571 qui
3411 4511 3590 4558 tamen

2014 4587 2160 4641 haud
2190 4596 2465 4651 naturam,
2495 4585 2591 4641 sed
2629 4594 2831 4641 statum
2866 4588 3207 4657 reliquerunt
3232 4606 3246 4657 ;
3269 4607 3446 4662 neque
3475 4609 3589 4647 ma-

2014 4678 2325 4747 gnitudine,
2348 4677 2446 4734 sed
2477 4678 2733 4734 libertate
2765 4679 3015 4735 destituti
3047 4691 3196 4738 sunt.
3226 4683 3587 4755 Blasphemias

2014 4768 2183 4837 igitur
2216 4778 2272 4839 et
2303 4768 2550 4824 stultitiae
2580 4776 2686 4835 est,
2724 4778 2919 4839 putare
2946 4773 3090 4843 quod
3135 4776 3313 4845 angeli
3353 4775 3588 4837 feminas

2012 4861 2328 4930 depereant.
2368 4859 2556 4930 Neque
2575 4862 2721 4916 enim
2754 4862 2820 4917 de
2850 4863 2937 4919 his
2969 4865 3149 4934 inquit
3188 4866 3472 4938 Scriptura
3502 4887 3591 4927 sn-

2012 4970 2129 5019 cra,
2162 4953 2306 5023 quod
2341 4946 2716 5022 ingressi‘sint
2749 4953 2845 5009 ﬁlii
2877 4955 2969 5011 Dei
2995 4956 3062 5010 ad
3088 4956 3227 5014 tilias
3266 4959 3585 5022 hominum:

2012 5063 2281 5116 nusquam
2303 5048 2452 5102 enim
2481 5047 2661 5118 angeli
2690 5047 2787 5101 lilii
2827 5046 2922 5102 Dei
2951 5050 3315 5118 appellantur,
3359 5052 3453 5108 sed
3486 5053 3583 5108 ﬁlii

2010 5138 2163 5193 Sethi
2187 5146 2243 5193 et
2269 5140 2433 5194 Enosi
2465 5153 2562 5208 per
2579 5140 2700 5194 illas
2725 5140 2968 5209 corrupti
2993 5148 3141 5196 sunt.
3162 5141 3405 5197 Deiticari
3438 5145 3582 5200 enim

2012 5228 2215 5285 Sethus
2238 5237 2293 5284 ct
2324 5228 2541 5285 Enosus
2573 5230 2684 5285 illis
2721 5231 3061 5300 temporibus
3096 5242 3413 5301 coeperunt:
3450 5235 3582 5305 quia

2010 5322 2198 5377 Sethus
2222 5323 2373 5387 (:pr
2401 5323 2605 5391 primus
2625 5323 2869 5376 invocare
2897 5321 3088 5386 Deum,
3120 5323 3297 5394 inquit
3339 5322 3585 5395 Scriptu-

2002 5430 2061 5468 ra
2082 5415 2151 5467 ⁸⁸.
2201 5414 2307 5469 Sed
2334 5422 2390 5468 et
2421 5413 2597 5485 Moysi
2631 5413 2809 5483 inquit
2846 5413 3114 5471 Dominus
3146 5434 3160 5470 :
3186 5414 3354 5471 Deum
3381 5426 3433 5471 te
3465 5433 3586 5474 coto-

2002 5507 2157 5561 stitui
2184 5505 2459 5559 Pharaoni
2474 5504 2542 5559 9°.
2590 5504 2655 5559 Et
2686 5504 2757 5560 de
2783 5506 2986 5562 divinis
3018 5506 3301 5575 judicibus
3344 5508 3523 5579 inquit
3557 5522 3574 5564 :

2015 5600 2132 5655 Diis
2167 5616 2270 5654 non
2299 5597 2599 5668 maledicas,
2626 5615 2719 5654 nec
2745 5599 3070 5668 principibus
3119 5601 3303 5670 populi
3314 5602 3380 5655 υ.
3412 5601 3581 5658 Recta

3309 5771 3570 5839 "ama.

2107 5780 2152 5813 ⁸³
2193 5773 2325 5831 Gen.
2369 5772 2569 5843 1v,2,6.
2710 5775 2756 5807 ⁹⁰
2798 5773 2969 5837 Exod.
3003 5774 3193 5844 γιιιι.
