4108 6376
460 374 566 436 919

464 503 628 572 igitur
659 502 751 558 ﬁlii
784 502 936 559 Sethi
967 512 1022 561 et
1053 505 1243 572 Enosi,
1278 507 1371 562 ﬁlii
1396 506 1844 581 Deiintelligendi
1873 519 2038 578 sunt;

461 593 557 664 qui
586 609 683 665 per
730 596 1012 652 libidinem
1062 601 1230 670 capti,
1285 602 1353 657 ad
1400 601 1542 659 ﬁlias
1595 604 1752 660 Caini
1806 607 2043 678 ingress;

466 696 618 750 sunt,
673 704 740 743 ex
767 705 1001 759 quorum
1046 702 1237 748 mutua
1285 697 1779 754 contaminatione‘
1813 699 2046 770 nuptiali

464 777 523 834 in
556 781 725 834 vitam
766 782 897 837 editi
926 794 1056 839 sunt
1090 786 1356 857 gigantes,
1408 782 1644 859 propter
1662 791 1875 859 justum
1923 793 2047 862 qui-

463 868 586 926 dem
618 871 853 938 robusti,
885 883 1110 945 propter
1139 877 1372 932 Cainum
1404 887 1587 933 autem
1630 881 1780 938 mali.
1814 880 1882 936 Et
1915 897 2048 937 vero

463 978 705 1034 quonam
738 974 897 1035 pacto
943 968 1203 1025 mulieres
1248 985 1373 1024 cum
1405 972 1616 1043 angelis
1668 973 1913 1029 dormire
1950 990 2049 1045 po-

463 1064 672 1124 terant,
727 1060 950 1128 quando
990 1061 1097 1116 viri
1147 1061 1215 1117 ad
1247 1063 1483 1132 lillorum
1521 1075 1809 1136 aspectum
1858 1068 2051 1123 obstu-

465 1159 725 1219 puerunt,
757 1151 907 1221 iique
936 1168 1047 1207 non
1077 1155 1353 1225 vulgares,
1401 1156 1497 1211 sed
1535 1158 1737 1213 virtute
1782 1168 2053 1228 praestan-

464 1241 592 1296 tes?
619 1239 732 1296 llac
760 1244 905 1296 enim
954 1242 1024 1299 de
1068 1257 1239 1301 causa
1288 1245 1554 1304 Danielus
1593 1247 1833 1305 Gabrieli
1893 1265 2054 1321 aspe-

465 1342 616 1386 ctum
652 1347 762 1387 non
800 1333 1106 1400 sustinens,
1168 1352 1297 1392 mox
1351 1338 1407 1392 in
1441 1345 1645 1394 terram
1703 1342 1952 1407 cadebat,
1998 1347 2054 1396 et

464 1437 583 1494 prae
623 1431 773 1479 metu
810 1432 1021 1479 tantum
1060 1441 1173 1481 non
1205 1429 1660 1500 colliquescebat.
1721 1429 1828 1488 Sed
1857 1441 1912 1488 et
1944 1431 2052 1486 Za-

465 1513 685 1571 charias
745 1517 899 1572 illum
946 1518 1185 1583 horruit,
1235 1530 1291 1575 et
1361 1520 1429 1575 ad
1478 1521 1716 1593 primum
1766 1532 2053 1598 aspectum

467 1613 654 1661 mutus
686 1605 887 1671 factus,
951 1608 1154 1665 timore
1187 1611 1512 1682 palpitabat,
1570 1613 1770 1684 lingua:
1815 1631 1919 1671 usu
1954 1630 2053 1670 ca—

468 1710 598 1752 rens
626 1714 806 1769 usque
829 1699 897 1754 ad
917 1697 1150 1756 Joannis
1175 1703 1541 1768 nativitatem,
1579 1705 1809 1762 nutibus
1830 1715 2052 1762 tantum

468 1793 768 1848 voluntatis
802 1794 1002 1862 placita
1027 1794 1368 1866 signiﬁcans.
1404 1798 1459 1853 Id
1492 1800 1787 1868 quodmihi
1820 1799 2042 1856 videtur

468 1884 840 1957 praenuntiare
869 1885 1149 1941 silentium
1183 1888 1320 1960 legis
1350 1899 1405 1944 et
1432 1892 1635 1948 veteris
1661 1892 1847 1947 cultus
1878 1893 2050 1958 sacri,

468 1977 538 2034 ad
573 1976 979 2049 praestantioris
1002 1978 1320 2036 adventum.
1347 1980 1455 2036 Sed
1486 1983 1653 2053 paulo
1680 1991 1805 2054 post
1842 1985 2052 2042 clarius

468 2067 649 2139 ipsum
678 2082 900 2124 sensum
928 2069 1456 2129 demonstrabimus.
1514 2071 1787 2130 Praeterea
1825 2082 1881 2130 et
1929 2090 2055 2130 mu-

469 2160 710 2216 lierculae
736 2159 803 2214 ad
834 2158 1148 2219 Servatoris
1170 2165 1485 2235 sepulcrum
1524 2181 1649 2221 cum
1687 2165 2046 2224 festinatione

459 2251 887 2320 contendentes,
930 2254 1150 2311 illorum
1199 2257 1518 2327 angelorum
1578 2267 1807 2329 aspectu
1865 2262 2057 2315 obstu-

472 2344 734 2408 puerunt,
753 2346 807 2393 et
834 2338 1032 2396 timore
1047 2342 1319 2410 perculsae
1337 2358 1446 2397 non
1481 2345 1883 2401 annuntiarunt
1907 2348 2051 2417 Apo-

473 2429 631 2485 stolis
658 2444 779 2499 quae
806 2429 909 2484 sibi
934 2441 1091 2487 erant
1118 2432 1367 2501 injuncta
1397 2451 1412 2488 :
1445 2432 1723 2490 Invaserat
1746 2439 1885 2493 enim
1907 2441 2050 2510 ipsas

473 2528 671 2574 tremor
694 2530 743 2574 et
768 2530 973 2591 stupor,
996 2530 1056 2576 ul
1082 2523 1216 2577 nihil
1245 2525 1491 2596 cuiquam
1512 2526 1746 2585 dicerent
1771 2533 1842 2598 ⁹¹,
1874 2535 2052 2606 inquit

471 2611 634 2667 divus
665 2615 1023 2684 evangelista.
1072 2613 1131 2670 Si
1164 2617 1330 2688 igitur
1361 2633 1430 2673 ne
1477 2622 1795 2693 angelorum
1828 2626 2050 2696 quidem

472 2705 866 2763 demissionem
904 2709 1006 2763 viri
1044 2711 1226 2781 magni
1254 2714 1529 2769 sustinere
1561 2723 1876 2786 potuerunt,
1911 2734 2051 2788 quo-

472 2795 639 2850 modo
665 2803 871 2853 tenera:
897 2799 1155 2855 mulieres
1180 2802 1398 2857 illorum
1432 2809 1928 2864 contrectationem
1953 2819 2048 2865 aut

473 2887 828 2943 concubitum
876 2889 1020 2946 ferre
1059 2894 1321 2963 possent?
1346 2894 1703 2967 Nequaquam
1731 2901 1879 2955 enim
1916 2903 2052 2959 satis

474 2976 633 3033 ﬁrma
664 2989 750 3036 est
792 2981 1059 3040 adversus
1100 2986 1211 3041 vim
1245 2989 1608 3059 propinquam
1645 2992 1870 3061 Stipula.
1920 2993 2051 3050 Per-

473 3072 742 3142 scriptum
762 3078 938 3130 sacris
962 3087 1045 3132 est
1078 3078 1132 3133 in
1162 3077 1420 3137 Litteris:
1452 3081 1593 3138 Vixit
1621 3084 1860 3141 Adamus
1883 3105 2051 3153 annos

474 3164 730 3221 ducentos
759 3179 807 3222 et
839 3170 1081 3241 triginta,
1116 3175 1394 3246 genuitque
1430 3178 1601 3247 ﬁliun‘
1639 3181 1709 3235 ad
1736 3182 2050 3239 similitudi-

476 3273 593 3311 nem
624 3274 778 3313 suam
816 3270 866 3315 et
900 3264 1188 3319 secundum
1216 3268 1498 3340 imaginem
1523 3290 1680 3327 suam
1707 3274 1774 3341 ’³,
1810 3274 1914 3333 hoc
1939 3288 2047 3345 est,

482 3352 701 3422 qualem
740 3354 932 3410 habuit
967 3359 1036 3414 ab
1066 3358 1247 3427 initio,
1277 3348 1503 3433 quando
1536 3365 1716 3424 factus
1744 3378 1830 3426 est
1854 3385 1882 3425 a
1913 3371 2048 3437 Deo,

478 3444 777 3516 imaginem
805 3457 856 3504 et
897 3451 1244 3521 splendorem
1281 3455 1337 3511 in
1369 3456 1533 3525 iacie,
1559 3469 1610 3515 et
1630 3463 1829 3516 rocavit
1863 3480 2052 3519 nomen

481 3536 599 3605 ejus
636 3538 851 3607 Sethus,
885 3543 989 3598 hoc
1012 3553 1097 3600 est
1131 3548 1505 3605 resuscitatio.
1535 3549 1806 3617 Quoniam
1835 3556 2054 3612 videbat

475 3629 532 3683 in
568 3629 689 3698 ipso
718 3633 1010 3702 pristinam
1047 3644 1103 3692 et
1139 3639 1519 3696 admirandam
1553 3644 1701 3698 illam
1736 3646 1969 3703 formam
2001 3659 2055 3704 et

474 3720 711 3789 gratiam
735 3736 1082 3792 renovatam,
1107 3736 1162 3784 et
1185 3730 1534 3800 splendorem
1560 3741 1900 3794 sacrosancti
1931 3740 2056 3812 Spi-

473 3811 639 3876 ritus,
661 3829 825 3886 quem
854 3816 1105 3876 videntes
1133 3821 1284 3879 illius
1315 3827 1580 3895 temporis
1601 3827 1854 3887 homines
1882 3811 2056 3888 Deum

473 3906 908 3975 appellaverunt.
950 3911 1029 3967 Ac
1065 3924 1356 3985 propterea
1401 3916 1689 3991 Scriptura
1719 3924 1874 3990 dicit,
1911 3928 2056 3996 quod

473 3997 737 4056 videntes
764 4002 859 4057 ﬁlii
892 3999 1046 4059 Sethi
1073 4005 1213 4063 ﬁlias
1249 4008 1531 4065 hominum
1550 4028 1673 4083 qua!
1700 4024 1940 4071 erantex
1968 4032 2060 4086 ge-

472 4105 606 4147 nere
637 4093 816 4159 Caini,
844 4106 1180 4167 acceperunt
1217 4101 1321 4159 sibi
1355 4118 1452 4161 eas
1484 4104 1538 4159 in
1570 4120 1791 4163 uxores.
1827 4107 2061 4164 Partici-

1546 390 1604 444 S.
1649 390 1951 447 CESARII
1995 389 2329 448 GREGOR"
2360 388 2661 447 FRATRIS

3626 398 3732 453 ἴω

2150 514 2289 586 πρὸς
2315 511 2415 577 τὰς
2440 511 2747 584 θυγατέρας
2774 512 2919 566 Καῖν
2949 512 3196 585 εἰσῆλθον
3224 531 3237 546 ·
3263 514 3323 582 ἐξ
3345 505 3421 567 ὧν
3444 514 3545 585 τῆς
3559 516 3735 571 ἀκατς

2148 606 2376 679 αλλήλου
2418 605 2749 678 μιαιγαμίας
2795 604 3184 674 ζωογονοῦνται
3223 607 3277 659 οἱ
3328 606 3608 675 γίγαντες,
3640 608 3732 666 δια

2152 700 2253 771 μὲν
2277 700 2370 753 τὸν
2398 699 2606 753 δίκαιον
2654 698 2884 769 ίσχυροὶ,
2933 696 3104 752 διὰδὲ
3155 696 3434 765 τὸν.Καῒν,
3475 704 3728 775 πονηροί.

2151 793 2276 857 Πῶς
2307 792 2365 846 δὲ
2395 794 2655 861 γυναῖκες
2683 791 2937 860 ἀγγέλοις
2959 790 3354 860 συγκαθεύδειν
3382 793 3727 865 δυνήσονται,

2150 871 2355 940 ὁπόταν
2388 884 2578 957 ἄνδρες
2609 883 2709 955 τὴν
2740 883 2968 937 ἐκείνων
3007 883 3322 954 ἐνάρκησαν
3343 882 3486 953 ὃψιν,
3519 884 3613 937 καὶ
3633 884 3732 955 οὐχ

2150 980 2201 1032 οἱ
2228 976 2504 1048 τυχόντες,
2534 975 2653 1030 ἀλλ’
2680 974 3073 1047 ὑπερέχοντες;
3114 972 3316 1046 Δανιὴλ
3341 974 3474 1043 γοῦν
3501 975 3597 1029 τοῦ
3625 976 3733 1030 Γα-

2152 1069 2313 1143 ϐριὴλ
2338 1069 2436 1141 τὴν
2466 1068 2591 1139 ὄψιν
2623 1068 2697 1139 μὴ
2724 1071 3000 1138 χωρήσας,
3050 1060 3207 1129 αὖθις
3241 1066 3333 1119 ἐπὶ
3362 1064 3459 1119 τοῦ
3502 1065 3734 1134 ἐδάφους

2154 1162 2356 1224 πεσὼν,
2390 1158 2724 1232 χωνεύεσθαι
2750 1158 2829 1229 τῷ
2868 1157 2979 1211 δέει
3029 1154 3373 1210 ἐκινδύνευεν
3410 1172 3429 1187 ο
3465 1156 3605 1210 ἀλλά
3638 1158 3735 1210 καὶ

2154 1253 2432 1325 Ζαχαρίας
2486 1253 2692 1305 ἐκεῖνον
2736 1247 2982 1321 πτήξας,
3019 1247 3135 1319 ἅμα
3186 1247 3283 1301 τοῦ
3340 1246 3456 1318 (16)
3504 1247 3736 1317 ὀφθῆναι

2153 1345 2463 1416 κωφωθεὶς,
2494 1342 2574 1415 τῷ
2602 1341 2754 1412 φόϐῳ
2788 1340 3138 1413 κραδαίνεται
3157 1379 3172 1405 ,
3195 1342 3262 1412 τῇ
3287 1339 3505 1414 γλώττῃ
3536 1339 3734 1394 πεδού-

2159 1456 2341 1510 μενος,
2373 1437 2533 1508 μέχρι
2560 1435 2660 1506 τῆς
2713 1434 2961 1488 Ἰωάννου
2994 1434 3328 1504 γεννήσεως,
3362 1431 3598 1504 νεύμασι
3633 1433 3729 1502 μό-

2154 1549 2244 1586 νον
2277 1529 2558 1601 σημαίνων
2590 1526 2658 1580 τά
2681 1524 2972 1598 ἐρούμενα·
2999 1525 3138 1595 ὅπερ
3169 1524 3435 1595 μοιδοκεί
3474 1524 3739 1593 σιγᾶσθαι

2154 1624 2247 1677 τὸν
2280 1620 2444 1691 νόμον
2472 1618 2568 1673 καὶ
2601 1618 2699 1689 τὴν
2731 1614 2969 1671 παλαιὰν
3000 1613 3110 1668 τῶν
3140 1612 3302 1686 ἱερῶν
3326 1613 3571 1685 τελετὴν,
3601 1630 3742 1683 προ-

2160 1713 2380 1786 μηνύων
2404 1712 2559 1782 (16⁸),
2582 1713 2649 1782 τῇ
2688 1707 2960 1779 παρουσίᾳ
2984 1704 3082 1759 τοῦ
3111 1704 3440 1776 κρείττονας’
3470 1705 3667 1776 μικρὸν
3694 1703 3745 1756 δ⁹

2160 1805 2386 1875 ὕστερον
2423 1802 2829 1873 ἐμφανέστερον
2872 1797 2934 1852 τὸ
2984 1794 3178 1868 νοηθὲν
3214 1795 3590 1866 ἀποδείξομεν.
3631 1795 3747 1848 Καὶ

2156 1896 2225 1951 τά
2252 1895 2449 1963 γύναια
2477 1893 2555 1959 δὲ,
2590 1892 2684 1944 ἐπὶ
2707 1891 2767 1943 τὸ
2795 1889 3065 1961 σωτήριον
3100 1887 3295 1959 μνῆμα
3326 1884 3744 1947 ὠκυποδοῦντα,

2151 1987 2252 2059 τὴν
2286 1985 2509 2039 ἐκείνων
2551 1982 2798 2052 ἀγγέλων
2832 1981 2947 2052 (17)
2982 1981 3366 2051 ναρκήσαντα,
3397 1979 3494 2032 καὶ
3526 1977 3604 2048 τῷ
3630 1977 3748 2030 δέει

2154 2077 2508 2141 συσταλέντα,
2522 2075 2622 2128 οὐκ
2644 2072 2988 2144 ἀπήγγειλαν
3009 2074 3124 2136 τοῖς
3147 2070 3471 2135 ἀποστόλοις
3490 2070 3561 2125 τὰ
3576 2087 3749 2144 προσ-

2153 2169 2441 2241 ταχθέντα.
2479 2164 2624 2237 Εἷχε
2656 2166 2765 2236 γὰρ
2797 2163 2985 2230 αὐτὰς
3016 2164 3202 2233 φόϐος
3226 2204 3242 2229 ,
3290 2163 3389 2217 καὶ
3429 2163 3743 2229 ἔκστασις,

2155 2260 2254 2313 καὶ
2279 2256 2484 2312 οὐδενὶ
2509 2254 2689 2310 οὐδὲν
2708 2250 2901 2317 εἷπον,
2927 2253 3093 2323 φησιν
3112 2253 3140 2304 ό
3156 2249 3300 2313 θεῖος
3325 2249 3743 2320 εύαγγελιστής.

2158 2354 2220 2407 Εἰ
2253 2348 2345 2406 οὖν
2388 2349 2509 2403 οὐδὲ
2538 2345 2952 2417 συγκατάϐασιν
2979 2342 3230 2414 ἀγγέλων
3262 2344 3311 2395 οἱ
3347 2343 3571 2413 μεγάλοι
3602 2338 3747 2410 ἐχώ-

2161 2457 2352 2512 ρησαν,
2384 2437 2501 2501 πῶς
2527 2435 2723 2506 εὐτελῆ
2752 2433 2955 2503 γύναια
2981 2434 3083 2503 τὴν
3116 2431 3345 2486 ἐκείνων
3370 2432 3516 2502 ἀφὴν
3544 2431 3577 2502 ἢ
3614 2444 3750 2497 συγ-

2159 2531 2487 2586 κατεύνασιν
2510 2529 2697 2600 φέρειν
2719 2523 2909 2591 οἷάτες
2930 2525 3108 2579 σθένει
3124 2525 3235 2596 γὰρ
3256 2523 3507 2595 οὐδαμῶς
3523 2522 3747 2593 καλάμη

2159 2622 2295 2694 πρὸς
2309 2639 2381 2674 πυ
2391 2621 2481 2693 ρὸς
2492 2619 2959 2691 ἐγγύτηταᾹνησὶν
2973 2620 3006 2688 ἠ
3021 2617 3232 2689 Γραφή·
3243 2612 3455 2684 Ἕζησε
3469 2614 3539 2668 δὲ
3564 2614 3753 2684 ’Δδάμ

2160 2714 2267 2782 ἐτη
2299 2717 2419 2778 συν,
2451 2712 2550 2766 καὶ
2586 2710 2921 2780 ἐγέννησεν
2939 2709 3077 2763 υἱὸν
3116 2707 3266 2763 κατὰ
3289 2708 3405 2777 τὴν
3435 2707 3602 2763 ἰδέαν
3634 2708 3750 2761 αὑ-

2162 2805 2292 2870 τοῦ,
2325 2804 2427 2859 καὶ
2454 2804 2606 2858 κατὰ
2633 2801 2749 2871 τὴν
2774 2802 2982 2856 εἰκόνα
3011 2799 3198 2855 αὐτοῦ
3224 2799 3412 2870 (τοῦτ’
3434 2799 3603 2865 ἐστιν,
3626 2799 3752 2853 aiam

2163 2894 2310 2969 εἶχεν
2339 2897 2434 2950 ἀπ’
2467 2895 2664 2967 ἀρχῆς,
2693 2895 2783 2948 ὅτε
2827 2894 3054 2963 γέγονεν
3089 2893 3197 2946 ὑπὸ
3226 2890 3385 2956 Θεοῦ,
3437 2890 3622 2945 εἰκόνα
3651 2890 3755 2943 καὶ

2165 2988 2439 3062 ἔκλαμψιν
2485 2988 2578 3040 ἐπί
2622 2987 2714 3041 τοῦ
2746 2984 3102 3059 προσώπου),
3141 2984 3241 3037 καὶ
3274 2982 3635 3051 ἐπωνόμασε
3677 2979 3752 3034 τὸ

2167 3082 2354 3151 ὄνομα
2381 3078 2568 3133 αὐτοῦ
2599 3077 2723 3145 Σὴθ
2742 3117 2757 3141 ,
2802 3075 2948 3129 τοῦτ’
2973 3071 3125 3129 ἔστιν
3159 3072 3540 3141 ἐξανάστασιν.
3592 3071 3758 3126 Ἐπεὶ

2170 3168 2308 3225 εἶδεν
2340 3171 2397 3222 ἐν
2429 3166 2580 3237 αὐτῷ
2613 3166 3083 3221 ἀνακαινισθεῖσαν
3109 3166 3209 3236 τὴν
3231 3164 3466 3234 ἀρχαίαν
3507 3163 3603 3216 καὶ
3639 3180 3755 3216 πα-

2167 3261 2384 3336 ράδοξον
2406 3260 2622 3330 ἐκείνην
2659 3257 2891 3331 μορφὴν,
2916 3258 3011 3310 καὶ
3032 3257 3214 3327 χάριν,
3242 3256 3337 3309 καὶ
3362 3253 3628 3325 ἐλλαμψιν
3656 3252 3755 3306 τοῦ

2161 3354 2430 3420 παναγίου
2466 3350 2784 3422 Πνεύματος
2808 3366 2821 3379 ·
2845 3348 2907 3403 ὃν
2941 3347 3141 3411 ἰδόντες
3178 3349 3225 3401 οἱ
3255 3346 3379 3401 κατ’
3420 3347 3632 3400 ἐκεῖνον
3658 3346 3757 3398 τὸν

2166 3448 2376 3522 καιρὸν,
2390 3448 2523 3502 Θεὸν
2551 3446 2714 3501 αὑτὸν
2740 3444 3215 3517 προσηγόρευσαν.
3239 3443 3352 3496 Καὶ
3379 3439 3467 3495 διὰ
3488 3440 3650 3493 τοῦτο
3664 3440 3761 3492 λέο

2167 3556 2254 3608 γει
2283 3540 2317 3609 ἡ
2338 3536 2548 3608 Γραφὴ,
2574 3537 2657 3590 ὅτι
2687 3535 2886 3598 ἰδόντες
2914 3535 3022 3587 υἱοὶ
3051 3533 3146 3587 τοῦ
3171 3533 3276 3604 Σὴθ
3308 3532 3406 3596 τὰς
3437 3529 3759 3601 θυγατέρας

2167 3631 2277 3684 τῶν
2323 3628 2646 3700 ἀνθρώπων,
2699 3629 2800 3693 τὰς
2834 3625 2927 3680 τοῦ
2969 3626 3162 3694 γένους
3208 3624 3302 3677 τοῦ
3351 3622 3523 3688 Κατν,
3557 3621 3763 3676 ἔλαϐον

2167 3722 2377 3781 ἑαυτοῖς
2400 3721 2683 3787 γυναῖκας.
2701 3718 2966 3787 Μετεῖχον
2990 3715 3099 3786 γὰρ
3121 3714 3216 3768 καὶ
3240 3713 3394 3768 αὐτοὶ
3409 3716 3507 3785 τῆς
3526 3713 3763 3783 χάριτος

2168 3811 2263 3866 τοῦ
2294 3811 2450 3879 ἁγίου
2482 3808 2821 3880 Πνεύματος,
2860 3809 2968 3872 ἕως
2997 3803 3151 3861 εἶπεν
3176 3810 3205 3861 ό
3229 3805 3383 3870 Θεὸς,
3424 3808 3507 3859 ὃτι
3543 3809 3629 3860 οὐ
3668 3805 3762 3875 μὴ

2171 3904 2503 3974 καταμείνῃ
2522 3902 2591 3956 τὸ
2612 3901 2854 3972 Πνεῦμά
2865 3919 2986 3971 μου
3014 3902 3085 3956 ἐν
3109 3900 3236 3968 τοῖς
3263 3898 3597 3968 ἀνθρώποις
3619 3903 3767 3954 τού-

2172 4012 2319 4061 τοις.
2352 3994 2411 4046 ⁹0
2450 3991 2631 4064 μέντοι
2653 3991 2759 4063 Σὴθ
2790 3992 2884 4045 ἐπὶ
2914 3991 3308 4054 πεντακοσίους
3338 3990 3501 4044 πέντε
3526 3990 3772 4063 χρόνους

2172 4087 2443 4157 διέμεινεν
2476 4083 2613 4155 ἔχων
2629 4083 2729 4155 τὴν
2754 4081 3014 4154 τοιαύτην
3044 4082 3283 4154 μορφήν.

471 4199 585 4254 .pes
617 4187 763 4240 enim
793 4194 849 4242 et
882 4189 988 4259 ipsi
1030 4200 1193 4247 erant
1231 4194 1422 4264 gratia:
1452 4197 1627 4251 sancti
1659 4196 1921 4268 Spiritus,
1957 4218 2132 4272 usque
2160 4205 2289 4259 dum
2317 4203 2457 4259 dixit
2486 4204 2630 4259 Deus
2661 4220 2675 4258 :
2717 4203 2839 4259 Non
2867 4205 3196 4274 permanebit
3239 4207 3473 4278 Spiritus
3499 4226 3649 4266 meus
3685 4210 3758 4266 in

472 4277 775 4334 hominibus
802 4282 922 4335 istis
947 4284 1013 4339 “.
1039 4284 1219 4356 Atque
1244 4283 1449 4344 Sethus
1481 4290 1703 4362 quidem
1733 4291 1801 4347 ad
1826 4290 2161 4363 quingentos
2181 4295 2425 4369 quinque
2444 4310 2619 4353 annos
2653 4296 2794 4353 hanc
2817 4302 2977 4353 talem
3006 4299 3235 4355 fni-mam
3260 4277 3505 4361 mi....n.

873 4390 1396 4448 INTERROGATIO
1432 4392 1619 4450 XLIX.

532 4476 594 4536 Si
630 4495 828 4538 versus
860 4481 929 4536 ad
960 4482 1206 4539 deterius
1238 4483 1493 4539 diabolus
1525 4500 1593 4539 ex
1625 4485 1783 4541 ccelis
1809 4486 2044 4553 decidit,

461 4587 630 4642 supra
675 4588 737 4629 se
774 4574 983 4629 habens
1029 4589 1127 4630 eos
1169 4576 1262 4645 qui
1313 4587 1737 4647 permanserunt
1784 4578 2047 4633 immuta-

2729 4387 2977 4441 ΠΕΥΣΙΣ
3013 4387 3149 4441 ΜΘθ.

2218 4483 2281 4536 Εἰ
2312 4481 2537 4555 τραπεὶς
2571 4480 2664 4534 ἐπὶ
2688 4480 2748 4533 τὸ
2772 4483 2949 4553 χεῖρον
2979 4481 3008 4533 ὁ
3033 4477 3304 4545 διάϐολος,
3341 4476 3451 4530 τῶν
3483 4478 3757 4549 οὐρανῶν

2145 4573 2442 4639 κατέπεσε,
2492 4573 2635 4627 κατὰ
2678 4572 2924 4643 κεφαλῆς
2973 4570 3017 4625 δ’
3062 4570 3202 4642 ἔχων
3256 4571 3384 4634 τοὺς
3443 4571 3761 4641 μείναντας

2144 4664 2536 4738 ἀμεταθέτους,
2575 4663 2693 4728 πῶς
2728 4662 2875 4735 αὐτῷ
2904 4662 3113 4731 ἔξεστιν
3142 4661 3386 4733 ἐγγίζειν
3410 4663 3539 4726 τοὺς
3566 4664 3765 4735 οὐρα..-

2144 4758 2290 4821 νοὺς,
2336 4756 2428 4810 καὶ
2469 4755 2586 4825 μετ’
2619 4754 2864 4825 ἀγγέλων
2896 4753 3014 4823 Θεῷ
3049 4751 3437 4823 παρίστασθαι,
3465 4752 3560 4804 καὶ
3593 4751 3769 4818 ἐξαι-

2145 4850 2261 4902 τεῖν
2292 4847 2383 4900 τὸν
2426 4846 2580 4913 Ἱὼ6;
2623 4846 2761 4918 Φησὶ
2786 4845 2894 4916 γὰρ
2921 4847 2953 4916 ή
2995 4843 3115 4897 κατ’
3139 4842 3300 4896 αὐτὸν
3337 4842 3548 4914 ἱστορία
3571 4858 3586 4872 ⁸
3627 4845 3768 4898 Καὶ

2145 4936 2337 5011 ἦλθον
2369 4941 2424 4993 οἱ
2454 4938 2696 5009 ἄγγελοι
2720 4936 2828 4991 τοῦ
2862 4935 3031 4999 Θεοῦ,
3061 4934 3161 4989 καὶ
3183 4938 3215 4989 ό
3240 4933 3525 4998 διάϐολος
3548 4930 3774 5004 ἦλθεν

2146 5032 2215 5084 ἐν
2233 5030 2402 5102 μέσῳ
2438 5028 2660 5094 αὐτῶν,
2697 5029 2790 5082 καὶ
2817 5027 2885 5081 τὰ
2910 5027 3054 5098 ἑξῆς.

482 5184 489 5193 ε
1103 5117 1412 5189 Responsio.

2772 5122 3125 5199 Ἀπόκρισις.

529 5209 650 5268 Non
679 5210 829 5283 quod
861 5210 1040 5282 possit
1081 5212 1141 5267 in
1185 5213 1360 5269 caelos
1405 5214 1736 5280 ascendere,
1783 5214 1878 5285 qui
1924 5214 2050 5269 inde

2219 5218 2330 5289 Οὐχ
2359 5218 2441 5270 ὅτι
2467 5212 2579 5280 οἷός
2606 5234 2666 5270 τε
2709 5216 2943 5286 ὑπάρχει
2969 5216 3048 5278 εἰς
3077 5212 3341 5285 οὐρανοὺς
3369 5210 3712 5267 ἀναϐαίνειν
3743 5217 3782 5270 δ

460 5308 839 5381 praecipitatus
859 5318 944 5365 est
987 5310 1059 5365 ob
1106 5309 1351 5367 furorem
1403 5326 1566 5367 suum
1618 5310 1904 5376 diabolus,
1953 5318 2048 5364 aut

2157 5310 2360 5364 ἐκεῖθεν
2389 5310 2744 5380 ἐξοιστρήσας
2782 5306 3046 5370 διάϐολος,
3084 5304 3119 5377 ἢ
3158 5304 3277 5377 μετ’
3315 5302 3569 5371 ἀγγέλων
3606 5306 3780 5376 πρὸς

461 5417 587 5459 cum
623 5402 832 5479 angelis
864 5400 932 5455 ad
964 5401 1136 5457 Deum
1167 5401 1459 5468 accedere,
1498 5411 1594 5456 aut
1637 5402 1746 5457 ulla
1789 5416 1858 5479 ex
1892 5409 2048 5470 parte

2157 5403 2281 5455 Θεὸν
2310 5401 2727 5472 παραγίνεσθαι,
2757 5399 2791 5470 ἢ
2835 5399 2973 5461 ὅλως
3006 5396 3148 5469 ὑπὲρ
3174 5397 3276 5467 τὴν
3305 5395 3474 5465 ἁψῖδα
3506 5394 3631 5449 τῶν
3670 5400 3783 5452 οὓ-

461 5470 654 5566 supra.
684 5497 953 5551 caelorum
1004 5494 1506 5552 circumferentiam
1550 5496 1768 5560 venire,
1822 5494 1928 5550 hoc
1971 5495 2048 5550 ita

2157 5494 2331 5566 ρανῶν
2380 5470 2659 5563 γίνεσθαι·
2708 5492 2823 5546 ἀλλ’
2856 5491 2981 5544 ἐπεὶ
3031 5489 3094 5542 τὸ
3144 5488 3319 5556 Θεῖον,
3366 5487 3603 5551 ἄποσον,
3665 5492 3785 5547 καὶ

463 5587 826 5658 perscriptum
852 5593 970 5650 est,
997 5587 1092 5643 sed
1119 5587 1248 5656 quia
1279 5586 1464 5641 divina
1493 5595 1687 5641 natura
1716 5586 2038 5655 quantitatis

2157 5584 2434 5656 ἂμέγεθες,
2461 5586 2554 5638 καὶ
2574 5585 2945 5656 ἀπερίληπτον
2974 5582 3240 5653 ὑπάρχον,
3270 5580 3449 5650 πάντη
3478 5577 3784 5650 πάρεστι,

533 5702 580 5735 ⁸⁸
617 5701 783 5756 Marc.
831 5716 945 5764 xvi,
978 5698 1033 5756 8.
1107 5699 1154 5731 ’³
1194 5698 1331 5755 Gen.
1367 5716 1424 5765 v,
1458 5701 1515 5765 3,
1555 5715 1667 5756 sec.
1696 5699 1865 5756 LXX.
1945 5701 1993 5734 "
2032 5699 2050 5755 (

2157 5740 2168 5756 .
2203 5718 2277 5768 vr,
2302 5703 2357 5757 5.
2433 5700 2491 5771 ⁹⁵λ
2517 5699 2621 5756 Job
2647 5716 2710 5764 ιι,
2743 5699 2796 5753 1.

2226 5820 2338 5892 (17)
2365 5819 2566 5879 Deesse
2591 5818 2808 5878 videtur
2835 5816 2980 5888 ὄψιν.
3017 5814 3097 5871 In.

459 4666 630 4734 biles,
666 4667 943 4736 quomodo
978 4666 1082 4737 ipsi
1120 4666 1249 4723 licet
1288 4669 1445 4725 calis
1486 4669 1958 4740 apprOpinquare,
1994 4678 2048 4727 et

459 4773 589 4814 cum
620 4758 831 4828 angelis
862 4756 974 4814 Deo
1012 4759 1306 4826 assistere,
1356 4776 1423 4816 ac
1465 4762 1765 4834 deposcere
1801 4760 2049 4818 Jobum?

459 4852 644 4922 lnquit
670 4851 816 4906 enim
850 4851 919 4907 de
946 4852 1068 4921 ipso
1094 4852 1301 4921 scripta
1331 4852 1563 4908 historia
1591 4871 1604 4908 :
1648 4852 1915 4908 Venerunt
1946 4872 2046 4908 an-

458 4943 562 5013 geli
589 4941 716 5008 Dei,
741 4951 791 4997 et
821 4942 1071 4997 diabolus
1100 4943 1155 4996 in
1184 4942 1357 4997 medio
1381 4945 1620 5015 ipsarum
1650 4945 1718 5010 ’⁸,
1749 4952 1803 4999 et
1828 4954 2046 5000 caetera.

536 5819 650 5886 μω
673 5820 830 5888 ’Ἅμα
854 5815 983 5871 τοῦ.
1017 5814 1176 5888 Legg
1192 5816 1308 5888 ἅμα
1337 5816 1434 5888 τῷ.
1457 5817 1617 5888 Ευιτ.

535 5885 672 5963 (ιε’)
704 5885 1302 5958 Προμηνύων.Ἒῡι⁴ιε
1335 5885 1690 5961 προμηνύειν.
1725 5885 1804 5942 In.
