4108 6376
328 388 425 445 921

328 512 423 555 και
452 498 628 553 πάντα
672 498 890 569 πληροῖ.
946 497 1009 551 '0
1039 499 1148 571 γὰρ
1184 500 1329 565 Θεὸς
1359 500 1549 571 ἡμῶν,
1592 500 1660 553 ἐγ
1690 499 1770 564 τῷ
1811 501 1917 553 σὺ·

324 591 509 665 ρανῷ,
551 590 651 645 καὶ
688 590 759 643 ἐν
785 591 859 659 τῇ
898 589 997 659 γῇ,
1025 591 1095 643 ἐν
1132 593 1263 658 ταῖς
1295 594 1656 657 θαλάσσαις,
1704 591 1802 643 καὶ
1853 591 1922 643 ἐν

328 683 556 748 πάσαις
579 682 709 748 ταῖς
738 684 1058 749 ἀϐύσσοις,
1092 686 1258 755 φησὶν
1290 686 1319 738 6
1348 686 1533 749 Δαϐὶδ,
1567 687 1595 737 ὁ
1623 684 1731 736 τῶν
1763 682 1922 735 θείων

334 779 588 849 μελῳδός.
656 778 748 842 Ἐξ
794 772 867 833 ὧν
914 778 1301 849 παιδευόμεθα,
1338 781 1421 833 ὃτι
1476 778 1707 832 ἐνώπιον
1756 776 1920 830 αὑτοῦ

333 872 659 943 ὑπάρχουσι,
692 872 786 925 καὶ
809 871 1036 942 ὁρᾶσθαι
1064 871 1212 943 αὐτῷ
1240 873 1301 925 ού
1331 873 1489 943 μόνον
1517 871 1801 940 ἀγγέλους,
1830 870 1924 924 ἀλ-

331 963 400 1017 λά
443 965 536 1016 καὶ
578 963 841 1027 διάϐολόν,
884 965 977 1017 καὶ
1008 965 1288 1035 δαίμονας,
1326 966 1417 1018 καὶ
1444 963 1787 1035 ἀνθρώπους,
1828 961 1923 1014 καὶ

337 1061 533 1128 κτήνη,
571 1058 663 1110 καὶ
695 1056 762 1110 τά
804 1056 1116 1127 σύμπαντα.
1162 1058 1272 1111 Καὶ
1316 1058 1423 1128 γὰρ
1453 1058 1545 1110 ἐπὶ
1595 1057 1696 1125 γῆς
1748 1055 1919 1117 ὄντες,

335 1148 454 1220 Θεῷ
481 1150 896 1221 παριστάμεθαο
929 1150 1111 1214 καθώς
1137 1168 1301 1222 φησιν
1344 1151 1527 1213 Ἠλίας
1551 1152 1579 1203 6
1614 1148 1918 1208 θεσπέσιος·

334 1242 423 1311 Ζῇ
451 1244 688 1311 Κύριος,
718 1236 765 1309 ᾧ
787 1243 1105 1313 παρέστην
1130 1244 1389 1297 ἐνώπιον
1414 1242 1601 1297 αὑτοῦ
1633 1241 1920 1309 σήμερον.

336 1335 400 1388 Εἰ
428 1336 537 1407 γὰρ
564 1336 640 1406 τῷ
669 1337 793 1407 ἀέρι
829 1337 1006 1390 πάντα
1052 1338 1439 1409 ἐμπεριέχεται
1458 1380 1473 1401 ,
1508 1335 1687 1405 πολλῷ
1723 1334 1923 1405 μᾶλλον

336 1427 414 1498 τῷ
458 1429 666 1482 ἐκείνου
711 1433 906 1501 ποιητῇ
956 1430 1350 1496 ἐναπείληπται
1400 1432 1432 1500 ἠ
1473 1430 1785 1500 τετραφυὴς
1815 1428 1924 1480 τῶν

335 1520 472 1572 ὅλων
507 1520 858 1587 κατάστασις,
891 1523 924 1593 ἡ
954 1522 1215 1590 ἄσαρκος,
1247 1523 1409 1593 νοερά
1434 1540 1491 1575 τε
1519 1523 1612 1576 καὶ
1642 1520 1853 1592 λογικὴ,
1889 1522 1921 1591 ἠ

337 1612 570 1682 αἰσθητὴ
600 1613 693 1666 καί¹
743 1614 1024 1684 ἔνσαρκος,
1079 1616 1112 1685 ἡ
1157 1614 1437 1685 κτηνὼδης
1489 1617 1581 1668 καὶ
1627 1615 1840 1683 ἄλογος,
1890 1616 1922 1683 ἡ

338 1704 542 1774 ἄψυχος
568 1708 664 1758 καὶ
691 1705 1031 1776 ἀναίσθητος.
1071 1706 1276 1761 Πάντα
1312 1707 1423 1776 γὰρ
1455 1708 1653 1775 γυμνὰ
1692 1706 1794 1759 καὶ
1833 1723 1921 1757 rs-

338 1797 789 1866 τραχηλισμένα
842 1799 967 1865 τοῖς
1011 1800 1342 1869 ὀφθαλμοῖς
1389 1800 1577 1853 αὐτοῦ
1603 1840 1618 1862 ,
1667 1800 1763 1852 καὶ
1809 1801 1921 1851 οὐκ

337 1888 469 1941 ἐστι
500 1891 697 1957 κτίσις
730 1892 973 1961 ἀφανὴς
1000 1891 1260 1947 ἐνώπιον
1282 1893 1488 1959 αὐτοῦ,
1531 1894 1695 1964 φησὶν
1729 1894 1757 1945 6
1783 1891 1924 1954 θεῖος

350 1982 689 2048 Ἀπὸστολος.

945 2186 1195 2240 ΠΕΥΣΙΣ
1236 2187 1316 2239 Ν’.

407 2296 559 2348 Διατί
594 2299 835 2369 Μωῦσῆς
872 2299 945 2371 μὴ
994 2301 1092 2354 ἀπ’
1140 2299 1389 2368 ἀγγέλων
1423 2298 1627 2370 ἤρξατο
1681 2299 1771 2350 καὶ
1820 2297 1928 2349 τῶν

342 2387 476 2447 ἅνω,
503 2393 602 2459 τῆς
633 2394 955 2464 συγγραφῆς
971 2409 988 2426 ο
1019 2393 1155 2446 ἀλλὰ
1180 2391 1553 2464 παραδραμὼν
1576 2393 1701 2455 τοῦς
1723 2392 1784 2460 δή
1794 2409 1929 2461 μους

344 2481 621 2549 ἀγγέλων,
658 2485 751 2537 καὶ
788 2484 858 2538 τὰ
888 2486 1256 2557 ὑπερουράνια
1306 2484 1482 2538 πάντα
1504 2528 1519 2550 ,
1570 2485 1665 2538 ἀπ’
1696 2484 1928 2557 ούρανοῦ

346 2573 438 2625 καὶ
468 2573 570 2643 γῆς
596 2574 687 2628 τοῦ
716 2577 1092 2649 συντάγματος
1121 2577 1356 2648 ἦρξα-ξος

969 2754 1322 2823 Ἀπόκρισις.

423 2829 826 2913 ’Λρμόττουσαν
872 2848 985 2908 τοῖς
1028 2849 1271 2917 καιροῖς,
1322 2846 1415 2898 καὶ
1458 2848 1571 2908 τοῖς
1623 2843 1929 2913 ἀνθρώποις

345 2936 729 3006 συμφέρουσαν
775 2937 874 3008 τὴν
924 2937 1100 3007 ἀρχὴν
1144 2938 1239 2991 τοῦ
1288 2937 1620 3008 γράμματος
1676 2935 1925 2997 τέθεικε,

344 3026 670 3095 προσφάτως
717 3027 988 3081 Ἰουδαίων
1021 3030 1120 3098 τῆς
1148 3029 1427 3098 Αἰγύπτου
1453 3028 1804 3099 ἀπαράντων,
1836 3027 1931 3081 καὶ

346 3115 543 3169 ἔναυλα
568 3121 688 3181 ταῖς
714 3120 904 3183 ἀκοαῖς
945 3121 1014 3173 τὰ
1042 3122 1140 3191 τῆς
1171 3121 1395 3175 ἐκείνων
1423 3120 1633 3191 πλάνης
1674 3120 1927 3191 ἐχόντων.

344 3208 407 3259 Οἱ
439 3208 539 3277 μὲν
564 3208 670 3280 γὰρ
700 3210 809 3264 τῶν
852 3210 1028 3264 ἀθέων
1075 3211 1166 3264 τὸν
1208 3212 1454 3282 οὐρανὸν,
1489 3214 1539 3265 oi
1585 3211 1643 3264 δὲ
1692 3213 1789 3283 τὴν
1827 3211 1931 3281 γῆν

345 3297 721 3370 ἐθεοποίησαν,
746 3301 1022 3373 πνεύμασι
1052 3303 1147 3357 καὶ
1175 3304 1429 3372 νεφέλαις
1456 3304 1817 3375 ἀλλοιούμενα
1836 3306 1931 3358 καὶ

345 3392 677 3462 τρεπόμενα.
732 3395 949 3467 Ἕτεροι
995 3396 1052 3449 δὲ
1097 3397 1234 3468 ἡλίῳ
1280 3399 1374 3451 καὶ
1418 3398 1615 3470 σελήνῃ
1657 3399 1717 3451 τὸ
1768 3398 1933 3464 σέϐας

346 3484 650 3555 ἀπένεμονο
681 3487 746 3538 ἵν’
775 3488 823 3539 οἱ
858 3487 956 3556 μὲν
982 3488 1222 3560 νύκτωρ,
1259 3492 1308 3543 οἱ
1343 3489 1400 3543 δὲ
1435 3491 1649 3562 ἡμέρας
1682 3494 1748 3563 τῇ
1786 3490 1934 3543 δύσει

345 3577 453 3631 τῶν
479 3580 779 3649 φωστήρων
806 3579 955 3634 ἄθεοι
986 3582 1261 3651 μείνωσιν.
1293 3585 1354 3636 Oi
1386 3584 1482 3654 μὲν
1505 3584 1614 3655 γάρ
1641 3585 1731 3638 τὸν
1756 3584 1932 3650 νυκτὶ,

346 3671 442 3722 καὶ
471 3670 689 3742 ὁμίχλῃ,
727 3674 820 3725 καὶ
849 3673 996 3726 κόνει
1031 3675 1489 3746 ἐπισκοτούμενον
1520 3676 1895 3740 ἐκθειάζουσιν
1918 3692 1931 3706 °

345 3764 395 3814 οἱ
431 3762 488 3816 δὲ
511 3762 609 3832 τὴν
645 3763 961 3831 φθίνουσαν,
997 3768 1091 3821 καὶ
1129 3768 1212 3829 εἰς
1249 3768 1310 3820 τὸ
1345 3767 1517 3840 βραχὺ
1554 3770 1937 3841 ἀπολήγουσαν

347 3858 766 3926 προσκυνοῦσιν.
830 3861 1048 3932 Ἔτεροι
1106 3861 1164 3915 δὲ
1218 3864 1426 3933 κρήνας
1500 3863 1594 3917 καὶ
1659 3865 1939 3934 ποταμοὺς

348 3946 709 4018 θεολογοῦσιν,
758 3951 843 4007 ἵνα
874 3954 933 4005 ἐν
973 3951 1119 4023 θέρει
1164 3954 1261 4024 μὲν
1290 3954 1581 4025 λήγοντας,
1624 3958 1683 4008 ἐν
1724 3956 1781 4008 δὲ
1824 3974 1937 4026 χει-

352 4038 491 4108 μῶνι
514 4043 953 4113 κορυφουμένους
978 4045 1069 4097 καὶ
1099 4044 1490 4110 ὲξοιδαίνοντας
1512 4049 1577 4118 τῇ
1608 4046 1934 4118 πλημμύρᾳ,

349 4133 515 4195 Θεοῦς
539 4134 750 4203 ἔχωσιν.
781 4136 1010 4209 Θάτεροι
1038 4139 1094 4191 δὲ
1123 4140 1184 4193 τὸ
1212 4139 1324 4209 πῦρ
1345 4140 1421 4202 ὡς
1450 4140 1582 4192 Θεὸν
1605 4141 1937 4211 πεφρίκασι·

349 4225 410 4277 τὸ
433 4226 475 4276 δ’
509 4227 728 4299 ἐπιϐολῇ
766 4229 956 4293 ὕδατος
984 4232 1364 4303 σϐεννύμενον,
1398 4234 1430 4303 ἣ
1473 4234 1649 4306 ἐνδείᾳ
1674 4237 1770 4304 τῆς
1804 4237 1939 4289 ὑπο-

349 4321 655 4391 τρεφούσης
677 4322 810 4393 ῦλης
847 4324 1268 4395 μαραινόμενον.
1316 4327 1379 4379 Ὢ
1410 4327 1509 4397 τῆς
1540 4328 1834 4392 ἀϐουλίαςῑ
1872 4328 1940 4381 τὰ

354 4412 502 4480 σφῶν
539 4415 893 4488 εὐτελέστερα
938 4416 1313 4481 ἐκθειάζουσιν
1344 4421 1393 4472 οἱ
1439 4420 1799 4474 εἰκαιὸϐουλοι
1849 4426 1941 4475 καὶ

355 4507 773 4579 ματαιὸφρονες,
802 4510 973 4574 ὅντως
1001 4511 1136 4565 Θεοῦ
1172 4514 1276 4566 ὑπὸ
1323 4514 1425 4584 τῆς
1470 4515 1679 4586 πλάνης
1730 4517 1938 4585 ἀπαγό-

354 4616 527 4670 μενοι.
559 4602 638 4655 Δι’
663 4602 757 4667 οὒς
785 4605 1011 4674 Μωσῆς,
1049 4608 1077 4657 6
1102 4606 1211 4658 τῶν
1238 4606 1399 4660 θείων
1431 4610 1801 4680 συγγραφεὺς,
1833 4628 1936 4663 κα-

352 4692 594 4746 ταλιπὼν
643 4694 712 4747 τά
758 4696 1105 4767 ὑπερκόσμια
1131 4739 1146 4763 ,
1196 4701 1262 4751 ὲκ
1300 4700 1407 4752 τῶν
1438 4702 1815 4772 ὑποκειμένων
1843 4703 1943 4771 τῆς

353 4784 666 4858 ἐξηγήσεως
700 4786 944 4859 ἄρχεται,
970 4788 1059 4842 διὰ
1085 4790 1193 4843 τῶν
1232 4791 1507 4861 αἰσθητῶν
1536 4793 1629 4846 καὶ
1650 4794 1943 4864 ὁρωμένων

353 4882 607 4952 ποδηγῶν
630 4882 825 4946 αὐτοὺς
851 4884 985 4955 πρὸς
1004 4884 1074 4937 τὰ
1095 4887 1275 4957 νοερὰ,
1296 4887 1389 4939 καὶ
1410 4887 1501 4939 τὸν
1521 4887 1750 4957 ἀόρατον
1775 4887 1944 4951 ὄντως

352 4973 504 5027 Θεόν.
547 4973 951 5044 Παραπλησίως
992 4976 1047 5027 δὲ
1086 4977 1262 5047 τούτῳ
1290 4979 1383 5030 καὶ
1414 4979 1463 5030 οἱ
1495 4979 1621 5050 περὶ
1650 4978 1740 5030 τὸν
1787 4978 1944 5031 Ἀνα·

353 5066 471 5118 νίαν
511 5066 787 5119 θεσπέσιοι
816 5068 907 5119 τὸν
938 5068 1279 5122 Βαϐυλώνιον
1315 5069 1467 5136 Θεὸν,
1496 5069 1653 5140 δίκην
1680 5069 1853 5140 πυροῦ
1884 5069 1945 5122 τὸ

352 5161 466 5230 πῦρ
496 5162 962 5223 καταπατοῦντες,
994 5160 1055 5214 τὸ
1083 5161 1284 5235 νάφθῃ,
1329 5162 1423 5215 καὶ
1465 5161 1656 5233 πίσσῃ,
1691 5161 1784 5213 καὶ
1816 5160 1947 5231 κλη-

356 5253 535 5341 ματίδι
562 5253 990 5325 κορυφούμενον,
1025 5252 1180 5307 ὕδατι
1210 5254 1268 5307 δὲ
1301 5253 1721 5322 θανατούμενον,
1750 5255 1945 5307 £19.10-

353 5346 529 5415 γεῖτε,
566 5345 765 5400 πάντα
788 5349 861 5403 τὰ
899 5349 1045 5417 ἔργα
1079 5349 1326 5415 Κυρίου,
1352 5348 1460 5400 τὸν
1481 5348 1723 5414 Κύριον,
1758 5346 1944 5415 φασὶν,

353 5439 447 5490 ἐπὶ
477 5438 567 5493 τὸν
596 5439 757 5494 ἅῦλόν
790 5458 849 5493 τε
891 5442 986 5494 καὶ
1021 5438 1438 5511 ἀχειροποίητον
1467 5438 1601 5492 Θεὸν
1647 5438 1948 5502 Χαλδαίους

352 5532 477 5593 τοὺς
519 5529 711 5594 ἀθέους
758 5530 1196 5602 καθηγούμενοι,
1234 5532 1443 5593 πάντας
1499 5532 1625 5593 τοὺς
1677 5528 1947 5598 Ἕλληνας

356 5626 511 5689 θεοὺς
539 5627 814 5698 κτίσματα
847 5628 943 5681 καὶ
985 5627 1123 5698 ἔργα
1155 5628 1421 5698 ὑπάρχειν
1463 5626 1557 5681 τοῦ
1601 5626 1771 5690 ὅντως
1814 5626 1947 5697 ἀλη-

356 5718 502 5771 θινοῦ
531 5721 624 5773 καὶ
654 5721 908 5774 ἀκτίστου
941 5721 1078 5774 Θεοῦ
1102 5721 1417 5792 δηλοῦντες
1455 5720 1775 5791 Εὑλογεῐτε
1812 5721 1941 5793 γὰρ,

1775 383 2124 442 DIALOGUS
2164 384 2205 442 1.

3508 371 3616 427 922

2025 510 2079 557 et
2115 499 2511 569 magnitudinis
2536 514 2732 569 expers
2760 510 2814 554 et
2854 484 3456 565 incomprehensibilis,
3488 491 3613 544 ubi-

2022 609 2132 663 que
2168 608 2411 662 prtesens
2448 594 2555 655 sit,
2585 600 2639 645 et
2670 592 2853 645 omnia
2888 589 3131 657 impleat.
3169 585 3305 639 Nam
3346 582 3489 637 Dens
3518 597 3614 636 no-

2024 696 2133 739 ster
2164 686 2218 738 in
2250 684 2377 739 caelo
2410 696 2488 738 est
2520 692 2569 737 et
2598 685 2652 736 in
2694 694 2836 736 terra
2859 722 2873 745 ,
2918 683 2973 734 in
3010 681 3147 733 mari
3186 689 3234 732 et
3276 678 3330 729 in
3368 675 3613 730 omnibus

2025 778 2270 847 abyssis,
2325 777 2505 846 inquit
2552 775 2787 829 Davides
2823 776 2890 839 ",
2934 773 3248 827 divinorum
3302 768 3617 823 carminum

2025 879 2240 925 auctor.
2274 871 2349 923 Ex
2376 870 2577 937 quibus
2602 870 2863 922 docemur
2894 867 2950 920 in
2973 869 3275 933 conspectu
3304 862 3427 931 ejus
3456 873 3607 925 esse,

2025 971 2079 1018 et
2105 963 2351 1032 conspici
2382 962 2451 1015 ab
2481 962 2604 1030 ipso
2634 974 2744 1014 non
2776 959 2957 1013 solum
2986 958 3214 1026 angelos
3236 993 3250 1018 ,
3290 951 3385 1008 sed
3414 960 3467 1005 et
3498 950 3616 1003 dia-

2025 1056 2213 1109 bolum
2243 1062 2297 1109 et
2324 1055 2635 1117 daemones,
2666 1060 2721 1107 et
2752 1052 3006 1106 homines
3027 1093 3041 1117 ,
3064 1049 3388 1117 etjumenta
3411 1085 3426 1108 ,
3456 1056 3505 1099 et
3539 1042 3619 1097 si-

2026 1147 2141 1199 mul
2172 1146 2226 1199 in
2258 1146 2576 1199 universum
2603 1146 2811 1198 omnia.
2848 1141 3320 1208 Quemadmodum
3349 1138 3497 1192 Elias
3527 1137 3619 1190 ille

2028 1239 2250 1294 divinus
2282 1239 2397 1292 ait:
2438 1238 2573 1292 Vivit
2610 1237 2903 1299 Dominus,
2937 1238 2992 1289 in
3026 1234 3177 1298 cuius
3209 1241 3489 1297 conspectu
3522 1246 3616 1299 ego

2027 1341 2110 1386 sto
2142 1331 2295 1385 hodie
2324 1330 2393 1383 ’⁷.
2424 1328 2558 1383 Nam
2589 1329 2633 1383 si
2669 1344 2796 1382 aere
2822 1326 3006 1381 omnia
3039 1325 3415 1383 continentur,
3443 1320 3625 1372 multo

2028 1425 2204 1493 magis
2234 1425 2289 1477 in
2324 1423 2474 1477 illius
2502 1422 2785 1475 conditore
2811 1417 3213 1487 comprehensa
3238 1421 3322 1469 est
3348 1414 3464 1467 haec
3489 1426 3620 1480 qua-

2031 1517 2321 1588 dripartita
2360 1524 2573 1570 naturaa
2613 1512 2994 1568 universitatis
3035 1524 3217 1564 rerum
3253 1505 3615 1565 constitutio,

2025 1626 2261 1681 quarum
2290 1625 2399 1664 una
2428 1608 2613 1664 carnis
2638 1616 2717 1662 est
2745 1621 2945 1675 expers
2966 1645 2980 1670 ,
3011 1599 3343 1656 intellectilis
3368 1606 3422 1652 et
3449 1595 3621 1649 ratio-

2027 1705 2203 1766 nalis,
2234 1702 2405 1757 altera
2437 1700 2658 1757 sensilis
2683 1710 2737 1754 et
2762 1714 2928 1753 carne
2954 1696 3181 1767 praedita
3210 1703 3263 1748 et
3292 1688 3615 1747 rationalis,

2026 1798 2189 1853 tertia
2221 1797 2458 1850 animata
2485 1801 2540 1848 et
2569 1790 2911 1846 irrationalis
2933 1832 2947 1856 ,
2979 1796 3178 1858 quarta
3212 1785 3524 1840 inanimata
3559 1788 3619 1835 et

2031 1906 2229 1946 sensus
2258 1904 2475 1958 expers.
2517 1884 2715 1940 Omnia
2742 1885 2879 1938 enim
2908 1881 3052 1935 nuda
3084 1889 3207 1935 sunt
3234 1887 3283 1933 et
3312 1876 3629 1944 resupinam

2030 1998 2213 2036 coram
2247 1978 2414 2033 oculis
2444 1976 2559 2045 ejus
2582 2019 2595 2042 ,
2628 1991 2719 2029 nec
2757 1984 2834 2028 est
2867 1984 3115 2026 creatura
3150 1967 3362 2023 occulta
3396 1966 3452 2019 in
3490 1981 3619 2017 con—

2029 2085 2209 2146 specta
2234 2074 2351 2143 ejus
2372 2113 2386 2137 ,
2418 2071 2594 2141 inquit
2627 2070 2786 2123 divus
2816 2066 3116 2136 Apostolus
3146 2064 3213 2115 ³⁸.

2510 2178 3033 2238 INTERROGATIO
3069 2177 3133 2231 L.

2101 2300 2282 2367 Quare
2315 2298 2494 2353 Moses
2530 2312 2639 2350 non
2672 2296 2742 2349 ab
2773 2293 3020 2363 angelis,
3050 2301 3103 2345 et
3132 2289 3200 2343 ab
3234 2287 3301 2343 iis
3336 2300 3457 2356 qua:
3487 2289 3619 2337 sunt

2031 2394 2085 2447 in
2125 2392 2416 2459 supernis,
2456 2404 2688 2444 exorsus
2722 2396 2807 2441 est
2839 2382 3266 2453 descriptionem
3293 2417 3308 2443 ,
3344 2378 3439 2433 sed
3480 2391 3621 2447 prae-

2031 2484 2213 2539 teritis
2273 2483 2595 2553 angelorum
2651 2477 3010 2540 nationibus,
3066 2473 3438 2541 omnibusque
3498 2483 3633 2539 qua}

2032 2593 2197 2646 supra
2258 2577 2431 2630 cmlos
2491 2582 2655 2637 sunt,
2705 2588 2735 2625 a
2798 2570 2943 2625 oculo
2996 2578 3051 2623 et
3093 2574 3241 2621 terra
3295 2570 3618 2619 contextum

2030 2686 2191 2725 orsus
2225 2678 2308 2723 est
2332 2669 2355 2720 ?

2672 2758 2980 2827 Responsio.

2105 2857 2448 2913 Conveniens
2483 2853 2827 2923 temporibus
2861 2859 2914 2904 et
2947 2847 3267 2904 hominibus
3302 2844 3437 2899 utile
3472 2842 3626 2912 prin-

2032 2952 2235 3022 cipium
2270 2948 2460 3017 scripti
2493 2946 2580 3001 sui
2618 2946 2848 3008 statuit,
2891 2941 3116 3012 quando
3162 2940 3213 2992 id
3256 2935 3521 3005 temporis
3558 2948 3625 2986 ex

2032 3044 2268 3115 Egypto
2292 3040 2467 3095 «Ιυάιεί
2496 3041 2782 3098 exierant,
2811 3046 2865 3090 et
2897 3035 3211 3088 insinuatos
3244 3029 3476 3083 auribus
3505 3028 3628 3079 illo-

2034 3152 2155 3188 rum
2186 3148 2406 3189 errores
2434 3130 2731 3185 habebant.
2763 3127 2897 3181 Nam
2926 3125 3017 3179 alii
3043 3124 3258 3193 quidem
3292 3120 3628 3189 impiorum,

2045 3228 2245 3283 emittm
2272 3245 2287 3293 ;
2322 3225 2409 3279 alii
2446 3239 2577 3278 vero
2608 3233 2807 3276 terram
2838 3219 3273 3273 deiﬁcaverunt:
3308 3228 3429 3284 qum
3458 3212 3567 3265 duo
3597 3225 3635 3263 a

2037 3321 2217 3377 ventis
2254 3329 2308 3374 et
2340 3316 2582 3372 nubibus
2616 3321 2921 3368 mutantur.
2958 3309 3066 3363 Alii
3104 3318 3287 3361 autem
3322 3305 3424 3360 soli
3455 3312 3509 3356 et
3542 3303 3631 3356 lu:

2039 3430 2121 3468 nae
2145 3409 2514 3467 venerationis
2540 3407 2747 3461 cultum
2778 3403 3180 3461 cxhibnerunt,
3207 3407 3268 3452 ut
3295 3397 3387 3451 alii
3412 3396 3629 3465 quidem

2039 3514 2234 3566 noctu,
2280 3502 2374 3556 alii
2419 3514 2550 3553 vero
2581 3497 2819 3551 interdiu
2855 3511 2950 3564 per
2978 3507 3239 3547 occasum
3270 3487 3628 3543 luminarium

2040 3598 2191 3667 impii
2233 3600 2553 3658 manerent;
2590 3604 2715 3643 nam
2751 3588 2808 3641 hi
2846 3586 3069 3657 quidem
3109 3599 3230 3653 qua:
3261 3590 3423 3635 nocte
3453 3588 3508 3633 et
3539 3594 3634 3633 ne-

2038 3689 2169 3744 bula
2198 3694 2251 3741 et
2287 3684 2511 3755 pulvere
2545 3681 2943 3739 obscurantur,
2990 3677 3135 3728 inter
3168 3673 3301 3727 deos
3345 3669 3634 3735 referunt;

2040 3782 2118 3836 illi
2150 3794 2283 3832 vero
2315 3777 2680 3829 intereuntem
2702 3810 2715 3833 ,
2745 3777 2799 3823 et
2829 3768 2992 3838 paulo
3025 3774 3150 3835 post
3177 3763 3482 3818 desiturum
3512 3762 3640 3814 ado-

2040 3881 2186 3929 rant.
2238 3870 2344 3923 Alii
2383 3868 2510 3920 item
2544 3865 2727 3918 fontes
2766 3871 2821 3916 et
2862 3860 3087 3913 ﬂumina
3129 3858 3263 3912 deos
3312 3871 3436 3909 esse
3485 3869 3638 3908 asse-

2041 3974 2193 4029 runt,
2219 3971 2280 4017 ut
2310 3963 2364 4016 in
2391 3966 2580 4014 aestate
2605 3955 2827 4025 quidem
2853 3951 3184 4012 desinentia,
3217 3950 3273 4003 in
3304 3948 3483 4001 hieme
3506 3962 3636 4001 vero

2041 4068 2203 4115 aucta
2235 4064 2288 4112 et
2319 4052 2653 4109 exundantia
2685 4050 2817 4103 deos
2851 4047 3110 4101 habeant.
3145 4044 3249 4097 Alii
3289 4056 3418 4095 vero
3453 4040 3635 4109 ignem

2042 4152 2200 4224 quasi
2224 4150 2387 4204 deum
2416 4152 2701 4207 metuunt,
2728 4141 2819 4212 qui
2848 4150 3033 4195 tamen
3060 4137 3245 4191 infusa
3269 4149 3410 4204 aqua
3434 4134 3640 4188 exstin-

2042 4247 2248 4319 guitur,
2277 4251 2372 4296 aut
2396 4240 2612 4294 defectu
2644 4235 2944 4290 nutrientis
2970 4232 3216 4287 materiae
3249 4230 3561 4285 marcescit.
3594 4224 3644 4283 0

2042 4334 2414 4394 dementiam!
2446 4347 2569 4401 quae
2599 4345 2659 4385 se
2690 4328 2828 4399 ipsis
2856 4333 2985 4382 sunt
3015 4325 3317 4394 abjectiora
3337 4364 3351 4385 ,
3380 4322 3641 4377 deiﬁcant

2044 4431 2169 4485 vani
2203 4436 2258 4483 et
2294 4426 2646 4495 insipientes,
2686 4438 2715 4474 ιι
2743 4435 2878 4475 vero
2911 4418 3021 4473 Deo
3050 4433 3149 4489 per
3176 4432 3425 4471 errorem
3460 4415 3639 4469 abdu-

2045 4527 2141 4581 cti.
2172 4524 2401 4593 Propter
2431 4536 2571 4592 quos
2604 4519 2783 4573 Moses
2820 4533 3003 4571 rerum
3036 4515 3352 4569 divinarum
3398 4514 3640 4582 scriptor

2046 4618 2255 4673 relictis
2290 4612 2772 4677 ultramundanis,
2816 4611 2887 4665 ab
2936 4611 3006 4665 iis
3050 4626 3172 4679 qua:
3213 4608 3398 4678 captui
3445 4616 3639 4662 nostro

2042 4718 2172 4765 sunt
2200 4709 2477 4777 exposita,
2508 4706 2883 4760 narrationem
2920 4696 3158 4765 orditur,
3192 4717 3290 4770 per
3319 4700 3544 4756 sensilia
3583 4708 3636 4754 et

2041 4800 2395 4870 aspectabilia
2424 4798 2633 4851 ducens
2664 4798 2728 4850 ad
2760 4793 3097 4848 intellectilia
3130 4800 3183 4846 et
3211 4791 3279 4844 ad
3324 4793 3641 4859 inaspecta-

2040 4891 2206 4946 bilem
2238 4890 2388 4943 illum
2418 4903 2723 4957 verumque
2756 4882 2951 4940 Deum.
2998 4883 3081 4936 Ad
3114 4882 3367 4936 eumdem
3413 4881 3639 4934 modum

2043 4982 2205 5038 etilli
2253 4981 2389 5036 socii
2448 4980 2677 5034 Anania:
2722 4977 2896 5032 divini
2945 4975 3226 5039 hominis,
3276 4973 3637 5043 Babylonium

2051 5077 2237 5138 deum,
2276 5074 2609 5145 supplicium
2648 5072 2891 5127 fornacis
2924 5079 2978 5125 ct
3010 5071 3190 5139 ignem
3223 5068 3636 5130 conculcantes,

2043 5169 2137 5240 qui
2175 5168 2419 5237 naphtha
2456 5173 2510 5221 et
2544 5167 2667 5235 pice
2701 5172 2756 5219 et
2791 5163 3094 5219 sarmentis
3132 5163 3460 5231 augebatur,
3495 5174 3638 5228 aqua

2043 5276 2177 5317 vero
2210 5259 2692 5329 exslinguebatur,
2725 5256 3028 5311 Benedicite
3054 5297 3067 5321 ,
3111 5255 3292 5309 omnia
3327 5269 3487 5323 opera
3522 5252 3635 5305 Do-

2045 5356 2212 5418 mini,
2246 5353 2538 5406 Dominum
2570 5353 2637 5415 '9,
2676 5351 2953 5420 inquiunt.
3008 5349 3086 5402 Ad
3133 5346 3549 5402 immaterialem
3584 5354 3639 5399 et

2047 5448 2214 5502 nullis
2248 5445 2506 5501 manibus
2538 5444 2743 5499 factum
2779 5442 2951 5498 Deum
2990 5442 3189 5513 impios
3225 5440 3514 5496 Chaldceos
3541 5454 3636 5509 per

2045 5539 2451 5594 institutionem
2487 5537 2631 5591 hanc
2666 5536 2930 5591 ducentes
2956 5578 2970 5601 ,
3013 5550 3077 5589 ac
3115 5548 3308 5589 omnes
3350 5532 3635 5604 gentilium

2045 5632 2181 5687 deos
2209 5639 2495 5687 creaturas
2525 5636 2579 5685 et
2613 5645 2780 5699 opera
2830 5645 2953 5685 esse
3004 5644 3135 5683 vere
3176 5626 3534 5683 subsistentis
3579 5633 3636 5680 et

2054 5725 2170 5780 veri
2199 5734 2254 5779 et
2281 5723 2513 5779 increati
2535 5721 2631 5777 Dei
2656 5723 2971 5779 innitentes.
3018 5721 3339 5787 Benedicite,
3364 5719 3636 5791 inquiunt,

428 5898 473 5929 "
513 5896 656 5955 Psal.
688 5916 906 5970 cxxxw,
940 5903 994 5960 6.
1072 5904 1117 5938 ³⁷
1157 5902 1224 5959 ιγ
1260 5903 1391 5976 llcg.
1421 5919 1501 5969 nt,
1542 5903 1621 5959 14.
1700 5905 1743 5939 ⁹³
1786 5906 1932 5964 ιιοιλι-

2036 5924 2060 5975 τ,
2099 5908 2189 5964 15.
2263 5910 2307 5943 ’9
2338 5907 2474 5965 Dan.
2519 5923 2600 5978 tu,
2633 5908 2698 5964 57
2740 5922 2894 5979 seqq.
