4112 6380
472 374 584 432 923

477 498 659 552 omnia
693 514 851 568 opera
886 498 1137 567 Domini,
1171 501 1504 571 Dominum;
1535 516 1942 576 consequenter
1989 522 2057 562 eo

480 589 705 643 cantico
754 587 1232 655 demonstrantes,
1283 592 1393 647 Deo
1437 593 1600 648 simul
1645 594 1699 648 in
1744 596 2061 649 universum

480 683 669 736 omnia
719 684 786 737 ad
845 683 1197 739 serviendum
1264 701 1390 741 esse
1443 688 1703 742 obnoxia.
1764 688 2064 743 Benedicite

478 779 657 844 ipsum
679 816 694 840 ,
724 776 878 829 aiunt
902 819 916 842 ,
945 779 1158 847 angeli,
1187 779 1337 845 caeli,
1366 796 1536 848 aqum,
1565 782 1683 846 sol,
1711 780 1859 845 luna,
1890 790 2060 845 astra,

476 863 651 933 ignis,
689 873 863 928 terra,
902 877 1126 930 montes,
1166 868 1346 933 colles,
1383 870 1665 938 jumenta,
1715 871 1927 936 bestite,
1976 889 2063 926 re-

475 956 666 1025 ptilia,
702 958 942 1011 volatilia
966 998 980 1021 ,
1006 966 1062 1013 et
1112 968 1314 1014 caetera
1357 976 1701 1034 quaecunque
1744 964 1977 1035 gentiles
2006 965 2062 1019 in

478 1047 705 1101 deorum
734 1062 1025 1103 numerum
1056 1050 1385 1105 retulerunt.

952 1160 1475 1219 INTERROGATIO
1513 1164 1597 1221 LI.

548 1270 834 1338 Quomodo
863 1274 1072 1328 creavit
1108 1274 1251 1331 Deus
1290 1278 1475 1333 omnia
1501 1318 1516 1344 ,
1553 1279 1876 1351 priusquam
1910 1284 2059 1339 exsi-

473 1371 646 1419 steret
680 1364 937 1421 materies
968 1381 1073 1435 qua
1105 1369 1390 1423 uteretur?

1110 1456 1421 1527 Responsio.

546 1542 730 1598 Primo
773 1548 995 1616 quidem
1041 1549 1131 1603 die
1176 1566 1244 1604 ex
1294 1552 1445 1606 nullo
1499 1554 1750 1623 subjecto
1803 1557 2060 1614 materies

475 1637 771 1707 produxit,
807 1640 973 1694 simul
1015 1641 1300 1711 cogitans,
1345 1645 1528 1714 qualis
1571 1661 1912 1718 unaquaeque
1958 1665 2059 1704 cu-

469 1729 671 1799 jusque
700 1730 921 1786 deberet
948 1747 1072 1788 esse
1115 1734 1393 1791 materies.
1443 1736 1645 1793 Deinde
1695 1742 1878 1795 statim
1929 1758 2058 1812 pro-

473 1823 680 1877 ferebat
704 1839 767 1879 ea
801 1839 920 1894 qua:
947 1826 1304 1895 cogitaverat.
1341 1828 1520 1899 Atque
1553 1831 1657 1886 hoc
1710 1833 1831 1887 loco
1880 1836 2047 1888 nolim

472 1922 528 1966 te
568 1913 701 1967 mihi
734 1915 915 1968 delabi
951 1915 1017 1969 ad
1062 1915 1466 1986 cogitationes,
1513 1931 1571 1974 ut
1616 1937 1868 1991 quaerere
1916 1923 2051 1980 velis

474 2017 588 2069 quo
617 2004 667 2056 id
701 2013 861 2074 pacto
890 2005 962 2059 sit
995 2005 1198 2060 factum
1230 2025 1243 2072 ;
1274 2024 1400 2062 nam
1436 2021 1491 2064 et
1524 2012 1773 2080 volebat,
1811 2022 1864 2068 et
1897 2024 2052 2085 pote-

470 2102 557 2147 rat
588 2095 768 2149 omnia
803 2097 882 2151 vis
914 2097 1006 2152 illa
1053 2098 1301 2154 eﬂ‘ectrix
1351 2102 1620 2159 omnium.
1680 2102 1760 2157 Ex
1809 2105 1880 2161 iis
1923 2122 2053 2161 vero

470 2199 591 2253 qua:
620 2185 708 2240 die
738 2186 982 2242 condidit
1017 2190 1194 2259 primo
1216 2231 1231 2255 ,
1268 2191 1468 2247 deinde
1500 2195 1714 2265 reliqua
1747 2207 1932 2251 creata
1964 2198 2052 2253 fe-

469 2277 581 2342 cit,
610 2277 862 2333 videlicet
896 2281 1095 2335 coelum
1127 2283 1366 2351 primum
1387 2324 1403 2348 ,
1436 2301 1548 2340 non
1582 2286 1717 2341 illud
1751 2288 1900 2358 quod
1927 2305 2053 2345 cer-

472 2367 657 2421 nimus
677 2409 691 2434 ,
727 2368 825 2423 sed
852 2385 1021 2440 supra
1054 2375 1294 2441 positum
1317 2414 1331 2438 ,
1367 2375 1435 2429 de
1467 2391 1574 2445 quo
1602 2375 1836 2433 Davides
1865 2380 2051 2447 canit,

471 2460 672 2512 (.‘wlum
700 2461 817 2514 caeli
847 2461 1078 2517 Domino
1119 2466 1157 2529 ⁸,
1190 2465 1259 2519 ad
1292 2468 1513 2522 modum
1549 2469 1744 2525 domus
1779 2471 2052 2541 duplicem

468 2546 731 2606 fornicem
788 2552 1071 2620 habentis,
1128 2556 1495 2628 intersepieus
1550 2569 1605 2616 et
1649 2562 1972 2622 discernens
2021 2584 2054 2621 a

468 2643 824 2699 terrestribus
859 2645 1283 2703 ultramundana
1303 2688 1319 2715 ,
1349 2658 1405 2705 et
1433 2653 1599 2709 veluti
1635 2654 1881 2712 tabulato
1915 2674 2057 2729 quo-

467 2730 592 2785 dam
626 2730 911 2790 dirimens.

925 2849 1444 2910 lNTEllllOGATlO
1483 2856 1592 2912 LII.

537 2956 720 3024 Quare
767 2977 877 3016 non
924 2967 1149 3036 scripsit
1204 2967 1419 3033 Moses,
1465 2972 1613 3041 quod
1663 2971 1855 3029 fecerit
1910 2973 2055 3033 Deus

444 3060 664 3127 ‘aquam
690 3092 704 3117 ,
739 3060 833 3105 aut
868 3054 1083 3123 ignem,
1120 3065 1213 3110 aut
1247 3074 1371 3113 aera
1396 3100 1410 3123 ,
1446 3070 1504 3114 ut
1535 3063 1604 3118 de
1647 3070 1786 3125 caelo
1811 3080 1865 3125 et
1885 3080 2022 3126 terra

467 3141 758 3199 arboribus
791 3152 846 3198 et
874 3148 1088 3203 caneris
1112 3149 1136 3201 ?
1886 3168 1891 3173 '

1107 3236 1409 3301 Responsio.

537 3322 678 3379 Num
719 3341 873 3398 ergo,
909 3329 1037 3399 quia
1086 3331 1138 3385 id
1196 3332 1359 3386 etiam
1414 3336 1679 3405 scriptum
1740 3349 1847 3401 est,
1903 3350 2051 3410 quod

465 3414 631 3484 Deus,
664 3432 888 3495 accepto
917 3423 1141 3492 pulvere
1171 3432 1330 3479 terra:
1387 3426 1705 3484 formaverit
1746 3432 2049 3499 hominem,

464 3528 642 3582 neque
668 3514 911 3568 additum
942 3516 1033 3581 sit,
1071 3517 1218 3586 quod
1254 3519 1303 3572 ei
1340 3517 1528 3574 fecerit
1564 3525 1782 3589 oculos,
1823 3536 1918 3580 aut
1952 3543 2052 3581 au-

462 3616 574 3667 res,
611 3613 704 3658 aut
737 3604 923 3674 pedes,
957 3615 1052 3660 aut
1080 3608 1405 3677 brachium;
1445 3612 1567 3667 ideo
1618 3617 1923 3684 putandum
1961 3627 2048 3674 est

464 3710 494 3747 a
532 3693 642 3748 Deo
674 3711 783 3750 non
819 3712 943 3752 esse
967 3707 1153 3752 creata
1189 3701 1374 3754 omnia
1421 3712 1635 3758 naturae
1663 3721 1891 3776 organa,
1932 3718 2048 3766 tum

463 3786 678 3841 interna
710 3797 824 3841 tum
865 3790 1129 3843 externa?
1156 3790 1427 3847 Nimirum
1462 3796 1518 3849 in
1552 3797 1620 3852 iis
1650 3815 1773 3867 qua:
1819 3816 2049 3873 compo-

464 3880 596 3942 sita,
629 3885 683 3934 et
714 3880 1014 3950 aliquando
1051 3881 1303 3951 sejuncta
1351 3894 1504 3949 sunt,
1547 3903 1615 3943 ex
1663 3896 2051 3960 praestantiore

463 3970 642 4039 ipsam
698 3987 814 4025 rem
862 3983 1258 4043 reprmsentare
1318 3993 1480 4032 sacra
1539 3979 1824 4053 Scriptura
1883 3989 2046 4043 solet.

462 4064 933 4128 Quemadmodum
982 4067 1296 4122 divinorum
1360 4074 1668 4128 carminum
1720 4089 1912 4133 auctor
1964 4081 2051 4134 iu-

462 4156 602 4226 quit,
639 4155 836 4210 Beatus
886 4158 966 4211 vt'r
993 4160 1083 4228 qui
1140 4176 1243 4213 non
1302 4163 1432 4214 abiit
1494 4164 1551 4216 in
1589 4168 1814 4222 consilio
1854 4173 2049 4240 impio-

465 4261 583 4297 rum
610 4248 630 4277 ²
663 4264 676 4299 :
712 4259 823 4301 non
870 4249 1059 4317 utique
1094 4264 1123 4302 a
1157 4251 1497 4307 beatitudine
1547 4259 1807 4314 mulieres
1859 4265 2049 4315 exclu-

463 4337 638 4404 deus;
678 4338 772 4393 sed
808 4355 933 4392 cum
966 4341 1156 4396 eadem
1217 4344 1286 4397 sit
1350 4356 1568 4409 natura,
1631 4365 1696 4402 ex
1760 4355 2046 4423 principa-

460 4430 605 4486 liore
631 4445 851 4485 carmen
879 4433 1114 4487 orditur.
1175 4434 1251 4487 Ex
1311 4436 1380 4490 iis
1420 4437 1588 4507 igitur
1646 4457 1768 4510 quae
1831 4444 1886 4497 in
1939 4445 2047 4501 isto

462 4520 707 4576 carmine
735 4523 1114 4591 praestantiora
1147 4533 1310 4587 sunt,
1359 4527 1526 4581 etiam
1580 4529 1648 4584 de
1687 4535 2048 4601 sequentibus

459 4611 731 4681 judicium
768 4611 883 4666 fiat.
916 4611 1050 4665 Nam
1085 4626 1609 4673 commemoratione
1633 4622 1761 4675 cmli
1789 4632 1843 4676 et
1868 4632 2048 4693 terrae,

464 4703 781 4759 universum
853 4704 959 4758 hoc
1011 4706 1535 4775 comprehenditur,
1587 4725 1703 4779 aer,
1784 4718 2049 4790 tenebrze,

461 4795 718 4867 abyssus.

903 4907 1428 4969 INTERROGATIO
1468 4914 1600 4972 LIII.

530 5021 645 5076 Cur
672 5030 856 5078 autem
884 5024 1044 5093 quasi
1078 5024 1291 5079 viribus
1320 5024 1550 5080 inferior
1574 5026 1776 5097 Moses,
1808 5048 1921 5089 non
1952 5050 2046 5107 ag—

460 5105 684 5188 gressus
735 5126 818 5172 est
858 5117 1100 5172 scribere
1142 5118 1494 5173 tenebrarum
1543 5130 1598 5175 et
1654 5122 1838 5194 abyssi
1885 5143 2040 5183 creaa

461 5218 664 5261 tument
688 5206 712 5259 ?

1103 5295 1413 5365 Responsio.
1436 5310 1445 5318 ‘

530 5390 827 5444 Enimvero
861 5405 983 5460 qum
1013 5389 1192 5445 Moses
1227 5393 1509 5460 praeteriit,
1548 5397 1849 5464 quominus
1896 5401 2039 5455 scri-

462 5481 637 5546 beret,
677 5497 786 5535 non
820 5482 1031 5537 viribus
1059 5482 1360 5541 destitutus
1395 5485 1547 5550 fecit,
1582 5490 1675 5544 sed
1710 5493 2033 5548 exercitium

462 5570 621 5623 nobis
652 5571 898 5640 reliquit.
938 5572 1201 5627 Solomon
1251 5575 1478 5645 scripsit
1519 5577 1575 5631 in
1626 5594 1864 5648 persona
1913 5581 2037 5640 Filii

535 5704 549 5733 '
594 5704 739 5762 Psal.
773 5722 928 5770 cxut,
968 5709 1056 5764 16.
1106 5714 1152 5757 μ’
1190 5710 1344 5792 Psal.
1374 5729 1412 5775 ι,
1451 5716 1502 5768 1.

534 5850 649 5921 (l8)
685 5854 1123 5925 'raapxodoac.
1162 5856 1323 5915 Forte
1349 5858 1716 5930 ὑπαρχούσης.
1748 5857 1910 5914 Ευιτ.

1560 385 1616 441 s.
1660 364 1964 442 cissmu
1992 354 2335 444 Canacen
2377 386 2682 445 FRATRIS

3641 387 3749 445 εει

2166 509 2323 575 φασὶ,
2352 508 2551 561 πάντα
2575 506 2647 560 τὰ
2667 506 2812 575 ἔργα
2833 505 3074 575 Κυρίου,
3102 505 3210 559 τὸν
3229 506 3449 574 Κύριον
3464 521 3480 537 ’
3519 504 3750 561 ἀκολού-

2166 598 2275 663 θως
2316 601 2383 671 τῇ
2437 600 2695 670 μελῳδίᾳ,
2740 593 2900 652 δοῦλᾶ
2943 599 3061 669 Θεῷ
3094 598 3467 670 παριστῶντες
3502 599 3573 652 τὰ
3606 601 3745 670 σύμ-

2130 706 2364 772 μπαντιι,
2414 692 2755 761 Εὑλογεῒτε,
2805 691 3124 760 φάσκοντες,
3179 690 3442 759 ἄγγελοι,
3477 692 3744 759 οίιρανοὶ,

2163 781 2374 847 ὕδατα,
2407 782 2603 849 ἣλιος,
2629 781 2886 850 σελήνη,
2914 780 3126 850 ἄστρα,
3154 783 3292 850 πῦρ,
3318 775 3418 852 Ίὲῆ,
3450 782 3579 851 ὄρη,
3597 785 3748 848 βου⁶

2163 871 2279 936 νοὶ,
2312 872 2525 941 κτήνη,
2566 872 3023 943 θηρία,’ἐρπετὰ,
3052 875 3314 941 πετεινὰ,
3340 876 3436 928 καὶ
3460 873 3623 962 λοιπά
3644 876 3749 930 ὅσα

2167 963 2426 1036 Ἕλληνες
2465 964 2840 1036 ὲθεοποίησαν.

2751 1158 3000 1212 ΠΕΥΣΙΣ
3037 1159 3168 1213 NA'.

2230 1270 2357 1334 Πῶς
2381 1270 2594 1324 ἔκτισεν
2632 1270 2661 1323 ὁ
2689 1271 2823 1335 Θεὸς
2845 1272 2914 1325 τὰ
2939 1274 3148 1340 πάντα;
3184 1276 3617 1350 »προϋπαρχούσῃ
3643 1276 3746 1351 ὕλῃ

2162 1362 2526 1433 χρησάμενος,
2564 1362 2599 1434 ἢ
2631 1363 2726 1416 καὶ⁹
2768 1362 2870 1426 τὰς
2897 1362 3028 1425 ὑλας
3059 1363 3222 1427 αὑτὸς
3247 1366 3602 1437 παρήγαγεν;

2787 1456 3152 1525 Ἀπόκρισις.

2228 1548 2307 1619 Τῇ
2339 1548 2438 1619 μὲν
2465 1546 2654 1617 πρώτῃ
2688 1544 2873 1616 ἡμέρᾳ
2910 1546 2974 1597 ὲκ
3010 1545 3234 1616 μηδενὸς
3263 1545 3621 1617 ὑποκειμένου
3644 1549 3748 1612 τὰς

2161 1639 2294 1704 ῦλας
2336 1640 2677 1711 παρήγαγεν,
2722 1638 2839 1708 ἅμα
2876 1638 2955 1708 τῷ
2988 1639 3199 1708 νοῆσαι,
3239 1639 3428 1694 ὁποίαν
3465 1641 3589 1695 τινὰ
3630 1644 3743 1714 χρὴ

2161 1732 2426 1803 ὑπάρχειν
2472 1731 2701 1785 ἑκάστου
2750 1728 2882 1801 ὓλην
2907 1770 2922 1793 ,
2972 1726 3129 1794 αὖθις
3175 1733 3532 1804 παραστήσας
3565 1734 3757 1805 ἑαυτῷ.

2158 1823 2218 1876 τὸ
2243 1822 2451 1893 νοηθέν.
2506 1822 2616 1875 Καὶ
2645 1822 2719 1893 μὴ
2753 1823 3070 1895 καταπέσῃς
3103 1824 3241 1895 πρὸς
3270 1824 3582 1895 λογισμοὺς,
3635 1844 3745 1879 πυ-

2157 1913 2381 1983 θόμενος
2408 1913 2471 1969 τὸ
2498 1914 2635 1976 πῶς.
2697 1913 2990 1985 Ἐϐουλήθη
3041 1913 3149 1985 γὰρ
3194 1915 3288 1968 καὶ
3320 1915 3581 1987 ἠδυνήθη,
3611 1917 3749 1988 δρα-

2157 2006 2354 2070 πικῶς
2374 2006 2602 2077 δύναμις
2624 2007 2838 2061 πάντων
2871 2007 3211 2079 ὑπάρχουσα.
3257 2008 3350 2060 Ἐκ
3373 2008 3430 2061 δὲ
3459 2009 3568 2062 τῶν
3587 2011 3647 2063 ὲν
3668 2015 3739 2082 τῇ

2154 2093 2346 2166 πρώτῃ
2373 2095 2736 2166 μετεσκεύασε
2755 2096 2823 2149 τὰ
2844 2096 3004 2149 λοιπὰ
3023 2097 3121 2167 τῆς
3145 2098 3527 2167 δημιουργίας·
3553 2102 3743 2173 ἐποίη-

2157 2203 2249 2239 σε)
2280 2187 2505 2258 οὐρανὸν
2532 2187 2763 2258 πρῶτον,
2794 2190 2855 2242 οὑ
2888 2189 2978 2242 τὸν
3003 2188 3298 2259 ὁρώμενον,
3329 2190 3446 2244 ἀλλ’
3480 2193 3740 2265 ὑπερκεί-

2159 2295 2347 2348 μενον,
2395 2279 2524 2351 περὶ
2555 2271 2616 2331 οὗ
2668 2279 2762 2332 καὶ
2802 2279 2967 2333 Δαὸὶδ
3003 2280 3258 2352 μελῳδεῖ,
3307 2283 3580 2350 Οὐρανὸν
3631 2286 3739 2341 τοῦ

2156 2371 2415 2439 οὐρανοῦ
2442 2371 2521 2436 τῷ
2552 2373 2770 2440 Κυρίῳ,
2799 2373 2955 2443 δίκην
2992 2374 3242 2445 διορόφου
3277 2374 3475 2439 οἰκίας,
3505 2375 3738 2445 διαφρά-

2158 2462 2250 2528 ξας
2274 2464 2368 2516 καὶ
2394 2465 2696 2536 ἀποκρίνας
2718 2464 2830 2517 τῶν
2858 2466 3117 2534 ἐπιγείων
3145 2466 3214 2521 τά
3244 2467 3610 2540 ὑπερκόσμια,
3642 2473 3741 2523 καὶ

2155 2555 2287 2608 ὡσεὶ
2316 2554 2552 2627 ὑπερῴῳ
2582 2555 3006 2627 ἀπολαϐόμενος.

2740 2837 2988 2892 ΠΕΥΣῙΣ
3015 2838 3142 2894 NB’.

2212 2945 2311 2998 Διά
2339 2948 2391 2998 τί
2437 2947 2512 3019 μὴ
2554 2949 2758 3021 ἔγραψε
2806 2952 3045 3023 Μωσῆς,
3093 2953 3175 3006 ὅτι
3219 2954 3475 3026 ἐποίησεν
3521 2957 3551 3010 ὁ
3595 2955 3749 3020 Θεὸς

2148 3037 2313 3108 ὕδωρ,
2343 3038 2376 3109 ἢ
2408 3039 2539 3109 πῦρ,
2571 3041 2603 3111 ἢ
2640 3042 2793 3114 ἀέρα,
2821 3045 2897 3108 ὡς
2922 3045 3050 3118 περὶ
3076 3046 3328 3118 οὐρανοῦ,
3366 3051 3459 3103 καὶ
3489 3051 3613 3121 γῆς,
3638 3050 3732 3103 καὶ

2146 3129 2396 3202 δένδρων,
2432 3133 2527 3185 καὶ
2557 3132 2665 3188 τῶν
2695 3134 2926 3201 λοιπῶν;

2760 3313 3118 3380 Ἀπόκρισις.

2215 3408 2281 3461 Τί
2323 3405 2449 3476 οὑν;
2493 3409 2617 3464 ἐπεὶ
2659 3410 3007 3482 γέγραπται,
3054 3410 3139 3463 ὅτι
3169 3409 3350 3466 λαϐὼν
3381 3413 3411 3466 ὁ
3436 3412 3572 3475 Θεὸς
3599 3413 3739 3485 χοῦν

2145 3502 2254 3555 ἀπὸ
2284 3502 2385 3573 τῆς
2421 3503 2527 3573 γῆς
2563 3503 2763 3557 ἔπλασε
2792 3504 2885 3558 τὸν
2915 3503 3228 3576 ἄνθρωπον,
3259 3507 3355 3559 καὶ
3384 3506 3485 3559 οὑκ
3517 3507 3734 3579 ἐπήγα-

2144 3613 2262 3664 γεν,
2297 3598 2380 3650 ὅτι
2409 3597 2665 3667 ἐποίησεν
2697 3597 2848 3668 αὑτῷ
2898 3596 3235 3668 ὀφθαλμοὺς,
3275 3597 3308 3669 ἢ
3343 3591 3460 3651 ὦτα
3483 3640 3499 3661 ,
3551 3600 3585 3670 ἢ
3625 3600 3729 3671 βά-

2147 3705 2283 3752 σεις,
2317 3690 2351 3760 ἢ
2400 3689 2679 3760 βραχίονα,
2730 3688 2883 3757 παρὰ
2934 3688 3093 3742 τοῦτο
3141 3689 3351 3743 οἴεσθαι
3400 3692 3538 3762 χρὴ,
3577 3692 3745 3763 παρὰ

2144 3781 2281 3834 Θεοῦ
2315 3783 2389 3852 μὴ
2435 3782 2724 3851 κτισθῆναι
2769 3780 2949 3835 πάντα
2978 3780 3066 3834 ’τὰ
3097 3784 3199 3853 τῆς
3245 3781 3464 3851 φύσεως
3495 3784 3733 3855 ὄργανα,

2146 3876 2297 3940 ἐντός
2318 3893 2378 3928 τε
2398 3876 2494 3928 καὶ
2520 3874 2674 3939 ἐκτός
2699 3891 2714 3941 ;
2751 3874 2890 3927 Ἀλλ’
2917 3875 3012 3927 ἐπὶ
3036 3874 3146 3927 τῶν
3170 3874 3463 3938 συνθέτων,
3488 3876 3583 3928 καὶ
3606 3875 3738 3929 λυοο

2149 3966 2325 4037 μένων
2358 3967 2508 4031 ποτὲ,
2542 3968 2608 4019 ἐκ
2642 3966 2737 4020 τοῦ
2769 3967 3100 4039 τιμιωτέρου
3136 3967 3198 4019 τὸ
3243 3966 3425 4036 δρᾶμα
3455 3969 3738 4038 παριστᾷν

2145 4062 2180 4130 ἡ
2229 4060 2347 4113 θεία
2390 4061 2600 4128 πέφυκε
2656 4060 2883 4133 [φύσις]
2934 4060 3157 4130 Γραφήο
3214 4058 3398 4124 καθὼς
3433 4062 3588 4114 καὶὸ
3622 4061 3739 4114 τῶν

2146 4151 2307 4204 θείων
2334 4153 2467 4222 φησὶ
2510 4152 2744 4222 μελῳδός
2769 4169 2782 4182 ·
2811 4152 3114 4219 Μακάριος
3147 4151 3311 4223 ,ἀνὴρ
3349 4153 3418 4219 ὃς
3455 4155 3567 4206 οὐκ
3588 4154 3739 4208 ἐπο-

2138 4244 2326 4311 ρεύθη
2355 4243 2424 4297 ἐν
2451 4243 2657 4312 βουλῇ
2686 4242 2941 4297 ἀσεϐῶν.
2973 4245 3087 4297 Οὐκ
3115 4244 3223 4315 ἄρα
3251 4244 3346 4297 τοῦ
3378 4245 3740 4316 μακαρισμοῦ

2144 4334 2243 4397 τὰς
2262 4338 2527 4403 γυναῖκας
2548 4334 2897 4399 ἀποκλείσας,
2924 4334 3060 4388 ἀλλὰ
3087 4336 3217 4404 μιᾶς
3237 4334 3592 4406 ὑπαρχούσας
3615 4337 3741 4406 (18)

2145 4430 2246 4497 τῆς
2276 4428 2512 4496 φύσεως,
2559 4430 2623 4483 ἐκ
2655 4428 2750 4481 τοῦ
2782 4427 3254 4498 ἡγεμονικωτέρου
3293 4426 3392 4497 τῆς
3437 4426 3739 4497 μελῳδίας,

2148 4520 2218 4573 τὰ
2240 4520 2479 4589 ἑπόμενα
2497 4521 2596 4591 τῆς
2620 4520 2982 4592 δημιουργίας
3007 4518 3254 4571 νοείσθω.
3281 4518 3361 4589 Τῇ
3377 4517 3487 4589 γὰρ
3515 4521 3746 4590 ποιήσει

2150 4609 2245 4662 τοῦ
2279 4610 2510 4680 οὐρανοῦ
2538 4610 2634 4663 καὶ
2663 4612 2757 4680 τῆς
2780 4611 2882 4680 γῆς
2904 4609 2965 4663 τὸ
2988 4610 3096 4663 πᾶν
3121 4607 3569 4679 συμπεριέχεται,
3597 4610 3741 4683 ἀὴρ,

2148 4700 2339 4764 σκότος
2372 4703 2465 4754 καὶ
2498 4701 2749 4764 ἄϐυσσος.

2731 4908 2980 4960 ῙΙΕΥΣΙΣ
3013 4908 3135 4963 NI".

2218 5020 2282 5073 Τί
2313 5016 2405 5074 οῦν
2448 5022 2718 5092 ἁτονήσας
2750 5019 2990 5090 Μωσῆς,
3037 5021 3136 5090 οὐχ
3180 5019 3357 5072 εἵλετο
3386 5020 3598 5093 γράψαι
3632 5023 3745 5077 τὴν

2146 5117 2351 5169 σκὸτων
2386 5116 2479 5168 καὶ
2506 5116 2744 5169 ἀϐύσσου
2774 5116 2982 5178 κτίσιν;

2756 5217 3108 5281 Ἀπόκρισις.

2228 5307 2370 5358 Ἀλλ’
2418 5307 2575 5376 εἴπερ
2623 5306 2828 5376 Μωσῆς
2874 5306 3261 5377 παρέδραμεν,
3309 5306 3412 5361 οὐκ
3434 5308 3745 5382 ἀτονήσας,

2150 5399 2378 5471 γράψαι,
2413 5397 2548 5451 ἀλλά
2578 5399 2873 5469 γυμνάσιον
2904 5399 3035 5468 ἡμῖν
3074 5398 3441 5468 καταλείψας⁶
3478 5400 3747 5466 Σολομὼν

2149 5491 2411 5564 ἔγραψεν,
2445 5492 2508 5544 ἐκ
2550 5489 2841 5561 προσώπου
2885 5488 2978 5542 τοῦ
3021 5489 3153 5542 Υίοῦ
3198 5490 3336 5560 πρὸς
3376 5491 3468 5543 τὸν
3508 5492 3752 5564 Πατέρα

2149 5583 2397 5652 φάσκωνο
2438 5578 2560 5649 Πρό
2589 5578 2698 5635 τοῦ
2740 5579 2843 5646 τὰς
2871 5579 3185 5646 ἀϐύσσους
3222 5578 3511 5650 ποιῆσαι,
3563 5579 3749 5653 ἤμην
