4112 6380
379 364 490 432 933

383 489 524 559 ,παρ’
571 492 731 559 nam
779 493 1119 565 ἁρμόζουσα
1158 497 1215 569 ἡ]
1254 496 1508 570 δύναμις
1548 500 1648 556 καὶ
1684 503 1724 571 ἠ
1772 504 1959 573 σοφία

388 584 558 651 Θεοῦ,
587 587 862 655 Χριστός.

935 766 1184 820 ΠΕΥΣΙΣ
1210 768 1337 826 NA'.

470 852 529 908 Ὀ
558 854 664 926 ἀὴρ
700 856 831 910 πότε
859 857 1083 926 γέγονε;
1109 861 1200 932 Μὴ
1230 863 1329 916 καὶ
1358 863 1546 919 τοῦτον
1575 863 1721 936 ἔχεις
1752 868 1927 921 εἰπεῖν
1946 907 1962 933 ,

387 947 469 1001 ὅτι
501 946 751 1018 Σολομὼν
775 948 1042 1021 ἔγραψενς

1001 1043 1363 1113 Ἀπόκρισις.

468 1124 663 1178 ’Ἄκουε
691 1126 754 1196 δὴ
777 1129 1020 1196 Μωσέως
1049 1132 1350 1201 φάσκοντος
1367 1153 1382 1167 ο
1408 1138 1519 1191 Καὶ
1546 1139 1794 1208 Πνεῦμα
1817 1141 1966 1195 Θεοῦ

390 1216 708 1287 ἐπεφέρετο
734 1220 932 1274 ἐπάνω
955 1224 1062 1277 τοῦ
1098 1224 1331 1293 ὓδατος.
1371 1229 1441 1281 Συ
1449 1229 1685 1300 μφὼνως
1712 1231 1770 1285 δὲ
1792 1232 1968 1302 τούτῳ

390 1313 422 1367 ὁ
470 1313 724 1386 Ἀμμὼς’
755 1315 969 1385 Κύριος
1011 1318 1273 1388 στερεῶν
1307 1322 1583 1392 ,βροντὴν
1614 1323 1715 1379 καὶ
1761 1322 1971 1386 κτίζων

396 1403 655 1474 πνεῦμα.

976 1503 1225 1557 ΠΕΥΣΙΣ
1256 1503 1386 1573 NE'.

478 1588 616 1642 Ἀλλ’
648 1591 709 1644 ού
741 1593 869 1664 περὶ
898 1593 993 1647 τοῦ
1032 1595 1194 1666 ἀέρος
1220 1596 1394 1665 λέγει,
1431 1598 1561 1668 περὶ
1587 1598 1644 1652 δὲ
1673 1599 1767 1653 τοῦ
1810 1600 1969 1669 ἁγέου

393 1681 709 1753 Πνεύματος
738 1685 939 1755 μᾶλλον
966 1687 1182 1758 εἴρηται
1207 1691 1236 1742 ὁ
1260 1688 1436 1757 λόγος.
1478 1689 1553 1742 Ού
1589 1690 1698 1761 γὰρ
1726 1691 1854 1745 ἄλλο
1883 1693 1971 1745 λέ-

393 1788 561 1842 γομεν
614 1769 756 1828 εἶναι
800 1776 833 1847 ἥ
890 1779 1391 1850 προσαγορεύεσθαι
1438 1782 1688 1854 πνεῦμα,
1726 1785 1864 1857 πλὴν
1906 1787 1969 1839 τὸ

394 1861 547 1932 ἅγιον
581 1866 826 1938 Πνεῦμα.

1002 1961 1358 2031 Ἀπόκρισις.

465 2047 595 2112 Δέος
638 2066 727 2119 μοι
759 2052 826 2122 τῇ
855 2050 1030 2104 κτίσει
1064 2055 1580 2127 συγκαταριθμῆσαι
1606 2056 1668 2111 τὸ
1700 2057 1970 2111 ἇκτιστον·

395 2136 536 2208 πλὴν
577 2139 725 2209 ὅμως
753 2142 854 2193 οὐκ
883 2142 1123 2213 ἀναιρῶν
1153 2144 1215 2197 τὺ
1252 2147 1562 2217 εἰρημένον,
1607 2147 1833 2219 δέχομαι
1880 2150 1974 2202 καὶ

395 2229 573 2295 τοῦτο,
602 2232 827 2296 εἰκότως
862 2235 956 2287 καὶ
996 2235 1317 2308 θεοπρεπῶς
1358 2239 1683 2310 νοούμενον,
1710 2241 1973 2310 ἐπιφέρε-

399 2321 521 2375 σθαι
547 2326 659 2386 τοῖς
694 2322 849 2377 ὕδασι
881 2326 1017 2398 πρὸς
1057 2328 1371 2397 ζωογονίαν,
1399 2330 1539 2384 αύτὰ
1580 2330 1976 2395 συνθάλποντος

398 2413 555 2485 δίκην
612 2416 969 2489 ὲπωαξούσης
1007 2419 1256 2492 ὄρνιθος,
1299 2421 1536 2490 ζωτικήν
1582 2439 1705 2475 τινα
1749 2423 1977 2494 δύναμιν

398 2506 640 2570 ἀνιέντος
690 2507 802 2578 (19)
847 2512 962 2574 τοῖς
998 2512 1463 2585 ύποθαλπομένοις
1504 2513 1694 2582 ὕδασι,
1739 2514 1876 2587 πρὸς
1914 2515 1978 2568 τὸ

399 2598 667 2669 ὲκὸράσαι
697 2602 766 2656 τὰ
796 2601 999 2675 ἄπειρα
1028 2605 1136 2657 τῶν
1167 2605 1365 2676 ἰχθύων
1396 2607 1552 2676 γένη.

961 2696 1209 2750 usrzts
1258 2698 1403 2766 Nq'.

470 2782 678 2840 Μαθειν
713 2786 849 2857 πρὸς
872 2785 1082 2852 τούτοις
1115 2788 1347 2859 δεόμεθα
1378 2790 1505 2862 περὶ
1543 2792 1641 2862 τῆς
1681 2791 1775 2847 τοῦ
1810 2788 1980 2862 πυρὸς

399 2874 684 2940 γενέσεως.
722 2876 860 2930 Οὔτε
896 2878 1007 2949 γὰρ
1045 2881 1113 2951 τῇ
1143 2880 1333 2952 Γραφῇ
1376 2883 1614 2954 εἴρηται,
1660 2883 1743 2936 ὅτι
1774 2877 1925 2934 εἶπεν
1952 2879 1981 2930 ὁ

401 2964 533 3029 Θεός
556 2981 570 2996 ⁸
605 2966 894 3038 Γενηθήτω
925 2968 1057 3040 πῦρ.

998 3062 1354 3129 Ἀπόκρισις.

473 3152 699 3206 Πάντων
732 3153 967 3224 μάλιστα
996 3154 1359 3225 ὲνεργεστέρα
1393 3156 1425 3226 ή
1466 3154 1560 3209 τοῦ
1594 3156 1767 3227 πυρὸς
1795 3154 1978 3224 φύσις,

400 3245 785 3297 συνυποστᾶσα
805 3244 899 3298 καὶ
923 3243 1315 3314 ἐμφωλεύουσα
1335 3249 1402 3319 τῇ
1425 3248 1645 3318 ποιήσει
1663 3248 1764 3319 τῆς
1783 3249 1979 3319 χέρσου

399 3336 670 3405 φαίνεται.
718 3336 881 3389 Ὄποι
925 3337 972 3389 δ’
1018 3336 1084 3390 ἂν
1136 3337 1400 3401 πατάξεις
1435 3337 1602 3403 λίθον,
1657 3339 1983 3399 ἀποκυεῑται

399 3426 533 3500 πῦρ,
567 3428 661 3481 καὶ
698 3427 933 3498 σιδήρων
962 3428 1301 3499 τριϐομένων
1321 3467 1335 3492 ,
1362 3417 1564 3500 ὁμοίως
1593 3431 1841 3499 γίνεσθαι
1883 3432 1982 3485 πέ-

400 3538 564 3591 φυκε,
598 3520 694 3573 καὶ
724 3520 897 3587 ξύλων
937 3521 1369 3592 συνθλιϐομένων
1414 3523 1813 3596 παραπλησίως
1848 3526 1982 3578 ἁπο-

399 3610 705 3664 δεικνύων
748 3610 825 3674 ὼς
853 3613 881 3664 ὁ
908 3612 1005 3682 τῆς
1032 3613 1246 3683 ἀπήνης
1270 3611 1415 3678 ἄξων
1447 3612 1616 3683 δηλοῖ,
1651 3614 1729 3685 τῷ
1767 3613 1985 3686 πιεσμῷ

400 3701 496 3755 τοῦ
541 3702 741 3773 φόρτου
788 3704 1223 3775 διασμυχόμενος
1265 3704 1347 3776 τῷ
1393 3705 1784 3777 ὲγκεκραμένῳ
1826 3706 1982 3776 πυρὶ.

402 3793 477 3845 Ού
508 3793 615 3865 μὴν
652 3793 730 3860 δὲ,
764 3793 901 3847 ἀλλὰ
930 3795 1023 3847 καὶ
1067 3794 1250 3865 μύλων
1285 3795 1542 3867 διακενῆς
1576 3797 1982 3869 στρεφομένων,

402 3881 499 3937 θέα
535 3884 598 3937 τὺ
629 3884 742 3955 πῦρ
781 3884 1169 3957 ἐξαλλόμενονο
1211 3886 1331 3941 καθ’
1370 3882 1446 3942 ὧν
1489 3889 1589 3959 τὴν
1637 3889 1854 3952 εἰκόνα,
1893 3890 1986 3947 καὶ

399 3975 511 4030 τῶν
538 3977 715 4046 νεφῶν
733 3978 1086 4050 ωρατριὸαὶ,
1108 3982 1223 4043 τοῖς
1248 3978 1554 4050 πνεύμασιν
1589 3980 1983 4052 ἐλαυνομένων,

402 4068 687 4139 ἀστραπὰς
728 4069 1012 4123 ἀποτελεῖν
1059 4069 1304 4124 εἰώθασι.
1356 4070 1542 4124 Πάντα
1585 4069 1692 4141 γὰρ
1724 4071 1859 4142 πυρὶ
1891 4070 1984 4123 κέ-

282 4211 289 4221 ,
402 4176 603 4230 κραται
623 4198 638 4223 ,
674 4158 857 4223 καθὼς
888 4160 1095 4231 Πέτρος
1128 4159 1316 4230 φησὶν,
1356 4162 1385 4213 ό
1420 4160 1728 4230 κλειδοῦχος
1758 4161 1857 4231 τῆς
1887 4161 1987 4231 βα-

406 4250 610 4313 σιλείας
633 4248 740 4303 τῶν
759 4249 1026 4322 οὐρανῶν,
1052 4250 1196 4304 οὕτω
1219 4266 1356 4315 πῶς’
1381 4254 1446 4305 ΟΖ
1470 4251 1579 4322 γὰρ
1604 4253 1722 4307 νῦν
1742 4253 1986 4321 οὐρανοὶ

403 4342 502 4395 καὶ
534 4341 573 4408 ἠ
608 4341 684 4411 γῆ
719 4342 861 4410 πυρὶ
888 4341 1424 4412 τεθησαυρισμένοι
1452 4342 1604 4408 εἰσὶ,
1631 4346 1989 4413 τηρούμενοι

403 4436 491 4500 εἰς
534 4434 765 4502 ἡμέραν
804 4435 1057 4502 κρίσεως
1098 4435 1197 4488 καὶ
1255 4435 1557 4501 ἀπωλείας
1594 4435 1714 4490 τῶν
1752 4437 1990 4491 ἀσεϐῶν

403 4526 747 4594 ἀνθρώπων.

989 4617 1239 4673 ΠΕΥΣΙΣ
1277 4617 1402 4670 NZ'.

477 4705 588 4760 Καὶ
621 4706 737 4769 πῶς
779 4707 1080 4778 χειμῶνος,
1126 4708 1236 4761 τῶν
1265 4707 1446 4761 αὐτῶν
1489 4708 1659 4760 ὄντων
1689 4708 1867 4778 νεφῶν
1900 4711 1995 4763 καὶ

408 4796 646 4866 ἀνέμων,
677 4799 777 4851 οὐκ
804 4799 1082 4869 ἀστραπὴ,
1123 4799 1183 4851 οὐ
1217 4796 1414 4870 βροντὴ
1436 4796 1647 4865 γίνεται
1671 4814 1685 4860 ς
1701 4831 1714 4867 ι

1018 4889 1386 4956 Ἀπόκρισις.
1579 4894 1582 4898 λ

479 4980 562 5034 Τὰ
591 4980 719 5051 περὶ
753 4980 983 5051 βροντῆς
1016 4981 1274 5052 ἀνωτέρω
1310 4981 1446 5052 πρὸς
1478 4980 1539 5034 τὸ
1574 4979 1764 5034 δοκοῦν
1802 4999 1892 5052 μοι
1920 4981 1997 5034 εἴ·

407 5088 593 5147 ρηται.
626 5071 701 5124 Τὸ
733 5072 810 5135 δὲ,
853 5071 1121 5143 χειμῶνος
1159 5070 1450 5142 ἀστραπὰς
1498 5071 1573 5140 μὴ
1610 5070 1991 5139 ἐκφαίνεσθαι,

404 5163 495 5216 διὰ
519 5164 619 5234 τὴν
643 5161 736 5217 τοῦ
766 5163 927 5236 ἀέρος
957 5162 1245 5234 παχύτητα
1268 5162 1429 5223 δοκῶ,
1458 5162 1553 5214 καὶ
1577 5161 1674 5230 τὴν
1700 5161 1996 5233 διήκουσαν

408 5255 589 5309 νοτίδα
634 5255 742 5308 τῶν
786 5254 984 5324 νεφῶν.
1035 5257 1109 5308 Οὐ
1144 5255 1255 5323 γὰρ
1302 5255 1504 5325 ὁμοίως
1538 5252 1597 5307 τὸ
1630 5253 1861 5324 ἄνικμον
1901 5254 1996 5307 καὶ

411 5346 573 5417 ξηρὸν
606 5346 683 5417 τῷ
713 5344 984 5417 διαϐρόχῳ
1018 5346 1111 5400 καὶ
1158 5345 1349 5399 ὑλώδει
1388 5346 1446 5397 ἐν
1476 5346 1596 5407 ταῖς
1628 5344 1997 5415 παρατρίψεσι

411 5437 696 5505 φαίνεσθαι
719 5438 983 5507 πέφυκεν,
1008 5436 1102 5491 τοῦ
1134 5438 1231 5508 μὲν
1260 5435 1748 5506 παραφλεγομένου
1769 5475 1783 5500 ,
1814 5435 1907 5489 τοῦ
1936 5435 1992 5488 δὲ

412 5530 941 5602 παρολισθαίνοντος.

1819 379 2165 439 DIALOGUS
2198 380 2242 440 1.

3548 375 3657 433 ωε

2071 506 2139 559 ad
2178 505 2395 560 Patrem
2434 504 2758 574 loquentis:
2806 502 3106 573 Antequam
3165 501 3381 572 abyssos
3429 502 3650 572 faceret,

2073 613 2221 650 eram
2254 596 2396 666 apud
2430 597 2632 666 ipsum,
2671 606 2791 664 apte
2829 596 3009 650 omnia
3049 595 3333 662 disponens
3367 593 3388 625 ³
3426 613 3439 648 :
3491 594 3653 649 nimi-

2068 702 2212 754 rum,
2245 689 2483 756 potentia
2507 698 2556 742 et
2579 688 2845 755 sapientia
2883 687 2997 749 Dei,
3027 686 3273 741 Christus
3308 692 3349 742 ⁸.

2507 777 3029 834 lNTERROGATlO
3068 778 3199 833 LIV.

2138 872 2245 927 Aer
2267 870 2490 939 quando
2520 871 2701 927 factus
2729 871 2853 926 est?
2879 868 3019 923 Num
3066 869 3212 939 quod
3237 872 3403 924 etiam
3446 866 3516 921 de
3550 864 3656 921 hoc

2068 964 2355 1034 scripserit
2401 963 2684 1026 Solomon,
2721 964 2908 1017 dicere
2940 963 3135 1032 potes?

2701 1054 3015 1123 Responsio.
3304 1092 3310 1097 ι

2141 1147 2281 1201 Audi
2318 1145 2521 1201 Mosem
2543 1144 2813 1199 dicentem
2848 1162 2863 1198 :
2910 1143 2978 1196 Et
3006 1144 3227 1212 spiritus
3268 1141 3360 1195 Dei
3388 1140 3657 1210 ferebatur

2069 1253 2233 1306 supra
2260 1254 2454 1309 aquam
2474 1237 2516 1291 ⁵.
2550 1236 2685 1289 Cum
2723 1235 2828 1289 hoc
2855 1244 3039 1289 autem
3070 1233 3350 1288 consentit
3389 1240 3444 1286 et
3486 1233 3657 1286 Amo-

2071 1344 2168 1385 sus
2194 1349 2208 1383 :
2237 1328 2495 1382 Dominus
2522 1325 2799 1379 intendens
2823 1326 3046 1386 tonitru,
3074 1333 3124 1378 et
3155 1339 3340 1377 creans
3360 1322 3650 1391 spiritum“.

2522 1499 3047 1559 lNTEthOGATiO
3084 1498 3196 1555 LV.

2144 1594 2347 1652 Verum
2383 1610 2495 1650 non
2544 1595 2612 1650 de
2658 1595 2762 1649 hoc
2821 1608 2948 1647 aere
2999 1592 3154 1655 dicit,
3208 1590 3305 1646 sed
3355 1591 3539 1660 potius
3570 1592 3659 1648 ΔΘ

2076 1686 2281 1758 Spiritu
2309 1695 2502 1742 sancto
2533 1688 2739 1739 dictum
2772 1693 2858 1740 est
2918 1685 2974 1739 id
3026 1685 3278 1738 verbum.
3334 1682 3456 1737 Non
3507 1683 3657 1737 enim

2074 1778 2222 1833 aliud
2252 1779 2490 1833 dicimus
2519 1793 2641 1833 esse
2675 1784 2769 1829 aut
2805 1777 2993 1831 vocari
3039 1775 3320 1846 spiritum,
3366 1789 3531 1845 quam
3575 1776 3659 1845 ip-

2077 1888 2199 1929 sum
2241 1872 2502 1942 Spiritum
2535 1878 2975 1925 sacrosanctum.

2702 1958 3011 2027 Responsio.

2148 2050 2351 2106 Vereor
2377 2065 2445 2104 ne
2474 2064 2598 2105 cum
2619 2058 2873 2105 creatura
2897 2062 3292 2102 connumerem
3325 2046 3661 2103 incrcatum.

2073 2144 2464 2200 Verumtamen
2493 2134 2606 2196 non
2650 2155 2858 2211 negans
2915 2139 3021 2193 hoc
3081 2137 3227 2207 quod
3283 2137 3489 2191 dictum
3551 2145 3657 2200 est,

2036 2274 2039 2277 η
2075 2236 2324 2299 admitto,
2355 2242 2410 2288 et
2451 2233 2621 2300 hunc,
2666 2232 2713 2288 si
2744 2240 2804 2286 ut
2853 2247 2953 2302 par
2987 2232 3093 2286 est'
3124 2237 3179 2284 et
3214 2228 3326 2284 Dco
3373 2229 3657 2297 competit,

2076 2324 2432 2395 intelligatur,
2469 2322 2600 2378 ferri
2639 2339 2804 2394 supra
2854 2337 3051 2393 aquas,
3086 2321 3151 2375 ad
3179 2321 3415 2375 viventia
3456 2319 3661 2390 produ-

2075 2417 2252 2470 cenda
2285 2416 2435 2484 ipsas
2462 2414 2756 2480 foventem,
2790 2422 2846 2469 et
2880 2415 3053 2468 instar
3094 2412 3418 2466 incubantis
3443 2411 3664 2479 gallinas

2076 2507 2294 2561 vitalem
2330 2507 2619 2577 quamdam
2666 2508 2776 2559 vim
2814 2507 3196 2560 immittentem
3243 2504 3403 2573 aquis
3450 2503 3555 2558 sub
3600 2519 3665 2559 se

2078 2598 2229 2666 fotis,
2254 2600 2321 2656 ad
2354 2600 2717 2670 producenda
2746 2597 3302 2667 innumeraipiscium
3339 2610 3560 2667 genera.

2519 2688 3046 2745 INTERROGATIO
3085 2688 3220 2743 LVI.

2148 2784 2414 2856 Cupimus
2450 2784 2676 2854 insuper
2704 2799 2772 2838 ex
2815 2793 2867 2838 te
2910 2783 3129 2837 discere
3193 2780 3263 2836 de
3310 2788 3439 2835 ortu
3493 2781 3662 2851 ignis.

2078 2874 2358 2947 Nusquam
2391 2878 2538 2931 enim
2573 2878 2628 2929 in
2662 2874 2955 2945 Scriptura
2982 2872 3240 2941 legimus,
3273 2870 3420 2941 quod
3460 2869 3670 2924 dixerit

2084 2966 2249 3033 Deus,
2275 2965 2394 3020 Fiat
2419 2965 2585 3036 ignis.

2715 3054 3022 3122 Responsio.

2153 3146 2412 3207 Omnium
2446 3150 2683 3205 maxime
2711 3148 2901 3202 etlicax
2924 3153 3009 3200 est
3049 3151 3249 3198 natura
3297 3141 3466 3212 ignis,
3510 3139 3670 3195 vide-

2088 3243 2616 3313 turquetonsistere
2650 3246 2703 3294 et
2748 3237 2969 3292 latitare
3024 3235 3080 3289 in
3149 3233 3431 3289 creatione
3480 3242 3665 3288 terrae.

2084 3335 2318 3402 Quando
2379 3333 2610 3403 lapidem
2667 3331 3037 3401 percusseris,
3098 3343 3167 3383 ex
3232 3341 3300 3382 eo
3353 3326 3669 3394 concipitur

2087 3430 2251 3499 ignis,
2276 3438 2332 3483 et
2372 3426 2519 3482 l'erro
2547 3425 2743 3480 colliso
2782 3422 3040 3477 similiter
3078 3418 3216 3475 ellici
3253 3418 3415 3473 solet.
3458 3415 3567 3470 Sed
3607 3424 3665 3470 et

2085 3521 2251 3593 lignis
2282 3519 2493 3574 collisis
2518 3515 2882 3573 consimiliter
2919 3513 3287 3582 conspicitur,
3325 3516 3386 3562 ut
3426 3506 3672 3563 ostendit

2086 3614 2205 3668 axis
2230 3612 2286 3666 in
2312 3626 2479 3666 curru
2506 3625 2572 3663 ex
2604 3620 2863 3677 pressura
2897 3604 3084 3661 oneris
3133 3603 3333 3657 ardens
3396 3615 3493 3670 per
3556 3599 3657 3652 ad-

2087 3703 2308 3758 mistum
2350 3702 2553 3770 ignem.
2582 3697 2771 3769 Neque
2802 3696 2855 3751 id
2884 3703 3119 3759 tantum,
3183 3693 3277 3749 sed
3334 3699 3390 3748 et
3416 3690 3570 3746 molae
3620 3688 3670 3744 si

2086 3794 2528 3861 circumaguntur
2557 3789 2788 3851 'innnes,
2824 3794 3049 3856 apparet
3074 3783 3216 3855 ignis
3268 3782 3565 3849 exsiliens;
3600 3778 3672 3834 ad

2088 3897 2323 3954 quarum
2353 3881 2770 3936 similitudinem
2799 3886 2853 3934 et
2876 3878 3106 3933 nubium
3134 3875 3457 3930 collisiones
3484 3872 3668 3927 ventis

2089 3974 2451 4043 impulsarum
2500 3971 2724 4026 efﬁcere
2766 3969 2984 4040 fulgura
3015 3977 3438 4023 consueverunt.
3476 3965 3672 4022 Omnia

2086 4063 2231 4117 enim
2267 4061 2376 4132 igni
2414 4060 2579 4116 mista
2607 4067 2759 4124 sunt,
2805 4069 2861 4115 ut
2887 4059 3064 4129 inquit
3102 4057 3301 4114 Petrus
3329 4058 3440 4124 ille,
3486 4058 3671 4112 claves

2089 4157 2238 4224 regni
2270 4153 2536 4207 ccelorum
2569 4160 2815 4223 gestans,
2879 4151 2945 4206 ad
3007 4151 3158 4205 hunc
3219 4150 3334 4206 fere
3392 4149 3670 4203 modum:

2093 4241 2236 4296 Nam
2264 4241 2380 4295 coeli
2411 4242 2502 4312 qui
2527 4257 2664 4295 nunc
2691 4249 2813 4293 sunt
2843 4248 2894 4293 et
2936 4251 3102 4302 terra,
3134 4239 3248 4308 igni
3282 4237 3498 4306 repositi
3530 4244 3672 4295 sunt,

2089 4340 2140 4384 et
2168 4338 2446 4384 servantur
2474 4330 2531 4380 in
2570 4327 2709 4380 diem
2732 4325 2931 4396 judicii
2960 4335 3011 4380 et
3036 4325 3359 4394 perditionis
3386 4324 3672 4391 impiorum

2093 4423 2361 4476 hominum
2389 4421 2430 4477 ⁷.

2517 4597 3039 4656 INTERROGATIO
3089 4597 3248 4654 LVII.

2160 4700 2232 4749 At
2264 4696 2357 4765 qui
2392 4692 2449 4747 iit
2501 4699 2561 4745 ut
2592 4692 2792 4753 hieme,
2826 4705 2951 4745 cum
2988 4689 3192 4744 caulem
3244 4694 3377 4742 sunt
3415 4685 3589 4741 nubes
3619 4691 3676 4740 et

2092 4789 2262 4854 venti,
2296 4801 2473 4856 neque
2499 4782 2682 4854 fulgur
2712 4798 2889 4851 neque
2922 4782 3129 4835 tonitru
3173 4779 3317 4832 ﬁat?

2732 4874 3039 4944 Responsio.

2160 4969 2316 5039 Quod
2354 4970 2561 5025 tonitru
2596 4968 2815 5031 attinet,
2851 4966 2981 5036 quid
3024 4964 3156 5017 mihi
3191 4962 3470 5025 videatur,
3504 4976 3674 5030 supra

2097 5064 2304 5119 dictum
2335 5072 2439 5119 est.
2460 5062 2617 5130 Quod
2632 5076 2765 5116 vero
2784 5059 3001 5130 fulgura
3037 5072 3144 5111 non
3177 5063 3445 5126 apparent
3479 5054 3676 5115 hieme,

2098 5165 2322 5227 prOplel‘
2359 5156 2504 5211 aeris
2528 5153 2959 5210 crassitudinem
3006 5150 3121 5205 ﬁeri
3160 5156 3315 5219 puto,
3363 5156 3418 5201 et
3458 5157 3680 5218 propter

2099 5256 2472 5318 penetrantem
2506 5246 2793 5300 humorem
2825 5243 3076 5298 nubium.
3097 5241 3215 5296 Non
3236 5241 3380 5296 enim
3409 5238 3679 5310 quemad-

2097 5343 2319 5395 modum
2345 5337 2494 5409 quod
2526 5338 2740 5393 siccum
2778 5343 2833 5390 et
2861 5333 3079 5388 aridum
3116 5341 3222 5393 est,
3261 5331 3425 5386 etiam
3461 5328 3679 5383 madida

2102 5445 2154 5490 et
2190 5434 2415 5488 multam
2451 5429 2712 5486 habentia
2745 5426 3029 5482 materiem
3066 5428 3120 5481 in
3168 5422 3548 5480 collisinnibus
3591 5421 3678 5474 lu-

2101 5536 2227 5575 cere
2258 5520 2466 5580 solent;
2503 5532 2626 5571 cum
2657 5514 2790 5570 illud
2821 5514 3039 5584 quidem
3072 5529 3169 5584 per
3199 5513 3379 5583 ignem
3412 5504 3682 5566 incenda-

2102 5620 2216 5677 tur,
2254 5611 2307 5665 in
2343 5611 2446 5665 hoc
2479 5625 2609 5664 vero
2640 5608 2723 5663 vis
2754 5607 2875 5677 ejus
2907 5605 3216 5661 llaccescat.

483 5734 503 5764 ³
542 5733 700 5789 Prov.
738 5748 857 5796 vm,
883 5732 973 5796 24,
1006 5732 1093 5787 '50.
1170 5733 1192 5764 ι
1234 5731 1405 5786 lCor.
1438 5746 1477 5799 ι,
1505 5730 1594 5788 24.
1671 5730 1694 5765 ⁵
1734 5731 1875 5789 Gen.
1907 5729 1981 5799 1,!

2105 5726 2125 5759 ⁶
2161 5726 2327 5781 Amos
2365 5740 2438 5787 Iv,
2473 5722 2558 5778 15.
2635 5722 2655 5754 ⁷
2692 5719 2739 5776 ιι
2762 5720 2909 5778 Petr.
2947 5736 3033 5786 ut,
3061 5717 3113 5774 7.

486 5852 597 5924 (l9)
663 5854 969 5920 Ἁνιέντος.
1001 5851 1163 5909 Forte
1195 5851 1450 5917 ὲνιέντος.
1479 5851 1555 5905 lu.
