4112 6380
408 384 515 442 9‘23

1038 501 1395 573 Ἀπόκρισις.

484 594 624 650 Οὔτε
665 597 694 648 6
732 595 865 660 Θεὸς
908 595 1040 650 αὐτὸ
1064 597 1342 667 ἐποίησεν,
1376 592 1502 648 οὔτε
1529 594 1558 648 6
1591 592 1853 656 διάϐολος,
1882 591 2007 646 οὔτε

411 686 743 756 ’προϋπῆρχε
788 683 886 738 τοῦ
931 685 1212 756 ὁρωμένου
1261 683 1472 754 κόσμου
1507 696 1522 712 ⁸
1569 684 1742 736 πᾶσαι
1793 680 1903 752 γὰρ
1947 681 2007 732 ἐν

414 777 555 846 φωτὶ
603 776 790 846 διῆγον
821 777 888 844 ἰαί
924 777 1156 847 ἄσαρκοι
1207 776 1317 830 τῶν
1348 775 1598 844 ἀγγέλων
1634 776 1838 845 χορεῖαι
1867 812 1881 837 ,
1914 772 2008 826 καλ⁸

414 867 522 937 πρὸ
555 866 646 919 τοῦ
679 865 928 935 γενέσθαι
959 868 1050 920 τὸν
1076 867 1278 939 κόσμον
1296 885 1310 898 ·
1333 867 1449 920 ἀλλ’
1494 866 1892 936 ύπερταθέντος
1909 867 2005 921 τοῦ

411 960 666 1032 οὐρανίου
723 959 975 1032 σώματος
999 1003 1014 1027 ,
1061 960 1253 1033 ὥσπερ
1283 964 1348 1016 ὲκ
1393 963 1720 1034 φράγματός
1753 982 1899 1028 τινος
1927 964 2006 1035 τῷ

411 1041 825 1124 ἀποσκιάσματι
855 1053 1177 1125 παρυπέστη
1206 1054 1266 1107 τὸ
1290 1055 1500 1120 σκότος,
1519 1057 1661 1110 κατὰ
1689 1057 1787 1129 τὴν
1821 1058 2006 1113 εἰκόνα

412 1146 508 1199 τοῦ
539 1148 598 1198 ὲν
628 1145 874 1218 σταθηρᾷ
898 1146 1239 1217 μεσημϐρία,
1273 1147 1476 1219 σκηνὴν
1505 1151 1569 1202 ἐκ
1621 1151 1831 1218 πυκνῆς
1858 1167 2004 1216 τινος

413 1240 511 1292 καὶ
557 1237 823 1308 πεγανῆς
869 1237 999 1308 ὖλης
1039 1239 1219 1310 ἐαυτῷ
1260 1240 1728 1311 περιπηξάμενος.
1772 1242 2004 1311 Ὁμοίως

415 1331 508 1384 καὶ
541 1333 607 1384 ὲκ
654 1329 765 1384 τῶν
811 1329 1242 1402 ναυτιλλομένων
1285 1333 1684 1404 παιδευόμεθα,
1719 1334 1861 1387 κατὰ
1905 1335 2005 1403 τῆς

413 1422 719 1493 ἐπομϐρίας
774 1422 1068 1494 ὑπερτάσει
1113 1423 1352 1495 δέρῤεων
1411 1424 1845 1479 ἐπισκοτούντων
1905 1425 2002 1496 τὴν

409 1513 634 1567 ὁλκάδα.
664 1513 734 1566 Ἢ
766 1515 814 1566 εί
840 1513 915 1584 μὴ
943 1514 1289 1578 τοῦτο,δοκτί
1321 1533 1430 1585 μοι,
1449 1535 1514 1572 εκ
1537 1516 1636 1586 τῆς
1665 1516 2000 1587 ὁμιχλώδους

413 1605 830 1675 ἀναθυμιάσεως
861 1606 962 1677 τῆς
999 1606 1241 1661 ἀϐύσσου
1272 1609 1651 1678 παχυνομένης
1679 1609 1777 1679 τῆς
1805 1608 2002 1678 ἀχλύος

413 1699 509 1750 καὶ
546 1697 656 1750 τῶν
688 1698 898 1768 ἀτμῶν,
921 1700 980 1752 τὸ
1011 1701 1202 1764 σκότος
1234 1699 1586 1753 συνίστασθαι
1616 1701 1850 1769 πέφυκε.
1890 1701 2002 1755 Καὶ

408 1787 580 1845 εἶπεν
619 1795 651 1845 ό
683 1793 829 1858 Θεός
852 1808 864 1821 ·
891 1793 1213 1861 Γενηθήτω
1250 1791 1396 1861 φῶς.
1437 1793 1632 1865 Πρώτη
1669 1792 1807 1846 Θεοῦ
1849 1795 2000 1865 φωνὴ

411 1884 529 1954 φῶς
559 1884 1014 1957 ἐδημιούργησεν,
1046 1887 1181 1956 ὅπερ
1202 1888 1296 1940 καὶ
1327 1887 1832 1958 ήμέρανὲκάλεσεν,
1853 1885 2004 1959 ἡδείᾳ

409 1978 515 2030 τινὶ
542 1976 885 2048 προσηγορίᾳ
901 1979 1142 2048 τιμήσας
1162 1978 1222 2030 τὸ
1275 1981 1448 2048 πρᾶον
1480 1981 1572 2032 καὶ
1592 1980 1815 2051 ἥμερον.
1840 1982 1997 2034 Ἔστι

410 2069 512 2141 μὲν
531 2069 639 2141 γὰρ
662 2069 754 2122 καὶ
780 2068 945 2140 ἕτερα
990 2070 1273 2140 ἱστορῆσαι
1313 2070 1468 2138 φῶτα
1497 2073 1626 2142 παρ’
1647 2072 1813 2126 αὐτοῦ
1847 2073 1999 2140 γενό-

413 2181 575 2235 μενα·
615 2157 746 2227 οἷον,
782 2163 842 2216 τὸ
865 2162 1035 2234 πυρὸς
1064 2162 1142 2232 τῷ
1162 2164 1349 2215 Μωσεῖ
1379 2163 1803 2232 φανταζόμενον,
1837 2164 1999 2234 ἡνίκα

406 2257 508 2326 τὴν
546 2254 707 2323 βάτον
749 2254 955 2318 ἔκαιεν,
991 2255 1051 2306 ού
1083 2254 1339 2306 κατέκαιε
1369 2253 1446 2316 δὲ,
1475 2253 1561 2306 ἵνα
1599 2254 1688 2306 καὶ
1715 2253 1812 2325 τὴν
1835 2254 1998 2324 φύσιν

408 2347 848 2419 παραδείξῃ,σκαὶ
872 2346 1114 2418 γνωρίσῃ
1143 2345 1242 2415 τὴν
1273 2344 1498 2414 δύναμιν
1521 2361 1531 2374 ·
1557 2345 1672 2413 φῶς
1693 2347 1754 2398 τὸ
1776 2348 1834 2398 ὲν
1868 2345 1997 2398 στύ-

404 2438 486 2511 λῳ
526 2441 696 2510 πυρὸς
726 2439 820 2494 τοῦ
855 2439 1074 2512 Ἰσραὴλ
1109 2437 1542 2510 προηγούμενον,
1570 2440 1664 2492 καὶ
1701 2440 1997 2510 ἡμερῶσαν

406 2532 507 2601 τὴν
541 2531 746 2601 ἔρημον
770 2547 784 2561 ο
816 2529 931 2598 φῶς
973 2529 1034 2581 τὸ
1075 2529 1201 2591 τοὺς
1243 2529 1503 2597 ποιμένας
1536 2526 1951 2598 περιαστράψαν
1978 2545 1992 2558 ο

407 2623 525 2692 φῶς
575 2623 665 2675 τὸν
705 2620 889 2675 Ἠλίαν
918 2620 1170 2691 ἁρπάσαν
1214 2621 1272 2672 ὲν
1318 2617 1394 2689 τῷ
1435 2619 1603 2690 πυρὸς
1646 2619 1874 2690 ἆρματι,
1901 2620 1997 2672 καὶ

409 2715 484 2786 μὴ
521 2713 831 2784 συμφλέξαν
854 2713 946 2765 τὸν
975 2712 1355 2784 ἁρπαζόμενον
1384 2726 1400 2742 ⁶
1433 2711 1549 2780 φῶς
1572 2711 1632 2764 τὸ
1655 2712 1782 2775 τοὺς
1804 2711 1997 2781 ποιμέ-

403 2825 501 2870 νας
535 2805 974 2876 περιαστρὰψαν,
997 2805 1161 2875 ἡνίκα
1181 2803 1243 2856 τὸ
1265 2804 1493 2875 ἄχρονον
1516 2804 1631 2872 φῶς
1663 2804 1739 2874 τῷ
1759 2803 1996 2875 χρονικῷ

404 2897 755 2966 ὲπεφοίτησε,
788 2897 830 2947 Χ
841 2895 1025 2965 ριστὸς
1045 2912 1057 2923 ·
1094 2893 1211 2962 φῶς
1238 2893 1299 2946 τὸ
1320 2893 1414 2945 τοῦ
1445 2893 1746 2964 δραμόντες
1767 2895 1995 2966 ἀστέρος

403 2991 461 3042 ἐν
491 2989 761 3059 Βηθλεὲμ,
785 2989 870 3040 ἴνα
892 2989 987 3040 καὶ
1026 2987 1250 3053 Μάγους
1285 2986 1547 3058 ὁδηγήσῃ,
1572 2989 1666 3040 καὶ
1693 2987 1996 3059 δορυφορή-

404 3097 473 3154 σῃ
513 3082 574 3134 τὸ
602 3081 740 3151 ὑπὲρ
772 3081 920 3149 ἡμᾶς
951 3078 1070 3162 ,φῶς
1106 3078 1224 3149 μεθ’
1251 3077 1412 3149 ἡμῶν
1445 3080 1767 3149 γενόμενον’
1811 3080 1926 3148 φῶς
1956 3083 1989 3151 ἡ

400 3172 823 3244 παραδειχθείσα
870 3172 1061 3242 θεότης
1090 3171 1181 3223 ἐπὶ
1213 3169 1307 3222 τοῦ
1355 3170 1514 3242 ὅρους
1553 3174 1665 3235 τοῖς
1700 3171 1988 3241 μαθηταῖς,

403 3265 602 3336 μικροῦ
644 3264 978 3336 στερροτέρα
1018 3264 1112 3316 καὶ
1139 3263 1347 3332 ὅψεως·
1386 3263 1502 3331 φῶς
1533 3265 1565 3333 ἡ
1592 3264 1802 3317 Παῦλον
1833 3282 1990 3335 περιο

399 3359 728 3429 αστράψασα
763 3355 1055 3426 φαντασία,
1083 3356 1178 3409 καὶ
1206 3355 1385 3426 πληγῇ
1412 3355 1511 3425 τῆς
1544 3355 1720 3426 ὅψεως
1743 3357 1834 3410 τὸν
1867 3357 1991 3410 σκό-

397 3467 488 3504 τον
517 3451 614 3520 τῆς
661 3449 842 3519 ψυχῆς
885 3449 1266 3519 θεραπεύουσα
1287 3465 1301 3479 ·
1335 3447 1452 3516 φῶς
1478 3450 1573 3501 καὶ
1613 3448 1822 3501 ἐκεῖθεν
1857 3449 1992 3519 λαμ-

396 3544 608 3615 πρότης
650 3545 762 3604 τοῖς
806 3541 1041 3594 ἐνταῦθα
1086 3540 1545 3610 κεκαθαρμένοις,
1579 3540 1742 3610 ἡνίκα
1784 3541 1992 3611 ἐκλάμ-

394 3637 591 3705 ψουσιν
636 3635 685 3686 οἱ
714 3633 933 3698 δίκαιοι,
976 3633 1048 3696 ὡς
1090 3635 1116 3685 ὁ
1147 3633 1318 3702 ἥλιος,
1349 3627 1423 3685 ὧν
1453 3632 1667 3685 ἵσταται
1691 3633 1718 3685 6
1746 3632 1898 3696 Θεὸς,
1931 3635 1990 3686 ἐν

402 3729 552 3800 μέσῳ
595 3726 732 3779 θεῶν
782 3727 877 3779 καὶ
920 3726 1184 3797 βασιλέων
1227 3725 1576 3788 διαστέλλων,
1617 3727 1712 3778 καὶ
1765 3727 1989 3796 διαιρῶν

397 3820 535 3892 πρὸς
566 3819 722 3885 ἀξίαν
753 3819 969 3889 ἑκάστῳ
990 3818 1099 3871 τῶν
1135 3818 1490 3889 βεϐιωμένων
1517 3818 1586 3871 τὰ
1635 3818 1844 3872 ἔπαθλα
1890 3821 1989 3890 τῆς

395 3911 605 3964 ἐκεῖθεν
663 3910 1067 3982 μακαριότητος
1105 3926 1120 3940 ·
1167 3909 1282 3978 φῶς
1333 3910 1426 3962 καὶ
1477 3910 1510 3980 ἡ
1551 3908 1628 3978 τῷ
1681 3912 1989 3981 προπάτορι

392 4006 427 4074 ἡ
438 4005 552 4075 μῶν
575 4003 789 4058 δοθεῖσα
811 4005 869 4057 ὲν
894 4001 1209 4073 παραδείσῳ
1228 4001 1417 4073 ἐντολή
1440 4018 1452 4030 ’
1470 4003 1708 4071 Λύχνος
1729 3999 1839 4070 γὰρ
1865 4003 1988 4068 τοῖς

395 4097 542 4148 ποσί
563 4113 682 4163 μου
695 4099 729 4148 ό
745 4094 929 4163 νόμος
945 4111 1063 4147 σου
1080 4093 1179 4146 καί
1189 4092 1316 4162 φῶς
1332 4094 1462 4159 ταῖς
1488 4096 1711 4162 τρίϐοις
1725 4093 1804 4155 (21
1822 4103 1832 4152 )
1843 4113 1985 4162 μου,

397 4187 562 4258 φησὶν
577 4188 605 4239 6
625 4185 810 4248 Aa6‘t6,
831 4187 859 4238 6
877 4185 984 4238 τῶν
1004 4185 1164 4238 θείων
1194 4185 1449 4256 μελῳδός.
1470 4186 1747 4249 Φῶςέστιν
1770 4186 1863 4238 καὶ
1882 4189 1988 4256 ἡὲν

393 4281 527 4348 ἡμῖν
549 4277 641 4330 τοῦ
661 4279 819 4346 λόγου
842 4277 1095 4348 δύναμις,
1135 4278 1538 4332 κατευθύνουσα
1555 4281 1714 4350 ἡμῶν
1737 4279 1807 4332 τὰ
1844 4280 1987 4334 κατὰ

393 4371 529 4423 Θεὸν
563 4369 878 4442 διαδήματα
901 4368 1047 4439 ’φῶς
1069 4371 1160 4424 καὶ
1184 4370 1244 4422 τὸ
1274 4371 1414 4441 ὑπὲρ
1452 4370 1586 4424 Θεοῦ
1630 4372 1986 4444 μαρτυρῆσαν

396 4463 491 4514 καὶ
507 4445 568 4514 τδ
595 4461 731 4532 πρὸς
759 4462 923 4515 αὑτὸν
962 4462 1158 4533 πυρσῷ
1192 4461 1295 4531 τῆς
1329 4461 1582 4531 θεότητος
1607 4466 1856 4535 πατῆσαν
1885 4463 1984 4536 τὴν

394 4555 568 4623 φλόγα
600 4555 698 4626 τῆς
722 4553 949 4625 πλάνης,
979 4553 1054 4618 ὡς
1075 4556 1124 4606 οἱ
1153 4555 1283 4624 περὶ
1315 4555 1562 4609 Ἀνανίαν
1589 4557 1646 4608 ἐν
1679 4557 1981 4623 Βαϐυλῶνι,

394 4648 452 4698 ἐν
475 4647 615 4717 μέσῃ
645 4647 874 4716 καμίνου
902 4645 1063 4716 φλογὶ
1127 4644 1468 4715 χορεύοντες,
1514 4647 1650 4716 μηδὲ
1681 4646 1788 4700 τῶν
1812 4665 1982 4718 σαρα-

391 4739 575 4810 ϐάρων
602 4739 787 4802 αὐτοῖς
815 4738 1187 4808 φθειρομένων
1211 4755 1224 4769 ·
1253 4737 1370 4806 φῶς
1398 4739 1550 4809 παρὰ
1569 4737 1744 4792 ταῦτα
1767 4740 1980 4812 ἰδιοτρὸ-

389 4847 508 4893 πως
537 4833 564 4883 6
591 4831 685 4883 τοῦ
707 4830 1082 4900 βαπτίσματος
1117 4829 1396 4898 φωτισμός
1418 4845 1431 4856 ·
1464 4829 1580 4897 φῶς
1607 4829 1744 4901 ὑπὲρ
1778 4831 1979 4898 πάντα,

388 4923 422 4992 ἡ
445 4924 502 4975 έν
537 4924 604 4992 τῇ
629 4921 749 4992 θείᾳ
793 4922 985 4992 Τριὰδι
1023 4921 1271 4992 ίσοκλεὴς
1299 4921 1395 4974 καὶ
1431 4920 1734 4991 ἀμώμητος
1774 4923 1978 4987 πίστις.

385 5015 500 5068 Καὶ¹
530 5010 681 5067 εἶπεν
703 5016 730 5067 6
749 5013 882 5076 Θεός
901 5011 1241 5081 Τενηθήτω
1267 5011 1414 5080 φῶς,
1439 5013 1539 5065 καί
1578 5013 1812 5082 ἐγένετο
1827 5014 1974 5083 φῶς.

386 5107 497 5161 Καὶ
521 5106 817 5160 ἐκάλεσεν
849 5109 880 5160 ό
910 5105 1054 5172 Θεὸς
1081 5104 1149 5158 τὸ
1169 5103 1296 5174 φῶς
1327 5104 1577 5173 ἡμέραν,
1612 5105 1712 5158 καὶ
1736 5105 1800 5158 τό
1825 5108 1974 5160 σκό-

384 5217 486 5266 τος
523 5199 781 5254 ἐκάλεσε
807 5199 1018 5255 νύκτα.

977 5379 1227 5432 ΠΕΥΣΙΣ
1263 5379 1381 5430 ΞΒθ.
1481 5435 1485 5440 ,

455 5467 520 5522 Τί
543 5467 665 5536 οὖν;
688 5469 816 5526 ἄλλο
835 5471 952 5524 ἐστὶ
973 5471 1108 5540 φῶς,
1133 5471 1226 5525 καὶ
1249 5469 1377 5524 ἄλλο
1403 5468 1586 5542 ἡμέρα
1608 5471 1674 5540 ;ἢ
1703 5470 1830 5524 ἄλλο
1851 5471 1968 5540 νὺξ,

380 5564 476 5618 καὶ
498 5564 627 5618 ἄλλο
662 5565 850 5629 σκότος
868 5581 882 5630 ;

456 5692 498 5723 η
533 5691 666 5758 (μω⁵
701 5709 739 5756 ι,
770 5692 822 5744 5,
906 5691 948 5722 ω
981 5688 1130 5747 Psal.
1165 5704 1334 5746 cxvm
1396 5688 1520 5752 105,

452 5829 565 5899 (2|)
593 5818 725 5888 Titi}:
757 5831 1040 5897 τρίϐοις...
1066 5826 1400 5896 φῶςέστιν.
1437 5825 1561 5880 Haec
1586 5826 1961 5899 supplevirmus

375 5898 770 5971 etinterpretc
804 5902 1039 5956 :dcsunt
1086 5901 1231 5955 enim
1283 5900 1338 5951 in
1397 5905 1546 5953 textu
1584 5899 1744 5952 codd.
1782 5898 1960 5954 edito-

1833 384 2188 443 DIALOGUS
2217 387 2260 446 1.

1601 5687 1645 5719 ίι
1682 5687 1797 5745 Gen
1854 5704 1892 5754 ι,
1929 5690 1983 5757 ὃ,
2013 5693 2046 5749 5

3597 388 3706 448 930

2743 500 3056 572 Responsio.

2184 586 2374 659 Neque
2406 587 2552 648 Deus
2600 591 2751 662 ipsas
2797 594 2949 659 fecit,
2994 609 3172 662 neque
3215 593 3492 661 diabolus,
3522 611 3702 666 neque

2116 681 2271 750 prius
2306 681 2549 747 fuerunt,
2583 701 2747 755 quam
2776 687 3128 757 aspectabilis
3172 688 3259 743 hic
3289 691 3546 744 mundus.
3577 689 3703 745 0m-

2115 789 2214 828 nes
2240 776 2389 831 enim
2415 778 2733 848 angelorum
2773 779 2926 834 chori
2961 781 3147 836 carnis
3190 791 3444 850 expertes
3470 783 3702 853 agebam

2114 865 2170 919 in
2223 867 2366 931 luce,
2414 868 2580 922 etiam
2632 880 2922 940 antequam
2963 873 3202 926 mundus
3251 875 3425 940 lieret,
3473 874 3569 929 sed
3603 890 3703 929 su-

2114 973 2284 1026 perne
2304 965 2536 1015 extenso
2565 961 2778 1016 caelesti
2816 977 3065 1033 corpore,
3095 964 3254 1034 quasi
3285 966 3354 1018 ab
3380 975 3536 1034 septo
3563 981 3690 1036 quo-

2115 1049 2242 1104 dam
2272 1066 2372 1122 per
2398 1051 2874 1109 obumbrationem
2901 1056 3142 1110 tenebrae
3170 1057 3477 1120 subierunt,
3509 1071 3699 1129 quem-

2113 1141 2413 1198 admodum
2443 1145 2489 1198 si
2520 1146 2575 1199 in
2609 1147 2721 1199 alto
2751 1147 2979 1202 meridie
3023 1149 3402 1203 umbraculum
3431 1164 3497 1204 ex
3529 1151 3700 1204 densa

2111 1234 2298 1305 aliqua
2339 1236 2627 1306 solidaque
2680 1241 2907 1294 materie
2952 1240 3158 1295 circum
3203 1257 3263 1297 se
3314 1242 3513 1311 aliquis
3551 1241 3692 1312 ligat.

2111 1324 2260 1379 ldem
2304 1341 2370 1381 ex
2403 1329 2792 1398 navigantibus
2835 1329 3123 1394 discimus,
3163 1332 3256 1401 qui
3297 1332 3561 1387 adversus
3605 1332 3702 1385 im-

2111 1417 2239 1472 bres
2288 1421 2625 1488 expansione
2681 1422 2902 1491 pellium
2948 1424 3279 1479 obumbrant
3331 1440 3543 1480 navem.
3590 1425 3700 1479 Aut

2111 1510 2158 1566 si
2191 1512 2297 1566 hoc
2331 1529 2440 1567 non
2484 1522 2591 1579 est,
2621 1515 2839 1571 videtur
2885 1517 3018 1571 mihi
3061 1533 3127 1572 ex
3175 1519 3439 1573 nebulosa
3470 1519 3700 1574 exhala-

2110 1605 2258 1660 tione
2287 1605 2470 1677 abyssi
2504 1608 2736 1662 densata
2772 1609 3006 1681 caligine
3031 1619 3084 1664 et
3119 1611 3414 1679 vaporibus
3441 1611 3701 1666 tenebras

2109 1705 2261 1755 ortas
2294 1715 2436 1756 esse.
2474 1699 2537 1754 Et
2579 1701 2719 1756 dixit
2755 1702 2898 1756 Deus
2932 1716 2950 1754 :
2981 1701 3112 1756 Fiat
3159 1704 3252 1757 tua:
3285 1706 3348 1757 ¹².
3380 1703 3565 1758 Prima
3600 1702 3698 1757 Dei

2107 1806 2214 1845 vox
2248 1793 2422 1847 lucem
2460 1795 2791 1863 procreavit,
2826 1810 2990 1864 quam
3027 1805 3082 1851 et
3104 1797 3249 1850 diem
3285 1806 3468 1859 vocat,
3501 1811 3697 1852 serena

2108 1883 2345 1953 quadam
2387 1886 2753 1955 appellatione
2795 1903 3074 1943 exornans
3121 1888 3175 1942 id
3226 1888 3372 1958 quod
3420 1887 3696 1957 placidum

2107 1981 2164 2029 et
2196 1984 2543 2030 mansuetum
2575 1987 2678 2032 est.
2727 1976 2969 2034 Possunt
3009 1979 3228 2048 quidem
3273 1987 3328 2034 et
3360 1979 3466 2032 alia
3497 1995 3694 2033 nume-

2102 2065 2214 2118 rari
2248 2067 2455 2121 lumina
2485 2068 2555 2122 ab
2587 2068 2707 2138 ipso
2749 2068 2914 2130 facta,
2945 2077 3135 2139 utpote
3167 2071 3350 2124 lumen
3382 2070 3526 2142 ignis
3554 2070 3694 2126 Mosi

2101 2171 2396 2225 apparens,
2441 2163 2661 2229 quando
2703 2160 2901 2214 rubum
2941 2163 3157 2226 urebat,
3187 2178 3366 2233 neque
3400 2162 3695 2218 combure-

2101 2249 2194 2305 bat
2229 2259 2431 2313 tamen,
2475 2260 2536 2306 ut
2580 2263 2632 2308 et
2673 2263 2924 2308 naturam
2965 2271 3122 2310 suam
3170 2257 3600 2321 demonstraret,
3636 2265 3694 2313 et

2103 2336 2209 2390 vim
2253 2346 2438 2392 notam
2473 2339 2708 2409 faceret;
2749 2343 2936 2397 lumen
2981 2344 3126 2414 quod
3174 2346 3226 2399 in
3263 2346 3518 2400 columna
3550 2331 3694 2417 ignis

2099 2424 2438 2486 lsraeliticos
2489 2433 2858 2500 praecedebat,
2908 2441 2961 2488 et
2996 2434 3469 2490 mansuefacicbat
3505 2437 3694 2491 deser-

2098 2525 2250 2584 tum;
2300 2521 2484 2575 lumen
2539 2525 2682 2592 quod
2744 2523 3115 2578 circumfulsit
3167 2534 3449 2595 pastores;
3507 2528 3691 2581 lumen

2097 2612 2245 2681 quod
2285 2612 2459 2668 Eliam
2489 2617 2670 2685 rapuit
2702 2616 2757 2671 in
2785 2618 2948 2686 igneo
2989 2633 3181 2683 curru,
3223 2628 3551 2689 raptumque
3582 2634 3693 2675 non

2097 2705 2432 2772 combussit;
2500 2708 2683 2763 lumen
2761 2711 2906 2778 quod
2980 2719 3231 2779 pastores
3291 2712 3692 2778 circumfu'lsit,

2097 2798 2317 2866 quando
2346 2799 2528 2854 lumen
2555 2816 2752 2872 expers
2777 2804 3041 2871 temporis
3075 2804 3144 2857 ad
3179 2804 3482 2873 temporale
3515 2807 3688 2872 venit,

2097 2890 2383 2955 Christus;
2424 2891 2605 2946 lumen
2645 2896 2962 2965 apparentis
2999 2894 3170 2949 stellae
3214 2893 3269 2948 in
3308 2893 3691 2962 Bethlehema,

2099 2989 2157 3034 ut
2189 2989 2243 3035 et
2267 2983 2462 3052 Magos
2496 2983 2550 3036 in
2584 2985 2783 3040 itinere
2826 2987 3074 3050 duceret,
3124 2995 3179 3040 et
3223 2987 3451 3056 stiparet
3482 2989 3690 3042 satelli-

2098 3074 2175 3127 tio
2209 3076 2488 3144 suoquod
2534 3092 2701 3148 supra
2751 3093 2854 3133 nos
2887 3087 2971 3133 est
3007 3079 3213 3142 lumen,
3252 3078 3398 3148 apud
3449 3094 3552 3133 nos
3592 3093 3692 3133 na-

2102 3176 2250 3231 tum;
2286 3167 2492 3228 lumen,
2527 3167 2906 3222 demonstrata
2953 3169 3245 3238 discipulis
3301 3169 3356 3224 in
3395 3179 3580 3224 monte
3602 3170 3690 3224 di-

2099 3259 2324 3318 vinitas,
2384 3261 2666 3328 paululum
2729 3269 2956 3329 aspectu
3019 3261 3240 3326 durior;
3298 3262 3481 3316 lumen
3541 3261 3689 3332 quod

2093 3349 2322 3403 Paulum
2385 3351 2788 3417 circumfulsit,
2862 3352 3022 3422 plaga
3091 3353 3376 3407 oculorum
3430 3355 3690 3411 tenebras

2095 3441 2292 3495 aninue
2326 3457 2550 3494 sanans.
2582 3441 2794 3497 Lumen
2826 3451 2910 3497 est
2945 3453 2998 3497 et
3028 3443 3228 3498 futurae
3251 3445 3377 3499 vitae
3406 3446 3685 3514 splendor,

2095 3533 2150 3585 in
2175 3533 2282 3588 illis
2314 3533 2405 3602 qui
2448 3533 2534 3586 hic
2569 3535 2783 3604 purgati
2823 3542 2975 3598 sunt,
3005 3535 3227 3605 quando
3257 3537 3524 3591 lucebunt
3549 3537 3686 3606 justi

2095 3635 2152 3678 ut
2175 3627 2276 3690 sol,
2310 3643 2546 3696 quorum
2582 3627 2725 3682 Deus
2755 3629 3011 3684 consistit
3054 3630 3110 3683 in
3155 3629 3337 3688 medio
3374 3630 3603 3685 deorum
3633 3640 3688 3686 et

2093 3734 2306 3787 regum,
2336 3719 2639 3788 disponens
2683 3727 2738 3774 et
2773 3720 3026 3775 dividens
3059 3722 3356 3791 unicuique
3382 3721 3684 3776 secundum

2093 3811 2412 3881 dignitatem
2437 3851 2452 3876 ,
2479 3820 2532 3866 et
2563 3828 2662 3882 pro
2703 3814 2919 3868 ratione
2945 3823 3151 3868 exacta:
3188 3815 3313 3869 vita:
3349 3816 3570 3884 praemia
3597 3815 3685 3871 fu-

2094 3911 2228 3957 tura
2265 3904 2573 3970 beatitatis;
2624 3904 2807 3959 lumen
2848 3907 3031 3969 etiam,
3076 3907 3263 3961 datum
3316 3908 3371 3961 in
3423 3910 3686 3977 paradiso

2091 3995 2270 4063 primo
2325 3996 2536 4064 parenti
2591 4006 2784 4050 nostro
2832 4005 3186 4066 praeceptum.
3252 3997 3498 4053 Lucerna
3536 4002 3684 4055 enim

2088 4087 2308 4154 pedibus
2341 4089 2470 4141 meis
2514 4089 2599 4143 lex
2640 4098 2751 4154 tua,
2793 4100 2842 4142 et
2884 4089 3064 4143 lumen
3094 4091 3299 4144 semitis
3330 4093 3458 4146 meis
3492 4093 3556 4155 ¹³,
3599 4094 3685 4148 iu-

2093 4180 2214 4250 quit
2249 4179 2500 4246 Davides,
2542 4182 2856 4236 divinorum
2891 4183 3200 4238 carminum
3226 4192 3440 4239 auctor.
3474 4183 3681 4239 Lumen

2089 4279 2251 4326 estet
2282 4273 2516 4328 rationis
2549 4273 2632 4328 vis
2661 4290 2785 4344 qua!
2819 4275 2874 4328 in
2904 4275 3063 4332 nobis
3095 4277 3332 4339 exsistit,
3375 4280 3681 4332 secundum

2091 4362 2264 4418 Deum
2301 4363 2544 4436 dirigens
2574 4382 2801 4437 gressus
2835 4376 3092 4435 nostros;
3138 4369 3323 4424 lumen
3358 4377 3411 4424 et
3453 4368 3507 4423 id
3537 4369 3684 4440 quod

2090 4455 2157 4510 de
2190 4458 2299 4511 Deo
2320 4459 2708 4513 testimonium
2738 4461 3038 4530 perhibuit,
3092 4471 3146 4517 et
3184 4464 3332 4532 quod
3379 4462 3448 4517 ad
3498 4464 3680 4533 ipsum

2092 4565 2191 4604 sua
2221 4548 2338 4604 face
2365 4551 2538 4614 ducit,
2573 4554 2896 4607 conculcata
2938 4554 3156 4608 ﬂamma
3194 4556 3422 4619 erroris,
3451 4564 3511 4609 ut
3537 4557 3683 4610 Ana-

2085 4643 2191 4698 niae
2249 4645 2383 4700 socii
2445 4647 2498 4699 in
2537 4644 2816 4716 Babylone
2875 4649 2930 4702 in
2978 4648 3158 4703 media
3211 4648 3426 4703 flamma
3472 4650 3677 4704 camini

2085 4736 2318 4790 choreas
2349 4736 2579 4798 ducunt,
2618 4737 2782 4791 etiam
2828 4737 3014 4792 ill-(esis
3056 4738 3299 4808 ipsorum
3345 4737 3524 4806 palliis
3565 4753 3682 4790 ma-

2087 4831 2378 4897 nentibus;
2431 4830 2618 4884 lumen
2651 4841 2965 4900 praeterea,
3020 4848 3129 4902 quo
3194 4831 3456 4901 peculiari
3514 4831 3679 4886 modo

2086 4921 2345 4993 baptismi
2397 4930 2620 4977 constat
2670 4923 3002 4982 illustratio:
3082 4924 3265 4977 lumen
3340 4931 3470 4977 sunt
3533 4924 3680 4976 ultra

2085 5013 2293 5074 omnia,
2327 5012 2528 5081 quibus
2570 5012 2625 5066 in
2672 5021 2866 5068 sancta
2909 5012 3181 5068 Trinitate
3228 5012 3465 5083 gloriosa
3498 5022 3552 5067 et
3594 5015 3679 5066 in-

2084 5106 2303 5176 culpata
2343 5111 2428 5160 est
2455 5104 2608 5160 ﬁdes.
2656 5104 2846 5176 Itaque
2886 5106 3024 5161 dixit
3074 5105 3218 5160 Deus
3253 5121 3268 5158 :
3300 5104 3431 5158 Fiat
3462 5105 3555 5158 lux
3582 5123 3600 5168 ;
3626 5116 3676 5160 et

2084 5200 2230 5269 facta
2259 5211 2335 5255 est
2369 5205 2484 5255 lux.
2515 5201 2582 5254 Et
2604 5191 2816 5255 hvocavit
2860 5199 3004 5255 Deus
3043 5199 3214 5254 lucem
3247 5199 3411 5264 diem,
3453 5209 3500 5254 et
3532 5209 3676 5255 tene-

2085 5293 2207 5346 bras
2237 5295 2437 5347 vocavit
2461 5306 2665 5347 noctem
2704 5292 2767 5344 ιθ.

2509 5379 2622 5438 [NT
2633 5382 2950 5439 ERHOGA'J
2968 5389 3032 5438 ιυ
3083 5382 3241 5438 LX".

2149 5473 2291 5530 Num
2348 5475 2515 5547 igitur
2570 5475 2720 5529 aliud
2765 5484 2853 5530 est
2908 5475 3024 5540 lux,
3068 5481 3123 5530 et
3173 5473 3325 5530 aliud
3380 5472 3538 5542 dies;
3584 5475 3673 5530 vel

2074 5567 2224 5623 aliud
2254 5583 2383 5634 nox,
2415 5579 2470 5624 et
2494 5569 2641 5624 aliud
2685 5569 2959 5624 tenebrae?

2073 5847 2191 5885 rum
2215 5832 2568 5912 ,typothctm,
2605 5842 2663 5888 ut
2689 5832 2942 5899 videtur,
2979 5829 3191 5887 Incuria
3227 5829 3297 5886 ob
3326 5843 3517 5893 vocem
3545 5825 3664 5902 φῶς

2071 5915 2378 5972 repetitam.
