4112 6380
436 409 539 469 ῢῖὶ

1082 522 1391 592 Responsio.
1972 583 1986 590 _

515 616 795 690 Quidquid
843 618 1027 672 lmtum
1071 624 1127 670 et
1176 615 1414 668 hilarum
1464 619 1572 675 est,
1608 610 1881 681 placidum
1917 623 2031 663 me-

445 714 556 768 rito
584 711 921 782 appellatur;
971 708 1057 763 his
1089 721 1218 761 vero
1251 706 1549 766 contraria,
1588 719 1697 757 nox
1737 702 2031 757 nominan-

445 810 557 858 tur.
596 803 703 857 Sed
728 808 782 856 et
811 800 971 854 aliter
1016 797 1147 852 mihi
1201 796 1418 851 videtur
1470 811 1566 864 per
1613 787 2033 864 appellationem

447 895 770 952 servitutem
803 892 1048 963 ipsorum
1075 889 1412 960 signiﬁcare,
1435 888 1686 958 beneque
1711 885 2034 955 dispositam

447 1001 647 1045 cursus
692 1001 787 1055 per
813 984 965 1039 vices
1001 980 1481 1036 constitutionem.
1529 977 1746 1031 Domini
1781 976 1927 1030 enim
1953 983 2038 1030 est

447 1079 770 1135 nominatim
823 1091 1044 1139 vocare,
1097 1073 1428 1127 famulorum
1489 1085 1618 1125 vero
1682 1068 1927 1129 obedire,
1982 1074 2039 1121 et

445 1174 607 1246 quasi
638 1189 794 1236 voce,
829 1171 1043 1225 ordinis
1084 1169 1226 1223 bona
1254 1166 1643 1221 observatione
1671 1161 2032 1233 respondere.

865 1257 1392 1314 lNTERROGATIO
1432 1255 1621 1311 LXIII.

521 1353 812 1424 Quomodo
861 1361 979 1407 erat
1027 1360 1173 1406 terra
1225 1349 1641 1420 inaspectabilis
1694 1355 1749 1403 et
1797 1346 2043 1400 inculta?

449 1465 583 1507 num
608 1449 769 1519 quasi
804 1443 1192 1516 semiperfecta
1224 1456 1255 1496 a
1290 1441 1401 1513 Deo
1438 1440 1607 1504 facta,
1643 1448 1737 1493 aut
1778 1453 1888 1510 quo
1916 1445 2042 1491 tan-

449 1542 577 1599 dem
607 1540 805 1612 pacto?

1093 1627 1404 1696 Responsio.

527 1722 945 1796 lnaspectabilis
973 1729 1090 1778 erat
1129 1729 1275 1777 terra
1313 1730 1367 1775 et
1409 1717 1639 1781 inculta,
1680 1729 1792 1770 non
1824 1721 2044 1777 natura,

454 1818 554 1875 sed
588 1818 948 1873 exornatione
970 1822 1025 1867 et
1060 1812 1222 1875 facie,
1268 1809 1513 1865 nondum
1548 1806 1850 1878 segregatis
1885 1804 2045 1874 aquis

455 1912 524 1967 ad
553 1910 834 1982 proprium
867 1910 1072 1969 locum,
1111 1913 1168 1959 ut
1196 1909 1516 1960 cerneretur
1550 1900 1670 1969 ejus
1710 1898 2040 1961 substantia,

455 2002 661 2073 plantis
739 2004 1141 2061 exornaretur,
1219 2001 1274 2050 et
1358 1991 1591 2046 ﬂoribus
1659 1994 2041 2044 coronaretur.

453 2092 670 2162 Abysso
693 2102 931 2157 namque
985 2100 1152 2156 super
1209 2083 1382 2152 ipsam
1428 2077 1765 2141 exundante,
1799 2078 2045 2132 nondum

452 2191 575 2238 erat
609 2179 843 2235 fontium
894 2186 947 2232 et
986 2175 1273 2229 ﬂuminum
1313 2170 1671 2227 distinctione
1710 2168 1913 2233 cincta,
1956 2182 2051 2222 ne-

452 2289 567 2347 que
597 2273 877 2342 variegata
923 2267 991 2322 ad
1022 2267 1420 2323 enutritionem
1457 2278 1646 2318 eorum
1689 2276 1813 2331 quae
1860 2259 2047 2314 divino

457 2373 732 2439 praecepto
767 2380 833 2419 ex
883 2362 1002 2433 ipsa
1060 2356 1414 2430 producenda
1464 2361 1642 2420 erant,
1695 2352 2046 2414 animalium;

455 2459 615 2530 quasi
671 2457 892 2527 lugubri
942 2453 1181 2524 quadam
1236 2456 1390 2505 veste
1432 2448 1632 2518 abysso
1684 2442 2047 2508 circumdata,

458 2549 925 2624 quemadmodum
975 2555 1171 2599 auctor
1225 2542 1318 2596 ille
1380 2539 1690 2594 carminum
1736 2536 2050 2591 divinorum

461 2644 697 2699 Davides
742 2642 971 2711 inquit:
1025 2637 1263 2707 Abyssus
1311 2632 1473 2687 veluti
1523 2632 1679 2685 vestis
1726 2628 2052 2698 opertorium

463 2738 579 2808 ejus
608 2737 652 2768 ¹⁸
690 2752 704 2788 :
741 2732 960 2790 Oceano
987 2729 1199 2785 scilicet
1224 2729 1402 2782 instar
1431 2723 1618 2778 annuli
1647 2730 1851 2776 terram
1872 2721 2053 2776 adhuc

465 2826 864 2889 circumdante,
902 2822 1047 2877 sicut
1076 2822 1376 2874 etiamnum
1414 2815 1576 2869 hodie
1601 2820 1838 2868 constat.

888 2906 1409 2970 INTERROGATIO
1449 2906 1636 2961 LXIV.

539 3010 723 3076 Quare
766 3018 947 3063 autem
994 3005 1268 3076 Pr0pheta
1316 3016 1428 3055 non
1475 2999 1615 3053 dixit
1668 3000 1726 3053 in
1789 2998 2056 3054 feminino

466 3118 686 3175 genere,
718 3100 1056 3172 opertorium
1109 3097 1233 3169 ejus
1267 3114 1279 3149 :
1319 3093 1416 3149 sed
1465 3093 1608 3164 ejus,
1656 3093 1710 3147 in
1746 3092 2058 3148 masculino

462 3195 550 3251 vel
581 3191 819 3249 neutro?

1106 3278 1411 3349 Responsio.

536 3376 689 3433 Nihil
738 3377 792 3431 in
836 3377 945 3431 hoc
985 3375 1339 3431 descriminis
1366 3385 1472 3440 est,
1507 3376 1555 3433 si
1587 3375 1923 3430 elementum
1959 3383 2060 3439 pro

466 3479 619 3527 terra
668 3469 1130 3537 subintelligatur.
1196 3465 1388 3538 Neque
1443 3471 1573 3524 item
1640 3482 1767 3522 cum
1813 3463 2059 3519 omnium

467 3566 665 3618 animae
701 3561 968 3618 feminino
998 3574 1200 3631 genere
1222 3562 1590 3631 appellentur,
1629 3559 1840 3614 idcirco
1864 3557 1947 3611 vel
1979 3554 2060 3610 fe-

470 3655 652 3709 minas
691 3655 778 3708 vel
802 3668 983 3707 mares
1010 3667 1134 3707 esse
1184 3652 1555 3708 concedemus
1592 3652 1830 3706 animas.
1870 3648 1976 3704 Sed
2006 3655 2063 3704 et

471 3747 730 3802 Christus
760 3746 1030 3817 sapientia
1063 3754 1119 3800 et
1147 3746 1396 3815 potentia
1437 3756 1492 3801 et
1536 3752 1692 3818 petra
1732 3744 2060 3814 appellatur,

472 3853 600 3893 eum
619 3841 865 3905 sitDeus,
884 3838 1121 3895 Verbum
1137 3850 1193 3896 et
1209 3840 1372 3895 homo
1385 3836 1550 3893 idem.
1580 3837 1925 3906 lntelligatur
1963 3850 2062 3888 au-

476 3940 672 3988 temet
716 3932 827 3986 alio
876 3933 1062 3986 modo.
1108 3932 1409 3986 Invisibilis
1439 3939 1559 3986 erat
1608 3939 1781 3985 terra.
1812 3926 2063 3981 Nondum

474 4025 622 4079 enim
656 4031 776 4079 erat
815 4023 936 4093 ejus
980 4024 1387 4094 contemplator
1408 4023 1593 4089 homo,
1636 4038 1816 4094 neque
1846 4037 1910 4074 ea
1945 4033 2067 4089 quae

473 4117 803 4172 naturaliter
832 4118 898 4171 ad
929 4117 1104 4188 ipsam
1136 4132 1309 4187 prona
1337 4134 1397 4173 se
1419 4119 1710 4180 inclinant,
1734 4114 2068 4185 assidueque

475 4208 650 4280 ipsam
681 4220 955 4281 spectant,
987 4210 1233 4264 balatum
1255 4212 1475 4264 edentia
1498 4208 1818 4264 animalium
1842 4220 2064 4278 genera.

913 4297 1431 4354 INTERROGATIO
1470 4300 1631 4354 LXV.

548 4392 692 4460 Quid
729 4403 818 4449 est
851 4392 1156 4448 secundum
1198 4401 1453 4447 naturam
1484 4392 1887 4448 ﬁrmamentum
1920 4389 2068 4461 quod

478 4485 866 4542 intermedium
904 4493 1126 4555 separat
1160 4499 1382 4554 aquam,
1419 4493 1475 4541 et
1504 4500 1702 4556 aquam
1736 4485 2070 4541 ultra-cmle-

481 4589 619 4636 stem
645 4585 701 4634 et
729 4578 1039 4632 marinam?

1121 4664 1433 4735 Responsio.

554 4759 742 4816 Primo
775 4760 1000 4831 quidem
1028 4759 1119 4814 die
1145 4761 1345 4815 malum
1378 4759 1699 4822 creabatur,
1727 4757 1874 4828 quod
1906 4756 2073 4811 situm

482 4864 567 4911 est
614 4869 783 4924 supra
832 4856 1275 4919 ﬁrmamentum;
1324 4851 1569 4905 secundo
1612 4866 1744 4905 vero
1793 4850 1845 4904 id
1891 4849 2075 4902 ﬁrma-

484 4955 753 5012 mentum,
788 4946 933 5016 quod
958 4962 1123 5016 supra
1144 4955 1312 5016 caput
1337 4954 1591 5000 nostrum
1618 4951 1895 5008 cernitur;
1929 4941 2075 5012 quod

485 5041 711 5097 alterius
744 5055 907 5111 quam
946 5040 1206 5107 superius
1239 5038 1375 5093 illud
1414 5048 1499 5093 est
1533 5048 1765 5092 naturae.

902 5128 1110 5184 INTLB
1120 5129 1424 5186 ROGATIO
1462 5130 1648 5187 LXVI.

557 5218 849 5286 Quomodo
875 5233 1008 5273 vero
1042 5234 1166 5273 cum
1201 5220 1365 5276 unius
1387 5232 1440 5275 et
1466 5222 1717 5291 ejusdem
1751 5224 1875 5278 sint'
1901 5241 2077 5280 nomi-

487 5313 597 5380 nis,
634 5313 863 5368 alterius
892 5321 946 5367 et
986 5312 1219 5369 diversae
1249 5322 1414 5368 erunt
1451 5317 1699 5371 naturae?

896 5462 902 5469 ,
1124 5405 1434 5475 Responsio.

561 5496 667 5563 Qui
705 5494 955 5552 studiose
1001 5504 1056 5552 et
1088 5513 1198 5552 non
1232 5501 1612 5568 perfunctorie
1655 5503 1892 5559 litteram
1947 5520 2078 5559 exa-

490 5590 726 5652 minant,
757 5589 926 5644 etiam
978 5590 1032 5643 in
1064 5593 1429 5662 appellatione
1481 5597 1715 5651 multum
1763 5598 2081 5654 diﬂerentiae

493 5683 925 5752 deprehendent.
975 5684 1140 5739 Aliud
1187 5688 1333 5741 enim
1378 5690 1602 5754 caelum,
1637 5691 1783 5745 aliud
1824 5708 1954 5745 vero
1997 5703 2082 5748 est

494 5774 922 5832 ﬁrmamentum.
965 5777 1203 5837 Proinde
1239 5790 1295 5838 et
1333 5797 1401 5839 ex
1435 5783 1555 5855 ipsa
1591 5785 1960 5854 appellatione
1990 5787 2082 5841 di-

571 5905 619 5940 "
653 5905 801 5962 Psal.
827 5922 946 5975 cm.
973 5906 1028 5964 6.

1544 397 1932 458 S.CAESABII
1975 391 2309 450 GREGORII
2357 392 2662 450 FRATRIS

3622 390 3729 448 932

2765 512 3118 579 Ἀπόκρισις,

2204 606 2321 659 Πᾶν
2348 604 2411 658 τὸ
2441 603 2666 674 φαιδρὸν
2694 604 2791 658 καὶ
2821 602 3027 673 ἱλαρὸν,
3062 604 3272 674 ἥμερον
3293 601 3519 667 εἰκότως
3552 618 3725 675 προσ-

2133 697 2462 769 αγορεύεται
2493 716 2507 729 ·
2544 698 2613 751 τὰ
2642 696 2698 751 δὲ
2725 696 2945 751 ἐναντία
2994 695 3201 749 τούτω*
3251 694 3348 759 νὺξ
3377 696 3725 766 ὀνομάζεται.

2135 791 2247 843 Καὶ
2283 789 2490 859 ἑτέρως
2529 788 2587 841 δέ
2633 805 2724 859 μοι
2757 787 2905 840 δοκεῖ
2930 786 3019 840 διὰ
3060 786 3162 857 τῆς
3200 785 3448 855 κλήσεως
3475 786 3574 856 τὴν
3604 787 3728 840 δου-

2136 879 2286 933 λείαν
2325 878 2506 932 αὑτῶν
2548 876 2934 948 σημαίνεσθαι,
2964 877 3061 928 καὶ
3079 875 3178 946 τὴν
3199 873 3464 928 εὔτακτον
3485 874 3581 927 τοῦ
3602 874 3727 946 δρός

2142 987 2244 1041 μου
2290 969 2544 1040 ἀλλήλοις
2587 968 3033 1039 ἀντιπαράδοσιν.
3081 968 3353 1019 Δεσπότηυ
3402 971 3511 1037 γὰρ
3555 966 3729 1022 τὸ²ὲκ

2140 1061 2514 1132 προσηγορίας
2553 1060 2759 1124 καλεῖν,
2799 1060 3025 1114 οἰκετῶν
3062 1061 3119 1114 δὲ
3149 1061 3211 1114 τὸ
3260 1061 3593 1127 ὑπακούειν,
3635 1062 3734 1113 καὶ

2139 1150 2251 1208 οἷον
2287 1157 2438 1225 φωνῇ
2466 1156 2531 1225 τῇ
2567 1154 2793 1225 εὐταξίᾳ
2811 1153 2904 1207 τοῦ
2940 1154 3142 1224 δρόμου
3172 1152 3590 1225 ἀποκρίνεσθαι.

2760 1245 3014 1299 ΠΕΥΣΙΣ
3039 1243 3157 1300 ΞΓ¹.

2213 1337 2340 1401 Πῶς
2383 1333 2452 1408 ἦν
2491 1340 2525 1409 ή
2566 1337 2640 1408 γῆ
2680 1338 2913 1409 ἀόρατος
2957 1340 3052 1391 καὶ
3094 1338 3611 1403 ἀκατασκεύαστοςς
3655 1337 3733 1401 ὡς

2145 1431 2405 1502 ἡμιτελὴς
2445 1432 2597 1502 παρὰ
2628 1430 2765 1485 Θεοῦ
2797 1431 3085 1503 γενομένη,
3111 1431 3144 1503 ἦ
3167 1432 3323 1498 πῶς;

2770 1616 3127 1683 Ἀπόκρισις.

2232 1706 2486 1779 Ἀόρατος
2505 1702 2574 1779 ἦν
2602 1709 2636 1777 ἡ
2672 1706 2746 1778 γῆ
2775 1708 2871 1761 καὶ
2910 1707 3414 1773 ἀκατασκεύαστος,
3437 1709 3500 1761 οὐ
3523 1710 3589 1779 τῇ
3632 1708 3735 1776 φύ-

2152 1817 2258 1867 σει,
2292 1799 2430 1854 ἀλλὰ
2470 1804 2536 1873 τῇ
2569 1801 2930 1874 διακοσμήσει
2968 1803 3061 1855 καὶ
3098 1801 3241 1872 ὕψει,
3271 1801 3424 1855 οὔπω
3460 1802 3570 1855 τῶν
3610 1802 3741 1855 ὑδά-

2151 1911 2260 1948 των
2280 1893 2689 1964 ἀποκριθέντων
2711 1893 2848 1966 πρὸς
2875 1894 2974 1965 τὴν
2993 1895 3200 1949 οἰκείαν
3221 1896 3426 1966 χώραν,
3455 1894 3552 1948 τοῦ
3569 1895 3742 1965 ὀφθῆ-

2150 2002 2237 2039 ναι
2276 1987 2375 2056 τὴν
2417 1986 2624 2058 ταύτης
2661 1989 2872 2051 οὐσίαν,
2920 1988 3015 2040 καὶ
3058 1988 3491 2061 διακοσμηθῆναι
3543 1988 3738 2058 φυτῷ,

2152 2078 2248 2131 καλ⁵
2275 2075 2461 2129 ἄνθεσι
2485 2076 2919 2148 στεφανωθῆναι.
2951 2078 3063 2148 Τῆς
3088 2078 3197 2149 γὰρ
3234 2079 3475 2133 ἀσύσσου
3514 2081 3739 2134 ἐπικλυ-

2152 2168 2355 2239 ζούσης
2390 2169 2583 2238 αὐτὴν,
2597 2170 2811 2224 οὐδέπω
2839 2171 3071 2242 κρήναις
3101 2173 3196 2225 καὶ
3228 2177 3493 2245 ποταμοῖς
3527 2176 3738 2246 ὑπῆρχε

2152 2257 2513 2330 διεζωσμένη,
2536 2261 2673 2332 πρὸς
2692 2261 2988 2335 διατροφὴν
3017 2263 3127 2317 τῶν
3160 2264 3465 2335 μελλόντων
3494 2264 3555 2330 ἐξ
3571 2266 3743 2337 αὐτῆς

2156 2350 2286 2423 θείῳ
2312 2352 2697 2422 προστάγματι
2733 2354 3174 2425 ἀποόράττεσθαι
3232 2356 3407 2422 ζώων,
3446 2351 3557 2410 οἷον
3609 2376 3738 2410 πεν-

2157 2442 2298 2515 θήρη
2332 2444 2456 2498 τινὰ
2508 2444 2701 2516 στολήν
2742 2444 2841 2516 τὴν
2868 2445 3105 2502 ἄϐυσσον
3137 2448 3518 2520 περικειμένη,
3563 2448 3745 2512 καθὼς

2157 2537 2253 2590 καὶ
2294 2536 2461 2590 Δαὸίδ
2494 2554 2692 2608 φησιν,
2715 2540 2744 2591 6
2778 2537 2888 2591 τῶν
2937 2538 3097 2593 θείων
3146 2540 3408 2611 μελῳδὸς*
3437 2542 3745 2608 Ἀὄυσσος

2157 2633 2239 2698 ὡς
2286 2631 2520 2701 ἱμάτιον
2559 2631 2625 2684 τὸ
2669 2633 3056 2700 περιϐόλαιον
3102 2632 3292 2686 αὐτοῦ
3312 2650 3326 2662 ·
3360 2633 3452 2686 τὸν
3490 2633 3747 2686 Ὠκεανὸν

2158 2724 2442 2779 δακτυλίου
2487 2725 2642 2797 δίκην
2682 2726 3031 2799 περικεῖσθαι
3076 2727 3214 2798 αὐτῇ
3255 2726 3411 2799 δῆλον
3446 2727 3610 2800 μέχρι
3634 2727 3747 2799 τή-

2164 2834 2231 2888 με
2239 2834 2349 2888 ρον.

2758 2911 3007 2965 ΠΕΥΣΙΣ
3036 2911 3152 2966 ΞΝ.

2237 3001 2340 3056 Καὶ
2359 3002 2502 3056 διατί
2545 3002 2621 3075 μὴ
2668 2998 2823 3058 εἶπεν
2865 3003 2893 3056 ὁ
2930 3004 3249 3076 Προφήτης,
3289 3004 3364 3058 Τὸ
3401 3005 3751 3077 περιϐόλαιον

2165 3090 2356 3162 αὑτῆς,
2371 3091 2508 3159 ἀλλ’,
2532 3092 2758 3156 αὺτοῦ;

2793 3266 3151 3336 Ἀπόκρισις.

2235 3358 2401 3412 Οὐδὲν
2430 3356 2591 3413 τοῦτο
2632 3359 2842 3413 ἐκείνου
2887 3359 3099 3423 διοίσει,
3147 3362 3417 3433 στοιχείου
3463 3364 3758 3435 νοουμένου

2162 3450 2264 3520 τῆς
2283 3452 2406 3522 γῆς.
2431 3452 2553 3506 Οὐδ’
2581 3448 2648 3507 αὖ
2674 3453 2836 3507 πάλιν
2870 3455 3088 3508 πάντων
3107 3454 3279 3525 ψυχαὶ
3300 3454 3550 3525 θηλυκῶς
3584 3475 3760 3528 προσ-

2164 3546 2601 3616 αγορευομένων,
2654 3546 2791 3617 θῆλυ
2840 3547 2935 3600 κα)⁸
2981 3547 3438 3620 ἄρρειοδώσομεν
3487 3551 3762 3621 ὑπάρχειν

2164 3635 2360 3705 ψυχάς.
2384 3637 2495 3689 Καὶ
2512 3638 2541 3689 6
2567 3638 2801 3709 Χριστὸς
2841 3638 3028 3708 copia,
3051 3641 3144 3693 καὶ
3179 3639 3431 3711 δύναμις,
3455 3641 3550 3695 καὶ
3580 3642 3765 3714 πέτρα

2166 3726 2655 3798 προσαγορεύεται.
2685 3728 2818 3793 Θεὸς
2856 3730 3138 3803 ὑπάρχων,
3165 3732 3257 3785 καὶ
3296 3731 3490 3799 Λόγος,
3524 3733 3620 3785 καὶ
3662 3735 3762 3788 ἄν-

2166 3818 2386 3889 θρωπος
2405 3821 2433 3872 6
2452 3819 2636 3882 αὑτός.
2655 3820 2902 3876 Νοείσθω
2930 3821 2987 3874 δὲ
3020 3822 3224 3891 ἑτέρως
3244 3839 3259 3855 ο
3290 3824 3545 3895 Ἀόρατος
3580 3824 3768 3896 ὑπάρ-

2168 3928 2252 3983 χει
2288 3913 2323 3982 ή
2357 3911 2452 3983 γῆ,
2488 3909 2642 3964 οὔπω
2678 3910 2788 3984 γὰρ
2841 3907 2910 3983 ἦν
2944 3912 2973 3964 6
3012 3912 3213 3983 θεατὴς
3241 3914 3411 3985 αὐτῆς
3443 3913 3767 3986 ἄνθρωπος,

2168 4004 2290 4058 οὐδὲ
2323 4004 2393 4057 τὰ
2441 4006 2533 4059 ὑπ’
2575 4005 2746 4075 αὐτὴν
2796 4003 2959 4073 φύσει
3003 4005 3396 4071 κατανεύοντα,
3438 4006 3533 4061 καὶ
3568 4009 3769 4072 ἀτενὲς

2169 4098 2338 4169 αὑτὴν
2369 4098 2640 4173 ἐνορῶντα
2676 4097 2989 4170 βληχόμενα
3007 4098 3114 4152 τῶν
3136 4096 3290 4163 ζώων
3324 4099 3481 4171 γένη.

2546 4366 2575 4381 μ
2776 4301 3027 4355 nam}:
3059 4297 3177 4355 ΞΕο.

2243 4394 2308 4447 Τί
2335 4395 2434 4466 τὴν
2479 4386 2640 4463 φύσιν
2676 4394 2798 4448 ἐστὶ
2840 4394 2902 4447 τὸ
2951 4393 3277 4465 διαχωρίζον
3327 4394 3620 4466 στερέωμα
3658 4397 3774 4450 ἀνὰ

2183 4487 2348 4559 μέσον
2377 4487 2590 4551 ὓδατος,
2625 4487 2720 4540 καὶ
2754 4486 2944 4552 ὓδατος
2962 4486 3057 4541 τοῦ
3098 4488 3497 4560 ὑπερουρανίου
3525 4489 3620 4543 καὶ
3663 4487 3776 4543 0a.-

2180 4581 2404 4632 λασσίου
2441 4596 2454 4645 ;

2801 4670 3156 4739 Ἀπόκρισις.

2249 4763 2329 4834 Τῇ
2360 4762 2458 4833 μὲν
2478 4760 2671 4834 πρώτῃ
2701 4761 2906 4833 ἡμέρᾳ,
2932 4760 3159 4833 οὐρανὸς
3180 4762 3511 4832 παράγεται,
3532 4763 3561 4815 6
3594 4761 3782 4837 ὑπερ-

2176 4861 2430 4930 κείμενος
2453 4856 2547 4911 τοῦ
2590 4856 2968 4929 στερεώματος
2989 4873 3001 4886 ·
3023 4857 3089 4927 τῇ
3109 4855 3336 4927 δευτέρᾳ
3370 4856 3447 4920 δὲ,
3468 4857 3531 4910 τὸ
3548 4858 3779 4929 ὁρώμε-

2178 4970 2269 5006 νον
2307 4952 2467 5005 τοῦτο
2502 4949 2645 5021 ὑπὲρ
2677 4948 2921 5019 κεφαλῆς
2949 4947 3108 5019 ἡμῶν
3135 4947 3444 5019 στερέωμα,
3469 4949 3668 5019 ἑτέρας
3713 4950 3780 5003 δι

2178 5047 2332 5116 παρὰ
2363 5045 2490 5107 τοὺς
2521 5041 2956 5113 ὑπερτεροῦντας
2985 5041 3230 5112 ὑπάρχον
3256 5041 3356 5111 τῆς
3384 5041 3620 5110 φύσεως.

2722 5131 2971 5184 ΠΕΥΣΙΣ
3014 5130 3151 5198 scr.

2252 5225 2362 5278 Kal.
2392 5223 2509 5287 πῶς
2537 5224 2663 5295 μιᾶς
2700 5222 2795 5275 καὶ
2815 5224 2914 5292 τῆς
2938 5222 3112 5292 αὑτῆς
3135 5221 3288 5285 ὄντες
3321 5222 3641 5293 ὀνομασίας,
3680 5223 3788 5278 ἆλ-

2179 5318 2279 5387 λης
2304 5318 2396 5370 καὶ
2419 5314 2585 5387 ἄλλης
2612 5316 2827 5384 φύσεως
2851 5314 3064 5367 ἔσονται
3090 5331 3104 5380 ;

2809 5409 3155 5476 Ἀπόκρισις.

2263 5506 2377 5570 Γοῖς
2426 5502 2740 5576 φιλομαθῶς
2791 5503 2885 5556 καὶ
2932 5503 3006 5574 μὴ
3074 5504 3368 5574 παρέργως
3413 5520 3477 5557 το
3535 5506 3790 5576 γράμμα

2179 5599 2519 5668 ἐξετάζουσι,
2564 5600 2660 5652 καὶ
2693 5600 2751 5651 ὲν
2789 5601 2855 5667 τῇ
2898 5597 3239 5668 προσηγορίᾳ
3281 5597 3419 5652 πολὺ
3463 5599 3526 5651 τὸ
3581 5598 3792 5666 διάξο-

2183 5715 2275 5768 ρον
2304 5695 2521 5765 ἔχοντες
2559 5690 2951 5762 εὑρεθήσονται
2974 5707 2991 5723 ο
3015 5690 3202 5760 ἕτερον
3243 5690 3353 5761 γὰρ
3385 5688 3636 5761 οὐρανὸς,
3676 5691 3791 5746 ϐἀ·-

2180 5808 2337 5862 τερον
2361 5789 2418 5844 δὲ
2447 5787 2754 5860 στερέωμα.
2778 5786 2890 5840 Καὶ
2915 5783 2975 5849 ἐξ
3002 5777 3173 5856 αὐτῆς
3192 5784 3373 5839 τοίνυν
3400 5783 3501 5857 τῆς
3523 5782 3795 5854 κλήσεως
