4112 6380
368 360 477 418 933

373 480 740 553 παιδευόμεθα
763 518 779 546 ,
818 485 1187 567 σοερῤοτέρας
1235 486 1504 560 ὑπάρχειν
1563 489 1776 557 φύσεως
1845 489 1953 544 τῶν

372 574 623 645 ἀοράτων
659 574 722 628 τὸ
760 574 1056 647 ὁρώμενον.
1081 580 1289 652 Μωσῆς
1324 582 1421 651 μὲν
1457 580 1566 652 γάρ
1596 599 1759 653 φησιν
1786 599 1801 613 ·
1848 582 1953 636 Ἐν

370 665 532 735 ἀρχῇ
556 667 845 734 ἐποίησεν
867 672 901 724 ὁ
928 671 1071 737 Θεὸς
1112 672 1220 726 τὸν
1245 673 1525 740 οὐρανόν,
1560 675 1655 729 καὶ
1676 675 1790 743 τὴν
1815 672 1950 744 τῆν.

386 756 730 814 Ἑνταῦθαδὲ
766 760 827 814 τὸ
861 764 1087 835 στερρόν
1137 765 1431 835 φησι·Καί
1481 764 1651 821 εἶπεν
1692 771 1725 821 ό
1768 769 1949 833 Θεός·

375 849 694 918 Γενηθήτω
711 854 1030 923 στερέωμα.
1049 856 1158 908 Καὶ
1179 856 1407 922 Ἡσαΐας
1428 860 1710 931 παριστῶν
1728 861 1836 913 τῶν
1855 862 1952 932 μὲν

331 1003 337 1010 ι
372 939 435 992 τὸ
478 938 673 995 λεπτὸν
708 944 803 996 καὶ
843 945 1173 1013 κουφότερον
1201 947 1298 1017 τῆς
1345 949 1581 1017 φύσεως,
1616 950 1711 1004 τοῦ
1746 951 1805 1004 δὲ
1833 968 1955 1004 στε-

373 1030 685 1099 γανώτερον
716 1033 813 1085 καὶ
852 1036 999 1104 παχὺ
1040 1035 1135 1089 τοῦ
1192 1036 1463 1108 σώματος,
1495 1041 1689 1111 φησίν·
1727 1042 1789 1095 '0
1825 1059 1954 1097 στε-

367 1121 605 1189 ρεώσας
630 1123 739 1177 τόν
762 1128 1021 1193 οὐρανόν
1057 1129 1202 1182 ὡσεὶ
1234 1132 1489 1197 καπνὸν,
1521 1133 1621 1188 καὶ
1652 1133 1953 1201 διατείνας

372 1214 560 1268 αὐτὸν
589 1216 670 1282 ὡς
693 1217 953 1285 σκηνήν.
977 1222 1110 1290 Περὶ
1139 1221 1197 1275 δὲ
1231 1222 1325 1276 τοῦ
1363 1225 1641 1294 ὁρωμένου
1677 1226 1859 1296 φησίν·
1891 1228 1952 1280 '0

372 1305 577 1374 πήξας
607 1307 715 1360 τόν
760 1310 1021 1377 οὐρανὸν
1067 1311 1210 1365 ὡσεὶ
1247 1312 1537 1383 καμάραν,
1578 1317 1687 1369 Καὶ
1720 1318 1827 1387 γάρ
1862 1317 1953 1371 τὸν

373 1399 543 1470 ἄνδρα
589 1401 684 1453 καὶ
735 1402 835 1470 τὴν
881 1405 1152 1470 γυναῖκα,
1193 1404 1476 1477 ἄνθρωπον
1526 1408 1952 1479 προσαγορεύειν

376 1490 564 1543 είωθεν
596 1492 629 1561 ἡ
662 1490 781 1544 θεία
812 1492 852 1544 Γ
857 1494 1000 1564 ραφή
1020 1512 1034 1525 ·
1072 1495 1165 1548 καὶ
1196 1498 1323 1565 μιᾶς
1352 1496 1519 1566 οὑσης
1547 1499 1646 1568 τῆς
1676 1516 1948 1571 προσηγο-

378 1581 522 1653 ρίας,
560 1584 590 1634 6
621 1582 718 1652 μὲν
759 1585 1083 1655 καρτερικὸς
1105 1587 1199 1640 καὶ
1229 1587 1530 1658 ἀχθοφόρος
1560 1590 1815 1660 ὑπάρχει,
1844 1594 1873 1644 6
1895 1592 1952 1644 δὲ

374 1673 701 1744 χαυνότερος
720 1674 840 1743 ἦτοι
878 1677 1229 1749 κουφότερος,
1264 1677 1473 1751 διανοίᾳ
1509 1681 1602 1733 καὶ
1639 1681 1803 1753 λόγῳ.
1832 1683 1951 1736 Τῶν

376 1765 793 1836 ὑπερκειμένων
838 1767 1016 1820 τοίνυν
1054 1769 1151 1841 τὴν
1210 1771 1399 1824 οὐσίαν
1456 1772 1700 1836 σιωπῶν,
1753 1775 1828 1837 ὼς
1885 1775 1953 1829 ἂν

373 1853 595 1921 ἐφικτόν
633 1872 755 1924 μοι,
788 1856 881 1909 τοῦ
936 1858 1215 1928 ὁρωμένου
1262 1861 1361 1931 τὴν
1413 1862 1575 1931 φύσιν
1617 1864 1951 1937 κρύσταλλον

375 1943 642 2016 ὑπάρχειν
670 1946 834 2017 φημὶ,
856 1946 986 2018 θείῳ
1017 1950 1400 2022 προστάγματι
1424 1954 1597 2022 παγὲν
1622 1956 1716 2008 καὶ
1745 1956 1951 2028 ῥωννύ-

377 2053 538 2107 μενον
561 2037 749 2110 φέρειν
764 2037 833 2092 τά
858 2039 1220 2111 ὑπερκόσμια,
1235 2044 1564 2116 κουφότερον
1593 2045 1706 2119 (22)
1734 2049 1827 2102 καὶ
1848 2048 1952 2114 ἔξω

373 2131 471 2201 τῆς
492 2131 766 2203 ἡμετέρας
796 2132 924 2186 ὄντα
953 2134 1281 2206 παχύτητος,
1316 2140 1662 2209 ἀμφοτέρους
1681 2141 1738 2193 δὲ
1763 2142 1950 2213 ἀνέχε-

377 2223 498 2276 σθαι
519 2224 626 2278 ὑπὸ
645 2225 747 2295 τῆς
770 2225 949 2280 πάντα
973 2226 1369 2300 διακρατούσης
1393 2229 1489 2283 καὶ
1513 2231 1785 2303 φερούσης
1800 2232 1951 2298 θείας

366 2316 676 2388 δυνάμεως.

527 2401 537 2409 ’
960 2410 1209 2463 ΠΕΥΣΙΣ
1245 2408 1361 2468 ΞΖ⁹.

447 2498 556 2551 Kal
585 2498 701 2562 πῶς
728 2499 949 2553 δύναται
1000 2500 1332 2569 κρύσταλλον
1373 2502 1663 2573 βαστάζειν
1705 2507 1799 2560 καὶ
1832 2506 1948 2562 δια-

375 2586 628 2659 χωρίζειν
655 2587 715 2641 τὸ
748 2588 880 2641 πολὺ
916 2589 1009 2642 καὶ
1053 2588 1282 2661 ἄπειρον
1313 2593 1488 2647 ἐκεῖνο
1519 2593 1699 2666 ὕδωρς

995 2681 1350 2749 Ἀπόκρισις.

445 2768 632 2824 Πίστει
660 2770 1019 2842 κρατύνεσθαι
1050 2772 1117 2826 τὰ
1144 2775 1487 2844 Χριστιανῶν
1512 2766 1754 2846 πέφυκεν
1776 2796 1789 2808 ·
1813 2780 1947 2834 ὅπου

375 2863 485 2932 γὰρ
545 2863 675 2927 Θεὸς
708 2863 991 2935 βούλεται,
1023 2869 1252 2937 ἡττᾶται
1297 2868 1330 2939 ή
1372 2867 1533 2936 φύσις
1587 2870 1736 2940 παρά
1792 2871 1949 2940 φύσιν

371 2956 718 3012 δουλεύουσα.
756 2957 943 3021 Οὕτως
959 2957 1020 3011 τὸ
1062 2958 1205 3028 ὕδωρ
1236 2962 1315 3023 εἰς
1348 2956 1489 3014 οἶνον
1519 2961 1836 3031 μεθίσταται
1892 2965 1950 3017 ἐν

373 3048 530 3117 Κανᾷ
576 3051 675 3119 τῆς
710 3048 998 3114 Γαλιλαίας
1035 3067 1048 3079 ·
1080 3049 1222 3104 οὑτω
1270 3053 1327 3106 ὲν
1377 3053 1639 3125 Αἰγύπτῳ
1682 3056 1710 3107 6
1757 3054 1950 3121 Νεῖλος

373 3140 698 3208 φοινίττεται
720 3158 733 3170 ⁸
764 3139 907 3194 οὑτω
927 3142 1076 3211 παρὰ
1095 3141 1257 3210 φύσιν
1286 3142 1666 3216 διαχερσοῦται
1695 3144 1755 3198 τὸ
1794 3145 1950 3216 Ἐρυ-

373 3229 561 3301 θραϊον
585 3231 840 3298 πέλαγος,
860 3234 1085 3302 τειχέων
1111 3234 1268 3303 δίκην
1294 3234 1402 3288 τῶν
1422 3235 1705 3306 ήμιτόμων
1744 3254 1951 3307 πηγνυ-

377 3322 555 3394 μένων
578 3322 672 3375 τοῦ
701 3323 920 3391 ὓδατος,
968 3326 1062 3378 καὶ
1104 3328 1162 3379 ὲν
1204 3325 1353 3398 ξηρῷ
1396 3328 1628 3399 πυθμένι
1670 3331 1889 3402 ἀϐρόχῳ
1925 3335 1954 3387 6

372 3411 500 3477 λαὸς
525 3415 810 3471 διαϐαίνει.
846 3416 1030 3471 Ἔστω
1061 3419 1119 3472 δέ
1164 3437 1246 3472 σοι
1273 3420 1371 3491 τῆς
1398 3420 1655 3486 ἀπιστίας
1680 3441 1953 3494 σωφρονιο

374 3505 511 3576 σμὸς
542 3508 570 3558 ὀ
613 3508 908 3579 θεοστυγὴς
939 3510 1145 3593 (Papam
1165 3512 1545 3583 ποντούμενος.
1582 3515 1639 3568 '0
1668 3515 1776 3587 γάρ
1804 3519 1951 3570 ἐκεῖ·

372 3617 462 3655 νον
491 3601 551 3654 ὲν
587 3604 652 3672 τῇ
693 3602 829 3674 αὐτῇ
875 3602 1120 3656 διαϐάσει
1162 3605 1494 3676 ὑποϐρύχιον
1528 3608 1811 3678 συγχώσας
1839 3612 1951 3674 τοῖς

370 3691 601 3763 κύμασι,
636 3693 802 3746 πάλαι
842 3695 939 3765 μὲν
983 3695 1074 3748 τὸν
1102 3696 1329 3767 οὐρανὸν
1362 3692 1450 3750 οἷα
1487 3698 1669 3769 δέρῤιν
1698 3700 1821 3753 τινὰ
1864 3700 1951 3767 ἐξ·

371 3781 581 3846 ετίναξε
602 3824 615 3847 ,
644 3785 711 3853 τῇ
756 3784 853 3854 μὲν
885 3783 1065 3854 χέρσῳ
1097 3784 1479 3852 ὲπικυρτώσας
1525 3787 1717 3849 αὑτὸν,
1754 3789 1846 3841 ἐπὶ
1892 3789 1950 3843 δὲ

370 3876 470 3946 τῆς
503 3875 741 3929 ἀϐύσσου
792 3874 1132 3946 θεμελιώσας
1176 3879 1288 3941 τοῖς
1321 3876 1564 3947 κύμασι,
1598 3878 1777 3943 καθὼς
1820 3899 1948 3935 παι-

369 3966 517 4020 δεύει
550 3969 578 4020 6
599 3967 707 4020 τῶν
738 3966 895 4021 θείων
931 3966 1166 4037 μελῳδὸς
1187 3966 1329 4038 ᾄδων
1363 3984 1377 3998 ⁶
1421 3971 1484 4021 ’0
1528 3970 1810 4023 ἐκτείνων
1842 3973 1949 4025 τὸν

369 4060 632 4127 οὐρανὸν
677 4060 820 4114 ὡσεὶ
875 4058 1095 4127 δέρῤιν,
1121 4061 1155 4113 ό
1206 4058 1504 4129 στεγάζων
1544 4061 1614 4113 ἐν
1660 4060 1840 4115 ὕδασι
1876 4063 1949 4117 τὰ

369 4150 609 4219 ὑπερῷα
655 4150 861 4204 αὑτοῦ.
900 4144 1076 4203 Ἦκεν
1123 4152 1254 4221 ἡμῖν
1278 4190 1293 4215 ,
1330 4151 1531 4223 φησὶν,
1580 4152 1664 4205 ἐπ’
1703 4154 1947 4223 ἐσχάτων

371 4241 594 4313 ἡμερῶν
639 4242 1028 4315 σαρκοφορῶν,
1061 4244 1155 4297 καὶ
1203 4242 1301 4313 τὴν
1338 4243 1511 4315 ὑγρὰν
1567 4245 1663 4298 καὶ
1713 4246 1945 4301 ἄστατον

371 4334 641 4390 θάλατταν
670 4335 919 4406 ἀνίκμοις
950 4335 1106 4388 ποσὶν
1133 4335 1611 4407 ἐπιπορευόμενος.

950 4426 1199 4478 ΠΕΥΣΙΣ
1230 4424 1356 4481 ΞΗ’.

443 4517 555 4570 Kal
580 4516 833 4588 ἀνωτέρω
865 4517 965 4587 ήδη
1012 4516 1315 4586 ὲδεήθημέν
1351 4533 1445 4569 σου
1476 4517 1549 4589 μὴ
1577 4516 1653 4582 ῶς
1682 4518 1943 4581 ἀπίστους

370 4609 521 4679 ἡμᾶς
559 4610 707 4678 σχεῖν
759 4607 1100 4679 ἐρωτῶντας,
1144 4606 1278 4659 ἁλλά
1327 4611 1444 4672 ταῖς
1472 4609 1695 4662 ἐκείνων
1743 4611 1947 4678 φωναῖς

374 4696 685 4770 χρωμένους
721 4696 873 4750 παοὰ
912 4696 1007 4749 σοῦ
1048 4696 1469 4767 οἰκοδομεῖσθαι.

981 4872 1346 4940 Ἀπόκρισις.

437 4965 554 5035 Καὶ
584 4963 729 5035 μάλα
765 4963 989 5025 εἰκότως
1010 4962 1146 5028 ἀξιῶ
1177 4962 1274 5034 τὴν
1306 4963 1579 5035 ὑμετέραν
1619 4964 1946 5033 ἀξιάγαστον

371 5062 667 5132 ἀγχίνοιαν,
703 5060 824 5130 μηδ’
865 5059 1001 5123 ὅλως
1051 5057 1371 5120 ὲπισκάζειν
1400 5058 1432 5128 ἢ
1466 5058 1727 5128 χωλεύειν
1751 5062 1820 5130 τῇ
1852 5059 1948 5130 βά-

371 5170 453 5206 σει
490 5153 590 5222 τῆς
621 5152 858 5215 διανοίας
891 5151 982 5204 ἐπὶ
1014 5150 1117 5220 τῆς
1142 5152 1420 5223 ἁτρεκίας.
1444 5152 1633 5223 Δῶμεν
1670 5156 1726 5208 δὲ
1764 5156 1947 5208 εἰκόνα

368 5244 449 5316 τῷ
473 5245 633 5314 λόγῳ,
646 5244 721 5307 ὡς
744 5244 1019 5315 ὑπερφυὲς
1033 5244 1133 5313 τῆς
1147 5244 1250 5314 γῆς
1264 5245 1324 5297 τὸ
1341 5244 1487 5315 ὑδωρ
1513 5246 1707 5299 ἑκατὸν
1730 5248 1943 5317 πήχεις·

370 5339 542 5411 φῆσαι
566 5339 621 5393 δὲ
646 5340 736 5393 τὸν
761 5338 911 5392 Θεόν·
938 5338 1257 5405 Γενηθήτω
1281 5337 1587 5407 στερέωμα
1605 5338 1723 5393 ἀνὰ
1750 5337 1946 5408 μέσον

368 5430 475 5484 τοῦ
538 5428 794 5494 ὕδατος,
827 5428 925 5482 καὶ
977 5428 1135 5482 ἔστω
1177 5426 1521 5497 διαχωρίζον
1565 5428 1683 5483 ἀνὰ
1747 5428 1944 5498 μέσον

368 5519 588 5586 ὕδατος
620 5519 718 5574 καὶ
764 5518 1008 5585 ὕδατος·
1036 5519 1277 5589 παγῆναι
1309 5520 1366 5572 δὲ
1406 5515 1561 5582 αὖθις
1590 5519 1942 5590 κρύσταλλον,

371 5613 464 5665 καὶ
511 5612 720 5683 ἀνέχειν
766 5611 828 5665 τὸ
880 5612 1052 5682 ἥμισυ
1095 5611 1206 5664 τῶν
1258 5611 1465 5665 ὑδάτων
1493 5629 1505 5641 ο
1551 5606 1663 5664 οἷον
1716 5611 1811 5664 ἐπὶ
1846 5613 1944 5683 τῆς

1772 366 2120 427 DIALOGUS
2159 370 2199 426 I.

3527 368 3631 422 οτι

2061 489 2290 553 scimus,
2338 487 2391 544 .d
2432 487 2577 559 quod
2624 486 2872 543 cernitur
2921 485 3201 542 solidioris
3230 500 3357 542 esse
3395 494 3628 549 naturae.

2054 596 2215 650 quam
2256 582 2369 636 sint
2402 580 2837 651 inaspectabilia.
2889 579 3068 635 Moses
3115 579 3388 649 siquidem
3428 579 3633 649 inquit,

2056 670 2121 726 In
2148 674 2405 742 principio
2436 672 2559 742 fecit
2595 671 2734 726 Deus
2758 672 2946 724 caelum
2974 681 3024 724 et
3056 680 3253 726 terram
3284 672 3349 724 ¹⁶.
3379 670 3481 743 llic
3502 686 3637 726 vero

2057 764 2275 818 ﬁrmum
2305 758 2446 819 illud~
2479 771 2766 828 memorat,
2803 761 2872 817 Et
2903 763 3043 816 dixit
3073 763 3209 818 Deus
3237 779 3259 818 :
3283 762 3409 818 Fiat
3440 765 3631 833 ﬁrma-

2054 866 2288 910 mentum
2321 857 2383 908 ".
2428 854 2494 910 Et
2531 855 2701 911 Isaias
2744 870 3001 910 asserens
3042 855 3260 910 illorum
3287 855 3509 926 quidem
3545 865 3631 911 te-

2053 947 2317 1001 nuitatem
2351 958 2406 1002 et
2435 947 2711 1001 lematem
2753 955 2985 1010 naturae,
3017 945 3182 1015 hujus
3222 962 3350 1000 vero
3387 947 3633 1001 solidita-

2054 1043 2162 1090 tem
2194 1044 2249 1090 et
2277 1036 2701 1090 crassitudinem
2743 1036 3015 1105 corporis,
3052 1035 3272 1105 inquit:
3311 1035 3417 1100 Qui
3446 1039 3635 1105 ﬁrma-

2054 1130 2125 1182 vit
2155 1128 2345 1181 cwlum
2374 1128 2533 1182 ueluti
2559 1126 2855 1195 fumumget
2887 1127 3117 1181 extendit
3156 1128 3328 1195 ipsum
3357 1127 3516 1182 veluti
3546 1138 3633 1181 ta-

2055 1218 2397 1273 bernaculum
2432 1219 2497 1272 ¹⁸.
2544 1218 2620 1273 De
2649 1233 2715 1274 eo
2742 1233 2872 1273 vero
2895 1219 3038 1288 quod
3085 1218 3351 1283 cernitur,
3405 1219 3586 1289 inquit
3616 1236 3630 1272 :

2056 1307 2163 1374 Qui
2204 1308 2325 1374 ﬁxit
2367 1306 2554 1362 mlum
2584 1309 2745 1361 veluti
2787 1324 3049 1362 cameram
3076 1309 3139 1363 ¹⁹.
3172 1307 3347 1362 Etiam
3375 1309 3550 1363 virum
3580 1318 3635 1364 et

2055 1399 2360 1464 mulierem,
2396 1398 2674 1456 hominem
2701 1401 2979 1470 appellare
3020 1400 3305 1455 consuevit
3351 1398 3635 1469 Scriptura

2055 1505 2250 1556 sacra;
2281 1506 2519 1561 cumque
2545 1492 2611 1546 sit
2642 1492 2831 1547 eadem
2858 1492 3167 1562 appellatio,
3195 1501 3375 1547 tamen
3402 1493 3492 1548 ille
3513 1494 3636 1562 qui-

2055 1581 2178 1635 dem
2224 1583 2487 1639 robustus
2517 1594 2571 1639 et
2601 1585 2666 1639 ad
2709 1586 2961 1653 graviora
3003 1587 3223 1640 ferenda
3254 1585 3470 1640 validus
3514 1595 3635 1650 est;

2054 1674 2171 1729 hrec
2198 1690 2328 1730 vero
2358 1675 2573 1729 mollior
2603 1682 2658 1730 et
2685 1675 2875 1739 levior,
2913 1686 3021 1730 tam
3053 1676 3433 1746 intelligentia.
3469 1690 3635 1744 quam

2054 1765 2324 1819 oratione.
2375 1764 2732 1834 Superiorum
2783 1765 2953 1835 igitur
2999 1766 3360 1820 substantiam
3413 1764 3636 1820 silentio

2056 1856 2396 1927 praeteriens,
2447 1867 2712 1925 quantum
2764 1857 2983 1927 assequi
3029 1872 3278 1927 possum,
3315 1857 3437 1925 ejus
3482 1857 3632 1926 quod

2053 1943 2299 1998 cernitur
2332 1951 2584 1996 naturam
2617 1945 2992 2015 crystallinam
3034 1947 3254 2016 inquam
3296 1961 3419 2001 esse
3443 1947 3630 2001 divino

2052 2044 2323 2104 pne-cepto
2358 2034 2519 2089 lixam
2554 2045 2608 2092 et
2642 2038 2978 2103 roboratam,
3015 2046 3076 2093 ut
3121 2039 3334 2093 facilius
3367 2037 3505 2093 I'erat
3547 2039 3634 2092 ul-

2053 2127 2438 2192 tramundana,
2484 2130 2738 2200 idemque
2771 2138 2976 2185 nostra:
3013 2130 3399 2188 crassitudinis
3438 2146 3635 2201 expers

2051 2232 2194 2273 esse.
2228 2218 2507 2290 Utrosque
2532 2236 2666 2276 vero
2695 2222 2868 2276 caelos
2897 2222 3158 2277 sustineri
3191 2222 3260 2277 ab
3288 2237 3353 2277 ea
3382 2237 3504 2293 quae
3526 2237 3638 2278 om-

2052 2308 2143 2362 nia
2168 2308 2342 2364 vincit
2371 2320 2425 2366 et
2458 2315 2718 2377 sustinet,
2755 2315 2941 2369 divina
2976 2314 3200 2371 virtute.

2462 2404 2980 2461 INTERIIOGATIO
3018 2405 3224 2462 LXVII.

2121 2493 2193 2547 At
2232 2494 2511 2564 quomodo
2559 2505 2737 2564 potest
2770 2497 3090 2568 crystallum
3136 2506 3357 2568 portare
3386 2505 3441 2553 et
3471 2510 3634 2567 sepa-

2053 2598 2178 2639 rare
2210 2586 2437 2640 multam
2470 2593 2524 2642 et
2556 2586 2825 2641 inﬁnitam
2866 2587 3011 2642 illam
3045 2590 3282 2659 aquam?

2690 2678 2994 2748 Responsio.

2122 2767 2225 2823 Per
2284 2768 2441 2823 Iidem
2500 2771 2833 2840 apprehendi
2880 2773 3133 2841 dogmata
3195 2770 3636 2828 Christianorum

2053 2861 2252 2920 solent.
2288 2861 2424 2916 Nam
2455 2863 2548 2917 ubi
2577 2864 2697 2917 vult
2727 2861 2890 2924 Deus,
2942 2862 3235 2932 subjicitur
3265 2871 3458 2917 natura
3497 2880 3637 2934 pra:-

2052 2960 2135 3008 ter
2159 2962 2410 3009 naturam
2441 2955 2706 3011 serviens.
2739 2953 2830 3009 Sic
2868 2970 3013 3026 aqua
3049 2958 3105 3009 in
3136 2956 3320 3009 vinum
3358 2966 3637 3012 converti-

2054 3059 2142 3103 tur
2169 3050 2223 3104 in
2254 3049 2405 3105 Cana
2431 3050 2705 3116 Galilatae;
2751 3051 2832 3105 sic
2867 3053 2922 3105 in
2965 3049 3201 3122 Egypto
3227 3053 3451 3106 rubrum
3481 3053 3635 3106 culo-

2056 3156 2171 3196 rem
2218 3141 2419 3212 accipit
2458 3140 2651 3208 Nilus;
2683 3143 2764 3198 sic
2799 3149 2998 3213 praeter
3031 3152 3286 3198 naturam
3321 3144 3496 3199 instar
3524 3154 3634 3199 ter-

2054 3248 2131 3287 rae
2172 3234 2502 3303 permeabile
2529 3233 2589 3287 ﬁt
2630 3248 2781 3289 mare
2815 3232 3090 3297 Rubrum,
3121 3234 3297 3289 instar
3347 3250 3631 3289 murorum

2053 3333 2331 3380 sectorum
2363 3325 2714 3380 constabilita
2743 3341 2908 3396 aqua,
2939 3337 2992 3380 et
3030 3327 3083 3379 in
3131 3326 3287 3380 arido
3323 3326 3491 3382 fundo
3520 3342 3632 3382 non

2053 3415 2307 3471 madente
2336 3417 2636 3486 pertransit
2677 3417 2935 3487 pijlus.
2970 3415 3055 3470 Sit
3084 3432 3215 3471 vero
3253 3418 3350 3472 tibi
3379 3419 3633 3474 incredu-

2052 3507 2226 3561 litatis
2255 3507 2549 3577 castigatio
2577 3524 2780 3563 exosus
2808 3506 2918 3561 Deo
2948 3506 3185 3569 Pharao,
3219 3508 3375 3579 aquis
3406 3511 3633 3566 marinis

2050 3597 2382 3662 immersus;
2414 3613 2538 3651 nam
2567 3598 2660 3667 qui
2687 3598 2837 3652 illum
2881 3598 2934 3651 in
2981 3598 3172 3653 eodem
3214 3600 3449 3652 transitu
3497 3600 3632 3654 sub-

2050 3704 2291 3744 mersum
2337 3690 2522 3745 obruit
2552 3690 2836 3756 ﬂuctibus,
2890 3690 3038 3745 idem
3083 3691 3213 3745 OIItll
3252 3693 3399 3746 velut
3435 3695 3627 3763 pellem

2050 3780 2291 3849 aliquam
2315 3781 2516 3835 ctelum
2538 3781 2806 3844 extendit,
2838 3796 3004 3851 supra
3030 3789 3231 3836 terram
3256 3782 3477 3852 quidem
3498 3798 3633 3838 con-

2047 3886 2244 3925 vexum
2273 3870 2450 3941 ipsum
2498 3872 2752 3937 elevans;
2794 3888 2958 3941 super
2989 3872 3247 3943 abyssum
3287 3881 3467 3928 autem
3506 3873 3631 3928 Iun—

2048 3961 2209 4025 dans,
2239 3962 2702 4030 quemadmodum
2746 3963 2909 4017 docet
2956 3962 3268 4017 divinorum
3320 3964 3627 4019 carminum

2048 4060 2276 4108 auctor:
2309 4050 2610 4107 Extendens
2637 4055 2825 4107 caelum
2854 4056 2989 4108 velut
3022 4053 3229 4122 pellem,
3278 4064 3448 4125 tegens
3478 4072 3630 4126 aqua

2046 4146 2321 4215 superiora
2357 4147 2470 4209 eius
2506 4147 2572 4199 '°.
2626 4148 2797 4217 Atque
2827 4147 2917 4201 hic
2939 4147 3087 4203 venit
3132 4148 3199 4201 ad
3250 4163 3374 4213 nos,
3425 4148 3629 4219 inquit,

2045 4239 2383 4308 temporibus
2411 4240 2674 4294 extremis
2703 4254 2923 4294 carnem
2970 4249 3216 4308 gestans,
3247 4248 3302 4295 et
3334 4239 3623 4297 humidum

2046 4329 2413 4401 instabileque
2445 4346 2596 4384 mare
2624 4330 2789 4384 siccis
2819 4329 3053 4398 pedibus
3083 4332 3385 4387 transiens.

2435 4418 2957 4477 INTERROGATIO
2995 4420 3228 4477 LXVIII.

2127 4514 2293 4584 Atqui
2322 4512 2437 4582 jam
2482 4523 2608 4568 ante
2640 4515 2695 4568 in
2730 4514 3165 4583 praecedentibus
3197 4516 3509 4586 rogavimus
3554 4524 3627 4580 te,

2052 4605 2145 4676 qui
2202 4623 2303 4661 nos
2338 4606 2563 4670 toleres,
2594 4605 2724 4659 dum
2754 4606 3183 4677 interrogamus,
3218 4622 3327 4661 non
3364 4614 3423 4660 ut
3454 4607 3631 4661 incre-

2050 4698 2185 4759 duli,
2222 4698 2316 4751 sed
2340 4698 2496 4766 quasi
2528 4698 2622 4766 qui
2649 4697 2879 4751 aliorum
2907 4698 3134 4754 vocibus
3165 4707 3401 4762 utentes,
3435 4714 3532 4769 per
3574 4706 3628 4754 te

2050 4789 2283 4842 velimus
2314 4788 2596 4843 azdilicari.

2685 4879 2969 4951 Responsio

2123 4969 2237 5041 Ego
2273 4987 2402 5026 vero
2432 4988 2540 5026 non
2573 4973 2672 5027 abs
2702 4987 2761 5027 re
2793 4984 3031 5028 veSIram
3063 4974 3317 5029 eximiam
3349 4974 3629 5030 subtilita-

2050 5072 2158 5117 tem
2182 5080 2300 5126 oro,
2327 5080 2394 5119 ne
2417 5065 2736 5119 claudicelis
2762 5080 2955 5135 gressu
2988 5068 3189 5123 mentis
3218 5070 3270 5121 in
3301 5083 3631 5139 cognoscen-

2048 5156 2115 5209 da
2148 5158 2401 5211 veritate.
2454 5156 2719 5213 Dabimus
2752 5166 2934 5211 autem
2974 5159 3125 5213 verbi
3156 5160 3328 5229 gratia
3371 5161 3628 5215 similitu-

2048 5247 2253 5312 dinem,
2283 5251 2441 5318 quasi
2479 5258 2697 5303 centum
2733 5249 2932 5305 cubitis
2968 5260 3169 5305 terram
3201 5252 3428 5307 excedat
3461 5270 3623 5325 aqua.

2048 5340 2185 5395 Cum
2222 5349 2403 5395 autem
2452 5342 2683 5396 dixisset
2730 5341 2875 5397 Deus
2912 5362 2926 5397 :
2970 5342 3099 5396 Fiat
3146 5346 3535 5412 ﬁrmamentum
3570 5347 3624 5399 in

2051 5432 2221 5486 medio
2273 5450 2445 5503 aquas,
2488 5445 2535 5488 et
2565 5432 2767 5486 dividat
2820 5434 2956 5487 inter
3002 5452 3194 5505 aquam
3238 5447 3286 5489 et
3317 5453 3507 5507 aquam
3553 5437 3621 5502 ¹¹,

2052 5525 2464 5578 constabilitum
2494 5540 2691 5579 rursus
2717 5523 2888 5577 fuisse
2919 5528 3259 5596 crystallum,
3286 5529 3432 5597 quod
3462 5527 3627 5583 dimi-

2052 5615 2201 5669 dium
2245 5631 2512 5686 aquarum
2560 5622 2849 5684 sustineat,
2890 5620 3350 5689 quemadmodum
3385 5623 3439 5677 in
3482 5623 3626 5677 vitro

442 5724 485 5757 “
522 5724 658 5780 Gen.
698 5742 735 5790 I,
769 5728 819 5779 I.
899 5728 941 5759 "'
982 5727 1115 5782 ibid.
1144 5726 1198 5782 6.
1277 5727 1319 5758 “'
1359 5725 1464 5782 lsa.
1495 5743 1582 5791 xc,
1611 5726 1707 5783 22.
1782 5728 1826 5760 "
1868 5728 2002 5786 ibid.
2078 5733 2123 5766 ²⁰
2161 5731 2307 5789 Psal.
2338 5747 2452 5800 cm,
2483 5734 2538 5792 2.
2614 5737 2659 5768 ¹¹
2701 5735 2835 5793 Gen.
2870 5753 2908 5805 t,
2945 5737 2997 5791 6.

444 5837 558 5913 (22)
596 5842 993 5912 Κουφότερον.
1023 5841 1185 5899 Forte
1215 5843 1537 5916 κουφότερα.
1563 5842 1719 5898 Eon.
