4112 6380
481 409 593 466 955

484 528 676 582 videre
702 532 810 591 est,
832 540 898 580 ex
930 539 1042 596 quo
1068 526 1212 583 alius
1241 526 1314 582 sit
1344 535 1633 596 separatus
1665 528 1807 582 calix
1840 526 1937 599 qui
1960 524 2076 579 dis-

484 627 680 675 cernat
732 619 1030 689 dupliciter
1056 618 1206 689 quod
1249 618 1494 675 infusum
1537 627 1643 676 est.
1670 618 1846 690 Major
1890 630 2074 677 autem

487 712 637 764 omni
669 711 906 764 humana
928 710 1266 783 cogitatione
1300 717 1386 765 est
1414 709 1826 766 absolutissime
1856 712 2077 783 sapiens

486 802 768 871 operatrix
799 801 893 856 illa
924 803 1010 856 vis
1034 801 1149 857 Dei.
1183 801 1574 859 Animadverte
1604 800 1735 859 vero
1765 804 2077 861 evidentius

482 894 798 963 exemplum
826 893 894 948 de
923 892 1294 958 ﬁrmamento,
1324 909 1434 947 non
1463 903 1581 948 arte
1608 896 1948 961 mortalium,
1981 898 2078 952 sed

483 986 674 1040 divino
699 985 934 1041 consilio
962 987 1356 1051 constitutum,
1391 994 1447 1042 et
1474 989 1635 1057 quasi
1666 988 1932 1066 doctrinae
1953 1004 2080 1060 gra-

484 1080 559 1133 tia
595 1066 754 1135 nobis
782 1079 1157 1149 propositum,
1188 1095 1359 1134 unum
1395 1095 1460 1133 ex
1491 1087 1730 1150 quatuor
1759 1079 2079 1137 ﬂuminibus

484 1171 555 1226 de
590 1172 835 1241 paradisi
865 1171 1018 1226 fonte
1049 1170 1371 1236 ﬂuentibus,
1401 1172 1548 1242 quod
1574 1170 1778 1227 Phison
1811 1188 1841 1226 a
1867 1173 2077 1228 doctri—

486 1277 556 1315 na
586 1270 797 1326 nostra,
832 1262 975 1332 apud
1011 1261 1234 1322 Graecos
1267 1276 1398 1316 vero
1429 1262 1587 1325 Ister,
1618 1262 1762 1334 apud
1801 1262 2080 1320 Romanos

487 1356 807 1419 Danubius,
839 1366 895 1410 et
928 1356 1071 1426 apud
1112 1355 1325 1411 Gothos
1368 1354 1613 1415 Dunabis
1641 1359 1984 1427 appellatur;
2031 1360 2076 1414 si

485 1447 665 1501 hieme
710 1447 967 1515 congelet
1016 1454 1071 1499 et
1122 1445 1177 1499 in
1230 1445 1501 1514 lapideam
1543 1447 1798 1501 duritiem
1837 1459 2081 1503 mutetur

485 1538 671 1593 mollis
702 1537 798 1592 illa
831 1537 1078 1592 ﬂuminis
1105 1546 1327 1599 natura,
1362 1548 1420 1591 ut
1444 1536 1586 1593 ferre
1614 1539 1789 1608 possit
1818 1539 2078 1595 inceden-

484 1641 572 1687 tes
617 1632 675 1685 in
714 1646 782 1686 eo
812 1640 1081 1694 armatos,
1115 1641 1170 1684 et
1209 1632 1278 1685 ad
1325 1628 1725 1697 Romanortlm,
1768 1633 2077 1704 Illyriorum

487 1727 877 1795 Thracumque
902 1724 1039 1780 lines
1069 1725 1486 1779 transeuntium
1526 1725 1961 1781 multitudinem.
1998 1725 2079 1780 Ita

487 1838 621 1878 sane
653 1821 816 1875 etiam
856 1819 992 1873 illud
1040 1819 1220 1888 ipsum
1259 1832 1341 1872 ex-
1363 1832 1505 1888 aqua
1549 1819 1851 1873 stabilitum
1895 1819 2079 1873 ﬁrma-

486 1919 755 1964 mentum.
790 1907 998 1963 Subtus
1020 1908 1242 1978 quidem
1272 1908 1502 1963 alluitur
1531 1909 1942 1965 snbterlabente
1971 1909 2077 1965 ﬂu-

487 2003 656 2063 mine,
704 2000 803 2054 sed
835 2012 1003 2068 supra
1037 2013 1096 2053 se
1139 1996 1245 2052 fert.
1287 2013 1492 2067 equum
1539 2008 1595 2054 et
1634 2008 1933 2068 vectorem,
1975 2000 2078 2054 ali-

486 2093 708 2162 quoties
737 2091 820 2160 (ut
851 2088 1117 2148 cernitur)
1148 2101 1378 2141 numero
1403 2086 1588 2142 decies
1613 2086 1781 2141 mille.
1805 2085 1893 2140 Fit.
1912 2088 2078 2142 etiam

487 2180 807 2253 aliquando,
860 2190 919 2233 ut
968 2179 1264 2248 asperitate
1318 2178 1513 2232 hiemis
1575 2177 1967 2242 invalescente,
2026 2186 2081 2233 et

488 2280 873 2346 perseverante
909 2270 1135 2342 frigore,
1163 2269 1461 2325 vehemens
1493 2284 1635 2339 aqua
1654 2286 1685 2324 e
1712 2271 1953 2325 nubibus
1986 2270 2082 2325 de-

486 2370 658 2439 pluat,
690 2376 744 2421 et
773 2381 870 2436 per
900 2365 1071 2419 valles
1102 2372 1195 2418 aut
1238 2362 1509 2416 montium
1541 2365 1799 2430 vertices,
1836 2371 1932 2418 aut
1964 2363 2081 2418 col-

486 2464 567 2518 les
615 2473 867 2520 manans,
927 2457 996 2511 ad
1052 2454 1297 2509 ﬂuminis
1355 2454 1760 2509 ﬁrmamentum
1815 2454 2077 2509 feratur:

485 2552 635 2625 quod
662 2551 994 2620 diremptum
1038 2557 1294 2618 respectu
1331 2547 1453 2616 ejus
1482 2547 1630 2617 quod
1669 2561 1907 2616 superne
1938 2547 2080 2614 ﬂuit,

486 2644 646 2715 quasi
674 2644 979 2711 intercepto
1009 2655 1072 2694 ex
1100 2640 1265 2710 aquis
1297 2638 1659 2701 ﬁrmamento,
1690 2640 1898 2708 absque
1931 2652 2083 2692 com-

487 2736 749 2792 mistione
772 2734 1210 2802 conlusioneque
1241 2739 1429 2785 manet
1453 2746 1577 2785 cum
1605 2747 1671 2786 eo
1701 2732 1845 2802 quod
1874 2733 2080 2787 subest.

486 2826 811 2883 Consimilia
860 2833 960 2895 per
988 2826 1187 2879 ‘nivem
1245 2824 1531 2886 discimus,
1577 2838 1699 2893 qua:
1745 2823 2016 2893 excipitur
2052 2838 2083 2875 a

486 2917 835 2972 ﬁrmamento
864 2915 933 2969 de
962 2929 1072 2985 quo
1103 2913 1361 2978 dicimus,
1398 2913 1473 2966 ita
1509 2921 1569 2966 ut
1602 2914 1674 2967 sit
1706 2912 1884 2982 ipsum
1915 2915 2084 2968 inter-

487 3008 729 3062 medium
753 3015 969 3076 septum
998 3006 1401 3077 crystallinnm,
1435 3020 1697 3074 separatis
1721 3005 1863 3058 inter
1886 3019 2082 3074 aquam

486 3108 545 3154 et
579 3113 799 3170 aquam,
834 3098 1010 3153 instar
1043 3096 1286 3153 ctelestis
1322 3097 1644 3151 ﬁrmamenti
1676 3096 1744 3150 ab
1772 3096 2005 3152 infernis
2031 3106 2086 3153 et

486 3193 851 3249 terrestribus
882 3205 1119 3261 superna
1164 3197 1220 3244 et
1252 3188 1673 3242 ultramundana
1698 3190 2084 3243 disc-eruentis.

489 3288 627 3343 Dico
677 3295 866 3342 autem
926 3284 1156 3339 inﬁnitis
1212 3283 1390 3336 modis
1431 3280 1653 3342 fortius,
1695 3295 1859 3350 quam
1908 3280 2086 3336 hiems

488 3384 688 3453 possit,
722 3379 970 3433 divinum
1003 3375 1137 3431 illud
1170 3378 1489 3430 mandatum
1532 3374 1863 3430 stabilivisse
1907 3373 2086 3444 impo-

486 3475 659 3529 situm
693 3471 860 3542 capiti
892 3479 1083 3524 nostro
1120 3468 1545 3523 ﬁrmamentum.

912 3652 1438 3713 INTERROGATIO
1477 3653 1667 3710 LXIX.

562 3752 671 3809 Sed
701 3766 875 3824 quare
922 3758 1056 3805 sunt
1101 3764 1258 3819 aquae
1290 3748 1582 3818 superna?
1624 3754 1684 3802 nt
1713 3746 1913 3818 aliquis
1944 3746 2084 3803 han-

489 3847 619 3908 riat,
655 3854 750 3898 aut
777 3845 949 3907 bibat,
981 3851 1078 3897 aut
1112 3841 1351 3911 naviget,
1386 3852 1477 3895 aut
1506 3850 1694 3911 potum
1729 3839 1966 3910 praebeat
2007 3839 2086 3893 al-

489 3940 617 4005 teri,
649 3946 744 3993 aut
771 3952 1064 4010 quemnam
1095 3943 1321 4006 propter
1350 3933 1517 3987 alium
1548 3934 1713 3988 talem
1745 3932 1947 3986 usum?

610 4074 620 4084 .
1133 4025 1444 4095 Responsio.

562 4122 704 4189 Quia
726 4119 1046 4192 crystallum
1076 4133 1201 4173 esse
1232 4118 1342 4172 dixi
1374 4118 1803 4180 ﬁrmamentum,
1839 4124 2089 4187 reCeptu-

492 4229 616 4268 rum
647 4220 764 4268 erat
786 4213 1162 4281 sultjectorum
1202 4210 1557 4264 luminarium
1590 4209 1966 4291 Splendorem,
2000 4192 2088 4264 so-

493 4308 599 4362 lem
618 4308 839 4376 inquam
862 4312 917 4358 et
940 4306 1149 4365 lunam,
1180 4311 1234 4357 et
1261 4303 1529 4373 reliquum
1554 4311 1831 4356 astrorum
1857 4310 2086 4366 emtum,

493 4415 562 4453 ex
609 4398 732 4468 igne
769 4387 1022 4450 naturam
1062 4396 1376 4450 habentem.
1401 4393 1498 4461 ,Ne
1536 4395 1702 4465 igitur
1733 4396 1952 4449 illorum
1995 4411 2089 4449 ar-

491 4490 628 4544 dore
659 4487 1022 4543 resolveretur
1035 4488 1180 4555 quod
1209 4485 1374 4539 ﬁxum
1407 4494 1512 4548 est,
1537 4500 1635 4556 per
1664 4484 1717 4539 id
1747 4486 1816 4541 ab
1848 4485 1939 4540 illo
1969 4485 2088 4540 dis-

495 4578 675 4633 crevit
708 4576 980 4630 inﬁnitam
1029 4577 1177 4629 illam
1205 4590 1431 4646 .aquam,
1461 4577 1627 4631 veluti
1655 4578 1889 4647 positam
1922 4592 2090 4647 super

496 4671 757 4725 humeros
784 4670 906 4738 ejus
938 4667 1006 4722 ad
1039 4666 1467 4738 refrigerandum
1500 4666 2006 4730 inﬂammatiOnem,
2036 4676 2090 4722 et

495 4765 563 4818 ad
598 4762 945 4832 levigandam
980 4761 1343 4825 rotationem,
1380 4761 1550 4814 utilla
1587 4760 1913 4816 humiditate
1946 4777 2093 4817 cras-

495 4860 613 4913 sius
652 4856 925 4911 redditum
954 4855 1216 4909 resistere
1250 4855 1423 4924 possit
1454 4855 1561 4924 igni
1603 4855 1981 4911 luminarium.

924 4946 1452 5003 INTERROGATIO
1490 4946 1657 5003 LXX.

566 5039 857 5108 Quomodo
873 5055 1006 5095 vero
1031 5040 1147 5094 ﬁeri
1171 5047 1353 5110 potest
1370 5048 1430 5092 ut
1458 5040 1662 5109 glacies
1706 5039 1927 5096 resistat
1954 5039 2089 5112 igni,

495 5150 619 5207 quae
642 5134 796 5188 nullo
836 5133 997 5187 modo
1030 5132 1138 5187 fert
1177 5132 1322 5204 ignis
1381 5132 1880 5201 propinquitatem,
1915 5149 2093 5204 neque

496 5241 697 5281 manus
726 5224 1253 5288 ‘contrectationem,
1300 5237 1483 5294 neque
1510 5222 1702 5278 auram
1745 5225 2091 5292 calidiorem,

496 5335 675 5391 neque
704 5327 762 5374 ut
786 5327 938 5374 veste
965 5327 1177 5389 tegatur
1210 5317 1233 5371 ‘.’

1137 5408 1458 5479 Responsio.

495 5510 498 5513 ’
569 5526 640 5579 At
672 5540 782 5580 non
806 5532 937 5579 sunt
962 5523 1054 5577 illa
1084 5522 1511 5578 ultramundana
1536 5531 1770 5579 terrenis
1791 5539 1888 5596 per
1910 5524 2096 5578 omnia

494 5638 892 5708 subjicienda;
931 5652 1058 5692 nam
1113 5638 1270 5692 aliter
1327 5652 1492 5707 quam
1546 5648 1646 5708 pro
1693 5647 1882 5692 nostra
1939 5638 2097 5691 inﬁr-

504 5753 715 5819 mitate,
751 5752 960 5806 divina-
1006 5753 1184 5807 virtus
1237 5751 1423 5806 omnia
1460 5752 1743 5822 dispensat
1781 5759 1946 5825 atque
1997 5768 2098 5825 gu-

576 5925 694 5999 (2'5)
741 5925 1081 5996 Ὑπερῤέον.
1104 5925 1267 5983 Forte
1296 5927 1584 5996 ὑπορρέον.
1622 5927 1779 5983 Eutr.
1882 5963 1887 5967 -

1561 412 1621 468 S.
1656 409 1961 468 CAESAR“
2002 407 2338 465 GREGORII
2377 407 2682 466 FBATRIS

3666 406 3774 466 956

2181 523 2344 577 ὑάλου
2392 522 2541 577 ἔστιν
2587 522 2848 595 ἀθρῆσαι,
2882 522 2942 590 ἐξ
2987 521 3162 594 αὑτῆς
3198 521 3417 594 ἐκείνην
3463 521 3777 597 διαπεφρα-

2178 616 2391 687 γμένην
2414 617 2514 685 τὴν
2543 615 2765 679 κύλικα,
2778 615 2873 669 καὶ
2889 614 3292 686 ἀποκρίνουσαν
3316 615 3480 685 διχῶς
3505 617 3567 671 τὸ
3587 619 3776 688 ἐκχεόο

2183 723 2364 778 μενον.
2417 706 2637 770 Μείζων
2687 706 2757 779 δὲ.
2785 707 3006 771 πάντως
3060 707 3410 789 ἀνθρωπίνης
3462 709 3705 773 ἐπινοίας
3735 711 3770 783 ἡ

2180 801 2460 869 πάνσοφος
2498 799 2595 853 τοῦ
2632 799 2769 853 Θεοῦ
2812 799 3086 872 δραστικὴ
3106 800 3358 872 δύναμις.
3407 802 3548 873 Ὅρα
3572 802 3630 855 δέ
3683 820 3776 875 μοι

2179 892 2575 965 ἐναργέστερον
2606 892 2913 962 ὑπόδειγμα
2948 894 3077 963 περὶ
3117 893 3213 946 τοῦ
3264 892 3669 967 στερεώματος,
3710 897 3774 949 οὑ

2176 980 2345 1054 τέχνῃ
2399 980 2634 1051 βροτῶν,
2663 981 2803 1034 ἀλλὰ
2840 981 2963 1053 θείᾳ
3004 981 3168 1054 βουλῇ
3216 983 3638 1055 συνιστάμενον,
3679 984 3777 1041 καὶ

2179 1076 2344 1127 οἱονεὶ
2382 1074 2754 1128 διδασκαλεῖον
2801 1077 2937 1146 ἡμῖν
2969 1077 3370 1148 προκείμενον,
3404 1077 3496 1130 τὸν
3533 1077 3630 1130 ἕνα
3667 1078 3777 1131 τῶν

2178 1166 2456 1237 τεττάρων
2489 1168 2555 1219 ἐκ
2580 1166 2681 1236 τῆς
2716 1168 2775 1220 ἐν
2820 1168 3136 1240 παραδείσῳ
3173 1171 3385 1240 κρήνης
3413 1170 3645 1240 ῥεόντων
3675 1186 3778 1223 πο-

2178 1257 2390 1328 ταμῶν,
2407 1257 2498 1311 τὸν
2521 1258 2769 1323 Φυσῶνα,
2793 1260 2946 1330 παρὰ
2980 1263 3046 1331 τῇ
3074 1260 3195 1314 καθ’
3224 1262 3373 1333 ἡμᾶς
3405 1262 3619 1332 Γραφῇ,
3646 1265 3784 1334 παρ’

2183 1352 2410 1423 Ἕλλησι
2459 1352 2518 1406 δὲ
2554 1349 2804 1422 Ἶστρον,
2840 1355 2993 1426 παρὰ
3037 1355 3095 1407 δὲ
3140 1356 3434 1426 Ῥωμαίοις
3461 1356 3777 1421 Λανούϐιον,

2182 1445 2335 1517 παρὰ
2361 1445 2417 1499 δὲ
2437 1445 2656 1511 Γότθοις
2676 1446 2940 1500 Δούναϐιν
2969 1448 3513 1520 προσαγορευόμενον
3532 1466 3546 1479 ο
3568 1449 3782 1519 χειμῶ-

2178 1549 2270 1597 νος
2287 1533 2659 1604 πηγνυμένου,
2688 1537 2784 1589 καὶ
2810 1537 2890 1599 είς
2915 1536 3115 1607 λιθώδη
3157 1538 3481 1591 ἀντιτυπίαν
3515 1538 3783 1608 μεθιστα-

2184 1627 2353 1696 μένης
2383 1626 2486 1695 τῆς
2519 1626 2771 1698 μαλακῆς
2797 1628 2894 1681 τοῦ
2928 1628 3147 1700 ῥείθρου
3190 1612 3428 1700 φύσεως,
3464 1631 3541 1694 ὡς
3575 1632 3696 1684 οἵαν
3715 1649 3782 1684 τε

2182 1721 2368 1793 φέρειν
2394 1720 2872 1792 ἐπιπορευομένων
2897 1722 3202 1794 πολεμίων,
3232 1713 3496 1795 καὶπρὸς
3519 1724 3590 1779 τὰ
3643 1726 3780 1779 Ῥω-

2190 1814 2388 1884 μαίων,
2423 1813 2657 1888 Ἰλλύριά
2695 1831 2757 1866 τε
2791 1815 2883 1868 καὶ
2916 1804 3346 1888 Θρᾲκεια’μέρη
3377 1817 3781 1893 διαφοιτώντων
3892 1823 3899 1831 “

2186 1906 2411 1976 πλῆθος.
2447 1905 2609 1961 Οὕτω
2648 1924 2732 1960 τοι
2765 1907 2860 1961 καὶ
2895 1908 2958 1961 τὸ
2986 1909 3119 1962 αὑτὸ
3160 1912 3227 1962 ἐκ
3251 1909 3345 1963 τοῦ
3383 1910 3570 1975 ὕδατος
3604 1912 3780 1980 παγὲν

2188 1996 2495 2069 στερέωμα,
2520 1996 2884 2060 ὑποκλύζεται
2920 1998 3020 2070 μὲν
3050 1998 3132 2070 τῷ
3170 2001 3524 2073 ὑποκριθέντι
3553 2003 3780 2074 ῥείθρῳ,

2186 2086 2516 2157 ὑπερστέγει
2557 2087 2603 2140 δ’
2633 2088 2798 2141 ἵππον
2824 2088 2920 2140 καὶ
2957 2089 3268 2162 ἀναϐάτην,
3302 2093 3362 2144 ἐν
3392 2091 3597 2162 χιλιάσι
3646 2094 3782 2147 δέκα

2188 2179 2451 2244 πολλάκις
2481 2174 2779 2251 ὁρώμενον.
2802 2183 2959 2236 Ἔστι
2980 2183 3037 2236 δὲ
3066 2185 3153 2238 ὅτε
3181 2183 3273 2237 καὶ
3296 2184 3393 2254 τῆς
3414 2184 3665 2255 ἀμειδίας
3686 2185 3782 2238 τοῦ
3844 2179 3850 2183 ’

2187 2272 2459 2342 χειμῶνος
2496 2274 2922 2346 ἐπικρατούσης,
2960 2277 3056 2330 καὶ
3104 2274 3199 2330 τοῦ
3244 2276 3448 2349 κρύους
3499 2279 3779 2349 μένοντος,

2188 2364 2388 2436 λάϐρον
2437 2365 2581 2439 ὓδωρ
2623 2360 2731 2420 ἀπὸ
2758 2368 2935 2437 νεφῶν
2959 2370 3209 2441 ὑόμενον,
3241 2372 3335 2424 καὶ
3361 2370 3449 2425 διὰ
3472 2372 3582 2424 τῶν
3610 2390 3784 2443 χαρα-

2188 2457 2333 2529 δρῶν
2361 2460 2395 2529 ἢ
2429 2460 2753 2531 άκρωρειῶν
2797 2463 2893 2514 καὶ
2945 2462 3240 2531 γεωλόφων
3277 2465 3661 2535 κατάρρηκτον
3687 2467 3785 2519 ἐπὶ

2188 2547 2284 2600 τοῦ
2343 2550 2612 2620 ποταμίου
2654 2550 3034 2622 περεὼματος
3068 2552 3351 2623 φέρεσθαι.
3400 2555 3580 2626 Ὅπερ
3610 2556 3784 2628 διειρ-

2189 2639 2424 2710 γόμενον
2446 2641 2583 2712 πρὸς
2604 2642 2665 2695 τὸ
2693 2643 2960 2715 ὑπερῤέον
2996 2643 3111 2714 (25)
3146 2640 3257 2700 οἷον
3299 2646 3676 2720 διαφράγματι
3701 2652 3786 2721 τῷ
3873 2642 3882 2648 ’

2192 2732 2252 2797 ἐξ
2278 2733 2486 2787 ὑδάτων
2514 2734 2860 2806 στερεώματι
2899 2737 3103 2807 ἀμιγὲς
3141 2737 3278 2802 τέως
3321 2741 3418 2792 καὶ
3451 2741 3786 2813 ἀσύγκριτον

2197 2826 2348 2899 μένει
2382 2829 2519 2900 πρὸς
2547 2828 2608 2882 τὸ
2649 2830 3032 2901 ὑποκείμενον.
3078 2830 3446 2904 Παραπλήσια
3482 2834 3542 2887 δὲ
3573 2838 3665 2889 καὶ
3691 2836 3785 2889 διὰ

2190 2917 2293 2987 τῆς
2316 2918 2494 2988 χιόνος
2540 2919 2931 2992 παιδευόμεθα,
2971 2922 3377 2994 ἐπιξενωμένης
3398 2923 3477 2995 τῷ
3506 2927 3788 2997 εἰρημένῳ

2196 3011 2573 3083 στερεώματι’
2614 3012 2755 3088 ὥστε
2786 3014 3054 3087 ὑπάρχειν
3111 3017 3242 3069 αὑτὸ
3297 3018 3639 3089 μεταίχμιον.
3665 3019 3786 3072 διά-

2195 3119 2428 3173 φραγμα
2484 3103 2841 3175 κρύσταλλον,
2881 3105 3204 3178 διαχωρίζον
3234 3109 3338 3163 ἀνά
3386 3109 3554 3180 μέσον
3594 3110 3790 3175 ὕδατος
3894 3134 3909 3144 ·

2194 3197 2288 3249 καὶ
2338 3197 2552 3260 ὓδατος,
2586 3197 2743 3268 δίκην
2798 3197 2895 3251 τοῦ
2944 3199 3200 3270 οὐρανίου
3242 3200 3645 3271 στερέωματος,
3676 3202 3793 3254 τῶν

2194 3287 2456 3355 ἐπιγείων
2498 3287 2568 3342 τά
2598 3289 2946 3361 ὑπερκόσμια
2991 3290 3378 3363 διακρίνοντος.
3427 3292 3795 3362 Ἀπειροπλω

2196 3379 2327 3442 σίως
2371 3378 2430 3431 δὲ
2474 3379 2568 3433 καὶ
2615 3380 3018 3454 ἀπαραϐλήτως
3062 3382 3330 3455 χειμῶνος
3361 3384 3424 3437 τὸ
3460 3384 3602 3437 θεῖον
3623 3386 3798 3457 πρόσ-

2192 3471 2381 3540 ταγμά
2427 3488 2570 3542 φημι
2613 3473 2980 3544 ἰσχυρότερον,
3023 3474 3204 3545 πῆξαν
3251 3474 3501 3550 τδὺπέρ
3546 3478 3798 3550 κεφαλῆς

2192 3565 2351 3635 ἡμῶν
2381 3580 2472 3616 στε
2482 3563 2687 3635 ρέωμα.

2191 3670 2198 3678 '
2800 3658 3051 3713 ΠΕΥΣΙΣ
3077 3658 3192 3715 ΞΘΩ

2265 3751 2378 3803 Καὶ
2409 3750 2561 3813 διατί,
2589 3751 2694 3822 ἄρα
2721 3760 2792 3812 τα
2829 3750 2942 3804 ἄνω
2974 3751 3178 3817 ὓδατας
3206 3752 3301 3828 ἵνα.
3326 3770 3412 3818 τις
3441 3754 3802 3832 ὑδρεύσηται,

2194 3841 2228 3912 ἢ
2259 3842 2357 3913 πίῃ
2379 3880 2393 3905 ,
2426 3840 2461 3911 ἦ
2507 3839 2738 3914 πλεύσῃ,
2774 3839 2808 3911 ἢ
2844 3839 3044 3914 ποτίσῃ
3085 3842 3226 3908 τινὰ,
3260 3842 3292 3914 ἢ
3327 3843 3466 3908 ὅλως
3506 3846 3595 3899 διὰ
3630 3848 3803 3903 ποίαν

2195 3935 2385 4007 χρείαν
2409 3954 2424 4001 ;

2812 4029 3181 4099 Ἀπόκρισις.

2280 4121 2433 4175 Ἐπεὶ¹
2463 4120 2797 4193 κρύσταλλον
2825 4121 3096 4194 ὑπάρχειν
3122 4122 3258 4193 ἔφην
3285 4122 3345 4176 τὸ
3369 4110 3680 4197 στερέωμα,
3700 4129 3808 4184 δέ-

2195 4215 2389 4286 χεσοαι
2442 4215 2676 4285 ἤμελλεν
2726 4214 2826 4287 τὴν
2880 4216 3285 4288 ὑπερκειμένην
3324 4217 3432 4270 τῶν
3484 4222 3806 4292 φωοτήρων

2196 4309 2567 4380 φρυκτωρίαν,
2603 4308 2755 4379 ἥλιόν
2802 4325 2987 4379 φημι,
3019 4310 3113 4362 καὶ
3146 4294 3376 4381 ἓελήνην
3406 4312 3500 4365 καὶ
3542 4312 3644 4385 τὴν
3689 4315 3809 4369 λοι-

2197 4399 2305 4470 πὴν
2322 4400 2432 4453 τῶν
2445 4400 2662 4470 ἄστρων
2677 4400 2974 4471 ὁμήγυριν,
2991 4400 3056 4452 ἐκ
3078 4398 3247 4470 πυρὸς
3265 4399 3365 4468 τὴν
3390 4398 3553 4467 φύσιν
3573 4400 3806 4471 ἔχοντα.
3898 4410 3921 4427 "
4024 4452 4038 4477 δ

2199 4489 2296 4542 "lv‘
2316 4485 2409 4542 οὖν
2439 4488 2513 4561 μὴ
2541 4486 2621 4558 τῷ
2652 4489 2878 4541 ἐκείνων
2912 4485 3134 4558 πυρετῷ
3157 4485 3397 4557 άναλυθῇ
3429 4486 3487 4540 τὸ
3516 4489 3804 4556 πεπηγὸς,

2195 4581 2264 4634 δι’
2309 4581 2474 4635 αὑτοῦ
2527 4580 2735 4634 ἐκείνου
2785 4580 3039 4651 ἀνέκρινε
3070 4578 3132 4632 τὸ
3182 4579 3374 4649 μυρίον
3430 4576 3609 4632 ἐκεῖνο
3649 4579 3809 4650 ὕδωρ

2195 4672 2337 4743 ὑπὲρ
2363 4673 2553 4735 νώτοις
2584 4671 2749 4726 αὑτοῦ
2778 4671 3114 4742 καταψύχειν
3145 4671 3239 4724 τὸν
3262 4670 3529 4740 φλογμὸν,
3565 4671 3665 4725 καὶ
3707 4673 3811 4723 ἐπ-

2197 4765 2439 4834 αλείφειν
2473 4764 2534 4817 τὸ
2577 4765 2762 4842 φέρον,
2801 4765 2950 4828 ὅπως
2993 4767 3059 4835 τῇ
3088 4759 3302 4843 ἐκεῖθεν
3347 4762 3510 4817 νοτίδι
3556 4766 3813 4834 παχυνό-

2200 4875 2359 4928 μενον
2389 4857 2636 4928 ἀντέχειν
2669 4856 2748 4926 τῴ
2771 4857 2903 4926 πυρὶ
2935 4856 3401 4930 τῶνφωστήρων.

2250 4973 2259 4982 ι
2797 4951 3049 5006 ΠΕΥΣΙΣ
3084 4954 3161 5006 0’.

2272 5041 2381 5096 Καὶ
2414 5040 2532 5104 πῶς
2550 5024 2784 5094 ’δυνατὸν
2817 5039 3152 5109 κρύσταλλον
3185 5041 3432 5111 ἀντέχειν
3469 5044 3625 5117 πυρὶ,
3658 5045 3816 5118 ὅπερ

2198 5136 2319 5189 οὑδὲ
2344 5136 2480 5198 ὅλως
2520 5135 2677 5207 φέρει
2709 5134 2987 5206 ἐγγύτητα
3028 5135 3232 5205 πυρὸς,
3266 5135 3385 5188 οὑδὲ
3412 5137 3597 5208 χειρὸς
3627 5138 3820 5208 ψηλά-

2200 5244 2366 5298 φησιν
2387 5267 2401 5293 ,
2434 5227 2555 5281 οὑδὲ
2586 5228 2755 5299 πνοὴν
2784 5224 3142 5299 θερμοτέραν,
3179 5227 3211 5298 ἢ
3252 5227 3508 5299 ἐπιϐολὴν
3539 5230 3775 5299 ἱματίου
3800 5247 3818 5298 ;

2813 5407 3176 5476 Ἀπόκρισις.

2291 5496 2429 5549 Ἀλλ’
2478 5499 2539 5551 οὑ
2584 5498 2689 5569 χρὴ
2727 5499 2798 5553 τὰ
2850 5499 3196 5570 ὑπερκόσμια
3224 5498 3528 5568 περιγείοις
3561 5496 3819 5553 καθόλου

2208 5592 2559 5665 ὑποϐάλλειν·
2594 5592 2945 5662 καταλλήλως
2997 5593 3105 5665 γὰρ
3146 5594 3213 5663 τῇ
3259 5592 3511 5664 ἡμετέρᾳ
3542 5590 3823 5665 ἀσθενείᾳ

2204 5684 2432 5754 δύναμις
2468 5664 2644 5739 πάντα
2697 5685 3130 5759 διῳκονόμηται,
3178 5688 3274 5741 καὶ
3311 5684 3667 5758 πρυτανεύει.
3719 5687 3822 5740 Ἐκ

2204 5776 2314 5831 τῶν
2342 5779 2471 5849 παρ’
2502 5781 2631 5850 ἡμῖν
2672 5780 2851 5835 τοίνυν
2890 5781 3155 5854 ἀμυδροῖς
3198 5778 3605 5851 παραδείγμασι
3868 5828 3873 5831 .
