  <div class='ocr_page' id='page_1' title='image "/cluster/home/n/w/nwhite01/storage/ocr_20150623/38/nnc1.0046978500/492.png"; bbox 0 0 4112 6380; ppageno 0'>
   <div class='ocr_carea' id='block_1_1' title="bbox 360 371 451 428">
    <p class='ocr_par' dir='ltr' id='par_1_1' title="bbox 360 371 451 428">
     <span class='ocr_line' id='line_1_1' title="bbox 360 371 451 428; baseline 0 0"><span class='ocrx_word' id='word_1_1' title='bbox 360 371 451 428; x_wconf 76' lang='lat'><strong>957</strong></span> 
     </span>
    </p>
   </div>
   <div class='ocr_carea' id='block_1_2' title="bbox 362 478 1929 558">
    <p class='ocr_par' dir='ltr' id='par_1_2' title="bbox 362 478 1929 558">
     <span class='ocr_line' id='line_1_2' title="bbox 362 478 1929 558; baseline -0.001 -19"><span class='ocrx_word' id='word_1_2' title='bbox 362 502 498 558; x_wconf 72' lang='grc' dir='ltr'>μενοι</span> <span class='ocrx_word' id='word_1_3' title='bbox 522 526 537 550; x_wconf 88' lang='grc'><strong>,</strong></span> <span class='ocrx_word' id='word_1_4' title='bbox 573 482 754 556; x_wconf 81' lang='grc' dir='ltr'>φαμὲν</span> <span class='ocrx_word' id='word_1_5' title='bbox 800 482 874 557; x_wconf 25' lang='grc' dir='ltr'><strong>τὰ.</strong></span> <span class='ocrx_word' id='word_1_6' title='bbox 896 481 1289 555; x_wconf 81' lang='grc' dir='ltr'>ὑπερκείμενα,</span> <span class='ocrx_word' id='word_1_7' title='bbox 1322 478 1502 553; x_wconf 84' lang='grc' dir='ltr'>λύχνῳ</span> <span class='ocrx_word' id='word_1_8' title='bbox 1533 483 1845 556; x_wconf 80' lang='grc' dir='ltr'>μικροτάτῳ</span> <span class='ocrx_word' id='word_1_9' title='bbox 1869 483 1929 538; x_wconf 88' lang='grc' dir='ltr'><strong>ἐν</strong></span> 
     </span>
    </p>
   </div>
   <div class='ocr_carea' id='block_1_3' title="bbox 357 574 1927 649">
    <p class='ocr_par' dir='ltr' id='par_1_3' title="bbox 357 574 1927 649">
     <span class='ocr_line' id='line_1_3' title="bbox 357 574 1927 649; baseline 0 -17"><span class='ocrx_word' id='word_1_10' title='bbox 357 578 493 649; x_wconf 77' lang='grc' dir='ltr'>οίγίᾳ</span> <span class='ocrx_word' id='word_1_11' title='bbox 525 576 753 649; x_wconf 83' lang='grc' dir='ltr'>μεγίστῃ</span> <span class='ocrx_word' id='word_1_12' title='bbox 802 576 1058 647; x_wconf 81' lang='grc' dir='ltr'>φαίνοντα</span> <span class='ocrx_word' id='word_1_13' title='bbox 1110 574 1551 646; x_wconf 79' lang='grc' dir='ltr'>παραὸάλλοντες</span> <span class='ocrx_word' id='word_1_14' title='bbox 1583 576 1674 631; x_wconf 81' lang='grc' dir='ltr'>τὸν</span> <span class='ocrx_word' id='word_1_15' title='bbox 1703 576 1927 648; x_wconf 81' lang='grc' dir='ltr'><strong>βασιλέα</strong></span> 
     </span>
    </p>
   </div>
   <div class='ocr_carea' id='block_1_4' title="bbox 357 666 1929 741">
    <p class='ocr_par' dir='ltr' id='par_1_4' title="bbox 357 666 1929 741">
     <span class='ocr_line' id='line_1_4' title="bbox 357 666 1929 741; baseline 0.001 -20"><span class='ocrx_word' id='word_1_16' title='bbox 357 667 453 722; x_wconf 86' lang='grc' dir='ltr'><strong>τῶν</strong></span> <span class='ocrx_word' id='word_1_17' title='bbox 488 668 792 739; x_wconf 87' lang='grc' dir='ltr'>φωστήρων</span> <span class='ocrx_word' id='word_1_18' title='bbox 817 667 966 738; x_wconf 77' lang='grc' dir='ltr'>ἥλιον</span> <span class='ocrx_word' id='word_1_19' title='bbox 991 707 1006 732; x_wconf 88' lang='grc'><strong>,</strong></span> <span class='ocrx_word' id='word_1_20' title='bbox 1047 666 1279 740; x_wconf 58' lang='lat' dir='ltr'><strong>node-rb</strong></span> <span class='ocrx_word' id='word_1_21' title='bbox 1325 667 1575 738; x_wconf 86' lang='grc' dir='ltr'>οὐράνιον</span> <span class='ocrx_word' id='word_1_22' title='bbox 1606 669 1765 741; x_wconf 83' lang='grc' dir='ltr'>σῶμα</span> <span class='ocrx_word' id='word_1_23' title='bbox 1800 687 1929 739; x_wconf 84' lang='grc' dir='ltr'>συγ-</span> 
     </span>
    </p>
   </div>
   <div class='ocr_carea' id='block_1_5' title="bbox 358 748 1929 835">
    <p class='ocr_par' dir='ltr' id='par_1_5' title="bbox 358 748 1929 835">
     <span class='ocr_line' id='line_1_5' title="bbox 358 748 1929 835; baseline 0.001 -20"><span class='ocrx_word' id='word_1_24' title='bbox 358 748 671 833; x_wconf 76' lang='grc' dir='ltr'>κρινόμενον</span> <span class='ocrx_word' id='word_1_25' title='bbox 680 776 693 789; x_wconf 73' lang='grc' dir='ltr'><strong>ο</strong></span> <span class='ocrx_word' id='word_1_26' title='bbox 729 759 822 813; x_wconf 74' lang='grc' dir='ltr'>καὶ</span> <span class='ocrx_word' id='word_1_27' title='bbox 849 758 1035 831; x_wconf 82' lang='grc' dir='ltr'>ὥσπερ</span> <span class='ocrx_word' id='word_1_28' title='bbox 1075 763 1133 814; x_wconf 87' lang='grc' dir='ltr'><strong>ἐν</strong></span> <span class='ocrx_word' id='word_1_29' title='bbox 1163 760 1334 830; x_wconf 81' lang='grc' dir='ltr'>δίσκῳ</span> <span class='ocrx_word' id='word_1_30' title='bbox 1372 761 1718 832; x_wconf 79' lang='grc' dir='ltr'><strong>παμμεγέθει</strong></span> <span class='ocrx_word' id='word_1_31' title='bbox 1745 802 1761 827; x_wconf 86' lang='grc'><strong>,</strong></span> <span class='ocrx_word' id='word_1_32' title='bbox 1793 763 1929 835; x_wconf 87' lang='grc' dir='ltr'>βρα-</span> 
     </span>
    </p>
   </div>
   <div class='ocr_carea' id='block_1_6' title="bbox 284 849 1931 924">
    <p class='ocr_par' dir='ltr' id='par_1_6' title="bbox 284 849 1931 924">
     <span class='ocr_line' id='line_1_6' title="bbox 284 849 1931 924; baseline 0.002 -20"><span class='ocrx_word' id='word_1_33' title='bbox 284 855 306 883; x_wconf 89' lang='lat'><em>’</em></span> <span class='ocrx_word' id='word_1_34' title='bbox 359 852 446 922; x_wconf 86' lang='grc' dir='ltr'>χὺν</span> <span class='ocrx_word' id='word_1_35' title='bbox 475 849 722 921; x_wconf 82' lang='grc' dir='ltr'>ἄνθρακά</span> <span class='ocrx_word' id='word_1_36' title='bbox 741 869 825 914; x_wconf 91' lang='grc' dir='ltr'><strong>τις</strong></span> <span class='ocrx_word' id='word_1_37' title='bbox 854 851 1177 922; x_wconf 78' lang='grc' dir='ltr'><strong>ἐπιθέμενος</strong></span> <span class='ocrx_word' id='word_1_38' title='bbox 1202 892 1215 913; x_wconf 82' lang='grc'><strong>,</strong></span> <span class='ocrx_word' id='word_1_39' title='bbox 1255 852 1288 923; x_wconf 86' lang='grc' dir='ltr'>ἢ</span> <span class='ocrx_word' id='word_1_40' title='bbox 1320 851 1513 924; x_wconf 85' lang='grc' dir='ltr'>λύχνον</span> <span class='ocrx_word' id='word_1_41' title='bbox 1539 853 1837 921; x_wconf 81' lang='grc' dir='ltr'>ὑποκαίων,</span> <span class='ocrx_word' id='word_1_42' title='bbox 1869 853 1931 907; x_wconf 86' lang='grc' dir='ltr'>οὐ</span> 
     </span>
    </p>
   </div>
   <div class='ocr_carea' id='block_1_7' title="bbox 363 941 1933 1019">
    <p class='ocr_par' dir='ltr' id='par_1_7' title="bbox 363 941 1933 1019">
     <span class='ocr_line' id='line_1_7' title="bbox 363 941 1933 1019; baseline 0.004 -25"><span class='ocrx_word' id='word_1_43' title='bbox 363 942 511 1012; x_wconf 89' lang='grc' dir='ltr'>μόνον</span> <span class='ocrx_word' id='word_1_44' title='bbox 558 941 767 1019; x_wconf 32' lang='grc' dir='ltr'>φλέξας-</span> <span class='ocrx_word' id='word_1_45' title='bbox 804 941 837 1012; x_wconf 77' lang='grc' dir='ltr'>ἢ</span> <span class='ocrx_word' id='word_1_46' title='bbox 888 943 1169 1012; x_wconf 85' lang='grc' dir='ltr'>χωνεύσας</span> <span class='ocrx_word' id='word_1_47' title='bbox 1196 944 1309 1015; x_wconf 74' lang='grc'>(24)</span> <span class='ocrx_word' id='word_1_48' title='bbox 1356 945 1419 999; x_wconf 80' lang='grc' dir='ltr'>τὸ</span> <span class='ocrx_word' id='word_1_49' title='bbox 1448 945 1809 1016; x_wconf 86' lang='grc' dir='ltr'>ὑποκείμενον</span> <span class='ocrx_word' id='word_1_50' title='bbox 1836 947 1933 1019; x_wconf 87' lang='grc' dir='ltr'>οὺχ</span> 
     </span>
    </p>
   </div>
   <div class='ocr_carea' id='block_1_8' title="bbox 358 1016 1932 1111">
    <p class='ocr_par' dir='ltr' id='par_1_8' title="bbox 358 1016 1932 1111">
     <span class='ocr_line' id='line_1_8' title="bbox 358 1016 1932 1111; baseline 0.005 -25"><span class='ocrx_word' id='word_1_51' title='bbox 358 1027 456 1097; x_wconf 72' lang='grc' dir='ltr'>οἷός</span> <span class='ocrx_word' id='word_1_52' title='bbox 481 1050 540 1087; x_wconf 91' lang='grc' dir='ltr'><strong>τε</strong></span> <span class='ocrx_word' id='word_1_53' title='bbox 569 1032 653 1104; x_wconf 71' lang='grc' dir='ltr'>ειη</span> <span class='ocrx_word' id='word_1_54' title='bbox 675 1074 690 1098; x_wconf 92' lang='grc'><strong>,</strong></span> <span class='ocrx_word' id='word_1_55' title='bbox 717 1016 854 1088; x_wconf 79' lang='grc' dir='ltr'>ἀλλὰ</span> <span class='ocrx_word' id='word_1_56' title='bbox 877 1035 999 1088; x_wconf 86' lang='grc' dir='ltr'>οὑδέ</span> <span class='ocrx_word' id='word_1_57' title='bbox 1031 1034 1300 1107; x_wconf 82' lang='grc' dir='ltr'>θερμᾶναι</span> <span class='ocrx_word' id='word_1_58' title='bbox 1329 1037 1391 1091; x_wconf 86' lang='grc' dir='ltr'>τὸ</span> <span class='ocrx_word' id='word_1_59' title='bbox 1417 1037 1610 1102; x_wconf 84' lang='grc' dir='ltr'>σκεῦος</span> <span class='ocrx_word' id='word_1_60' title='bbox 1644 1016 1932 1111; x_wconf 57' lang='grc' dir='ltr'>ίσχύσειενξ</span> 
     </span>
    </p>
   </div>
   <div class='ocr_carea' id='block_1_9' title="bbox 322 1096 1936 1205">
    <p class='ocr_par' dir='ltr' id='par_1_9' title="bbox 322 1096 1936 1205">
     <span class='ocr_line' id='line_1_9' title="bbox 322 1096 1936 1205; baseline 0.003 -23"><span class='ocrx_word' id='word_1_61' title='bbox 322 1096 474 1191; x_wconf 46' lang='grc' dir='ltr'>[Πῶς</span> <span class='ocrx_word' id='word_1_62' title='bbox 499 1123 590 1181; x_wconf 81' lang='grc' dir='ltr'>οὖν</span> <span class='ocrx_word' id='word_1_63' title='bbox 632 1096 825 1198; x_wconf 83' lang='grc' dir='ltr'>λύχνος</span> <span class='ocrx_word' id='word_1_64' title='bbox 852 1096 1106 1200; x_wconf 43' lang='grc' dir='ltr'>ἀμυδρὸςι</span> <span class='ocrx_word' id='word_1_65' title='bbox 1134 1096 1429 1201; x_wconf 73' lang='grc' dir='ltr'>δυνήσεται</span> <span class='ocrx_word' id='word_1_66' title='bbox 1482 1096 1731 1186; x_wconf 53' lang='grc' dir='ltr'>ἄϐυσσος</span> <span class='ocrx_word' id='word_1_67' title='bbox 1759 1151 1936 1205; x_wconf 83' lang='grc' dir='ltr'>πεπη-</span> 
     </span>
    </p>
   </div>
   <div class='ocr_carea' id='block_1_10' title="bbox 358 1218 1933 1290">
    <p class='ocr_par' dir='ltr' id='par_1_10' title="bbox 358 1218 1933 1290">
     <span class='ocr_line' id='line_1_10' title="bbox 358 1218 1933 1290; baseline 0.003 -18"><span class='ocrx_word' id='word_1_68' title='bbox 358 1221 509 1290; x_wconf 74' lang='grc' dir='ltr'>γυῖαν</span> <span class='ocrx_word' id='word_1_69' title='bbox 550 1218 710 1272; x_wconf 85' lang='grc' dir='ltr'>λῦσαι</span> <span class='ocrx_word' id='word_1_70' title='bbox 745 1218 777 1289; x_wconf 80' lang='grc' dir='ltr'>ἢ</span> <span class='ocrx_word' id='word_1_71' title='bbox 812 1219 1193 1290; x_wconf 76' lang='grc' dir='ltr'>παραφλέξαις</span> <span class='ocrx_word' id='word_1_72' title='bbox 1228 1221 1358 1285; x_wconf 79' lang='grc' dir='ltr'>πότε</span> <span class='ocrx_word' id='word_1_73' title='bbox 1387 1221 1444 1275; x_wconf 86' lang='grc' dir='ltr'>δὲ</span> <span class='ocrx_word' id='word_1_74' title='bbox 1474 1221 1630 1289; x_wconf 79' lang='grc' dir='ltr'>κύλιξ</span> <span class='ocrx_word' id='word_1_75' title='bbox 1664 1222 1933 1289; x_wconf 80' lang='grc' dir='ltr'>άπτουσα,</span> 
     </span>
    </p>
   </div>
   <div class='ocr_carea' id='block_1_11' title="bbox 359 1308 1937 1386">
    <p class='ocr_par' dir='ltr' id='par_1_11' title="bbox 359 1308 1937 1386">
     <span class='ocr_line' id='line_1_11' title="bbox 359 1308 1937 1386; baseline 0.003 -22"><span class='ocrx_word' id='word_1_76' title='bbox 359 1311 439 1364; x_wconf 73' lang='grc' dir='ltr'><strong>οἷα</strong></span> <span class='ocrx_word' id='word_1_77' title='bbox 476 1326 535 1364; x_wconf 91' lang='grc' dir='ltr'><strong>τε</strong></span> <span class='ocrx_word' id='word_1_78' title='bbox 565 1308 800 1386; x_wconf 59' lang='grc' dir='ltr'>θραῦσρι</span> <span class='ocrx_word' id='word_1_79' title='bbox 843 1310 1112 1381; x_wconf 84' lang='grc' dir='ltr'>χειμῶνος</span> <span class='ocrx_word' id='word_1_80' title='bbox 1164 1312 1470 1383; x_wconf 80' lang='grc' dir='ltr'>κρυότητα,</span> <span class='ocrx_word' id='word_1_81' title='bbox 1507 1314 1937 1382; x_wconf 82' lang='grc' dir='ltr'><strong>φιλονεικοῦντος</strong></span> 
     </span>
    </p>
   </div>
   <div class='ocr_carea' id='block_1_12' title="bbox 362 1398 1936 1476">
    <p class='ocr_par' dir='ltr' id='par_1_12' title="bbox 362 1398 1936 1476">
     <span class='ocr_line' id='line_1_12' title="bbox 362 1398 1936 1476; baseline 0.002 -21"><span class='ocrx_word' id='word_1_82' title='bbox 362 1401 545 1455; x_wconf 80' lang='grc' dir='ltr'>σδέσαι</span> <span class='ocrx_word' id='word_1_83' title='bbox 583 1401 683 1473; x_wconf 82' lang='grc' dir='ltr'><strong>τὴν</strong></span> <span class='ocrx_word' id='word_1_84' title='bbox 707 1400 1000 1473; x_wconf 89' lang='grc' dir='ltr'>θρυαλλίδα</span> <span class='ocrx_word' id='word_1_85' title='bbox 1032 1401 1114 1473; x_wconf 83' lang='grc' dir='ltr'><strong>τῷ</strong></span> <span class='ocrx_word' id='word_1_86' title='bbox 1158 1398 1380 1474; x_wconf 77' lang='grc' dir='ltr'>παγετῷ</span> <span class='ocrx_word' id='word_1_87' title='bbox 1404 1444 1419 1466; x_wconf 89' lang='grc'><strong>,</strong></span> <span class='ocrx_word' id='word_1_88' title='bbox 1447 1406 1528 1468; x_wconf 77' lang='grc' dir='ltr'>εἰς</span> <span class='ocrx_word' id='word_1_89' title='bbox 1570 1404 1717 1459; x_wconf 86' lang='grc' dir='ltr'>λίθον</span> <span class='ocrx_word' id='word_1_90' title='bbox 1745 1406 1802 1459; x_wconf 90' lang='grc' dir='ltr'><strong>δέ</strong></span> <span class='ocrx_word' id='word_1_91' title='bbox 1838 1422 1936 1476; x_wconf 89' lang='grc' dir='ltr'>με-</span> 
     </span>
    </p>
   </div>
   <div class='ocr_carea' id='block_1_13' title="bbox 359 1493 1941 1569">
    <p class='ocr_par' dir='ltr' id='par_1_13' title="bbox 359 1493 1941 1569">
     <span class='ocr_line' id='line_1_13' title="bbox 359 1493 1941 1569; baseline 0.002 -20"><span class='ocrx_word' id='word_1_92' title='bbox 359 1493 671 1550; x_wconf 80' lang='grc' dir='ltr'>τατυπῶσαι</span> <span class='ocrx_word' id='word_1_93' title='bbox 692 1494 763 1548; x_wconf 82' lang='grc' dir='ltr'><strong>-τὸ</strong></span> <span class='ocrx_word' id='word_1_94' title='bbox 783 1494 1088 1566; x_wconf 78' lang='grc' dir='ltr'>ἐνυπάρχον</span> <span class='ocrx_word' id='word_1_95' title='bbox 1116 1494 1266 1566; x_wconf 78' lang='grc' dir='ltr'>ὕδωρ.</span> <span class='ocrx_word' id='word_1_96' title='bbox 1294 1497 1387 1550; x_wconf 80' lang='grc' dir='ltr'>καὶ</span> <span class='ocrx_word' id='word_1_97' title='bbox 1415 1496 1616 1562; x_wconf 73' lang='grc' dir='ltr'>ἔλαιον,</span> <span class='ocrx_word' id='word_1_98' title='bbox 1644 1498 1745 1569; x_wconf 81' lang='grc' dir='ltr'>τῆς</span> <span class='ocrx_word' id='word_1_99' title='bbox 1770 1498 1941 1569; x_wconf 80' lang='grc' dir='ltr'>ὑπερ-</span> 
     </span>
    </p>
   </div>
   <div class='ocr_carea' id='block_1_14' title="bbox 360 1584 1940 1661">
    <p class='ocr_par' dir='ltr' id='par_1_14' title="bbox 360 1584 1940 1661">
     <span class='ocr_line' id='line_1_14' title="bbox 360 1584 1940 1661; baseline 0.004 -24"><span class='ocrx_word' id='word_1_100' title='bbox 360 1584 515 1657; x_wconf 75' lang='grc' dir='ltr'>ϐολῆς</span> <span class='ocrx_word' id='word_1_101' title='bbox 539 1585 633 1639; x_wconf 77' lang='grc' dir='ltr'>τοῦ</span> <span class='ocrx_word' id='word_1_102' title='bbox 664 1584 865 1656; x_wconf 86' lang='grc' dir='ltr'>κρύους</span> <span class='ocrx_word' id='word_1_103' title='bbox 888 1584 988 1656; x_wconf 85' lang='grc' dir='ltr'>τὴν</span> <span class='ocrx_word' id='word_1_104' title='bbox 1020 1585 1279 1657; x_wconf 80' lang='grc' dir='ltr'>λαμπάδα</span> <span class='ocrx_word' id='word_1_105' title='bbox 1300 1588 1795 1661; x_wconf 84' lang='grc' dir='ltr'>άπομαράναντος;</span> <span class='ocrx_word' id='word_1_106' title='bbox 1820 1589 1940 1653; x_wconf 87' lang='grc' dir='ltr'><strong>πῶς</strong></span> 
     </span>
    </p>
   </div>
   <div class='ocr_carea' id='block_1_15' title="bbox 359 1675 1938 1751">
    <p class='ocr_par' dir='ltr' id='par_1_15' title="bbox 359 1675 1938 1751">
     <span class='ocr_line' id='line_1_15' title="bbox 359 1675 1938 1751; baseline 0.003 -21"><span class='ocrx_word' id='word_1_107' title='bbox 359 1675 412 1730; x_wconf 86' lang='grc' dir='ltr'>δὲ</span> <span class='ocrx_word' id='word_1_108' title='bbox 447 1676 595 1748; x_wconf 78' lang='grc' dir='ltr'>καὶὴ</span> <span class='ocrx_word' id='word_1_109' title='bbox 627 1675 888 1747; x_wconf 80' lang='grc' dir='ltr'>ἀμίαντος</span> <span class='ocrx_word' id='word_1_110' title='bbox 923 1677 1120 1747; x_wconf 84' lang='grc' dir='ltr'>βοτάνη</span> <span class='ocrx_word' id='word_1_111' title='bbox 1150 1716 1165 1740; x_wconf 90' lang='grc'><strong>,</strong></span> <span class='ocrx_word' id='word_1_112' title='bbox 1191 1677 1285 1732; x_wconf 77' lang='grc' dir='ltr'>καὶ</span> <span class='ocrx_word' id='word_1_113' title='bbox 1322 1677 1590 1747; x_wconf 79' lang='grc' dir='ltr'>άφλεκτος</span> <span class='ocrx_word' id='word_1_114' title='bbox 1620 1679 1797 1751; x_wconf 81' lang='grc' dir='ltr'>πάντη</span> <span class='ocrx_word' id='word_1_115' title='bbox 1824 1680 1938 1734; x_wconf 88' lang='grc' dir='ltr'>δια-</span> 
     </span>
    </p>
   </div>
   <div class='ocr_carea' id='block_1_16' title="bbox 363 1767 1934 1840">
    <p class='ocr_par' dir='ltr' id='par_1_16' title="bbox 363 1767 1934 1840">
     <span class='ocr_line' id='line_1_16' title="bbox 363 1767 1934 1840; baseline 0.004 -20"><span class='ocrx_word' id='word_1_116' title='bbox 363 1768 622 1838; x_wconf 82' lang='grc' dir='ltr'>μένουσα;</span> <span class='ocrx_word' id='word_1_117' title='bbox 678 1767 839 1821; x_wconf 81' lang='grc' dir='ltr'>Ἀλλὰ</span> <span class='ocrx_word' id='word_1_118' title='bbox 889 1769 982 1822; x_wconf 79' lang='grc' dir='ltr'>καὶ</span> <span class='ocrx_word' id='word_1_119' title='bbox 1042 1769 1428 1840; x_wconf 84' lang='grc' dir='ltr'>σαλαμάνδραν</span> <span class='ocrx_word' id='word_1_120' title='bbox 1494 1770 1632 1835; x_wconf 79' lang='grc' dir='ltr'>ζῶον</span> <span class='ocrx_word' id='word_1_121' title='bbox 1681 1772 1896 1836; x_wconf 84' lang='grc' dir='ltr'>εὐτελὲς</span> <span class='ocrx_word' id='word_1_122' title='bbox 1918 1812 1934 1838; x_wconf 91' lang='grc'><strong>,</strong></span> 
     </span>
    </p>
   </div>
   <div class='ocr_carea' id='block_1_17' title="bbox 360 1847 1938 1935">
    <p class='ocr_par' dir='ltr' id='par_1_17' title="bbox 360 1847 1938 1935">
     <span class='ocr_line' id='line_1_17' title="bbox 360 1847 1938 1935; baseline 0.004 -21"><span class='ocrx_word' id='word_1_123' title='bbox 360 1847 525 1932; x_wconf 81' lang='grc' dir='ltr'>πυρὸς</span> <span class='ocrx_word' id='word_1_124' title='bbox 553 1860 610 1913; x_wconf 84' lang='grc' dir='ltr'>δὲ</span> <span class='ocrx_word' id='word_1_125' title='bbox 642 1863 709 1931; x_wconf 82' lang='grc' dir='ltr'><strong>τῇ</strong></span> <span class='ocrx_word' id='word_1_126' title='bbox 742 1860 902 1929; x_wconf 82' lang='grc' dir='ltr'>φύσει</span> <span class='ocrx_word' id='word_1_127' title='bbox 929 1860 1205 1933; x_wconf 81' lang='grc' dir='ltr'>διαφέρον,</span> <span class='ocrx_word' id='word_1_128' title='bbox 1239 1859 1484 1932; x_wconf 74' lang='grc' dir='ltr'>ἔγνωμεν</span> <span class='ocrx_word' id='word_1_129' title='bbox 1516 1862 1607 1917; x_wconf 82' lang='grc' dir='ltr'><strong>διὰ</strong></span> <span class='ocrx_word' id='word_1_130' title='bbox 1639 1864 1813 1935; x_wconf 82' lang='grc' dir='ltr'><strong>μέσης</strong></span> <span class='ocrx_word' id='word_1_131' title='bbox 1838 1882 1938 1920; x_wconf 85' lang='grc' dir='ltr'>κα-</span> 
     </span>
    </p>
   </div>
   <div class='ocr_carea' id='block_1_18' title="bbox 362 1948 1938 2028">
    <p class='ocr_par' dir='ltr' id='par_1_18' title="bbox 362 1948 1938 2028">
     <span class='ocr_line' id='line_1_18' title="bbox 362 1948 1938 2028; baseline 0.003 -22"><span class='ocrx_word' id='word_1_132' title='bbox 362 1952 512 2025; x_wconf 89' lang='grc' dir='ltr'>μίνου</span> <span class='ocrx_word' id='word_1_133' title='bbox 551 1953 723 2023; x_wconf 84' lang='grc' dir='ltr'>πυρὸς</span> <span class='ocrx_word' id='word_1_134' title='bbox 749 1948 1032 2025; x_wconf 84' lang='grc' dir='ltr'>ἐνσκαῖρον</span> <span class='ocrx_word' id='word_1_135' title='bbox 1059 1992 1075 2019; x_wconf 88' lang='grc'><strong>,</strong></span> <span class='ocrx_word' id='word_1_136' title='bbox 1130 1952 1445 2018; x_wconf 73' lang='grc' dir='ltr'>διαδιδάζον</span> <span class='ocrx_word' id='word_1_137' title='bbox 1475 1972 1537 2009; x_wconf 87' lang='grc' dir='ltr'><strong>τε</strong></span> <span class='ocrx_word' id='word_1_138' title='bbox 1560 1996 1574 2021; x_wconf 91' lang='grc'><strong>,</strong></span> <span class='ocrx_word' id='word_1_139' title='bbox 1620 1958 1717 2011; x_wconf 73' lang='grc' dir='ltr'>καὶ</span> <span class='ocrx_word' id='word_1_140' title='bbox 1770 1957 1938 2028; x_wconf 80' lang='grc' dir='ltr'>μηδὲν</span> 
     </span>
    </p>
   </div>
   <div class='ocr_carea' id='block_1_19' title="bbox 360 2038 1965 2119">
    <p class='ocr_par' dir='ltr' id='par_1_19' title="bbox 360 2038 1965 2119">
     <span class='ocr_line' id='line_1_19' title="bbox 360 2038 1965 2119; baseline 0.004 -22"><span class='ocrx_word' id='word_1_141' title='bbox 360 2043 634 2108; x_wconf 85' lang='grc' dir='ltr'>παντελῶς</span> <span class='ocrx_word' id='word_1_142' title='bbox 666 2047 730 2097; x_wconf 87' lang='grc' dir='ltr'><strong>ἐκ</strong></span> <span class='ocrx_word' id='word_1_143' title='bbox 754 2046 851 2115; x_wconf 86' lang='grc' dir='ltr'>τῆς</span> <span class='ocrx_word' id='word_1_144' title='bbox 886 2046 948 2099; x_wconf 91' lang='grc' dir='ltr'><strong>λυ</strong></span> <span class='ocrx_word' id='word_1_145' title='bbox 958 2038 1225 2117; x_wconf 77' lang='grc' dir='ltr'>μαντικῆς</span> <span class='ocrx_word' id='word_1_146' title='bbox 1248 2046 1342 2101; x_wconf 79' lang='grc' dir='ltr'>τοῦ</span> <span class='ocrx_word' id='word_1_147' title='bbox 1366 2048 1538 2119; x_wconf 78' lang='grc' dir='ltr'>πυρὸς</span> <span class='ocrx_word' id='word_1_148' title='bbox 1563 2048 1778 2117; x_wconf 89' lang='grc' dir='ltr'>φύσεως</span> <span class='ocrx_word' id='word_1_149' title='bbox 1808 2052 1965 2104; x_wconf 85' lang='grc' dir='ltr'>ὑπο--</span> 
     </span>
    </p>
   </div>
   <div class='ocr_carea' id='block_1_20' title="bbox 362 2137 1940 2214">
    <p class='ocr_par' dir='ltr' id='par_1_20' title="bbox 362 2137 1940 2214">
     <span class='ocr_line' id='line_1_20' title="bbox 362 2137 1940 2214; baseline 0.004 -24"><span class='ocrx_word' id='word_1_150' title='bbox 362 2137 538 2208; x_wconf 80' lang='grc' dir='ltr'>μένον.</span> <span class='ocrx_word' id='word_1_151' title='bbox 570 2138 733 2191; x_wconf 78' lang='grc' dir='ltr'>Οὐδὲν</span> <span class='ocrx_word' id='word_1_152' title='bbox 760 2139 939 2191; x_wconf 82' lang='grc' dir='ltr'>τοίνυν</span> <span class='ocrx_word' id='word_1_153' title='bbox 958 2138 1124 2209; x_wconf 75' lang='grc' dir='ltr'>ἥλιος</span> <span class='ocrx_word' id='word_1_154' title='bbox 1154 2140 1565 2211; x_wconf 78' lang='grc' dir='ltr'>παραϐλάψειεν</span> <span class='ocrx_word' id='word_1_155' title='bbox 1596 2143 1687 2197; x_wconf 84' lang='grc' dir='ltr'>τὸν</span> <span class='ocrx_word' id='word_1_156' title='bbox 1712 2143 1940 2214; x_wconf 75' lang='grc' dir='ltr'>οὐρανὸν</span> 
     </span>
    </p>
   </div>
   <div class='ocr_carea' id='block_1_21' title="bbox 342 2224 1940 2304">
    <p class='ocr_par' dir='ltr' id='par_1_21' title="bbox 342 2224 1940 2304">
     <span class='ocr_line' id='line_1_21' title="bbox 342 2224 1940 2304; baseline 0.002 -20"><span class='ocrx_word' id='word_1_157' title='bbox 342 2228 599 2284; x_wconf 77' lang='grc' dir='ltr'>ύποθέων</span> <span class='ocrx_word' id='word_1_158' title='bbox 622 2247 635 2260; x_wconf 89' lang='grc'><strong>·</strong></span> <span class='ocrx_word' id='word_1_159' title='bbox 672 2224 733 2282; x_wconf 72' lang='grc' dir='ltr'><strong>οὗ</strong></span> <span class='ocrx_word' id='word_1_160' title='bbox 765 2229 863 2293; x_wconf 83' lang='grc' dir='ltr'><strong>τὰς</strong></span> <span class='ocrx_word' id='word_1_161' title='bbox 893 2229 1124 2294; x_wconf 77' lang='grc' dir='ltr'>ἑωθινὰς</span> <span class='ocrx_word' id='word_1_162' title='bbox 1151 2230 1416 2296; x_wconf 83' lang='grc' dir='ltr'>ἀνατολὰς</span> <span class='ocrx_word' id='word_1_163' title='bbox 1442 2233 1761 2304; x_wconf 82' lang='grc' dir='ltr'>διαγράφων</span> <span class='ocrx_word' id='word_1_164' title='bbox 1781 2236 1809 2287; x_wconf 85' lang='grc' dir='ltr'>ὁ</span> <span class='ocrx_word' id='word_1_165' title='bbox 1829 2234 1940 2287; x_wconf 87' lang='grc' dir='ltr'>τῶν</span> 
     </span>
    </p>
   </div>
   <div class='ocr_carea' id='block_1_22' title="bbox 360 2308 1941 2394">
    <p class='ocr_par' dir='ltr' id='par_1_22' title="bbox 360 2308 1941 2394">
     <span class='ocr_line' id='line_1_22' title="bbox 360 2308 1941 2394; baseline 0.003 -19"><span class='ocrx_word' id='word_1_166' title='bbox 360 2321 516 2376; x_wconf 83' lang='grc' dir='ltr'>θείων</span> <span class='ocrx_word' id='word_1_167' title='bbox 554 2322 789 2393; x_wconf 83' lang='grc' dir='ltr'>μελῳδὸς</span> <span class='ocrx_word' id='word_1_168' title='bbox 809 2361 823 2386; x_wconf 91' lang='grc'><strong>,</strong></span> <span class='ocrx_word' id='word_1_169' title='bbox 866 2321 1030 2394; x_wconf 86' lang='grc' dir='ltr'>φησίν</span> <span class='ocrx_word' id='word_1_170' title='bbox 1054 2308 1206 2377; x_wconf 42' lang='grc' dir='ltr'><strong>(Καὶ</strong></span> <span class='ocrx_word' id='word_1_171' title='bbox 1234 2323 1418 2390; x_wconf 84' lang='grc' dir='ltr'>αὐτὸς</span> <span class='ocrx_word' id='word_1_172' title='bbox 1446 2324 1526 2390; x_wconf 90' lang='grc' dir='ltr'>ὠς</span> <span class='ocrx_word' id='word_1_173' title='bbox 1548 2326 1809 2393; x_wconf 69' lang='grc' dir='ltr'>νυμφίος</span> <span class='ocrx_word' id='word_1_174' title='bbox 1844 2326 1941 2380; x_wconf 80' lang='grc' dir='ltr'><strong>ὲκ-</strong></span> 
     </span>
    </p>
   </div>
   <div class='ocr_carea' id='block_1_23' title="bbox 360 2415 1940 2486">
    <p class='ocr_par' dir='ltr' id='par_1_23' title="bbox 360 2415 1940 2486">
     <span class='ocr_line' id='line_1_23' title="bbox 360 2415 1940 2486; baseline 0.003 -19"><span class='ocrx_word' id='word_1_175' title='bbox 360 2415 759 2483; x_wconf 81' lang='grc' dir='ltr'>πορευόμενος</span> <span class='ocrx_word' id='word_1_176' title='bbox 783 2415 851 2468; x_wconf 84' lang='grc' dir='ltr'>ἐκ</span> <span class='ocrx_word' id='word_1_177' title='bbox 894 2415 1133 2469; x_wconf 75' lang='grc' dir='ltr'>παστοῦ</span> <span class='ocrx_word' id='word_1_178' title='bbox 1165 2416 1374 2478; x_wconf 83' lang='grc' dir='ltr'>αὐτοῦ,</span> <span class='ocrx_word' id='word_1_179' title='bbox 1398 2416 1827 2486; x_wconf 71' lang='grc' dir='ltr'>ἀγαλλιάσεται</span> <span class='ocrx_word' id='word_1_180' title='bbox 1859 2418 1940 2485; x_wconf 86' lang='grc' dir='ltr'>ὡς</span> 
     </span>
    </p>
   </div>
   <div class='ocr_carea' id='block_1_24' title="bbox 360 2506 1940 2579">
    <p class='ocr_par' dir='ltr' id='par_1_24' title="bbox 360 2506 1940 2579">
     <span class='ocr_line' id='line_1_24' title="bbox 360 2506 1940 2579; baseline 0.003 -20"><span class='ocrx_word' id='word_1_181' title='bbox 360 2507 528 2579; x_wconf 72' lang='grc' dir='ltr'>γίγας</span> <span class='ocrx_word' id='word_1_182' title='bbox 558 2506 804 2575; x_wconf 75' lang='grc' dir='ltr'>δραμεῖν</span> <span class='ocrx_word' id='word_1_183' title='bbox 856 2507 1001 2562; x_wconf 71' lang='grc' dir='ltr'><strong>ὁδὸν</strong></span> <span class='ocrx_word' id='word_1_184' title='bbox 1048 2509 1234 2563; x_wconf 84' lang='grc' dir='ltr'>αὑτοῦ</span> <span class='ocrx_word' id='word_1_185' title='bbox 1259 2548 1274 2570; x_wconf 85' lang='grc'><strong>,</strong></span> <span class='ocrx_word' id='word_1_186' title='bbox 1309 2510 1411 2564; x_wconf 83' lang='grc' dir='ltr'><strong>ἀπ’</strong></span> <span class='ocrx_word' id='word_1_187' title='bbox 1450 2508 1638 2578; x_wconf 77' lang='grc' dir='ltr'>ἄκρου</span> <span class='ocrx_word' id='word_1_188' title='bbox 1686 2508 1792 2563; x_wconf 87' lang='grc' dir='ltr'>τοῦ</span> <span class='ocrx_word' id='word_1_189' title='bbox 1838 2512 1940 2569; x_wconf 73' lang='grc' dir='ltr'><strong>οὐ·</strong></span> 
     </span>
    </p>
   </div>
   <div class='ocr_carea' id='block_1_25' title="bbox 353 2598 1936 2670">
    <p class='ocr_par' dir='ltr' id='par_1_25' title="bbox 353 2598 1936 2670">
     <span class='ocr_line' id='line_1_25' title="bbox 353 2598 1936 2670; baseline 0.003 -19"><span class='ocrx_word' id='word_1_190' title='bbox 353 2598 542 2668; x_wconf 73' lang='grc' dir='ltr'>ραν-οῦ</span> <span class='ocrx_word' id='word_1_191' title='bbox 569 2600 607 2667; x_wconf 75' lang='grc' dir='ltr'>ἡ</span> <span class='ocrx_word' id='word_1_192' title='bbox 633 2598 843 2667; x_wconf 74' lang='grc' dir='ltr'>ἔξοδος</span> <span class='ocrx_word' id='word_1_193' title='bbox 879 2600 1088 2654; x_wconf 85' lang='grc' dir='ltr'>αὐτοῦ.</span> <span class='ocrx_word' id='word_1_194' title='bbox 1133 2599 1264 2654; x_wconf 81' lang='grc' dir='ltr'>Ἰδοὺ</span> <span class='ocrx_word' id='word_1_195' title='bbox 1290 2640 1306 2665; x_wconf 93' lang='grc'><strong>,</strong></span> <span class='ocrx_word' id='word_1_196' title='bbox 1341 2600 1531 2670; x_wconf 81' lang='grc' dir='ltr'>ἀκρον</span> <span class='ocrx_word' id='word_1_197' title='bbox 1562 2602 1656 2655; x_wconf 76' lang='grc' dir='ltr'>καὶ</span> <span class='ocrx_word' id='word_1_198' title='bbox 1691 2600 1936 2670; x_wconf 76' lang='grc' dir='ltr'>ἔξοδος·</span> 
     </span>
    </p>
   </div>
   <div class='ocr_carea' id='block_1_26' title="bbox 357 2687 1943 2763">
    <p class='ocr_par' dir='ltr' id='par_1_26' title="bbox 357 2687 1943 2763">
     <span class='ocr_line' id='line_1_26' title="bbox 357 2687 1943 2763; baseline 0.004 -23"><span class='ocrx_word' id='word_1_199' title='bbox 357 2687 419 2740; x_wconf 84' lang='grc' dir='ltr'><strong>ού</strong></span> <span class='ocrx_word' id='word_1_200' title='bbox 460 2691 663 2759; x_wconf 79' lang='grc' dir='ltr'>σφαῖρα</span> <span class='ocrx_word' id='word_1_201' title='bbox 712 2689 767 2742; x_wconf 83' lang='grc' dir='ltr'>δὲ</span> <span class='ocrx_word' id='word_1_202' title='bbox 800 2690 893 2742; x_wconf 76' lang='grc' dir='ltr'><strong>καὶ</strong></span> <span class='ocrx_word' id='word_1_203' title='bbox 935 2689 1121 2754; x_wconf 78' lang='grc' dir='ltr'>ἄνοδος</span> <span class='ocrx_word' id='word_1_204' title='bbox 1167 2690 1451 2763; x_wconf 84' lang='grc' dir='ltr'>κυλιστικὴ</span> <span class='ocrx_word' id='word_1_205' title='bbox 1476 2732 1492 2757; x_wconf 89' lang='grc'><strong>,</strong></span> <span class='ocrx_word' id='word_1_206' title='bbox 1529 2692 1605 2754; x_wconf 85' lang='grc' dir='ltr'>ὡς</span> <span class='ocrx_word' id='word_1_207' title='bbox 1656 2692 1943 2756; x_wconf 82' lang='grc' dir='ltr'>δοκεῖτοῖς</span> 
     </span>
    </p>
   </div>
   <div class='ocr_carea' id='block_1_27' title="bbox 359 2780 1942 2855">
    <p class='ocr_par' dir='ltr' id='par_1_27' title="bbox 359 2780 1942 2855">
     <span class='ocr_line' id='line_1_27' title="bbox 359 2780 1942 2855; baseline 0.004 -24"><span class='ocrx_word' id='word_1_208' title='bbox 359 2780 715 2850; x_wconf 81' lang='grc' dir='ltr'>εἰκαιολόγοις</span> <span class='ocrx_word' id='word_1_209' title='bbox 745 2780 880 2853; x_wconf 69' lang='grc' dir='ltr'><strong>[Καὶ</strong></span> <span class='ocrx_word' id='word_1_210' title='bbox 917 2781 978 2834; x_wconf 87' lang='grc' dir='ltr'>τὸ</span> <span class='ocrx_word' id='word_1_211' title='bbox 1007 2782 1343 2854; x_wconf 70' lang='grc' dir='ltr'>κατάντημας</span> <span class='ocrx_word' id='word_1_212' title='bbox 1366 2782 1529 2836; x_wconf 86' lang='grc' dir='ltr'>αύτοῦ</span> <span class='ocrx_word' id='word_1_213' title='bbox 1551 2822 1567 2848; x_wconf 93' lang='grc'><strong>,</strong></span> <span class='ocrx_word' id='word_1_214' title='bbox 1596 2786 1772 2855; x_wconf 77' lang='grc' dir='ltr'>φησὶν</span> <span class='ocrx_word' id='word_1_215' title='bbox 1795 2827 1810 2851; x_wconf 86' lang='grc'><strong>,</strong></span> <span class='ocrx_word' id='word_1_216' title='bbox 1838 2785 1942 2849; x_wconf 80' lang='grc' dir='ltr'>ἓως</span> 
     </span>
    </p>
   </div>
   <div class='ocr_carea' id='block_1_28' title="bbox 358 2872 1943 2947">
    <p class='ocr_par' dir='ltr' id='par_1_28' title="bbox 358 2872 1943 2947">
     <span class='ocr_line' id='line_1_28' title="bbox 358 2872 1943 2947; baseline 0.003 -20"><span class='ocrx_word' id='word_1_217' title='bbox 358 2872 532 2944; x_wconf 81' lang='grc' dir='ltr'>άκρου</span> <span class='ocrx_word' id='word_1_218' title='bbox 566 2873 659 2927; x_wconf 83' lang='grc' dir='ltr'>τοῦ</span> <span class='ocrx_word' id='word_1_219' title='bbox 706 2874 938 2946; x_wconf 79' lang='grc' dir='ltr'>ούρανοῦ</span> <span class='ocrx_word' id='word_1_220' title='bbox 977 2874 1090 2946; x_wconf 69' lang='lat'><strong>(25)</strong></span> <span class='ocrx_word' id='word_1_221' title='bbox 1115 2874 1135 2947; x_wconf 93' lang='lat'>]</span> <span class='ocrx_word' id='word_1_222' title='bbox 1162 2892 1176 2907; x_wconf 89' lang='grc'><strong>·</strong></span> <span class='ocrx_word' id='word_1_223' title='bbox 1210 2877 1305 2929; x_wconf 77' lang='grc' dir='ltr'>καὶ</span> <span class='ocrx_word' id='word_1_224' title='bbox 1350 2876 1417 2929; x_wconf 85' lang='grc' dir='ltr'>τὸ</span> <span class='ocrx_word' id='word_1_225' title='bbox 1467 2876 1813 2947; x_wconf 72' lang='grc' dir='ltr'>κατάντηρα</span> <span class='ocrx_word' id='word_1_226' title='bbox 1847 2879 1943 2932; x_wconf 75' lang='grc' dir='ltr'>καὶ</span> 
     </span>
    </p>
   </div>
   <div class='ocr_carea' id='block_1_29' title="bbox 321 2965 1943 3041">
    <p class='ocr_par' dir='ltr' id='par_1_29' title="bbox 321 2965 1943 3041">
     <span class='ocr_line' id='line_1_29' title="bbox 321 2965 1943 3041; baseline 0.001 -21"><span class='ocrx_word' id='word_1_227' title='bbox 321 3004 325 3008; x_wconf 63' lang='grc' dir='ltr'><strong>ι</strong></span> <span class='ocrx_word' id='word_1_228' title='bbox 357 2965 568 3034; x_wconf 79' lang='grc' dir='ltr'>ἄκρον,</span> <span class='ocrx_word' id='word_1_229' title='bbox 599 2965 659 3019; x_wconf 87' lang='grc' dir='ltr'>οὑ</span> <span class='ocrx_word' id='word_1_230' title='bbox 690 2966 914 3031; x_wconf 83' lang='grc' dir='ltr'>κάθοδος</span> <span class='ocrx_word' id='word_1_231' title='bbox 944 2967 1038 3021; x_wconf 76' lang='grc' dir='ltr'>καὶ</span> <span class='ocrx_word' id='word_1_232' title='bbox 1066 2967 1343 3032; x_wconf 84' lang='grc' dir='ltr'>ύπόδυσις.</span> <span class='ocrx_word' id='word_1_233' title='bbox 1390 2967 1528 3021; x_wconf 85' lang='grc' dir='ltr'>Ἀλλ’</span> <span class='ocrx_word' id='word_1_234' title='bbox 1564 2968 1655 3021; x_wconf 76' lang='grc' dir='ltr'>ἐπὶ</span> <span class='ocrx_word' id='word_1_235' title='bbox 1683 2969 1780 3039; x_wconf 83' lang='grc' dir='ltr'>τὴν</span> <span class='ocrx_word' id='word_1_236' title='bbox 1807 2987 1943 3041; x_wconf 89' lang='grc' dir='ltr'>νυμ-</span> 
     </span>
    </p>
   </div>
   <div class='ocr_carea' id='block_1_30' title="bbox 359 3057 1942 3131">
    <p class='ocr_par' dir='ltr' id='par_1_30' title="bbox 359 3057 1942 3131">
     <span class='ocr_line' id='line_1_30' title="bbox 359 3057 1942 3131; baseline 0.003 -22"><span class='ocrx_word' id='word_1_237' title='bbox 359 3058 525 3128; x_wconf 84' lang='grc' dir='ltr'>φικὴν</span> <span class='ocrx_word' id='word_1_238' title='bbox 556 3057 866 3128; x_wconf 84' lang='grc' dir='ltr'>ὡραιότητα</span> <span class='ocrx_word' id='word_1_239' title='bbox 918 3058 1012 3111; x_wconf 77' lang='grc' dir='ltr'>τοῦ</span> <span class='ocrx_word' id='word_1_240' title='bbox 1068 3059 1358 3130; x_wconf 65' lang='grc' dir='ltr'>φωστῆρπ</span> <span class='ocrx_word' id='word_1_241' title='bbox 1420 3059 1608 3130; x_wconf 77' lang='grc' dir='ltr'>ἴωμεν.</span> <span class='ocrx_word' id='word_1_242' title='bbox 1640 3060 1779 3131; x_wconf 81' lang='grc' dir='ltr'><strong>Φησὶ</strong></span> <span class='ocrx_word' id='word_1_243' title='bbox 1832 3060 1942 3131; x_wconf 83' lang='grc' dir='ltr'>γὰρ</span> 
     </span>
    </p>
   </div>
   <div class='ocr_carea' id='block_1_31' title="bbox 359 3150 1942 3222">
    <p class='ocr_par' dir='ltr' id='par_1_31' title="bbox 359 3150 1942 3222">
     <span class='ocr_line' id='line_1_31' title="bbox 359 3150 1942 3222; baseline 0.001 -19"><span class='ocrx_word' id='word_1_244' title='bbox 359 3152 488 3222; x_wconf 73' lang='grc' dir='ltr'>περὶ</span> <span class='ocrx_word' id='word_1_245' title='bbox 514 3150 680 3205; x_wconf 68' lang='grc' dir='ltr'>αὑτοῦ</span> <span class='ocrx_word' id='word_1_246' title='bbox 712 3152 741 3202; x_wconf 85' lang='grc' dir='ltr'><strong>ό</strong></span> <span class='ocrx_word' id='word_1_247' title='bbox 766 3150 930 3203; x_wconf 73' lang='grc' dir='ltr'>Δαὸίδ</span> <span class='ocrx_word' id='word_1_248' title='bbox 957 3166 969 3179; x_wconf 84' lang='lat'><strong><em>°</em></strong></span> <span class='ocrx_word' id='word_1_249' title='bbox 1007 3151 1116 3205; x_wconf 82' lang='lat' dir='ltr'><strong>Kal</strong></span> <span class='ocrx_word' id='word_1_250' title='bbox 1151 3151 1335 3217; x_wconf 84' lang='grc' dir='ltr'>αὐτὸς</span> <span class='ocrx_word' id='word_1_251' title='bbox 1357 3152 1438 3217; x_wconf 88' lang='grc' dir='ltr'>ὠς</span> <span class='ocrx_word' id='word_1_252' title='bbox 1474 3152 1734 3220; x_wconf 77' lang='grc' dir='ltr'>νυμφίος</span> <span class='ocrx_word' id='word_1_253' title='bbox 1762 3151 1942 3205; x_wconf 79' lang='grc' dir='ltr'>ἐκπο-</span> 
     </span>
    </p>
   </div>
   <div class='ocr_carea' id='block_1_32' title="bbox 348 3240 1948 3314">
    <p class='ocr_par' dir='ltr' id='par_1_32' title="bbox 348 3240 1948 3314">
     <span class='ocr_line' id='line_1_32' title="bbox 348 3240 1948 3314; baseline -0.003 -16"><span class='ocrx_word' id='word_1_254' title='bbox 348 3244 680 3314; x_wconf 77' lang='grc' dir='ltr'>ρευόμενος</span> <span class='ocrx_word' id='word_1_255' title='bbox 704 3244 773 3298; x_wconf 80' lang='grc' dir='ltr'><strong>ἐκ</strong></span> <span class='ocrx_word' id='word_1_256' title='bbox 800 3243 1039 3297; x_wconf 78' lang='grc' dir='ltr'>παστοῦ</span> <span class='ocrx_word' id='word_1_257' title='bbox 1078 3242 1265 3297; x_wconf 83' lang='grc' dir='ltr'>αὑτοῦ</span> <span class='ocrx_word' id='word_1_258' title='bbox 1290 3259 1305 3273; x_wconf 80' lang='grc' dir='ltr'><strong>ο</strong></span> <span class='ocrx_word' id='word_1_259' title='bbox 1336 3241 1397 3294; x_wconf 87' lang='grc' dir='ltr'>τὸ</span> <span class='ocrx_word' id='word_1_260' title='bbox 1432 3242 1779 3314; x_wconf 80' lang='grc' dir='ltr'>φαιδρὸν.καὶ</span> <span class='ocrx_word' id='word_1_261' title='bbox 1807 3240 1948 3312; x_wconf 86' lang='grc' dir='ltr'>σύμ-</span> 
     </span>
    </p>
   </div>
   <div class='ocr_carea' id='block_1_33' title="bbox 362 3334 1951 3408">
    <p class='ocr_par' dir='ltr' id='par_1_33' title="bbox 362 3334 1951 3408">
     <span class='ocr_line' id='line_1_33' title="bbox 362 3334 1951 3408; baseline -0.003 -18"><span class='ocrx_word' id='word_1_262' title='bbox 362 3355 557 3408; x_wconf 80' lang='grc' dir='ltr'>μετρον</span> <span class='ocrx_word' id='word_1_263' title='bbox 600 3337 699 3407; x_wconf 76' lang='grc' dir='ltr'>τῆς</span> <span class='ocrx_word' id='word_1_264' title='bbox 719 3336 946 3407; x_wconf 76' lang='grc' dir='ltr'>ἑωθινῆς</span> <span class='ocrx_word' id='word_1_265' title='bbox 976 3335 1142 3390; x_wconf 82' lang='grc' dir='ltr'>αὑτοῦ</span> <span class='ocrx_word' id='word_1_266' title='bbox 1184 3334 1361 3405; x_wconf 70' lang='grc' dir='ltr'>ὅψεως</span> <span class='ocrx_word' id='word_1_267' title='bbox 1390 3334 1693 3405; x_wconf 85' lang='grc' dir='ltr'>παριστῶν.</span> <span class='ocrx_word' id='word_1_268' title='bbox 1719 3335 1951 3404; x_wconf 81' lang='grc' dir='ltr'>Μεσημ-</span> 
     </span>
    </p>
   </div>
   <div class='ocr_carea' id='block_1_34' title="bbox 358 3425 1951 3500">
    <p class='ocr_par' dir='ltr' id='par_1_34' title="bbox 358 3425 1951 3500">
     <span class='ocr_line' id='line_1_34' title="bbox 358 3425 1951 3500; baseline -0.003 -18"><span class='ocrx_word' id='word_1_269' title='bbox 358 3429 544 3500; x_wconf 85' lang='grc' dir='ltr'>6ρινὸν</span> <span class='ocrx_word' id='word_1_270' title='bbox 573 3429 683 3497; x_wconf 80' lang='grc' dir='ltr'>γὰρ</span> <span class='ocrx_word' id='word_1_271' title='bbox 708 3428 873 3481; x_wconf 80' lang='grc' dir='ltr'>αὑτὸν</span> <span class='ocrx_word' id='word_1_272' title='bbox 904 3426 1259 3481; x_wconf 86' lang='grc' dir='ltr'>διιππεύοντα</span> <span class='ocrx_word' id='word_1_273' title='bbox 1284 3426 1375 3479; x_wconf 84' lang='grc' dir='ltr'>τὸν</span> <span class='ocrx_word' id='word_1_274' title='bbox 1405 3426 1655 3498; x_wconf 82' lang='grc' dir='ltr'>οὐρανὸν,</span> <span class='ocrx_word' id='word_1_275' title='bbox 1692 3425 1951 3488; x_wconf 85' lang='grc' dir='ltr'>πολλάκις</span> 
     </span>
    </p>
   </div>
   <div class='ocr_carea' id='block_1_35' title="bbox 358 3516 1948 3595">
    <p class='ocr_par' dir='ltr' id='par_1_35' title="bbox 358 3516 1948 3595">
     <span class='ocr_line' id='line_1_35' title="bbox 358 3516 1948 3595; baseline -0.004 -21"><span class='ocrx_word' id='word_1_276' title='bbox 358 3521 456 3575; x_wconf 77' lang='grc' dir='ltr'>καὶ</span> <span class='ocrx_word' id='word_1_277' title='bbox 478 3520 897 3591; x_wconf 83' lang='grc' dir='ltr'>ἀποδιδράσκειν</span> <span class='ocrx_word' id='word_1_278' title='bbox 924 3518 1267 3595; x_wconf 73' lang='grc' dir='ltr'>πειρώμεθα,</span> <span class='ocrx_word' id='word_1_279' title='bbox 1290 3518 1353 3571; x_wconf 84' lang='grc' dir='ltr'>τὸ</span> <span class='ocrx_word' id='word_1_280' title='bbox 1379 3517 1654 3587; x_wconf 81' lang='grc' dir='ltr'>φλογῶδες</span> <span class='ocrx_word' id='word_1_281' title='bbox 1678 3516 1843 3571; x_wconf 77' lang='grc' dir='ltr'>αὐτοῦ</span> <span class='ocrx_word' id='word_1_282' title='bbox 1871 3516 1948 3587; x_wconf 82' lang='grc' dir='ltr'>μὴ</span> 
     </span>
    </p>
   </div>
   <div class='ocr_carea' id='block_1_36' title="bbox 358 3600 1953 3684">
    <p class='ocr_par' dir='ltr' id='par_1_36' title="bbox 358 3600 1953 3684">
     <span class='ocr_line' id='line_1_36' title="bbox 358 3600 1953 3684; baseline -0.001 -20"><span class='ocrx_word' id='word_1_283' title='bbox 358 3612 621 3684; x_wconf 85' lang='grc' dir='ltr'>φέροντες</span> <span class='ocrx_word' id='word_1_284' title='bbox 645 3630 659 3643; x_wconf 88' lang='grc'><strong>·</strong></span> <span class='ocrx_word' id='word_1_285' title='bbox 694 3612 811 3683; x_wconf 83' lang='grc' dir='ltr'>ἆμα</span> <span class='ocrx_word' id='word_1_286' title='bbox 833 3612 888 3664; x_wconf 89' lang='grc' dir='ltr'>δὲ</span> <span class='ocrx_word' id='word_1_287' title='bbox 916 3610 1012 3665; x_wconf 80' lang='grc' dir='ltr'>τοῦ</span> <span class='ocrx_word' id='word_1_288' title='bbox 1035 3612 1300 3681; x_wconf 83' lang='grc' dir='ltr'>ἀνίσχειν,</span> <span class='ocrx_word' id='word_1_289' title='bbox 1328 3610 1562 3680; x_wconf 83' lang='grc' dir='ltr'>τερπνὸς</span> <span class='ocrx_word' id='word_1_290' title='bbox 1585 3600 1751 3663; x_wconf 80' lang='grc' dir='ltr'>πᾶσιν</span> <span class='ocrx_word' id='word_1_291' title='bbox 1783 3610 1953 3679; x_wconf 84' lang='grc' dir='ltr'>ὑπάρ-</span> 
     </span>
    </p>
   </div>
   <div class='ocr_carea' id='block_1_37' title="bbox 356 3699 1954 3776">
    <p class='ocr_par' dir='ltr' id='par_1_37' title="bbox 356 3699 1954 3776">
     <span class='ocr_line' id='line_1_37' title="bbox 356 3699 1954 3776; baseline -0.003 -18"><span class='ocrx_word' id='word_1_292' title='bbox 356 3721 478 3776; x_wconf 74' lang='grc' dir='ltr'>χειο</span> <span class='ocrx_word' id='word_1_293' title='bbox 512 3705 606 3758; x_wconf 79' lang='grc' dir='ltr'>καὶ</span> <span class='ocrx_word' id='word_1_294' title='bbox 648 3704 837 3775; x_wconf 78' lang='grc' dir='ltr'>ὥσπερ</span> <span class='ocrx_word' id='word_1_295' title='bbox 872 3703 1108 3774; x_wconf 84' lang='grc' dir='ltr'>νυμφίου</span> <span class='ocrx_word' id='word_1_296' title='bbox 1161 3703 1318 3774; x_wconf 87' lang='grc' dir='ltr'>δίκην</span> <span class='ocrx_word' id='word_1_297' title='bbox 1368 3700 1645 3774; x_wconf 83' lang='grc' dir='ltr'>ὁρώμενος</span> <span class='ocrx_word' id='word_1_298' title='bbox 1668 3742 1683 3765; x_wconf 92' lang='grc'><strong>,</strong></span> <span class='ocrx_word' id='word_1_299' title='bbox 1716 3701 1809 3755; x_wconf 78' lang='grc' dir='ltr'>καὶ</span> <span class='ocrx_word' id='word_1_300' title='bbox 1844 3699 1954 3754; x_wconf 80' lang='grc' dir='ltr'><strong>ἀπὸ</strong></span> 
     </span>
    </p>
   </div>
   <div class='ocr_carea' id='block_1_38' title="bbox 358 3791 1953 3866">
    <p class='ocr_par' dir='ltr' id='par_1_38' title="bbox 358 3791 1953 3866">
     <span class='ocr_line' id='line_1_38' title="bbox 358 3791 1953 3866; baseline -0.001 -18"><span class='ocrx_word' id='word_1_301' title='bbox 358 3795 463 3865; x_wconf 79' lang='grc' dir='ltr'>τῆς</span> <span class='ocrx_word' id='word_1_302' title='bbox 500 3794 640 3865; x_wconf 79' lang='grc' dir='ltr'>ἑῴας</span> <span class='ocrx_word' id='word_1_303' title='bbox 678 3795 841 3865; x_wconf 83' lang='grc' dir='ltr'>μέχρι</span> <span class='ocrx_word' id='word_1_304' title='bbox 889 3794 990 3864; x_wconf 79' lang='grc' dir='ltr'>τῆς</span> <span class='ocrx_word' id='word_1_305' title='bbox 1038 3793 1280 3866; x_wconf 77' lang='grc' dir='ltr'>ἑσπέρας</span> <span class='ocrx_word' id='word_1_306' title='bbox 1325 3794 1574 3861; x_wconf 82' lang='grc' dir='ltr'>ἀφθόνως</span> <span class='ocrx_word' id='word_1_307' title='bbox 1606 3791 1830 3858; x_wconf 75' lang='grc' dir='ltr'>ἐπιϐὰς,</span> <span class='ocrx_word' id='word_1_308' title='bbox 1865 3792 1953 3847; x_wconf 76' lang='grc' dir='ltr'><strong>διὰ</strong></span> 
     </span>
    </p>
   </div>
   <div class='ocr_carea' id='block_1_39' title="bbox 358 3883 1952 3958">
    <p class='ocr_par' dir='ltr' id='par_1_39' title="bbox 358 3883 1952 3958">
     <span class='ocr_line' id='line_1_39' title="bbox 358 3883 1952 3958; baseline -0.003 -19"><span class='ocrx_word' id='word_1_309' title='bbox 358 3886 461 3950; x_wconf 83' lang='grc' dir='ltr'><strong>τὰς</strong></span> <span class='ocrx_word' id='word_1_310' title='bbox 497 3888 563 3939; x_wconf 82' lang='grc' dir='ltr'><strong>ἐκ</strong></span> <span class='ocrx_word' id='word_1_311' title='bbox 608 3886 718 3939; x_wconf 85' lang='grc' dir='ltr'>τῶν</span> <span class='ocrx_word' id='word_1_312' title='bbox 772 3886 1152 3958; x_wconf 82' lang='grc' dir='ltr'>μαρμαρυγῶν</span> <span class='ocrx_word' id='word_1_313' title='bbox 1197 3885 1603 3956; x_wconf 81' lang='grc' dir='ltr'>στροφάλιγγας</span> <span class='ocrx_word' id='word_1_314' title='bbox 1640 3883 1845 3937; x_wconf 83' lang='grc' dir='ltr'>διαλύει</span> <span class='ocrx_word' id='word_1_315' title='bbox 1885 3886 1952 3953; x_wconf 82' lang='grc' dir='ltr'>τῇ</span> 
     </span>
    </p>
   </div>
   <div class='ocr_carea' id='block_1_40' title="bbox 357 3966 1955 4050">
    <p class='ocr_par' dir='ltr' id='par_1_40' title="bbox 357 3966 1955 4050">
     <span class='ocr_line' id='line_1_40' title="bbox 357 3966 1955 4050; baseline -0.001 -19"><span class='ocrx_word' id='word_1_316' title='bbox 357 3978 620 4050; x_wconf 76' lang='grc' dir='ltr'>δᾳδουχίᾳ</span> <span class='ocrx_word' id='word_1_317' title='bbox 647 3980 707 4032; x_wconf 83' lang='grc' dir='ltr'>τὸ</span> <span class='ocrx_word' id='word_1_318' title='bbox 738 3979 960 4049; x_wconf 80' lang='grc' dir='ltr'>ἀμειδές</span> <span class='ocrx_word' id='word_1_319' title='bbox 992 3978 1085 4031; x_wconf 77' lang='grc' dir='ltr'>τοῦ</span> <span class='ocrx_word' id='word_1_320' title='bbox 1119 3978 1282 4049; x_wconf 81' lang='grc' dir='ltr'>ἀέρος</span> <span class='ocrx_word' id='word_1_321' title='bbox 1307 4018 1321 4043; x_wconf 94' lang='grc'><strong>,</strong></span> <span class='ocrx_word' id='word_1_322' title='bbox 1352 3979 1446 4032; x_wconf 78' lang='grc' dir='ltr'>καὶ</span> <span class='ocrx_word' id='word_1_323' title='bbox 1472 3980 1539 4049; x_wconf 84' lang='grc' dir='ltr'>τῇ</span> <span class='ocrx_word' id='word_1_324' title='bbox 1564 3981 1634 4048; x_wconf 77' lang='grc' dir='ltr'><strong>γῇ</strong></span> <span class='ocrx_word' id='word_1_325' title='bbox 1661 3978 1798 4049; x_wconf 85' lang='grc' dir='ltr'>πρὸς</span> <span class='ocrx_word' id='word_1_326' title='bbox 1819 3966 1955 4048; x_wconf 76' lang='grc' dir='ltr'>κάρ-</span> 
     </span>
    </p>
   </div>
   <div class='ocr_carea' id='block_1_41' title="bbox 358 4062 1951 4143">
    <p class='ocr_par' dir='ltr' id='par_1_41' title="bbox 358 4062 1951 4143">
     <span class='ocr_line' id='line_1_41' title="bbox 358 4062 1951 4143; baseline -0.001 -19"><span class='ocrx_word' id='word_1_327' title='bbox 358 4073 622 4140; x_wconf 84' lang='grc' dir='ltr'>πογονίαν</span> <span class='ocrx_word' id='word_1_328' title='bbox 658 4062 999 4141; x_wconf 80' lang='grc' dir='ltr'>συνομιλῶν,</span> <span class='ocrx_word' id='word_1_329' title='bbox 1050 4070 1375 4124; x_wconf 87' lang='grc' dir='ltr'>συνθάλπων</span> <span class='ocrx_word' id='word_1_330' title='bbox 1408 4069 1577 4143; x_wconf 71' lang='grc' dir='ltr'>αύτὴν</span> <span class='ocrx_word' id='word_1_331' title='bbox 1600 4111 1615 4136; x_wconf 94' lang='grc'><strong>,</strong></span> <span class='ocrx_word' id='word_1_332' title='bbox 1656 4070 1750 4123; x_wconf 78' lang='grc' dir='ltr'>καὶ</span> <span class='ocrx_word' id='word_1_333' title='bbox 1784 4072 1951 4138; x_wconf 80' lang='grc' dir='ltr'>ἐγκα-</span> 
     </span>
    </p>
   </div>
   <div class='ocr_carea' id='block_1_42' title="bbox 358 4161 1749 4235">
    <p class='ocr_par' dir='ltr' id='par_1_42' title="bbox 358 4161 1749 4235">
     <span class='ocr_line' id='line_1_42' title="bbox 358 4161 1749 4235; baseline -0.001 -19"><span class='ocrx_word' id='word_1_334' title='bbox 358 4163 622 4235; x_wconf 87' lang='grc' dir='ltr'>λούμενος</span> <span class='ocrx_word' id='word_1_335' title='bbox 656 4162 767 4235; x_wconf 72' lang='grc'><strong>(26)</strong></span> <span class='ocrx_word' id='word_1_336' title='bbox 798 4162 868 4215; x_wconf 83' lang='grc' dir='ltr'><strong>τὰ</strong></span> <span class='ocrx_word' id='word_1_337' title='bbox 902 4163 1195 4234; x_wconf 85' lang='grc' dir='ltr'>σπέρματα</span> <span class='ocrx_word' id='word_1_338' title='bbox 1233 4161 1477 4233; x_wconf 89' lang='grc' dir='ltr'>ἐκφύειν.</span> <span class='ocrx_word' id='word_1_339' title='bbox 1744 4161 1749 4166; x_wconf 82' lang='grc'><strong>’</strong></span> 
     </span>
    </p>
   </div>
   <div class='ocr_carea' id='block_1_43' title="bbox 1756 365 2181 427">
    <p class='ocr_par' dir='ltr' id='par_1_43' title="bbox 1756 365 2181 427">
     <span class='ocr_line' id='line_1_43' title="bbox 1756 365 2181 427; baseline -0.009 -3"><span class='ocrx_word' id='word_1_340' title='bbox 1756 365 2101 427; x_wconf 65' lang='grc' dir='ltr'>υιΑιοαυδ</span> <span class='ocrx_word' id='word_1_341' title='bbox 2136 366 2181 421; x_wconf 84' lang='lat' dir='ltr'><strong>l.</strong></span> 
     </span>
    </p>
   </div>
   <div class='ocr_carea' id='block_1_44' title="bbox 3494 375 3602 433">
    <p class='ocr_par' dir='ltr' id='par_1_44' title="bbox 3494 375 3602 433">
     <span class='ocr_line' id='line_1_44' title="bbox 3494 375 3602 433; baseline 0 0"><span class='ocrx_word' id='word_1_342' title='bbox 3494 375 3602 433; x_wconf 76' lang='lat'><strong>938</strong></span> 
     </span>
    </p>
   </div>
   <div class='ocr_carea' id='block_1_45' title="bbox 2030 479 3613 557">
    <p class='ocr_par' dir='ltr' id='par_1_45' title="bbox 2030 479 3613 557">
     <span class='ocr_line' id='line_1_45' title="bbox 2030 479 3613 557; baseline 0.005 -19"><span class='ocrx_word' id='word_1_343' title='bbox 2030 481 2247 538; x_wconf 86' lang='lat' dir='ltr'><strong>bernat.</strong></span> <span class='ocrx_word' id='word_1_344' title='bbox 2271 479 2352 536; x_wconf 76' lang='lat' dir='ltr'><strong>Ex</strong></span> <span class='ocrx_word' id='word_1_345' title='bbox 2386 480 2455 537; x_wconf 87' lang='lat' dir='ltr'><strong>iis</strong></span> <span class='ocrx_word' id='word_1_346' title='bbox 2488 480 2657 553; x_wconf 92' lang='lat' dir='ltr'><strong>igitur</strong></span> <span class='ocrx_word' id='word_1_347' title='bbox 2692 481 2860 538; x_wconf 80' lang='lat' dir='ltr'><strong>rebus</strong></span> <span class='ocrx_word' id='word_1_348' title='bbox 2886 497 3120 555; x_wconf 82' lang='lat' dir='ltr'><strong>quarum</strong></span> <span class='ocrx_word' id='word_1_349' title='bbox 3152 484 3298 557; x_wconf 81' lang='lat' dir='ltr'><strong>apud</strong></span> <span class='ocrx_word' id='word_1_350' title='bbox 3339 500 3445 543; x_wconf 84' lang='lat' dir='ltr'><strong>nos</strong></span> <span class='ocrx_word' id='word_1_351' title='bbox 3472 503 3613 549; x_wconf 70' lang='lat' dir='ltr'><strong>usus</strong></span> 
     </span>
    </p>
   </div>
   <div class='ocr_carea' id='block_1_46' title="bbox 2030 570 3619 653">
    <p class='ocr_par' dir='ltr' id='par_1_46' title="bbox 2030 570 3619 653">
     <span class='ocr_line' id='line_1_46' title="bbox 2030 570 3619 653; baseline 0.003 -20"><span class='ocrx_word' id='word_1_352' title='bbox 2030 584 2133 641; x_wconf 90' lang='lat' dir='ltr'><strong>est,</strong></span> <span class='ocrx_word' id='word_1_353' title='bbox 2155 574 2406 631; x_wconf 89' lang='lat' dir='ltr'><strong>facilibus</strong></span> <span class='ocrx_word' id='word_1_354' title='bbox 2434 575 2698 645; x_wconf 78' lang='lat' dir='ltr'><strong>exemplis</strong></span> <span class='ocrx_word' id='word_1_355' title='bbox 2722 584 2956 640; x_wconf 87' lang='lat' dir='ltr'><strong>utentes,</strong></span> <span class='ocrx_word' id='word_1_356' title='bbox 2992 578 3280 651; x_wconf 81' lang='lat' dir='ltr'><strong>loquemur</strong></span> <span class='ocrx_word' id='word_1_357' title='bbox 3300 570 3368 637; x_wconf 86' lang='lat' dir='ltr'><strong>de</strong></span> <span class='ocrx_word' id='word_1_358' title='bbox 3399 579 3468 637; x_wconf 85' lang='lat' dir='ltr'><strong>iis</strong></span> <span class='ocrx_word' id='word_1_359' title='bbox 3494 595 3619 653; x_wconf 62' lang='lat' dir='ltr'><strong>qua</strong></span> 
     </span>
    </p>
   </div>
   <div class='ocr_carea' id='block_1_47' title="bbox 2032 665 3619 739">
    <p class='ocr_par' dir='ltr' id='par_1_47' title="bbox 2032 665 3619 739">
     <span class='ocr_line' id='line_1_47' title="bbox 2032 665 3619 739; baseline 0.003 -16"><span class='ocrx_word' id='word_1_360' title='bbox 2032 682 2329 739; x_wconf 70' lang='lat' dir='ltr'><strong>supra&#39;nos</strong></span> <span class='ocrx_word' id='word_1_361' title='bbox 2362 675 2510 723; x_wconf 85' lang='lat' dir='ltr'><strong>sunt.</strong></span> <span class='ocrx_word' id='word_1_362' title='bbox 2544 665 2808 722; x_wconf 72' lang='lat' dir='ltr'><strong>Lucerna:</strong></span> <span class='ocrx_word' id='word_1_363' title='bbox 2837 668 3082 723; x_wconf 82' lang='lat' dir='ltr'><strong>omnium</strong></span> <span class='ocrx_word' id='word_1_364' title='bbox 3114 669 3355 726; x_wconf 80' lang='lat' dir='ltr'><strong>minimae</strong></span> <span class='ocrx_word' id='word_1_365' title='bbox 3378 671 3433 726; x_wconf 91' lang='lat' dir='ltr'><strong>in</strong></span> <span class='ocrx_word' id='word_1_366' title='bbox 3455 673 3619 728; x_wconf 89' lang='lat' dir='ltr'><strong>domo</strong></span> 
     </span>
    </p>
   </div>
   <div class='ocr_carea' id='block_1_48' title="bbox 2032 758 3621 830">
    <p class='ocr_par' dir='ltr' id='par_1_48' title="bbox 2032 758 3621 830">
     <span class='ocr_line' id='line_1_48' title="bbox 2032 758 3621 830; baseline 0.004 -16"><span class='ocrx_word' id='word_1_367' title='bbox 2032 758 2270 814; x_wconf 80' lang='lat' dir='ltr'><strong>maxima</strong></span> <span class='ocrx_word' id='word_1_368' title='bbox 2303 759 2506 813; x_wconf 90' lang='lat' dir='ltr'><strong>lucenti</strong></span> <span class='ocrx_word' id='word_1_369' title='bbox 2538 759 2876 814; x_wconf 84' lang='lat' dir='ltr'><strong>conferimus</strong></span> <span class='ocrx_word' id='word_1_370' title='bbox 2920 775 3103 830; x_wconf 85' lang='lat' dir='ltr'><strong>regem</strong></span> <span class='ocrx_word' id='word_1_371' title='bbox 3136 761 3488 818; x_wconf 87' lang='lat' dir='ltr'><strong>luminarium</strong></span> <span class='ocrx_word' id='word_1_372' title='bbox 3527 778 3621 819; x_wconf 78' lang='lat' dir='ltr'><strong>so-</strong></span> 
     </span>
    </p>
   </div>
   <div class='ocr_carea' id='block_1_49' title="bbox 2037 850 3618 920">
    <p class='ocr_par' dir='ltr' id='par_1_49' title="bbox 2037 850 3618 920">
     <span class='ocr_line' id='line_1_49' title="bbox 2037 850 3618 920; baseline 0.004 -13"><span class='ocrx_word' id='word_1_373' title='bbox 2037 851 2169 916; x_wconf 87' lang='lat' dir='ltr'><strong>lem,</strong></span> <span class='ocrx_word' id='word_1_374' title='bbox 2208 850 2275 905; x_wconf 89' lang='lat' dir='ltr'><strong>ad</strong></span> <span class='ocrx_word' id='word_1_375' title='bbox 2307 851 2534 907; x_wconf 68' lang='lat' dir='ltr'><strong>cceleste</strong></span> <span class='ocrx_word' id='word_1_376' title='bbox 2563 864 2763 920; x_wconf 90' lang='lat' dir='ltr'><strong>corpus</strong></span> <span class='ocrx_word' id='word_1_377' title='bbox 2785 861 3180 920; x_wconf 87' lang='lat' dir='ltr'><strong>comparatum.</strong></span> <span class='ocrx_word' id='word_1_378' title='bbox 3204 851 3441 911; x_wconf 82' lang='lat' dir='ltr'><strong>Prorsus</strong></span> <span class='ocrx_word' id='word_1_379' title='bbox 3472 869 3536 911; x_wconf 85' lang='lat' dir='ltr'><strong>ac</strong></span> <span class='ocrx_word' id='word_1_380' title='bbox 3569 856 3618 913; x_wconf 90' lang='lat' dir='ltr'><strong>si</strong></span> 
     </span>
    </p>
   </div>
   <div class='ocr_carea' id='block_1_50' title="bbox 2036 941 3616 1017">
    <p class='ocr_par' dir='ltr' id='par_1_50' title="bbox 2036 941 3616 1017">
     <span class='ocr_line' id='line_1_50' title="bbox 2036 941 3616 1017; baseline 0.003 -21"><span class='ocrx_word' id='word_1_381' title='bbox 2036 941 2163 1013; x_wconf 87' lang='lat' dir='ltr'><strong>quis</strong></span> <span class='ocrx_word' id='word_1_382' title='bbox 2191 942 2247 997; x_wconf 91' lang='lat' dir='ltr'><strong>in</strong></span> <span class='ocrx_word' id='word_1_383' title='bbox 2281 942 2436 999; x_wconf 86' lang='lat' dir='ltr'><strong>disco</strong></span> <span class='ocrx_word' id='word_1_384' title='bbox 2470 957 2771 1014; x_wconf 86' lang='lat' dir='ltr'><strong>permagno</strong></span> <span class='ocrx_word' id='word_1_385' title='bbox 2800 942 3058 1013; x_wconf 78' lang='lat' dir='ltr'><strong>exiguum</strong></span> <span class='ocrx_word' id='word_1_386' title='bbox 3094 945 3389 1000; x_wconf 85' lang='lat' dir='ltr'><strong>carbonem</strong></span> <span class='ocrx_word' id='word_1_387' title='bbox 3428 956 3616 1017; x_wconf 87' lang='lat' dir='ltr'><strong>ponat,</strong></span> 
     </span>
    </p>
   </div>
   <div class='ocr_carea' id='block_1_51' title="bbox 2035 1035 3620 1103">
    <p class='ocr_par' dir='ltr' id='par_1_51' title="bbox 2035 1035 3620 1103">
     <span class='ocr_line' id='line_1_51' title="bbox 2035 1035 3620 1103; baseline 0.003 -11"><span class='ocrx_word' id='word_1_388' title='bbox 2035 1044 2132 1093; x_wconf 90' lang='lat' dir='ltr'><strong>aut</strong></span> <span class='ocrx_word' id='word_1_389' title='bbox 2162 1038 2441 1093; x_wconf 82' lang='lat' dir='ltr'><strong>lucernam</strong></span> <span class='ocrx_word' id='word_1_390' title='bbox 2467 1035 2786 1103; x_wconf 87' lang='lat' dir='ltr'><strong>succendat,</strong></span> <span class='ocrx_word' id='word_1_391' title='bbox 2818 1051 2929 1090; x_wconf 90' lang='lat' dir='ltr'><strong>non</strong></span> <span class='ocrx_word' id='word_1_392' title='bbox 2962 1036 3140 1092; x_wconf 91' lang='lat' dir='ltr'><strong>solum</strong></span> <span class='ocrx_word' id='word_1_393' title='bbox 3170 1038 3496 1095; x_wconf 86' lang='lat' dir='ltr'><strong>comburere</strong></span> <span class='ocrx_word' id='word_1_394' title='bbox 3523 1049 3620 1095; x_wconf 88' lang='lat' dir='ltr'><strong>aut</strong></span> 
     </span>
    </p>
   </div>
   <div class='ocr_carea' id='block_1_52' title="bbox 2036 1126 3619 1200">
    <p class='ocr_par' dir='ltr' id='par_1_52' title="bbox 2036 1126 3619 1200">
     <span class='ocr_line' id='line_1_52' title="bbox 2036 1126 3619 1200; baseline 0.001 -16"><span class='ocrx_word' id='word_1_395' title='bbox 2036 1128 2379 1184; x_wconf 82' lang='lat' dir='ltr'><strong>inﬂammare</strong></span> <span class='ocrx_word' id='word_1_396' title='bbox 2407 1127 2560 1181; x_wconf 89' lang='lat' dir='ltr'><strong>illum</strong></span> <span class='ocrx_word' id='word_1_397' title='bbox 2610 1141 2719 1180; x_wconf 91' lang='lat' dir='ltr'><strong>non</strong></span> <span class='ocrx_word' id='word_1_398' title='bbox 2753 1126 2973 1196; x_wconf 90' lang='lat' dir='ltr'><strong>poterit,</strong></span> <span class='ocrx_word' id='word_1_399' title='bbox 3006 1142 3196 1181; x_wconf 88' lang='lat' dir='ltr'><strong>verum</strong></span> <span class='ocrx_word' id='word_1_400' title='bbox 3246 1144 3315 1185; x_wconf 87' lang='lat' dir='ltr'><strong>ne</strong></span> <span class='ocrx_word' id='word_1_401' title='bbox 3350 1144 3447 1186; x_wconf 80' lang='lat' dir='ltr'><strong>vas</strong></span> <span class='ocrx_word' id='word_1_402' title='bbox 3492 1131 3619 1200; x_wconf 82' lang='lat' dir='ltr'><strong>qui-</strong></span> 
     </span>
    </p>
   </div>
   <div class='ocr_carea' id='block_1_53' title="bbox 2037 1212 3623 1288">
    <p class='ocr_par' dir='ltr' id='par_1_53' title="bbox 2037 1212 3623 1288">
     <span class='ocr_line' id='line_1_53' title="bbox 2037 1212 3623 1288; baseline 0.004 -20"><span class='ocrx_word' id='word_1_403' title='bbox 2037 1214 2160 1288; x_wconf 78' lang='lat' dir='ltr'><strong>dem</strong></span> <span class='ocrx_word' id='word_1_404' title='bbox 2192 1214 2375 1284; x_wconf 91' lang='lat' dir='ltr'><strong>ipsum</strong></span> <span class='ocrx_word' id='word_1_405' title='bbox 2396 1212 2702 1268; x_wconf 70' lang='lat' dir='ltr'><strong>calefacere</strong></span> <span class='ocrx_word' id='word_1_406' title='bbox 2736 1214 2995 1285; x_wconf 83' lang='lat' dir='ltr'><strong>quiverit.</strong></span> <span class='ocrx_word' id='word_1_407' title='bbox 3018 1215 3306 1282; x_wconf 85' lang='lat' dir='ltr'><strong>Quomodo</strong></span> <span class='ocrx_word' id='word_1_408' title='bbox 3327 1218 3497 1288; x_wconf 79' lang='lat' dir='ltr'><strong>igitur</strong></span> <span class='ocrx_word' id='word_1_409' title='bbox 3519 1221 3623 1275; x_wconf 83' lang='lat' dir='ltr'><strong>lm-</strong></span> 
     </span>
    </p>
   </div>
   <div class='ocr_carea' id='block_1_54' title="bbox 2040 1304 3621 1377">
    <p class='ocr_par' dir='ltr' id='par_1_54' title="bbox 2040 1304 3621 1377">
     <span class='ocr_line' id='line_1_54' title="bbox 2040 1304 3621 1377; baseline 0.004 -18"><span class='ocrx_word' id='word_1_410' title='bbox 2040 1305 2253 1361; x_wconf 89' lang='lat' dir='ltr'><strong>becillis</strong></span> <span class='ocrx_word' id='word_1_411' title='bbox 2286 1306 2508 1361; x_wconf 88' lang='lat' dir='ltr'><strong>lucerna</strong></span> <span class='ocrx_word' id='word_1_412' title='bbox 2534 1306 2737 1375; x_wconf 88' lang='lat' dir='ltr'><strong>poterit</strong></span> <span class='ocrx_word' id='word_1_413' title='bbox 2768 1304 3030 1377; x_wconf 85' lang='lat' dir='ltr'><strong>abyssum</strong></span> <span class='ocrx_word' id='word_1_414' title='bbox 3064 1308 3473 1367; x_wconf 85' lang='lat' dir='ltr'><strong>constabilitam</strong></span> <span class='ocrx_word' id='word_1_415' title='bbox 3508 1313 3621 1368; x_wconf 83' lang='lat' dir='ltr'><strong>sol-</strong></span> 
     </span>
    </p>
   </div>
   <div class='ocr_carea' id='block_1_55' title="bbox 2039 1398 3622 1474">
    <p class='ocr_par' dir='ltr' id='par_1_55' title="bbox 2039 1398 3622 1474">
     <span class='ocr_line' id='line_1_55' title="bbox 2039 1398 3622 1474; baseline 0.006 -23"><span class='ocrx_word' id='word_1_416' title='bbox 2039 1412 2167 1453; x_wconf 86' lang='lat' dir='ltr'><strong>vero</strong></span> <span class='ocrx_word' id='word_1_417' title='bbox 2205 1406 2302 1453; x_wconf 89' lang='lat' dir='ltr'><strong>aut</strong></span> <span class='ocrx_word' id='word_1_418' title='bbox 2332 1398 2705 1453; x_wconf 76' lang='lat' dir='ltr'><strong>comburere?</strong></span> <span class='ocrx_word' id='word_1_419' title='bbox 2760 1398 2827 1453; x_wconf 90' lang='lat' dir='ltr'><strong>Et</strong></span> <span class='ocrx_word' id='word_1_420' title='bbox 2867 1400 2959 1468; x_wconf 91' lang='lat' dir='ltr'><strong>qui</strong></span> <span class='ocrx_word' id='word_1_421' title='bbox 2992 1400 3132 1455; x_wconf 80' lang='lat' dir='ltr'><strong>calix</strong></span> <span class='ocrx_word' id='word_1_422' title='bbox 3176 1403 3495 1474; x_wconf 90' lang='lat' dir='ltr'><strong>attingendo</strong></span> <span class='ocrx_word' id='word_1_423' title='bbox 3534 1404 3622 1461; x_wconf 72' lang='lat' dir='ltr'><strong>lte-</strong></span> 
     </span>
    </p>
   </div>
   <div class='ocr_carea' id='block_1_56' title="bbox 2041 1487 3625 1566">
    <p class='ocr_par' dir='ltr' id='par_1_56' title="bbox 2041 1487 3625 1566">
     <span class='ocr_line' id='line_1_56' title="bbox 2041 1487 3625 1566; baseline 0.006 -24"><span class='ocrx_word' id='word_1_424' title='bbox 2041 1487 2170 1544; x_wconf 88' lang='lat' dir='ltr'><strong>dere</strong></span> <span class='ocrx_word' id='word_1_425' title='bbox 2198 1489 2397 1559; x_wconf 89' lang='lat' dir='ltr'><strong>poterit</strong></span> <span class='ocrx_word' id='word_1_426' title='bbox 2422 1487 2596 1558; x_wconf 83' lang='lat' dir='ltr'><strong>frigus</strong></span> <span class='ocrx_word' id='word_1_427' title='bbox 2619 1488 2815 1544; x_wconf 88' lang='lat' dir='ltr'><strong>hiemis</strong></span> <span class='ocrx_word' id='word_1_428' title='bbox 2842 1490 3104 1545; x_wconf 80' lang='lat' dir='ltr'><strong>enitentis</strong></span> <span class='ocrx_word' id='word_1_429' title='bbox 3146 1494 3497 1565; x_wconf 67' lang='lat' dir='ltr'><strong>exstinguere</strong></span> <span class='ocrx_word' id='word_1_430' title='bbox 3525 1510 3625 1566; x_wconf 85' lang='lat' dir='ltr'><strong>per</strong></span> 
     </span>
    </p>
   </div>
   <div class='ocr_carea' id='block_1_57' title="bbox 2042 1579 3626 1653">
    <p class='ocr_par' dir='ltr' id='par_1_57' title="bbox 2042 1579 3626 1653">
     <span class='ocr_line' id='line_1_57' title="bbox 2042 1579 3626 1653; baseline 0.005 -18"><span class='ocrx_word' id='word_1_431' title='bbox 2042 1580 2164 1651; x_wconf 84' lang='lat' dir='ltr'><strong>gelu</strong></span> <span class='ocrx_word' id='word_1_432' title='bbox 2198 1580 2435 1635; x_wconf 72' lang='lat' dir='ltr'><strong>lucerna:</strong></span> <span class='ocrx_word' id='word_1_433' title='bbox 2482 1579 2837 1652; x_wconf 86' lang='lat' dir='ltr'><strong>ellychnium,</strong></span> <span class='ocrx_word' id='word_1_434' title='bbox 2870 1581 3001 1636; x_wconf 88' lang='lat' dir='ltr'><strong>etin</strong></span> <span class='ocrx_word' id='word_1_435' title='bbox 3028 1582 3261 1653; x_wconf 89' lang='lat' dir='ltr'><strong>lapidem</strong></span> <span class='ocrx_word' id='word_1_436' title='bbox 3304 1593 3626 1645; x_wconf 81' lang='lat' dir='ltr'><strong>convertere</strong></span> 
     </span>
    </p>
   </div>
   <div class='ocr_carea' id='block_1_58' title="bbox 2044 1671 3625 1745">
    <p class='ocr_par' dir='ltr' id='par_1_58' title="bbox 2044 1671 3625 1745">
     <span class='ocr_line' id='line_1_58' title="bbox 2044 1671 3625 1745; baseline 0.005 -20"><span class='ocrx_word' id='word_1_437' title='bbox 2044 1686 2243 1742; x_wconf 89' lang='lat' dir='ltr'><strong>aquam</strong></span> <span class='ocrx_word' id='word_1_438' title='bbox 2266 1686 2389 1742; x_wconf 61' lang='lat' dir='ltr'><strong>quae</strong></span> <span class='ocrx_word' id='word_1_439' title='bbox 2427 1671 2485 1725; x_wconf 88' lang='lat' dir='ltr'><strong>in</strong></span> <span class='ocrx_word' id='word_1_440' title='bbox 2513 1686 2581 1726; x_wconf 90' lang='lat' dir='ltr'><strong>eo</strong></span> <span class='ocrx_word' id='word_1_441' title='bbox 2613 1679 2718 1737; x_wconf 89' lang='lat' dir='ltr'><strong>est,</strong></span> <span class='ocrx_word' id='word_1_442' title='bbox 2747 1679 2803 1726; x_wconf 85' lang='lat' dir='ltr'><strong>et</strong></span> <span class='ocrx_word' id='word_1_443' title='bbox 2831 1672 3036 1737; x_wconf 90' lang='lat' dir='ltr'><strong>oleum,</strong></span> <span class='ocrx_word' id='word_1_444' title='bbox 3068 1689 3236 1745; x_wconf 88' lang='lat' dir='ltr'><strong>supra</strong></span> <span class='ocrx_word' id='word_1_445' title='bbox 3281 1677 3504 1732; x_wconf 89' lang='lat' dir='ltr'><strong>modum</strong></span> <span class='ocrx_word' id='word_1_446' title='bbox 3526 1678 3625 1733; x_wconf 83' lang='lat' dir='ltr'><strong>fri-</strong></span> 
     </span>
    </p>
   </div>
   <div class='ocr_carea' id='block_1_59' title="bbox 2044 1762 3627 1834">
    <p class='ocr_par' dir='ltr' id='par_1_59' title="bbox 2044 1762 3627 1834">
     <span class='ocr_line' id='line_1_59' title="bbox 2044 1762 3627 1834; baseline 0.004 -16"><span class='ocrx_word' id='word_1_447' title='bbox 2044 1778 2174 1834; x_wconf 89' lang='lat' dir='ltr'><strong>gore</strong></span> <span class='ocrx_word' id='word_1_448' title='bbox 2213 1763 2519 1833; x_wconf 86' lang='lat' dir='ltr'><strong>lampadem</strong></span> <span class='ocrx_word' id='word_1_449' title='bbox 2549 1762 2904 1818; x_wconf 85' lang='lat' dir='ltr'><strong>debilitante?</strong></span> <span class='ocrx_word' id='word_1_450' title='bbox 2933 1763 3218 1831; x_wconf 84' lang='lat' dir='ltr'><strong>Quomodo</strong></span> <span class='ocrx_word' id='word_1_451' title='bbox 3253 1783 3384 1823; x_wconf 84' lang='lat' dir='ltr'><strong>vero</strong></span> <span class='ocrx_word' id='word_1_452' title='bbox 3413 1769 3627 1825; x_wconf 84' lang='lat' dir='ltr'><strong>amian-</strong></span> 
     </span>
    </p>
   </div>
   <div class='ocr_carea' id='block_1_60' title="bbox 2045 1854 3628 1931">
    <p class='ocr_par' dir='ltr' id='par_1_60' title="bbox 2045 1854 3628 1931">
     <span class='ocr_line' id='line_1_60' title="bbox 2045 1854 3628 1931; baseline 0.006 -23"><span class='ocrx_word' id='word_1_453' title='bbox 2045 1862 2136 1910; x_wconf 90' lang='lat' dir='ltr'><strong>tus</strong></span> <span class='ocrx_word' id='word_1_454' title='bbox 2164 1855 2334 1910; x_wconf 88' lang='lat' dir='ltr'><strong>herba</strong></span> <span class='ocrx_word' id='word_1_455' title='bbox 2360 1854 2541 1925; x_wconf 83' lang='lat' dir='ltr'><strong>ignem</strong></span> <span class='ocrx_word' id='word_1_456' title='bbox 2576 1855 2850 1910; x_wconf 85' lang='lat' dir='ltr'><strong>sustinere</strong></span> <span class='ocrx_word' id='word_1_457' title='bbox 2881 1863 3081 1925; x_wconf 87' lang='lat' dir='ltr'><strong>potest,</strong></span> <span class='ocrx_word' id='word_1_458' title='bbox 3106 1857 3162 1912; x_wconf 93' lang='lat' dir='ltr'><strong>in</strong></span> <span class='ocrx_word' id='word_1_459' title='bbox 3188 1859 3425 1914; x_wconf 83' lang='lat' dir='ltr'><strong>medium</strong></span> <span class='ocrx_word' id='word_1_460' title='bbox 3451 1860 3628 1931; x_wconf 88' lang='lat' dir='ltr'><strong>ipsius</strong></span> 
     </span>
    </p>
   </div>
   <div class='ocr_carea' id='block_1_61' title="bbox 2045 1946 3631 2022">
    <p class='ocr_par' dir='ltr' id='par_1_61' title="bbox 2045 1946 3631 2022">
     <span class='ocr_line' id='line_1_61' title="bbox 2045 1946 3631 2022; baseline 0.004 -20"><span class='ocrx_word' id='word_1_461' title='bbox 2045 1947 2279 2003; x_wconf 66' lang='lat' dir='ltr'><strong>ﬂammae</strong></span> <span class='ocrx_word' id='word_1_462' title='bbox 2316 1948 2518 2018; x_wconf 88' lang='lat' dir='ltr'><strong>posita,</strong></span> <span class='ocrx_word' id='word_1_463' title='bbox 2555 1946 2847 2016; x_wconf 89' lang='lat' dir='ltr'><strong>omnisque</strong></span> <span class='ocrx_word' id='word_1_464' title='bbox 2900 1948 3209 2005; x_wconf 88' lang='lat' dir='ltr'><strong>adustionis</strong></span> <span class='ocrx_word' id='word_1_465' title='bbox 3255 1966 3452 2022; x_wconf 83' lang='lat' dir='ltr'><strong>expers</strong></span> <span class='ocrx_word' id='word_1_466' title='bbox 3510 1967 3631 2008; x_wconf 85' lang='lat' dir='ltr'><strong>ma-</strong></span> 
     </span>
    </p>
   </div>
   <div class='ocr_carea' id='block_1_62' title="bbox 2047 2040 3629 2112">
    <p class='ocr_par' dir='ltr' id='par_1_62' title="bbox 2047 2040 3629 2112">
     <span class='ocr_line' id='line_1_62' title="bbox 2047 2040 3629 2112; baseline 0.004 -16"><span class='ocrx_word' id='word_1_467' title='bbox 2047 2041 2230 2097; x_wconf 84' lang='lat' dir='ltr'><strong>nens?</strong></span> <span class='ocrx_word' id='word_1_468' title='bbox 2260 2041 2365 2096; x_wconf 87' lang='lat' dir='ltr'><strong>Sed</strong></span> <span class='ocrx_word' id='word_1_469' title='bbox 2402 2048 2456 2096; x_wconf 86' lang='lat' dir='ltr'><strong>et</strong></span> <span class='ocrx_word' id='word_1_470' title='bbox 2508 2040 2913 2095; x_wconf 87' lang='lat' dir='ltr'><strong>salamandram</strong></span> <span class='ocrx_word' id='word_1_471' title='bbox 2965 2042 3075 2096; x_wconf 85' lang='lat' dir='ltr'><strong>vile</strong></span> <span class='ocrx_word' id='word_1_472' title='bbox 3120 2043 3365 2112; x_wconf 87' lang='lat' dir='ltr'><strong>animal,</strong></span> <span class='ocrx_word' id='word_1_473' title='bbox 3407 2045 3629 2103; x_wconf 85' lang='lat' dir='ltr'><strong>diversa</strong></span> 
     </span>
    </p>
   </div>
   <div class='ocr_carea' id='block_1_63' title="bbox 2046 2133 3728 2206">
    <p class='ocr_par' dir='ltr' id='par_1_63' title="bbox 2046 2133 3728 2206">
     <span class='ocr_line' id='line_1_63' title="bbox 2046 2133 3728 2206; baseline 0.004 -17"><span class='ocrx_word' id='word_1_474' title='bbox 2046 2135 2117 2190; x_wconf 90' lang='lat' dir='ltr'><strong>ab</strong></span> <span class='ocrx_word' id='word_1_475' title='bbox 2147 2134 2259 2206; x_wconf 88' lang='lat' dir='ltr'><strong>igni</strong></span> <span class='ocrx_word' id='word_1_476' title='bbox 2306 2142 2521 2197; x_wconf 86' lang='lat' dir='ltr'><strong>natura,</strong></span> <span class='ocrx_word' id='word_1_477' title='bbox 2554 2134 2761 2190; x_wconf 87' lang='lat' dir='ltr'><strong>scimus</strong></span> <span class='ocrx_word' id='word_1_478' title='bbox 2808 2149 2909 2204; x_wconf 86' lang='lat' dir='ltr'><strong>per</strong></span> <span class='ocrx_word' id='word_1_479' title='bbox 2962 2133 3201 2189; x_wconf 91' lang='lat' dir='ltr'><strong>medium</strong></span> <span class='ocrx_word' id='word_1_480' title='bbox 3245 2138 3523 2193; x_wconf 90' lang='lat' dir='ltr'><strong>caminum</strong></span> <span class='ocrx_word' id='word_1_481' title='bbox 3570 2140 3630 2196; x_wconf 87' lang='lat' dir='ltr'><strong>in</strong></span> <span class='ocrx_word' id='word_1_482' title='bbox 3724 2134 3728 2138; x_wconf 71' lang='grc'><strong>’</strong></span> 
     </span>
    </p>
   </div>
   <div class='ocr_carea' id='block_1_64' title="bbox 2047 2225 3631 2302">
    <p class='ocr_par' dir='ltr' id='par_1_64' title="bbox 2047 2225 3631 2302">
     <span class='ocr_line' id='line_1_64' title="bbox 2047 2225 3631 2302; baseline 0.005 -23"><span class='ocrx_word' id='word_1_483' title='bbox 2047 2226 2225 2297; x_wconf 86' lang='lat' dir='ltr'><strong>ignem</strong></span> <span class='ocrx_word' id='word_1_484' title='bbox 2258 2225 2471 2280; x_wconf 90' lang='lat' dir='ltr'><strong>insilire</strong></span> <span class='ocrx_word' id='word_1_485' title='bbox 2493 2234 2657 2295; x_wconf 90' lang='lat' dir='ltr'><strong>atque</strong></span> <span class='ocrx_word' id='word_1_486' title='bbox 2688 2225 3045 2296; x_wconf 81' lang='lat' dir='ltr'><strong>pertransire,</strong></span> <span class='ocrx_word' id='word_1_487' title='bbox 3073 2226 3209 2281; x_wconf 91' lang='lat' dir='ltr'><strong>nihil</strong></span> <span class='ocrx_word' id='word_1_488' title='bbox 3240 2236 3421 2284; x_wconf 91' lang='lat' dir='ltr'><strong>tamen</strong></span> <span class='ocrx_word' id='word_1_489' title='bbox 3471 2246 3631 2302; x_wconf 88' lang='lat' dir='ltr'><strong>pror-</strong></span> 
     </span>
    </p>
   </div>
   <div class='ocr_carea' id='block_1_65' title="bbox 2048 2320 3631 2399">
    <p class='ocr_par' dir='ltr' id='par_1_65' title="bbox 2048 2320 3631 2399">
     <span class='ocr_line' id='line_1_65' title="bbox 2048 2320 3631 2399; baseline 0.006 -25"><span class='ocrx_word' id='word_1_490' title='bbox 2048 2334 2144 2374; x_wconf 91' lang='lat' dir='ltr'><strong>sus</strong></span> <span class='ocrx_word' id='word_1_491' title='bbox 2176 2335 2272 2390; x_wconf 91' lang='lat' dir='ltr'><strong>per</strong></span> <span class='ocrx_word' id='word_1_492' title='bbox 2304 2320 2528 2374; x_wconf 85' lang='lat' dir='ltr'><strong>edacem</strong></span> <span class='ocrx_word' id='word_1_493' title='bbox 2571 2328 2823 2375; x_wconf 87' lang='lat' dir='ltr'><strong>naturam</strong></span> <span class='ocrx_word' id='word_1_494' title='bbox 2849 2322 2992 2392; x_wconf 86' lang='lat' dir='ltr'><strong>ignis</strong></span> <span class='ocrx_word' id='word_1_495' title='bbox 3023 2321 3164 2376; x_wconf 75' lang='lat' dir='ltr'><strong>laedi.</strong></span> <span class='ocrx_word' id='word_1_496' title='bbox 3187 2321 3424 2379; x_wconf 87' lang='lat' dir='ltr'><strong>Proinde</strong></span> <span class='ocrx_word' id='word_1_497' title='bbox 3452 2342 3631 2399; x_wconf 85' lang='lat' dir='ltr'><strong>neque</strong></span> 
     </span>
    </p>
   </div>
   <div class='ocr_carea' id='block_1_66' title="bbox 2048 2412 3629 2483">
    <p class='ocr_par' dir='ltr' id='par_1_66' title="bbox 2048 2412 3629 2483">
     <span class='ocr_line' id='line_1_66' title="bbox 2048 2412 3629 2483; baseline 0.004 -16"><span class='ocrx_word' id='word_1_498' title='bbox 2048 2412 2131 2467; x_wconf 90' lang='lat' dir='ltr'><strong>sol</strong></span> <span class='ocrx_word' id='word_1_499' title='bbox 2170 2412 2371 2467; x_wconf 63' lang='lat' dir='ltr'><strong>lmscrit</strong></span> <span class='ocrx_word' id='word_1_500' title='bbox 2394 2413 2592 2467; x_wconf 75' lang='lat' dir='ltr'><strong>ccelum</strong></span> <span class='ocrx_word' id='word_1_501' title='bbox 2623 2414 2727 2468; x_wconf 87' lang='lat' dir='ltr'><strong>sub</strong></span> <span class='ocrx_word' id='word_1_502' title='bbox 2756 2429 2867 2483; x_wconf 91' lang='lat' dir='ltr'><strong>quo</strong></span> <span class='ocrx_word' id='word_1_503' title='bbox 2890 2413 3064 2468; x_wconf 88' lang='lat' dir='ltr'><strong>currit</strong></span> <span class='ocrx_word' id='word_1_504' title='bbox 3094 2430 3109 2478; x_wconf 88' lang='lat'><strong>;</strong></span> <span class='ocrx_word' id='word_1_505' title='bbox 3134 2416 3293 2483; x_wconf 89' lang='lat' dir='ltr'><strong>cujus</strong></span> <span class='ocrx_word' id='word_1_506' title='bbox 3328 2419 3629 2475; x_wconf 88' lang='lat' dir='ltr'><strong>matutinos</strong></span> 
     </span>
    </p>
   </div>
   <div class='ocr_carea' id='block_1_67' title="bbox 2048 2506 3629 2577">
    <p class='ocr_par' dir='ltr' id='par_1_67' title="bbox 2048 2506 3629 2577">
     <span class='ocr_line' id='line_1_67' title="bbox 2048 2506 3629 2577; baseline 0.004 -17"><span class='ocrx_word' id='word_1_507' title='bbox 2048 2514 2275 2563; x_wconf 78' lang='lat' dir='ltr'><strong>exortus</strong></span> <span class='ocrx_word' id='word_1_508' title='bbox 2327 2506 2644 2561; x_wconf 88' lang='lat' dir='ltr'><strong>describens</strong></span> <span class='ocrx_word' id='word_1_509' title='bbox 2689 2506 3003 2561; x_wconf 90' lang='lat' dir='ltr'><strong>divinorum</strong></span> <span class='ocrx_word' id='word_1_510' title='bbox 3048 2506 3357 2563; x_wconf 84' lang='lat' dir='ltr'><strong>carminum</strong></span> <span class='ocrx_word' id='word_1_511' title='bbox 3411 2516 3629 2577; x_wconf 84' lang='lat' dir='ltr'><strong>auctor,</strong></span> 
     </span>
    </p>
   </div>
   <div class='ocr_carea' id='block_1_68' title="bbox 2050 2595 3628 2669">
    <p class='ocr_par' dir='ltr' id='par_1_68' title="bbox 2050 2595 3628 2669">
     <span class='ocr_line' id='line_1_68' title="bbox 2050 2595 3628 2669; baseline 0.007 -21"><span class='ocrx_word' id='word_1_512' title='bbox 2050 2595 2263 2665; x_wconf 87' lang='lat' dir='ltr'><strong>inquit:</strong></span> <span class='ocrx_word' id='word_1_513' title='bbox 2289 2595 2409 2663; x_wconf 87' lang='lat' dir='ltr'><strong>Ipse</strong></span> <span class='ocrx_word' id='word_1_514' title='bbox 2438 2597 2575 2651; x_wconf 77' lang='lat' dir='ltr'><strong>velut</strong></span> <span class='ocrx_word' id='word_1_515' title='bbox 2602 2613 2824 2663; x_wconf 79' lang='lat' dir='ltr'><strong>sponsus</strong></span> <span class='ocrx_word' id='word_1_516' title='bbox 2841 2597 3111 2668; x_wconf 77' lang='lat' dir='ltr'><strong>egrediens</strong></span> <span class='ocrx_word' id='word_1_517' title='bbox 3144 2614 3210 2653; x_wconf 77' lang='lat' dir='ltr'><strong>ea:</strong></span> <span class='ocrx_word' id='word_1_518' title='bbox 3241 2600 3479 2656; x_wconf 78' lang='lat' dir='ltr'><strong>thalamo</strong></span> <span class='ocrx_word' id='word_1_519' title='bbox 3509 2619 3628 2669; x_wconf 84' lang='lat' dir='ltr'><strong>suo,</strong></span> 
     </span>
    </p>
   </div>
   <div class='ocr_carea' id='block_1_69' title="bbox 2048 2689 3634 2761">
    <p class='ocr_par' dir='ltr' id='par_1_69' title="bbox 2048 2689 3634 2761">
     <span class='ocr_line' id='line_1_69' title="bbox 2048 2689 3634 2761; baseline 0.005 -18"><span class='ocrx_word' id='word_1_520' title='bbox 2048 2689 2335 2761; x_wconf 67' lang='lat' dir='ltr'><strong>exsultabit</strong></span> <span class='ocrx_word' id='word_1_521' title='bbox 2363 2701 2420 2744; x_wconf 79' lang='lat' dir='ltr'><strong>ut</strong></span> <span class='ocrx_word' id='word_1_522' title='bbox 2452 2692 2601 2761; x_wconf 81' lang='lat' dir='ltr'><strong>gigas</strong></span> <span class='ocrx_word' id='word_1_523' title='bbox 2631 2690 2699 2743; x_wconf 86' lang='lat' dir='ltr'><strong>ad</strong></span> <span class='ocrx_word' id='word_1_524' title='bbox 2726 2689 3045 2744; x_wconf 85' lang='lat' dir='ltr'><strong>currendum</strong></span> <span class='ocrx_word' id='word_1_525' title='bbox 3067 2691 3205 2745; x_wconf 77' lang='lat' dir='ltr'><strong>viam</strong></span> <span class='ocrx_word' id='word_1_526' title='bbox 3237 2709 3412 2761; x_wconf 85' lang='lat' dir='ltr'><strong>suam,</strong></span> <span class='ocrx_word' id='word_1_527' title='bbox 3430 2712 3463 2749; x_wconf 91' lang='lat' dir='ltr'><strong>a</strong></span> <span class='ocrx_word' id='word_1_528' title='bbox 3485 2712 3634 2751; x_wconf 81' lang='lat' dir='ltr'><strong>sum-</strong></span> 
     </span>
    </p>
   </div>
   <div class='ocr_carea' id='block_1_70' title="bbox 2050 2781 3636 2853">
    <p class='ocr_par' dir='ltr' id='par_1_70' title="bbox 2050 2781 3636 2853">
     <span class='ocr_line' id='line_1_70' title="bbox 2050 2781 3636 2853; baseline 0.005 -18"><span class='ocrx_word' id='word_1_529' title='bbox 2050 2798 2135 2836; x_wconf 88' lang='lat' dir='ltr'><strong>mo</strong></span> <span class='ocrx_word' id='word_1_530' title='bbox 2167 2783 2285 2836; x_wconf 78' lang='lat' dir='ltr'><strong>caeli</strong></span> <span class='ocrx_word' id='word_1_531' title='bbox 2311 2798 2549 2852; x_wconf 79' lang='lat' dir='ltr'><strong>egressus</strong></span> <span class='ocrx_word' id='word_1_532' title='bbox 2580 2783 2692 2853; x_wconf 83' lang='lat' dir='ltr'><strong>ejus</strong></span> <span class='ocrx_word' id='word_1_533' title='bbox 2715 2786 2783 2837; x_wconf 79' lang='grc'><strong>³³.</strong></span> <span class='ocrx_word' id='word_1_534' title='bbox 2820 2781 2989 2838; x_wconf 85' lang='lat' dir='ltr'><strong>Vides</strong></span> <span class='ocrx_word' id='word_1_535' title='bbox 3010 2782 3097 2836; x_wconf 89' lang='lat' dir='ltr'><strong>hic</strong></span> <span class='ocrx_word' id='word_1_536' title='bbox 3130 2790 3258 2853; x_wconf 88' lang='lat' dir='ltr'><strong>poni</strong></span> <span class='ocrx_word' id='word_1_537' title='bbox 3293 2790 3455 2843; x_wconf 89' lang='lat' dir='ltr'><strong>verba</strong></span> <span class='ocrx_word' id='word_1_538' title='bbox 3489 2806 3636 2843; x_wconf 83' lang='lat' dir='ltr'><strong>sum-</strong></span> 
     </span>
    </p>
   </div>
   <div class='ocr_carea' id='block_1_71' title="bbox 2050 2874 3630 2948">
    <p class='ocr_par' dir='ltr' id='par_1_71' title="bbox 2050 2874 3630 2948">
     <span class='ocr_line' id='line_1_71' title="bbox 2050 2874 3630 2948; baseline 0.006 -19"><span class='ocrx_word' id='word_1_539' title='bbox 2050 2874 2125 2929; x_wconf 77' lang='lat' dir='ltr'><strong>mi</strong></span> <span class='ocrx_word' id='word_1_540' title='bbox 2163 2885 2217 2929; x_wconf 90' lang='lat' dir='ltr'><strong>et</strong></span> <span class='ocrx_word' id='word_1_541' title='bbox 2257 2891 2516 2945; x_wconf 83' lang='lat' dir='ltr'><strong>egressus,</strong></span> <span class='ocrx_word' id='word_1_542' title='bbox 2554 2890 2663 2931; x_wconf 92' lang='lat' dir='ltr'><strong>non</strong></span> <span class='ocrx_word' id='word_1_543' title='bbox 2692 2878 2918 2947; x_wconf 68' lang='lat' dir='ltr'><strong>sphaerae</strong></span> <span class='ocrx_word' id='word_1_544' title='bbox 2950 2888 3004 2936; x_wconf 92' lang='lat' dir='ltr'><strong>et</strong></span> <span class='ocrx_word' id='word_1_545' title='bbox 3032 2898 3295 2938; x_wconf 84' lang='lat' dir='ltr'><strong>ascensus</strong></span> <span class='ocrx_word' id='word_1_546' title='bbox 3318 2882 3630 2948; x_wconf 86' lang='lat' dir='ltr'><strong>circularis,</strong></span> 
     </span>
    </p>
   </div>
   <div class='ocr_carea' id='block_1_72' title="bbox 2052 2968 3634 3048">
    <p class='ocr_par' dir='ltr' id='par_1_72' title="bbox 2052 2968 3634 3048">
     <span class='ocr_line' id='line_1_72' title="bbox 2052 2968 3634 3048; baseline 0.007 -27"><span class='ocrx_word' id='word_1_547' title='bbox 2052 2975 2112 3021; x_wconf 91' lang='lat' dir='ltr'><strong>ut</strong></span> <span class='ocrx_word' id='word_1_548' title='bbox 2135 2968 2413 3038; x_wconf 87' lang='lat' dir='ltr'><strong>aliquibus</strong></span> <span class='ocrx_word' id='word_1_549' title='bbox 2445 2968 2662 3025; x_wconf 87' lang='lat' dir='ltr'><strong>videtur</strong></span> <span class='ocrx_word' id='word_1_550' title='bbox 2683 2987 2854 3029; x_wconf 85' lang='lat' dir='ltr'><strong>vanas</strong></span> <span class='ocrx_word' id='word_1_551' title='bbox 2882 2974 3231 3044; x_wconf 87' lang='lat' dir='ltr'><strong>conjecturas</strong></span> <span class='ocrx_word' id='word_1_552' title='bbox 3254 2977 3634 3048; x_wconf 87' lang='lat' dir='ltr'><strong>sequentibus.</strong></span> 
     </span>
    </p>
   </div>
   <div class='ocr_carea' id='block_1_73' title="bbox 2053 3059 3631 3137">
    <p class='ocr_par' dir='ltr' id='par_1_73' title="bbox 2053 3059 3631 3137">
     <span class='ocr_line' id='line_1_73' title="bbox 2053 3059 3631 3137; baseline 0.007 -25"><span class='ocrx_word' id='word_1_553' title='bbox 2053 3059 2121 3112; x_wconf 81' lang='lat' dir='ltr'><strong>Et</strong></span> <span class='ocrx_word' id='word_1_554' title='bbox 2150 3076 2404 3115; x_wconf 81' lang='lat' dir='ltr'><strong>occursus</strong></span> <span class='ocrx_word' id='word_1_555' title='bbox 2461 3061 2598 3131; x_wconf 80' lang='lat' dir='ltr'><strong>ejus,</strong></span> <span class='ocrx_word' id='word_1_556' title='bbox 2635 3064 2837 3134; x_wconf 87' lang='lat' dir='ltr'><strong>inquit,</strong></span> <span class='ocrx_word' id='word_1_557' title='bbox 2877 3082 3039 3137; x_wconf 85' lang='lat' dir='ltr'><strong>usque</strong></span> <span class='ocrx_word' id='word_1_558' title='bbox 3078 3070 3147 3122; x_wconf 88' lang='lat' dir='ltr'><strong>ad</strong></span> <span class='ocrx_word' id='word_1_559' title='bbox 3200 3084 3465 3122; x_wconf 83' lang='lat' dir='ltr'><strong>summum</strong></span> <span class='ocrx_word' id='word_1_560' title='bbox 3496 3068 3631 3123; x_wconf 72' lang='lat' dir='ltr'><strong>caeli.</strong></span> 
     </span>
    </p>
   </div>
   <div class='ocr_carea' id='block_1_74' title="bbox 2052 3150 3634 3224">
    <p class='ocr_par' dir='ltr' id='par_1_74' title="bbox 2052 3150 3634 3224">
     <span class='ocr_line' id='line_1_74' title="bbox 2052 3150 3634 3224; baseline 0.005 -19"><span class='ocrx_word' id='word_1_561' title='bbox 2052 3150 2188 3206; x_wconf 79' lang='lat' dir='ltr'><strong>Vide</strong></span> <span class='ocrx_word' id='word_1_562' title='bbox 2220 3167 2425 3208; x_wconf 79' lang='lat' dir='ltr'><strong>rursus</strong></span> <span class='ocrx_word' id='word_1_563' title='bbox 2449 3171 2721 3212; x_wconf 75' lang='lat' dir='ltr'><strong>occursum</strong></span> <span class='ocrx_word' id='word_1_564' title='bbox 2762 3164 2815 3210; x_wconf 88' lang='lat' dir='ltr'><strong>et</strong></span> <span class='ocrx_word' id='word_1_565' title='bbox 2850 3175 3133 3224; x_wconf 85' lang='lat' dir='ltr'><strong>summum,</strong></span> <span class='ocrx_word' id='word_1_566' title='bbox 3172 3174 3280 3213; x_wconf 89' lang='lat' dir='ltr'><strong>non</strong></span> <span class='ocrx_word' id='word_1_567' title='bbox 3308 3160 3634 3215; x_wconf 86' lang='lat' dir='ltr'><strong>descensum</strong></span> 
     </span>
    </p>
   </div>
   <div class='ocr_carea' id='block_1_75' title="bbox 2051 3243 3636 3321">
    <p class='ocr_par' dir='ltr' id='par_1_75' title="bbox 2051 3243 3636 3321">
     <span class='ocr_line' id='line_1_75' title="bbox 2051 3243 3636 3321; baseline 0.005 -23"><span class='ocrx_word' id='word_1_568' title='bbox 2051 3251 2106 3298; x_wconf 88' lang='lat' dir='ltr'><strong>et</strong></span> <span class='ocrx_word' id='word_1_569' title='bbox 2142 3257 2423 3298; x_wconf 90' lang='lat' dir='ltr'><strong>occasum.</strong></span> <span class='ocrx_word' id='word_1_570' title='bbox 2479 3243 2585 3299; x_wconf 86' lang='lat' dir='ltr'><strong>Sed</strong></span> <span class='ocrx_word' id='word_1_571' title='bbox 2641 3248 2787 3311; x_wconf 90' lang='lat' dir='ltr'><strong>enim</strong></span> <span class='ocrx_word' id='word_1_572' title='bbox 2819 3248 2887 3302; x_wconf 89' lang='lat' dir='ltr'><strong>ad</strong></span> <span class='ocrx_word' id='word_1_573' title='bbox 2918 3250 3230 3319; x_wconf 84' lang='lat' dir='ltr'><strong>sponsalem</strong></span> <span class='ocrx_word' id='word_1_574' title='bbox 3269 3252 3636 3321; x_wconf 81' lang='lat' dir='ltr'><strong>pulchritudi-</strong></span> 
     </span>
    </p>
   </div>
   <div class='ocr_carea' id='block_1_76' title="bbox 2050 3335 3637 3415">
    <p class='ocr_par' dir='ltr' id='par_1_76' title="bbox 2050 3335 3637 3415">
     <span class='ocr_line' id='line_1_76' title="bbox 2050 3335 3637 3415; baseline 0.007 -27"><span class='ocrx_word' id='word_1_575' title='bbox 2050 3350 2172 3390; x_wconf 87' lang='lat' dir='ltr'><strong>nem</strong></span> <span class='ocrx_word' id='word_1_576' title='bbox 2198 3335 2364 3404; x_wconf 89' lang='lat' dir='ltr'><strong>hujus</strong></span> <span class='ocrx_word' id='word_1_577' title='bbox 2392 3337 2681 3393; x_wconf 88' lang='lat' dir='ltr'><strong>luminaris</strong></span> <span class='ocrx_word' id='word_1_578' title='bbox 2712 3342 3061 3397; x_wconf 88' lang='lat' dir='ltr'><strong>accedamus.</strong></span> <span class='ocrx_word' id='word_1_579' title='bbox 3093 3342 3278 3413; x_wconf 87' lang='lat' dir='ltr'><strong>Inquit</strong></span> <span class='ocrx_word' id='word_1_580' title='bbox 3305 3343 3448 3415; x_wconf 74' lang='lat' dir='ltr'><strong>enim</strong></span> <span class='ocrx_word' id='word_1_581' title='bbox 3475 3343 3542 3399; x_wconf 93' lang='lat' dir='ltr'><strong>de</strong></span> <span class='ocrx_word' id='word_1_582' title='bbox 3570 3359 3637 3399; x_wconf 92' lang='lat' dir='ltr'><strong>eo</strong></span> 
     </span>
    </p>
   </div>
   <div class='ocr_carea' id='block_1_77' title="bbox 2051 3424 3637 3503">
    <p class='ocr_par' dir='ltr' id='par_1_77' title="bbox 2051 3424 3637 3503">
     <span class='ocr_line' id='line_1_77' title="bbox 2051 3424 3637 3503; baseline 0.006 -24"><span class='ocrx_word' id='word_1_583' title='bbox 2051 3424 2316 3482; x_wconf 87' lang='lat' dir='ltr'><strong>Davides:</strong></span> <span class='ocrx_word' id='word_1_584' title='bbox 2339 3426 2404 3479; x_wconf 80' lang='lat' dir='ltr'><strong>Et</strong></span> <span class='ocrx_word' id='word_1_585' title='bbox 2435 3430 2546 3493; x_wconf 82' lang='lat' dir='ltr'><strong>ipse</strong></span> <span class='ocrx_word' id='word_1_586' title='bbox 2576 3430 2715 3483; x_wconf 80' lang='lat' dir='ltr'><strong>velut</strong></span> <span class='ocrx_word' id='word_1_587' title='bbox 2750 3447 2973 3500; x_wconf 85' lang='lat' dir='ltr'><strong>sponsus</strong></span> <span class='ocrx_word' id='word_1_588' title='bbox 3005 3433 3272 3503; x_wconf 82' lang='lat' dir='ltr'><strong>egrediens</strong></span> <span class='ocrx_word' id='word_1_589' title='bbox 3305 3450 3371 3488; x_wconf 78' lang='lat' dir='ltr'><strong>ea:</strong></span> <span class='ocrx_word' id='word_1_590' title='bbox 3400 3436 3637 3489; x_wconf 84' lang='lat' dir='ltr'><strong>thalamo</strong></span> 
     </span>
    </p>
   </div>
   <div class='ocr_carea' id='block_1_78' title="bbox 2051 3520 3638 3597">
    <p class='ocr_par' dir='ltr' id='par_1_78' title="bbox 2051 3520 3638 3597">
     <span class='ocr_line' id='line_1_78' title="bbox 2051 3520 3638 3597; baseline 0.008 -26"><span class='ocrx_word' id='word_1_591' title='bbox 2051 3534 2170 3584; x_wconf 83' lang='lat' dir='ltr'><strong>suo,</strong></span> <span class='ocrx_word' id='word_1_592' title='bbox 2226 3520 2409 3575; x_wconf 83' lang='lat' dir='ltr'><strong>verbis</strong></span> <span class='ocrx_word' id='word_1_593' title='bbox 2458 3522 2611 3576; x_wconf 88' lang='lat' dir='ltr'><strong>hisce</strong></span> <span class='ocrx_word' id='word_1_594' title='bbox 2667 3524 3003 3578; x_wconf 78' lang='lat' dir='ltr'><strong>alacritatem</strong></span> <span class='ocrx_word' id='word_1_595' title='bbox 3045 3535 3098 3580; x_wconf 88' lang='lat' dir='ltr'><strong>et</strong></span> <span class='ocrx_word' id='word_1_596' title='bbox 3146 3534 3638 3597; x_wconf 84' lang='lat' dir='ltr'><strong>temperamentum</strong></span> 
     </span>
    </p>
   </div>
   <div class='ocr_carea' id='block_1_79' title="bbox 2054 3615 3641 3685">
    <p class='ocr_par' dir='ltr' id='par_1_79' title="bbox 2054 3615 3641 3685">
     <span class='ocr_line' id='line_1_79' title="bbox 2054 3615 3641 3685; baseline 0.008 -20"><span class='ocrx_word' id='word_1_597' title='bbox 2054 3621 2309 3681; x_wconf 82' lang='lat' dir='ltr'><strong>aspectus</strong></span> <span class='ocrx_word' id='word_1_598' title='bbox 2349 3615 2469 3682; x_wconf 84' lang='lat' dir='ltr'><strong>ejus</strong></span> <span class='ocrx_word' id='word_1_599' title='bbox 2504 3616 2752 3669; x_wconf 86' lang='lat' dir='ltr'><strong>matutini</strong></span> <span class='ocrx_word' id='word_1_600' title='bbox 2807 3618 3136 3685; x_wconf 79' lang='lat' dir='ltr'><strong>exprimens.</strong></span> <span class='ocrx_word' id='word_1_601' title='bbox 3173 3618 3309 3674; x_wconf 87' lang='lat' dir='ltr'><strong>Nam</strong></span> <span class='ocrx_word' id='word_1_602' title='bbox 3367 3636 3490 3675; x_wconf 88' lang='lat' dir='ltr'><strong>cum</strong></span> <span class='ocrx_word' id='word_1_603' title='bbox 3526 3638 3641 3677; x_wconf 83' lang='lat' dir='ltr'><strong>me-</strong></span> 
     </span>
    </p>
   </div>
   <div class='ocr_carea' id='block_1_80' title="bbox 2054 3702 3638 3783">
    <p class='ocr_par' dir='ltr' id='par_1_80' title="bbox 2054 3702 3638 3783">
     <span class='ocr_line' id='line_1_80' title="bbox 2054 3702 3638 3783; baseline 0.008 -28"><span class='ocrx_word' id='word_1_604' title='bbox 2054 3702 2324 3760; x_wconf 87' lang='lat' dir='ltr'><strong>ridionale</strong></span> <span class='ocrx_word' id='word_1_605' title='bbox 2376 3707 2575 3760; x_wconf 74' lang='lat' dir='ltr'><strong>emtum</strong></span> <span class='ocrx_word' id='word_1_606' title='bbox 2609 3708 2903 3776; x_wconf 86' lang='lat' dir='ltr'><strong>percurrit,</strong></span> <span class='ocrx_word' id='word_1_607' title='bbox 2945 3724 3325 3778; x_wconf 68' lang='lat' dir='ltr'><strong>saepenumero</strong></span> <span class='ocrx_word' id='word_1_608' title='bbox 3364 3712 3638 3783; x_wconf 87' lang='lat' dir='ltr'><strong>refugium</strong></span> 
     </span>
    </p>
   </div>
   <div class='ocr_carea' id='block_1_81' title="bbox 2056 3798 3640 3869">
    <p class='ocr_par' dir='ltr' id='par_1_81' title="bbox 2056 3798 3640 3869">
     <span class='ocr_line' id='line_1_81' title="bbox 2056 3798 3640 3869; baseline 0.009 -22"><span class='ocrx_word' id='word_1_609' title='bbox 2056 3810 2300 3863; x_wconf 67' lang='lat' dir='ltr'><strong>quaerere</strong></span> <span class='ocrx_word' id='word_1_610' title='bbox 2330 3804 2626 3865; x_wconf 77' lang='lat' dir='ltr'><strong>tentamus,</strong></span> <span class='ocrx_word' id='word_1_611' title='bbox 2664 3798 2879 3868; x_wconf 86' lang='lat' dir='ltr'><strong>igneum</strong></span> <span class='ocrx_word' id='word_1_612' title='bbox 2902 3801 3142 3855; x_wconf 87' lang='lat' dir='ltr'><strong>calorem</strong></span> <span class='ocrx_word' id='word_1_613' title='bbox 3174 3803 3294 3869; x_wconf 91' lang='lat' dir='ltr'><strong>ejus</strong></span> <span class='ocrx_word' id='word_1_614' title='bbox 3318 3820 3428 3857; x_wconf 91' lang='lat' dir='ltr'><strong>non</strong></span> <span class='ocrx_word' id='word_1_615' title='bbox 3461 3804 3640 3861; x_wconf 83' lang='lat' dir='ltr'><strong>feren-</strong></span> 
     </span>
    </p>
   </div>
   <div class='ocr_carea' id='block_1_82' title="bbox 2057 3879 3637 3959">
    <p class='ocr_par' dir='ltr' id='par_1_82' title="bbox 2057 3879 3637 3959">
     <span class='ocr_line' id='line_1_82' title="bbox 2057 3879 3637 3959; baseline 0.006 -19"><span class='ocrx_word' id='word_1_616' title='bbox 2057 3896 2163 3943; x_wconf 90' lang='lat' dir='ltr'><strong>tes.</strong></span> <span class='ocrx_word' id='word_1_617' title='bbox 2197 3886 2369 3941; x_wconf 89' lang='lat' dir='ltr'><strong>Simul</strong></span> <span class='ocrx_word' id='word_1_618' title='bbox 2400 3896 2581 3943; x_wconf 87' lang='lat' dir='ltr'><strong>autem</strong></span> <span class='ocrx_word' id='word_1_619' title='bbox 2618 3891 2671 3943; x_wconf 92' lang='lat' dir='ltr'><strong>in</strong></span> <span class='ocrx_word' id='word_1_620' title='bbox 2717 3898 2907 3944; x_wconf 81' lang='lat' dir='ltr'><strong>exortu</strong></span> <span class='ocrx_word' id='word_1_621' title='bbox 2942 3890 3223 3959; x_wconf 86' lang='lat' dir='ltr'><strong>jucundus</strong></span> <span class='ocrx_word' id='word_1_622' title='bbox 3248 3904 3332 3947; x_wconf 87' lang='lat' dir='ltr'><strong>est</strong></span> <span class='ocrx_word' id='word_1_623' title='bbox 3350 3879 3637 3959; x_wconf 72' lang='lat' dir='ltr'><strong>omnibus,</strong></span> 
     </span>
    </p>
   </div>
   <div class='ocr_carea' id='block_1_83' title="bbox 2058 3980 3640 4051">
    <p class='ocr_par' dir='ltr' id='par_1_83' title="bbox 2058 3980 3640 4051">
     <span class='ocr_line' id='line_1_83' title="bbox 2058 3980 3640 4051; baseline 0.005 -19"><span class='ocrx_word' id='word_1_624' title='bbox 2058 3987 2113 4032; x_wconf 89' lang='lat' dir='ltr'><strong>et</strong></span> <span class='ocrx_word' id='word_1_625' title='bbox 2136 3980 2284 4033; x_wconf 79' lang='lat' dir='ltr'><strong>velut</strong></span> <span class='ocrx_word' id='word_1_626' title='bbox 2314 3994 2551 4047; x_wconf 88' lang='lat' dir='ltr'><strong>sponsus</strong></span> <span class='ocrx_word' id='word_1_627' title='bbox 2606 3980 2894 4049; x_wconf 82' lang='lat' dir='ltr'><strong>aspicitur,</strong></span> <span class='ocrx_word' id='word_1_628' title='bbox 2931 3992 2984 4035; x_wconf 87' lang='lat' dir='ltr'><strong>et</strong></span> <span class='ocrx_word' id='word_1_629' title='bbox 3008 3996 3058 4035; x_wconf 67' lang='lat' dir='ltr'><strong>.a</strong></span> <span class='ocrx_word' id='word_1_630' title='bbox 3091 3989 3337 4051; x_wconf 85' lang='lat' dir='ltr'><strong>tempore</strong></span> <span class='ocrx_word' id='word_1_631' title='bbox 3367 3986 3640 4040; x_wconf 89' lang='lat' dir='ltr'><strong>matutino</strong></span> 
     </span>
    </p>
   </div>
   <div class='ocr_carea' id='block_1_84' title="bbox 2057 4070 3639 4142">
    <p class='ocr_par' dir='ltr' id='par_1_84' title="bbox 2057 4070 3639 4142">
     <span class='ocr_line' id='line_1_84' title="bbox 2057 4070 3639 4142; baseline 0.006 -20"><span class='ocrx_word' id='word_1_632' title='bbox 2057 4070 2123 4122; x_wconf 85' lang='lat' dir='ltr'><strong>ad</strong></span> <span class='ocrx_word' id='word_1_633' title='bbox 2160 4086 2443 4140; x_wconf 79' lang='lat' dir='ltr'><strong>vesperam</strong></span> <span class='ocrx_word' id='word_1_634' title='bbox 2474 4086 2649 4141; x_wconf 90' lang='lat' dir='ltr'><strong>usque</strong></span> <span class='ocrx_word' id='word_1_635' title='bbox 2678 4083 2937 4141; x_wconf 82' lang='lat' dir='ltr'><strong>perpetuo</strong></span> <span class='ocrx_word' id='word_1_636' title='bbox 2959 4088 3057 4142; x_wconf 90' lang='lat' dir='ltr'><strong>pcr</strong></span> <span class='ocrx_word' id='word_1_637' title='bbox 3091 4074 3368 4129; x_wconf 89' lang='lat' dir='ltr'><strong>radiorum</strong></span> <span class='ocrx_word' id='word_1_638' title='bbox 3413 4091 3639 4131; x_wconf 88' lang='lat' dir='ltr'><strong>suorum</strong></span> 
     </span>
    </p>
   </div>
   <div class='ocr_carea' id='block_1_85' title="bbox 2058 4160 3640 4238">
    <p class='ocr_par' dir='ltr' id='par_1_85' title="bbox 2058 4160 3640 4238">
     <span class='ocr_line' id='line_1_85' title="bbox 2058 4160 3640 4238; baseline 0.007 -24"><span class='ocrx_word' id='word_1_639' title='bbox 2058 4160 2386 4217; x_wconf 79' lang='lat' dir='ltr'><strong>reflexiones</strong></span> <span class='ocrx_word' id='word_1_640' title='bbox 2414 4163 2671 4218; x_wconf 86' lang='lat' dir='ltr'><strong>dissolvit</strong></span> <span class='ocrx_word' id='word_1_641' title='bbox 2702 4164 2803 4217; x_wconf 88' lang='lat' dir='ltr'><strong>hac</strong></span> <span class='ocrx_word' id='word_1_642' title='bbox 2844 4179 2958 4221; x_wconf 73' lang='lat' dir='ltr'><strong>sua:</strong></span> <span class='ocrx_word' id='word_1_643' title='bbox 3000 4165 3139 4220; x_wconf 90' lang='lat' dir='ltr'><strong>facis</strong></span> <span class='ocrx_word' id='word_1_644' title='bbox 3165 4166 3285 4221; x_wconf 88' lang='lat' dir='ltr'><strong>luce</strong></span> <span class='ocrx_word' id='word_1_645' title='bbox 3328 4168 3640 4238; x_wconf 79' lang='lat' dir='ltr'><strong>injucundi-</strong></span> 
     </span>
    </p>
   </div>
   <div class='ocr_carea' id='block_1_86' title="bbox 360 4256 3643 4333">
    <p class='ocr_par' dir='ltr' id='par_1_86' title="bbox 360 4256 3643 4333">
     <span class='ocr_line' id='line_1_86' title="bbox 360 4256 3643 4333; baseline 0.002 -19"><span class='ocrx_word' id='word_1_646' title='bbox 360 4268 532 4315; x_wconf 84' lang='lat' dir='ltr'><strong>tatem</strong></span> <span class='ocrx_word' id='word_1_647' title='bbox 559 4261 725 4325; x_wconf 87' lang='lat' dir='ltr'><strong>aeris,</strong></span> <span class='ocrx_word' id='word_1_648' title='bbox 758 4268 853 4314; x_wconf 91' lang='lat' dir='ltr'><strong>aut</strong></span> <span class='ocrx_word' id='word_1_649' title='bbox 904 4275 1030 4315; x_wconf 91' lang='lat' dir='ltr'><strong>cum</strong></span> <span class='ocrx_word' id='word_1_650' title='bbox 1080 4268 1227 4315; x_wconf 86' lang='lat' dir='ltr'><strong>terra</strong></span> <span class='ocrx_word' id='word_1_651' title='bbox 1263 4260 1332 4314; x_wconf 90' lang='lat' dir='ltr'><strong>ad</strong></span> <span class='ocrx_word' id='word_1_652' title='bbox 1363 4258 1712 4315; x_wconf 81' lang='lat' dir='ltr'><strong>excitandum</strong></span> <span class='ocrx_word' id='word_1_653' title='bbox 1768 4256 2120 4317; x_wconf 80' lang='lat' dir='ltr'><strong>fertilitatem.</strong></span> <span class='ocrx_word' id='word_1_654' title='bbox 2139 4258 2297 4329; x_wconf 86' lang='lat' dir='ltr'><strong>quasi</strong></span> <span class='ocrx_word' id='word_1_655' title='bbox 2325 4261 2455 4324; x_wconf 87' lang='lat' dir='ltr'><strong>coit,</strong></span> <span class='ocrx_word' id='word_1_656' title='bbox 2479 4274 2710 4331; x_wconf 88' lang='lat' dir='ltr'><strong>eamque</strong></span> <span class='ocrx_word' id='word_1_657' title='bbox 2760 4259 2926 4325; x_wconf 86' lang='lat' dir='ltr'><strong>fovet,</strong></span> <span class='ocrx_word' id='word_1_658' title='bbox 2967 4260 3036 4315; x_wconf 83' lang='lat' dir='ltr'><strong>ad</strong></span> <span class='ocrx_word' id='word_1_659' title='bbox 3067 4263 3392 4333; x_wconf 82' lang='lat' dir='ltr'><strong>proferenda</strong></span> <span class='ocrx_word' id='word_1_660' title='bbox 3433 4264 3643 4320; x_wconf 85' lang='lat' dir='ltr'><strong>semina</strong></span> 
     </span>
    </p>
   </div>
   <div class='ocr_carea' id='block_1_87' title="bbox 358 4366 694 4423">
    <p class='ocr_par' dir='ltr' id='par_1_87' title="bbox 358 4366 694 4423">
     <span class='ocr_line' id='line_1_87' title="bbox 358 4366 694 4423; baseline -0.006 -17"><span class='ocrx_word' id='word_1_661' title='bbox 358 4366 694 4423; x_wconf 90' lang='lat' dir='ltr'><strong>provocans.</strong></span> 
     </span>
    </p>
   </div>
   <div class='ocr_carea' id='block_1_88' title="bbox 943 4463 1348 4523">
    <p class='ocr_par' dir='ltr' id='par_1_88' title="bbox 943 4463 1348 4523">
     <span class='ocr_line' id='line_1_88' title="bbox 943 4463 1348 4523; baseline -0.002 -3"><span class='ocrx_word' id='word_1_662' title='bbox 943 4467 1198 4523; x_wconf 82' lang='grc' dir='ltr'><strong>ΠΕΥΣΙΣ</strong></span> <span class='ocrx_word' id='word_1_663' title='bbox 1220 4463 1348 4520; x_wconf 78' lang='lat' dir='ltr'><strong>OA&#39;.</strong></span> 
     </span>
    </p>
   </div>
   <div class='ocr_carea' id='block_1_89' title="bbox 435 4553 1952 4629">
    <p class='ocr_par' dir='ltr' id='par_1_89' title="bbox 435 4553 1952 4629">
     <span class='ocr_line' id='line_1_89' title="bbox 435 4553 1952 4629; baseline -0.001 -16"><span class='ocrx_word' id='word_1_664' title='bbox 435 4561 547 4616; x_wconf 73' lang='lat' dir='ltr'><strong>Kal.</strong></span> <span class='ocrx_word' id='word_1_665' title='bbox 602 4561 719 4622; x_wconf 82' lang='grc' dir='ltr'>πῶς</span> <span class='ocrx_word' id='word_1_666' title='bbox 757 4561 818 4617; x_wconf 82' lang='grc' dir='ltr'><strong>ού</strong></span> <span class='ocrx_word' id='word_1_667' title='bbox 875 4560 1059 4613; x_wconf 85' lang='grc' dir='ltr'>λύεται</span> <span class='ocrx_word' id='word_1_668' title='bbox 1092 4553 1165 4613; x_wconf 72' lang='grc' dir='ltr'><strong>’τὸ</strong></span> <span class='ocrx_word' id='word_1_669' title='bbox 1217 4557 1549 4627; x_wconf 87' lang='grc' dir='ltr'>κρύσταλλον</span> <span class='ocrx_word' id='word_1_670' title='bbox 1585 4559 1652 4629; x_wconf 84' lang='grc' dir='ltr'><strong>τῇ</strong></span> <span class='ocrx_word' id='word_1_671' title='bbox 1710 4556 1952 4629; x_wconf 83' lang='grc' dir='ltr'>πυρώσει</span> 
     </span>
    </p>
   </div>
   <div class='ocr_carea' id='block_1_90' title="bbox 354 4650 1953 4723">
    <p class='ocr_par' dir='ltr' id='par_1_90' title="bbox 354 4650 1953 4723">
     <span class='ocr_line' id='line_1_90' title="bbox 354 4650 1953 4723; baseline -0.002 -17"><span class='ocrx_word' id='word_1_672' title='bbox 354 4653 459 4706; x_wconf 78' lang='grc' dir='ltr'><strong>τοῦ</strong></span> <span class='ocrx_word' id='word_1_673' title='bbox 515 4652 701 4723; x_wconf 83' lang='grc' dir='ltr'>ἡλίου,</span> <span class='ocrx_word' id='word_1_674' title='bbox 754 4652 1012 4705; x_wconf 91' lang='grc' dir='ltr'>τοσούτου</span> <span class='ocrx_word' id='word_1_675' title='bbox 1064 4652 1217 4715; x_wconf 74' lang='grc' dir='ltr'>ὄντος</span> <span class='ocrx_word' id='word_1_676' title='bbox 1267 4650 1470 4721; x_wconf 81' lang='grc' dir='ltr'>θερμοῦ</span> <span class='ocrx_word' id='word_1_677' title='bbox 1523 4650 1807 4720; x_wconf 76' lang='grc' dir='ltr'>ἐμφαίνειν</span> <span class='ocrx_word' id='word_1_678' title='bbox 1838 4650 1953 4719; x_wconf 63' lang='grc'><strong>(27)</strong></span> 
     </span>
    </p>
   </div>
   <div class='ocr_carea' id='block_1_91' title="bbox 355 4737 1955 4817">
    <p class='ocr_par' dir='ltr' id='par_1_91' title="bbox 355 4737 1955 4817">
     <span class='ocr_line' id='line_1_91' title="bbox 355 4737 1955 4817; baseline -0.003 -19"><span class='ocrx_word' id='word_1_679' title='bbox 355 4747 514 4817; x_wconf 83' lang='grc' dir='ltr'>ἡμᾶς</span> <span class='ocrx_word' id='word_1_680' title='bbox 560 4741 758 4807; x_wconf 84' lang='grc' dir='ltr'>αὐτὸν,</span> <span class='ocrx_word' id='word_1_681' title='bbox 818 4742 1138 4814; x_wconf 67' lang='grc' dir='ltr'>μεσημϐρίᾳ</span> <span class='ocrx_word' id='word_1_682' title='bbox 1192 4741 1269 4812; x_wconf 80' lang='grc' dir='ltr'>μὴ</span> <span class='ocrx_word' id='word_1_683' title='bbox 1324 4741 1587 4810; x_wconf 84' lang='grc' dir='ltr'>φέροντας</span> <span class='ocrx_word' id='word_1_684' title='bbox 1640 4737 1805 4793; x_wconf 81' lang='grc' dir='ltr'>αὐτοῦ</span> <span class='ocrx_word' id='word_1_685' title='bbox 1855 4739 1955 4810; x_wconf 83' lang='grc' dir='ltr'>τὴν</span> 
     </span>
    </p>
   </div>
   <div class='ocr_carea' id='block_1_92' title="bbox 359 4838 1189 4908">
    <p class='ocr_par' dir='ltr' id='par_1_92' title="bbox 359 4838 1189 4908">
     <span class='ocr_line' id='line_1_92' title="bbox 359 4838 1189 4908; baseline 0.001 -18"><span class='ocrx_word' id='word_1_686' title='bbox 359 4838 543 4908; x_wconf 76' lang='grc' dir='ltr'>φλόγα</span> <span class='ocrx_word' id='word_1_687' title='bbox 569 4854 584 4903; x_wconf 90' lang='grc'><strong>;</strong></span> <span class='ocrx_word' id='word_1_688' title='bbox 1054 4848 1103 4880; x_wconf 64' lang='grc' dir='ltr'><strong>’⁵ο</strong></span> <span class='ocrx_word' id='word_1_689' title='bbox 1178 4859 1189 4865; x_wconf 88' lang='grc'>·</span> 
     </span>
    </p>
   </div>
   <div class='ocr_carea' id='block_1_93' title="bbox 1000 4924 1353 4992">
    <p class='ocr_par' dir='ltr' id='par_1_93' title="bbox 1000 4924 1353 4992">
     <span class='ocr_line' id='line_1_93' title="bbox 1000 4924 1353 4992; baseline -0.008 -13"><span class='ocrx_word' id='word_1_690' title='bbox 1000 4924 1353 4992; x_wconf 79' lang='grc' dir='ltr'>Ἀπόκρισις.</span> 
     </span>
    </p>
   </div>
   <div class='ocr_carea' id='block_1_94' title="bbox 434 5012 1957 5090">
    <p class='ocr_par' dir='ltr' id='par_1_94' title="bbox 434 5012 1957 5090">
     <span class='ocr_line' id='line_1_94' title="bbox 434 5012 1957 5090; baseline -0.006 -16"><span class='ocrx_word' id='word_1_691' title='bbox 434 5017 572 5074; x_wconf 75' lang='grc' dir='ltr'><strong>Θεοῦ</strong></span> <span class='ocrx_word' id='word_1_692' title='bbox 624 5018 950 5090; x_wconf 84' lang='grc' dir='ltr'>βουλομένου</span> <span class='ocrx_word' id='word_1_693' title='bbox 988 5016 1282 5070; x_wconf 86' lang='grc' dir='ltr'>σιωπάσθω</span> <span class='ocrx_word' id='word_1_694' title='bbox 1326 5016 1388 5069; x_wconf 80' lang='grc' dir='ltr'>τὸ</span> <span class='ocrx_word' id='word_1_695' title='bbox 1440 5015 1587 5079; x_wconf 80' lang='grc' dir='ltr'>πῶς’</span> <span class='ocrx_word' id='word_1_696' title='bbox 1636 5014 1758 5068; x_wconf 73' lang='grc' dir='ltr'>ἐπεὶ</span> <span class='ocrx_word' id='word_1_697' title='bbox 1802 5012 1957 5083; x_wconf 83' lang='grc' dir='ltr'><strong>κάγὼ</strong></span> 
     </span>
    </p>
   </div>
   <div class='ocr_carea' id='block_1_95' title="bbox 354 5105 1959 5181">
    <p class='ocr_par' dir='ltr' id='par_1_95' title="bbox 354 5105 1959 5181">
     <span class='ocr_line' id='line_1_95' title="bbox 354 5105 1959 5181; baseline -0.006 -16"><span class='ocrx_word' id='word_1_698' title='bbox 354 5112 592 5172; x_wconf 79' lang='grc' dir='ltr'>εἰκότως</span> <span class='ocrx_word' id='word_1_699' title='bbox 622 5109 802 5181; x_wconf 75' lang='grc' dir='ltr'>ἔροιμί</span> <span class='ocrx_word' id='word_1_700' title='bbox 836 5122 960 5160; x_wconf 87' lang='grc' dir='ltr'>σου·</span> <span class='ocrx_word' id='word_1_701' title='bbox 1003 5106 1128 5170; x_wconf 85' lang='grc' dir='ltr'>Πῶς</span> <span class='ocrx_word' id='word_1_702' title='bbox 1172 5109 1207 5178; x_wconf 82' lang='grc' dir='ltr'><strong>ὴ</strong></span> <span class='ocrx_word' id='word_1_703' title='bbox 1247 5105 1451 5176; x_wconf 84' lang='grc' dir='ltr'>θάμνος</span> <span class='ocrx_word' id='word_1_704' title='bbox 1475 5106 1568 5158; x_wconf 76' lang='grc' dir='ltr'>ἐπὶ</span> <span class='ocrx_word' id='word_1_705' title='bbox 1592 5105 1835 5167; x_wconf 83' lang='grc' dir='ltr'>Μωσέως</span> <span class='ocrx_word' id='word_1_706' title='bbox 1867 5106 1959 5156; x_wconf 83' lang='grc' dir='ltr'><strong>ὲκ-</strong></span> 
     </span>
    </p>
   </div>
   <div class='ocr_carea' id='block_1_96' title="bbox 356 5194 1956 5276">
    <p class='ocr_par' dir='ltr' id='par_1_96' title="bbox 356 5194 1956 5276">
     <span class='ocr_line' id='line_1_96' title="bbox 356 5194 1956 5276; baseline -0.004 -21"><span class='ocrx_word' id='word_1_707' title='bbox 356 5202 678 5276; x_wconf 79' lang='grc' dir='ltr'>φλεγομὲνη</span> <span class='ocrx_word' id='word_1_708' title='bbox 699 5242 714 5264; x_wconf 90' lang='grc'><strong>,</strong></span> <span class='ocrx_word' id='word_1_709' title='bbox 748 5201 810 5254; x_wconf 84' lang='grc' dir='ltr'>οὐ</span> <span class='ocrx_word' id='word_1_710' title='bbox 840 5199 1227 5270; x_wconf 78' lang='grc' dir='ltr'>κατεφλέγετο,</span> <span class='ocrx_word' id='word_1_711' title='bbox 1255 5199 1369 5252; x_wconf 84' lang='grc' dir='ltr'>ἀλλ’</span> <span class='ocrx_word' id='word_1_712' title='bbox 1404 5196 1515 5252; x_wconf 76' lang='grc' dir='ltr'>οἷον</span> <span class='ocrx_word' id='word_1_713' title='bbox 1538 5198 1713 5269; x_wconf 78' lang='grc' dir='ltr'>δρόσῳ</span> <span class='ocrx_word' id='word_1_714' title='bbox 1747 5194 1956 5259; x_wconf 77' lang='grc' dir='ltr'>νοτιζο-</span> 
     </span>
    </p>
   </div>
   <div class='ocr_carea' id='block_1_97' title="bbox 358 5291 1957 5373">
    <p class='ocr_par' dir='ltr' id='par_1_97' title="bbox 358 5291 1957 5373">
     <span class='ocr_line' id='line_1_97' title="bbox 358 5291 1957 5373; baseline -0.008 -19"><span class='ocrx_word' id='word_1_715' title='bbox 358 5300 505 5373; x_wconf 79' lang='grc' dir='ltr'><strong>μένη</strong></span> <span class='ocrx_word' id='word_1_716' title='bbox 535 5298 770 5369; x_wconf 79' lang='grc' dir='ltr'>εὐθαλὴς</span> <span class='ocrx_word' id='word_1_717' title='bbox 804 5295 1006 5369; x_wconf 72' lang='grc' dir='ltr'>μᾶλλον</span> <span class='ocrx_word' id='word_1_718' title='bbox 1030 5295 1347 5360; x_wconf 85' lang='grc' dir='ltr'>ἐδείκνυτο;</span> <span class='ocrx_word' id='word_1_719' title='bbox 1398 5294 1515 5357; x_wconf 80' lang='grc' dir='ltr'>πῶς</span> <span class='ocrx_word' id='word_1_720' title='bbox 1547 5293 1602 5346; x_wconf 91' lang='grc' dir='ltr'><strong>δέ</strong></span> <span class='ocrx_word' id='word_1_721' title='bbox 1640 5294 1689 5344; x_wconf 83' lang='grc' dir='ltr'>οἱ</span> <span class='ocrx_word' id='word_1_722' title='bbox 1725 5291 1957 5361; x_wconf 86' lang='grc' dir='ltr'>βόστρυ-</span> 
     </span>
    </p>
   </div>
   <div class='ocr_carea' id='block_1_98' title="bbox 353 5381 1955 5463">
    <p class='ocr_par' dir='ltr' id='par_1_98' title="bbox 353 5381 1955 5463">
     <span class='ocr_line' id='line_1_98' title="bbox 353 5381 1955 5463; baseline -0.008 -17"><span class='ocrx_word' id='word_1_723' title='bbox 353 5410 451 5463; x_wconf 76' lang='grc' dir='ltr'><strong>χοι</strong></span> <span class='ocrx_word' id='word_1_724' title='bbox 480 5392 576 5445; x_wconf 69' lang='grc' dir='ltr'>καὶ</span> <span class='ocrx_word' id='word_1_725' title='bbox 602 5390 670 5443; x_wconf 82' lang='grc' dir='ltr'>τὰ</span> <span class='ocrx_word' id='word_1_726' title='bbox 706 5387 996 5456; x_wconf 78' lang='grc' dir='ltr'>σαράϐαρα.</span> <span class='ocrx_word' id='word_1_727' title='bbox 1020 5385 1129 5440; x_wconf 85' lang='grc' dir='ltr'><strong>τῶν</strong></span> <span class='ocrx_word' id='word_1_728' title='bbox 1156 5388 1284 5457; x_wconf 78' lang='grc' dir='ltr'>περὶ</span> <span class='ocrx_word' id='word_1_729' title='bbox 1327 5385 1597 5449; x_wconf 80' lang='grc' dir='ltr'>Ἀνανίαν,</span> <span class='ocrx_word' id='word_1_730' title='bbox 1626 5385 1683 5435; x_wconf 92' lang='grc' dir='ltr'><strong>ἐν</strong></span> <span class='ocrx_word' id='word_1_731' title='bbox 1712 5385 1778 5453; x_wconf 78' lang='grc' dir='ltr'><strong>τῇ</strong></span> <span class='ocrx_word' id='word_1_732' title='bbox 1807 5381 1955 5434; x_wconf 84' lang='grc' dir='ltr'>Χαλ-</span> 
     </span>
    </p>
   </div>
   <div class='ocr_carea' id='block_1_99' title="bbox 352 5476 1957 5553">
    <p class='ocr_par' dir='ltr' id='par_1_99' title="bbox 352 5476 1957 5553">
     <span class='ocr_line' id='line_1_99' title="bbox 352 5476 1957 5553; baseline -0.007 -15"><span class='ocrx_word' id='word_1_733' title='bbox 352 5482 531 5538; x_wconf 78' lang='grc' dir='ltr'>δαίων</span> <span class='ocrx_word' id='word_1_734' title='bbox 570 5483 787 5553; x_wconf 83' lang='grc' dir='ltr'>καμίνῳ</span> <span class='ocrx_word' id='word_1_735' title='bbox 814 5523 829 5546; x_wconf 86' lang='grc'><strong>,</strong></span> <span class='ocrx_word' id='word_1_736' title='bbox 864 5480 956 5532; x_wconf 70' lang='grc' dir='ltr'>ἐπὶ</span> <span class='ocrx_word' id='word_1_737' title='bbox 982 5478 1392 5549; x_wconf 86' lang='grc' dir='ltr'>τεσσαράκοντα</span> <span class='ocrx_word' id='word_1_738' title='bbox 1445 5477 1600 5530; x_wconf 81' lang='grc' dir='ltr'>ἐννέα</span> <span class='ocrx_word' id='word_1_739' title='bbox 1635 5476 1828 5546; x_wconf 85' lang='grc' dir='ltr'>πήχεις</span> <span class='ocrx_word' id='word_1_740' title='bbox 1857 5477 1957 5545; x_wconf 80' lang='grc' dir='ltr'>τῆς</span> 
     </span>
    </p>
   </div>
   <div class='ocr_carea' id='block_1_100' title="bbox 435 5593 1028 5659">
    <p class='ocr_par' dir='ltr' id='par_1_100' title="bbox 435 5593 1028 5659">
     <span class='ocr_line' id='line_1_100' title="bbox 435 5593 1028 5659; baseline -0.008 -8"><span class='ocrx_word' id='word_1_741' title='bbox 435 5600 482 5629; x_wconf 86' lang='grc'><strong>¹²</strong></span> <span class='ocrx_word' id='word_1_742' title='bbox 522 5596 665 5652; x_wconf 86' lang='lat' dir='ltr'><strong>Psal.</strong></span> <span class='ocrx_word' id='word_1_743' title='bbox 692 5611 847 5659; x_wconf 78' lang='lat' dir='ltr'><strong>xvm,</strong></span> <span class='ocrx_word' id='word_1_744' title='bbox 879 5593 933 5657; x_wconf 86' lang='grc'>6,</span> <span class='ocrx_word' id='word_1_745' title='bbox 974 5594 1028 5647; x_wconf 85' lang='lat'><strong>7.</strong></span> 
     </span>
    </p>
   </div>
   <div class='ocr_carea' id='block_1_101' title="bbox 436 5703 1952 5797">
    <p class='ocr_par' dir='ltr' id='par_1_101' title="bbox 436 5703 1952 5797">
     <span class='ocr_line' id='line_1_101' title="bbox 436 5703 1952 5797; baseline -0.023 -16"><span class='ocrx_word' id='word_1_746' title='bbox 436 5712 551 5797; x_wconf 63' lang='grc'><strong>(94)</strong></span> <span class='ocrx_word' id='word_1_747' title='bbox 594 5712 829 5797; x_wconf 57' lang='grc' dir='ltr'>φλέξας</span> <span class='ocrx_word' id='word_1_748' title='bbox 880 5711 917 5780; x_wconf 81' lang='grc' dir='ltr'><em>ἣ</em></span> <span class='ocrx_word' id='word_1_749' title='bbox 954 5710 1283 5781; x_wconf 78' lang='grc' dir='ltr'>χωνεύσας.</span> <span class='ocrx_word' id='word_1_750' title='bbox 1334 5704 1494 5759; x_wconf 85' lang='lat' dir='ltr'><strong>Forte</strong></span> <span class='ocrx_word' id='word_1_751' title='bbox 1540 5703 1799 5787; x_wconf 69' lang='grc' dir='ltr'>φλέξειιῆ</span> <span class='ocrx_word' id='word_1_752' title='bbox 1845 5719 1952 5771; x_wconf 82' lang='grc' dir='ltr'>χω-</span> 
     </span>
    </p>
   </div>
   <div class='ocr_carea' id='block_1_102' title="bbox 352 5786 1943 5927">
    <p class='ocr_par' dir='ltr' id='par_1_102' title="bbox 352 5786 1943 5927">
     <span class='ocr_line' id='line_1_102' title="bbox 352 5786 1943 5927; baseline -0.009 -18"><span class='ocrx_word' id='word_1_753' title='bbox 352 5786 894 5927; x_wconf 49' lang='grc' dir='ltr'>νιῑὲἒζ’άυέξῖίιιειε</span> <span class='ocrx_word' id='word_1_754' title='bbox 934 5850 1313 5910; x_wconf 79' lang='lat' dir='ltr'><strong>Includuntur,</strong></span> <span class='ocrx_word' id='word_1_755' title='bbox 1353 5845 1728 5913; x_wconf 76' lang='lat' dir='ltr'><strong>supplevimus</strong></span> <span class='ocrx_word' id='word_1_756' title='bbox 1760 5857 1790 5895; x_wconf 93' lang='lat' dir='ltr'><strong>e</strong></span> <span class='ocrx_word' id='word_1_757' title='bbox 1825 5855 1943 5895; x_wconf 87' lang='lat' dir='ltr'><strong>ver-</strong></span> 
     </span>
    </p>
   </div>
   <div class='ocr_carea' id='block_1_103' title="bbox 644 5939 1461 6009">
    <p class='ocr_par' dir='ltr' id='par_1_103' title="bbox 644 5939 1461 6009">
     <span class='ocr_line' id='line_1_103' title="bbox 644 5939 1461 6009; baseline -0.013 0"><span class='ocrx_word' id='word_1_758' title='bbox 644 5950 917 6009; x_wconf 66' lang='lat' dir='ltr'><strong>Psrnon.</strong></span> <span class='ocrx_word' id='word_1_759' title='bbox 950 5947 1067 6009; x_wconf 85' lang='lat' dir='ltr'><strong>Gn.</strong></span> <span class='ocrx_word' id='word_1_760' title='bbox 1103 5939 1461 6008; x_wconf 73' lang='lat' dir='ltr'><strong>XXXVIII.</strong></span> 
     </span>
    </p>
   </div>
   <div class='ocr_carea' id='block_1_104' title="bbox 2455 4458 3223 4539">
    <p class='ocr_par' dir='ltr' id='par_1_104' title="bbox 2455 4458 3223 4539">
     <span class='ocr_line' id='line_1_104' title="bbox 2455 4458 3223 4539; baseline 0.003 -23"><span class='ocrx_word' id='word_1_761' title='bbox 2455 4458 2998 4539; x_wconf 30' lang='lat' dir='ltr'><strong>‘lNTERROGATIO</strong></span> <span class='ocrx_word' id='word_1_762' title='bbox 3028 4462 3223 4520; x_wconf 74' lang='lat' dir='ltr'><strong>LXXI.</strong></span> 
     </span>
    </p>
   </div>
   <div class='ocr_carea' id='block_1_105' title="bbox 2136 4556 3639 4631">
    <p class='ocr_par' dir='ltr' id='par_1_105' title="bbox 2136 4556 3639 4631">
     <span class='ocr_line' id='line_1_105' title="bbox 2136 4556 3639 4631; baseline 0.003 -17"><span class='ocrx_word' id='word_1_763' title='bbox 2136 4559 2200 4614; x_wconf 83' lang='lat' dir='ltr'><strong>At</strong></span> <span class='ocrx_word' id='word_1_764' title='bbox 2231 4556 2506 4627; x_wconf 88' lang='lat' dir='ltr'><strong>quomodo</strong></span> <span class='ocrx_word' id='word_1_765' title='bbox 2555 4570 2664 4610; x_wconf 92' lang='lat' dir='ltr'><strong>non</strong></span> <span class='ocrx_word' id='word_1_766' title='bbox 2716 4556 2947 4611; x_wconf 88' lang='lat' dir='ltr'><strong>solvitur</strong></span> <span class='ocrx_word' id='word_1_767' title='bbox 2978 4556 3181 4625; x_wconf 84' lang='lat' dir='ltr'><strong>glacies</strong></span> <span class='ocrx_word' id='word_1_768' title='bbox 3232 4571 3331 4631; x_wconf 86' lang='lat' dir='ltr'><strong>per</strong></span> <span class='ocrx_word' id='word_1_769' title='bbox 3378 4561 3511 4616; x_wconf 90' lang='lat' dir='ltr'><strong>solis</strong></span> <span class='ocrx_word' id='word_1_770' title='bbox 3556 4561 3639 4618; x_wconf 84' lang='lat' dir='ltr'><strong>in-</strong></span> 
     </span>
    </p>
   </div>
   <div class='ocr_carea' id='block_1_106' title="bbox 2061 4647 3646 4723">
    <p class='ocr_par' dir='ltr' id='par_1_106' title="bbox 2061 4647 3646 4723">
     <span class='ocr_line' id='line_1_106' title="bbox 2061 4647 3646 4723; baseline 0.004 -20"><span class='ocrx_word' id='word_1_771' title='bbox 2061 4648 2511 4709; x_wconf 85' lang='lat' dir='ltr'><strong>ﬂammationem,</strong></span> <span class='ocrx_word' id='word_1_772' title='bbox 2542 4660 2671 4703; x_wconf 82' lang='lat' dir='ltr'><strong>eum</strong></span> <span class='ocrx_word' id='word_1_773' title='bbox 2707 4652 2895 4700; x_wconf 88' lang='lat' dir='ltr'><strong>tantus</strong></span> <span class='ocrx_word' id='word_1_774' title='bbox 2949 4647 3021 4701; x_wconf 90' lang='lat' dir='ltr'><strong>sit</strong></span> <span class='ocrx_word' id='word_1_775' title='bbox 3076 4650 3242 4715; x_wconf 86' lang='lat' dir='ltr'><strong>calor,</strong></span> <span class='ocrx_word' id='word_1_776' title='bbox 3269 4659 3324 4705; x_wconf 89' lang='lat' dir='ltr'><strong>ut</strong></span> <span class='ocrx_word' id='word_1_777' title='bbox 3399 4651 3646 4723; x_wconf 86' lang='lat' dir='ltr'><strong>plerique</strong></span> 
     </span>
    </p>
   </div>
   <div class='ocr_carea' id='block_1_107' title="bbox 2061 4734 3230 4821">
    <p class='ocr_par' dir='ltr' id='par_1_107' title="bbox 2061 4734 3230 4821">
     <span class='ocr_line' id='line_1_107' title="bbox 2061 4734 3230 4821; baseline -0.004 -25"><span class='ocrx_word' id='word_1_778' title='bbox 2061 4742 2118 4796; x_wconf 90' lang='lat' dir='ltr'><strong>in</strong></span> <span class='ocrx_word' id='word_1_779' title='bbox 2147 4739 2375 4795; x_wconf 89' lang='lat' dir='ltr'><strong>meridie</strong></span> <span class='ocrx_word' id='word_1_780' title='bbox 2416 4753 2524 4791; x_wconf 90' lang='lat' dir='ltr'><strong>non</strong></span> <span class='ocrx_word' id='word_1_781' title='bbox 2552 4735 2732 4792; x_wconf 84' lang='lat' dir='ltr'><strong>ferant</strong></span> <span class='ocrx_word' id='word_1_782' title='bbox 2758 4736 2879 4821; x_wconf 79' lang='lat' dir='ltr'><strong>ejus</strong></span> <span class='ocrx_word' id='word_1_783' title='bbox 2910 4734 3230 4792; x_wconf 82' lang='lat' dir='ltr'><strong>ﬂammam?</strong></span> 
     </span>
    </p>
   </div>
   <div class='ocr_carea' id='block_1_108' title="bbox 2698 4909 3007 4982">
    <p class='ocr_par' dir='ltr' id='par_1_108' title="bbox 2698 4909 3007 4982">
     <span class='ocr_line' id='line_1_108' title="bbox 2698 4909 3007 4982; baseline 0.003 -17"><span class='ocrx_word' id='word_1_784' title='bbox 2698 4909 3007 4982; x_wconf 76' lang='lat' dir='ltr'><strong>Responsio.</strong></span> 
     </span>
    </p>
   </div>
   <div class='ocr_carea' id='block_1_109' title="bbox 2135 5005 3638 5079">
    <p class='ocr_par' dir='ltr' id='par_1_109' title="bbox 2135 5005 3638 5079">
     <span class='ocr_line' id='line_1_109' title="bbox 2135 5005 3638 5079; baseline 0.003 -16"><span class='ocrx_word' id='word_1_785' title='bbox 2135 5010 2268 5078; x_wconf 83' lang='lat' dir='ltr'><strong>Quia</strong></span> <span class='ocrx_word' id='word_1_786' title='bbox 2293 5019 2450 5063; x_wconf 91' lang='lat' dir='ltr'><strong>tuum</strong></span> <span class='ocrx_word' id='word_1_787' title='bbox 2480 5007 2614 5067; x_wconf 87' lang='lat' dir='ltr'><strong>illud</strong></span> <span class='ocrx_word' id='word_1_788' title='bbox 2634 5047 2652 5074; x_wconf 86' lang='lat'><strong>,</strong></span> <span class='ocrx_word' id='word_1_789' title='bbox 2673 5005 2983 5073; x_wconf 88' lang='lat' dir='ltr'><strong>Quomodo.</strong></span> <span class='ocrx_word' id='word_1_790' title='bbox 3016 5010 3294 5079; x_wconf 90' lang='lat' dir='ltr'><strong>compesci</strong></span> <span class='ocrx_word' id='word_1_791' title='bbox 3325 5026 3428 5067; x_wconf 90' lang='lat' dir='ltr'><strong>non</strong></span> <span class='ocrx_word' id='word_1_792' title='bbox 3479 5014 3592 5069; x_wconf 87' lang='lat' dir='ltr'><strong>vult</strong></span> <span class='ocrx_word' id='word_1_793' title='bbox 3624 5029 3638 5067; x_wconf 93' lang='lat'><strong>:</strong></span> 
     </span>
    </p>
   </div>
   <div class='ocr_carea' id='block_1_110' title="bbox 2055 5099 3648 5174">
    <p class='ocr_par' dir='ltr' id='par_1_110' title="bbox 2055 5099 3648 5174">
     <span class='ocr_line' id='line_1_110' title="bbox 2055 5099 3648 5174; baseline 0.003 -17"><span class='ocrx_word' id='word_1_794' title='bbox 2055 5103 2180 5174; x_wconf 89' lang='lat' dir='ltr'><strong>jure</strong></span> <span class='ocrx_word' id='word_1_795' title='bbox 2201 5110 2255 5158; x_wconf 90' lang='lat' dir='ltr'><strong>et</strong></span> <span class='ocrx_word' id='word_1_796' title='bbox 2281 5116 2381 5171; x_wconf 89' lang='lat' dir='ltr'><strong>ego</strong></span> <span class='ocrx_word' id='word_1_797' title='bbox 2401 5115 2472 5157; x_wconf 72' lang='lat' dir='ltr'><strong>ex</strong></span> <span class='ocrx_word' id='word_1_798' title='bbox 2507 5107 2562 5154; x_wconf 87' lang='lat' dir='ltr'><strong>te</strong></span> <span class='ocrx_word' id='word_1_799' title='bbox 2588 5099 2959 5169; x_wconf 73' lang='lat' dir='ltr'><strong>quaesiverim,</strong></span> <span class='ocrx_word' id='word_1_800' title='bbox 2988 5101 3266 5168; x_wconf 88' lang='lat' dir='ltr'><strong>quomodo</strong></span> <span class='ocrx_word' id='word_1_801' title='bbox 3298 5103 3463 5160; x_wconf 90' lang='lat' dir='ltr'><strong>rubus</strong></span> <span class='ocrx_word' id='word_1_802' title='bbox 3502 5106 3648 5161; x_wconf 74' lang='lat' dir='ltr'><strong>circa</strong></span> 
     </span>
    </p>
   </div>
   <div class='ocr_carea' id='block_1_111' title="bbox 2060 5188 3647 5262">
    <p class='ocr_par' dir='ltr' id='par_1_111' title="bbox 2060 5188 3647 5262">
     <span class='ocr_line' id='line_1_111' title="bbox 2060 5188 3647 5262; baseline 0.001 -13"><span class='ocrx_word' id='word_1_803' title='bbox 2060 5192 2248 5249; x_wconf 77' lang='lat' dir='ltr'><strong>Mosen</strong></span> <span class='ocrx_word' id='word_1_804' title='bbox 2283 5192 2483 5247; x_wconf 81' lang='lat' dir='ltr'><strong>ardens</strong></span> <span class='ocrx_word' id='word_1_805' title='bbox 2527 5206 2637 5244; x_wconf 93' lang='lat' dir='ltr'><strong>non</strong></span> <span class='ocrx_word' id='word_1_806' title='bbox 2692 5188 3138 5255; x_wconf 89' lang='lat' dir='ltr'><strong>comburebatur,</strong></span> <span class='ocrx_word' id='word_1_807' title='bbox 3189 5191 3281 5245; x_wconf 90' lang='lat' dir='ltr'><strong>sed</strong></span> <span class='ocrx_word' id='word_1_808' title='bbox 3313 5193 3470 5262; x_wconf 88' lang='lat' dir='ltr'><strong>quasi</strong></span> <span class='ocrx_word' id='word_1_809' title='bbox 3518 5209 3647 5250; x_wconf 82' lang='lat' dir='ltr'><strong>rore</strong></span> 
     </span>
    </p>
   </div>
   <div class='ocr_carea' id='block_1_112' title="bbox 2062 5279 3648 5358">
    <p class='ocr_par' dir='ltr' id='par_1_112' title="bbox 2062 5279 3648 5358">
     <span class='ocr_line' id='line_1_112' title="bbox 2062 5279 3648 5358; baseline -0.001 -17"><span class='ocrx_word' id='word_1_810' title='bbox 2062 5301 2320 5358; x_wconf 87' lang='lat' dir='ltr'><strong>aspersus</strong></span> <span class='ocrx_word' id='word_1_811' title='bbox 2371 5282 2549 5353; x_wconf 87' lang='lat' dir='ltr'><strong>magis</strong></span> <span class='ocrx_word' id='word_1_812' title='bbox 2582 5280 2746 5337; x_wconf 88' lang='lat' dir='ltr'><strong>etiam</strong></span> <span class='ocrx_word' id='word_1_813' title='bbox 2806 5279 3001 5335; x_wconf 87' lang='lat' dir='ltr'><strong>viridis</strong></span> <span class='ocrx_word' id='word_1_814' title='bbox 3060 5283 3452 5337; x_wconf 85' lang='lat' dir='ltr'><strong>cernebatur?</strong></span> <span class='ocrx_word' id='word_1_815' title='bbox 3499 5283 3648 5350; x_wconf 82' lang='lat' dir='ltr'><strong>Quo-</strong></span> 
     </span>
    </p>
   </div>
   <div class='ocr_carea' id='block_1_113' title="bbox 2063 5369 3649 5440">
    <p class='ocr_par' dir='ltr' id='par_1_113' title="bbox 2063 5369 3649 5440">
     <span class='ocr_line' id='line_1_113' title="bbox 2063 5369 3649 5440; baseline -0.002 -8"><span class='ocrx_word' id='word_1_816' title='bbox 2063 5377 2226 5433; x_wconf 88' lang='lat' dir='ltr'><strong>modo</strong></span> <span class='ocrx_word' id='word_1_817' title='bbox 2273 5374 2527 5430; x_wconf 63' lang='lat' dir='ltr'><strong>caesaries</strong></span> <span class='ocrx_word' id='word_1_818' title='bbox 2562 5381 2614 5425; x_wconf 85' lang='lat' dir='ltr'><strong>et</strong></span> <span class='ocrx_word' id='word_1_819' title='bbox 2667 5369 2830 5440; x_wconf 85' lang='lat' dir='ltr'><strong>pallia</strong></span> <span class='ocrx_word' id='word_1_820' title='bbox 2871 5371 3148 5425; x_wconf 90' lang='lat' dir='ltr'><strong>sociorum</strong></span> <span class='ocrx_word' id='word_1_821' title='bbox 3185 5372 3411 5428; x_wconf 69' lang='lat' dir='ltr'><strong>Ananiaa</strong></span> <span class='ocrx_word' id='word_1_822' title='bbox 3434 5374 3498 5431; x_wconf 92' lang='lat' dir='ltr'><strong>.in</strong></span> <span class='ocrx_word' id='word_1_823' title='bbox 3534 5375 3649 5429; x_wconf 81' lang='lat' dir='ltr'><strong>for-</strong></span> 
     </span>
    </p>
   </div>
   <div class='ocr_carea' id='block_1_114' title="bbox 2065 5454 3648 5535">
    <p class='ocr_par' dir='ltr' id='par_1_114' title="bbox 2065 5454 3648 5535">
     <span class='ocr_line' id='line_1_114' title="bbox 2065 5454 3648 5535; baseline -0.004 -10"><span class='ocrx_word' id='word_1_824' title='bbox 2065 5485 2199 5535; x_wconf 84' lang='lat' dir='ltr'><strong>nace</strong></span> <span class='ocrx_word' id='word_1_825' title='bbox 2246 5465 2650 5527; x_wconf 71' lang='lat' dir='ltr'><strong>Chaldaaorum,</strong></span> <span class='ocrx_word' id='word_1_826' title='bbox 2690 5462 2898 5517; x_wconf 88' lang='lat' dir='ltr'><strong>elevata</strong></span> <span class='ocrx_word' id='word_1_827' title='bbox 2934 5460 3003 5515; x_wconf 84' lang='lat' dir='ltr'><strong>ad</strong></span> <span class='ocrx_word' id='word_1_828' title='bbox 3041 5454 3402 5532; x_wconf 82' lang='lat' dir='ltr'><strong>quadraginta</strong></span> <span class='ocrx_word' id='word_1_829' title='bbox 3450 5481 3648 5525; x_wconf 75' lang='lat' dir='ltr'><strong>novom</strong></span> 
     </span>
    </p>
   </div>
   <div class='ocr_carea' id='block_1_115' title="bbox 2060 5680 2597 5752">
    <p class='ocr_par' dir='ltr' id='par_1_115' title="bbox 2060 5680 2597 5752">
     <span class='ocr_line' id='line_1_115' title="bbox 2060 5680 2597 5752; baseline -0.007 0"><span class='ocrx_word' id='word_1_830' title='bbox 2060 5698 2215 5752; x_wconf 83' lang='lat' dir='ltr'><strong>sione</strong></span> <span class='ocrx_word' id='word_1_831' title='bbox 2248 5680 2464 5749; x_wconf 85' lang='lat' dir='ltr'><strong>Latina.</strong></span> <span class='ocrx_word' id='word_1_832' title='bbox 2520 5693 2597 5748; x_wconf 79' lang='lat' dir='ltr'><strong>In.</strong></span> 
     </span>
    </p>
   </div>
   <div class='ocr_carea' id='block_1_116' title="bbox 2130 5758 3560 5837">
    <p class='ocr_par' dir='ltr' id='par_1_116' title="bbox 2130 5758 3560 5837">
     <span class='ocr_line' id='line_1_116' title="bbox 2130 5758 3560 5837; baseline -0.003 -16"><span class='ocrx_word' id='word_1_833' title='bbox 2130 5765 2243 5835; x_wconf 73' lang='lat'><strong>(26)</strong></span> <span class='ocrx_word' id='word_1_834' title='bbox 2286 5766 2780 5837; x_wconf 63' lang='grc' dir='ltr'>Ἐγκαλούμενρς.</span> <span class='ocrx_word' id='word_1_835' title='bbox 2826 5760 2987 5837; x_wconf 79' lang='lat' dir='ltr'><strong>Forte</strong></span> <span class='ocrx_word' id='word_1_836' title='bbox 3026 5761 3446 5837; x_wconf 68' lang='grc' dir='ltr'>ἐκκαλούμενος.</span> <span class='ocrx_word' id='word_1_837' title='bbox 3482 5758 3560 5816; x_wconf 78' lang='lat' dir='ltr'><strong>In.</strong></span> 
     </span>
    </p>
   </div>
   <div class='ocr_carea' id='block_1_117' title="bbox 2131 5832 3340 5909">
    <p class='ocr_par' dir='ltr' id='par_1_117' title="bbox 2131 5832 3340 5909">
     <span class='ocr_line' id='line_1_117' title="bbox 2131 5832 3340 5909; baseline -0.006 -18"><span class='ocrx_word' id='word_1_838' title='bbox 2131 5832 2245 5909; x_wconf 59' lang='grc'><strong>(27)</strong></span> <span class='ocrx_word' id='word_1_839' title='bbox 2286 5832 2649 5905; x_wconf 72' lang='grc' dir='ltr'>Ἐμφαίνειν.</span> <span class='ocrx_word' id='word_1_840' title='bbox 2686 5833 2847 5890; x_wconf 86' lang='lat' dir='ltr'><strong>Forte</strong></span> <span class='ocrx_word' id='word_1_841' title='bbox 2876 5835 2952 5897; x_wconf 85' lang='grc' dir='ltr'>ὼς</span> <span class='ocrx_word' id='word_1_842' title='bbox 2983 5832 3237 5903; x_wconf 83' lang='grc' dir='ltr'>φεύγειν.’</span> <span class='ocrx_word' id='word_1_843' title='bbox 3262 5832 3340 5884; x_wconf 81' lang='lat' dir='ltr'><strong>In.</strong></span> 
     </span>
    </p>
   </div>
   <div class='ocr_carea' id='block_1_118' title="bbox 3339 5922 3476 5995">
    <p class='ocr_par' dir='ltr' id='par_1_118' title="bbox 3339 5922 3476 5995">
     <span class='ocr_line' id='line_1_118' title="bbox 3339 5922 3476 5995; baseline -0.015 -12"><span class='ocrx_word' id='word_1_844' title='bbox 3339 5922 3476 5995; x_wconf 86' lang='lat'><strong>30_</strong></span> 
     </span>
    </p>
   </div>
  </div>
