4112 6380
448 518 457 531 ’
506 514 727 570 cubitos
777 505 1033 573 ﬂamma,
1061 505 1265 561 intacta
1298 512 1354 561 et
1376 504 1546 560 illaesa
1591 518 1946 573 manserunt,
1978 522 2096 561 ma-

456 636 465 652 .
506 607 591 678 gis
621 616 784 673 quam
832 598 976 671 ignis
1021 598 1305 653 lucentia?
1342 596 1419 653 Ne
1448 613 1580 653 vero
1613 605 1872 668 putarent
1920 600 1957 654 ii
1996 600 2091 671 qui

455 736 463 747 .
506 696 652 750 illam
686 693 958 764 augebant
985 698 1144 761 stupa
1168 698 1222 745 et
1257 691 1376 759 pice
1409 698 1463 745 et
1494 691 1734 762 naphtha
1769 701 1933 763 atque
1971 707 2093 747 sar-

456 788 728 849 .mentis,
783 787 932 853 ipsos
987 798 1083 854 per
1138 782 1450 854 praestigias
1491 789 1588 836 aut
1644 783 1970 855 imaginarie
2001 799 2094 837 co-

506 879 756 935 hibuisse
810 876 920 931 vim
958 876 1100 945 ignis
1145 875 1373 930 edacem
1403 893 1418 942 ;
1444 876 1655 931 idcirco
1688 891 1811 948 qua:
1842 891 1967 930 cum
2012 876 2094 930 eis

507 974 659 1027 intus
694 969 1010 1027 exsultabat
1054 966 1343 1029 divinitas,
1372 965 1502 1020 facit
1554 973 1615 1021 ut
1643 981 1741 1038 per
1766 981 1862 1021 eos
1892 966 2093 1020 camini

503 1064 714 1119 elevata
735 1060 955 1115 flamma
982 1060 1035 1113 in
1069 1069 1270 1115 terram
1314 1065 1607 1124 excurrat,
1636 1066 1691 1113 et
1728 1074 1824 1114 eos
1846 1060 1938 1129 qui
1967 1074 2096 1130 pro-

462 1198 463 1203 η
503 1153 594 1209 cul
634 1153 703 1209 ad
754 1151 1115 1223 quadraginta
1161 1165 1353 1204 novem
1372 1149 1670 1205 cubitosab
1713 1150 1971 1206 incendio
2017 1168 2100 1207 sc-

503 1248 741 1312 debant,
770 1244 1085 1299 .ministros
1127 1250 1183 1299 et
1233 1249 1572 1313 spectatores
1622 1244 2011 1309 combureret,
2042 1251 2097 1297 et

462 1381 469 1387 .
506 1338 577 1395 in.
607 1337 890 1409 pulverem
947 1334 1277 1404 cineresque
1312 1333 1602 1403 redigeret.
1653 1334 1763 1386 Aut
1817 1335 2097 1403 quomodo

466 1476 473 1483 .
505 1430 656 1487 Elias
689 1430 745 1484 in
780 1428 956 1500 igneis
989 1426 1278 1498 quadrigis
1329 1425 1382 1479 in
1424 1425 1625 1479 cmlum
1678 1425 2003 1486 subvolans,
2028 1425 2098 1480 ab

470 1564 473 1567 ς
506 1521 620 1595 igni
646 1520 852 1575 mansit
877 1519 1107 1581 illaesus,
1129 1516 1297 1572 etiam
1328 1516 1396 1569 ad
1423 1530 1555 1570 suos
1583 1530 1760 1585 usque
1787 1515 1926 1585 pilos
1952 1515 1976 1570 ἰ
1999 1513 2097 1570 Vel

466 1648 477 1663 ι
503 1613 781 1687 quomodo
807 1626 871 1667 ex
897 1609 1140 1664 amianto
1168 1608 1334 1663 herba
1359 1606 1694 1678 ellychnium
1721 1607 1775 1660 in
1812 1607 2096 1662 lucernam

502 1708 786 1779 positum,
840 1705 908 1758 ad
963 1701 1156 1774 viginti
1211 1715 1482 1753 annorum
1532 1700 1822 1754 circuitum
1878 1700 2094 1768 sufficit,

506 1794 626 1851 solo
663 1794 787 1849 oleo
817 1806 1035 1861 semper
1087 1804 1181 1859 per
1223 1788 1462 1843 lucernae
1507 1788 1686 1858 ignem
1739 1798 2089 1860 evaporante,

504 1885 623 1955 ipsa
679 1890 938 1937 manente
970 1880 1336 1950 incorrupta?
1380 1878 1437 1934 In
1472 1878 1584 1935 Deo
1624 1880 1790 1951 igitur
1842 1882 2094 1950 quiescat

480 1975 663 2039 illud,
693 1972 993 2042 Quomodo.
1029 1972 1142 2028 Vox
1167 1972 1378 2027 Domini
1406 1973 1790 2041 perrumpentis
1818 1972 2094 2041 ﬂammam

470 2069 644 2139 .ignis
669 2105 685 2130 ,
728 2065 909 2136 inquit
947 2065 1257 2119 carminum
1307 2062 1620 2118 divinorum
1681 2072 1877 2118 auctor
1914 2064 1982 2119 “.
2013 2066 2097 2120 Ad

467 2201 475 2209 .
505 2159 652 2214 hunc
682 2159 826 2213 enim
887 2157 1109 2211 modum
1153 2157 1208 2210 in
1258 2155 1402 2210 rubo
1440 2155 1667 2221 deserti,
1702 2165 1758 2211 et
1786 2156 1840 2209 in
1876 2155 2099 2213 fornace

503 2249 823 2322 Babylonis,
852 2257 909 2305 et
954 2249 1010 2302 in
1045 2247 1159 2302 Elia
1205 2255 1363 2314 vate,
1398 2247 1636 2318 aliisque
1679 2248 1945 2319 prodigiis
1978 2248 2100 2303 eda-

504 2359 624 2399 rem
652 2344 763 2398 vim
809 2342 955 2413 ignis
995 2339 1317 2395 mandatum
1366 2340 1612 2394 divinum
1661 2349 1912 2404 resecat,
1942 2355 2100 2410 sepa-

506 2452 637 2492 rans
669 2451 731 2492 ea
753 2450 882 2506 quae
911 2433 1055 2506 apud
1076 2450 1177 2488 nos
1203 2433 1591 2503 inseparabilia
1622 2443 1840 2494 sunt.et
1860 2433 2099 2488 innuens

503 2529 676 2585 futuri
724 2527 899 2582 divini
961 2527 1156 2597 judicii
1210 2526 1605 2597 integritatem,
1641 2526 1734 2580 ubi
1772 2525 2099 2581 illuminatio

504 2620 731 2692 quidem
786 2620 931 2690 ignis
965 2619 1156 2673 aaterni
1198 2619 1364 2689 justis
1407 2619 1710 2685 tribuetur,
1742 2617 2099 2673 inflammatio

472 2721 694 2773 .autem
731 2710 1090 2767 adversariis.
1121 2708 1262 2763 Nam
1288 2709 1401 2763 dies
1425 2710 1527 2764 illa
1570 2710 1626 2763 in
1669 2710 1778 2780 igni
1814 2710 2096 2776 revelatur,

468 2814 558 2867 ,ει
575 2803 998 2874 uniuscujusque
1056 2818 1184 2870 opus
1219 2801 1376 2872 quale
1405 2802 1498 2866 sit,
1532 2802 1671 2871 ignis
1715 2800 1978 2870 probabit,
2010 2802 2097 2857 in»

506 2896 627 2967 quit
655 2894 891 2951 eximius
930 2893 1021 2948 ille
1047 2892 1346 2962 ApOstolus
1377 2892 1444 2939 “.
1468 2890 1606 2945 Cum
1634 2891 1739 2945 hoc
1766 2898 1943 2945 autem
1969 2906 2101 2946 con-

507 2984 756 3040 sentiens
807 2982 1005 3038 Petrus
1066 2981 1241 3035 divini
1298 2980 1596 3036 ministerii
1650 2980 1909 3050 princeps
1944 3000 1957 3036 :
1993 2984 2101 3049 Qui

507 3093 648 3130 nunc
668 3076 789 3132 σιείὶ
817 3083 961 3141 sunt,
996 3075 1094 3139 ait,
1122 3086 1173 3128 et
1206 3084 1370 3137 terra,
1404 3072 1512 3144 igni
1536 3071 1795 3126 reconditi
1824 3083 2101 3129 servantur

507 3168 567 3220 in
586 3165 726 3221 diem
760 3164 961 3235 judicii
988 3172 1038 3219 et
1065 3164 1431 3219 retributionis
1462 3161 1858 3218 ".Servorum
1913 3174 2097 3221 autem

509 3272 741 3313 suorum
793 3271 1081 3312 sermones
1123 3256 1426 3323 obsignans
1475 3253 1741 3311 Dominus
1767 3296 1782 3322 ,
1815 3257 1993 3328 inquit
2039 3259 2094 3313 in

509 3348 810 3422 Evangelio
845 3366 859 3404 :
898 3348 1033 3403 Tum
1066 3344 1116 3400 F
1118 3346 1241 3401 ilius
1267 3345 1497 3401 hominis
1519 3348 1691 3402 mittet
1720 3347 1934 3417 angelos
1971 3366 2098 3404 suos

509 3440 699 3509 ubique
726 3456 819 3510 per
849 3450 1114 3494 terrarum
1149 3437 1350 3502 orbem,
1392 3447 1443 3493 et
1490 3438 1881 3510 congregabunt
1913 3455 2097 3515 pecca-

510 3544 652 3588 tores
685 3550 713 3588 e
760 3534 930 3587 medio
949 3531 1241 3602 juslorum,
1274 3539 1324 3585 et
1357 3530 1639 3600 projicient
1662 3531 1802 3601 ipsos
1838 3532 1891 3584 in
1919 3531 2099 3601 forna-

511 3642 620 3680 cem
649 3626 786 3695 ignis
810 3625 879 3680 ".

1610 386 1668 444 S.
1710 387 2007 447 CAESARI]
2044 386 2375 447 GREGORII
2408 388 2711 447 FRATRIS

3626 388 3789 449 -940

2197 506 2397 576 φλογὸς
2439 506 2891 579 κορυφουμένης,
2945 506 3215 577 ἄψαυστοι
3256 506 3355 562 καὶ
3390 506 3653 579 ἀμείωτοι
3707 510 3787 564 δι-

2196 598 2446 670 έμεινον,
2482 600 2680 670 μᾶλλον
2710 599 2852 671 ὑπὲρ
2893 599 2956 654 τὸ
2986 599 3099 671 πῦρ
3122 599 3555 671 ἀστράπτοντεςς
3591 601 3788 667 Ὅπως

2197 692 2254 746 δὲ
2282 690 2357 762 μὴ
2377 692 2578 759 δόξοιεν
2600 693 2813 763 ἐκείνην
2841 692 3208 765 κορυφοῦντες
3227 692 3467 769 στύππῃ,
3484 695 3579 749 καὶ
3593 695 3785 769 πίσσῃ,

2197 784 2291 837 καὶ
2318 784 2517 855 νάφθῃ,
2538 785 2633 838 καὶ
2648 784 2958 855 κληματίδι,
2978 784 3184 856 μαγείᾳ
3203 785 3359 854 τινὶῆ
3388 785 3659 857 φαντασία
3683 803 3787 855 χα-

2197 875 2490 945 λινωθῆναι
2524 876 2622 945 τὴν
2653 876 2952 946 παμφάγον
2981 875 3074 928 τοῦ
3115 876 3288 947 πυρὸς
3315 875 3568 946 δύναμιν,
3602 878 3637 946 ἡ
3670 879 3786 940 τοῖς

2198 965 2345 1020 ἔνδον
2379 965 2749 1036 συγχαίρουσα
2802 965 3016 1037 θειότης
3071 968 3349 1033 οἰκονομεῖ
3396 967 3498 1038 τὴν
3550 967 3637 1020 διὰ
3685 966 3785 1019 τοῦ

2199 1058 2421 1128 στομίου
2443 1059 2523 1120 είς
2541 1057 2601 1109 τὸ
2618 1056 2731 1110 ἀνω
2749 1055 3096 1130 διαδρ[αμ]ου
3105 1058 3271 1128 μένην
3293 1057 3787 1130 φλόγα,ὲκδραμεῖν

2196 1149 2291 1202 ἐπὶ
2333 1148 2434 1219 τῆς
2465 1149 2661 1221 χέρσου
2687 1188 2702 1213 ,
2732 1150 2828 1202 καὶ
2869 1151 2998 1213 τοὺς
3043 1149 3152 1204 ἀπὸ
3190 1151 3599 1221 τεσσαράκοντα
3624 1151 3787 1204 ἐννέα

2200 1237 2392 1309 πηχῶν
2426 1238 2614 1310 πόρρω
2649 1240 2748 1309 τῆς
2777 1242 3056 1311 πυρκαϊᾶς
3084 1242 3486 1312 καθεζομένους
3507 1242 3789 1313 ὑπηρέτας

2197 1332 2294 1386 καὶ
2348 1330 2548 1396 θεατὰς
2583 1332 2952 1402 καταφλέξαι,
2989 1334 3084 1388 καὶ
3141 1334 3305 1405 μέχρι
3363 1335 3541 1397 κόνιος
3588 1335 3791 1389 ἀποτε-

2198 1424 2434 1495 φρῶσαι.
2473 1424 2598 1489 Πῶς
2621 1425 2679 1477 δὲ
2711 1424 2897 1489 Ἠλίας
2918 1425 3129 1497 πυρίνῳ
3152 1426 3440 1498 τεθρίππῳ
3456 1427 3537 1491 είς
3558 1426 3791 1498 οὐρανὸν

2199 1515 2509 1587 ἀναπτερού
2519 1533 2681 1587 μενος
2715 1516 2985 1587 ἀφλεκτος
3043 1517 3281 1589 διέμεινε
3335 1518 3501 1590 μέχρι
3552 1518 3647 1572 καὶ
3684 1516 3793 1588 τῆς

2203 1607 2340 1672 ιδίας
2397 1607 2623 1680 τριχός;
2674 1608 2799 1672 Πῶς
2852 1608 2911 1661 δὲ
2971 1610 3037 1662 ὲκ
3072 1608 3172 1680 τῆς
3229 1609 3495 1681 ἀμιάντου
3556 1607 3796 1680 βοτάνης

2201 1700 2458 1773 θρυαλλὶς
2484 1700 2563 1771 τῷ
2590 1700 2771 1773 λύχνῳ
2799 1700 3148 1774 ὲντιθεμένη,
3177 1703 3350 1757 εἴκοσι
3376 1702 3514 1757 ἐτῶν
3542 1701 3792 1774 περίοδος

2197 1793 2378 1864 ἀρκεῖ,
2418 1792 2514 1847 τοῦ
2551 1793 2731 1848 ἐλαίου
2773 1794 2936 1864 μόνου
2972 1796 3060 1848 ἀεὶ
3103 1794 3533 1867 ἑξατμιξομένου
3578 1794 3660 1866 τῷ
3693 1795 3793 1848 λυ-

2199 1883 2391 1954 χνιαίῳ
2421 1884 2555 1955 πυρὶ
2578 1925 2594 1949 ,
2632 1884 2803 1956 αὐτῆς
2842 1883 3082 1956 ἀφθόρου
3134 1885 3436 1958 μενούσης;
3485 1883 3795 1956 Ἦρεμείτω

2199 1972 2293 2028 οὖν
2336 1974 2430 2027 ἐπὶ
2476 1973 2611 2027 Θεοῦ
2668 1972 2730 2028 τὸ
2798 1975 2937 2038 πῶς.
2988 1975 3162 2043 Φωνὴ
3207 1977 3431 2044 Κυρίου
3485 1975 3795 2030 διακόπτει

2198 2067 2398 2136 φλόγα
2423 2066 2612 2134 πυρὸς
2631 2106 2646 2131 ,
2677 2068 2842 2138 φησὶν
2869 2070 2898 2122 ὁ
2941 2066 3086 2131 θεῖος
3133 2067 3392 2139 μελῳδὸς.
3433 2068 3645 2138 ’Ὥσπερ
3675 2066 3794 2138 γὰρ

2199 2158 2293 2212 ἐπὶ
2322 2160 2420 2229 τῆς
2450 2157 2661 2228 θάμνου
2696 2160 2755 2212 ὲν
2783 2162 2851 2230 τῇ
2896 2160 3126 2231 ἐρήμῳ,
3163 2160 3259 2212 καὶ
3294 2159 3389 2213 ἐπὶ
3426 2159 3527 2230 τῆς
3555 2159 3791 2229 καμίνου

2200 2252 2257 2302 ἐν
2292 2249 2596 2313 Βαϐυλῶνι,
2627 2251 2722 2304 καὶ
2750 2252 2843 2303 ἐπὶ
2880 2251 3063 2304 Ἠλίου
3088 2249 3184 2303 τοῦ
3211 2253 3496 2323 προφήτου
3516 2292 3530 2315 ,
3558 2250 3653 2305 καὶ
3674 2248 3791 2304 τῶν

2199 2339 2401 2392 λοιπῶν
2435 2339 2722 2411 περαστῶν
2766 2341 2864 2411 τὴν
2905 2340 3202 2412 φλεκτικὴν
3239 2341 3334 2394 τοῦ
3362 2343 3536 2413 πυρὸς
3560 2341 3794 2412 δύναμιν

2198 2432 2475 2502 διατέμνει
2506 2430 2567 2485 τὸ
2597 2431 2739 2487 θεῖον
2778 2433 3127 2504 πρόσταγμα,
3156 2434 3509 2505 καταλλήλως
3544 2433 3791 2504 διαιροῦν

2198 2523 2260 2583 τὸ
2286 2524 2416 2595 παρ’
2443 2526 2574 2595 ἡμῖν
2598 2523 2923 2595 ἀδιαίρετον,
2942 2524 3262 2579 ὑποδεικνύν
3284 2541 3345 2576 τε
3364 2524 3467 2594 τῆς
3488 2523 3793 2596 μελλούσης

2201 2615 2352 2679 θείας
2388 2615 2624 2688 κρίσεως
2659 2616 2722 2669 τὸ
2755 2616 3077 2680 ἀδέκαστον,
3110 2617 3172 2670 τὸ
3200 2616 3531 2686 φωτιστικδν
3560 2616 3660 2688 μὲν
3690 2613 3790 2669 τοῦ

2197 2707 2481 2777 γεεννικοῦ
2512 2708 2685 2780 πυρὸς
2730 2709 2960 2773 δικαίοις
2989 2709 3184 2779 μέλλον
3216 2709 3608 2780 ἀπονέμεσθαι,
3638 2708 3701 2762 τὺ
3731 2708 3793 2762 δὲ

2201 2799 2492 2869 φλεκτικδν
2519 2804 2635 2865 τοῖς
2682 2801 2970 2865 ἐναντίοις.
3012 2801 3077 2855 Ἠ
3111 2800 3220 2871 τὰρ
3254 2801 3446 2870 ἡμέρα
3481 2800 3683 2866 ἐκείνη
3719 2799 3792 2853 ἐν

2176 2898 2180 2907 ’
2201 2896 2343 2963 πυρὶ
2362 2896 2880 2961 ἀποκαλύπτεται,
2893 2897 2993 2950 καὶ
3017 2895 3279 2951 ἑκάστου
3300 2895 3368 2950 τὸ
3388 2899 3566 2967 ἔργον
3581 2894 3793 2950 ὁποῖόν

2199 2985 2332 3040 ἐστι
2356 2985 2423 3039 τὸ
2450 2987 2570 3055 πῦρ
2593 2987 2929 3056 δοκιμάσει,
2954 2988 3118 3059 φησιν
3146 2990 3174 3042 ὁ
3197 2987 3402 3059 ὑψηλὸς
3437 2987 3789 3051 Ἀπόστολσς⁸

2203 3075 2512 3147 συμφώνως
2535 3078 2592 3132 δὲ
2617 3079 2792 3150 τούτῳ
2817 3079 3024 3151 Πέτρος
3051 3081 3080 3132 ὁ
3106 3080 3199 3133 τοῦ
3229 3079 3419 3133 θιάσου
3457 3079 3750 3149 κορυφαῖος
3769 3094 3787 3110 °

2205 3173 2270 3224 Οἱ
2303 3170 2372 3223 δὲ
2408 3170 2527 3225 νῦν
2551 3210 2567 3235 ,
2599 3172 2785 3243 φησὶν,
2842 3175 2897 3226 οἱ
2932 3173 3174 3241 οὐρανοί
3195 3213 3211 3237 ,
3265 3173 3363 3227 καί
3406 3172 3445 3241 ὴ
3474 3171 3553 3243 γῆ
3583 3213 3597 3236 ,
3642 3170 3790 3241 srth

2199 3264 2740 3335 τεθησαυρισμένοι
2760 3266 2902 3332 eici,
2932 3268 3285 3336 τηρούμενοι
3308 3269 3395 3334 εἰς
3419 3266 3649 3337 ’ἡμέραν
3670 3268 3791 3336 xpl-

2201 3367 2356 3421 σεως
2381 3355 2479 3408 καὶ
2509 3355 2992 3424 ἀνταποδόσεως.
3039 3358 3159 3411 Τῶν
3198 3357 3428 3412 οἰκετῶν
3454 3358 3511 3412 δὲ
3542 3360 3670 3422 τοὺς
3699 3359 3790 3412 λό-

2199 3462 2331 3514 γους
2363 3447 2777 3519 ὲπισφραγίζων
2815 3448 2844 3501 ὁ
2876 3447 3112 3520 Κύριος,
3137 3451 3196 3501 ὲν
3223 3449 3579 3519 Εὐαγγελίοις
3611 3450 3787 3520 φησί’

2204 3539 2342 3593 Τότε
2388 3541 2423 3593 ό
2482 3539 2617 3607 Υἱὸς
2647 3539 2756 3594 τοῦ
2788 3539 3104 3608 ἀνθρώπου
3143 3541 3476 3596 ἀποστελεῖ
3509 3541 3655 3608 τοὺς
3686 3544 3791 3612 ἀπε

2197 3626 2418 3696 τέλους
2480 3630 2666 3684 αὐτοῦ
2731 3631 3045 3700 πανταχοῦ
3090 3631 3204 3700 τῆς
3253 3632 3641 3702 οίκουμένης,
3689 3632 3789 3688 καί

504 3716 853 3783 συνᾶεουσι
899 3715 1042 3782 τοὺς
1077 3713 1467 3785 ἁμαρτωλοὺς
1492 3712 1573 3768 ἐκ
1619 3713 1814 3785 μέσου
1846 3713 1967 3769 τῶν⁴
1996 3714 2282 3786 δικαίων,
2336 3722 2436 3777 καὶ
2485 3723 2793 3787 βαλοῦσιν
2842 3724 3067 3793 αὐτοὺς
3102 3728 3186 3789 εἰς
3229 3726 3348 3797 τὴν
3393 3729 3651 3801 κάμινον
3678 3726 3787 3781 τοῦ

505 3811 720 3882 πυρός.
896 3842 899 3845 η
1440 3850 1444 3858 .

502 3907 517 3955 ³-
920 3922 1443 3981 lNTERROGATIO
1482 3922 1693 3979 Lxxn.

584 4042 725 4113 Quid
768 4041 975 4114 igitur?
1001 4055 1070 4094 an
1098 4054 1379 4109 nunquam
1412 4038 1778 4093 abolebuntur
1816 4037 1962 4099 (ru-ti,
2003 4052 2099 4091 nec

508 4137 869 4193 iuminarinm
903 4134 1119 4189 illorum
1145 4132 1256 4187 erit
1282 4132 1535 4187 interitus
1570 4130 1595 4182 ?

1160 4241 1472 4309 Responsio.

583 4340 708 4397 Erit
740 4339 957 4411 quidem
1012 4345 1279 4393 creaturae
1311 4336 1624 4395 dissolutio.
1650 4349 1757 4389 non
1792 4330 2104 4387 omnimoda

518 4438 702 4485 tamen
732 4428 991 4491 sublatio,
1021 4425 1114 4481 sed
1159 4425 1213 4479 in
1240 4425 1435 4479 melius
1468 4422 1879 4486 transmutatio,
1910 4435 2106 4491 quem-

519 4520 812 4577 admodum
854 4535 923 4574 ex
960 4508 1166 4572 Davide
1205 4515 1390 4570 divino
1412 4523 1535 4569 vate
1563 4514 1848 4579 discimus,
1881 4516 1936 4569 in
1961 4514 2105 4569 hunc

515 4612 742 4668 modum
773 4618 1005 4667 canente
1036 4627 1050 4663 :
1081 4607 1160 4662 Ab
1195 4608 1348 4662 initio
1376 4616 1454 4672 tu,
1488 4605 1729 4670 Domine,
1762 4616 1957 4661 terram
1990 4608 2108 4677 fun-

517 4706 687 4767 dasti,
716 4712 767 4758 et
797 4717 955 4771 opera
1002 4717 1258 4755 manuum
1301 4708 1516 4752 tuarum
1551 4699 1667 4753 cmli
1698 4710 1819 4753 sunt
1852 4701 1996 4767 ;ipsi
2022 4700 2106 4752 in-

521 4806 745 4862 tereunt,
781 4805 838 4849 tu
865 4804 1042 4850 autem
1083 4808 1359 4863 permanes
1385 4793 1451 4843 ³⁷.
1498 4790 1562 4845 Et
1607 4807 1802 4847 rursus
1838 4790 1904 4846 de
1942 4806 2106 4861 gene-

516 4891 730 4946 ratione
756 4887 1078 4957 subiiciens,
1102 4885 1314 4955 inquit:
1341 4884 1406 4937 Et
1441 4899 1619 4937 omnes
1653 4894 1711 4937 ut
1743 4883 2105 4937 vestimentum

517 4989 857 5040 veterascent.
876 4989 923 5033 et
951 4978 1087 5032 velut
1104 4976 1331 5044 pallium
1350 4975 1719 5030 circumvolves
1736 4993 1844 5040 eos,
1861 4986 1908 5030 et
1939 4983 2109 5030 mula-

519 5071 795 5126 buntur".
823 5068 1213 5124 Deficientibus
1234 5066 1401 5136 igitur
1420 5067 1559 5120 ultra
1577 5067 1894 5123 coelestibus
1925 5069 2105 5138 aquis,

513 5168 703 5217 oniiiia
764 5162 927 5217 simul
988 5161 1295 5230 liquescent
1351 5158 1687 5212 abundantia
1736 5159 1919 5229 ignis;
1978 5175 2104 5213 nam

488 5255 692 5310 stellae
716 5255 934 5318 cadent,
967 5262 1025 5307 ιιι
1063 5251 1130 5305 dc
1180 5251 1291 5306 vite
1346 5249 1497 5312 folia,
1536 5251 1711 5321 inquit
1747 5250 1983 5306 eximius
2014 5252 2104 5306 ille

517 5347 659 5400 inter
689 5352 846 5400 vates
875 5344 1047 5399 Isaias
1076 5344 1142 5396 ²⁹.
1188 5341 1245 5396 1η
1280 5343 1569 5397 catholicis
1623 5349 1805 5396 autem
1843 5340 2101 5412 Epistolis

516 5437 717 5493 Petrus
781 5436 960 5505 inquit
1000 5452 1013 5489 :
1059 5433 1338 5489 Elemeuta
1383 5435 1673 5488 wstuantia
1728 5433 1997 5487 solventur
2034 5433 2098 5487 '°.

515 5529 676 5596 Quod
717 5536 900 5584 autem
941 5527 1011 5583 ad
1036 5527 1255 5588 melius.
1284 5539 1338 5582 et
1362 5527 1417 5581 in
1446 5534 1649 5582 statum
1700 5523 1959 5593 deinceps
1991 5540 2099 5577 non

519 5619 756 5690 amplius
787 5618 1089 5673 desiturum
1118 5617 1301 5671 omnia
1325 5614 1732 5670 corroboranda
1774 5615 1908 5675 sint,
1934 5614 2102 5668 tradit

2678 3902 2693 3918 ’
2788 3925 3037 3980 nam:
3070 3926 3194 3984 OB'.

2276 4034 2343 4087 Τί
2378 4029 2505 4101 οῦνς
2549 4035 2806 4090 οῦδέποτε
2840 4037 2996 4091 ἔσται
3043 4037 3199 4103 λύσις
3242 4039 3353 4093 τῶν
3384 4040 3666 4111 οὐρανῶν,
3701 4042 3793 4096 καὶ

2203 4123 2312 4177 τῶν
2346 4126 2650 4196 φωστήρων
2686 4124 2908 4181 ἐκείνων
2939 4127 3281 4199 ἀφανισμόςς

2830 4238 3186 4308 ⁸Απόιιρισις.

2280 4327 2476 4382 Ἔσται
2517 4329 2616 4401 μὲν
2640 4331 2741 4402 τῆς
2767 4330 3000 4395 κτίσεως
3023 4330 3267 4396 διάλυσις
3283 4372 3299 4398 ,
3341 4333 3405 4387 οὗ
3435 4334 3712 4407 παντελὴς
3737 4336 3792 4390 δὲ

2205 4423 2509 4494 ἀφανισμὸς
2530 4464 2544 4488 ,
2582 4422 2719 4477 ἀλλά
2775 4424 2913 4494 πρὸς
2972 4424 3035 4479 τὸ
3088 4427 3335 4496 κρεῖττον
3391 4430 3790 4500 μεταποίησις·

2206 4514 2391 4579 καθὼς
2421 4516 2487 4570 ἐκ
2518 4514 2613 4569 τοῦ
2660 4515 2949 4570 θεσπεσίου
2986 4515 3153 4572 Δαόὶδ
3199 4517 3571 4590 παιδευόμεθα
3593 4559 3609 4585 ,
3664 4519 3795 4591 μελ-

2206 4606 2497 4678 ῳδοῦντος
2527 4608 2664 4662 Κατ’
2696 4608 2886 4677 ἀρχὰς
2908 4607 2990 4662 σὺ
3008 4649 3024 4673 ,
3057 4608 3233 4677 Κύριε
3251 4648 3266 4674 ,
3295 4608 3412 4678 τὴν
3437 4609 3555 4680 γῆν
3591 4611 3795 4680 ἐθεμε-

2205 4701 2471 4765 λίωσας,
2511 4701 2606 4754 καί
2647 4699 2792 4769 ἔργα
2827 4698 2946 4754 τῶν
2969 4696 3184 4770 χειρῶν
3225 4701 3342 4755 σού
3389 4702 3549 4756 είσιν
3588 4704 3645 4755 οἱ
3690 4705 3791 4757 οὐ-

2198 4791 2409 4859 parol'
2440 4789 2608 4844 αὐτοὶ
2640 4790 3011 4845 ἀπολοῦνται
3032 4831 3048 4855 ,
3096 4790 3179 4845 σὺ
3221 4788 3291 4844 δὲ
3326 4790 3649 4860 διαμένεις.
3682 4792 3793 4847 Καὶ

2207 4878 2365 4946 αὖθις
2383 4882 2603 4950 ἐπάγων
2625 4881 2724 4953 τὴν
2753 4880 3204 4950 παλιγγενεσίαν,
3241 4882 3375 4954 φησί
3391 4901 3403 4913 ·
3431 4883 3545 4936 Καὶ
3565 4883 3791 4950 πάντες

2207 4973 2289 5039 ὠς
2327 4971 2559 5040 ἱμάτιον
2614 4970 3138 5041 παλαιωθήσονται
3161 5011 3177 5036 ,
3221 4971 3323 5025 καὶ
3371 4971 3518 5026 ὡσεὶ
3558 4975 3792 5041 περιδό-

2208 5066 2386 5118 λαιον
2430 5061 2650 5128 ἑλίξεις
2682 5061 2905 5129 αὐτοὺς
2927 5102 2942 5127 ,
2979 5062 3075 5116 καὶ
3102 5061 3580 5133 ἀλλαγήσονται.
3627 5064 3789 5117 Ἀπο-

2208 5154 2484 5225 ληγόντων
2511 5154 2689 5206 τοίνυν
2739 5152 2848 5207 τῶν
2901 5152 3315 5225 ὑπερουρανίων
3353 5153 3600 5220 ὑδάτων,
3644 5170 3793 5226 τηνι-

2208 5246 2388 5300 καῦτα
2421 5245 2600 5300 πάντα
2628 5244 2799 5317 ἄρδην
2836 5244 3241 5318 χωνευθήσεται
3266 5248 3332 5318 τῇ
3376 5246 3650 5317 ύπερὸολῇ
3697 5245 3789 5299 τοῦ

2207 5338 2381 5407 πυρός
2402 5355 2414 5366 ·
2458 5338 2509 5390 οἱ
2548 5337 2656 5408 γὰρ
2684 5337 2916 5410 ἀστέρες
2949 5337 3265 5404 πεσοῦνται,
3293 5338 3370 5402 ὡς
3402 5338 3579 5409 φύλλα
3608 5338 3669 5404 ἐξ
3691 5341 3793 5408 ἀμ-

2208 5427 2374 5480 πέλου
2400 5467 2416 5491 ,
2453 5429 2617 5500 φησὶν
2643 5430 2672 5482 ὁ
2706 5428 2814 5483 τῶν
2853 5428 3150 5501 προφητῶν
3175 5429 3379 5500 ὑψηλὸς
3416 5429 3664 5493 Ἡσαΐας.
3706 5429 3793 5482 Ἐν

2208 5518 2264 5570 δὲ
2305 5518 2632 5583 Καθολικαῖς
2667 5520 2801 5589 φησὶ
2839 5519 3075 5590 Πέτρος·
3104 5520 3379 5589 Στοιχεῖα
3415 5518 3484 5573 δὲ
3520 5516 3788 5574 καυσού-

2203 5627 2357 5678 μενα
2382 5611 2774 5681 λυθήσονται.
2807 5612 2930 5665 Ὅτι
2957 5611 3015 5665 δὲ
3042 5610 3177 5683 πρὸς
3201 5609 3262 5663 τὸ
3300 5611 3551 5682 κρεῖττον
3577 5610 3669 5663 καὶ
3690 5608 3793 5662 λοι-

589 5794 636 5825 ”
674 5791 819 5847 Psal.
846 5806 1036 5850 xxvm.
1073 5792 1122 5844 7.
1199 5791 1246 5823 “
1284 5789 1305 5843 l
1339 5788 1466 5843 Cor.
1505 5804 1584 5852 ιιι,
1617 5790 1703 5842 13.
1782 5790 1827 5821 ³⁸
1866 5786 1907 5839 ll
1932 5785 2046 5839 Pet.
2080 5802 2093 5839 ι

2200 5785 2246 5836 7.
2327 5787 2372 5817 ’⁸
2414 5785 2600 5843 Matth.
2630 5801 2776 5854 utv,
2828 5784 2928 5853 52;
2986 5800 3109 5852 xm,
3144 5783 3234 5850 49,
3283 5784 3377 5841 50.
3451 5784 3497 5819 "
3536 5781 3686 5840 Psal.
3721 5796 3790 5846 cs.

798 5864 843 5895 ’⁸
873 5863 1002 5916 ἰίιὶιί.
1038 5862 1104 5915 9.7
1117 5903 1129 5915 .

468 5946 473 5947 ν
517 5861 721 5930 26,21.

1206 5864 1248 5893 ’θ
1292 5859 1395 5915 lsa.
1433 5874 1552 5922 xm,
1592 5861 1676 5915 lt).
1755 5861 1797 5892 ³ο
1840 5858 1879 5913 ll
1914 5856 2030 5913 Pet.
2066 5870 2152 5926 Ill,
2188 5856 2281 5912 lt).-
