4112 6380
274 448 375 505 9H

1689 424 2033 485 DiALOGUS
2089 427 2129 482 1.

3444 426 3549 485 9-ιῖ

280 566 383 619 πδν
403 561 744 618 ἀδιάλειπτον
768 558 837 612 τὰ
884 557 1059 612 πάντα
1095 550 1645 625 μεταρῤωσθήσεται,
1694 546 1859 619 φησὶν

2002 559 2078 598 am
2104 542 2450 614 pmentium
2475 558 2638 614 quam
2676 545 2987 599 futurorum
3015 540 3236 597 divinus
3261 543 3352 599 ille
3370 551 3547 607 vates,

279 660 309 709 ὁ
356 653 466 706 τῶν
511 649 821 705 ἐνεστώτων
880 648 974 700 καὶ
1031 644 1329 715 μελλόντων
1388 640 1531 704 θεῖος
1582 638 1818 711 μελῳδός
1843 654 1857 667 ·

294 741 758 807 Ἐξαποστελεῖς
787 737 858 795 τὸ,
874 734 1115 805 Πνεῦμά
1136 750 1273 799 σου,
1288 732 1386 787 καὶ
1408 730 1860 797 κτισθήσονται,

284 834 384 887 καί
410 830 782 895 ἀνακαινιεῖς
813 829 880 881 τὸ
918 829 1245 897 πρόσωπον
1274 825 1384 894 τῆς
1408 827 1542 895 γῆς.

868 921 1115 975 ΠΕΥΣΙΣ
1156 918 1277 973 Ol".

357 1016 564 1070 Οὐκοῦν
594 1016 687 1069 καὶ
713 1017 745 1085 ή
794 1014 1037 1067 θάλασσα
1066 1011 1218 1082 λήξει
1255 1010 1385 1063 ποτὲ
1424 1008 1519 1062 ἐπὶ
1548 1007 1647 1077 τῆς
1676 1023 1863 1058 συντε-

286 1111 467 1175 λείας,
499 1109 735 1179 τοσαύτη
785 1104 952 1169 οὖσα,
984 1105 1078 1158 καὶ
1126 1103 1197 1156 τὰ
1248 1100 1617 1173 ὑπερουράνια
1658 1096 1864 1161 ὓδατα;

301 1203 433 1257 Ἀνὰ
481 1202 676 1271 μέσον
708 1199 925 1263 ὕδατος
962 1196 1061 1249 καὶ
1105 1195 1324 1260 ὕδατος
1374 1189 1679 1263 γενηθήτω
1734 1205 1869 1243 στε-

281 1293 502 1364 ρέωμα,
538 1290 702 1360 φησὶν
723 1291 751 1343 ὁ
780 1288 934 1349 Θεός.

886 1377 1253 1446 Ἀπόκρισις.

365 1477 473 1531 Καὶ
508 1473 651 1546 μάλα
676 1472 899 1533 εἰκότως
933 1473 996 1522 ἐκ
1023 1468 1116 1521 τοῦ
1145 1465 1349 1536 ὑψηλοῦ
1383 1464 1606 1517 Ἡσαΐου
1630 1458 1873 1514 παιδευό-

299 1570 437 1643 μεθα
457 1610 470 1631 ,
503 1568 690 1638 λήγειν
716 1564 814 1635 τὴν
846 1562 1113 1616 θάλατταν
1142 1560 1236 1612 καὶ
1268 1555 1629 1626 ἀφανίζεσθαι
1657 1553 1749 1606 ἐπὶ
1772 1551 1873 1621 τῆς

296 1661 646 1723 συντελείας’
683 1655 817 1726 φησὶ
859 1654 968 1725 γὰρ
1004 1652 1137 1723 πρὸς
1166 1650 1257 1704 τὸν
1294 1648 1427 1701 Θεὸν
1464 1649 1493 1699 ὁ
1544 1645 1872 1705 θεσπέσιος·

308 1753 371 1806 Ὀ
386 1750 579 1819 λέγων
602 1747 674 1816 τῇ
697 1746 950 1809 ἁϐύσσῳ
968 1761 981 1775 ·
1022 1737 1411 1810 Ἐρημωθήσῃ
1433 1780 1446 1799 ,
1476 1735 1575 1789 καί
1602 1734 1745 1799 τοὺς
1773 1747 1876 1785 πο-

297 1840 520 1909 ταμούς
573 1848 688 1891 σου
725 1832 982 1903 ξηρανῶ.
1022 1830 1268 1884 Νοείσθω
1322 1829 1379 1881 δὲ
1420 1829 1483 1880 ὲκ
1541 1824 1875 1896 μεταφορᾶς,

296 1932 533 1993 ἄϐυσσος
567 1928 664 1999 μὲν
698 1927 896 1988 κακίας
948 1927 976 1977 ὁ
1030 1923 1302 1985 διάϐολος,
1339 1920 1575 1990 ποταμοὶ
1627 1917 1684 1970 δὲ
1740 1916 1789 1969 οἱ
1820 1914 1879 1979 ἐξ

293 2022 465 2078 αὑτοῦ
517 2022 609 2075 καὶ
662 2021 742 2081 είς
790 2018 951 2071 αὑτὸν
1007 2017 1223 2088 ῥέοντες
1286 2013 1536 2083 δαίμονες
1562 2049 1576 2073 ,
1628 2008 1730 2078 τῆς
1782 2007 1879 2077 μὲν

292 2112 635 2185 ὲπαφρώσης
672 2113 805 2180 ἡμῖν
854 2108 1224 2176 θανατηφόρα,
1264 2104 1373 2156 τῶν
1399 2102 1476 2167 δὲ,
1516 2099 1775 2169 κυμάτων
1805 2095 1881 2147 δί-

294 2224 405 2277 κην
446 2202 869 2275 κορυφουμένων
896 2240 909 2262 ,
946 2198 1040 2252 καὶ
1075 2195 1453 2266 ὲφαλλομένων
1486 2194 1621 2263 ήμῖν
1672 2189 1758 2244 ἀεὶ
1791 2188 1881 2243 διὰ

293 2300 410 2352 τῶν
436 2295 774 2367 πειρασμῶν.
820 2290 1122 2361 Ἀρκοῦσαν
1155 2288 1211 2341 δὲ
1251 2288 1410 2358 μόνον
1443 2288 1509 2355 τῇ
1548 2283 1639 2337 τοῦ
1682 2283 1883 2345 παντὸς

308 2389 560 2442 συστάσει
608 2385 769 2453 φύσιν
825 2381 931 2434 τῶν
984 2380 1193 2432 ὑδάτων
1233 2380 1261 2431 ό
1316 2376 1556 2445 Κτίστης
1606 2375 1885 2444 ἐμηχανή-

312 2495 473 2532 σατο·
518 2477 577 2529 οὺ
617 2477 776 2545 μόνον
806 2474 861 2525 δὲ
899 2474 965 2542 τῇ
1015 2469 1313 2538 καταψύξει
1360 2468 1470 2520 τῶν
1501 2465 1885 2537 ὑπερκοσμίων

314 2571 517 2624 ὅδάτων
565 2566 955 2635 συντετήρηται
1001 2564 1061 2616 τὸ
1102 2563 1389 2633 στερέωμα
1415 2601 1429 2625 ,
1466 2560 1604 2613 ἀλλὰ
1651 2558 1744 2612 καὶ
1788 2557 1887 2626 τὴν

310 2661 483 2731 φλόγα
514 2660 620 2713 τῶν
652 2659 953 2727 φωστήρων
990 2656 1128 2727 πρὸς
1162 2656 1222 2708 τὸ
1261 2656 1411 2709 κάτω
1438 2653 1666 2723 πέμπει,
1688 2650 1767 2719 τῷ
1798 2665 1890 2701 πε-

303 2752 653 2825 πηλημμένῳ
683 2750 794 2819 (28)
827 2746 993 2801 αὑτοῦ
1028 2746 1241 2817 σώματι
1268 2747 1329 2800 τὸ
1366 2744 1646 2816 ἀνωφερὲς
1665 2742 1759 2796 τοῦ
1790 2758 1891 2794 πυ-

303 2849 403 2920 ρὸς
434 2843 569 2917 πρὸς
599 2843 659 2895 τὸ
688 2841 838 2895 κάτω
870 2840 1102 2894 διακλῶν
1129 2879 1143 2902 ,
1179 2839 1273 2892 καὶ
1302 2841 1380 2902 εἰς
1410 2840 1633 2902 ἀκτῖνας
1659 2835 1889 2906 διαχέων

298 2939 386 3011 τῷ
438 2935 687 3007 πιεσμῷ,
720 2934 861 2987 κατὰ
910 2933 1007 3005 τὴν
1036 2935 1220 2987 εἰκόνα
1259 2931 1359 3001 τῆς
1410 2932 1467 2984 ὲν
1517 2930 1704 3002 χερσὶν
1732 2928 1891 3000 ήμῶν

297 3030 621 3103 λαμπάδος,
666 3027 871 3081 ἄνωθεν
928 3026 1256 3096 πιεζομένης
1308 3027 1407 3089 τῆς
1450 3023 1648 3091 φλογὸς
1700 3021 1891 3075 πίνακί

295 3143 421 3180 τινι
476 3123 511 3194 ἢ
550 3122 803 3190 τηγάνῳ,
834 3120 927 3173 καὶ
960 3120 1038 3181 εἰς
1069 3120 1292 3179 ἀκτῖνας
1343 3116 1437 3169 καὶ
1473 3115 1633 3186 βολὰς
1670 3115 1895 3169 διακλω-

300 3220 506 3292 μένης.
556 3214 647 3268 Διὸ
702 3212 796 3266 καὶ
853 3212 1142 3281 μετάρσιον
1189 3208 1280 3261 τὸν
1333 3208 1483 3277 ἥλιον
1523 3209 1551 3260 ὁ
1588 3207 1695 3279 πρὸ
1731 3206 1894 3261 αὑτοῦ

294 3313 466 3384 ἥλιος
498 3305 731 3377 Χριστὸς
773 3302 1157 3374 ἐμηχανήσατο
1181 3343 1194 3366 ,
1243 3300 1494 3354 ἐντεῦθεν
1527 3298 1621 3352 τοῦ
1684 3298 1897 3370 θέρους,

297 3397 527 3453 ἐκεῖθεν
576 3394 633 3448 δὲ
664 3391 930 3465 χειμῶνος
965 3389 1253 3459 ἀνίσχοντα
1274 3405 1288 3418 ’
1339 3389 1485 3451 ὅπως
1522 3388 1596 3459 μὴ
1641 3388 1733 3441 ἐπὶ
1764 3387 1899 3440 πολὺ

298 3490 389 3561 τῷ
452 3488 535 3542 ἑνὶ
568 3482 1061 3557 προσδιατρίὸοντα
1086 3480 1327 3550 κλήματι
1375 3479 1486 3548 (29)
1512 3520 1526 3545 ,
1557 3477 1903 3548 λυμήνασθαι

297 3584 413 3654 τὴν
455 3578 621 3649 ἁψῖδα
668 3574 763 3629 τοῦ
804 3570 1222 3644 στερεὼματος,
1252 3570 1287 3640 ἢ
1327 3568 1673 3641 παραφλέξαι
1716 3585 1771 3620 τι
1807 3568 1906 3638 τῆς

297 3669 752 3739 διακοσμήσεως.

907 3755 1153 3810 ΠΕΥΣΙΣ
1200 3755 1316 3807 οΔ’.

383 3854 457 3908 Τί
508 3848 642 3915 οὖν;
679 3846 788 3920 ἆρα
822 3848 915 3901 καὶ
963 3846 1033 3899 τὰ
1082 3847 1431 3916 ὑπερκόσμια
1483 3842 1653 3896 ὕδατα
1708 3840 1909 3912 ὁμοίως

296 3952 425 4011 τοῖς
465 3942 776 4005 θαλαττίοις
810 3938 918 3993 είσὶ
950 3938 1127 4009 πικρά
1145 3955 1203 3991 τε
1231 3938 1323 3990 καὶ
1350 3928 1590 4007 ἁλμυρὰ,
1619 3934 1714 3989 καὶ
1738 3933 1910 4005 βαρέα

297 4044 335 4112 ἢ
384 4034 656 4110 βρυώδης

942 4124 1307 4191 Ἀπόκρισις.

393 4220 685 4293 Ἦμιόλιον
739 4218 834 4273 τοῦ
890 4217 1093 4280 παντὸς
1147 4215 1337 4277 ὓδατος
1387 4216 1451 4268 τὸ
1488 4213 1820 4286 ἀνακριθὲν,
1850 4214 1912 4267 οὐ

299 4321 512 4392 μέντοι
558 4312 886 4384 πικρότατον
913 4354 929 4377 ,
982 4308 1016 4379 ἢ
1054 4306 1379 4379 βαρύτατον,
1422 4306 1455 4378 ἢ
1490 4307 1913 4369 δυσωδέστατον,

297 4408 461 4465 κατὰ
488 4405 557 4458 τὸ
591 4404 904 4458 θαλάττιον·
946 4400 1008 4455 τὸ
1044 4400 1142 4472 μὲν
1174 4400 1281 4471 γὰρ
1309 4400 1369 4452 οὑ
1406 4398 1570 4468 ψαύει
1608 4397 1854 4451 ὑποθέων
1886 4397 1915 4448 ὁ

295 4501 471 4572 ἥλιος
494 4534 512 4561 ,
546 4493 609 4547 τὸ
633 4494 689 4546 δὲ
713 4493 805 4545 ἐπὶ
851 4489 985 4544 πολὺ
1024 4488 1349 4560 ὲπιλάμπων
1380 4488 1663 4559 ὲξατμίζει
1698 4487 1791 4541 καὶ
1820 4487 1916 4540 ἁν-

298 4592 523 4663 ιμᾶται
576 4585 697 4637 ὅσον
739 4582 1073 4652 γλυκύτατόν
1101 4598 1160 4633 τε
1190 4580 1283 4634 καὶ
1318 4578 1545 4649 πότιμον
1574 4581 1640 4650 τῇ
1681 4577 1915 4648 θαλάττῃ

295 4677 646 4751 ἐγκρίνεται
700 4673 788 4726 διὰ
832 4671 1093 4743 ποταμῶν
1144 4673 1237 4723 καὶ
1288 4670 1624 4742 χειμάρρων.
1671 4667 1918 4739 Ὀρῶμεν

293 4773 423 4843 γὰρ
468 4763 744 4825 πολλάκις
775 4760 959 4833 χώρας
1008 4757 1332 4827 τεναγώδεις
1376 4759 1433 4811 ὲν
1471 4759 1571 4827 μιᾷ
1602 4753 1919 4826 μεσημϐρία

293 4862 500 4936 ξηρὰς
531 4858 633 4910 καὶ
664 4854 927 4923 ἀνίκμους
955 4850 1403 4921 καταλειφθείσας
1428 4852 1538 4912 τοῖς
1565 4850 1757 4917 ἀτμοῖς
1778 4886 1792 4910 ,
1814 4846 1923 4899 δια-

291 4952 619 5028 κριθέντος
647 4944 740 4999 τοῦ
773 4944 962 5007 ὓδατος
982 4984 996 5007 ,
1034 4943 1129 4996 καὶ
1155 4946 1222 5013 τῇ
1252 4942 1500 5012 ἀναφορᾷ
1528 4942 1646 5002 ταῖς
1671 4937 1920 5007 νεφέλαις

288 5038 702 5117 ἐγκραθέντος
722 5075 736 5099 ,
773 5033 937 5087 πάλιν
964 5036 1030 5105 τῇ
1060 5035 1130 5103 γῇ
1161 5032 1349 5103 ὥσπερ
1380 5035 1443 5084 ἐκ
1478 5029 1730 5098 σπόγγων
1754 5030 1925 5097 ἐκμυ-

288 5145 582 5215 ζὸμενον,
614 5129 710 5186 καὶ
741 5131 821 5193 είς
854 5128 1007 5182 ὑετὸν
1041 5125 1571 5197 ἐξοικονομούμενον.

924 5409 1174 5464 ΠΕΥΣΙΣ
1219 5409 1338 5462 OE'.

374 5513 453 5567 Τί
487 5502 642 5570 οὗν;
673 5505 723 5556 οἱ
757 5501 952 5575 ὄμϐροι
986 5504 1050 5555 ὲκ
1087 5502 1185 5571 τῆς
1226 5498 1503 5568 θαλάσσης
1531 5494 1927 5567 χορηγούμενοι

1968 637 2055 693 his
2078 636 2289 691 verbis:
2314 635 2536 691 Emittes
2570 636 2828 707 Spiritum
2862 646 3030 700 tuum,
3062 645 3109 690 et
3134 636 3477 693 crcabuntur.
3499 645 3551 693 et

1970 728 2242 783 rcnovabis
2265 729 2454 797 facient
2488 738 2641 783 terra:
2660 729 2723 781 ³¹.

2360 907 2881 964 INTERROGATIO
2922 903 3157 966 LXXIII.

2044 997 2183 1053 Num
2222 1006 2276 1053 et
2313 1014 2464 1053 mare
2499 999 2716 1054 desinet
2759 1001 3058 1072 aliquando
3106 1002 3161 1055 in
3202 1016 3560 1057 consumma-

1974 1096 2160 1161 tione,
2203 1110 2326 1149 cum
2372 1103 2484 1148 tam
2537 1110 2794 1164 magnum
2846 1095 2963 1150 sit?
3010 1112 3141 1149 num
3181 1096 3345 1151 etiam
3386 1098 3563 1151 ultra-

1975 1188 2228 1242 cmlestes
2259 1202 2411 1257 aqua:
2439 1228 2454 1252 ,
2493 1188 2559 1241 de
2601 1187 2807 1257 quibus
2851 1188 3030 1258 inquit
3078 1187 3263 1243 Deus:
3316 1187 3561 1243 Exsistat

1976 1278 2115 1331 inter
2148 1293 2341 1346 aquam
2373 1288 2422 1331 et
2454 1295 2654 1348 aquam
2691 1280 3087 1346 firmamentum
3120 1279 3209 1332 ³³2

2616 1369 2924 1439 Responsio.

2052 1460 2218 1531 Atqui
2267 1463 2435 1526 satis,
2487 1468 2547 1515 ut
2593 1469 2853 1531 apparet,
2892 1463 2961 1517 ab
2990 1463 3191 1518 eximio
3227 1463 3366 1519 Isaia
3400 1465 3565 1521 doce-

1982 1569 2127 1619 mur,
2181 1570 2330 1609 mare
2373 1553 2605 1609 deﬁcere
2642 1563 2695 1608 et
2740 1569 3072 1611 evanescere
3120 1556 3175 1610 in
3215 1572 3567 1612 consumma-

1982 1648 2150 1701 tione.
2179 1646 2358 1715 lnquit
2383 1648 2529 1701 enim
2562 1646 2630 1699 ad
2662 1646 2830 1700 Deum
2863 1656 3092 1703 sanctus
3124 1648 3215 1702 ille
3241 1657 3432 1706 vates:
3462 1650 3569 1716 Qui

1983 1738 2115 1793 dicis
2144 1739 2335 1809 abysso
2359 1755 2376 1791 :
2410 1738 2742 1793 Desolaberis
2765 1779 2779 1802 ,
2809 1749 2857 1793 et
2881 1740 3106 1808 ﬂumina
3134 1749 3225 1793 tua
3251 1741 3464 1796 εἰσδαὺο
3498 1742 3567 1796 ³³.

1985 1831 2363 1899 lntelligantur
2395 1840 2577 1885 autem
2632 1831 3026 1900 metaphorice,
3061 1833 3297 1899 abyssus
3346 1833 3569 1905 quidem

1987 1923 2236 1987 malitiae,
2270 1923 2564 1988 diabolus;
2616 1923 2840 1977 ﬂumina
2891 1932 3072 1978 autem
3120 1941 3186 1980 ex
3242 1925 3362 1995 ipso
3411 1933 3467 1981 et
3513 1927 3569 1982 in

1988 2014 2167 2083 ipsum
2222 2014 2485 2077 ﬂuentia,
2538 2015 2849 2079 daemones,
2899 2016 3121 2084 quando
3161 2016 3309 2071 illius
3348 2016 3569 2086 quidem

1986 2106 2219 2160 alluvies
2252 2106 2410 2161 nobis
2446 2105 2657 2161 letifera
2688 2116 2768 2160 est
2798 2124 2813 2172 ;
2851 2106 2905 2159 hi
2938 2122 3068 2161 vero
3098 2106 3363 2161 ﬂuctuum
3398 2107 3576 2163 instar

1991 2199 2297 2259 elevantur,
2336 2205 2390 2251 et
2417 2213 2638 2267 semper
2673 2198 2941 2251 insultant
2981 2198 3141 2253 nobis
3182 2213 3278 2268 per
3314 2198 3575 2252 tentatio-

1991 2307 2108 2345 nes.
2144 2290 2314 2344 Porro
2341 2298 2591 2344 naturam
2624 2306 2889 2360 aquarum
2905 2292 3130 2346 Creator
3154 2289 3401 2344 condidit
3418 2331 3432 2352 ,
3454 2304 3577 2359 qua:

1992 2382 2337 2437 Sulummodo
2376 2382 2649 2437 sullicerct
2685 2381 2926 2437 universi
2963 2381 3126 2451 hujus
3167 2382 3575 2437 constitutioni.

1994 2473 2111 2528 Non
2147 2476 2322 2529 solum
2349 2482 2529 2527 autem
2560 2474 2627 2529 ad
2654 2474 2997 2544 refrigerium
3028 2474 3577 2530 ultramundanarum

1996 2583 2263 2635 aquarum
2323 2574 2665 2622 reservatum
2721 2576 2810 2622 est
2874 2566 3313 2631 ﬁrmamentum,
3377 2566 3474 2624 sed
3524 2575 3581 2625 et

1996 2662 2268 2713 ηληιηιοηι
2324 2659 2467 2713 Deus
2522 2658 2875 2712 luminarium
2932 2660 3001 2713 ad
3054 2659 3319 2714 inferiora
3374 2660 3579 2726 mittit,

1999 2752 2305 2823 propinquo
2349 2766 2450 2806 suo
2499 2767 2730 2821 corpore
2773 2769 2996 2807 sursum
3036 2753 3346 2809 tendentem
3394 2754 3577 2825 ignem

1999 2842 2065 2895 ad
2099 2842 2357 2897 inferiora
2385 2858 2588 2912 cogens
2610 2880 2625 2905 .
2650 2851 2706 2898 et
2736 2844 2792 2897 in
2820 2845 3003 2899 radios
3038 2843 3352 2901 diﬂ‘undens
3414 2844 3573 2901 reﬂe-

2000 2936 2254 2997 xionem,
2287 2933 2514 3003 perinde
2555 2950 2619 2989 ac
2661 2936 2705 2989 si
2748 2935 3056 3006 lampadem
3092 2936 3147 2991 in
3194 2936 3452 2995 manibus
3483 2952 3583 2992 no-

2001 3030 2133 3083 stris
2163 3038 2411 3083 tenentes
2434 3069 2448 3091 ,
2484 3044 2722 3098 superne
2750 3044 3065 3097 premamus
3096 3029 3369 3085 ﬂammam
3399 3030 3585 3086 tabula

2002 3120 2085 3172 vel
2120 3119 2352 3190 patella,
2397 3129 2453 3174 et
2497 3120 2550 3173 in
2597 3118 2781 3174 radios
2828 3134 2892 3173 ac
2932 3120 3328 3189 ejaculationes
3370 3122 3587 3194 franga-

2003 3227 2146 3265 mus.
2191 3210 2404 3265 ldcirco
2434 3210 2728 3266 sublimem
2767 3212 2940 3268 solem
2975 3212 3107 3268 fecit
3145 3214 3268 3284 ipso
3310 3215 3463 3284 prior
3502 3215 3588 3271 sol

2002 3301 2292 3367 Christus;
2322 3307 2377 3355 et
2402 3300 2534 3354 hinc
2564 3300 2849 3367 aestivum,
2875 3301 3026 3356 illinc
3051 3301 3343 3357 hibernum
3370 3311 3586 3369 ortum,

2007 3409 2075 3446 ne
2116 3392 2325 3447 diutius
2360 3393 2415 3446 in
2456 3393 2650 3447 eodem
2700 3391 3046 3447 immorando
3083 3398 3295 3454 tractu,
3337 3406 3590 3447 corrum-

2008 3494 2167 3554 patur
2200 3484 2646 3540 circumferentia
2688 3484 3055 3550 ﬁrmamenti,
3096 3492 3194 3539 aut
3234 3484 3416 3555 aliqua
3459 3500 3589 3556 pars

2008 3575 2159 3629 orbis
2188 3575 2567 3629 comburatur.

2398 3757 2917 3815 INTERROGATIO
2965 3757 3201 3812 LXXIV.

2082 3853 2355 3920 Quidnam
2387 3852 2555 3923 igitur
2587 3851 2942 3907 statuendum
2975 3852 3043 3906 de
3082 3852 3241 3921 aquis
3289 3851 3597 3906 ultramun—

2012 3943 2172 3998 danis
2194 3944 2217 3996 ?
2243 3959 2370 3997 num
2403 3943 2612 3997 similes
2640 3941 2873 3997 marinis
2902 3949 3068 4007 sunt,
3100 3957 3300 3996 amarae
3325 3948 3381 3997 et
3411 3943 3595 4010 salsa,

2011 4043 2067 4089 et
2097 4049 2291 4105 graves
2321 4041 2380 4089 et
2412 4034 2722 4088 muscose?

2631 4125 2945 4195 Responsio.

2090 4215 2384 4270 Dimidium
2417 4226 2500 4272 est
2533 4217 2806 4271 universa.
2841 4230 3026 4285 aquai,
3066 4216 3118 4271 id
3152 4215 3299 4286 quod
3330 4231 3600 4281 supernas

2017 4310 2071 4363 in
2108 4319 2289 4379 partes
2338 4318 2424 4365 est
2472 4318 2776 4373 secretum,
2809 4316 3038 4379 excepto
3083 4308 3228 4378 quod
3278 4323 3387 4363 non
3438 4308 3605 4363 habet

2018 4400 2246 4455 nimium
2281 4401 2431 4453 illum
2467 4415 2770 4455 amarorem
2792 4440 2806 4464 ,
2849 4408 2940 4454 aut
2984 4401 3304 4470 gravitatem
3337 4409 3431 4455 aut
3464 4400 3607 4454 fcto-

2020 4508 2167 4557 rem,
2199 4492 2289 4562 qui
2329 4500 2415 4548 est
2466 4494 2518 4546 in
2548 4508 2689 4563 aqua
2736 4494 2994 4557 marina;
3037 4508 3163 4546 nam
3199 4493 3348 4548 illam
3381 4494 3606 4563 quidem

2020 4600 2125 4638 non
2154 4584 2369 4653 attingit
2404 4584 2592 4638 subter
2619 4585 2795 4653 ipsam
2826 4599 3057 4638 currens
3087 4584 3171 4638 sol
3197 4622 3213 4649 ,
3248 4584 3391 4639 hanc
3417 4593 3604 4637 autem

2020 4686 2284 4747 perpetuo
2335 4691 2435 4730 suo
2483 4675 2780 4745 splendore
2837 4692 3162 4746 permeans,
3224 4691 3321 4744 per
3373 4690 3608 4744 vapores

2024 4769 2208 4822 haurit
2247 4776 2302 4823 et
2344 4768 2600 4823 subvehit
2635 4768 2900 4838 quidquid
2941 4770 3187 4822 omnium
3219 4767 3609 4823 dulcissimum

2022 4871 2076 4913 et
2105 4861 2340 4929 potabile
2371 4862 2437 4915 de
2470 4859 2787 4915 ﬂuminibus
2807 4869 2862 4915 et
2887 4861 3225 4915 torrentibus
3253 4861 3309 4914 in
3336 4874 3487 4913 mare
3514 4874 3612 4912 ex-

2022 4952 2291 5006 cernitur.
2322 4951 2579 5007 Videmus
2600 4954 2744 5007 enim
2770 4968 3143 5022 saepenumero
3169 4952 3417 5023 regiones
3441 4965 3611 5021 aqua-

2028 5061 2149 5097 rum
2178 5048 2335 5113 copia
2364 5045 2676 5099 inaccessas
2695 5084 2711 5108 ,
2741 5060 2852 5099 uno
2882 5045 3110 5099 meridie
3137 5044 3321 5099 aridas
3350 5050 3405 5098 et
3432 5045 3612 5098 siccas

2029 5135 2263 5202 relinqui
2288 5172 2302 5197 ,
2341 5148 2436 5202 per
2474 5149 2708 5203 vapores
2739 5149 2880 5203 aqua
2910 5141 3159 5203 separata
3181 5173 3195 5197 ,
3223 5140 3278 5186 et
3306 5148 3402 5203 per
3429 5132 3613 5186 eleva-

2029 5226 2233 5279 tionem
2265 5226 2503 5281 nubibus
2537 5227 2780 5280 immista
2807 5268 2822 5291 ,
2858 5226 3005 5280 unde
3037 5240 3234 5279 rursus
3262 5232 3424 5279 terrae
3452 5222 3613 5293 quasi

2030 5334 2095 5372 ex
2131 5318 2378 5389 spongiis
2407 5318 2756 5386 exprimitur.
2794 5325 2850 5372 et
2882 5317 2939 5371 in
2969 5316 3209 5386 pluviam
3247 5315 3611 5371 convertitur.

2429 5408 2954 5465 INTERROGATIO
2995 5408 3206 5462 LXXV.

2109 5501 2246 5555 Num
2298 5502 2463 5572 igitur
2510 5503 2715 5557 imbres
2769 5517 2834 5557 ex
2884 5501 3023 5555 mari
3078 5500 3408 5570 suppeditati
3456 5498 3618 5553 nubi-

284 5609 426 5671 ταῖς
458 5595 741 5668 νεφέλαις
765 5634 779 5657 ,
810 5593 967 5677 πάλιν
1000 5595 1067 5664 τῇ
1106 5594 1176 5662 γῇ
1211 5589 1593 5661 σκορπίζονται
1624 5604 1637 5651 ;
1680 5588 1773 5639 καὶ
1815 5584 1896 5638 πῶ

2037 5590 2175 5657 bus,
2234 5608 2431 5648 rursus
2490 5607 2658 5661 super
2706 5599 2912 5646 terram
2965 5589 3400 5661 disperguntur?
3448 5586 3618 5660 Atqui

369 5740 423 5773 ιι
471 5728 641 5789 Psal.
683 5740 799 5790 CIII,
842 5724 933 5780 50.
1011 5723 1053 5753 ³³
1093 5721 1228 5777 Gen.
1264 5737 1302 5787 ι,
1335 5721 1392 5777 6.
1468 5719 1514 5750 ³⁸
1558 5719 1659 5773 lsa.
1702 5732 1849 5782 xuv,
1892 5717 1983 5775 26.

372 5855 507 5929 (ἳὸ)
554 5842 1041 5929 Πεπηλημμένῳ.
1094 5840 1404 5913 Legendum
1441 5840 1655 5897 videtur
1695 5838 1928 5910 πεπιλη-

290 5926 465 6006 μέυῳ
503 5926 787 5975 concreto.

2108 5841 2221 5913 (‘29)
2255 5840 2541 5911 Κλήματι.
2573 5838 2734 5895 Forte
2768 5837 3010 5909 κλίματι.
3050 5836 3207 5892 Eutr.
