4112 6380
340 453 447 513 945

339 572 487 637 σθαι,
523 572 619 639 τῆς
649 569 887 625 ἀϐύσσου
920 571 1187 643 ὑπάρχειν
1219 572 1286 626 τὰ
1322 576 1558 643 κρηναῖα
1599 572 1766 627 ὕδατα
1796 616 1811 640 ,
1845 572 1934 627 διά

340 664 800 735 σομφωδεστέρων
822 664 1064 734 λαγόνων
1094 667 1191 735 τῆς
1219 665 1417 736 χέρσου
1442 665 1826 734 ἀναδιδόμενα.
1848 666 1931 721 Τά

330 753 449 829 ,γάρ
478 753 665 825 μακρά
702 754 767 806 ὲκ
793 754 893 824 τῆς
935 754 1175 808 ἀϐύσσου
1211 755 1404 809 ἀνόδου
1447 755 1932 828 διασκολιευόμενα

337 846 448 900 τῶν
470 846 671 918 πόρων,
698 845 794 917 τὴν
824 847 1045 917 πικρίαν
1073 845 1387 910 ἀποζέεται,
1408 846 1502 900 καὶ
1526 848 1624 918 τὴν
1654 848 1932 919 ἁλμυρίδα

335 936 705 1008 ἀποτιθέμενα
750 935 1118 1005 γλυκαίνεται.
1166 936 1240 990 Τὸ
1271 937 1328 989 δὲ
1362 940 1675 1008 φρεατιαῖον
1704 939 1931 1003 εἰκότως

337 1029 659 1101 βαρύτερον,
694 1030 788 1083 καὶ
827 1029 1077 1098 έναλμον,
1110 1030 1204 1083 καὶ
1235 1028 1499 1084 δύσποτον
1532 1030 1767 1102 ὑπάρχει
1789 1072 1804 1095 ,
1839 1031 1930 1086 διὰ

336 1121 397 1174 τὸ
428 1121 746 1191 πλησιάζειν
779 1123 843 1192 τῇ
885 1119 1108 1192 ἀϐύσσῳ
1139 1120 1231 1174 τὸν
1276 1118 1533 1190 πυθμένα
1558 1160 1572 1184 ,
1606 1122 1701 1176 καὶ
1733 1106 1928 1192 ῶσπερ

337 1213 495 1267 κάδον
518 1213 636 1267 τινὰ
666 1214 697 1284 ἢ
727 1212 881 1267 πῖθον
909 1211 1265 1284 ὲπινήχεσθαι
1290 1213 1356 1283 τῇ
1392 1210 1615 1284 ἀϐύσσῳ
1635 1253 1649 1278 ,
1684 1213 1778 1267 τὸν
1804 1213 1928 1267 ὅθεν

336 1304 430 1357 καὶ
453 1306 519 1372 τῇ
551 1302 823 1375 ἐγγυτέρα
851 1302 1022 1372 ἀνόδῳ
1077 1302 1172 1355 καὶ
1219 1302 1609 1374 συντομωτέρα
1658 1303 1927 1374 ὲκφανείᾳ.

337 1394 413 1465 μὴ
442 1393 700 1447 δύνασθαι
738 1394 838 1464 τὴν
879 1392 1169 1446 θαλαττίαν
1198 1392 1403 1464 πικράν
1433 1392 1706 1462 ἁλμυρίδα
1726 1432 1742 1457 ,
1788 1392 1927 1446 ἀλλά

339 1486 519 1555 μέσως
548 1487 655 1538 πᾶν
686 1484 848 1555 ἔχειν,
878 1484 971 1539 τεῦ
1006 1483 1105 1555 μὲν
1142 1482 1403 1555 κρηναίου
1442 1483 1757 1555 βαρυτέρως
1777 1524 1791 1549 ,
1826 1482 1923 1538 τοῦ

332 1577 391 1631 δὲ
421 1577 704 1631 θαλαττίου
752 1578 1113 1649 κουφοτέρως.

921 1692 1172 1745 ΠΕΥΣὶΣ
1210 1680 1329 1744 ΟΘ’.

404 1800 527 1865 Πῶς
554 1801 846 1870 ἀνάγουσιν
873 1803 927 1856 αἱ
952 1801 1169 1872 νεφέλαι
1188 1801 1248 1855 τὸ
1276 1800 1739 1873 θαλάσσιονῦδωρ
1762 1818 1778 1867 ;
1802 1800 1925 1864 πῶς

327 1894 386 1947 δὲ
411 1894 740 1965 ἀναληφθὲν,
767 1895 868 1948 οὐκ
900 1894 1062 1958 εὐθὺς
1093 1896 1360 1965 ἐπιχεῖται
1387 1912 1401 1959 ;
1442 1894 1559 1958 πῶς
1594 1892 1688 1948 καὶ
1717 1894 1776 1945 ἐν
1809 1892 1919 1945 τίσι

330 1988 430 2058 μὲν
459 1991 643 2053 τόποις
667 1988 873 2061 βρέχει,
904 1990 962 2042 ὲν
995 1988 1105 2041 τίσι
1134 1989 1193 2042 οὐ
1218 1987 1404 2059 βρέχει
1428 2003 1442 2051 ;

304 2158 314 2199 ‘
941 2186 1306 2254 Ἀπόκρισις.

401 2283 665 2333 ’Ἄκουσον
699 2276 793 2331 τοῦ
824 2277 987 2330 Δαϐὶδ
1020 2277 1146 2349 περὶ
1173 2276 1307 2329 Θεοῦ
1336 2274 1733 2346 μελῳδοῦντος·
1760 2278 1916 2329 Συν-

317 2373 489 2441 άγων
515 2371 655 2425 ὡσεὶ
689 2369 883 2423 ἀσκὸν
922 2369 1111 2423 ὕδατα
1138 2366 1458 2437 θαλάσσης
1476 2383 1488 2396 ·
1519 2366 1707 2438 ἐτέρου
1741 2367 1798 2419 δὲ
1828 2366 1919 2419 λι-

317 2482 546 2533 γοντος·
583 2463 897 2532 Δεσμεύων
926 2460 1037 2532 (51)
1080 2459 1240 2527 ὕδωρ
1280 2458 1349 2512 ἐν
1389 2460 1672 2528 νεφέλαις
1702 2459 1912 2527 ἀέρων.

316 2560 443 2627 ιιρδ
473 2557 678 2610 τούτων
704 2556 761 2609 δὲ
813 2554 956 2620 Ἰὼϐ,
984 2554 1013 2605 ὁ
1042 2552 1153 2606 τῶν
1194 2552 1337 2606 κατά
1362 2552 1493 2605 Θεὸν
1526 2551 1753 2620 ἀγώνων
1784 2551 1919 2605 καθ-

317 2652 559 2722 ηγητὴς,
583 2648 790 2720 πύργος
814 2648 907 2701 καὶ
924 2644 1208 2717 πρόϐολος,
1236 2644 1400 2714 φησί’
1420 2645 1533 2699 Καὶ
1561 2646 1673 2699 οὐκ
1696 2642 1915 2713 ὲρῤάγη

318 2743 511 2813 νέφος
562 2742 842 2796 ὑποκάτω
871 2739 1082 2803 αὑτοῦ,
1114 2737 1208 2792 τοῦ
1240 2737 1430 2800 ὓδατος
1466 2737 1728 2808 δηλονότι.
1758 2736 1917 2790 Νοεί-

316 2835 439 2889 σθω
470 2834 527 2887 δὲ
551 2835 646 2887 καὶ
676 2832 806 2905 περὶ
831 2834 930 2903 τῇς
951 2829 1274 2899 θεανδρικῆς
1299 2829 1395 2883 τοῦ
1416 2831 1669 2901 Σωτῆρος
1701 2828 1908 2899 ἀναλή-

312 2926 491 2995 $350);-
522 2924 735 2995 Νεφέλη
768 2922 878 2993 γάρ
897 2920 1073 2992 ὑπέϐη
1100 2923 1213 2985 τοῖς
1242 2920 1400 2973 ποσὶν
1430 2919 1615 2981 αὑτοῦ,
1638 2919 1702 2972 οὐ
1726 2935 1914 2989 συνερ-

314 3016 500 3086 γοῦσα
532 3017 667 3087 πρὸς
699 3015 797 3088 τὴν
824 3014 1031 3078 ἄνοδον,
1061 3012 1198 3067 ἀλλά
1223 3010 1480 3066 δεικνῦσα
1505 3011 1711 3065 ἐκεῖνον
1736 3010 1914 3083 ὑπάρ-

313 3128 462 3182 χειν,
490 3110 583 3163 τὸν
609 3110 698 3164 διὰ
726 3109 991 3172 λαίλαπος
1016 3108 1111 3161 καὶ
1130 3105 1308 3176 νεφῶν
1338 3104 1507 3159 πάλαι
1535 3104 1635 3174 μὲν
1662 3102 1740 3175 τῷ
1771 3102 1912 3167 Ἰὼϐ,

316 3208 444 3277 μετ’
466 3205 531 3259 αὖ
541 3204 626 3257 τὸν
652 3203 708 3257 δὲ
728 3202 807 3274 τῷ
854 3202 1045 3257 Μωσεί
1069 3198 1439 3269 φθεγγόμενον
1463 3213 1477 3230 ·
1522 3194 1915 3265 πληρουμένων

304 3299 372 3353 δὲ
398 3296 511 3350 τῶν
538 3295 738 3365 νεφῶν,
788 3293 953 3347 οίονεὶ
995 3292 1182 3347 ἀσκῶν
1220 3290 1253 3361 ἢ
1300 3288 1550 3359 σιφῶνων
1577 3288 1761 3353 τινῶν,
1794 3288 1915 3341 ἀντὶ

306 3387 524 3459 δεσμοῦ
574 3389 607 3458 ἢ
656 3385 944 3452 δακτύλου,
980 3385 1014 3455 ἢ
1071 3383 1166 3438 τοῦ
1206 3380 1547 3444 ὲκθλίϐοντος
1592 3379 1812 3451 πιεσμῷ
1853 3381 1915 3434 τὸ

307 3482 470 3551 ὕδωρ
519 3478 613 3533 τοῦ
671 3478 925 3548 σίφωνος,
959 3476 1021 3529 τὸ
1052 3475 1194 3529 θεῖον
1221 3474 1404 3537 αὐτοῖς
1449 3473 1725 3525 ἐπίκειται
1744 3471 1914 3543 πρόσ-

304 3588 529 3641 τάγμα,
553 3587 625 3622 κα
637 3568 696 3623 σὰ
726 3569 825 3640 τὴν
845 3567 1031 3621 εἰκόνα
1047 3564 1157 3620 τῶν
1187 3566 1283 3619 νῦν
1313 3564 1591 3635 ἐμπόρων,
1615 3562 1912 3617 καθιέντων

308 3665 423 3735 μὲν
456 3662 531 3723 ὡς
554 3663 611 3714 ὲν
660 3660 805 3732 βυθῷ
832 3658 909 3729 τῷ
949 3658 1132 3712 σκεύει
1162 3657 1255 3712 τὸν
1296 3656 1524 3726 σίφωνα,
1560 3655 1653 3708 καὶ
1691 3653 1913 3726 πληρω-

306 3752 507 3811 θέντα,
532 3748 626 3801 ἐπὶ
645 3751 711 3819 τῇ
742 3748 1011 3802 ἀντιθέσει
1032 3746 1127 3801 τοῦ
1147 3746 1456 3817 ἀντιχείρου
1473 3744 1794 3813 ἀνάγεσθαι,
1817 3746 1912 3799 καὶ

301 3843 405 3897 διὰ
466 3841 650 3911 πάσης
704 3840 805 3910 τῆς
856 3839 1035 3903 οἰκίας
1079 3838 1156 3903 ὡς
1186 3838 1275 3892 διά
1317 3838 1525 3909 κόσμου
1552 3839 1650 3901 τὰς
1682 3836 1912 3908 νεφέλας

305 3935 553 4006 πλήρεις
585 3930 867 4005 φέρεσθαι,
919 3930 1382 4003 ὲξοικονομεῖσθαι
1409 3931 1467 3984 δὲ
1494 3931 1556 3985 τὸ
1599 3932 1911 4003 ἀναληφθὲν

301 4027 458 4099 πρὸς
483 4024 546 4078 τὸ
572 4024 759 4079 δοκοῦν
780 4023 858 4094 τῷ
878 4023 1229 4096 ἀρυσαμένῳ,
1257 4026 1320 4095 τῇ
1344 4024 1608 4095 ἐπαγωγῇ
1648 4026 1742 4077 καὶ⁵
1770 4025 1909 4077 ἀπο-

299 4119 467 4174 θέσει
489 4116 579 4171 τοῦ
597 4116 886 4169 δακτύλου.

939 4231 1187 4284 ΠΕΥΣΙΣ
1218 4232 1299 4284 Π’.

379 4329 429 4381 Π
441 4326 619 4380 άντων
640 4323 1051 4396 περιεχομένων
1070 4322 1147 4393 τῷ
1164 4321 1318 4375 ὕδατι
1342 4321 1557 4393 πρώην,
1579 4321 1671 4376 καὶ
1685 4320 1909 4391 ἀϐύσσῳ

296 4416 769 4487 καλυπτομένων,
822 4415 939 4479 πῶς
972 4415 1209 4485 συνήχθη
1251 4414 1346 4469 καὶ
1390 4414 1789 4487 συνεχώρησεν,
1815 4412 1912 4468 τοῦ

292 4510 451 4567 Θεοῦ
486 4510 749 4573 εἰπόντος,
780 4507 1145 4577 Συναχθήτω
1163 4508 1229 4560 τὸ
1254 4506 1412 4576 ὕδωρ
1438 4508 1526 4574 εις
1548 4506 1914 4578 συναγωγὴν

292 4602 485 4673 μίαν,
508 4597 608 4651 καὶ
626 4595 861 4667 ἀρθήτω
878 4596 914 4663 ἡ
956 4595 1145 4665 ξηρά;

948 4686 1304 4755 Ἀπόκρισις.

388 4785 463 4836 Ἡ
496 4780 591 4833 τοῦ
624 4780 823 4843 παντὸς
846 4779 1111 4851 δραστικὴ
1143 4779 1264 4833 θεία
1287 4779 1538 4851 δύναμις,
1578 4783 1668 4836 ὅτε
1700 4784 1909 4838 συνεῖδε

289 4879 452 4953 πρδς
513 4875 640 4945 μίαν
682 4873 1004 4944 συναγωγὴν
1053 4873 1417 4944 ἀποκριθῆναι
1449 4874 1512 4926 τὸ
1544 4874 1711 4949 ὕδωρ,
1750 4873 1909 4942 αὖθις

287 4973 396 5025 καὶ
418 4966 492 5021 τὸ
520 4964 712 5034 μέλλον
759 4962 891 5016 αὐτὸ
938 4962 1296 5033 ὑποδέχεσθαι
1332 4964 1530 5036 χωρίον
1556 4967 1903 5038 παρήγαγεν.

283 5060 443 5119 Οὐδὲ
471 5056 588 5127 γάρ
621 5050 689 5125 ἦν
718 5056 752 5125 ἡ
785 5052 892 5118 ἔξω
926 5053 1194 5125 Γαδείρων
1218 5053 1476 5121 θάλαττα,
1509 5056 1633 5110 οὐδὲ
1664 5058 1726 5111 τὸ
1762 5058 1908 5130 μέγα

282 5155 393 5210 καὶ
450 5147 766 5219 ἀτόλμητον
814 5146 1094 5219 πλωτῆρσι
1125 5147 1379 5216 πέλαγος,
1415 5148 1477 5202 τὸ
1500 5150 1600 5220 τὴν
1622 5150 1908 5222 Βρεττανι·

281 5249 403 5319 κὴν
440 5242 619 5311 νῆσον
645 5242 742 5294 καὶ
769 5240 895 5303 τοὺς
929 5240 1247 5312 Ἐσπερίους
1271 5240 1499 5312 Ἴϐηρας
1534 5244 1902 5315 περιπτυσσό-

281 5351 507 5413 μενον·
545 5332 680 5386 ἀλλά
718 5333 839 5386 τότε
866 5332 965 5402 τῆς
996 5332 1179 5405 χώρας
1234 5330 1315 5403 τῷ
1350 5331 1479 5403 θείῳ
1520 5334 1902 5405 προστάγματι

276 5424 840 5503 δημιουργηθείσης,
872 5427 957 5479 ἐπ’
990 5424 1160 5495 αὐτὴν
1200 5424 1454 5494 συνεδόθη
1477 5424 1585 5478 τῶν
1604 5424 1810 5480 ὑδάτων
1836 5426 1904 5480 τά

278 5521 516 5595 πλήθη.

1790 452 2137 511 DIALOGUS
2178 450 2217 505 1.

3518 445 3639 502 οισ·

2043 588 2143 627 nas
2173 585 2345 640 aquas
2379 586 2445 624 ex
2487 569 2688 639 abysso
2716 582 2841 623 esse
2872 581 2968 638 per
3003 564 3242 622 laxiores
3272 565 3427 621 sinus
3458 572 3621 620 term

2035 663 2302 718 redditas.
2340 660 2478 715 Nam
2509 659 2702 730 procul
2735 675 2803 714 ex
2837 658 3040 731 abysso
3073 657 3390 723 tendentes,
3420 666 3477 714 et
3504 666 3621 713 tor-

2036 764 2196 809 tuose
2236 768 2336 824 per
2372 757 2589 807 meatus
2632 760 2920 807 manantes
2941 790 2957 815 ,
2991 748 3211 805 fervida:
3241 749 3399 806 factae
3425 756 3621 808 amari-
3658 794 3663 817 ,

2033 838 2278 894 tudinem
2306 839 2598 899 amittunt,
2627 848 2683 892 et
2707 838 3046 909 salsuginem
3072 838 3406 907 deponentes
3429 840 3617 899 dulee-
3656 891 3661 909 π

2032 940 2215 988 scunt.
2247 929 2421 987 Porro
2450 931 2686 1002 putealis
2710 972 2725 995 ,
2759 940 2817 985 ut
2848 946 2946 1001 par
2975 939 3062 986 est
3084 972 3097 995 ,
3131 932 3353 1003 gravior
3384 941 3438 989 et
3482 936 3613 991 sub-

2032 1025 2209 1089 salsa,
2253 1032 2307 1078 et
2336 1037 2532 1093 parum
2566 1022 2821 1093 potabilis
2850 1032 2934 1077 est
2954 1063 2969 1086 ,
3002 1031 3289 1093 propterea
3315 1024 3461 1094 quod
3493 1026 3614 1081 fun-

2032 1117 2165 1172 dum
2192 1114 2396 1189 abysso
2427 1116 2795 1185 propinquum
2829 1116 3028 1181 habet,
3062 1124 3116 1171 et
3152 1126 3408 1187 tanquam
3446 1119 3619 1175 cadus

2030 1219 2125 1265 aut
2153 1208 2359 1264 dolium
2382 1208 2600 1262 innatat
2632 1209 2852 1276 abysso.
2880 1206 3001 1273 Quo
3030 1206 3089 1264 ﬁt
3108 1247 3124 1275 ,
3155 1217 3217 1263 ut
3242 1218 3465 1280 propter
3492 1226 3620 1282 pro-

2030 1302 2373 1373 pinquiorem
2405 1315 2695 1357 ascensum
2730 1311 2785 1356 et
2834 1302 3140 1356 breviorem
3184 1303 3422 1368 exitum,
3465 1318 3618 1359 ama-

2030 1409 2147 1448 ram
2176 1408 2332 1465 aqua
2359 1393 2590 1447 marinae
2615 1392 2949 1462 salsuginem
2977 1406 3197 1463 aequare
3222 1402 3487 1465 nequeat,
3518 1393 3623 1450 sed?

2028 1486 2212 1541 medio
2264 1485 2506 1557 quodam
2547 1484 2709 1539 modo
2754 1483 2944 1537 aﬂ‘ecta
2989 1485 3094 1550 sit,
3129 1486 3347 1556 gravior
3390 1486 3613 1557 quidem

2027 1594 2194 1648 quam
2231 1579 2455 1634 fontana
2475 1619 2489 1643 ,
2520 1578 2734 1632 marina
2768 1578 2956 1631 levior.

2426 1686 2948 1743 INTERROGATIO
2985 1686 3219 1745 LXXIX.

2120 1806 2408 1873 Quomodo
2476 1804 2661 1860 ferunt
2730 1805 2784 1858 in
2831 1804 3070 1862 sublime
3118 1807 3293 1865 nubes
3346 1810 3613 1863 marinam

2029 1902 2267 1971 aquam?
2308 1912 2402 1957 aut
2438 1903 2713 1973 quomodo
2742 1903 2957 1961 sublata
2993 1919 3102 1957 non
3154 1919 3281 1957 mox
3316 1901 3615 1960 effunditur

2030 1994 2085 2048 in
2114 1995 2358 2049 terram?
2390 1997 2666 2065 quomodo
2699 1996 2829 2051 item
2860 1996 2915 2051 in
2943 1995 3272 2067 quibusdam
3295 1996 3431 2052 locis
3454 1997 3613 2067 pluit,

2029 2086 2084 2140 in
2119 2087 2445 2157 quibusdam
2485 2104 2597 2142 non
2624 2089 2801 2158 pluit?

2664 2179 2975 2249 Responsio.

2092 2274 2238 2328 Audi
2266 2274 2334 2329 de
2369 2273 2481 2331 Deo
2514 2285 2801 2331 canentem
2838 2275 3094 2330 Davidem
3135 2296 3147 2331 :
3191 2276 3295 2343 Qui
3336 2286 3615 2349 congregat

2018 2367 2176 2436 quasi
2209 2376 2380 2422 utrem
2404 2384 2569 2439 aquas
2608 2370 2774 2424 maris
2798 2368 2881 2437 ³’¹;
2926 2368 3092 2423 alium
3122 2369 3251 2425 item
3283 2368 3558 2427 dicentem
3595 2392 3612 2427 :

2024 2465 2131 2531 Qui
2156 2466 2284 2537 ligat
2306 2484 2499 2538 aquam
2529 2471 2583 2523 iu
2609 2470 2749 2523 aeris
2783 2466 3008 2522 nubibus
3025 2468 3092 2524 ³⁸.
3123 2467 3264 2523 Ante
3296 2468 3398 2522 hos
3421 2474 3608 2523 autem

2020 2556 2193 2614 Jobus
2230 2562 2595 2616 certaminum
2644 2561 2966 2617 divinorum
3018 2559 3300 2629 magister,
3347 2558 3515 2614 turris
3558 2562 3615 2613 et

2021 2654 2517 2723 propugnaculum,
2551 2653 2732 2725 inquit
2768 2673 2781 2709 :
2808 2656 2877 2708 Et
2909 2670 3013 2707 non
3038 2661 3115 2707 est
3149 2662 3307 2721 rupta
3329 2650 3488 2705 nubes
3514 2650 3610 2704 sub

2021 2743 2139 2812 ipsa
2152 2744 2217 2808 ”,
2252 2746 2465 2800 scilicet
2492 2761 2655 2817 aqua.
2688 2745 3031 2817 Intelligatur
3059 2752 3240 2799 autem
3272 2743 3413 2799 idem
3443 2742 3610 2797 etiam

2019 2835 2089 2891 de
2121 2835 2391 2892 deilicataa
2434 2837 2796 2894 humanitatis
2848 2836 3162 2893 Servatoris
3212 2834 3609 2904 assumptione.

2018 2926 2204 2983 Nubes
2254 2928 2401 2983 enim
2448 2929 2620 2984 subiit
2653 2929 2758 2985 sub
2804 2928 2972 3000 pedes
3017 2928 3159 2998 ejus,
3186 2943 3300 3003 non
3340 2925 3613 2996 adjuvans

2020 3019 2419 3083 ascensionem,
2450 3020 2545 3075 sed
2572 3027 2632 3075 ut
2658 3020 3041 3077 ostenderetur
3069 3020 3223 3075 illum
3251 3035 3372 3075 esse
3395 3020 3487 3090 qui
3512 3033 3611 3088 per

2019 3110 2296 3166 turbinem
2329 3119 2384 3166 et
2428 3111 2604 3168 nubes
2634 3112 2765 3168 olim
2802 3113 3025 3184 quidem
3075 3112 3143 3167 ad
3191 3109 3388 3166 Jobum
3414 3153 3431 3177 ,
3483 3116 3610 3181 post

2019 3203 2197 3273 ipsum
2234 3218 2363 3260 vero
2402 3203 2471 3259 ad
2517 3205 2721 3261 Mosem
2748 3205 2969 3261 locutus
2999 3212 3168 3268 esset,
3207 3203 3446 3275 impletis
3478 3217 3609 3257 vero

2018 3297 2260 3353 nubibus
2284 3297 2433 3353 velut
2460 3297 2677 3354 utribus
2707 3305 2804 3352 aut
2835 3296 3183 3367 siphonibus,
3224 3297 3345 3350 loco
3379 3292 3611 3360 vinculi,

2020 3396 2118 3441 aut
2147 3387 2326 3458 digiti,
2351 3399 2446 3441 aut
2470 3387 2721 3458 siphonis
2747 3386 3047 3459 premendo
3075 3384 3362 3440 retinentis
3382 3398 3606 3453 aquam,

2014 3479 2261 3535 divinum
2289 3479 2425 3549 ipsis
2454 3480 2722 3535 incumbit
2750 3479 3094 3543 mandatum,
3126 3477 3351 3549 perinde
3374 3490 3438 3529 ac
3463 3491 3606 3531 mer-

2014 3579 2232 3627 catores
2263 3571 2443 3627 facere
2475 3571 2676 3634 solent,
2706 3585 2831 3626 eum
2856 3569 3155 3625 demittunt
3182 3568 3239 3622 in
3265 3565 3600 3639 profundum

2014 3677 2113 3717 vas
2159 3662 2470 3732 siphonem,
2497 3676 2673 3731 eoque
2708 3660 2955 3732 impleto,
2988 3659 3245 3730 opposito
3273 3657 3472 3727 pollice
3510 3672 3601 3711 re-

2013 3754 2259 3819 ducunt,
2306 3762 2360 3811 et
2388 3770 2483 3825 per
2518 3763 2689 3809 totam
2736 3753 2963 3808 domum
2990 3752 3152 3824 quasi
3193 3766 3289 3822 per
3330 3748 3597 3804 mundum

2015 3846 2198 3903 ferunt
2228 3849 2417 3918 plenas
2441 3847 2597 3917 quasi
2629 3846 2825 3911 nubes,
2850 3854 2905 3900 et
2935 3844 3170 3901 refertur
3195 3845 3249 3898 in
3302 3858 3436 3898 usus
3458 3856 3601 3914 aqua

2015 3951 2253 4010 sumpta,
2281 3949 2441 4011 prout
2469 3940 2648 3996 visum
2680 3938 2843 3994 fuerit
2877 3938 2925 3993 ei
2961 3937 3057 4008 qui
3088 3934 3294 4000 hausit,
3324 3934 3485 4005 idque
3508 3950 3603 4007 per

2015 4031 2420 4101 impositionem
2454 4039 2507 4086 et
2533 4028 2967 4086 subtractionem
3001 4026 3180 4082 diviti.

2423 4232 2954 4290 INTERROGATIO
2987 4230 3201 4287 LXXX.

2106 4325 2244 4380 Cum
2293 4325 2478 4380 omnia
2531 4325 2768 4396 primum
2833 4325 3249 4380 continerentur
3314 4336 3497 4393 aqua,
3542 4329 3599 4377 et

2017 4414 2219 4485 abysso
2249 4422 2586 4485 tegerentur,
2618 4413 2712 4469 ubi
2740 4422 3072 4484 congregata
3101 4421 3208 4477 est,
3237 4421 3290 4468 et
3326 4426 3436 4483 quo
3466 4426 3600 4467 con-

2013 4506 2204 4569 cessit,
2238 4506 2457 4562 dicente
2497 4505 2630 4573 Deo,
2661 4504 3020 4576 Congregctur
3052 4522 3191 4575 aqua
3227 4506 3282 4559 iu
3311 4520 3598 4575 congrega-

2012 4598 2206 4652 tionem
2234 4613 2417 4662 tmam,
2438 4606 2489 4651 et
2518 4606 2774 4666 appareat
2805 4595 2962 4650 arida
2986 4596 3071 4650 ⁸θῖ

2647 4685 2956 4754 Responsio.

2084 4779 2342 4836 Universi
2378 4776 2621 4834 eﬂ’eotrix
2669 4778 2763 4833 illa
2791 4778 2977 4833 divina
3011 4777 3093 4834 vis
3130 4776 3355 4850 quando
3384 4777 3594 4833 consti-

2009 4873 2113 4928 tuit
2141 4887 2339 4944 aquam
2369 4887 2660 4929 secernere
2704 4874 2772 4928 ad
2802 4875 3282 4946 congregationem
3326 4881 3381 4930 et
3410 4876 3592 4931 locum

2009 4980 2200 5031 unum,
2236 4980 2363 5020 mox
2412 4972 2468 5020 et
2517 4964 2696 5019 locum
2733 4965 2908 5035 ipsam
2938 4973 3287 5036 recepturum
3326 4965 3592 5023 condidit.

2008 5056 2259 5112 Nondum
2285 5057 2432 5113 enim
2457 5070 2577 5113 erat
2605 5058 2738 5114 illud
2772 5065 2927 5114 extra
2968 5056 3169 5113 Gadira
3202 5059 3373 5114 situm
3416 5074 3588 5125 mare,

2009 5165 2188 5221 neque
2219 5163 2476 5220 magnum
2527 5150 2661 5206 illud
2695 5152 2843 5222 quod
2887 5150 3185 5207 exhorrent
3232 5160 3413 5206 nautas
3442 5152 3592 5221 pela-

2008 5258 2143 5314 gus,
2180 5242 2327 5312 quod
2358 5241 2728 5298 Britannicam
2771 5243 3010 5299 insulam
3050 5251 3106 5298 et
3144 5240 3441 5313 Hesperios
3474 5241 3591 5298 lbe-

2006 5351 2099 5392 ras
2130 5332 2300 5389 ambit
2326 5373 2341 5396 ,
2395 5333 2490 5388 sed
2532 5334 2751 5390 condita
2782 5345 2912 5389 tunc
2939 5332 3127 5389 divino
3155 5334 3413 5389 mandato
3442 5344 3592 5390 certa

2008 5427 2251 5498 regione,
2282 5424 2347 5479 ad
2380 5424 2554 5495 ipsam
2580 5425 2745 5481 simul
2764 5440 3029 5496 aquarum
3052 5425 3429 5482 multitudines
3457 5440 3591 5483 con-

2006 5518 2303 5572 ﬂuxerunt.

360 5661 412 5693 ³⁷
458 5656 619 5713 Psal.
651 5672 822 5722 xxx",
868 5656 920 5710 7.
995 5656 1039 5689 ³⁸
1076 5654 1179 5711 Job
1218 5671 1363 5719 xxw,
1397 5654 1450 5710 8.
1528 5654 1572 5687 ”
1608 5653 1711 5710 Job
1754 5669 1906 5723 xxvt,
1931 5656 1985 5720 8,
2020 5668 2131 5710 see.
2166 5648 2329 5705 LXX.
2407 5648 2452 5681 ⁸ο
2490 5648 2626 5705 Gen.
2660 5667 2698 5717 ι,
2732 5650 2786 5705 9.

361 5812 861 5886 (51)Δεσμεύων,
884 5832 937 5867 κ.
966 5832 1021 5886 τ.
1047 5814 1096 5866 λ.
1135 5813 1289 5868 Hunc
1323 5822 1376 5886 et
1413 5830 1539 5868 mox
1573 5823 1888 5881 sequentem

2020 5817 2253 5886 lecurrat
2278 5808 2382 5886 Job
2402 5826 2546 5886 xxvi,
2576 5811 2630 5871 8.
2662 5812 2819 5886 juxta
2850 5810 3037 5886 LXX._
3054 5812 3145 5868 ubi
3175 5812 3272 5886 sic
3305 5812 3538 5886 legimus
3569 5830 3585 5869 :

279 5884 516 5946 locum,
563 5892 820 5952 tanquam
851 5900 928 5954 ex,
948 5884 1166 5939 duobus
1196 5884 1373 5939 sacris
1410 5886 1773 5954 scriptoribus
1797 5886 1892 5938 de-

282 5956 616 6027 scriptum,
673 5955 863 6011 recitat
905 5953 1214 6025 Caesarius;
1270 5970 1394 6011 cum
1440 5953 1619 6013 tamen
1666 5966 1891 6027 uterque

1998 5880 2287 5956 Δεσμεύων
2323 5880 2472 5956 ὕδωρ
2503 5884 2560 5933 ὲν
2585 5880 2838 5956 νεφέλαις
2874 5882 3062 5951 αὑτοῦ,
3102 5884 3196 5939 καὶ
3220 5883 3320 5938 οὐκ
3370 5882 3586 5956 ἐρράγη

1999 5952 2159 6023 νέφος
2189 5952 2541 6006 ὑποκάτωθεν
2565 5952 2750 6009 αὐτοῦ.
