4112 6380
334 437 448 501 989

343 567 464 635 μοῖς
489 562 682 634 ὁρᾶται
732 562 902 634 κάλλη
930 562 1032 633 τῆς
1060 563 1289 626 κτίσεως
1323 565 1351 618 ὁ
1397 563 1655 636 Ποιητὴς.
1689 564 1825 618 ἀλλὰ
1853 569 1922 638 τῇ

340 655 565 725 ἀρρήτῳ
617 653 778 724 σοφία
835 653 1119 724 θεωρεῖται
1163 655 1470 724 γενόμενα·
1511 657 1540 708 ὁ
1569 654 1793 723 φάσκων
1847 654 1926 724 τῷ

353 744 626 816 Ἱερεμίᾳ·
657 744 778 812 Πρὸ
829 745 936 798 τοῦ
973 762 1050 814 με
1071 744 1306 800 πλᾶσαι
1360 763 1435 800 σε
1454 746 1523 800 ἐν
1550 748 1767 812 κοιλίᾳ,
1797 746 1928 799 ἐπί-

339 833 564 901 σταμαί
587 847 679 894 σε,
711 833 807 884 καὶ
835 832 949 900 πρὸ
972 833 1077 887 τοῦ
1110 834 1381 897 ἐξελθεῖν
1395 834 1461 887 ἐκ
1477 833 1728 903 μήτρας,
1757 835 1927 905 ἡγίαο

341 921 419 977 κά
443 939 545 977 σε’
576 924 652 994 τῷ
677 924 730 976 δὲ
765 922 1078 997 Ναθαναὴλ,
1106 927 1224 994 Πρὸ
1260 927 1366 980 τοῦ
1397 943 1469 980 σε
1488 929 1790 981 Φίλιππον
1817 946 1928 997 5pc.)-

339 1014 548 1084 νῆσαι,
621 1017 766 1070 ὄντα
828 1016 947 1071 ὑπὸ
987 1018 1103 1086 τὴν
1164 1017 1368 1088 συκῆν
1430 1016 1594 1074 εἶδόν
1647 1036 1759 1073 σε·
1797 1017 1926 1090 ὁτῷ

355 1104 605 1176 Ἀϐραὰμ
643 1105 818 1174 λέγων
843 1121 856 1134 ·
915 1108 1077 1161 Κατὰ
1123 1108 1232 1160 τὸν·
1266 1108 1477 1177 καιρὸν
1504 1107 1720 1162 τοῦτον
1754 1109 1927 1164 ἔσται

341 1193 416 1265 τῇ
439 1196 637 1267 Σὰρίᾳ
659 1199 787 1264 υἱός
805 1215 819 1228 °
846 1199 956 1262 τοῖς
976 1198 1034 1251 δὲ
1063 1198 1337 1264 Ἰουδαίοις
1357 1241 1371 1264 ,
1404 1200 1523 1268 Πρὸ
1557 1201 1663 1254 τοῦ
1679 1202 1931 1271 Ἀϐραὰμ

338 1287 454 1358 ἐγώ
484 1291 618 1357 εἰμι.
655 1289 834 1343 Καλὸν
868 1289 975 1360 γὰρ
1003 1291 1181 1362 θέαμα
1232 1291 1625 1365 λευκαινομένη
1664 1293 1924 1360 θάλαττα,

340 1379 585 1451 γαλήνης
621 1381 758 1451 αὐτῇ
815 1381 1087 1451 σταθηρᾶς
1114 1400 1126 1412 ·
1167 1383 1263 1454 ἡδὺ
1292 1383 1352 1437 δὲ
1401 1382 1496 1437 καὶ
1527 1385 1656 1438 ὃταν
1690 1386 1929 1456 πρωΐαις

340 1469 536 1542 αὔραις
564 1472 938 1544 τραχυνομένη
965 1473 1032 1526 τὰ
1060 1473 1628 1545 νῶτα,ποριρυροῦσαν
1657 1476 1690 1546 ἢ
1719 1475 1927 1547 κυανῆν

339 1562 453 1624 τοῖς
507 1562 675 1632 ὁρῶσι
749 1563 1149 1632 προϐάλλεται,
1208 1566 1344 1636 μηδὲ
1401 1565 1681 1621 τύπτουσα
1737 1567 1929 1638 βιαίως

339 1651 439 1721 τὴν
477 1653 691 1720 γείτονα
720 1655 933 1726 χέρσον,
971 1656 1108 1726 μηδὲ
1127 1657 1310 1710 τέλεον
1329 1658 1640 1729 ὴρεμοῦσα·
1668 1661 1798 1714 ἀλλ’-
1817 1655 1929 1715 οἷον

340 1745 643 1815 εἰρηνικαῖς
694 1765 804 1801 τισι
842 1749 1208 1821 περιπλοκαῖς
1238 1751 1306 1804 τὰ
1353 1751 1508 1822 χείλη
1537 1752 1709 1824 αὐτῆς
1747 1755 1926 1808 ἀσπα-

340 1835 568 1908 ζομένη,
601 1839 737 1907 πρὸς
789 1841 989 1912 ἑαυτὴν
1043 1842 1205 1895 πάλιν
1251 1843 1611 1914 ἀποπηδῶσα.
1674 1844 1830 1915 Καλὴ
1867 1844 1927 1898 δὲ

337 1927 506 1980 πάλιν
542 1928 768 1983 δεδιῶσα
812 1931 872 1983 τὸ
908 1931 1052 1984 θεῖον
1086 1933 1438 2004 πρόσταγμα·
1475 1933 1667 2003 Μέχρι
1705 1936 1926 1991 τούτου

333 2018 588 2085 away,
622 2022 719 2073 καὶ
748 2025 860 2091 οὐχ
882 2021 1196 2092 ὑπερϐήσῃ
1221 2040 1236 2054 ·
1261 2024 1399 2078 ἀλλ’
1432 2024 1502 2077 ἐν
1523 2023 1754 2093 σεαυτῇ
1778 2041 1931 2080 συν-

337 2111 724 2178 τριϐήσονταί
776 2117 893 2168 σου
947 2117 1019 2169 τὰ
1060 2118 1310 2184 κύματα.
1345 2116 1507 2180 ’Ἥτις
1544 2118 1682 2188 πρὸς
1709 2117 1933 2187 ἔλεγχον

334 2203 439 2272 τῆς
505 2205 781 2275 ἡμετέρας
835 2205 1226 2275 ἀγνωμοσύνης
1261 2207 1320 2260 τὸ
1352 2208 1752 2280 ἐπηρτισμένον
1793 2209 1930 2280 αὐτῇ

331 2291 457 2355 δέος
509 2293 768 2362 δηλοῦσα,
807 2294 981 2366 βραχὺ
1013 2295 1101 2349 διὰ
1150 2297 1258 2350 τῶν
1300 2298 1564 2369 κυμάτων
1617 2299 1931 2371 παρεκδρα-

337 2382 521 2450 μοῦτα
551 2385 639 2439 τὸν
675 2387 820 2456 ὅρον,
864 2391 1128 2458 γραμμήν
1157 2393 1292 2442 ’τινα
1336 2389 1575 2459 φανερὰν
1604 2395 1718 2454 τοῖς
1753 2393 1933 2460 αἰγια-

333 2473 452 2536 λοῖς
486 2475 811 2540 ἑντυποῦσα,
835 2471 947 2528 οἷον
981 2477 1195 2550 γλώττῃ
1233 2481 1523 2551 παρεγγυᾷ
1557 2482 1632 2552 μὴ
1662 2481 1932 2553 ὑπερϐαί-

331 2583 455 2618 νειν
489 2569 616 2630 τοὺς
655 2569 812 2639 ὅρους
871 2570 966 2622 τοῦ
1006 2571 1152 2623 θείου
1204 2573 1646 2644 προστάγματος.
1685 2575 1840 2646 Καλὴ
1875 2576 1934 2629 δὲ

331 2657 425 2710 ὅτι
483 2659 576 2711 καὶ
627 2660 887 2730 ποταμῶν
940 2662 1260 2732 ὑπάρχουσα
1309 2665 1516 2735 μήτηρ,
1568 2664 1706 2737 αὐτὴ
1772 2667 1934 2720 πάλιν

332 2751 544 2813 αὐτοὺς
570 2752 915 2823 ὑποδέχεται.
945 2754 1193 2808 ἐντεῦθεν
1223 2755 1322 2826 μὲν
1347 2756 1681 2816 ἀποκύουσα.
1721 2759 1935 2813 ἐκεῖθεν

331 2841 392 2896 δὲ
433 2841 750 2910 ξεναγοῦσα.
783 2846 937 2917 Καλὴ
962 2847 1018 2899 δὲ
1048 2847 1132 2899 ὅτι
1171 2847 1267 2899 καὶ
1286 2848 1386 2911 τὰς
1418 2849 1671 2903 πλεῖστον
1689 2848 1937 2921 ἀλλήλων

332 2934 641 2999 διεστώσας
672 2937 933 3008 ἠπείρους
957 2956 1014 2990 τε
1045 2939 1139 2992 καὶ
1179 2940 1362 3004 πόλεις
1398 2944 1659 2996 συνάπτει
1706 2944 1772 2996 δι’
1809 2946 1938 2997 ἑαυ-

331 3027 466 3097 τῆς,
501 3028 883 3098 νωτοφοροῦσα
926 3030 1027 3093 τὰς
1074 3031 1327 3094 ὁλκάδας,
1374 3032 1468 3085 καὶ
1507 3033 1787 3088 ἀκώλυτον
1821 3038 1938 3100 τοῖς

333 3119 640 3184 ναυτίλοις,
673 3121 738 3172 δι’
770 3121 996 3175 ἐκείνων
1039 3123 1093 3174 δὲ
1119 3126 1231 3186 τοῖς
1271 3123 1478 3188 λοιποῖς
1518 3127 1618 3198 τὴν
1651 3129 1939 3198 συντυχίαν

335 3212 700 3283 παρεχομένη
725 3230 738 3243 ’
777 3214 872 3267 καὶ
907 3215 1149 3285 ἱστορίας
1172 3217 1280 3268 τῶν
1310 3218 1691 3290 ἀγνοουμένων
1717 3221 1939 3292 χαριζοο

343 3305 511 3375 μὲνη,
542 3307 634 3357 καὶ
672 3305 780 3361 τῶν
814 3308 1127 3376 ἀναγκαίων
1188 3310 1554 3381 ἐπικουροῦσα
1594 3317 1704 3376 τοῖς
1747 3313 1940 3384 δεομέ-

339 3413 482 3460 νοις,
516 3397 796 3468 ἐξαγωγὴν
822 3400 916 3452 καὶ
947 3399 1213 3454 ἀντίδοσιν
1240 3405 1359 3465 ταῖς
1397 3403 1583 3457 πόλεσι
1619 3405 1938 3475 ποιουμένη.

342 3486 420 3539 Οὐ
451 3486 558 3556 μὴν
587 3487 759 3551 οὕτως
803 3488 859 3540 δὲ
913 3489 1008 3541 καὶ
1051 3489 1170 3560 Θεῷ
1202 3493 1410 3546 οἴεσθαι
1461 3496 1587 3566 χρὴ,
1631 3495 1801 3566 καλὴν
1847 3498 1943 3550 καὶ

340 3581 535 3652 ἡδεῖαν
564 3574 742 3648 ὦφθαι
771 3579 870 3650 τὴν
914 3581 1204 3647 θάλατταν,
1251 3584 1387 3638 ἀλλὰ
1421 3585 1482 3638 τὸ
1518 3587 1683 3641 καλὸν
1717 3590 1836 3640 ἐκεῖ
1861 3589 1941 3658 τῷ

341 3671 494 3740 λόγῳ
525 3671 622 3740 τῆς
647 3669 1010 3752 δημιουργίας
1045 3674 1312 3745 κρίνεται.
1355 3677 1586 3746 Ὁμοίως
1635 3677 1692 3730 δὲ
1718 3679 1821 3750 χρὴ
1849 3680 1942 3733 καὶ

343 3762 483 3830 περὶ
511 3760 604 3814 τοῦ
642 3762 818 3830 φωτὸς
859 3763 951 3815 καὶ
975 3764 1084 3816 τῶν
1107 3764 1311 3818 λοιπῶν
1340 3765 1638 3820 διαλαϐεῖν.

1757 442 2007 500 DIALOG
2016 442 2104 500 US
2147 442 2180 500 I.

3501 433 3611 490 950

2028 565 2274 620 intuetur
2317 560 2492 614 oculis
2530 557 2986 629 pulchritudinem
3021 561 3352 618 crcatorum,
3387 549 3479 606 sed
3516 552 3605 604 in-

2025 655 2222 710 eﬂ‘abili
2275 652 2542 722 sapientia
2591 651 2990 719 contemplatur
3021 664 3084 702 ea
3116 661 3238 716 qua:
3279 643 3458 698 ﬁunt:
3509 642 3606 712 qui

2027 746 2094 802 ad
2137 745 2428 802 Jeremiam
2480 744 2703 814 inquit:
2763 743 3058 812 Antequam
3105 750 3153 793 te
3201 739 3487 808 formarem
3550 736 3607 788 in

2027 849 2197 902 utero,
2228 839 2346 892 novi
2370 847 2436 899 te,
2473 847 2524 890 et
2563 845 2844 906 antequam
2877 833 3194 904 egredereris
3240 847 3306 886 ea:
3335 829 3451 884 aluo
3492 844 3610 880 ma-

2029 940 2201 992 terna,
2245 927 2576 996 sancti/icavi
2606 933 2654 979 te
2693 925 2774 992 ";
2827 927 2892 977 ad
2941 921 3332 978 Nathanaelem
3371 925 3552 973 autem
3591 934 3606 970 :

2029 1020 2325 1090 Antequam
2366 1028 2416 1072 te
2455 1017 2736 1086 Philippus
2767 1025 2997 1076 vocaret,
3030 1031 3148 1068 cum
3180 1028 3316 1066 esses
3351 1008 3446 1063 sub
3479 1009 3608 1077 ﬁcu,

2027 1111 2266 1168 uidebam
2298 1119 2346 1164 te
2363 1109 2438 1176 “;
2472 1109 2565 1179 qui
2592 1109 2727 1163 dicit
2749 1107 3060 1161 Abrahamo
3090 1124 3103 1158 :
3138 1104 3220 1158 Ad
3244 1113 3446 1171 tempus
3473 1098 3608 1153 illud

2028 1203 2235 1258 habebit
2268 1202 2409 1258 Sara
2443 1202 2615 1272 ﬁlium
2638 1201 2713 1268 δή
2753 1200 2956 1256 ιυᾶωίε
2989 1209 3169 1253 autem
3213 1217 3227 1252 :
3271 1196 3407 1250 Ante
3437 1193 3608 1246 Abra-

2031 1296 2248 1368 hamum
2292 1314 2386 1367 ego
2421 1312 2538 1350 sum
2564 1294 2632 1350 ⁸⁸.
2687 1295 2981 1348 Pulchrum
3039 1291 3184 1346 enim
3235 1285 3609 1360 spectaculum

2029 1406 2180 1445 mare
2203 1391 2469 1458 albicans,
2501 1407 2623 1447 cum
2659 1389 2838 1460 ipsum
2868 1396 3132 1442 constans
3160 1390 3310 1437 tenet
3340 1379 3610 1448 tranquil-

2030 1481 2176 1538 litas.
2212 1481 2523 1537 Iucundum
2562 1483 2690 1536 item
2723 1489 2839 1544 est,
2886 1477 3106 1549 quando
3141 1475 3207 1529 ad
3241 1489 3402 1527 auras
3432 1482 3612 1524 matu-

2029 1573 2176 1630 tinas
2208 1574 2489 1630 horridqu
2522 1574 2688 1629 dorso
2717 1587 2990 1644 purpureo
3021 1569 3324 1623 caerulem'e
3354 1570 3612 1634 spectau—

2031 1661 2177 1717 tibus
2203 1662 2484 1732 ohjicitur,
2520 1678 2697 1733 neque
2722 1662 2986 1717 violenter
3017 1658 3374 1728 propinquam
3408 1662 3609 1708 terram

2030 1756 2234 1826 pulsat,
2267 1770 2443 1825 neque
2469 1756 2688 1826 penitus
2717 1755 3042 1824 quiescens,
3081 1751 3176 1806 sed
3215 1747 3459 1820 paciﬁcis
3492 1745 3615 1815 qui-
3697 1781 3700 1784 -

2033 1847 2265 1902 busdam
2298 1848 2642 1919 amplexibus
2675 1847 2859 1900 littora
2887 1860 2989 1899 sua
3017 1845 3286 1907 salutans,
3312 1841 3377 1895 ad
3413 1846 3614 1894 semet-

2033 1939 2212 2010 ipsum
2252 1941 2449 1996 resilit.
2495 1939 2790 1994 Pulehrum
2821 1937 2973 2000 item,
3022 1936 3166 2006 quod
3197 1934 3441 1990 divinum
3473 1946 3614 2000 pra:-

2033 2043 2250 2104 ceptum
2286 2041 2588 2096 reveretur,
2639 2031 2760 2084 Huc
2793 2046 2957 2101 usque
2989 2028 3184 2092 venies,
3215 2034 3264 2080 et
3300 2039 3404 2079 non
3435 2031 3618 2076 trans~

2033 2123 2288 2194 grediere,
2326 2122 2416 2177 sed
2457 2124 2514 2176 in
2561 2123 2832 2192 temetipso
2872 2119 3190 2176 collidentur
3223 2117 3302 2171 tui
3334 2113 3612 2185 fluctus“.

2034 2215 2180 2270 Idem
2226 2213 2292 2268 ad
2327 2214 2802 2283 reprehensionem
2833 2211 3159 2267 temeritatis
3187 2205 3617 2275 stoliditatisque

2035 2318 2239 2364 nostrae
2270 2301 2502 2361 inditum
2535 2306 2639 2361 sibi
2678 2312 2886 2359 metum
2934 2301 3194 2364 ostendit,
3233 2315 3302 2355 ne
3333 2297 3614 2369 paululqu

2035 2402 2254 2473 quidem
2299 2399 2556 2456 “llt'libus
2607 2399 2745 2453 ultra
2786 2396 3078 2452 terminum
3129 2407 3449 2453 excurrens,
3481 2404 3617 2444 con-

2036 2493 2282 2564 spicuam
2316 2491 2595 2546 littoribus
2625 2491 2824 2564 lineam
2853 2487 3191 2556 imprimens,
3231 2483 3387 2552 quasi
3433 2481 3618 2549 lingua

2038 2563 2265 2637 mandat
2300 2598 2368 2636 ne
2421 2563 2857 2651 transgrediatur
2910 2575 3200 2631 terminum
3249 2569 3489 2626 mandati
3534 2568 3621 2623 di-

2036 2674 2170 2730 vini.
2226 2673 2524 2727 Pulchrum
2569 2685 2828 2741 quoque,
2882 2667 3025 2738 quod
3073 2681 3197 2720 eum
3229 2663 3512 2718 ﬂuuiinum
3548 2663 3622 2715 sit

2038 2773 2234 2827 mater,
2283 2765 2400 2834 ipsa
2442 2763 2632 2819 eadem
2679 2775 2874 2816 rursus
2921 2757 3187 2827 suscipit,
3241 2755 3369 2809 hinc
3397 2752 3619 2824 quidem

2037 2857 2195 2926 quasi
2249 2856 2302 2910 in
2349 2856 2524 2910 limem
2593 2851 2918 2924 proferens,
2971 2849 3122 2903 illinc
3173 2862 3303 2902 vero
3348 2843 3622 2914 recipiens

2039 2949 2195 3019 quasi
2230 2948 2495 3017 hospites.
2531 2945 2827 3000 Pulchrum
2859 2956 3011 3004 vero,
3058 2939 3204 3010 quod
3236 2949 3290 2993 et
3320 2937 3621 3008 plurimum

2041 3040 2184 3094 inter
2213 3054 2272 3093 se
2299 3037 2526 3093 dissitas
2553 3033 2887 3090 continentis
2928 3041 3110 3087 terras
3141 3039 3196 3084 et
3225 3029 3390 3084 urbes
3418 3042 3529 3097 pra:
3562 3040 3623 3080 se

2041 3131 2344 3200 coniungit,
2389 3145 2453 3185 ac
2488 3129 2670 3184 ferens
2706 3127 2760 3180 in
2794 3140 2892 3181 sua
2933 3123 3252 3179 summitate
3281 3135 3466 3182 naves,
3497 3117 3621 3171 nul-

2043 3223 2264 3293 ltunque
2292 3221 2540 3292 praebens
2562 3218 3009 3290 impedimentum
3038 3214 3235 3276 nautis.
3273 3212 3469 3282 partim
3498 3210 3626 3279 qui.-

2044 3313 2166 3369 dem
2201 3314 2404 3378 nautis,
2435 3313 2631 3384 partim
2668 3327 2799 3367 vero
2825 3309 3037 3366 caeteris
3068 3305 3455 3364 commercium
3489 3318 3628 3372 pra:-

2044 3405 2153 3460 bet.
2192 3403 2298 3459 Sed
2327 3413 2381 3458 et
2409 3419 2601 3459 eorum
2632 3418 2753 3472 quae
2780 3403 3122 3472 ignorantur,
3159 3396 3325 3452 variae
3352 3393 3620 3463 cognitio-

2042 3495 2129 3550 nis
2157 3495 2484 3550 beneficium
2515 3493 2768 3563 largitur,
2797 3500 2852 3546 et
2877 3494 2931 3544 in
2959 3492 3127 3547 rebus
3150 3485 3478 3543 necessariis
3499 3484 3630 3539 sub-

2041 3585 2188 3638 venit
2220 3583 2614 3655 indigentibus,
2643 3581 2970 3652 exportandi
2998 3591 3052 3634 et
3084 3579 3332 3633 vicissim
3365 3571 3628 3629 reddendi

2039 3675 2489 3731 commoditatem
2517 3673 2831 3728 civitatibus
2868 3681 3155 3743 praestans.
3183 3668 3303 3723 Non
3335 3675 3517 3721 tamen
3549 3663 3630 3719 sic

2037 3777 2093 3824 et
2122 3769 2193 3825 de
2226 3771 2334 3824 Deo
2356 3769 2658 3839 putandum
2687 3775 2792 3831 est,
2820 3765 2965 3836 quod
2997 3767 3198 3819 bonum
3227 3762 3309 3816 vel
3340 3759 3629 3830 pulchrum

339 3865 400 3912 et
425 3857 732 3925 jucundum
765 3859 842 3911 illi
877 3861 1051 3913 visum
1085 3861 1156 3912 sit
1185 3877 1355 3926 mare,
1387 3863 1481 3916 sed
1514 3864 1714 3917 bonum
1755 3863 1822 3920 de
1864 3881 1973 3935 quo
2028 3865 2097 3918 ibi
2146 3865 2400 3930 habetur,
2434 3865 2648 3919 ratione
2691 3863 2894 3933 opilicii
2932 3860 3228 3931 judicatur.
3270 3857 3352 3911 Ad
3377 3855 3630 3912 eumdem

341 3954 576 4009 modum
612 3963 664 4007 ct
696 3953 763 4008 dc
798 3955 916 4009 lucc
950 3967 1002 4009 el.
1030 3957 1241 4010 czeteris
1275 3958 1702 4012 existimamlmn
1733 3969 1838 4016 est.

946 4067 1196 4119 ΠΕΥΣΙΣ
1225 4067 1348 4123 ΠΕ’.

420 4180 552 4243 Πῶς
584 4179 676 4233 τοῦ
717 4182 964 4245 Μωσέως
1007 4183 1318 4252 γράψαντος
1341 4227 1355 4251 ,
1404 4186 1487 4238 ὅτι
1527 4181 1682 4240 εἶπεν
1712 4188 1740 4240 ὁ
1770 4186 1900 4252 Θεὸς
1925 4201 1941 4217 ⁸

339 4272 770 4341 Βλαστησάτω
829 4274 868 4341 ὴ
930 4272 1005 4344 γῆ
1057 4274 1334 4342 ,βοτάνην
1392 4278 1614 4346 χόρτου
1679 4279 1944 4346 σπείρων

340 4362 594 4430 σπέρμα
613 4363 763 4416 κατά
793 4362 966 4432 γένος
979 4363 1074 4417 καὶ
1105 4366 1232 4416 καθ’
1265 4366 1599 4434 ὁμοιότητα,
1630 4368 1727 4424 καί
1750 4369 1942 4433 ξύλον

340 4455 674 4524 κάρπιμον,
709 4451 782 4510 οὗ
827 4456 892 4510 τὸ
919 4456 1156 4525 σπέρμα
1187 4457 1374 4512 αὐτοῦ
1403 4458 1472 4511 ἐν
1495 4458 1656 4525 αὐτῷ
1681 4461 1829 4515 κατὰ
1852 4462 1942 4531 τέ-

338 4567 458 4612 νος
477 4564 489 4576 ·
529 4547 796 4616 βλέπομεν
827 4548 999 4602 πολλὰ
1021 4549 1130 4602 τῶν
1163 4549 1344 4619 φυτῶν
1382 4550 1658 4616 παντελῶς
1690 4552 1938 4624 ἄκαρπα,

340 4641 444 4692 καὶ
487 4639 624 4708 μηδὲ
665 4639 888 4710 σπέρμα
939 4641 1167 4711 ἔχοντα;
1227 4642 1385 4694 Ποῖον
1415 4642 1525 4715 γάρ
1556 4642 1802 4717 αἴγειρος
1829 4644 1942 4715 ἔχει

340 4730 593 4794 καρπὸν,
646 4730 679 4800 ἢ
737 4732 924 4803 ὲλάτη,
964 4733 997 4804 ἢ
1043 4733 1306 4804 πεύκη,ἢ
1353 4734 1640 4806 κάλαμος;
1691 4739 1843 4791 ποῖον
1887 4736 1944 4790 δὲ

344 4824 585 4896 σπέρμα
622 4822 735 4892 ἔχει
759 4823 1030 4895 σκόροδον,
1055 4824 1089 4894 ἦ
1122 4825 1292 4895 ῥόδον,
1326 4825 1651 4898 ἢκρόκος,ἢ
1677 4827 1942 4900 ἄμπελος,

338 4919 375 4990 ἢ
418 4915 661 4988 μυρίκη,
690 4915 786 4967 καὶ
814 4916 882 4968 τά
908 4915 1070 4970 λοιπὰ
1091 4918 1197 4971 τῶν
1218 4919 1492 4992 ἀκάρπων
1520 4936 1535 4986 ;

966 5008 1332 5077 Ἀπόκρισις.

419 5098 494 5150 Εἴ
520 5115 604 5160 τις
631 5097 946 5168 φιλομαθῶς
979 5100 1073 5153 καὶ
1117 5101 1513 5172 πεπονημένως
1553 5101 1850 5167 άναπτύξει
1875 5102 1946 5156 τὰ

338 5193 497 5251 θεῖα,
553 5191 775 5261 εὑρήσει
827 5191 1003 5244 πάντα
1054 5192 1354 5256 ἁνελλιπῶς
1385 5193 1464 5264 τῷ
1510 5193 1640 5264 θείῳ
1681 5193 1947 5265 θελήματι

339 5281 740 5354 παραστάντα.
778 5283 1030 5354 Δίγειρος
1075 5286 1181 5358 γὰρ
1227 5285 1456 5357 παρέχει
1490 5284 1724 5356 καρπὸν,
1773 5285 1951 5340 κλονι-

339 5377 490 5448 σμὸν
545 5373 684 5443 πρὸς
713 5373 810 5445 τὴν
845 5376 1076 5429 ἑκάστου
1127 5377 1283 5448 ἡμῶν
1313 5377 1528 5449 χρείαν,
1552 5377 1614 5430 τὸ
1640 5375 1838 5446 φῦλλον
1868 5379 1950 5443 εἰς

335 5467 758 5540 κτηνοτροφίαν
821 5471 1087 5540 χειμῶνος
1141 5473 1562 5543 ἀποτιθέμενον·
1620 5471 1682 5525 τὺ
1739 5473 1803 5524 ὲκ
1843 5451 1948 5524 ’τοῦ

338 5562 564 5633 μόσχου
625 5558 803 5612 ἔλαιον
848 5565 962 5626 τοῖς
1005 5563 1311 5635 ἀρρώστοις
1365 5565 1758 5636 παρεχόμενον,
1811 5566 1949 5635 ὅπερ

338 5649 725 5722 αἰγειρὲλαιον
766 5655 879 5717 τοῖς
911 5653 1125 5717 πολλοῖς
1154 5655 1509 5726 ὀνομάζεται·
1543 5655 1664 5708 ἀντὶ
1693 5654 1750 5707 δὲ
1782 5653 1950 5724 σπέρ-

337 5760 530 5817 ματος
588 5743 637 5794 οἱ
686 5744 868 5798 κλάδοι
904 5745 1003 5816 τῆς
1050 5746 1294 5816 αἰγείρου
1351 5746 1802 5817 κατορυττόμενοι
1864 5748 1948 5816 pt-

428 5906 476 5936 "
518 5901 704 5973 Jan-.1,
736 5905 788 5960 5.
866 5904 912 5948 ⁸³
949 5903 1108 5963 Joan.
1139 5922 1176 5978 ι,
1208 5905 1295 5961 48.
1375 5906 1418 5939 ’⁵⁸
1457 5905 1589 5963 Gen.
1624 5922 1776 5974 xvm,
1807 5907 1888 5964 l0.

1972 5907 2015 5939 ‘5
2056 5905 2213 5962 Joau.
2245 5922 2361 5974 vui,
2397 5905 2483 5961 58.
2561 5906 2606 5937 ⁸⁸
2644 5903 2748 5962 Job
2772 5919 3004 5975 xxxvut,
3046 5903 3133 5959 ll.

2425 4066 2946 4125 INTERROGATIO
2988 4063 3251 4120 LXXXV.

2118 4176 2404 4243 Quomodo
2433 4178 2651 4246 scripsit
2687 4176 2887 4243 Moses,
2917 4175 3060 4247 quod
3091 4173 3288 4230 dixerit
3328 4171 3588 4226 Dominus
3614 4185 3628 4222 :

2045 4265 2416 4343 Progerminet
2444 4276 2586 4320 terra
2626 4265 2842 4320 herbam
2891 4267 3187 4336 graminis,
3242 4279 3358 4334 qua:
3415 4261 3632 4315 seminet

2047 4376 2224 4414 semen
2271 4360 2559 4413 secundum
2601 4375 2761 4430 genus
2806 4368 2854 4412 et
2903 4358 3188 4412 secundum
3227 4353 3635 4410 similitudinem

2051 4469 2230 4517 suam,
2263 4461 2313 4506 et
2344 4452 2548 4521 lignum
2588 4451 2952 4520 fructiferum,
2983 4449 3134 4517 cujus
3173 4448 3225 4500 in
3254 4463 3305 4500 se
3347 4447 3414 4498 sit
3461 4459 3634 4498 semen

2052 4545 2341 4601 secundum
2387 4561 2550 4615 genus
2574 4543 2617 4574 "
2658 4563 2669 4598 :
2710 4559 2835 4597 cum
2880 4550 3060 4596 tamen
3112 4540 3394 4594 videamus
3436 4538 3635 4591 qultas

2046 4639 2264 4708 plantas
2296 4651 2525 4706 prorsus
2558 4635 2931 4705 infrugiicras,
2967 4647 3088 4702 qua:
3121 4645 3297 4700 neque
3325 4645 3513 4684 semen
3541 4629 3636 4680 ltu-

2049 4731 2215 4786 bent?
2267 4728 2572 4796 Quemnam
2619 4729 2764 4782 enim
2815 4727 3052 4780 fructum
3106 4725 3270 4777 habet
3323 4721 3506 4784 alnus,
3543 4726 3636 4773 aut

2047 4824 2223 4887 abies,
2250 4832 2345 4877 aut
2378 4822 2542 4891 pinus
2574 4821 2865 4887 silvestris,
2897 4827 2991 4874 aut
3020 4816 3270 4872 arundo?
3311 4814 3483 4882 Quale
3507 4813 3636 4866 item

2050 4929 2236 4969 semen
2267 4913 2431 4968 habet
2457 4913 2663 4976 allium,
2699 4921 2792 4966 aut
2815 4926 2964 4975 rosa,
2994 4919 3089 4965 aut
3115 4925 3334 4973 crocus,
3364 4917 3458 4962 aut
3488 4907 3635 4972 vitis,

2050 5015 2146 5062 aut
2171 5007 2379 5079 myrica
2410 5007 2625 5077 aliaque
2661 5006 2950 5060 innumera
2986 5001 3346 5074 infrugil‘cra?

2685 5095 2992 5165 Responsio.

2124 5191 2182 5245 Si
2215 5191 2339 5262 quis
2378 5189 2669 5263 diligenter
2704 5198 2759 5245 et
2806 5202 3067 5244 accurate
3093 5188 3327 5258 explicet
3371 5201 3460 5240 res
3500 5184 3641 5241 divi-

2051 5298 2174 5347 nas,
2199 5282 2438 5337 inveniet
2471 5283 2652 5336 omnia
2687 5283 2893 5352 absque
2929 5281 3141 5336 defectu
3169 5279 3352 5332 divina
3383 5278 3639 5332 volunta-

2050 5388 2105 5432 te
2139 5377 2422 5446 producta.
2463 5377 2638 5429 Aluus
2681 5375 2825 5429 enim
2875 5373 3108 5426 fructum
3141 5371 3344 5442 praebet
3386 5370 3439 5423 in
3469 5369 3637 5424 ramis

2053 5468 2117 5522 ad
2148 5467 2581 5536 uniuscujusque
2608 5473 2854 5521 nostrum
2880 5465 3262 5519 necessitatem
3286 5480 3300 5528 ;
3334 5461 3523 5515 folium
3549 5475 3638 5514 re-

2054 5560 2291 5629 positum
2328 5557 2460 5612 facit
2491 5557 2560 5611 ad
2595 5555 2883 5611 nutrienda
2933 5558 2985 5609 in
3041 5556 3220 5610 hieme
3269 5567 3466 5622 pecora
3511 5570 3523 5605 :
3569 5566 3639 5605 ex

2054 5651 2350 5706 fruticante
2398 5650 2613 5705 stolone
2655 5650 2833 5705 oleum
2874 5648 3016 5719 quod
3063 5649 3337 5717 praebetur
3379 5644 3636 5710 inﬁrmis,

2054 5744 2200 5814 quod
2244 5758 2274 5797 a
2308 5742 2701 5798 multis'oleum
2735 5741 2845 5795 alni
2881 5747 3250 5810 nuncupatur.
3294 5737 3425 5793 Vice
3455 5745 3638 5791 autem

3213 5904 3256 5937 "
3298 5902 3440 5960 Gell.
3473 5914 3514 5966 ι,
3551 5897 3640 5952 Η.
