4112 6380
517 372 618 430 951
1597 381 1658 437 S.
1698 382 2003 443 GIESARII

516 487 747 546 neminis
777 489 912 544 rami
954 490 1065 547 alni
1091 490 1296 549 defossi
1331 495 1546 554 radices
1589 511 1776 572 agunt.
1831 505 1913 561 Ad
1945 521 2098 562 eum-

495 578 640 640 dem
674 597 802 636 vero
832 582 1051 638 modum
1098 597 1152 640 et
1196 586 1371 652 abies,
1408 597 1463 644 et
1509 591 1673 647 arbor
1716 595 1870 664 picea
1905 614 2090 653 ramu-

515 671 686 728 oculis
713 680 769 728 et
795 672 1053 732 defractis
1083 679 1321 736 surculis
1351 697 1525 752 genus
1552 695 1771 757 augent.
1811 687 1955 745 Rosa
1996 707 2090 747 au-

513 771 645 827 tem,
678 771 771 818 aut
814 765 1040 832 allium,
1091 777 1186 823 aut
1217 784 1452 838 crocus,
1502 776 1702 844 partim
1754 780 1976 849 quidem
2024 781 2094 836 ad

511 855 698 909 odoris
741 853 1094 927 fragrantiam
1145 863 1481 932 conducunt,
1523 869 1722 937 partim
1766 879 1824 924 ut
1861 874 2092 928 commi-

513 951 769 998 sceantur
798 944 1149 1016 degeneranti
1200 952 1327 1007 vino
1377 955 1570 1011 sicera:
1619 959 1939 1028 potoribus,
1989 979 2093 1018 un-

512 1034 816 1104 guentariis
841 1036 970 1092 item
993 1039 1060 1094 ad
1085 1040 1483 1099 conficiendum
1515 1047 1810 1106 artificiose
1832 1049 2092 1117 sumtum,

508 1131 564 1179 et
598 1127 822 1184 medicis
868 1130 935 1184 ad
984 1132 1233 1204 collyria,
1268 1135 1325 1189 in
1371 1137 1498 1203 cibo
1527 1155 1828 1211 sumptum.
1887 1143 1994 1199 Sed
2041 1154 2097 1200 et

509 1230 666 1285 aqua:
694 1218 980 1288 potoribus
1010 1237 1206 1292 aquam
1242 1225 1520 1282 innoxiam
1556 1235 1838 1298 praestant.
1866 1233 2094 1289 Arundo

508 1323 640 1364 vero
701 1310 942 1368 fructum
1011 1315 1159 1382 fert,
1227 1333 1440 1373 comam
1503 1323 1720 1391 quidem
1791 1323 1860 1378 ad
1926 1341 2094 1397 spon-

2066 388 2398 447 GBEGORII
2451 389 2752 446 FRATBIS

3679 389 3792 447 932

2197 509 2438 575 ζοῦνται.
2473 513 2709 582 Ὁμοίως
2740 510 2796 563 δὲ
2830 527 2925 564 και
2953 507 3117 577 ἐλάτη
3162 510 3254 563 καὶ
3275 509 3476 582 πεύκη,
3515 512 3629 574 τοῖς
3655 511 3786 564 κλο-

2192 600 2438 672 νίσμασι,
2466 604 2562 656 καὶ
2585 601 2898 665 ἀποσπάδες
2927 601 2986 654 τὸ
3015 600 3168 670 γένος
3204 599 3448 668 αὔξουσι.
3479 601 3554 654 Τὸ
3596 601 3653 654 δὲ
3691 603 3782 673 (36-

2191 690 2278 744 δον
2310 691 2343 764 ἢ
2369 691 2620 764 σκόροδον
2642 693 2676 764 ἦ
2713 691 2930 762 κρόκος,
2951 691 3019 745 τὰ
3047 689 3148 762 μὲν
3175 690 3273 762 τὴν
3298 690 3529 754 εὐοδίαν,
3571 691 3667 744 καὶ
3707 693 3789 763 τῷ

2191 779 2631 850 καταμίγνυσθαι
2648 778 2959 849 νοθουμὲνῳ
2980 777 3051 848 τῷ
3076 778 3204 848 οίνῳ
3231 777 3344 840 τοῖς
3365 777 3750 849 σικεροπόταις
3767 793 3784 808 ·

2198 871 2228 926 ὃ
2249 873 2510 944 μυρεψοῖς
2528 872 2690 926 πάλιν
2718 871 3109 941 φιλοτεχνεῖται
3148 871 3228 933 εἰς
3270 867 3542 939 θυμίαμα,
3570 867 3666 922 καὶ
3705 869 3788 924 ία-

2197 966 2350 1035 τροῖς
2377 965 2457 1026 είς
2504 962 2760 1034 κόλλυρα,
2794 961 2941 1015 ἔνδον
2987 959 3324 1030 ἐσθιόμενον.
3353 959 3462 1012 Καὶ
3491 960 3603 1021 τοῖς
3624 959 3785 1030 ὑδρο-

2192 1055 2384 1119 πόταις
2404 1054 2463 1108 τὸ
2487 1054 2721 1118 ἀϐλαϐὲς
2741 1051 2837 1106 τοῦ
2872 1051 3066 1115 ὓδατος
3084 1050 3478 1122 παρεχόμενον.
3513 1050 3574 1103 ὐ
3597 1051 3653 1104 δὲ
3680 1052 3787 1104 κά-

2191 1147 2362 1219 λαμος
2389 1147 2727 1220 καρποφορεί
2745 1143 2844 1218 τὴν
2869 1145 2967 1215 μὲν
2999 1143 3173 1214 κόμην
3195 1145 3275 1206 είς
3299 1141 3592 1211 σπόγγους,
3625 1141 3688 1194 τὸ
3728 1141 3787 1194 δὲ

2190 1235 2378 1291 λοιπὸν
2403 1239 2482 1302 είς
2528 1235 2818 1310 γραφίδας.
2841 1236 3044 1305 Ἀμφω
3070 1233 3127 1286 δὲ
3169 1233 3228 1285 ἐν
3250 1234 3371 1295 ταῖς
3403 1230 3787 1302 παρεκφύσεσι

2189 1327 2299 1382 τῶν
2333 1326 2500 1399 ῥιζῶν
2531 1328 2593 1382 τδ
2622 1329 2779 1398 γένος
2805 1325 3186 1397 πληθύνουσιν.

507 1403 646 1472 gias,
685 1405 956 1476 reliquum
1007 1424 1139 1464 vero
1194 1409 1263 1464 ad
1311 1412 1678 1468 instrumenta
1743 1416 2055 1487 scriptoria.
2103 1417 2413 1490 Utrumque
2469 1428 2648 1474 autem
2706 1417 2954 1473 radicum
2995 1414 3559 1485 suppullulationibus
3605 1430 3786 1486 genus

508 1505 730 1567 augent.

875 1612 941 1667 ΙΝ
948 1611 1394 1672 TERROGATIO
1432 1617 1722 1676 LXXXVI.

597 1717 780 1784 Quare
831 1721 989 1790 quasi
1037 1724 1360 1780 naturaliter
1413 1727 1689 1784 cohaerent
1741 1744 1866 1785 cum
1930 1731 2090 1788 bonis

508 1808 674 1875 mala,
713 1814 1092 1882 corruptibilia
1137 1830 1262 1871 cum
1312 1818 1425 1873 vita
1469 1829 1678 1885 nostra,
1729 1839 1853 1876 cum
1905 1825 2091 1880 tritico

509 1900 780 1956 zizanium
813 1912 866 1958 et
900 1906 1101 1968 cicuta,
1146 1923 1270 1962 cum
1310 1911 1455 1967 rosis
1485 1913 1677 1982 spinae,
1710 1929 1833 1968 cum
1875 1917 2090 1973 caeteris

507 1995 863 2050 nutrimentis
922 1997 1260 2054 belleborum
1289 2039 1306 2065 ,
1367 2010 1422 2058 et
1476 2004 1794 2068 aconitum,
1833 2015 1889 2061 et
1930 2023 2088 2063 man-

507 2083 762 2155 dragora,
793 2096 849 2143 et
889 2105 1092 2148 succus
1131 2095 1441 2164 papaveris,
1477 2111 1598 2167 quae
1631 2108 1876 2154 nostram
1919 2102 2088 2157 vitam

509 2177 746 2234 tollunt?

1143 2275 1452 2349 Responsio.

576 2358 720 2416 Num
755 2362 924 2434 igitur
950 2365 1141 2422 relicta
1184 2383 1283 2439 pro
1322 2370 1550 2426 utilibus
1583 2373 1882 2443 gratiarum
1919 2375 2091 2431 actio-

507 2466 597 2516 ne,
622 2454 830 2510 crimen
857 2456 1251 2517 intentabimus
1267 2460 1479 2532 Opiﬁci,
1511 2463 1658 2532 quod
1701 2470 1952 2536 quaedam
1985 2485 2090 2523 no—

508 2545 597 2600 bis
629 2545 697 2600 ad
728 2545 1050 2613 discrimen,
1075 2552 1324 2620 quaedam
1352 2567 1486 2609 vero
1515 2556 1724 2613 utiliter
1749 2561 2092 2615 nascuntur?

480 2639 617 2690 ’Aut
649 2651 758 2693 non
805 2641 1187 2710 reputabimus
1229 2643 1390 2709 illud,
1430 2646 1578 2716 quod
1609 2663 1719 2704 non
1749 2649 1931 2704 omnia
1965 2666 2092 2721 pro-

511 2738 631 2800 pter
659 2739 904 2788 ventrem
954 2743 1203 2790 nostrum
1249 2736 1472 2793 condita
1507 2740 1676 2794 sunt?
1722 2740 1887 2811 Atqui
1932 2741 2092 2797 nobis

507 2822 733 2893 quidem
763 2825 1007 2895 deputati
1036 2827 1147 2882 cibi
1167 2829 1425 2884 omnibus
1455 2829 1511 2884 in
1540 2839 1792 2903 promptu
1817 2840 1872 2887 et
1897 2834 2089 2904 cogni-

507 2923 568 2969 tu
598 2915 791 2973 faciles
818 2927 968 2974 sunt.
1007 2917 1421 2989 Unumquodvis
1459 2937 1590 2977 vero
1620 2924 1962 2979 nascentium
1995 2941 2090 2995 pe-

507 3007 768 3063 culiarem
794 3010 1087 3080 quamdam
1119 3015 1175 3067 in
1196 3014 1476 3068 creatione
1507 3015 1770 3069 rationem
1791 3016 1995 3086 implet.
2015 3017 2092 3073 Ne

507 3097 652 3153 enim
681 3099 904 3156 laederet
917 3114 1220 3159 venenatus
1242 3108 1492 3162 taurinus
1509 3107 1756 3178 sanguis,
1778 3123 1886 3162 non
1903 3108 2091 3164 debuit

507 3186 564 3240 id
585 3188 788 3242 animal
818 3190 1048 3259 produci
1079 3193 1162 3247 vel
1185 3207 1377 3249 carere
1401 3196 1686 3264 sanguine,
1710 3196 1869 3266 cujus
1896 3199 2090 3254 robore

507 3281 564 3335 in
609 3289 720 3334 tam
764 3282 956 3336 multis
991 3281 1199 3352 indiget
1243 3284 1351 3337 vita
1389 3286 1618 3340 nostra?
1668 3287 1833 3357 Atqui
1876 3288 1944 3342 ad
1996 3303 2090 3343 ea-

507 3373 683 3428 venda
735 3375 1044 3443 perniciosa
1091 3377 1188 3431 tibi
1225 3378 1368 3454 ratio
1421 3377 1642 3436 sufﬁcit.
1693 3381 1892 3433 Annon
1940 3381 2088 3436 enim

504 3480 638 3523 oves
669 3474 723 3521 et
755 3483 935 3538 capra:
976 3477 1180 3524 norunt
1211 3470 1462 3542 refugere
1489 3487 1613 3542 qua:
1641 3471 1764 3526 vitae
1818 3487 1932 3528 suae
1961 3487 2088 3541 per-

505 3558 720 3615 nieiosa
748 3568 905 3623 sunt,
937 3562 1055 3616 solo
1086 3562 1291 3619 olfactu
1319 3566 1481 3619 noxia
1518 3564 1924 3635 dijudicantes?
1964 3563 2088 3620 Tibi

506 3658 688 3706 autem
717 3651 804 3706 cui
827 3660 882 3707 et
904 3654 1046 3707 ratio
1069 3653 1247 3718 adest,
1275 3663 1329 3711 et
1356 3671 1448 3712 ars
1470 3658 1777 3724 medicinae,
1796 3673 1920 3728 qum
1941 3657 2084 3728 quod

503 3749 591 3799 est
624 3745 867 3812 salubre,
895 3746 1229 3818 suppeditat,
1261 3755 1317 3803 et
1349 3749 1772 3819 praecedentium
1795 3750 2087 3819 experien-

501 3835 600 3904 tia,
643 3839 1082 3908 perniciosorum
1127 3839 1312 3910 fugam
1360 3856 1680 3912 suggerens,
1727 3841 1945 3896 diﬂicile
1982 3839 2088 3894 erit

501 3929 777 3986 declinare
812 3932 1134 3988 mortifera?
1180 3931 1328 3987 Nihil
1367 3946 1547 3988 autem
1593 3933 1788 3988 borum
1823 3932 2088 3986 inutiliter

501 4034 595 4083 aut
620 4025 689 4078 ab
719 4039 779 4080 re
800 4034 987 4080 natum
1014 4033 1118 4091 est,
1141 4027 1237 4083 sed
1264 4034 1358 4081 aut
1388 4027 1549 4081 nobis
1583 4035 1678 4080 aut
1704 4025 1995 4095 pecoribus
2017 4023 2086 4078 ad

501 4114 792 4170 utilitatem
818 4117 1122 4183 tributum;
1153 4133 1281 4172 nam
1314 4119 1497 4174 cicuta
1527 4117 1747 4189 quidem
1777 4119 1957 4173 sturni
1987 4134 2083 4188 pa-

501 4218 755 4276 scuntur,
780 4208 1061 4265 helleboro
1091 4224 1222 4265 vero
1251 4211 1588 4273 coturnices,
1609 4210 1900 4279 utriusque
1927 4220 2085 4262 noxa

502 4300 772 4354 immunes
803 4300 1042 4369 quadam
1082 4299 1447 4370 dispositione
1491 4307 1702 4353 natura:
1747 4316 1760 4352 :
1807 4313 1902 4369 per
1929 4312 2086 4351 man-

499 4390 788 4461 dragoram
812 4400 994 4445 autem
1019 4406 1274 4446 somnum
1298 4389 1532 4446 inﬁrmis
1555 4388 1823 4442 inducunt
1853 4387 2081 4454 medici;

499 4496 669 4536 succo
703 4482 994 4551 papaveris
1027 4496 1322 4553 corporum
1363 4477 1711 4535 vehementes
1736 4479 1952 4533 dolores
1989 4491 2083 4532 so-

498 4573 689 4640 piunt;
727 4573 839 4643 jam
871 4587 1002 4626 vero
1057 4582 1112 4628 et
1147 4573 1327 4627 cicuta
1359 4572 1584 4643 quidam
1619 4571 1825 4624 rabiem
1874 4571 2084 4639 appeti-

496 4670 654 4718 tuum
690 4663 1065 4726 sustulerunt,
1113 4671 1168 4719 et
1218 4663 1497 4719 helleboro
1541 4662 1743 4717 multos
1789 4662 2081 4716 diuturnos

497 4753 719 4809 morbos
735 4755 1132 4825 exstirparunt.
1158 4751 1339 4820 Quare
1360 4753 1504 4824 quod
1525 4761 1782 4826 putamus
1800 4753 2080 4808 inimicum

495 4862 618 4903 esse
645 4856 849 4904 nostra:
878 4856 1108 4911 naturae,
1151 4848 1206 4904 id
1253 4849 1412 4904 nobis
1455 4849 1513 4904 in
1553 4855 1908 4920 augmentum
1959 4863 2083 4919 gra-

497 4939 696 4996 tiarum
727 4943 962 4998 actionis
991 4941 1248 4997 accessit.

849 5137 1374 5195 INTERROGATIO
1411 5135 1721 5195 LXXXVII.

564 5228 747 5298 Quare
773 5229 843 5285 de
867 5231 1036 5286 herba
1069 5244 1123 5287 et
1160 5232 1470 5297 arboribus,
1509 5230 1878 5303 Progerminet
1913 5241 2077 5298 terra,

494 5321 708 5392 inquit;
755 5321 825 5377 de
859 5323 1150 5392 pecoribus
1179 5332 1360 5380 autem
1406 5334 1462 5380 et
1501 5325 1717 5390 bestiis,
1753 5323 2029 5379 Producat
2053 5327 2080 5381 ?

493 5414 697 5468 Annon
738 5406 981 5483 aliquam
1022 5413 1420 5469 dissonantiam
1464 5416 1664 5480 habet,
1720 5416 1966 5486 utrisque
2008 5432 2078 5472 ex

494 5503 688 5560 eodem
719 5503 1171 5576 provenientibus
1199 5506 1430 5560 ventre?

1134 5593 1440 5666 Responsio.

563 5685 1020 5760 Quandoquidem
1043 5690 1288 5760 germina
1317 5699 1373 5745 et
1399 5691 1614 5748 fructus
1638 5693 1934 5762 quotannis
1958 5709 2076 5766 ger-

493 5773 766 5829 minatura
802 5783 984 5837 erant.
1011 5785 1068 5833 et
1107 5777 1166 5832 in
1209 5784 1356 5832 terra
1399 5793 1747 5842 remansura,
1780 5779 1836 5833 in
1865 5779 2067 5850 ipsam,

496 5865 642 5922 velut
677 5868 733 5926 in
767 5868 892 5926 sinu
930 5870 1122 5932 matris
1157 5868 1524 5929 deﬂuentibus
1556 5869 1782 5931 ﬂoribus
1813 5872 2070 5930 desinen-

2775 1615 3025 1668 ΠΕΥΣΙΣ
3053 1617 3196 1683 ΗΕΓ.

2260 1723 2413 1776 Διατί
2454 1721 2791 1793 συμφύονται
2828 1723 2941 1784 τοῖς
2974 1719 3161 1780 καλοῖς
3197 1720 3266 1773 τά
3295 1721 3461 1786 κακὰ,
3493 1722 3586 1774 καὶ
3609 1723 3784 1792 φθαρ-

2191 1817 2320 1870 τικά
2345 1815 2443 1886 τῆς
2477 1812 2622 1885 ζωῆς
2650 1813 2828 1884 ἡμῶν,
2859 1814 2994 1884 μετὰ
3027 1813 3120 1866 τοῦ
3147 1813 3294 1865 σίτου
3327 1813 3389 1865 τὸ
3419 1813 3658 1878 ζιζάνιον
3685 1816 3784 1869 καὶ

2189 1908 2254 1961 τὸ
2289 1907 2532 1970 κώνειον,
2569 1906 2707 1977 μετὰ
2761 1905 2871 1958 τῶν
2913 1905 3081 1976 ῥόδων
3127 1905 3178 1957 οἱ
3211 1905 3468 1976 τρίὸολοι,
3503 1907 3643 1976 μετά
3670 1907 3784 1961 τῶν

2190 2001 2394 2054 λοιπῶν
2419 1999 2700 2071 τροφίμων
2743 1998 3047 2068 ἐλλέϐορος,
3092 1998 3188 2050 καὶ
3217 1999 3484 2062 ἀκόνιτος,
3511 2001 3605 2052 καὶ
3639 2016 3784 2070 μαν-

2189 2091 2482 2164 δραγόρας,
2507 2091 2600 2144 καὶ
2634 2091 2664 2143 ὀ
2691 2091 2790 2162 τῆς
2828 2093 3078 2162 μήκωνος
3119 2089 3289 2155 ώπός,
3317 2091 3462 2163 άπερ
3495 2092 3783 2163 ἀναιροῦσι

2190 2185 2290 2255 τὴν
2319 2182 2464 2255 ςωὴν
2493 2182 2684 2255 ήμῶνς

2802 2275 3160 2342 Ἀπόκρισις.

2262 2367 2328 2420 Τί
2367 2362 2461 2422 οὖν
2500 2366 2732 2436 ἀφέντες
2780 2366 2882 2436 τὴν
2923 2366 3018 2419 ἐπὶ
3063 2369 3177 2430 τοῖς
3224 2365 3518 2438 χρησίμοις
3561 2366 3782 2436 εὐχαρι-

2192 2457 2366 2522 στίαν,
2421 2457 2810 2528 ὲγκαλέσωμεν
2865 2457 2944 2528 τῷ
2999 2457 3332 2529 Δημιουργῷ
3379 2459 3475 2511 ἐπὶ
3511 2457 3619 2510 τῶν
3647 2459 3820 2528 ἡμῖν.

2191 2551 2328 2622 πρὸς
2353 2551 2626 2623 διάκρισιν
2676 2549 2771 2603 καί
2815 2566 2974 2603 τινων
3009 2550 3399 2622 συμφερόντως
3424 2551 3779 2620 ὲκφυέντωνς

2204 2642 2411 2694 Ἐκεῖνο
2427 2641 2485 2693 δὲ
2512 2640 2574 2692 οὺ
2601 2638 2962 2711 λογισώμεθα,
2984 2641 3068 2694 ὅτι
3096 2641 3157 2693 οὐ
3189 2642 3366 2694 πάντα
3413 2641 3514 2712 τῆς
3543 2640 3781 2712 γαστρὸς

2189 2730 2376 2784 ἕνεκεν
2405 2731 2504 2800 τῆς
2527 2730 2805 2802 ἡμετέρας
2833 2731 3338 2803 δεδημιούργηταις
3370 2732 3484 2786 ἀλλ’
3515 2733 3644 2803 ἡμῖν
3679 2732 3780 2803 μὲν

2191 2826 2252 2878 αἱ
2297 2823 2742 2893 ἀποτεταγμέναι
2793 2825 2995 2895 τροφαὶ
3044 2827 3328 2896 πρόχειροι
3359 2825 3455 2878 καὶ
3488 2827 3654 2878 πᾶσιν
3687 2823 3779 2878 sf»-

2190 2933 2445 2985 γνωστοι,
2496 2915 2727 2970 ἕκαστον
2756 2916 2815 2970 δὲ
2840 2916 2950 2970 τῶν
2977 2917 3279 2988 γινομένων
3310 2917 3439 2970 ἴδιόν
3461 2934 3584 2970 τινα
3619 2917 3781 2987 λόγον

2188 3007 2249 3059 ὲν
2275 3010 2342 3078 τῇ
2365 3007 2541 3060 κτίσει
2568 3005 2787 3079 πληροῖ.
2817 3007 2910 3078 Μὴ
2948 3007 3058 3079 γὰρ
3091 3009 3276 3080 ἐπειδή
3326 3025 3407 3062 σοι
3449 3008 3778 3080 δηλητήριον

2187 3097 2437 3168 ταύρειον
2463 3092 2625 3170 αἷμα,
2655 3100 2755 3153 οὐκ
2792 3099 2995 3169 ὀφείλει
3042 3100 3389 3172 παραχθῆναι
3420 3101 3480 3154 τὸ
3527 3100 3665 3165 ζῶον
3690 3142 3708 3168 ,
3734 3097 3774 3173 ἢ

2187 3193 2417 3263 ἄναιμον
2441 3193 2730 3264 ὑπάρχειν,
2760 3185 2822 3245 οὗ
2876 3193 2976 3264 τῆς
3001 3193 3181 3264 ἰσχύος
3202 3193 3339 3266 πρὸς
3363 3193 3602 3248 τοσαῦτα
3619 3193 3779 3265 ἡμῶν

2187 3286 2216 3337 ὀ
2246 3284 2361 3354 βίος
2389 3284 2698 3351 ἐπιδέεται;
2754 3283 2915 3337 ’Λλλά
2941 3285 3026 3338 col.
3056 3285 3153 3356 μὲν
3177 3284 3458 3356 αὐτάρκης
3481 3287 3510 3337 ὀ
3536 3284 3779 3355 ἔμφυτος

2187 3377 2345 3446 λόγος
2374 3377 2512 3448 πρὸς
2563 3377 2664 3448 τὴν
2706 3376 2816 3429 τῶν
2869 3377 3128 3448 ὀλεθρίων
3180 3377 3448 3447 φυλακήν.
3491 3378 3567 3430 Οὐ
3601 3378 3780 3447 δήπου

2187 3468 2296 3540 γὰρ
2333 3468 2584 3540 πρόϐατα
2617 3469 2712 3522 καὶ⁵
2741 3463 2894 3536 αἶγες
2926 3469 3104 3522 ἴσασιν
3130 3468 3463 3538 ἀποφεύγειν
3494 3469 3564 3523 τά
3602 3468 3782 3542 φθαρ-

2185 3559 2314 3613 τικά
2337 3560 2435 3629 τῆς
2468 3559 2612 3629 ζωῆς
2631 3560 2832 3618 αὐτῶν,
2867 3559 3005 3632 μόνῃ
3031 3562 3100 3631 τῇ
3135 3559 3400 3632 ὀσφρήσει
3428 3560 3496 3614 τά
3538 3560 3782 3632 βλαϐερά

2186 3650 2531 3724 διακρίνοντα
2559 3669 2574 3717 ;
2603 3653 2687 3704 σοὶ
2710 3651 2767 3705 δὲ
2793 3644 2838 3719 ᾧ
2859 3651 2954 3705 καὶ
2970 3651 3126 3721 λόγος
3150 3653 3384 3722 πάρεστι
3428 3654 3524 3707 καὶ
3551 3655 3779 3727 ἰατρικὴ

2185 3743 2350 3814 τέχνη
2370 3743 2432 3796 τὸ
2455 3744 2724 3815 χρήσιμον
2749 3743 3136 3814 ὲκπορίζουσα,
3161 3744 3257 3798 καὶ
3288 3745 3321 3815 ἡ
3345 3744 3454 3798 τῶν
3485 3747 3785 3816 προλαϐόν-

2186 3851 2294 3887 των
2326 3837 2510 3906 πεῖρα,
2556 3833 2666 3886 τῶν
2707 3833 2964 3905 ὀλεθρίων
2993 3833 3090 3905 τὴν
3125 3834 3303 3906 φυγὴν
3333 3836 3780 3907 ὑπαγορεύουσα,

2189 3924 2425 3995 χαλεπὸν
2471 3925 2716 3980 ἐκκλῖναι
2744 3925 2813 3979 τά
2844 3925 3180 3997 δηλητήρια;
3232 3927 3397 3980 Οὐδὲν
3445 3928 3501 3980 δὲ
3553 3927 3780 3982 ἐκείνων

2188 4014 2373 4085 ἀργῶς
2398 4014 2432 4085 ἢ
2467 4014 2758 4084 ἀνωφελῶς
2792 4015 2993 4085 ὲξεφύη
3014 4033 3027 4048 ο
3063 4016 3177 4069 ἀλλ’
3211 4015 3245 4086 ἢ
3269 4018 3399 4088 ἡμῖν
3421 4017 3454 4087 ἢ
3478 4020 3592 4079 τοῖς
3629 4018 3782 4084 κτήσ-

2191 4124 2305 4160 νεσι
2332 4106 2469 4178 πρὸς
2496 4107 2558 4159 τὸ
2589 4106 2867 4177 συμφέρον
2896 4105 3135 4179 ἐξεδόθη.
3173 4107 3247 4161 Τὸ
3278 4107 3378 4177 μὲν
3408 4109 3516 4180 γὰρ
3543 4108 3778 4162 κώνειον

2185 4199 2233 4252 οἱ
2254 4199 2427 4271 ψᾶρες
2487 4199 2788 4270 βόσκονται,
2810 4199 2872 4251 τὺ
2905 4198 3191 4270 ἐλλέϐορον
3227 4202 3275 4253 οί
3312 4199 3564 4272 ὄρτυγες,
3601 4203 3777 4273 ἄμφω

2184 4290 2286 4361 τῆς
2307 4289 2510 4360 βλάϐης
2553 4290 2892 4344 άνεπίδεκτοι
2928 4293 2994 4362 τῇ
3034 4278 3490 4364 κατασκευῇ’τῆς
3518 4292 3775 4362 φύσεως·

2185 4379 2276 4436 διὰ
2296 4382 2355 4435 δὲ
2393 4382 2487 4435 τοῦ
2523 4382 2901 4453 μανδραγόρου
2925 4380 3093 4436 ὕπνον
3117 4383 3292 4455 ἰατροὶ
3323 4386 3444 4447 ταῖς
3467 4382 3778 4449 ἀσθενείαις

2185 4473 2451 4544 ἐπάγουσι
2471 4489 2487 4504 ·
2521 4473 2599 4545 τῷ
2628 4473 2686 4527 δὲ
2732 4473 2871 4544 ὀπίῳ
2904 4473 3003 4537 τὰς
3033 4474 3267 4544 σφοδρὰς
3303 4474 3493 4539 ὀδύνας
3531 4475 3643 4530 τῶν
3673 4494 3781 4530 σω-

2189 4569 2374 4640 μάτων
2421 4569 2841 4633 κατευνάζουσιν
2871 4586 2885 4601 ο
2914 4569 3014 4639 ἠδη
3045 4567 3102 4619 δέ
3147 4584 3292 4632 τινες
3323 4568 3400 4640 τῷ
3428 4571 3644 4642 κωνείῳ
3681 4570 3780 4625 καὶ

2185 4661 2248 4714 τὺ
2268 4659 2539 4724 λυσσῶδες
2561 4660 2670 4714 τῶν
2694 4661 2928 4731 ὀρέξεων
2972 4676 3100 4713 κατε
3110 4657 3378 4729 μάραναν,
3410 4660 3599 4730 καὶτῷ
3629 4661 3779 4716 ἐλλε-

2187 4753 2334 4825 ϐόρῳ
2359 4752 2532 4807 πολλά
2547 4753 2657 4806 τῶν
2687 4752 2915 4823 χρονίων
2948 4750 3138 4805 παθῶν
3161 4751 3575 4822 ὲξεμόχλευσαν.
3601 4754 3779 4809 Ὥστε

2183 4845 2212 4898 ὀ
2251 4844 2516 4916 δοκοῦμεν
2574 4844 2836 4916 πολέμιον
2888 4846 2953 4914 τῇ
3009 4842 3169 4912 φύσει
3227 4842 3387 4914 ήμῶν
3432 4844 3775 4914 πεφυκέναι,

2185 4938 2342 4992 τοῦτο
2402 4940 2535 5009 ἡμῖν
2582 4941 2662 5002 είς
2717 4935 3036 5009 προσθήκην
3098 4934 3450 5008 εὐχαριστίας
3513 4937 3776 5012 περιελή-

2187 5030 2365 5086 λυθεν.

2770 5142 3019 5198 ΠΕΥΣΙΣ
3052 5144 3177 5197 IlZ'.

2255 5236 2407 5290 Διατί
2431 5235 2526 5290 ἐπὶ
2553 5233 2652 5306 μὲν
2682 5238 2783 5307 τῆς
2815 5234 3066 5306 βοτάνης,
3087 5233 3181 5286 καὶ
3204 5229 3312 5285 τῶν
3342 5230 3593 5303 δένδρων,
3621 5234 3780 5285 Βλα-

2183 5327 2465 5396 στησίίτω
2483 5323 2634 5395 furii,
2665 5323 2757 5379 ἐπὶ
2779 5323 2835 5378 δὲ
2860 5325 2966 5379 τῶν
2993 5320 3206 5395 κτηνῶν
3231 5321 3324 5374 καὶ
3353 5320 3580 5394 θηρίων,
3641 5322 3778 5387 Ἐεο

2183 5417 2479 5487 αγαγέτω;
2511 5411 2659 5488 Ἀρα
2681 5417 2755 5488 μή
2793 5433 2914 5468 τινα
2955 5412 3251 5482 διαφωνίαν
3281 5409 3416 5481 ἔχει,
3438 5411 3780 5482 ἀμφοτέρων

2183 5509 2282 5581 τῆς
2312 5510 2484 5581 αὐτῆς
2515 5508 2935 5582 προερχομένων
2955 5503 3224 5577 γαστρός;

2793 5600 3146 5669 Ἀπόκρισις.

2266 5691 2482 5763 Ἐπειδὴ
2511 5691 2579 5746 τά
2613 5691 2970 5764 βλαστήματα
3006 5694 3175 5750 καὶ·οί
3205 5695 3405 5769 καρποὶ
3427 5693 3548 5748 κατ’
3580 5693 3774 5747 ἐνιαυ-

2179 5780 2270 5835 τὸν
2301 5778 2614 5851 βλαστάνειν
2666 5783 2897 5854 ἤμελλον
2943 5785 3035 5838 καὶ
3076 5786 3409 5857 παραμένειν
3453 5785 3523 5856 τῇ
3559 5785 3653 5855 γῇ,
3679 5783 3774 5850 είς

2180 5874 2350 5946 αὐτὴν
2403 5872 2590 5946 ὥσπερ
2618 5877 2678 5930 ὲν
2706 5874 2888 5948 κόλπῳ
2920 5878 3124 5950 μητρὸς
3167 5881 3234 5951 τῇ
3273 5876 3569 5950 ἀνθοῤῥοίᾳ
3599 5891 3770 5931 κατα
