4112 6380
337 416 447 472 955

339 532 595 606 λήγοντα.
623 530 821 602 ἑαυτῆς
863 531 922 585 δὲ
978 531 1142 587 πάλιν
1172 532 1559 604 ἀποκυούμενα
1583 546 1599 562 ·
1629 532 1697 587 τὰ
1721 533 1777 587 δὲ
1806 534 1923 599 ζῶα

343 625 493 691 ἅπαξ
524 625 695 695 αὑτῆς
755 625 1193 698 άποϐρασθέντα,
1226 628 1325 681 οὑκ
1368 628 1448 681 ἔτι
1477 627 1534 695 ἐξ
1566 628 1758 700 αὑτῆς,
1785 628 1924 682 ἀλλὰ

343 720 452 774 ἀπὸ
477 718 586 772 τῶν
613 718 871 791 διαδόχων
905 719 1226 774 ἁποκύεται.

926 831 1176 884 ΠΕΥΣΙΣ
1202 832 1333 884 ΠΗ¹.

414 941 566 995 Διατί
599 942 673 1013 μὴ
722 943 814 996 τὸν
835 942 1082 1015 οὐρανὸν.
1110 943 1186 1007 ὼς
1209 942 1421 1015 πρῶτον
1462 943 1555 996 ὑπ’
1579 942 1743 998 αὑτοῦ
1772 944 1926 1012 γενό-

346 1050 507 1105 μενον
528 1034 901 1106 διεκόσμησεν,
930 1034 1067 1090 ἀλλὰ
1086 1036 1186 1106 τὴν
1217 1036 1333 1106 μετ’
1363 1038 1568 1090 ἐκεῖνον
1595 1035 1929 1109 δημιουργη-

347 1124 531 1179 θεῖσαν
553 1128 656 1198 γῆν
710 1126 1076 1198 προετίμησεν
1100 1143 1116 1191 ;
1142 1126 1290 1180 Ἔδει
1324 1127 1382 1180 δὲ
1409 1127 1548 1181 κατὰ
1586 1129 1685 1201 τὴν
1705 1128 1931 1183 ἀκολου-

347 1216 468 1271 θίαν
494 1218 592 1288 τῆς
615 1218 879 1287 γενέσεως
904 1218 1209 1290 ἐπαχθῆναι
1233 1220 1333 1291 τὴν
1370 1219 1748 1292 διακόσμησιν.

959 1398 1319 1468 Ἀπόκρισις.

417 1488 519 1544 Διὰ
564 1490 664 1563 τὴν
713 1488 1013 1560 μέλλουσαν
1054 1489 1387 1545 ἀνακύπτειν
1407 1489 1665 1545 πολύθεον
1698 1492 1928 1563 πλάνην,

347 1580 448 1655 τὴν
478 1582 572 1636 καὶ
592 1582 689 1636 νῦν
709 1581 1045 1653 κατέχουσαν
1066 1582 1190 1645 τοὺς
1208 1581 1457 1647 πολλοὺς,
1485 1580 1638 1652 ἥλιον
1657 1581 1776 1635 ἀντὶ
1793 1579 1935 1634 Θεοῦ

349 1676 629 1739 σέϐοντας,
665 1677 757 1729 καὶ
788 1674 983 1739 ἀθέους
1011 1675 1068 1727 ὲν
1092 1675 1249 1728 νυκτὶ
1280 1675 1647 1746 ὑπάρχοντας,
1676 1678 1742 1745 τῇ
1780 1675 1930 1727 ὲκεί-

349 1783 441 1819 νου
461 1766 645 1819 δύσει·
675 1768 748 1837 μή
778 1783 909 1820 ποτε
934 1766 1264 1837 νομισθῶσιν
1287 1766 1334 1819 οί
1360 1766 1561 1839 καρποὶ
1580 1768 1645 1837 τῇ
1661 1765 1755 1819 τοῦ
1778 1765 1927 1837 ἡλίου

350 1855 527 1927 Θέρμῃ
556 1854 912 1926 ἐκϐληθέντες
953 1857 1054 1927 τῆς
1106 1855 1210 1925 γῆς
1258 1855 1583 1920 πέπτεσθαι,
1632 1858 1727 1909 καὶ
1768 1856 1828 1909 οὑ
1862 1859 1929 1928 τῇ

348 1949 527 2002 πάντα
558 1948 973 2022 πρυτανευούσῃ
999 1948 1119 2021 θείᾳ
1145 1947 1306 2024 ῥώμῃ
1337 1948 1671 2003 τελειοῦσθαι
1700 1948 1933 2003 ἕκαστον

346 2043 485 2114 πρδς
510 2046 568 2097 τὸ
624 2045 716 2097 ὑπ’
756 2043 970 2113 ἐκείνης
1024 2043 1240 2114 ὁρισθὲν
1279 2042 1525 2113 μέγεθος.
1560 2044 1633 2096 Ἦ
1665 2038 1732 2097 αὖ
1769 2041 1932 2098 πάλιν

351 2137 425 2207 μή
460 2152 589 2188 ποτε
611 2134 852 2207 ἀρχηγὸν
884 2135 978 2189 καὶ
1024 2135 1238 2206 πατέρα
1285 2135 1460 2204 φωτὸς
1485 2135 1578 2189 τὸν
1622 2136 1776 2206 ἥλιον
1815 2137 1926 2208 οἰη-

347 2226 484 2280 ὓῶσί
513 2243 679 2290 τινες,
700 2225 790 2279 διὰ
822 2226 979 2280 τοῦτο
1004 2225 1354 2298 πρεσϐυτέρα
1374 2226 1472 2297 τῆς
1495 2227 1746 2298 οὐρανίου
1769 2229 1802 2297 ἡ
1832 2229 1932 2299 τῆς

347 2321 450 2389 γῆς
484 2318 863 2389 διακόσμησις.
1534 2314 1542 2323 ’

942 2433 1191 2487 ΠΕΥΣΙΣ
1210 2434 1337 2489 ΠΘ’.

419 2547 531 2601 Καὶ
552 2546 640 2601 διά
666 2548 718 2601 τί
755 2547 830 2619 μὴ
856 2550 922 2619 τῇ
963 2547 1153 2620 πρώτῃ
1212 2549 1419 2621 ἡμέρα,
1444 2550 1546 2621 τῆς
1584 2551 1821 2606 ἀϐύσσου
1852 2553 1933 2606 ἔτι

348 2638 651 2710 ἐπεχούσης
679 2638 749 2692 τὰ
785 2640 1106 2712 ἐπουράνια,
1130 2640 1226 2694 καὶ
1243 2642 1409 2713 μήπω
1425 2643 1782 2715 συναχθείσης
1797 2645 1933 2717 πρὸς

354 2731 484 2802 μίαν
517 2731 860 2803 συναγωγὴν,
888 2732 963 2804 μὴ
990 2732 1249 2805 ἐποίησεν
1266 2733 1417 2805 ἥλιον
1443 2722 1549 2789 ’καὶ
1582 2735 1811 2808 σελήνην
1841 2738 1934 2791 καὶ

350 2823 588 2896 ἀστέρας
606 2841 621 2890 ;

964 2921 1329 2989 Ἀπόκρισις.

433 3010 587 3064 Ἐπεὶ
626 3009 838 3065 οὐδέπω
865 3004 935 3083 ἦν
966 3011 1029 3065 τὸ
1058 3011 1347 3083 στερέωμα
1384 3012 1442 3066 ὲν
1490 3006 1536 3082 ᾧ
1572 3012 1621 3066 οί
1649 3013 1935 3085 φωστῆρες

350 3102 584 3173 ἤμελλον
607 3102 977 3157 ἀνατίθεσθαι.
1022 3104 1125 3156 Ἐν
1156 3102 1316 3171 ἀρχῇ
1345 3101 1474 3175 γὰρ,
1513 3103 1699 3175 φησὶν,
1731 3105 1935 3174 ἐποίη-

350 3211 464 3248 σεν
484 3197 517 3249 ό
544 3194 684 3260 Θεὸς
713 3195 820 3248 τὸν
841 3194 1123 3262 οὐρανὸν,
1156 3195 1255 3249 καί
1281 3194 1399 3263 τὴν
1422 3192 1565 3265 τῆν’
1601 3196 1660 3248 οὑ
1690 3195 1783 3250 τὸν
1802 3196 1936 3269 6ρώ-

355 3301 533 3355 μενον,
563 3283 698 3337 ἀλλὰ
724 3283 814 3338 τὸν
841 3283 1236 3356 ὑπερκείμενον
1259 3283 1354 3338 τοῦ
1384 3285 1685 3357 ὁρωμένου.

967 3401 1219 3454 nsum
1259 3404 1330 3468 ιιι.

415 3491 482 3548 Τί
505 3487 600 3547 οὑν
621 3495 713 3547 καὶ
738 3492 941 3563 πλῆθος
964 3492 1147 3562 λέγεις
1170 3492 1414 3564 οὐρανῶν
1450 3493 1717 3566 ὑπάρχειν
1768 3493 1937 3566 ὑπερ-

348 3588 463 3645 άνω
487 3586 579 3641 τοῦ
608 3587 1011 3660 στερέωματοςς

968 3678 1332 3746 ’Λπόκρισις.

436 3769 693 3841 Ἀριθμὸν
729 3770 827 3841 μὲν
857 3770 1029 3834 οὐδεὶς
1070 3771 1179 3825 τῶν
1213 3771 1512 3825 θεσπεσίων
1552 3770 1771 3825 πώποτε
1828 3772 1937 3826 ἅπ-

350 3866 585 3937 εφήνατο
610 3864 747 3935 πλὴν
766 3862 860 3920 τοῦ
886 3863 1091 3935 ὑψηλοῦ
1117 3865 1461 3931 Ἀποστόλου,
1488 3864 1594 3928 ἓως
1613 3864 1797 3937 τρίτου
1823 3865 1938 3918 δια-

352 3959 744 4029 πεφοιτηκέναι
774 3957 1035 4028 βοῶντος·
1070 3958 1129 4011 οὑ
1164 3958 1344 4028 μέντοι
1378 3958 1572 4029 μέχρις
1598 3957 1779 4011 αὑτῶν
1809 3957 1938 4029 στή-

354 4068 452 4115 σας
486 4050 573 4104 τὸν
602 4050 854 4122 ἀριθμόν.
896 4050 970 4103 Τὸ
996 4050 1105 4121 γὰρ
1132 4051 1303 4121 φῆσαι
1338 4049 1657 4122 ἁρπαγέντα
1688 4049 1793 4112 ἕως
1820 4047 1938 4118 τρί·

351 4161 444 4198 του
474 4142 727 4215 ούρανοῦ,
756 4142 822 4196 δι’
852 4142 1054 4215 ἄρθρου
1098 4141 1215 4207 τοῦ,
1258 4142 1391 4208 ἕως,
1435 4140 1729 4212 ὑπῃνίξατο
1763 4141 1935 4211 ὑπερ-

353 4240 565 4291 κεῖσθαι
588 4235 681 4290 καὶ
703 4235 789 4288 έτέ
799 4253 923 4304 ρους
945 4233 1054 4289 τῶν
1078 4234 1264 4307 τριῶν.
1288 4234 1397 4287 Καὶ
1418 4235 1582 4288 Δαϐὶδ
1601 4236 1629 4288 ὁ
1648 4233 1755 4286 τῶν
1779 4232 1936 4287 θείων

357 4327 614 4401 μελῳδὸς,
652 4327 882 4382 Αἰνεῖτε
923 4326 1033 4380 τὸν
1070 4328 1311 4396 Κύριον,
1360 4327 1547 4398 φησὶν,
1586 4326 1655 4379 ἐκ
1685 4322 1804 4379 τῶν
1837 4325 1937 4379 οὑ-

348 4420 581 4492 ρανῶν·
629 4420 724 4475 καὶ
750 4420 798 4472 οί
828 4418 957 4492 περὶ
989 4419 1081 4473 τὸν
1121 4419 1368 4473 Ἀνανίαν
1403 4417 1711 4484 θεσπέσιοι,
1748 4419 1941 4471 Εὐλο-

354 4512 527 4583 τεῖτε,
548 4514 734 4582 φασὶν,
752 4514 806 4566 οἱ
830 4511 1073 4580 οὐρανοί
1094 4512 1337 4578 Κυρίου,
1362 4510 1469 4563 τὸν
1488 4510 1711 4578 Κύριον
1728 4527 1742 4543 ο
1773 4508 1940 4579 ἄμφω

353 4606 445 4659 τὸν
471 4605 701 4677 ἀριθμὸν
730 4604 819 4658 διὰ
848 4604 942 4657 τοῦ
973 4602 1281 4674 πνεύματος
1316 4604 1710 4671 σιωπήσαντες.
1744 4602 1810 4654 Τί
1831 4600 1940 4672 γὰρ

355 4699 505 4770 ἡμᾶς
545 4698 728 4769 ὀνήσει
774 4696 863 4750 τὸν
909 4696 1203 4766 κορυφαῖον
1239 4694 1333 4748 καὶ
1359 4694 1659 4767 ὑπέρτερον
1686 4693 1779 4748 τοῦ
1818 4694 1941 4765 ἀριο

357 4790 497 4865 θμοῦ
528 4789 817 4860 γινώσκειν
849 4789 1096 4860 οὑρανδν,
1128 4788 1264 4859 μηδὲ
1290 4788 1385 4842 τοῦ
1412 4786 1652 4859 πρώτου,
1675 4787 1768 4840 καὶ
1798 4786 1939 4860 ὑπὲρ

356 4882 598 4953 κεφαλῆς
618 4880 797 4955 ἡμῶν,
823 4880 1078 4951 ἐπιϐῆναι
1102 4883 1167 4953 τῇ
1198 4878 1405 4950 διανοίᾳ
1436 4878 1808 4951 βουλομένους,
1837 4878 1941 4951 mn

360 4972 732 5047 βαρουμένους
760 4971 855 5025 καὶ
900 4970 1117 5036 πάθεσι,
1150 4970 1211 5025 τὸ
1238 4970 1577 5041 διανοητικὸν
1605 4971 1940 5042 ἠμαυρωμέ-

358 5084 459 5133 νοι,
488 5065 624 5139 πρὸς
654 5065 725 5119 τὰ
749 5063 900 5118 κάτω
928 5064 1023 5117 καὶ
1053 5061 1228 5135 χαμαὶ
1253 5062 1482 5134 κείμενα
1513 5063 1836 5134 κεχηνότεςς

949 5256 1200 5310 ΠΕΥΣΙΣ
1236 5256 1358 5325 ex.

430 5348 497 5402 Τί
528 5341 654 5415 οὗν;
702 5346 831 5401 ἄλλο
856 5346 1100 5417 νομίζεις
1134 5350 1201 5420 τῇ
1232 5348 1391 5417 φύσει
1429 5347 1521 5401 τὸν
1549 5346 1942 5420 ὑπερκείμενον

361 5440 514 5513 παρὰ
538 5440 629 5495 τὸν
653 5440 928 5512 ὁρώμενον
958 5439 1146 5495 τοῦτον
1172 5440 1267 5495 καὶ
1298 5440 1583 5512 στερέωμα
1613 5439 1940 5512 λεγόμενον;

976 5618 1334 5691 Ἀπόκρισις.

431 5710 776 5782 Λεπτοτέρας
816 5711 1016 5777 αὐτοὺς
1068 5713 1336 5785 ὑπάρχειν
1380 5714 1570 5778 οὑσίας
1617 5716 1761 5787 φημὶ
1788 5715 1940 5787 παρὰ

360 5801 452 5858 τὸν
490 5802 903 5875 ὑστερούμενοι),
937 5804 1014 5868 ὡς
1056 5803 1509 5877 ὑπερτεροῖΝτας,
1546 5808 1639 5860 καὶ
1680 5808 1940 5878 κουφοτέ-

1756 413 2103 476 DIALOGUS
2147 418 2196 477 I.

3510 432 3622 493 95b

2029 538 2125 603 tia,
2162 550 2215 596 et
2244 556 2312 597 ex
2364 542 2482 614 ipsa
2538 558 2735 603 rursus
2776 547 3127 612 enascentia;
3189 546 3452 603 animalia
3487 562 3625 605 vero

2026 635 2197 689 semel
2223 635 2292 690 ab
2316 636 2433 706 ipsa
2466 639 2751 709 producta,
2780 656 2888 698 non
2925 642 3161 711 amplius
3188 656 3253 696 ex
3290 640 3430 711 ipsa,
3464 642 3560 698 sed
3590 657 3624 697 ο

2026 727 2451 786 succedentibus
2478 740 2861 799 procreantur.

2378 840 2898 899 INTERROGATIO
2937 844 3272 903 LXXXVIII.

2099 952 2281 1021 Quare
2300 970 2408 1010 non
2432 956 2631 1011 coelum
2662 965 2923 1028 tanquam
2947 961 3184 1029 primum
3216 977 3246 1015 a
3276 977 3336 1017 se
3365 970 3617 1018 creatum

2029 1050 2338 1116 exornavit,
2368 1049 2461 1104 sed
2494 1051 2614 1120 ejus
2634 1068 2756 1123 quae
2775 1063 2899 1124 post
2922 1054 3052 1109 illud
3080 1056 3303 1111 condita
3328 1064 3433 1118 est.
3458 1064 3621 1112 terra

2032 1141 2270 1212 priorem
2299 1157 2488 1196 curam
2517 1143 2732 1206 habuit,
2766 1158 2891 1200 cum
2929 1153 3111 1203 tamen
3141 1148 3443 1204 secundum
3481 1164 3617 1203 con-

2033 1237 2374 1306 sequentiam
2412 1237 2708 1294 creatiouis
2750 1237 2976 1295 deberet
3023 1240 3207 1296 addita
3252 1240 3428 1297 fuisse
3477 1242 3622 1297 coelo

2033 1328 2270 1397 primum
2300 1331 2625 1385 exornatio?

2671 1419 2983 1491 Responsio.

2106 1506 2342 1579 Propter
2365 1523 2609 1566 errorem
2639 1511 2707 1567 de
2732 1512 3084 1569 multitudine
3117 1512 3342 1568 deorum
3375 1514 3469 1586 qui
3507 1513 3622 1569 ori-

2036 1609 2195 1657 turus
2220 1609 2358 1666 erat,
2383 1603 2477 1673 qui
2502 1604 2665 1658 etiam
2690 1620 2837 1659 nunc
2864 1603 3007 1676 apud
3040 1606 3245 1661 multos
3271 1606 3503 1673 obtinet,
3526 1605 3622 1677 qui

2036 1693 2205 1747 solem
2236 1709 2334 1763 pro
2359 1692 2459 1748 deo
2489 1694 2699 1762 colunt,
2734 1710 2857 1749 cum
2895 1705 3060 1750 noctu
3094 1696 3159 1751 ad
3185 1696 3335 1750 illius
3361 1710 3621 1752 occasum

2037 1784 2149 1839 sint
2193 1784 2368 1854 impii,
2421 1801 2486 1839 uc
2529 1785 2934 1841 existimaretur
2988 1786 3205 1843 fructus
3254 1790 3440 1844 calore
3488 1790 3624 1845 solis

2035 1876 2331 1945 productos
2357 1889 2388 1930 a
2428 1883 2575 1931 terra
2603 1875 2801 1948 digeri,
2826 1884 2881 1933 et
2913 1894 3022 1933 non
3049 1880 3118 1935 ab
3151 1883 3396 1934 omnium
3436 1879 3625 1934 mode-

2034 1965 2238 2020 ratrice
2262 1965 2446 2021 divina
2471 1968 2715 2037 potentia
2745 1969 3181 2039 unumquodque
3202 1969 3388 2040 perlici
3411 1969 3478 2023 ad
3500 1985 3621 2025 eam

2036 2074 2157 2130 quae
2184 2058 2254 2114 ab
2291 2058 2383 2113 illa
2418 2058 2643 2113 deﬁnita
2689 2068 2798 2123 est,
2827 2061 3289 2132 magnitudinem,
3319 2061 3405 2117 vel
3433 2062 3622 2127 etiam,

2033 2165 2105 2205 ne
2150 2158 2430 2207 auctorem
2470 2159 2525 2206 et
2572 2160 2785 2222 patrem
2834 2152 2976 2209 lucis
3012 2152 3183 2209 solem
3228 2161 3487 2224 putarent
3526 2156 3629 2209 ali-

2034 2242 2151 2313 qui,
2196 2258 2319 2298 eam
2367 2243 2439 2299 ob
2488 2258 2709 2300 causam
2760 2254 2905 2300 terra
2949 2244 3273 2317 priusquam
3313 2245 3515 2301 caelum
3546 2254 3631 2303 est

2034 2343 2320 2389 ριονηεὶιιι.

2417 2444 2941 2502 INTERROGATIO
2979 2446 3271 2502 LXXXIX.

2108 2558 2176 2613 Et
2223 2572 2395 2631 quare
2430 2574 2540 2615 non
2594 2559 2685 2614 die
2740 2561 2961 2630 primo,
3012 2560 3216 2633 abysso
3255 2559 3439 2615 adhuc
3484 2557 3631 2614 obti-

2037 2659 2201 2707 nente
2239 2652 2523 2719 coelestia,
2582 2651 2944 2723 nondumque
2991 2660 3325 2725 congregata
3369 2666 3512 2722 aqua
3558 2651 3630 2706 ad

2037 2742 2518 2813 congregationem
2563 2755 2729 2796 unam
2759 2779 2776 2807 ,
2827 2740 2961 2799 fecit
3015 2742 3190 2798 solem
3242 2753 3299 2798 et
3338 2742 3525 2797 lunam
3572 2748 3632 2798 et

2038 2832 2225 2889 stellas
2238 2833 2261 2887 ?

2679 2923 2987 2995 Responsio.

2109 3014 2189 3071 Eo
2221 3015 2366 3087 quod
2409 3014 2653 3071 nondum
2696 3025 2817 3072 erat
2851 3018 3257 3074 ﬁrmamentum
3298 3016 3355 3072 in
3398 3032 3511 3089 quo
3547 3017 3633 3074 lu-

2036 3107 2272 3163 minaria
2319 3118 2479 3163 erant
2526 3109 2863 3178 reponenda.
2925 3107 2995 3163 In
3038 3108 3300 3178 principio
3337 3111 3506 3175 enim,
3546 3109 3634 3164 ln-

2035 3199 2174 3271 quit,
2211 3199 2336 3269 fecit
2383 3199 2524 3254 Deus
2572 3201 2761 3254 calum
2800 3209 2850 3255 et
2904 3208 3101 3255 terram
3145 3200 3211 3255 ".
3248 3199 3368 3255 Non
3400 3199 3453 3255 id
3484 3200 3632 3270 quod

2037 3292 2303 3353 cernitur,
2341 3292 2437 3347 sed
2473 3307 2639 3362 supra
2673 3292 2728 3347 id
2764 3292 2911 3362 quod
2947 3290 3216 3356 cernitur,
3242 3294 3632 3348 constitutum.

2494 3400 3020 3458 INTERROGATIO
3062 3402 3174 3458 XC.

2107 3492 2248 3548 Num
2282 3501 2337 3547 et
2373 3492 2783 3549 multitudinem
2819 3493 2963 3548 dicis
3007 3494 3276 3548 caelorum
3310 3510 3435 3551 esse
3464 3510 3634 3567 supra

2041 3584 2448 3639 ﬁrmamentum
2472 3583 2498 3637 ?

2680 3673 2991 3745 Responsio.

2107 3765 2411 3823 Numerum
2471 3754 2693 3838 quidem
2755 3769 2947 3824 nullus
3005 3775 3327 3824 sanctorum
3391 3785 3635 3841 unquam

2037 3861 2436 3931 pronuntiavit,
2462 3870 2691 3931 excepto
2728 3860 2931 3916 eximio
2970 3860 3261 3932 Apostolo,
3298 3862 3391 3932 qui
3423 3864 3489 3917 ad
3525 3873 3636 3917 ter-

2038 3958 2174 4010 tium
2206 3970 2267 4010 se
2289 3954 2608 4026 pervenisse
2635 3953 2839 4008 clamat
2869 3952 2935 4007 δ’.
2969 3953 3090 4009 Non
3117 3964 3299 4009 tamen
3333 3956 3386 4009 in
3422 3971 3489 4011 eo
3525 3972 3632 4010 nu-

2039 4056 2250 4099 merum
2298 4045 2543 4113 ipsorum
2599 4043 2871 4109 collocat;
2937 4059 3064 4097 nam
3121 4043 3267 4113 quod
3339 4045 3516 4114 inquit
3574 4061 3636 4100 se

2039 4145 2260 4209 raptum
2305 4137 2361 4191 in
2411 4137 2634 4192 tertium
2670 4136 2870 4190 ccelum
2907 4150 3104 4205 usque,
3162 4152 3258 4206 per
3311 4138 3628 4201 articulum,

2039 4243 2222 4298 usque,
2252 4227 2545 4282 subinnuit
2573 4226 2740 4281 etiam
2774 4226 2913 4281 alios
2943 4241 3112 4297 supra
3155 4234 3267 4281 tres
3296 4227 3630 4281 constitutos

2041 4334 2182 4375 esse.
2241 4316 2310 4372 Et
2371 4317 2608 4373 Davides
2668 4318 2982 4373 divinorum
3054 4326 3248 4372 auctor
3301 4317 3630 4385 carminum,

2041 4409 2283 4465 Laudate
2302 4409 2591 4463 Dominum
2617 4422 2682 4463 ea:
2716 4409 2881 4476 caelis,
2908 4410 3088 4480 inquit
3124 4409 3191 4463 '°.
3228 4407 3294 4463 Et
3327 4409 3464 4466 socii
3486 4410 3633 4464 Ana-

2041 4503 2147 4559 nise
2173 4502 2366 4567 divini,
2395 4501 2717 4566 Benedicite,
2764 4501 3042 4571 inquiunt,
3095 4502 3213 4558 cwli
3256 4501 3490 4565 Domini,
3518 4499 3632 4555 Do-

2041 4598 2243 4649 minum
2281 4596 2326 4628 ⁵¹
2359 4614 2371 4650 :
2413 4594 2630 4665 utrique
2677 4609 2967 4648 numerum
3022 4609 3119 4665 per
3159 4594 3412 4665 spiritum
3451 4591 3632 4649 subti-

2042 4695 2254 4744 centes.
2278 4686 2420 4754 Quid
2446 4688 2593 4742 enim
2618 4702 2721 4741 nos
2738 4685 2956 4756 juvabit
2989 4700 3290 4750 summum,
3324 4694 3378 4741 et
3403 4700 3633 4740 numero

2042 4783 2298 4853 superius
2329 4780 2473 4836 scire
2503 4780 2725 4842 caelum,
2753 4794 2879 4833 cum
2925 4795 2995 4834 ne
3038 4778 3092 4834 id
3135 4777 3354 4848 quidem
3380 4778 3525 4847 quod
3546 4785 3633 4832 est

2042 4882 2167 4930 ante
2194 4882 2250 4929 et
2277 4888 2442 4944 super
2468 4873 2649 4942 capita
2679 4879 2893 4936 nostra,
2927 4871 3301 4927 conscendere
3334 4878 3513 4924 mente
3537 4885 3633 4924 ve-

2041 4968 2227 5032 limus,
2257 4965 2485 5021 materie
2511 4978 2701 5020 crassa
2731 4962 2939 5036 gravati
2970 4968 3026 5018 et
3049 4961 3357 5027 affectibus,
3391 4960 3445 5015 id
3482 4960 3630 5032 quod

2041 5065 2224 5112 mente
2259 5055 2467 5127 percipi
2512 5062 2713 5125 potest,
2761 5055 3147 5121 obscurantes,
3192 5050 3548 5107 inferioribus
3576 5059 3633 5107 et

2041 5151 2190 5206 humi
2218 5150 2415 5222 positis
2444 5164 2664 5219 semper
2696 5148 3005 5204 inhiantes?

2486 5251 3007 5309 INTERROGATIO
3045 5253 3185 5310 XCI.

2112 5347 2256 5416 Quid
2283 5346 2487 5418 igitur?
2518 5363 2651 5402 num
2677 5346 2827 5402 aliud
2850 5345 3157 5403 secundum
3191 5354 3445 5404 naturam
3467 5353 3632 5419 putas

2043 5442 2096 5497 id
2130 5440 2276 5511 quod
2311 5454 2477 5511 supra
2507 5440 2752 5512 positum
2790 5446 2899 5504 est,
2948 5438 3020 5495 ab
3057 5454 3125 5495 eo
3158 5440 3307 5512 quod
3327 5440 3629 5508 cernimus,

2042 5540 2096 5588 et
2125 5531 2528 5587 ﬁrmamentum
2562 5530 2839 5586 dicimus?
2980 5598 2983 5599 ν

2680 5621 2989 5692 Responsio.

2120 5712 2438 5770 Subtilioris
2468 5714 2559 5769 illa
2594 5729 2718 5771 esse
2756 5713 3081 5771 substantia:
3122 5711 3250 5770 dim
3284 5714 3356 5770 ab
3381 5729 3449 5770 eo
3479 5729 3630 5785 quot.

2048 5805 2347 5863 secundum
2387 5813 2493 5866 est,
2527 5816 2784 5877 tanquam
2810 5805 3098 5878 superiora
3130 5812 3186 5863 et
3220 5805 3427 5862 leviora
3478 5805 3631 5861 velut

437 5939 483 5974 “
517 5938 654 5998 Gen.
687 5956 725 6011 ι,
758 5942 809 6000 1.
887 5940 1018 6019 ".11
1051 5935 1171 6000 Cor.
1201 5958 1303 6011 xu,
1331 5942 1387 6000 2.
1464 5945 1509 5978 ⁵ο
1546 5940 1692 6005 Psal.
1731 5961 1930 6004 chvm

2115 5947 2159 5981 ³⁸
2202 5943 2335 6003 Dan.
2367 5960 2448 6011 ιιι,
2487 5944 2573 6001 59.
