4112 6380
508 402 619 464 955

507 522 671 580 bullae
694 523 750 578 in
777 524 950 597 glacie
979 538 1325 585 enascentes.
1354 528 1410 585 Id
1441 534 1624 587 autem
1654 534 1801 601 quod
1825 533 2091 596 cernitur,

511 614 764 680 densius,
795 625 1018 690 propter
1045 624 1403 692 gestationem
1437 624 1989 681 ultramundanorum
2021 627 2089 682 ⁵³.

507 706 752 764 Laudate
783 711 929 766 enim
952 712 1123 768 Deum
1150 716 1208 768 in
1232 715 1567 783 ﬁrmamento
1603 717 1812 772 virtutis
1835 734 1970 783 sum,
2004 719 2091 773 in-

504 800 626 868 quit
651 798 889 858 Davides
913 803 982 857 ⁸¹.
1020 801 1158 859 Cum
1204 804 1308 860 hoc
1336 816 1515 860 autem
1555 808 1913 863 consentiunt
1943 808 2092 861 Ana-

503 890 611 944 niae
637 892 774 946 socii
804 893 900 964 qui
939 902 1167 960 canunt,
1224 894 1311 951 Sis
1355 895 1674 961 benedictus,
1719 898 1992 967 inquiunt,
2033 899 2091 952 in

502 981 843 1050 ﬁrmamento
871 984 988 1040 caeli
1015 985 1084 1040 ⁸³.
1105 993 1247 1042 Ante
1268 987 1369 1043 hos
1392 995 1571 1043 autem
1599 987 1779 1044 Moses
1805 989 2086 1051 iudicavit,

501 1072 652 1128 aliud
698 1074 917 1146 quidem
956 1093 1082 1134 esse
1126 1079 1275 1150 quod
1321 1080 1483 1136 initio
1523 1082 1714 1136 mundi
1756 1081 1962 1136 factum
2003 1089 2089 1137 est

499 1164 702 1219 caelum
729 1167 907 1236 primo
940 1168 1065 1234 die,
1102 1171 1251 1226 aliud
1283 1187 1413 1227 vero
1450 1174 1595 1242 quod
1629 1172 1872 1229 secundo
1901 1173 2086 1228 ﬁrma-

500 1264 764 1312 mentum.
813 1257 950 1314 Nam
998 1261 1111 1316 illic
1154 1263 1396 1333 quidem,
1439 1263 1509 1318 In
1563 1266 1845 1335 principio,
1886 1265 2084 1335 inquit,

498 1346 624 1416 fecit
656 1348 796 1403 Deus
827 1351 1016 1406 calum
1045 1363 1097 1409 et
1126 1364 1324 1411 terram
1366 1358 1446 1425 “;
1480 1357 1569 1414 hic
1610 1367 1815 1425 autem,
1853 1356 1922 1412 Et
1949 1358 2084 1412 dixit

498 1438 640 1495 Deus
665 1456 686 1493 :
714 1440 845 1497 Fiat
867 1445 1266 1514 ﬁrmamentum
1297 1449 1369 1515 ⁸⁸,
1420 1450 1647 1507 alterius
1693 1459 1748 1508 et
1794 1457 2007 1506 naturae
2030 1458 2087 1507 et

500 1543 660 1586 usus.

927 1712 995 1769 IN
1002 1714 1456 1776 TERROGATIO
1492 1719 1649 1777 XCII.

563 1816 852 1885 Quomodo
900 1841 1030 1881 vero
1078 1844 1187 1884 non
1237 1830 1565 1888 delabuntur
1609 1848 1706 1903 per
1748 1841 2078 1904 praeruptam

489 1921 814 1982 compagem
841 1914 1168 1975 firmamenti
1192 1937 1505 1994 aquaaqua:
1530 1940 1698 1996 supra
1717 1927 1895 1997 ipsum
1917 1926 2089 1981 sunt?

1133 2029 1443 2102 Responsio.

558 2132 678 2191 Non
699 2139 923 2195 omnino
947 2155 1204 2198 concavae
1228 2153 1357 2200 sunt
1383 2150 1749 2220 summitates,
1781 2159 1876 2213 sed
1894 2177 2078 2233 mqua-

492 2223 573 2281 ies
613 2235 668 2283 et
705 2229 901 2300 planae,
951 2235 1102 2289 velut
1147 2236 1468 2294 balneorum
1510 2250 1715 2300 tectum
1757 2257 1812 2303 et
1848 2223 2077 2311 subau-

491 2316 594 2373 tris
614 2325 907 2377 structurae
929 2324 1163 2394 docent;
1194 2345 1316 2398 quae
1338 2328 1553 2388 inferne
1573 2337 1793 2406 quidem
1816 2353 2070 2414 aspectaa,

486 2421 747 2465 convexa:
774 2414 1044 2478 visuntur,
1085 2433 1323 2488 superne
1357 2438 1488 2478 vero
1525 2440 1872 2497 apparentes,
1901 2435 2073 2492 decli-

486 2513 581 2555 ves
618 2509 673 2557 et
719 2503 894 2574 plana:
923 2514 977 2560 et
1009 2506 1337 2566 habitabiles
1372 2523 1523 2569 sunt.
1558 2516 1638 2572 Ad
1672 2524 1924 2579 eumdem
1957 2543 2076 2583 mo-

486 2590 617 2645 dum
648 2603 703 2647 et
741 2594 941 2652 divina:
987 2603 1390 2669 protensiones,
1439 2605 1652 2664 inferne
1700 2628 1957 2673 concavae
1993 2622 2075 2675 vi-

484 2679 684 2738 dentur
715 2686 769 2741 in
803 2692 1059 2759 superuis
1082 2708 1240 2762 esse;
1273 2711 1510 2767 superne
1532 2703 1743 2773 supinae
1761 2717 1813 2761 et
1832 2713 2072 2779 aequales

483 2780 635 2859 sunt,
660 2777 725 2830 ad
757 2794 816 2833 se
843 2782 1175 2850 recipientes
1203 2789 1500 2857 praeclaros
1531 2794 1585 2847 in
1610 2793 1875 2855 Ecclesiis
1898 2777 2067 2859 viros.

480 2856 601 2916 Non
631 2866 779 2919 enim
809 2882 875 2922 eo
923 2871 1085 2927 modo
1123 2890 1236 2944 quo
1280 2882 1562 2948 mortales,
1611 2898 1872 2954 operatur
1902 2889 2067 2959 Deus,

482 2968 660 3023 neque
705 2957 895 3013 eadem
946 2962 1178 3033 ratione,
1226 2976 1322 3021 aut
1365 2986 1514 3027 nunc
1559 2974 1684 3038 hoc,
1732 2995 1878 3035 nunc
1919 2957 2065 3037 aliud

481 3042 896 3104 fundamentum
931 3056 1111 3122 ponit;
1137 3058 1233 3111 sed
1260 3076 1426 3130 supra
1465 3066 1625 3120 molle
1659 3076 2068 3129 concameravit

478 3138 723 3206 gravius;
774 3140 1016 3196 instabili
1066 3154 1249 3202 autem
1301 3158 1356 3206 et
1405 3152 1673 3212 dililuenti
1723 3174 1973 3218 crassum
2013 3174 2067 3219 et

480 3232 765 3289 materiale
791 3238 1065 3303 praevalet.
1103 3240 1268 3312 Atqui
1294 3245 1399 3301 sub
1429 3248 1573 3305 caelo
1606 3252 1828 3321 quidem
1854 3270 1982 3312 aera
2013 3268 2065 3313 et

476 3321 830 3379 eminentiam
870 3329 1054 3400 abyssi
1076 3336 1360 3404 expandit,
1387 3347 1546 3395 terra:
1574 3358 1702 3399 vero
1717 3360 1889 3416 aquas
1920 3349 2064 3407 inse-

475 3411 619 3478 ruit,
670 3416 775 3471 sub
829 3417 1129 3478 levioribus
1178 3428 1430 3495 graviora
1478 3435 1721 3503 conspici
1764 3411 2061 3508 imperans.

474 3501 727 3577 Utraque
762 3524 894 3565 vero
937 3527 1003 3566 ex
1026 3512 1340 3573 divinorum
1382 3501 1686 3578 carminum
1717 3537 1942 3587 auctore
1977 3534 2066 3588 di-

474 3591 683 3651 scimus
741 3614 756 3652 :
807 3598 915 3666 Qui
959 3602 1168 3659 stabilit
1215 3608 1270 3661 in
1304 3612 1456 3681 aquis
1489 3617 1765 3685 superiora
1797 3620 1932 3690 ejus,
1975 3627 2065 3695 qui

473 3687 622 3751 ponit
651 3687 707 3743 in
734 3690 869 3747 nube
895 3710 1174 3751 ascensum
1205 3716 1359 3755 suum
1389 3702 1457 3759 ⁸⁸.
1489 3703 1556 3759 Ει
1584 3717 1709 3777 post
1745 3687 1850 3768 alia
1881 3733 1894 3768 :
1920 3687 2064 3771 Gon-

470 3775 719 3845 ﬁtemini,
750 3782 950 3853 inquit,
985 3786 1239 3856 Domino,
1286 3795 1378 3863 qui
1422 3775 1655 3864 ﬁrmauit
1689 3809 1886 3856 terram
1907 3821 2064 3875 super

471 3869 626 3966 aquis
648 3871 716 3928 ⁸⁷.
746 3874 926 3946 Atque
964 3881 1250 3938 architecti
1300 3886 1520 3955 quidem
1558 3907 1658 3961 pro
1692 3869 2065 3966 magnitudine

469 3960 759 4053 domorum
806 3968 863 4023 in
903 3970 1070 4026 altum
1116 3976 1450 4035 aediﬁcantes
1490 3960 1844 4053 proportione
1875 3990 2061 4046 altitu-

470 4051 586 4108 dini
625 4059 1013 4127 respondentia
1046 4061 1401 4124 fundamenta
1433 4051 1715 4143 subdunt;
1749 4084 1804 4132 et
1838 4082 2059 4136 navium

472 4151 775 4201 structores
817 4148 1008 4206 decem
1057 4156 1290 4212 millium
1342 4174 1599 4230 capacem
1647 4181 1839 4223 navem
1888 4170 2061 4226 fabri-

468 4242 682 4300 cantes,
747 4252 1137 4307 congruentem
1202 4252 1431 4319 ponderi
1491 4258 1755 4313 mercium
1815 4263 2059 4319 carinam

469 4329 872 4397 conglutinant.
928 4335 998 4390 At
1046 4336 1191 4394 Deus
1237 4357 1391 4400 meus
1437 4346 1616 4417 primo
1666 4348 1945 4423 fastigium
1971 4374 2063 4412 su-

469 4430 655 4489 perne
699 4427 966 4492 extendit,
1018 4441 1182 4501 atque
1238 4436 1320 4491 sic
1375 4436 1593 4493 demum
1643 4441 2059 4502 fundamentum

470 4514 762 4582 supposuit
790 4534 803 4570 :
831 4519 1067 4586 primum
1099 4525 1216 4579 vela
1254 4530 1537 4598 expandit,
1578 4532 1655 4586 ita
1702 4534 1922 4591 demum
1955 4554 2057 4594 na-

469 4616 589 4656 vem
626 4603 789 4675 hujus
843 4620 1108 4668 creaturae
1160 4617 1356 4672 subtus
1411 4618 1710 4679 fabricatus
1753 4633 1859 4690 est,
1896 4630 2054 4699 quasi

468 4693 525 4749 in
562 4706 732 4767 ponto
772 4699 1032 4758 ferentem
1065 4709 1424 4776 procellosam
1461 4711 1603 4767 hanc
1647 4722 1702 4770 et
1745 4693 2056 4777 instabilem

467 4789 658 4855 vitam,
724 4809 848 4862 qum
897 4809 1076 4867 neque
1129 4798 1250 4853 laeta
1300 4801 1588 4870 durabilia,
1644 4823 1821 4878 neque
1879 4812 2056 4869 tristia

467 4882 800 4948 possidendo
832 4902 1188 4957 perseverare
1226 4902 1425 4962 potest,
1463 4911 1751 4970 usquequo
1781 4905 2055 4975 tranquil-

466 4970 580 5026 lum
613 4981 1105 5037 consummationis
1147 4994 1365 5053 portum
1404 4988 1634 5045 subierit
1662 5008 1729 5046 ex
1766 4970 2055 5064 praesentis

464 5065 707 5122 turbinis
739 5071 996 5139 procella.
1038 5071 1083 5128 0
1125 5074 1482 5132 miraculum!
1516 5079 1801 5146 Quomodo
1833 5087 2053 5142 solubili

467 5154 679 5212 innatat
703 5162 884 5216 terra?
911 5162 1202 5230 Quomodo
1228 5185 1325 5239 per
1357 5170 1624 5242 liquidum
1658 5190 1769 5230 non
1802 5186 2052 5246 penetrat

467 5251 667 5342 grave?
688 5250 974 5318 Quomodo
1012 5267 1226 5316 montes
1259 5262 1315 5316 in
1361 5265 1511 5319 molli
1545 5280 1654 5321 non
1692 5268 2050 5342 submergun-

467 5342 588 5395 tur?
616 5341 833 5402 Oblitus
861 5362 982 5403 sum
1016 5351 1122 5406 mei
1167 5354 1235 5408 ad
1267 5353 1436 5411 Deum
1464 5356 1655 5413 dicens
1685 5377 1700 5415 :
1732 5341 2050 5427 Quomodo?

466 5430 603 5497 Quis
632 5436 779 5491 enim
812 5439 1080 5514 intelliget
1110 5459 1223 5515 quo
1261 5447 1472 5516 pariete
1510 5450 1862 5508 contineatur
1887 5455 2048 5526 abys-

465 5537 582 5616 sus,
609 5535 705 5581 aut
736 5532 860 5601 quis
893 5545 1171 5594 extremus
1217 5539 1339 5608 ejus
1384 5539 1587 5599 fundus
1632 5551 1686 5598 et
1725 5546 2049 5616 angiportus

466 5614 731 5676 inferiora
766 5626 1100 5685 continens?
1127 5631 1197 5686 ad
1245 5633 1510 5691 immensa
1550 5637 1693 5691 enim
1739 5647 1794 5693 et
1835 5638 2048 5695 inﬁnita

467 5704 651 5765 deﬁcit
689 5729 844 5773 meus
887 5720 1219 5792 intellectus,
1258 5726 1386 5781 dum
1434 5729 1513 5784 sic
1546 5730 1812 5801 procedit,
1852 5738 2048 5801 praeter

1607 401 1665 458 s.
1698 404 1998 464 exesam:
2036 391 2373 470 cuEGomi
2410 413 2709 472 FltATRlS

3675 423 3799 483 936

2203 550 2343 604 ρους,
2382 527 2493 587 οἷον
2523 536 2879 607 πομφόλυγας
2919 535 3012 590 ἐπὶ
3043 536 3378 609 κρυστάλλου
3424 540 3743 607 πεφυκότας
3765 555 3791 571 ο
3856 530 3871 536 ’

2192 624 2286 676 τὸν
2331 625 2388 679 δὲ
2436 625 2733 698 ὁρώμενον,
2781 626 3186 701 στεγανώτερον
3228 629 3319 684 διά
3366 630 3428 685 τὺ
3473 630 3663 704 φέρειν
3708 633 3789 688 τὰ

2193 715 2561 787 ύπερκόσμια.
2591 718 2819 773 Αἰνεῖτε
2844 719 2955 789 γὰρ
2989 719 3098 775 τὸν
3139 720 3289 776 Θεὸν
3317 722 3388 776 ἐν
3418 724 3787 794 στερεώματι

2191 807 2501 877 δυνάμεως
2524 811 2733 877 αὐτοῦ,
2770 811 2936 882 φησὶν
2959 813 2988 865 6
3016 812 3181 866 Aa6£6
3199 831 3212 843 ·
3244 813 3549 884 συμφώνως
3566 815 3625 868 δὲ
3647 815 3782 869 τού-

2190 917 2269 971 τῳ
2302 902 2353 954 οἱ
2386 901 2515 973 περὶ¹
2553 902 2803 957 ’Δνανίαν
2835 901 3071 973 ᾅδοντες,
3109 905 3532 974 Εὐλογημένος
3560 901 3635 969 εἴ,
3671 923 3784 975 φα-

2191 992 2296 1056 σὶν,
2336 992 2407 1046 ὲν
2444 993 2524 1059 τῷ
2560 994 2916 1064 στερεώματι
2944 995 3051 1050 τοῦ
3083 997 3364 1064 οὐρανοῦ.
3411 997 3526 1069 Πρὸ
3563 997 3620 1051 δὲ
3644 997 3783 1051 τού-

2187 1102 2297 1139 των
2331 1085 2537 1156 Μωσῆς
2562 1086 2864 1158 ἐδήλωσεν,
2914 1086 3100 1159 ἕτερον
3149 1088 3247 1157 μὲν
3286 1088 3554 1159 ὑπάρχειν
3592 1087 3685 1142 τὸν
3716 1090 3787 1142 ἐν

2188 1177 2330 1248 ἀρχῇ
2360 1177 2568 1246 κόσμου
2593 1178 2880 1248 γενόμενον
2910 1179 3139 1250 οὐρανὸν
3167 1181 3224 1233 ὲν
3252 1181 3318 1251 τῇ
3352 1178 3543 1252 πρώτῃ
3560 1180 3779 1251 ἡμέρᾳ,

2188 1264 2414 1337 θάτερον
2457 1266 2514 1320 δὲ
2545 1266 2607 1320 τὸ
2650 1269 2709 1320 ὲν
2750 1270 2818 1339 τῇ
2853 1267 3081 1340 δευτέρᾳ
3131 1267 3439 1338 στερέωμα.
3484 1268 3635 1321 Ἐκεῖ
3665 1268 3776 1338 μὲν

2185 1354 2315 1428 γὰρ,
2359 1357 2456 1411 Ἐν
2493 1357 2675 1427 ἀρχῇ,
2713 1360 2898 1431 φησὶν,
2931 1360 3224 1427 ἐποίησεν
3264 1361 3298 1413 ό
3337 1358 3483 1425 Θεὸς
3516 1358 3622 1413 τὸν
3661 1361 3774 1413 οὐ·

2176 1448 2372 1516 ρανὸν
2396 1450 2495 1503 καὶ
2516 1450 2634 1518 τὴν
2657 1450 2803 1520 γῆν·
2837 1451 3068 1505 ἐνταῦθα
3095 1451 3174 1512 δὲ.
3209 1450 3319 1505 Καὶ
3342 1446 3512 1505 εἶπεν
3538 1454 3572 1506 ὁ
3597 1452 3771 1517 Θεός’

2184 1538 2507 1609 Γενηθήτω
2543 1542 2879 1613 στερέωμα,
2904 1544 3101 1615 ἑτέρας
3141 1543 3238 1597 καὶ
3269 1542 3481 1612 φύσεως
3510 1544 3602 1597 καὶ
3628 1545 3776 1616 χρὴ-

2185 1648 2345 1695 σεως.

2765 1725 3016 1778 ΠΕΥΣΙΣ
3044 1725 3172 1791 ιβ’.

2255 1836 2366 1889 Καὶ
2395 1837 2513 1900 πῶς
2558 1838 2619 1892 οὺ
2653 1837 3049 1892 κατολισθαίνει
3081 1839 3181 1909 τῆς
3222 1839 3507 1909 σκυρωτῆς
3548 1837 3772 1911 πήξεως

2179 1927 2274 1981 τοῦ
2302 1928 2681 2001 στερεώματος
2711 1930 2782 1983 τὰ
2809 1930 3066 2002 ὑπεράνω
3093 1929 3259 1984 αὐτοῦ
3294 1929 3493 1995 ὖδατα;

2801 2044 3158 2111 Ἀπόκρισις.
3218 2030 3231 2046 ’

2251 2154 2326 2208 Οὐ
2362 2154 2579 2219 πάντως
2611 2154 2778 2219 κῦδος
2820 2155 2889 2209 τὰ
2928 2154 3073 2207 νῶτα
3099 2155 3354 2226 ὑπάρχει,
3383 2155 3498 2209 ἀλλ’
3528 2155 3642 2219 ἴσος
3669 2157 3769 2209 καλ⁹

2175 2247 2397 2318 ὁμαλὸς,
2429 2247 2611 2311 καθὼς
2643 2250 2672 2302 6
2719 2246 2827 2301 τῶν
2875 2246 3116 2317 λουτρῶν
3162 2246 3360 2319 ὄροφος
3405 2246 3637 2301 καὶτῶν
3670 2247 3764 2301 ὑπ’

2175 2340 2388 2411 ἄντρων
2428 2341 2711 2412 οίκοδομαὶ
2739 2339 3081 2401 παιδεύουσι,
3127 2341 3193 2410 τῇ
3234 2339 3333 2408 μὲν
3363 2338 3604 2392 κάτωθεν
3639 2339 3767 2408 δψει

2173 2432 2385 2501 κυόηνά
2417 2431 2794 2504 ἱστορούμενα,
2822 2435 2887 2503 τῇ
2913 2431 2971 2484 δὲ
3001 2430 3208 2485 ἀνωθεν
3241 2431 3550 2501 ἐπιφανείᾳ,
3578 2432 3764 2502 πρανῆ

2173 2541 2232 2576 τε
2260 2524 2357 2577 καὶ
2407 2524 2628 2577 ίσόπεδα
2658 2525 2753 2577 καὶ
2796 2522 3183 2593 ὲποικούμενα.
3232 2522 3509 2587 Ὡσαύτως
3553 2525 3648 2576 καὶ
3692 2524 3764 2578 τὰ

2174 2613 2291 2668 θεῖα
2323 2615 2733 2688 προτενίσματα
2759 2615 3003 2669 κάτωθεν
3040 2614 3193 2669 κοῖλα
3225 2614 3364 2686 πρὸς
3389 2615 3451 2667 τὸ
3484 2616 3594 2669 ἀνω
3628 2633 3760 2683 φαι-

2172 2706 2393 2777 νόμενα,
2421 2707 2627 2761 ἄνωθεν
2653 2705 2822 2760 ὕπτια
2848 2707 2943 2758 καὶ
2970 2706 3169 2775 ὁμαλὰ,
3194 2705 3605 2777 ὲπευναζόμενα
3630 2706 3761 2769 τοὺς

2173 2799 2495 2862 σπουδαίους
2530 2798 2638 2851 τῶν
2687 2796 3023 2868 Ἐκκλησιῶν
3053 2796 3297 2867 ἔχοντας.
3315 2798 3390 2852 Οὐ
3428 2799 3537 2869 γάρ
3578 2815 3761 2869 παρα-

2171 2890 2416 2961 πλησίως
2459 2890 2665 2962 βροτῶν
2697 2890 2993 2961 ἐργάζεται
3033 2888 3186 2954 Θεὸς,
3212 2890 3336 2943 οὐδὲ
3380 2890 3675 2958 ἀναλόγους
3719 2888 3754 2960 ἦ

2169 2982 2534 3054 καταλλήλους
2573 2981 2856 3053 θεμελίους
2902 2983 2970 3053 τῇ
3020 2980 3195 3034 κτίσει
3231 2982 3548 3035 ὑποτίθεται
3575 2999 3587 3011 ·
3620 2981 3756 3036 ἀλλὰ

2168 3074 2247 3145 τῷ
2275 3073 2503 3144 μαλακῷ
2522 3073 2585 3125 τὸ
2607 3071 2907 3143 βαρύτατον
2931 3073 3385 3143 ὲπεκαμάρωσεν,
3415 3071 3493 3142 τῷ
3516 3072 3574 3124 δὲ
3597 3069 3757 3125 ἀστά-

2167 3184 2247 3238 τῳ
2279 3165 2374 3220 καὶ
2401 3164 2576 3237 ῥέοντι
2607 3164 2668 3218 τὸ
2709 3166 2855 3234 παχὺ
2902 3165 2997 3217 καὶ
3035 3164 3238 3228 ὑλῶδες
3276 3168 3634 3236 περικρατεῖ·
3677 3163 3756 3235 τῷ

2172 3259 2271 3328 μὲν
2315 3256 2530 3329 οὐρανῷ
2572 3257 2664 3310 τὸν
2695 3257 2837 3329 ἀέρα
2865 3257 2961 3309 καὶ
2996 3256 3095 3318 τάς
3142 3255 3338 3327 ὲξοχάς
3370 3256 3470 3325 τῆς
3514 3256 3753 3309 ἀϐύσσου

2167 3348 2520 3419 ὑφαπλώσας,
2562 3352 2629 3420 τῇ
2661 3349 2718 3403 δὲ
2749 3349 2930 3419 χέρσῳ
2959 3347 3029 3401 τὰ
3061 3347 3229 3401 ὕδατα
3259 3348 3559 3419 ὑποκρίνας
3579 3387 3594 3408 ,
3639 3351 3755 3410 τοῖς

2166 3440 2516 3513 κουφοτέροις
2567 3440 2637 3493 τὰ
2688 3439 2962 3511 βαρύτερα
3018 3438 3303 3508 φαίνεσθαι
3351 3437 3708 3509 πρυτανεύων
3737 3453 3753 3469 ·

2166 3533 2403 3605 ἑκάτερα
2423 3532 2481 3584 δὲ
2502 3530 2606 3585 ὑπὸ
2634 3531 2727 3584 τοῦ
2767 3529 3003 3601 μελῳδοῦ
3030 3530 3138 3584 τῶν
3165 3529 3323 3583 θείων
3348 3530 3753 3600 παιδευόμεθα·

2179 3626 2242 3680 '0
2270 3623 2570 3697 στεγάζων
2596 3626 2664 3678 ἐν
2692 3622 2873 3676 ὕδασι
2898 3624 2972 3678 τὰ
3002 3621 3243 3692 ὑπερῷα
3270 3623 3479 3687 αὑτοῦ,
3508 3626 3541 3678 ὁ
3574 3623 3757 3688 τιθεὶς

2164 3719 2317 3788 νέφη
2348 3717 2464 3786 τὴν
2497 3717 2782 3770 ἐπίϐασιν
2811 3715 3027 3770 αὐτοῦ’
3077 3715 3174 3769 καλ⁵
3210 3714 3328 3786 μεθ’
3362 3714 3545 3785 ἔτερα,
3589 3715 3758 3779 Ἐξο-

2158 3807 2536 3879 μολοτεῖοθε.
2564 3806 2716 3877 φησὶ,
2749 3805 2830 3872 τῷ
2860 3805 3055 3873 Κυρίῳ
3089 3804 3171 3871 τῷ
3202 3804 3605 3874 στερεώσαντι
3639 3807 3758 3874 τὴν

2163 3897 2283 3968 γῆν
2311 3897 2412 3951 ἐπὶ
2449 3894 2568 3951 τῶν
2613 3895 2868 3952 ὑδάτων.
2920 3897 3033 3951 Καὶ
3080 3897 3349 3968 οἰκοδόμοι
3397 3897 3498 3967 μὲν
3544 3899 3754 3969 μεγέθη

2162 3989 2350 4043 οἰκιῶν
2379 3990 2460 4052 είς
2501 3988 2634 4057 ὕψος
2662 3987 3090 4058 οἰκοδομοῦντες,
3131 3987 3425 4058 ἀναλόγους
3455 3988 3548 4041 τοῦ
3582 3988 3755 4057 ὕψους

2161 4081 2288 4144 τοὺς
2331 4078 2614 4152 θεμελίους
2661 4078 3052 4133 ὑποτίθενται·
3105 4078 3203 4133 καὶ
3244 4081 3516 4149 ναυπηγοὶ
3558 4098 3755 4151 μυριο-

2163 4175 2328 4245 φόρον
2370 4171 2570 4227 ὁλκάδα
2612 4171 3050 4242 τεκταινόμενοι,
3097 4171 3193 4226 καὶ
3235 4171 3639 4242 συμϐαίνουσαν
3672 4171 3755 4243 τῷ

2165 4267 2321 4338 βάρει
2363 4264 2472 4318 τῶν
2516 4265 2817 4336 ἀγωγίμων
2847 4264 2948 4335 τὴν
2980 4263 3177 4335 τρόπιν
3226 4264 3570 4334 πήγνυνται·
3617 4265 3647 4316 ὁ
3694 4264 3753 4316 δὲ

2159 4356 2291 4419 Θεός
2322 4373 2423 4427 μου
2459 4355 2673 4426 πρῶτον
2706 4354 2806 4424 τὴν
2850 4355 3053 4426 ὀροφὴν
3104 4355 3420 4426 ύπερέτεινε
3442 4397 3457 4420 ,
3507 4357 3603 4427 καὶ
3648 4351 3751 4409 εἷθ’

2159 4448 2331 4512 οὕτως
2358 4449 2450 4502 τὸν
2481 4447 2727 4518 θεμέλιον
2757 4447 2998 4517 ὑπέθηκε
3021 4464 3034 4477 ο
3069 4446 3285 4517 πρῶτον
3310 4447 3378 4501 τὰ
3410 4447 3549 4500 ἱστία
3579 4448 3749 4518 ὑπερ.

2162 4541 2411 4614 ήπλωσεν
2431 4580 2447 4604 ,
2495 4536 2592 4594 εἷθ’
2624 4540 2795 4604 οὕτως
2826 4540 2924 4612 τὴν
2954 4540 3087 4594 ναῦν
3132 4539 3233 4610 τῆς
3278 4539 3509 4602 κτίσεως
3546 4541 3749 4593 ύπετε-

2163 4628 2399 4699 χνὴσατο
2446 4627 2886 4700 ποντοποροῦσαν
2930 4628 2989 4681 τὸ
3039 4627 3330 4682 κλυδώνιον
3361 4627 3601 4698 ταύτης,
3653 4631 3748 4683 καὶ

2166 4719 2392 4792 ῥέουσαν
2423 4719 2587 4792 ζωὴν,
2618 4721 2717 4791 τὴν
2751 4720 2885 4792 μηδὲ
2916 4721 2985 4774 τὰ
3014 4720 3213 4794 φαιδρὰ
3246 4721 3469 4792 μόνιμα,
3506 4724 3643 4794 μηδὲ
3675 4723 3748 4776 τὰ

2160 4812 2378 4884 λυπηρά
2416 4813 2611 4887 διαρκῆ
2647 4812 3010 4884 κεκτημένην,
3052 4810 3243 4883 μέχρις
3269 4811 3334 4867 ἂν
3364 4813 3499 4884 πρὸς
3532 4814 3626 4868 τὸν
3652 4812 3746 4866 εῦ-

2159 4905 2269 4959 διον
2300 4905 2399 4974 τῆς
2428 4903 2736 4968 συντελείας
2761 4904 3002 4977 πορθμὸν
3036 4904 3307 4977 ὑπεξέλθῃ
3348 4905 3448 4975 τῆς
3476 4904 3647 4975 ζάλης
3671 4906 3744 4960 τά

2161 4996 2275 5050 νῦν.
2312 4996 2376 5048 Ὢ
2415 4994 2508 5049 τοῦ
2552 4992 2857 5065 θαύματοςῑ
2904 4994 3023 5058 πῶς
3053 4993 3131 5064 τῷ
3164 4993 3448 5065 φθαρτικῷ
3482 4995 3517 5066 ή
3548 4993 3747 5064 χέρσος

2160 5088 2511 5157 ἐπινήχεται;
2543 5086 2662 5150 πῶς
2682 5082 2774 5141 οὖν
2800 5086 2860 5140 οὐ
2894 5085 3178 5156 διαδύνειὴ
3203 5084 3400 5156 βαρεῖα
3426 5085 3506 5158 τῷ
3529 5082 3742 5158 ῥέοντες

2159 5180 2278 5245 πῶς
2308 5180 2384 5250 τῷ
2431 5179 2659 5251 μαλακῷ
2690 5180 2758 5233 τὰ
2786 5179 2886 5252 ὄρη
2934 5179 2994 5233 ού
3024 5178 3230 5248 γίνεται
3261 5178 3601 5250 ὑποϐρύχια;
3635 5179 3745 5233 Λέ-

2157 5273 2298 5343 ληθα
2329 5272 2563 5343 ἐμαυτὸν
2616 5273 2710 5324 ἐπὶ
2745 5270 2880 5324 Θεοῦ
2916 5271 3141 5341 φάσκων
3191 5270 3250 5324 τὸ
3298 5271 3434 5335 πῶς.
3494 5271 3592 5333 Τίς
3632 5269 3743 5341 γάρ

2157 5366 2396 5429 εἷσεταις
2427 5364 2528 5419 τίνι
2555 5364 2664 5435 γάρ
2694 5364 2877 5435 τειχίῳ
2902 5365 2936 5434 ἡ
2961 5363 3193 5428 ἄϐυσσος
3221 5364 3557 5436 περιέχεται,
3587 5365 3621 5434 ῆ
3659 5364 3744 5426 τίς

2156 5459 2184 5511 ὁ
2212 5456 2437 5527 ἔσχατος
2467 5457 2602 5526 αὐτῇ
2638 5454 2857 5526 πυθμὴν
2895 5455 2988 5508 καὶ
3021 5456 3293 5520 στενωπὸς
3320 5455 3381 5509 τὸ
3421 5457 3570 5508 κάτω
3613 5472 3742 5507 συν-

2156 5550 2330 5620 έχων;
2371 5548 2467 5612 Είς
2495 5548 2752 5618 ἀμήχανα
2780 5547 2888 5620 γὰρ
2917 5547 3013 5602 καὶ
3044 5547 3326 5618 ἀπέραντα
3352 5545 3609 5600 ἐκπίπτει
3639 5562 3743 5615 μου

2156 5643 2191 5712 ἠ
2219 5641 2446 5706 διάνοια,
2477 5640 2683 5693 ἐκείνου
2717 5638 3115 5710 ἐμϐατεύουσα,
3147 5639 3234 5692 ἀεὶ
3262 5641 3374 5703 τοῖς
3411 5636 3743 5709 εὑρισκομέ-

2159 5751 2271 5799 νοις
2325 5732 2542 5804 βάθροις
2588 5732 2682 5785 καὶ
2735 5732 3133 5804 ὑπερείσμασιν
3180 5730 3473 5784 ὲπινοοῦσα
3530 5729 3741 5801 ἕτερα·

508 5876 558 5913 ⁵³
595 5877 738 5937 Psal.
771 5897 858 5953 CL,
890 5885 941 5941 1.
1017 5887 1064 5921 ⁸³
1104 5886 1240 5946 Dan.
1272 5904 1353 5959 ιιι,
1391 5890 1475 5946 56.
1554 5890 1601 5926 ”
1639 5892 1772 5951 ch.
1802 5910 1839 5963 ι,
1877 5893 1925 5950 l.
2004 5893 2049 5927 "

2170 5893 2202 5950 d
2269 5894 2324 5950 6.
2403 5892 2449 5927 ⁸⁵
2488 5893 2632 5953 Psal.
2659 5908 2778 5964 cm,
2821 5892 2873 5950 3.
2950 5893 2996 5929 ⁸⁷
3035 5890 3182 5951 Psal.
3218 5907 3416 5959 σχειν,
3448 5890 3501 5959 l,
3527 5888 3585 5947 6.
3640 5922 3649 5929 -
