4164 6350
482 377 589 439 957

481 492 595 547 ἀλλ’
622 492 851 567 ὲπεδέθη
892 498 1064 569 αὐτῆς
1106 502 1138 572 ή
1170 503 1400 572 οὺδενία,
1430 507 1523 561 τοῦ
1559 509 1899 583 Σολομῶντος
1937 516 2058 570 ἐπι-

483 584 777 655 ϐοήσαντος
798 605 811 618 ’
869 589 1243 662 Ὑψηλότερά
1270 612 1385 652 σου
1416 599 1503 669 μὴ
1531 600 1703 667 ζήτει,
1749 605 1847 658 καὶ
1872 608 2063 670 βαθύ-

482 678 622 745 τερά
670 696 787 735 σου
826 682 913 750 μὴ
963 683 1215 748 ἐξέταζε.
1267 692 1332 742 Ἀ
1365 694 1672 765 προσετάγη
1718 714 1797 750 σοι
1827 738 1842 760 ,
1888 700 2061 755 ταῦτα

479 770 712 838 διανοοῦ,
750 775 1021 829 πιστεύων
1044 778 1143 850 τὴν
1183 787 1506 856 συνεκτικὴν
1544 788 1637 841 τοῦ
1674 792 1870 855 παντὸς
1912 793 2060 847 Θείαν

482 864 673 937 ῥώμην
700 867 875 922 πάντα
905 869 1232 941 διακρατεῖν,
1257 875 1352 926 καὶ
1379 874 1591 944 σώζειν,
1611 880 1707 932 καὶ
1728 881 1816 935 διὰ
1839 883 2059 939 πάντων

480 956 653 1026 ἥκειν,
687 960 781 1014 καὶ
810 961 1163 1031 πρυτανεύειν
1192 963 1260 1017 τὰ
1286 965 1598 1037 σύμπαντα.

1066 1247 1317 1301 uersis
1354 1249 1467 1317 td".

545 1352 717 1407 Πόθεν
746 1355 993 1424 ἐγένοντο
1021 1358 1070 1411 oi
1097 1360 1384 1431 φωστῆρες
1417 1362 1567 1432 ἥλιος
1610 1363 1705 1417 καὶ
1734 1365 1932 1438 σελήνη
1960 1366 2057 1420 καὶ

469 1442 499 1496 ὁ
527 1445 635 1498 τῶν
663 1446 877 1516 ἄστρων
900 1449 1090 1520 χορός;
1123 1451 1203 1504 ὅτι
1233 1453 1332 1523 μὲν
1354 1454 1489 1508 Θεοῦ
1510 1454 1571 1507 τὸ
1597 1455 1775 1527 ἔργον,
1805 1457 2048 1530 οἴδαμεν,

468 1535 609 1589 ἀλλὰ
629 1537 728 1608 τὴν
750 1538 934 1593 οὐσίαν
958 1540 1339 1613 ἐπιζητοῦμεν.

1087 1637 1451 1703 Ἀπόκρισις.

553 1721 647 1775 Ἐκ
671 1720 766 1776 τοῦ
792 1727 1138 1795 πρωτογόνου
1168 1729 1344 1796 φωτὸς
1372 1731 1520 1785 δοκεῖ
1561 1750 1650 1804 μοι
1678 1734 1806 1799 τοὺς
1834 1737 2051 1808 φωστῆ-

468 1827 567 1881 ρας
602 1812 888 1886 ὑπάρχειν.
942 1817 1053 1888 Τὴν
1078 1817 1186 1890 γὰρ
1220 1818 1350 1890 ὕλην
1375 1821 1469 1874 τοῦ
1511 1823 1688 1893 φωτὸς
1728 1825 1991 1898 παράγων
2020 1828 2050 1881 ὁ

464 1903 636 1968 Θεὸς,
690 1906 865 1977 φησί·
923 1910 1247 1979 Γενηθήτω
1289 1908 1433 1982 φῶς,
1478 1915 1577 1968 καὶ
1617 1917 1857 1986 ἐγένετο
1896 1918 2045 1989 φῶς.

463 1996 910 2062 Μετασκευάζων
928 2001 1141 2071 δὲ’πρὺς
1162 2003 1260 2067 τὰς
1279 2004 1570 2078 διαφόρους
1590 2007 1740 2077 ὄψεις
1766 2010 1866 2081 τὴν
1890 2010 2043 2084 ὕλην,

464 2089 631 2158 φησί’
660 2090 1099 2159 Γενηθήτωσαν
1116 2096 1449 2167 φωστῆρες.
1481 2099 1567 2164 Ὠς
1587 2101 1641 2155 εἴ
1667 2121 1751 2167 τις
1781 2105 2046 2178 πρότερον

462 2179 759 2251 προϐάλλοι
798 2182 893 2236 τοῦ
937 2186 1164 2254 χρυσίου
1199 2188 1408 2257 μάζαν,
1452 2189 1659 2263 ταύτην
1688 2194 1744 2247 δὲ
1775 2198 1857 2259 εἰς
1888 2196 2043 2268 νομί-

462 2286 644 2340 σματα
667 2272 1023 2343 κερματίσας,
1043 2275 1137 2329 δύο
1163 2277 1451 2351 ὑπερέχειν
1473 2282 1551 2353 τῷ
1575 2284 1794 2353 μεγέθει
1817 2288 2039 2360 ποιήσῃ,

460 2360 557 2412 καὶ
598 2362 689 2414 ἐπὶ
736 2362 920 2416 δίσκου
954 2368 1345 2437 παμμεγέθους
1390 2373 1792 2448 κατακολλήσῃ,
1838 2378 1934 2431 καὶ
1971 2383 2037 2453 τῇ

459 2452 628 2525 ὀροφῇ
661 2453 762 2525 τῆς
792 2456 969 2519 οἰκίας
1014 2458 1324 2533 ὑπαρτήσῃ,
1354 2464 1573 2535 τέρπων
1617 2467 1716 2538 μὲν
1753 2469 1853 2533 τὰς
1890 2452 2041 2541 ὄψεις

456 2544 567 2598 τῶν
615 2545 967 2617 ἱστορούντων
988 2591 1003 2615 ,
1052 2550 1356 2618 ἀθανάτους
1381 2555 1439 2609 δὲ
1485 2558 1656 2613 ποιῶν
1683 2561 1781 2624 τὰς
1816 2563 2039 2633 μνήμας

456 2638 557 2706 τῆς
610 2638 759 2708 σφῶν
806 2641 1117 2712 ἀγχινοίας·
1177 2646 1367 2718 πόρρω
1411 2648 1468 2702 δὲ
1510 2650 1603 2704 τοῦ
1660 2654 2038 2727 στερεώματος

454 2729 687 2800 ποιήσας
718 2732 935 2798 αὐτοὺς,
975 2735 1095 2789 τότε
1125 2737 1399 2813 ὑπέθηκεν
1427 2743 1595 2815 αὐτῷ.
1632 2747 1771 2816 Φησὶ
1797 2748 1906 2819 γὰρ
1939 2749 2037 2802 αὐ-

452 2820 545 2885 τὸς
594 2824 621 2875 ό
662 2822 770 2876 τῶν
801 2824 960 2880 θείων
1011 2831 1253 2901 Μωσῆς⁶
1315 2834 1424 2889 Kal
1471 2836 1762 2905 ἐποίησεν
1802 2842 1836 2893 ό
1890 2840 2035 2906 Θεὸς

451 2912 595 2979 τοὺς
632 2914 740 2968 δύο
766 2919 1089 2989 φωστῆρας
1117 2923 1257 2989 τοὺς
1279 2924 1601 2995 μεγάλους.
1646 2928 1911 2983 Ἐνταῦθά
1943 2949 2033 3003 μοι

452 3005 621 3076 πῆξον
665 3008 761 3079 τὴν
808 3011 996 3083 ἀκοὴν,
1035 3014 1353 3085 ἀξιάγαστε.
1402 3018 1489 3071 Ἐν
1523 3018 1633 3092 γὰρ
1665 3024 1731 3093 τῇ
1780 3022 1922 3087 λέξει
1971 3024 2033 3078 τὸ

451 3099 621 3167 σαφὲς
668 3106 1003 3175 παραστήσω
1059 3109 1158 3179 τῆς
1216 3109 1321 3174 ἔξω
1369 3111 1464 3164 τοῦ
1493 3111 1874 3184 περεώματος
1923 3119 2033 3174 τῶν

450 3192 752 3263 φωστήρων
780 3196 1046 3263 γενέσεως
1066 3215 1079 3229 ·
1112 3202 1246 3272 φησὶ
1272 3202 1379 3273 γὰρ
1412 3205 1617 3274 Μωσῆς
1644 3223 1658 3236 ·
1710 3208 1820 3261 Καὶ
1866 3209 2033 3266 ἔθετο

446 3279 669 3345 αὐτοὺς
698 3281 768 3335 ἐν
797 3282 879 3349 τῷ
906 3287 1141 3355 οὐρανῷ
1174 3307 1187 3320 ⁸
1242 3290 1418 3361 δηλῶν
1465 3294 1651 3362 κάτω,
1702 3297 1733 3368 ἢ
1775 3298 1879 3363 ἔξω
1930 3301 2032 3372 τῆς

447 3370 652 3442 ὀροφῆς
683 3374 809 3438 τοὺς
843 3376 1078 3443 πίνακας
1110 3382 1291 3436 αὐτῶν
1318 3385 1579 3456 γράφων·
1611 3388 1706 3442 καὶ
1731 3386 1831 3444 εἷθ’
1860 3370 2031 3459 οὕτως

448 3462 792 3520 ὑποτίθενται
834 3468 1003 3540 αὐτῷ.

973 3544 980 3552 ”
1036 3564 1285 3618 ΠΕΥΣιΣ
1324 3570 1437 3634 μιν.

528 3668 693 3739 Ὁμοῦ
740 3672 866 3736 τοὺς
913 3674 1005 3729 δύο
1052 3675 1286 3749 ἔπηξεν,
1322 3681 1357 3753 ἢ
1403 3682 1645 3755 ἀλλήλων
1689 3688 1886 3754 αὐτοὺς
1916 3691 2028 3745 διέ-

447 3777 651 3832 στησεν
677 3780 691 3828 ;

1063 3860 1422 3931 Ἀπόκρισις.

508 3961 622 4015 Καὶ
658 3961 793 4032 μετὰ
824 3964 923 4036 τὴν
954 3966 1056 4037 τῆς
1083 3969 1187 4039 γῆς
1221 3968 1585 4045 διακόσμησιν
1611 3976 1640 4030 ὁ
1667 3976 1817 4048 ἥλιος
1843 3981 2023 4051 παρή-

436 4054 564 4125 χθη,
594 4055 679 4108 ἵνα
712 4056 786 4128 μὴ
829 4059 1007 4127 φωτὸς
1057 4062 1303 4132 ἀρχηγὸν
1332 4065 1494 4121 αὐτόν
1520 4086 1665 4133 τινες
1691 4071 2021 4141 ὀνομάσωσι,

440 4147 576 4217 μήτε
596 4146 706 4201 τῶν
734 4149 799 4202 ἐκ
832 4150 937 4219 γῆς
969 4153 1255 4223 φυομένων
1284 4156 1635 4230 δημιουργόν.
1667 4163 1893 4233 Πρῶτον
1926 4165 2023 4235 μὲν

434 4240 543 4311 γὰρ
573 4240 667 4293 τοῦ
703 4242 878 4318 φωτὸς
906 4244 938 4313 ἡ
969 4243 1132 4314 φύσις
1164 4250 1421 4320 παρήχθη
1446 4268 1458 4281 ’
1495 4255 1560 4324 τῇ
1591 4253 1632 4306 δ’
1661 4252 1716 4307 δὲ
1747 4256 1930 4328 ἡμέρᾳ
1957 4258 2019 4311 τὸ

434 4332 658 4403 ἡλιακὸν
702 4333 795 4387 τοῦ
847 4335 1097 4406 σώματος
1142 4339 1325 4410 ὄχημα
1374 4339 1513 4396 εἶναι
1562 4344 1640 4416 τῷ
1690 4350 2016 4420 πρωτογόνῳ

436 4423 574 4489 φωτὶ
606 4425 1068 4493 παρεσκεύασται,
1104 4426 1295 4500 ὥσπερ
1328 4448 1411 4496 τις
1444 4433 1634 4504 λύχνος
1658 4436 1746 4490 διὰ
1772 4439 2017 4511 ἐπιτεθη-

436 4514 660 4585 σὸμενον
682 4517 830 4588 αὐτῷ
854 4518 987 4591 πῦρ.
1018 4522 1230 4593 Ὥσπερ
1258 4523 1314 4576 δὲ
1342 4525 1527 4597 ἕτερον
1553 4528 1651 4595 μὲν
1675 4531 1708 4600 ἡ
1732 4530 2014 4603 λευκότης,

432 4606 619 4679 ἓτερον
646 4608 703 4661 δὲ
731 4609 789 4662 τὸ
822 4610 1256 4684 λελευκασμένον
1297 4615 1455 4687 σῶμα
1475 4632 1491 4647 ⁸
1537 4617 1684 4673 οὕτω
1716 4622 1810 4674 καὶ
1841 4624 2017 4678 ταῦτα

433 4697 662 4769 διάφορα
691 4700 821 4755 ὅντα
852 4703 1111 4773 ἦνωνται,
1147 4708 1195 4759 εί
1227 4707 1321 4760 καὶ
1350 4708 1631 4779 ἀδιαίρετά
1669 4713 1829 4768 εἰσιν.
1877 4714 2015 4768 Ἀλλ’

433 4789 591 4842 ἅτινα
625 4793 755 4860 ἡμῖν
783 4795 847 4862 τῇ
890 4795 1101 4865 ἐπινοίᾳ
1141 4798 1248 4849 εἰσὶ
1279 4801 1520 4869 χωριστὰ
1546 4841 1560 4862 ,
1613 4802 1787 4856 ταῦτα
1825 4808 1890 4873 τῇ
1926 4809 2014 4859 ὲν-

432 4880 623 4951 εργείᾳ
643 4880 940 4936 διίστανται
970 4888 1035 4955 τῇ
1065 4886 1293 4957 δυνάμει
1322 4889 1416 4942 τοῦ
1441 4892 1766 4962 ποιήσαντος
1788 4911 1802 4924 °
1837 4896 1894 4960 ὃς
1922 4898 2014 4951 καὶ

430 4964 529 5033 τὴν
575 4968 872 5039 καυστικὴν
911 4969 1140 5040 δύναμιν
1180 4973 1271 5027 τοῦ
1306 4977 1475 5049 πυρὸς
1502 4979 1610 5032 ἀπὸ
1638 4984 1736 5052 τῆς
1762 4983 2012 5057 λαμττρό⁶

428 5071 589 5124 τητος
616 5055 949 5129 διεχώρισεν,
988 5059 1063 5123 ὡς
1105 5063 1162 5114 ἐν
1204 5065 1270 5134 τῇ
1301 5064 1448 5136 βάτῳ
1487 5068 1582 5121 καὶ
1611 5069 1669 5122 ὲν
1696 5073 1762 5140 τῇ
1794 5055 2012 5144 καμίνῳ

429 5146 537 5201 τῶν
562 5149 727 5219 τριῶν
752 5152 958 5205 παίδων
980 5149 1092 5208 οἷόν
1116 5173 1169 5209 τι
1202 5157 1491 5229 ἀκούομεν,
1524 5162 1617 5215 καὶ
1640 5163 1702 5217 τὸ
1730 5166 1789 5218 ὲν
1816 5169 1882 5237 τῇ
1916 5186 2011 5236 φο-

428 5240 564 5313 6ερᾷ
586 5243 763 5312 κρίσει
794 5244 905 5315 πῦρ
932 5248 1060 5310 τοὺς
1080 5247 1321 5314 δικαίους
1344 5251 1597 5321 φωτίζον,
1626 5257 1722 5308 καὶ
1744 5260 2009 5330 πιμπρῶν

426 5331 553 5395 τοὺς
578 5333 959 5404 ἁμαρτωλοὺς,
985 5337 1060 5399 ὡς
1088 5344 1353 5412 μαρτυρεῖ
1373 5343 1534 5396 Δαϐίδ
1553 5362 1566 5374 υ
1596 5346 1768 5415 Φωνὴ
1786 5351 2008 5417 Κυρίου

425 5414 854 5491 διακόπτοντος
881 5430 1079 5498 φλόγα
1120 5434 1328 5500 πυρός.
1386 5435 1481 5487 Ἐκ
1522 5436 1580 5488 δὲ
1615 5438 1723 5491 τῶν
1756 5414 1883 5511 περί
1916 5460 2006 5494 σε-

425 5511 590 5584 λήνην
620 5515 806 5572 παθῶν
838 5518 945 5572 τῶν
982 5520 1329 5592 ζητουμένων
1371 5526 1674 5597 κατάληψις
1703 5547 1715 5559 ·
1768 5530 2007 5602 λήγουσα

425 5606 552 5677 γὰρ,
586 5607 646 5658 οὐ
673 5607 750 5677 τῷ
788 5612 951 5663 παντὶ
980 5613 1151 5684 αὐτῆς
1182 5614 1395 5686 σώματι
1422 5619 1892 5687 δαπανᾶται,ἀλλὰ
1924 5627 2002 5695 τῷ

426 5697 803 5769 περικείμενον
838 5702 954 5771 φῶς
986 5704 1404 5779 ἀποτιθεμένην,
1439 5711 1532 5763 καὶ
1562 5713 2001 5787 προσλαμϐάνειν

1910 402 2256 465 DIALOGUS
2284 411 2325 465 I.

3633 430 3741 489 938

2165 523 2414 582 inventas
2450 528 2607 585 sedes
2636 532 2775 587 imas
2809 544 2863 588 et
2901 533 3059 591 bases
3083 537 3309 609 insuper
3350 540 3486 598 alias
3517 549 3742 617 echgio

2164 619 2311 678 tans,
2342 616 2485 671 ultra
2524 634 2663 689 quas
2712 622 2858 691 quod
2903 634 3191 680 succurrat
3225 628 3362 682 nihil
3400 638 3522 698 est;
3576 631 3736 688 Solo-

2163 719 2326 762 mone
2355 708 2700 779 inclamante,
2736 713 3065 771 Sublimiora
3105 728 3153 773 te
3181 736 3244 774 ne
3276 737 3506 791 quaeras,
3539 732 3588 777 et
3613 741 3738 793 pro-

2160 798 2413 867 fundiora
2440 811 2489 857 te
2518 820 2581 858 ne
2608 807 2860 860 scruteris
2888 809 2958 858 ⁸⁸.
2986 808 3118 875 Quae
3158 811 3255 865 tibi
3299 814 3556 869 mandata
3586 823 3736 878 sunt,

2160 889 2251 944 illa
2299 894 2502 962 cogita,
2544 897 2774 953 credens
2813 902 3268 957 conservatricem
3321 905 3563 961 universi
3598 907 3739 962 divi-

2161 998 2284 1037 nam
2316 986 2614 1055 potentiam
2644 990 2830 1044 omnia
2867 1001 3177 1049 sustentare
3204 1004 3259 1050 et
3300 1010 3648 1064 conservare,
3681 1008 3737 1055 et

2159 1075 2347 1129 omnia
2393 1086 2701 1148 penetrare,
2759 1083 2828 1138 ad
2879 1084 3293 1155 gubernandum
3360 1088 3417 1142 in
3478 1091 3736 1148 universa

2158 1178 2364 1221 omnia.

2575 1261 2641 1315 IN
2649 1261 3090 1322 TERROGATIO
3125 1267 3308 1325 XCIII.

2226 1365 2383 1424 Unde
2417 1369 2560 1425 facta
2588 1382 2719 1428 sunt
2750 1376 3043 1433 luminaria
3076 1381 3159 1435 sol
3192 1391 3248 1437 et
3289 1384 3437 1451 luna,
3467 1394 3521 1440 et
3551 1396 3731 1441 astro—

2152 1474 2276 1515 rum
2305 1464 2524 1520 cmtus?
2544 1463 2702 1531 Quod
2734 1467 2830 1523 Dei
2862 1471 3081 1539 quidem
3113 1473 3183 1528 sit
3202 1475 3480 1544 Opiﬁcium
3499 1478 3727 1545 scimus,

2153 1552 2248 1608 sed
2286 1553 2356 1610 de
2386 1556 2697 1613 substantia
2731 1562 3053 1631 qumrimus.

2785 1648 3098 1718 Responsio.

2222 1731 2302 1787 Ex
2336 1734 2661 1806 primigenia
2692 1738 2813 1795 luce
2837 1742 2969 1794 mihi
2992 1742 3249 1798 videntur
3272 1745 3564 1801 luminaria
3585 1763 3727 1805 esse.

2148 1821 2285 1877 Nam
2315 1827 2600 1882 materiam
2645 1831 2782 1885 lucis
2811 1833 3123 1901 producens
3155 1836 3320 1900 Deus,
3357 1838 3569 1908 inquit,
3603 1839 3732 1894 Fiat

2151 1916 2263 1981 lux,
2288 1926 2339 1971 et
2361 1919 2508 1987 facta
2539 1932 2617 1976 est
2657 1924 2749 1977 lux
2791 1927 2859 1980 ”.
2897 1926 3298 1985 Transmutans
3346 1940 3526 1986 autem
3558 1935 3611 1987 in
3637 1949 3731 1987 va-

2146 2009 2259 2064 rias
2288 2013 2499 2081 species
2537 2017 2845 2082 materiam,
2889 2020 3090 2091 inquit,
3134 2021 3301 2078 Fiant
3333 2025 3621 2079 luminaria
3659 2028 3726 2081 °°.

2146 2099 2325 2158 Veluti
2358 2105 2403 2159 si
2431 2106 2557 2175 quis
2576 2108 2814 2177 primum
2851 2120 3064 2181 promat
3106 2130 3345 2171 massam
3387 2118 3726 2186 auri,.quam

2145 2189 2202 2244 in
2230 2192 2560 2249 numismata
2592 2212 2809 2265 secans,
2845 2199 2955 2254 duo
3000 2204 3313 2271 praacellere
3356 2206 3729 2275 magnitudine

2144 2283 2336 2351 faciat,
2373 2295 2426 2342 et
2457 2289 2511 2342 in
2545 2289 2677 2345 orbe
2711 2306 3010 2362 permagno
3056 2295 3380 2366 conjungat,
3417 2296 3729 2368 domusque

2144 2382 2291 2432 tecto
2315 2377 2585 2447 applicet;
2617 2380 2902 2436 oblectans
2938 2383 3157 2452 quidem
3184 2386 3564 2454 aspicientium
3600 2402 3728 2441 ocu-

2142 2467 2248 2533 los,
2283 2469 2611 2525 immortalia
2643 2487 2771 2527 vero
2803 2472 3012 2530 faciens
3047 2485 3402 2531 monumenta
3427 2494 3540 2532 suae
3570 2478 3727 2533 indu-

2142 2560 2313 2617 striae.
2366 2561 2598 2632 Ipsaque
2659 2567 2849 2632 procul
2916 2582 2946 2620 a
3014 2567 3357 2623 ﬁrmamento
3409 2585 3721 2634 removens,

2140 2651 2399 2724 deinceps
2432 2655 2507 2708 illi
2544 2656 2797 2725 subjecit.
2846 2657 3028 2727 Inquit
3072 2659 3216 2713 enim
3256 2659 3372 2729 ipse
3410 2660 3721 2713 divinorum

2139 2752 2431 2799 enarrator
2459 2744 2660 2812 Moses,
2693 2745 2759 2799 Et
2791 2747 2914 2817 fecit
2950 2747 3090 2801 Deus
3121 2748 3409 2803 luminaria
3434 2766 3629 2819 magna
3651 2751 3718 2803 “.

2139 2829 2241 2887 Hic
2282 2834 2414 2888 mihi
2463 2842 2701 2891 attentas
2742 2852 2904 2892 aures
2956 2839 3155 2907 praebe,
3204 2855 3236 2893 ο
3275 2839 3552 2909 praeclare.
3582 2837 3718 2894 Nam

2138 2936 2206 2976 ex
2236 2921 2357 2992 ipsa
2381 2924 2692 2981 elocutione
2721 2926 3068 2982 manifestum
3108 2926 3329 2995 faciam,
3363 2928 3718 2982 luminarium

2138 3014 2473 3070 creationem
2515 3024 2670 3072 extra
2719 3017 3119 3075 ﬁrmamentum
3167 3037 3310 3077 esse.
3354 3021 3537 3092 Inquit
3569 3021 3717 3077 enim

2138 3103 2340 3173 Moses,
2368 3106 2437 3161 Et
2463 3111 2639 3175 posuit
2669 3112 2807 3165 eain
2836 3113 2963 3167 caelo
2994 3113 3060 3178 ⁸³,
3090 3113 3353 3169 inferiora
3376 3115 3716 3185 signiﬁcans,

2137 3203 2404 3253 autextra
2440 3206 2644 3255 tectum
2675 3203 2837 3258 orbes
2872 3205 3116 3275 ipsorum
3157 3207 3499 3273 describens,
3527 3209 3717 3278 sicque

2135 3285 2333 3343 deinde
2363 3288 2413 3344 ei
2444 3291 2693 3362 subjecta
2723 3308 2867 3349 esse.

2556 3573 3069 3634 INTERROGATIO
3106 3580 3290 3635 XCIV.

2197 3678 2335 3734 Num
2374 3682 2536 3737 simul
2573 3684 2661 3739 illa
2697 3688 2806 3743 duo
2834 3692 3227 3755 constabilivit,
3260 3701 3352 3745 aut
3393 3707 3421 3747 a
3476 3708 3535 3747 se
3573 3695 3680 3746 invi

2131 3786 2247 3827 cem
2281 3772 2551 3844 disjunxit
2575 3777 2598 3829 ?

2764 3867 3072 3939 Responsio.

2199 3969 2377 4027 Etiam
2430 3984 2555 4044 post
2594 3983 2756 4032 terra;
2811 3981 3227 4036 exornationem
3282 3982 3364 4036 sol
3411 3981 3711 4051 productus

2126 4068 2231 4125 est,
2260 4078 2330 4119 ne
2358 4063 2538 4134 ipsum
2599 4065 2769 4136 aliqui
2812 4069 2953 4124 lucis
3005 4079 3282 4125 auctorem
3335 4073 3706 4135 nominarent,

2125 4169 2264 4209 neve
2300 4154 2368 4211 de
2399 4164 2544 4212 terra
2595 4161 2938 4215 nascentium
2970 4162 3242 4231 Opiﬁcem.
3280 4161 3525 4215 Primum
3559 4164 3704 4217 enim

2126 4245 2267 4302 lucis
2299 4254 2494 4301 natura
2519 4249 2785 4318 producta
2814 4260 2916 4307 est.
2973 4251 3182 4317 Quarto
3214 4268 3341 4307 vero
3377 4252 3465 4308 dic
3508 4255 3705 4309 solaris

2124 4340 2376 4408 corporis
2403 4354 2603 4396 currus
2633 4343 2972 4413 primigenia:
3015 4344 3122 4398 luci
3156 4352 3382 4414 paratus
3405 4355 3512 4410 est,
3560 4348 3705 4400 velut

2124 4430 2307 4500 aliqua
2385 4431 2612 4487 lucerna
2688 4442 2912 4504 propter
2969 4434 3286 4504 impositum
3336 4436 3439 4491 sibi
3500 4436 3699 4506 ignem.

2121 4520 2591 4587 Quemadmodum
2642 4534 2826 4580 autem
2876 4526 3025 4580 aliud
3083 4528 3306 4597 quidem
3350 4536 3434 4582 est
3484 4529 3699 4592 albedo,

2121 4617 2266 4670 aliud
2295 4633 2425 4671 vero
2445 4617 2759 4671 dealbatum
2809 4634 3011 4688 corpus
3046 4638 3058 4673 :
3095 4621 3177 4674 sic
3232 4628 3286 4674 et
3331 4620 3447 4673 haec
3481 4620 3698 4676 diversa

2119 4724 2241 4762 cum
2272 4710 2401 4775 sint,
2435 4710 2585 4763 unita
2613 4719 2762 4774 sunt,
2809 4711 2938 4765 licet
2975 4711 3213 4767 discreta
3244 4712 3374 4766 sint.
3405 4710 3699 4765 Enimvero

2118 4816 2239 4869 quae
2266 4801 2521 4870 opinione
2574 4810 2760 4857 nostra
2826 4812 2955 4858 sunt
2984 4804 3331 4873 separabilia,
3379 4805 3697 4874 operatione

2116 4892 2394 4955 dilferunt,
2425 4894 2617 4948 virtute
2650 4895 2767 4962 ejus
2809 4896 2902 4964 qui
2946 4895 3094 4949 fecit.
3136 4896 3239 4961 Qui
3267 4905 3320 4951 et
3348 4896 3542 4951 urendi
3582 4897 3692 4951 vim

2117 4983 2170 5035 in
2200 4984 2323 5053 igne
2350 4999 2377 5037 a
2412 4984 2702 5053 splendore
2728 4985 3020 5054 separavit,
3064 4986 3211 5040 velut
3251 4986 3306 5039 in
3338 4986 3473 5040 rubo
3547 4994 3603 5041 et
3635 4987 3690 5040 in

2117 5074 2336 5129 fornace
2363 5076 2525 5129 trium
2553 5091 2873 5145 puerorum,
2910 5076 3221 5144 cujusmodi
3257 5085 3311 5131 et
3364 5076 3419 5130 in
3458 5077 3691 5132 terribili

2108 5165 2315 5235 judicio
2346 5167 2599 5222 audimus
2628 5169 2807 5238 ignem
2840 5168 3083 5238 fore,qui
3110 5168 3289 5238 justos
3318 5169 3535 5239 quidem
3567 5169 3693 5223 illu-

2114 5258 2304 5320 minet,
2341 5260 2630 5313 comburat
2668 5275 2799 5337 vero
2846 5270 3181 5330 peccatores.
3218 5260 3689 5326 Quemadmodum

2112 5356 2344 5404 testatur
2401 5348 2634 5405 Davides
2673 5369 2685 5404 :
2725 5349 2837 5404 νοω
2865 5351 3080 5406 Domini
3114 5352 3496 5421 perrumpentis
3529 5352 3691 5420 ﬂam-

2113 5455 2255 5493 mam
2281 5442 2417 5511 ignis
2436 5443 2502 5496 ⁸³.
2540 5442 2741 5497 Eorum
2765 5459 2895 5499 vero
2927 5460 3047 5515 quae
3080 5444 3147 5500 de
3167 5446 3515 5513 passionibus
3546 5446 3689 5499 luna:

2116 5543 2457 5604 quaeruntur,
2493 5536 2676 5591 brevis
2704 5537 3125 5607 comprehensio
3163 5545 3268 5601 est,
3315 5537 3459 5607 quod
3492 5537 3687 5592 decre-

2111 5643 2273 5683 scens
2311 5644 2420 5683 non
2458 5637 2572 5684 toto
2616 5645 2847 5700 corpore
2882 5646 2984 5685 suo
3020 5638 3398 5698 consumatur,
3440 5630 3535 5686 sed
3574 5631 3683 5684 cir-

2110 5719 2453 5789 cumjacente
2480 5721 2602 5775 luce
2630 5721 2898 5791 deposita,
2923 5737 3223 5792 rursusque
3256 5729 3560 5794 assumpta,
3585 5721 3681 5777 dc-

489 5861 535 5894 ”
572 5860 740 5921 Eccli.
771 5881 853 5935 tu,
883 5866 974 5925 22.
1051 5871 1095 5904 ⁸⁸
1136 5868 1272 5927 Gen.
1306 5890 1343 5940 ι,
1381 5876 1434 5931 5.
1517 5877 1562 5909 ⁸ο
1598 5878 1729 5936 ibid.
1766 5881 1849 5937 14.
1932 5885 1970 5916 ⁸⁸
2017 5884 2029 5940 i

2134 5923 2149 5941 .
2180 5883 2263 5938 l6.
2344 5885 2388 5916 ⁵³
2421 5883 2556 5940 ibid.
2607 5886 2688 5942 Π.
2773 5886 2816 5919 ⁵³
2855 5886 3001 5942 Psal.
3044 5903 3235 5956 xxvm,
3270 5887 3323 5942 7.
