4112 6380
499 385 607 445 959

503 506 767 563 :rementi
819 515 874 564 et
912 507 1240 568 incrementi
1306 515 1518 585 species
1561 519 1822 590 praebeat.
1898 521 2084 578 Potest

496 597 645 652 enim
675 599 731 654 in
761 615 890 656 aere
921 617 1061 672 puro
1090 603 1265 660 videri
1295 605 1417 676 ejus
1446 608 1768 667 obscuratio
1797 621 1952 669 tanta
1975 616 2084 670 cir-

497 691 864 747 cumferentia
912 694 1360 769 circumscripta,
1420 711 1629 772 quanta
1669 705 1724 759 in
1765 707 2083 776 plenilunils

496 788 602 835 est.
654 780 800 837 Idem
851 783 1128 856 intelligas
1163 787 1233 842 de
1265 791 1404 855 sole,
1459 793 1567 849 nisi
1614 794 1762 864 quod
1803 797 1894 852 hic
1935 797 2082 868 quod

495 873 668 927 semel
709 877 946 946 accepit,
981 878 1035 932 id
1066 881 1432 952 inseparabile
1461 885 1663 952 habet;
1699 887 1794 943 illa
1825 904 1958 944 vero
1992 904 2082 945 as-

494 964 654 1021 sidue
702 967 953 1024 induitur
1005 979 1060 1026 et
1112 973 1356 1030 exuitur.
1409 976 1476 1032 Et
1513 979 1630 1033 haec
1673 980 1742 1036 de
1773 980 1893 1036 sole
1934 981 2082 1037 dicta

491 1057 817 1114 creduntur.
860 1061 1035 1118 Porro
1063 1066 1230 1121 situm
1259 1084 1454 1125 eorum
1484 1087 1551 1128 ex
1580 1073 1826 1130 Mosaico
1871 1078 2081 1147 scripto

493 1149 885 1222 intelligamus.
918 1154 1101 1226 lnquit
1123 1159 1310 1215 enim:
1345 1160 1417 1216 Et
1447 1163 1573 1233 fecit
1606 1165 1747 1221 Deus
1779 1167 1885 1222 duo
1919 1168 2081 1222 lumic

493 1243 652 1296 naria
701 1262 917 1314 magna,
949 1257 997 1302 et
1022 1251 1198 1319 posuit
1220 1269 1284 1306 ea
1317 1255 1374 1308 in
1403 1256 1738 1325 ﬁrmamento
1769 1274 1788 1313 :
1820 1260 2083 1316 luminare

491 1350 742 1405 magnum
765 1339 820 1393 in
848 1340 1142 1396 dominium
1171 1344 1298 1412 diei,
1326 1356 1376 1400 et
1407 1349 1671 1406 luminare
1697 1352 1869 1406 minus
1899 1353 1951 1406 in
1979 1353 2080 1408 do-

490 1431 712 1486 minium
741 1437 910 1489 noctis
929 1437 993 1492 “.
1029 1438 1170 1510 Ergo
1205 1441 1311 1496 sibi
1344 1446 1582 1500 invicem
1612 1462 1643 1500 e
1669 1447 1892 1518 regione
1913 1463 2083 1518 oppo-

490 1521 598 1577 sita
631 1525 852 1589 locavit,
878 1528 1028 1585 illum
1044 1533 1268 1602 quidem
1299 1535 1353 1589 in
1379 1538 1603 1607 regione
1622 1539 1912 1603 matutina,
1941 1540 2082 1594 hanc

487 1635 622 1677 vero
653 1621 706 1676 in
752 1627 1090 1697 vespertina.
1129 1629 1196 1685 Et
1221 1631 1375 1686 illum
1423 1634 1641 1703 quidem
1677 1636 1771 1705 qui
1805 1636 1913 1692 diei
1945 1653 2082 1706 prie-

489 1721 638 1767 esset
672 1732 686 1768 :
723 1714 865 1770 hanc
896 1732 1024 1773 vero
1054 1737 1181 1790 quae
1231 1723 1408 1778 nocti.
1446 1723 1516 1780 Ut
1563 1726 1667 1780 sibi
1702 1739 1770 1779 ex
1825 1727 2080 1796 opposito

487 1817 800 1871 currentes,
857 1810 950 1866 ille
976 1813 1196 1882 quidem
1232 1831 1329 1884 per
1367 1817 1514 1872 diem
1557 1830 1911 1883 nocturnum,
1964 1820 2080 1876 hac

487 1905 670 1951 autent
707 1914 803 1969 per
851 1910 1071 1956 noctem
1126 1904 1405 1971 diurnam,
1463 1909 1532 1963 ad
1580 1909 1834 1966 eumdem
1868 1912 2080 1982 pertin-

486 2000 620 2063 gant
641 2004 846 2050 ortum.
905 1997 971 2054 Ut
1003 1999 1309 2057 inclinante
1363 2003 1472 2067 die,
1530 2003 1647 2060 haec
1698 2005 1755 2059 in
1800 2002 2078 2062 summum

458 2089 643 2169 fartus
679 2088 932 2145 matutini
957 2093 1161 2158 veniat,
1189 2111 1358 2165 agens
1387 2097 1538 2152 velut
1569 2098 1778 2169 regina,
1812 2100 2004 2167 splend
2017 2113 2079 2154 o-

453 2153 643 2236 ‘rihus
673 2189 892 2237 noctem
910 2183 1249 2243 exhilarans.
1271 2186 1366 2243 llle
1395 2204 1522 2243 vero
1560 2191 1806 2245 tenebris
1836 2191 2082 2261 ingrave-

483 2274 768 2332 scentibus
792 2275 860 2331 ad
878 2277 1019 2333 idem
1043 2291 1290 2335 centrum
1307 2282 1790 2352 appellens,veluti
1808 2301 1904 2338 rex
1938 2301 2078 2355 proe-

484 2361 721 2419 sidentia
737 2381 838 2421 sua
866 2368 1145 2439 regionem
1166 2387 1383 2426 onmem
1397 2387 1520 2442 quae
1542 2375 1647 2430 sub
1661 2376 1804 2431 caelo
1824 2383 1931 2441 est,
1955 2378 2078 2431 illu-

485 2460 638 2508 stret.
675 2453 746 2510 Ut
776 2455 849 2510 sit
882 2457 1030 2513 illius
1064 2460 1286 2529 quidem
1312 2470 1490 2528 ortus,
1527 2464 1696 2536 hujus
1727 2481 1991 2533 occasus;
2022 2476 2076 2524 et

484 2543 650 2614 hujus
680 2549 1057 2617 praesidentia,
1095 2551 1247 2608 illius
1281 2555 1612 2611 subtractio.
1647 2556 1718 2612 Ut
1761 2561 2076 2626 perﬁciat-ur

482 2636 638 2707 illud,
681 2638 1033 2696 Dominentur
1058 2643 1164 2699 diei
1188 2654 1238 2700 et
1264 2649 1491 2702 nocti“.

908 2926 1428 2990 INTERROGATIO
1487 2934 1648 2991 XCV.

553 3017 840 3082 Quomodo
864 3035 990 3074 cum
1022 3023 1194 3093 elapsi
1221 3034 1409 3081 essent
1465 3027 1582 3083 dies
1617 3028 1687 3083 ab
1713 3035 1838 3084 ortu
1882 3043 2070 3084 rerum

481 3117 741 3177 quatuor,
771 3111 932 3180 plena
950 3123 1067 3167 erat
1095 3113 1312 3180 luna,et
1340 3124 1516 3172 totum
1548 3119 1812 3175 mundum
1830 3123 2074 3178 illustra-

482 3199 599 3262 bat,
618 3215 728 3254 non
757 3201 919 3256 aliter
939 3217 1005 3258 ac
1029 3203 1076 3260 si
1101 3204 1220 3262 dies
1249 3207 1570 3278 quindecim
1599 3211 1772 3280 elapsi
1799 3211 2075 3268 fuissent?

481 3293 772 3358 Quomodo
797 3311 927 3350 vero
959 3296 1125 3353 hodie
1152 3314 1278 3353 cum
1323 3299 1510 3355 itidem
1553 3303 1922 3372 quatriduana
1963 3313 2070 3369 est,

480 3400 593 3440 non
615 3385 872 3442 similiter
906 3403 1005 3442 ner
1034 3400 1253 3445 noctem
1284 3391 1563 3447 illuminat
1585 3395 1892 3448 mundum?

1121 3481 1434 3552 Responsio.

549 3570 929 3638 Quatriduana
959 3572 1184 3644 quidem
1219 3583 1478 3647 respectu
1531 3577 1894 3646 praecedentis
1940 3595 2075 3634 con-

479 3677 763 3719 servorum
801 3675 956 3721 ortus
990 3665 1215 3732 dicitur,
1239 3682 1348 3722 non
1383 3669 1930 3739 quasiquatriduana
1954 3671 2074 3727 fue-

478 3754 572 3817 rit,
628 3769 752 3824 quae
805 3754 1162 3825 postmodum
1215 3764 1406 3811 creata
1452 3759 1726 3829 apparuit.
1777 3759 2073 3817 Enimvero

477 3859 605 3899 cum
643 3845 866 3899 condita
903 3854 1011 3912 est,
1050 3846 1300 3917 perfecta
1331 3857 1472 3904 erat.
1533 3849 1654 3906 Non
1701 3853 1847 3907 enim
1886 3853 2075 3909 debuit

478 3936 816 4001 mutilatum,
839 3945 936 3992 aut
965 3939 1417 4010 semiperfectum
1460 3955 1585 3998 esse
1611 3941 1862 3999 divinum
1908 3960 2070 4016 opus,

475 4027 635 4093 Quod
663 4036 848 4084 autem
875 4045 1024 4085 nunc
1042 4045 1150 4086 non
1166 4032 1294 4086 talis
1307 4032 1672 4104 conspicitur,
1700 4036 1921 4107 quando
1936 4053 2074 4109 qua-

477 4121 737 4178 triduana
783 4129 891 4190 est,
937 4139 1008 4180 ne
1037 4125 1348 4195 quaestione
1383 4127 1605 4196 quidem
1656 4127 1884 4202 dignum
1927 4132 2074 4188 arbi-

475 4223 614 4276 tror,
649 4212 696 4269 si
721 4220 967 4268 nostram
995 4213 1290 4288 imaginem
1312 4218 1758 4278 consideremus.
1783 4219 2071 4279 Perfectus

475 4304 620 4361 enim
646 4305 859 4378 primus
889 4314 1045 4378 pater
1072 4315 1262 4364 noster
1291 4309 1536 4368 Adamus
1588 4321 1835 4379 creatus,
1890 4316 2073 4386 perfe-

473 4405 618 4452 ctam
643 4414 865 4470 quoque
893 4397 1019 4454 vitae
1046 4409 1357 4457 consortem
1377 4404 1598 4475 accipit.
1629 4406 1796 4476 Atqui
1822 4406 2071 4464 videmus

474 4489 695 4545 illorum
717 4499 976 4562 posteros
1011 4507 1123 4546 non
1151 4494 1403 4550 eamdem
1432 4511 1658 4554 servare
1698 4501 2069 4570 aequalitatem

479 4582 895 4654 magnitudinis,
919 4600 1096 4659 neque
1127 4584 1257 4642 item
1283 4586 1352 4642 ad
1375 4591 1749 4660 generandum
1783 4594 2068 4664 progredi,

478 4675 585 4730 nisi
606 4675 758 4745 prius
791 4691 1052 4746 processu
1078 4679 1344 4748 temporis
1375 4680 1442 4736 ad
1457 4681 1696 4738 debitam
1722 4686 2071 4755 pervenerint

478 4768 939 4840 magnitudinem.
970 4769 1343 4843 Posteaquam
1395 4786 1577 4833 autem
1617 4777 1761 4834 hanc
1827 4780 2071 4836 assecuti.

478 4862 705 4929 fuerint,
741 4863 1054 4920 interventu
1087 4867 1284 4923 mortis
1321 4867 1376 4923 in
1425 4877 1630 4926 terram
1675 4888 1872 4930 rursus
1919 4875 2068 4932 desi-

476 4963 638 5012 nunt.
666 4954 839 5011 Paulo
866 4965 1132 5028 postvero
1154 4976 1250 5032 per
1272 4964 1739 5020 resurrectionem
1766 4982 2071 5023 renascun-

475 5055 589 5117 tur,
619 5048 872 5119 deposito
905 5059 961 5106 et
990 5050 1175 5108 denuo
1214 5053 1410 5110 induto
1439 5071 1693 5127 corpore,
1735 5057 1885 5128 juxta
1928 5059 2072 5116 lunae

476 5139 913 5197 similitudinem.
956 5139 1217 5199 Undecim
1247 5155 1432 5202 autem
1462 5147 1580 5204 dies
1613 5149 1818 5219 quibus
1851 5165 2072 5222 supera-

476 5233 557 5288 vit
592 5234 784 5297 solem,
828 5249 940 5291 non
972 5236 1308 5305 substantia,
1337 5238 1434 5295 sed
1465 5247 1664 5295 natura
1706 5242 1960 5313 rependit
1993 5244 2066 5312 ei,

427 5337 431 5340 ‘
477 5342 576 5398 per
599 5328 901 5398 quemlibet
925 5343 1174 5387 mensem
1205 5331 1325 5388 dies
1360 5332 1554 5405 viginti
1585 5349 1784 5392 novem
1815 5343 1869 5391 et
1898 5335 2067 5393 dimi-

477 5419 629 5474 dium
658 5435 978 5488 numerans,
1001 5429 1057 5478 et
1088 5433 1363 5482 trecentos
1403 5426 1805 5500 quinquaginta
1833 5435 2072 5500 quatuor

477 5508 597 5566 dies
621 5509 914 5568 absolvens
958 5526 1056 5583 per
1100 5513 1232 5568 anni
1263 5514 1580 5582 circuitum,
1624 5517 1928 5573 secundum
1964 5517 2072 5576 He.

476 5597 682 5656 braam
717 5603 1191 5673 supputationem.
1224 5601 1344 5659 Non
1381 5605 1528 5660 enim
1554 5615 1760 5662 norunt
1789 5609 1867 5663 illi
1915 5627 2069 5666 men-

478 5703 569 5747 ses
623 5691 1018 5761 Romanorum,
1072 5693 1166 5764 qui
1195 5693 1340 5766 apud
1395 5711 1497 5752 nos
1549 5705 1699 5766 sunt,
1755 5699 1930 5755 solam
1984 5715 2067 5757 se-

487 5799 515 5858 ι
530 5789 710 5840 tentes
735 5783 941 5840 lunam.

557 5920 602 5954 οδ
639 5918 775 5978 Gen.
811 5938 850 5990 1,
889 5922 978 5993 is,
1025 5922 1113 5979 ιτ.
1189 5924 1236 5956 σι
1277 5922 1408 5981 ibid.
1453 5925 1540 5983 ιε.

1613 399 1672 455 S.
1712 400 2012 458 CESARII
2042 400 2371 461 GREGORII
2407 403 2710 462 FRATRIS

3675 407 3791 465 960

2190 525 2374 590 πάλιν,
2399 526 2748 588 ἐλαττώσεως
2768 524 2859 577 καὶ
2884 523 3164 596 αὐξήσεως
3189 523 3289 588 τὰς
3312 523 3614 593 φαντασίας
3637 541 3787 596 παρ-

2190 617 2396 688 έχεται.
2449 617 2670 683 Ἔξεστι
2720 616 2831 687 γάρ
2878 618 2938 669 ἐν
2985 616 3211 687 καθαρῷ
3253 616 3333 688 τῷ
3380 616 3502 688 ἀέρι
3541 616 3668 669 ἰδεῖν
3711 616 3785 670 τὸ

2187 707 2438 779 ἀλαμπὲς
2485 709 2682 780 αὐτῆς,
2726 708 2832 762 ὑπὸ
2878 709 3147 780 τοσαύτης
3197 708 3386 778 ἁψῖδος
3431 711 3779 782 περιγραφό-

2192 817 2374 870 μενον,
2397 802 2599 873 ὁπόσης
2633 802 2693 855 ἐν
2719 801 3096 872 πανσελήνοις.
3131 799 3383 855 Τοιοῦτον
3412 801 3523 854 νόει
3555 803 3646 856 ἐπὶ
3674 801 3776 855 τοῦ

2188 893 2368 965 ἡλίουο
2410 894 2572 966 πλὴν,
2597 895 2628 948 ὁ
2654 894 2754 966 μὲν
2793 895 2936 962 άπαξ
2969 894 3172 957 λαϐὼν,
3199 893 3503 966 ἀχώριστον
3530 894 3641 966 ἔχει
3673 896 3775 951 αὑ-

2185 987 2320 1058 τήν*
2369 988 2404 1058 ἡ
2447 988 2506 1041 δέ
2549 985 2790 1058 συνεχῶς
2834 972 3218 1058 ἀμφιαξομένῆ
3265 987 3362 1041 καὶ
3403 986 3772 1057 ἀποδιδομένη.

2185 1079 2297 1134 Καὶ
2326 1080 2395 1134 τά
2427 1081 2556 1152 περὶ
2585 1079 2679 1134 τοῦ
2714 1081 2866 1152 ἡλίου
2897 1079 3164 1152 εἰρημένα
3193 1079 3498 1134 πιστοῦται.
3547 1081 3641 1132 Ἐκ
3672 1079 3775 1132 τοῦ

2184 1171 2481 1225 Μωσαῖκοῦ
2519 1171 2845 1244 γράμματος
2894 1172 2994 1243 τὴν
3045 1171 3194 1226 θέσιν
3235 1171 3418 1226 αὐτῶν
3451 1173 3730 1243 νοήσωμεν
3751 1189 3769 1202 ο

2186 1261 2322 1333 φησὶ
2351 1261 2490 1332 γάρ’
2533 1262 2646 1317 Καὶ
2675 1263 2967 1332 ἐποίησεν
2991 1265 3025 1317 ό
3054 1263 3199 1329 Θεὸς
3228 1263 3372 1330 τοὺς
3397 1262 3508 1318 δύο
3532 1261 3776 1332 φωστῆ-

2176 1370 2293 1422 ρας
2344 1354 2488 1420 τοὺς
2539 1353 2875 1425 μεγάλους,
2923 1353 3024 1408 καὶ
3075 1353 3245 1410 ἔθετο
3288 1354 3513 1422 αὐτοὺς
3566 1355 3635 1429 ἐν
3687 1353 3772 1418 τῷ

2181 1430 2562 1517 στερεώματι,
2612 1447 2720 1502 τὸν
2757 1445 3046 1516 φωστῆρα
3076 1445 3186 1501 τὸν
3217 1444 3411 1517 μέγαν
3445 1447 3533 1512 εὶς
3573 1445 3773 1515 ἀρχὰς

2182 1539 2295 1608 τῆς
2325 1540 2573 1610 ἡμέρας,
2616 1539 2715 1594 καὶ
2750 1540 2859 1594 τὸν
2907 1538 3198 1609 φωστῆρα
3230 1537 3338 1593 τὸν
3375 1538 3642 1603 ἐλάσσω,
3678 1542 3771 1606 εἰς

2181 1631 2373 1700 ἀρχὰς
2394 1633 2505 1700 τῆς
2530 1634 2772 1699 νυκτός.
2820 1631 3292 1705 ’Δντιπροσώπους
3314 1632 3493 1686 τοίνυν
3520 1632 3772 1703 ἀλλήλων

2183 1725 2382 1788 αὐτοὺς
2435 1722 2609 1788 ἔθετο,
2658 1726 2752 1780 τὸν
2808 1727 2908 1797 μὲν
2955 1727 3014 1780 ἐν
3061 1728 3127 1798 τῇ
3175 1725 3307 1797 ἐῴᾳ,
3345 1725 3446 1797 τὴν
3487 1725 3546 1779 δὲ
3594 1727 3652 1778 ἐν
3695 1728 3759 1796 τῇ

2183 1823 2391 1894 ἑσπέρᾳ
2421 1861 2438 1888 ,
2487 1817 2692 1872 ἐκεῖνον
2722 1819 2822 1890 μὲν
2847 1821 2946 1888 τῆς
2981 1819 3194 1890 ἡμέρας
3232 1821 3443 1891 ἄρχειν,
3475 1818 3681 1890 ταύτην
3707 1821 3767 1873 δὲ

2182 1914 2283 1982 τῆς
2325 1912 2520 1974 νυκτός
2553 1927 2568 1942 ο
2622 1913 2711 1965 ἴνα
2740 1913 2952 1975 ἑαυτοῖς
2979 1912 3337 1979 ἀντιθέοντες,
3367 1912 3396 1966 ὁ
3430 1912 3528 1983 μὲν
3552 1912 3638 1966 διά
3667 1911 3762 1966 τοῦ

2181 2002 2597 2072 ήμερονυκτέου,
2622 2005 2655 2074 ἡ
2677 2002 2734 2054 δὲ
2759 2003 2847 2056 διὰ.
2877 2003 2969 2056 τοῦ
2991 2003 3357 2075 νυχθημέρου,
3387 2004 3480 2057 ἐπὶ
3511 2003 3608 2074 τὴν
3631 2003 3764 2075 μίαν

2180 2094 2362 2168 φθάσῃ
2389 2095 2654 2164 ἀνατολήν
2676 2111 2688 2122 ·
2723 2096 2872 2158 ὅπως
2897 2095 3112 2167 ἡμέρας
3139 2095 3447 2165 κλινούσης,
3479 2097 3513 2167 ή
3546 2097 3641 2166 μὲν
3668 2097 3763 2154 ἐπὶ

2179 2186 2240 2240 τὸ
2271 2186 2440 2258 ἄκρον
2467 2185 2570 2254 τῆς
2595 2183 2736 2256 ἑῴας
2761 2185 2986 2256 γένηται
3013 2185 3177 2240 οἱονεὶ
3206 2185 3494 2257 βασίλισσα
3544 2187 3761 2256 ἔχουσα,

2178 2281 2274 2334 καὶ
2310 2282 2431 2343 ταῖς
2471 2279 2667 2348 αὐγαῖς
2704 2279 2804 2350 τὴν
2846 2278 3018 2333 νύκτα
3070 2277 3439 2350 φαιδρύνουσα
3464 2295 3478 2309 ·
3525 2281 3554 2332 ὁ
3583 2279 3638 2332 δὲ
3669 2279 3764 2332 τοῦ

2179 2371 2403 2435 σκότους
2431 2371 2851 2436 ὑπονοστοῦντος
2893 2372 2987 2425 ἐπὶ
3020 2371 3082 2424 τὸ
3119 2370 3252 2425 αὐτὸ
3285 2371 3509 2442 κέντρον
3542 2371 3765 2436 ἐλάσας,

2175 2457 2287 2517 οἷον
2306 2462 2440 2530 ἄναξ
2461 2466 2529 2535 τῇ
2558 2463 2820 2535 προεδρίᾳ.
2845 2462 2945 2534 τὴν
2973 2463 3064 2516 ὑπ’
3083 2461 3311 2533 οὐρανὸν
3337 2462 3729 2534 καταστράπτῃ
3745 2476 3758 2490 ο

2177 2553 2319 2608 ὥστε
2372 2557 2640 2626 ὑπάρχειν
2685 2554 2897 2608 ἐκείνου
2949 2554 3046 2625 μὲν
3091 2553 3190 2625 τὴν
3223 2553 3523 2622 ἀνατολὴν,
3561 2552 3762 2622 ταύτης

2175 2645 2328 2700 δύσιν
2353 2664 2366 2677 ·
2414 2646 2617 2717 ταύτης
2644 2645 2701 2699 δὲ
2726 2647 2825 2717 τὴν
2850 2644 3168 2717 προεδρίαν,
3194 2645 3408 2698 ἐκείνου
3437 2642 3757 2714 ὑποστολὴν,

2173 2740 2324 2803 ὃπως
2356 2739 2618 2811 πληρωθῇ
2662 2739 2746 2807 τὸ,
2802 2739 3177 2808 Ἀρχέτωσαν
3205 2737 3317 2807 τῆς
3363 2735 3618 2806 ἡμέρας,
3662 2733 3760 2791 καί

2177 2831 2288 2899 τῆς
2317 2835 2559 2898 νυκτός.

2766 2926 3016 2979 uersis
3051 2927 3166 2992 ιιεν.

2247 3016 2371 3079 Πῶς
2397 3017 2692 3088 τεταρταία
2725 3014 2860 3071 οὖσα
2897 3018 3038 3082 τότε,
3087 3016 3424 3088 πανσέληνος
3456 3010 3548 3087 ἦν,
3589 3013 3763 3068 πάντα

2173 3109 2266 3164 τὸν
2317 3110 2519 3181 κόσμον
2571 3111 2990 3179 καταυγάζουσα
3013 3151 3028 3177 ,
3077 3110 3278 3181 ὁμοίως
3332 3109 3427 3164 τοῦ
3476 3109 3637 3162 πέντε
3670 3108 3766 3160 καὶ

2172 3200 2435 3254 δεκαταία
2471 3200 2766 3271 γενέσθαι;
2809 3199 2928 3264 πῶς
2957 3200 3013 3254 δέ
3058 3203 3298 3271 σήμερον
3327 3199 3623 3270 τεταρταία
3660 3199 3766 3252 πά-

2174 3293 2258 3347 λιν
2307 3291 2481 3360 οὖσα,
2533 3294 2634 3364 οὐχ
2684 3293 2885 3364 ὁμοίως
2931 3291 3020 3345 διὰ
3067 3292 3262 3356 νυκτὸς
3291 3292 3641 3363 καταλάμπει
3674 3292 3766 3345 τὸν

2174 3386 2379 3458 κόσμον
2397 3401 2413 3454 ;

2787 3477 3154 3544 Ἀπόκρισις.

2247 3569 2637 3642 Τετραήμερος
2689 3570 2786 3641 μὲν
2846 3571 3000 3642 παρὰ
3042 3569 3146 3641 τὴν
3195 3569 3614 3642 προηγουμένην
3657 3571 3768 3624 τῶν

2177 3663 2477 3716 συνδούλων
2506 3663 2720 3733 γένεσιν
2753 3663 2991 3733 λέγεται.
3035 3664 3149 3735 Οὐχ
3179 3663 3256 3728 ὡς
3288 3662 3346 3716 δὲ
3371 3663 3638 3733 τέτταρας
3665 3665 3767 3734 μὲν

2175 3755 2372 3828 ἔχουσα
2401 3757 2634 3828 ἡμέρας,
2656 3756 2938 3811 κτισθεῖσα
2967 3756 3192 3828 ὕστερον
3223 3755 3479 3826 ἐξεφάνη,
3507 3755 3622 3809 ἀλλ’
3653 3757 3764 3825 ἡνί-

2176 3866 2247 3902 κα
2266 3849 2697 3920 ἐδημιουργήθη,
2724 3848 2906 3903 τελεία
2927 3848 3203 3920 ὑπῆρχεν·
3233 3848 3292 3901 οὑ
3319 3847 3429 3918 γὰρ
3458 3847 3560 3900 ἔδει
3586 3849 3772 3918 ἠκρω-

2175 3941 2546 4013 τηριασμένον
2577 3941 2610 4012 ἢ
2641 3940 2896 4012 ἡμιτελὲς
2919 3939 3186 4011 ὑπάρχειν
3214 3939 3273 3992 τὸ
3303 3939 3442 3992 θεῖον
3463 3939 3666 4009 δρᾶμα.
3694 3938 3786 3992 Th.

2174 4033 2232 4087 δὲ
2264 4032 2341 4104 μὴ
2372 4032 2628 4103 τοιαύτην
2659 4031 2754 4085 νῦν
2780 4030 3149 4104 τεταρτοῦσαν
3180 4028 3428 4101 ὁρᾶσθαι,
3452 4027 3572 4082 οὑδὲ
3599 4028 3773 4100 ζητή-

2178 4142 2316 4189 σεως
2348 4123 2496 4191 ἄξιον
2517 4119 2693 4197 οἶμαι,
2723 4124 2825 4196 τῆς
2850 4123 3126 4196 ἡμετέρας
3154 4122 3360 4184 είκόνος
3389 4121 3448 4173 ἐν
3469 4121 3607 4191 αὑτῇ
3632 4120 3774 4192 ὁρω-

2179 4218 2366 4290 μένης.
2408 4220 2450 4272 Τ
2453 4219 2624 4283 έλειος
2653 4218 2762 4291 γάρ
2798 4218 2827 4270 ό
2861 4217 3168 4288 προπάτωρ
3202 4213 3360 4286 ἡμῶν
3398 4213 3566 4284 Ἀδὰμ
3606 4214 3773 4284 δημι-

2178 4310 2492 4382 ουργηθεὶς,
2519 4309 2730 4363 τελείαν
2760 4308 2855 4363 καὶ
2879 4306 2973 4362 τοῦ
3010 4307 3123 4378 βίου
3153 4304 3410 4360 κοινωνὸν
3447 4303 3734 4376 κομίζεται
3753 4323 3767 4334 ·

2179 4402 2275 4454 καὶ
2299 4399 2516 4472 ὁρῶμεν
2563 4399 2690 4462 τοὺς
2716 4398 2943 4452 ἐκείνων
2973 4395 3254 4466 διαδόχους
3288 4394 3364 4466 μὴ
3399 4396 3499 4464 τὴν
3547 4395 3773 4465 ἰσότητα

2181 4490 2377 4557 σώζειν
2405 4491 2499 4546 τοῦ
2535 4491 2761 4546 ἐκείνων
2800 4489 3085 4561 μεγέθους,
3121 4484 3276 4551 αὖθις
3306 4487 3400 4540 τοῦ
3439 4490 3517 4550 εἰς,
3555 4487 3772 4555 γένεσιν

2180 4584 2494 4657 παρελθεῖν,
2529 4583 2697 4655 πρινὴ
2739 4581 2828 4636 διὰ
2869 4582 2969 4652 τῆς
3011 4579 3123 4634 τῶν
3169 4579 3375 4652 χρόνων
3411 4578 3772 4650 παραδρομῆς

2174 4679 2262 4732 ἐπ’
2297 4679 2473 4731 ἐκεῖνο
2519 4675 2701 4747 φθάσῃ
2733 4674 2794 4728 τὸ
2830 4673 3095 4745 μέγεθοςο
3149 4672 3368 4726 ἐπειδὰν
3411 4671 3458 4725 δ’
3502 4673 3561 4724 ἐν
3591 4669 3772 4739 τούτῳ

2174 4771 2424 4843 γένηται,
2455 4768 2546 4824 διὰ
2574 4767 2810 4822 θανάτου
2846 4765 3009 4821 πάλιν
3048 4767 3129 4830 εἰς
3159 4765 3260 4837 γῆν
3284 4764 3587 4835 ἀπολήγει·
3633 4768 3772 4834 μετὰ

2176 4864 2350 4936 βραχὺ
2380 4863 2438 4916 δὲ
2467 4861 2628 4915 πάλιν
2650 4862 2717 4931 τῇ
2744 4859 3038 4914 ἀναστάσει
3073 4858 3348 4927 γεννᾶται,
3379 4855 3602 4909 ἀποτιθέ
3611 4871 3772 4925 μενος

2173 4959 2268 5012 καλ⁵
2302 4953 2809 5028 ἐπαμφιεννύμενος
2855 4951 2916 5005 τὸ
2956 4949 3118 5022 σῶμα
3151 4949 3290 5004 κατὰ
3324 4948 3422 5020 τὴν
3454 4947 3638 5001 εἰκόνα
3669 4947 3772 5018 τῆς

2173 5049 2455 5122 φαίνακος.
2484 5046 2596 5110 Τὰς
2620 5046 2678 5099 δὲ
2704 5045 2896 5099 ἕνδεκα
2932 5042 3148 5108 ἐκείνας
3178 5040 3390 5113 ἡμέρας
3418 5039 3486 5102 ἃς
3519 5040 3772 5092 ἐπλεονέ-

2173 5161 2342 5216 κτησε
2376 5143 2466 5196 τὸν
2491 5141 2665 5215 ἥλιον,
2693 5139 2754 5192 οὑ
2786 5141 2854 5210 τῇ
2889 5135 3146 5208 ὑπάρξει,
3179 5132 3315 5187 ἀλλὰ
3344 5134 3412 5204 τῇ
3444 5131 3603 5202 φύσει
3630 5133 3770 5186 ἁπο-

2171 5239 2408 5292 τίννυσιν
2438 5235 2608 5307 αὐτῷ,
2641 5235 2706 5288 δι’
2737 5219 2970 5287 ἑκάστου
3014 5227 3183 5301 μηνὸς
3225 5225 3560 5280 είκοσιεννὲα
3591 5224 3767 5295 ἥμισυ

2172 5329 2396 5402 ἡμερῶν
2437 5325 2817 5400 ἀριθμουμένη
2844 5363 2859 5389 ,
2909 5323 3004 5377 καὶ
3061 5317 3379 5392 τριακοσίας
3426 5316 3770 5387 πεντήκοντα

2171 5423 2444 5494 τέσσαρας
2468 5419 2684 5492 ἡμέρας
2712 5414 3054 5471 ἀποτελοῦσα
3093 5414 3161 5483 τῇ
3204 5408 3441 5480 περιόδῳ
3467 5407 3562 5460 τοῦ
3590 5407 3766 5470 ἔτους,

2173 5515 2317 5571 κατὰ
2357 5513 2457 5586 τὴν
2510 5510 2770 5579 Ἐδραῖδα
2809 5508 3012 5580 ψῆφον.
3063 5505 3138 5560 Οὐ
3189 5503 3299 5574 γὰρ
3342 5501 3524 5554 ἴσασιν
3566 5501 3768 5553 ἐκεῖνοι

2171 5611 2297 5674 τοὺς
2329 5606 2451 5664 καθ’
2482 5607 2630 5679 ἡμᾶς
2667 5601 2954 5676 Ῥωμαίων
2985 5599 3183 5672 μῆνας,
3221 5597 3288 5668 τῇ
3325 5595 3469 5668 μήκη
3508 5593 3769 5665 ἑπόμενοι

2177 5704 2334 5776 μόνῃ.
