4112 6380
405 314 501 373 961

981 428 1229 483 ΠΕΥΣιΣ
1266 427 1397 498 ιιςῖι.

473 541 538 595 Τί
571 542 682 594 ἐστι
711 540 791 605 τὸ,
841 542 1162 596 Ἔστωσαν
1196 544 1282 608 εις
1317 541 1558 611 σημεῖα,
1602 542 1700 595 καὶ
1730 544 1818 611 είς
1858 560 1985 597 και-

368 644 375 673 έ
396 631 567 700 ροὺς,
610 630 707 685 καί
732 634 819 697 εὶς
851 631 1095 701 ἡμέρας,
1132 634 1226 686 καὶ
1258 634 1346 698 εις
1372 633 1723 701 ἐνιαυτούς;
1765 633 1982 707 Ἐπειδή

404 740 546 788 τινες
575 723 788 792 λέγουσι
819 724 988 777 πολλά
1034 727 1097 777 ὲκ
1121 724 1231 778 τῶν
1271 724 1546 795 στοιχείων
1585 726 1983 798 τεκμαίρεσθαι

404 812 533 881 περὶ
556 810 653 881 τῆς
682 810 1029 883 ἀνθρωπίνης
1055 813 1340 882 γενέσεως.

1010 946 1378 1015 Ἀπόκρισις.

492 1061 555 1114 Oi
602 1061 698 1131 μὲν
731 1060 1123 1133 ματαιόφρονες
1164 1061 1539 1131 ἀστρολογίαις
1575 1064 1675 1136 τὴν
1706 1066 1855 1135 σφῶν
1891 1067 1984 1136 γέ-

401 1169 546 1207 νεσιν
578 1152 995 1223 ἐπιγράφουσιν.
1039 1152 1163 1207 Ὀτι
1190 1155 1246 1208 δὲ
1269 1156 1365 1225 οὐχ
1389 1149 1500 1208 οἷόν
1536 1173 1594 1209 τε
1626 1159 1734 1212 ἀπὸ
1766 1157 1982 1230 ἄστρων

402 1243 813 1316 σημειώσασθαί
849 1262 902 1297 τι
944 1245 1071 1316 περὶ
1119 1246 1220 1316 τῆς
1255 1246 1464 1317 βροτῶν
1502 1247 1667 1320 ζωῆς,
1714 1253 1985 1323 μαρτυρεῖ

410 1337 640 1400 Ἡσαΐας
658 1377 673 1401 ,
724 1337 947 1404 φάσκων
976 1352 990 1368 ⁶
1050 1338 1502 1406 Ἀναστήτωταν
1538 1344 1594 1395 οἱ
1622 1342 1981 1414 ἀστρολόγοι

396 1431 503 1485 τοῦ
532 1429 813 1498 οὐρανοῦ,
839 1433 893 1484 οι
917 1429 1257 1497 βλέποντες
1289 1434 1377 1499 εις
1395 1433 1539 1499 τοὺς
1570 1434 1847 1505 ἀστέρας,
1878 1438 1978 1491 και

394 1521 926 1591 ἀναγγκςιλάτωσαν
950 1522 1009 1575 τί
1034 1539 1133 1576 σοι
1169 1522 1385 1592 μέλλει
1423 1526 1715 1596 τίνεσθαι.
1766 1528 1980 1599 Μικρὸν

393 1615 451 1667 δὲ
490 1615 716 1685 ὕστερον
746 1614 1082 1686 πλατύτερον
1118 1616 1424 1688 ἐκθήσομαι
1464 1617 1592 1683 τοὺς
1620 1619 1843 1674 ἐκείνων
1876 1620 1978 1691 μύ-

395 1706 541 1768 θους.
597 1707 677 1760 Τά
721 1706 779 1760 δὲ
824 1708 1025 1778 σημεῖα
1075 1706 1167 1761 τοῦ
1202 1707 1433 1778 οὐρανοῦ
1474 1709 1569 1763 καὶ
1612 1709 1721 1763 τῶν
1764 1711 1981 1781 ἄστρων

394 1797 620 1861 είκότως
653 1798 887 1870 λεχθείη,
917 1798 1135 1871 ὄμϐροι,
1177 1799 1485 1870 πνεύματα,
1531 1800 1825 1871 χειμῶνες,
1857 1800 1975 1873 ἔαρ.

394 1889 581 1941 Ταῦτα
606 1890 669 1942 ὲκ
697 1888 804 1944 τῶν
827 1888 1044 1960 ἄστρων
1075 1889 1466 1960 παιδευόμεθα,
1498 1889 1634 1943 Θεοῦ
1671 1890 1979 1962 φιλανθρω-

393 1981 523 2033 πίαν
544 1999 556 2012 ·
601 1982 751 2043 ὅπως
775 1982 805 2034 6
843 1977 1089 2043 ναυτῖλος
1117 1980 1261 2052 ὁρῶν
1286 1980 1349 2034 τὸ
1380 1984 1625 2053 σημεῖον,
1660 1983 1753 2035 ἐπὶ
1785 1983 1980 2054 λιμένα

393 2072 645 2135 οίακίσας
669 2072 768 2143 τὴν
799 2070 955 2138 ναῦν,
993 2072 1278 2145 ἀποδράσῃ
1302 2073 1364 2126 τὸ
1388 2073 1647 2142 ναυάγιον
1668 2092 1683 2107 ο
1717 2075 1803 2127 ἵνα
1824 2077 1852 2128 6
1879 2093 1980 2145 γη-

395 2164 556 2226 πόνος
602 2162 681 2233 τῷ
722 2163 922 2234 ἑτησίῳ
972 2163 1184 2235 σημείῳ
1217 2164 1517 2235 ἑπόμενος,
1558 2166 1832 2240 διασκάψῃ
1879 2169 1979 2240 τὴν

394 2258 631 2327 ἄρουραν
654 2272 667 2285 ·
710 2255 797 2307 ἵνα
824 2255 853 2307 6
883 2254 1063 2325 ὁδίτης
1093 2254 1285 2326 βραχεῖ
1320 2257 1379 2309 ἐν
1415 2255 1495 2326 τῷ
1527 2258 1828 2330 πανδοκείῳ
1860 2261 1980 2330 μεί-

392 2364 489 2410 νας
517 2346 758 2420 διαφύγῃ
778 2346 875 2417 τῆς
906 2346 1211 2418 ἐπομϐρίας
1236 2347 1355 2418 ἦτοι
1381 2346 1621 2419 χαλάζης
1641 2349 1741 2421 τὴν
1768 2350 1976 2420 ἔφοδον.

393 2438 605 2491 Γίνεται
642 2440 843 2508 σημεῖα
870 2439 961 2491 καὶ
990 2438 1241 2510 πολέμων
1273 2439 1367 2492 καὶ
1398 2440 1621 2513 εἰρήνης
1641 2458 1655 2472 ·
1686 2440 1853 2497 ταῦτα
1883 2445 1978 2499 καὶ

391 2531 421 2582 6
446 2530 636 2602 Σωτὴρ
665 2530 960 2585 ὲ6ε6αίωσε
994 2529 1273 2603 θεηγορῶν
1306 2532 1445 2603 πρὸς
1485 2532 1794 2600 Ἰουδαίους.

986 2666 1237 2721 ΠΕΥΣΙΣ
1271 2669 1384 2736 ιιΖν.

464 2780 529 2833 Τί
554 2775 678 2846 οὗνς
712 2780 845 2834 αὐτὸ
871 2780 1110 2852 νομίζεις
1140 2781 1405 2854 ὑπάρχειν
1429 2782 1616 2855 καιρὸν
1640 2786 1732 2840 καὶ
1753 2789 1975 2857 σημεῖον

393 2872 488 2925 καὶ
516 2873 734 2943 χρόνον;
770 2874 863 2927 καὶ
894 2872 1010 2936 πῶς
1038 2873 1139 2935 τὴν
1167 2873 1433 2945 διαφορὰν
1464 2875 1698 2946 δηλοῦσα
1727 2880 1759 2949 ἡ
1784 2878 1974 2951 Γραφὴ

392 2965 571 3036 λέγει·
631 2966 739 3020 Καὶ
784 2967 1062 3019 ἔστωσαν
1083 2968 1169 3031 εις
1203 2966 1442 3035 σημεῖα,
1475 2968 1576 3021 καὶ
1596 2971 1683 3033 είς
1708 2971 1974 3039 καιροὺς,

393 3059 491 3114 καὶ
510 3061 596 3124 είς
626 3058 869 3128 ἡμέρας,
910 3058 1011 3112 καὶ
1045 3060 1133 3124 εἰς
1163 3058 1481 3126 ἐνιαυτούς
1498 3078 1517 3125 ;

1006 3193 1371 3262 Ἀπόκρισις.

465 3309 691 3378 Ἕτερον
720 3306 817 3377 μὲν
844 3305 1057 3377 χρόνος,
1083 3306 1308 3377 θάτερον
1335 3305 1391 3358 δὲ
1413 3306 1624 3376 καιρός·
1661 3307 1720 3360 τὸ
1751 3307 1847 3379 μὲν
1868 3308 1975 3378 γὰρ

398 3399 605 3470 μήκους
629 3398 862 3468 ὑπάρχει
890 3396 1245 3466 σημαντικὸν,
1269 3396 1329 3449 τὸ
1350 3395 1406 3449 δὲ
1432 3396 1735 3468 εὐκαιρίας.
1770 3397 1845 3450 Ού
1868 3398 1975 3470 γάρ

395 3507 575 3561 φαμεν
602 3506 615 3521 ·
666 3489 869 3559 Χρόνος
914 3487 1117 3558 ἐπέστη
1150 3486 1362 3558 ἀμητοῦ
1402 3486 1434 3558 ἢ
1466 3488 1773 3559 τρυγητοῦ,
1817 3489 1973 3557 ἀλλὰ,

393 3581 617 3653 καιρός·
665 3579 807 3643 οὐδὲ,
849 3578 1054 3648 Χρόνος
1087 3579 1263 3650 γῆμαι
1294 3579 1391 3648 τὴν
1422 3582 1623 3643 νεᾶνιν,
1663 3581 1819 3646 ἀλλὰ,
1853 3600 1976 3637 και-

397 3674 520 3748 ρόςο
563 3672 658 3725 τοῦ
694 3670 859 3739 σοφοῦ
894 3671 1237 3743 Σολομῶντος
1263 3672 1437 3727 ταῦτα
1463 3671 1828 3736 παιδεύοντος.
1872 3674 1977 3745 Ση-

399 3767 524 3836 μεῖα
550 3764 607 3817 δὲ
634 3763 743 3817 τῶν
772 3764 985 3832 ἄστρων
1014 3763 1139 3816 τάδε
1179 3763 1322 3835 φημί
1343 3780 1358 3794 ο
1402 3763 1670 3837 ἀνατολὴν
1701 3765 1973 3833 πλειάδος,

393 3856 567 3927 ἀρχὴν
591 3854 803 3925 ἀμητοῦ
831 3854 926 3907 καὶ
949 3856 1330 3925 ποντοπορίαςο
1364 3854 1512 3907 δύσιν
1540 3854 1615 3918 δὲ,
1644 3856 1972 3911 τούναντίον·

392 3951 428 4021 ἡ
468 3951 565 4019 μὲν
594 3947 702 4019 γὰρ
731 3948 973 4016 συνάγει,
1000 3948 1033 4018 ἡ
1063 3946 1118 4000 δὲ
1144 3944 1428 4018 σκορπίζει
1456 3949 1578 4010 ταῖς
1620 3947 1883 4020 ἀρούραις
1907 3948 1976 4003 τὰ

395 4042 706 4112 σπέρματα.
755 4040 827 4094 Τὸ
855 4040 931 4105 δὲ,
969 4041 1048 4103 είς
1087 4039 1323 4111 ἡμέραν,
1358 4040 1455 4111 τὴν
1485 4042 1551 4095 ὲκ
1595 4041 1841 4114 περιόδου
1874 4042 1974 4112 τῆς

394 4132 707 4202 ὲὸδομάδος,
735 4132 949 4205 ἡμέραν
967 4130 1061 4185 τοῦ
1090 4130 1463 4202 σαῦϐατισμοῦ
1492 4149 1655 4203 φημι.
1687 4134 1844 4186 Πᾶσα
1866 4133 1976 4204 γὰρ

395 4224 555 4295 ἑορτὴ
582 4265 596 4286 ,
643 4224 842 4294 ἀνοχὴν
879 4223 990 4278 τῶν
1018 4222 1195 4277 πόνων
1228 4222 1429 4294 ἔχουσα
1450 4263 1466 4284 .
1521 4223 1797 4277 Σάϐὅατον
1843 4227 1973 4296 παρ’

406 4316 678 4388 Ἑϐραίοις
723 4313 1223 4386 προσαγορεύεταιο
1277 4315 1413 4386 ὅπερ
1459 4315 1643 4379 αὐτοῖς
1686 4314 1837 4386 παρὰ
1884 4315 1976 4369 τὸν

396 4408 746 4478 ἐὸδομαδικδν
774 4407 971 4463 κύκλον
995 4407 1116 4479 τρὶς
1150 4405 1246 4461 τοῦ
1276 4406 1430 4471 ἔτους
1458 4408 1803 4462 ἐπιτελεῖται.
1836 4408 1975 4463 Πολ-

396 4501 550 4563 λάκις
580 4500 730 4571 παρὰ
758 4500 819 4552 τὸ
848 4498 1034 4570 κύριον
1064 4498 1362 4553 Σάϐϐατον.
1425 4498 1638 4569 Ἡμέρα
1683 4499 1793 4571 γὰρ
1836 4499 1976 4553 Σαϐ-

399 4594 561 4648 ϐάτου
584 4592 677 4646 καὶ
702 4594 733 4663 ἡ
780 4589 1146 4662 ’Λζυμοὸορία
1168 4607 1183 4622 ο
1216 4590 1417 4660 ὁμοίως
1443 4592 1543 4660 τῆς
1571 4592 1974 4663 Πεντήκοστῆς·

398 4686 656 4749 ὡσαύτως
693 4686 726 4755 ἡ
772 4684 870 4754 τῆς
922 4682 1300 4754 Σκηνοπηγίας
1336 4698 1349 4712 ·
1397 4681 1491 4735 καὶ
1520 4681 1625 4748 ἔξω
1651 4685 1751 4754 τῆς
1775 4683 1978 4755 κυρίως

399 4778 677 4833 Σαϐϐάτου
722 4776 810 4830 διὰ
837 4777 935 4847 τῆς
967 4776 1225 4846 χρονικῆς
1268 4774 1518 4842 περιόδου
1552 4775 1600 4828 εί
1638 4774 1858 4848 ἐμπέσῃ
1880 4776 1979 4829 αὑ-

397 4873 510 4935 τοῖς
550 4873 582 4942 ἡ
634 4869 817 4942 ἑορτὴ,
870 4867 1145 4921 Σάὸὅατον
1182 4866 1395 4937 ἡμέραν
1442 4866 1975 4939 προσαγορεύουσιν·

398 4965 535 5034 ὅπερ
596 4961 908 5031 σαφηνίζων
970 4960 999 5015 6
1064 4958 1264 5029 ὑψηλὸς
1320 4958 1597 5022 Ματθαῖος
1624 4999 1639 5023 ,
1707 4962 1980 5023 Δευτερο-

400 5057 606 5125 πρώτῳ
638 5056 775 5125 (33),
824 5054 989 5122 φησὶ,
1034 5049 1345 5116 Σαϐϐάτῳ*
1394 5050 1494 5120 τὴν
1541 5052 1758 5121 ἡμέραν
1801 5052 1979 5123 δηλῶν

397 5152 496 5219 τὴν
522 5150 657 5220 μετὰ
681 5148 741 5200 τὸ
766 5147 953 5216 κύριον
979 5143 1250 5199 Σάϐϐατον
1276 5145 1462 5206 αὐτοῖς
1483 5142 1550 5196 δι’
1571 5144 1762 5214 ἑορτῆς
1784 5145 1983 5215 ἀΡΥθυ·

404 5242 591 5313 μένην.
640 5240 834 5310 Μῆνας
866 5237 1043 5290 τοίνυν
1083 5238 1116 5307 ἡ
1165 5235 1364 5307 σελήνη
1404 5234 1672 5299 ἀποτελεῖ,
1704 5236 1982 5298 ἐνιαυτοὺς

397 5336 453 5389 δὲ
484 5335 666 5404 ἥλιος·
720 5336 750 5403 ἡ
805 5333 901 5401 μὲν
948 5333 1011 5384 ὲκ
1061 5330 1310 5401 περιόδου
1377 5327 1603 5399 ἡμερῶν
1651 5328 1981 5399 πληρηφαὴς

394 5428 693 5497 γενομένη,
735 5426 762 5477 6
797 5423 853 5475 δὲ
902 5425 964 5475 ἐκ
1015 5421 1263 5491 περιόδου
1312 5420 1494 5491 μηνῶν
1542 5418 1635 5471 ἐπὶ
1669 5418 1764 5471 τοῦ
1816 5418 1981 5472 αὑτοῦ

463 5608 509 5637 ⁸⁸
549 5606 683 5661 Gen.
720 5622 755 5667 ι,
794 5603 875 5657 Η.
955 5604 996 5633 ⁸⁷
1038 5600 1140 5656 lsa.
1179 5617 1342 5662 van.
1374 5601 1458 5655 45.
1537 5601 1582 5633 “
1620 5599 1752 5654 Luc.
1781 5616 1852 5664 vi,
1897 5598 1947 5651 l.

1738 308 2083 367 DIALOGUS
2112 311 2154 369 1.

3566 325 3684 385 962

2497 434 3016 495 INTERROGATIO
3076 437 3264 499 XCVI.

2153 548 2295 616 Quid
2322 560 2404 607 est
2439 553 2562 619 hoc,
2613 554 2737 609 Sint
2771 557 2828 610 in
2863 557 3018 628 signa
3049 566 3099 612 et
3124 558 3179 611 in
3232 567 3490 628 tempora,
3543 562 3677 618 etin

2086 640 2220 707 dies,
2281 652 2330 696 et
2379 644 2435 696 in
2479 646 2749 699 annos“?
2804 646 2863 702 Si
2905 647 3131 720 quidem
3188 658 3447 706 asserunt
3499 653 3674 726 aliqul

2085 734 2255 788 multa
2294 751 2360 789 ex
2392 736 2681 807 principiis
2726 738 2849 796 istis
2873 739 3113 810 judicari
3157 741 3226 800 de
3254 742 3497 800 humana
3536 748 3677 803 nati-

2086 826 2275 881 vitate.

2715 962 3025 1033 Responsio.

2153 1071 2628 1130 Circumscribunt
2674 1076 2895 1147 quidem
2938 1095 3095 1135 suam
3130 1082 3469 1138 nativitatem
3501 1096 3675 1143 astro-

2083 1161 2274 1233 logicis
2322 1167 2812 1236 supputationibus
2845 1170 2975 1225 vani
3025 1171 3299 1229 homines.
3350 1175 3510 1242 Quod
3544 1195 3674 1235 vero

2082 1268 2149 1311 ex
2176 1256 2343 1312 astris
2365 1273 2474 1311 non
2507 1260 2723 1328 possint
2748 1262 3051 1333 quidquam
3082 1268 3411 1335 portendere
3436 1270 3504 1326 de
3534 1288 3678 1328 mor.

2080 1346 2271 1402 talium
2301 1348 2433 1413 vita,
2466 1359 2704 1406 testatur
2725 1351 2916 1418 Isaias,
2950 1354 3141 1411 dicens
3175 1375 3189 1411 :
3223 1356 3463 1429 Surgam
3499 1371 3679 1416 astro-

2080 1436 2190 1508 logi
2232 1439 2349 1492 cati
2402 1442 2492 1509 qui
2544 1442 2733 1496 stellas
2770 1444 3065 1513 intuentur,
3115 1457 3165 1501 et
3207 1453 3523 1506 annuntient
3580 1452 3676 1506 tibi

2080 1528 2206 1599 quid
2237 1529 2479 1598 futurum
2524 1533 2683 1587 sit".
2741 1535 2849 1591 Sed
2878 1537 3041 1607 paulo
3068 1547 3191 1609 post
3236 1540 3404 1597 latius
3450 1544 3672 1598 illorum

2081 1620 2297 1677 fabulas
2326 1624 2636 1694 explicabo.
2672 1626 2839 1697 Signa
2866 1644 2996 1685 vero
3020 1631 3147 1686 οωΙί
3179 1638 3232 1686 et
3252 1641 3530 1689 astrorum
3556 1650 3674 1690 me-

2083 1715 2191 1769 rito
2223 1726 2638 1783 recenseantur,
2672 1718 2900 1786 imbres,
2926 1720 3110 1791 ﬂatus,
3135 1731 3516 1796 tempestates,
3547 1740 3664 1783 ver.

2083 1805 2208 1862 Haec
2236 1824 2302 1863 ex
2335 1809 2503 1864 astris
2533 1809 2800 1867 discimus
2829 1828 2927 1883 per
2958 1812 3049 1868 Dei
3075 1829 3211 1886 erga
3273 1832 3446 1886 genus
3480 1817 3671 1873 huma—

2080 1910 2213 1951 num
2247 1895 2570 1961 bonitatem,
2600 1907 2660 1953 ut
2690 1899 2747 1955 in
2786 1902 2924 1956 mari
2947 1911 3145 1971 nauta,
3197 1905 3415 1975 signum
3450 1907 3666 1974 videns,

2080 1984 2149 2039 ad
2194 1994 2415 2055 portum
2465 2002 2662 2043 navem
2712 1989 2982 2062 dirigens,
3036 1994 3385 2065 naufragium
3424 1996 3668 2069 etl‘ugiat,

2080 2084 2141 2131 ut
2179 2079 2419 2147 agricola
2464 2082 2908 2138 anniversarium
2936 2085 3234 2141 etesiarum
3262 2087 3480 2157 signum
3512 2102 3670 2144 secu-

2082 2180 2201 2235 tus,
2240 2171 2412 2227 fodiat
2449 2186 2667 2238 arvum,
2708 2184 2773 2228 ut
2801 2175 2984 2230 viator
3022 2176 3076 2231 in
3128 2177 3436 2235 diversorio
3482 2180 3668 2239 minus

2079 2261 2173 2316 diu
2200 2270 2449 2318 moratus
2475 2263 2703 2337 eilugiat
2738 2266 3088 2335 ingruentem
3120 2267 3352 2323 imbrem
3384 2277 3482 2323 aut
3508 2284 3668 2340 gran-

2079 2350 2285 2421 dinem;
2319 2352 2456 2407 tlunt
2484 2356 2639 2426 signa
2668 2364 2722 2411 et
2749 2356 2876 2411 belli
2901 2366 2956 2412 et
2994 2358 3169 2429 pacis,
3191 2374 3315 2431 qua:
3346 2360 3416 2417 ad
3438 2360 3666 2421 Judteoe

2078 2444 2414 2504 concionans
2443 2446 2795 2503 conﬁrmavit
2820 2447 3106 2506 Servator.

2477 2660 3002 2718 INTERROGATIO
3042 2663 3249 2722 XCVII.

2146 2772 2289 2839 Quid
2322 2774 2535 2845 igitur?
2591 2793 2721 2832 num
2756 2777 2901 2834 idem
2938 2788 3101 2850 putas
3127 2796 3251 2837 esse
3283 2786 3546 2857 temporis
3576 2802 3671 2842 ar-

2076 2866 2306 2921 ticulum
2338 2877 2393 2923 et
2419 2870 2633 2940 signum
2662 2879 2717 2926 et
2741 2873 3000 2942 tempus?
3031 2874 3183 2943 atqui
3212 2877 3489 2944 quomodo
3516 2877 3671 2934 Scri-

2077 2967 2236 3029 ptura
2265 2960 2628 3017 dill'erentialn
2664 2962 2941 3027 indicans,
2992 2964 3177 3034 inquit
3212 2986 3225 3023 :
3262 2966 3333 3021 Et
3368 2970 3477 3024 sint
3499 2972 3555 3026 in
3590 2972 3671 3026 si-

2075 3068 2202 3120 gna,
2225 3061 2273 3106 et
2301 3053 2356 3107 in
2385 3064 2643 3124 tempora,
2692 3063 2742 3108 et
2771 3055 2825 3109 in
2854 3056 2988 3120 dies,
3017 3068 3067 3113 et
3091 3058 3146 3115 in
3173 3063 3387 3118 annos?

2711 3188 3024 3259 Responsio.

2147 3303 2310 3356 Aliud
2341 3303 2563 3373 quidem
2613 3311 2699 3358 est
2745 3311 2985 3375 tempus,
3040 3307 3189 3362 aliud
3223 3324 3355 3365 vero
3400 3315 3671 3383 temporis

2080 3395 2369 3449 articulus.
2398 3392 2532 3447 Nam
2580 3392 2715 3447 illud
2747 3395 2972 3465 quidem
3008 3398 3324 3466 prolixioris
3375 3404 3539 3471 spatii
3597 3407 3671 3460 sl-

2077 3488 2485 3560 gniticationem
2521 3485 2704 3551 habet,
2752 3486 2855 3542 hoc
2892 3502 3025 3542 vero
3079 3492 3531 3560 opportunitatis.
3569 3495 3672 3553 Ne-

2078 3595 2184 3650 que
2213 3579 2359 3635 enim
2390 3577 2625 3633 dicimus
2668 3596 2681 3632 :
2711 3578 2885 3633 Instat
2924 3579 3167 3649 spatium
3201 3583 3470 3651 temporis
3518 3600 3667 3643 mes-

2079 3672 2176 3733 sis,
2207 3678 2302 3723 aut
2343 3668 2653 3739 vindemiae,
2694 3669 2789 3723 sed
2828 3672 3248 3741 opportunitas;
3301 3689 3482 3744 neque
3536 3692 3670 3749 spa.

2077 3765 2213 3817 tium
2243 3761 2508 3832 temporis
2543 3770 2602 3815 ut
2656 3760 2829 3816 nubat
2861 3762 3065 3831 puella,
3122 3765 3220 3819 sed
3276 3769 3666 3837 tempestivum

2078 3863 2164 3910 est
2197 3872 2210 3908 :
2246 3870 2369 3928 quae
2392 3851 2612 3925 quidem
2648 3867 2752 3907 nos
2788 3853 3009 3922 sapiens
3041 3854 3135 3911 ille
3168 3854 3329 3913 docet
3381 3857 3664 3918 Salomon.

2080 3945 2243 4016 Signa
2278 3952 2460 3999 autem
2513 3953 2791 3999 astrorum
2828 3945 2922 3998 illa
2978 3945 3142 4005 dico:
3198 3956 3382 4005 ortum
3440 3952 3664 4023 quidem

2077 4036 2336 4098 Pleiadis.
2373 4035 2592 4090 initium
2623 4035 2821 4091 messis
2850 4044 2903 4091 et
2933 4037 3300 4109 navigationis
3329 4057 3345 4107 ;
3402 4057 3664 4101 occasum

2078 4143 2228 4194 vero,
2274 4127 2573 4183 diversum.
2621 4125 2758 4182 Nam
2787 4127 2880 4183 ille
2928 4129 3154 4200 quidem
3201 4142 3525 4206 congregat,
3572 4134 3664 4194 hic

2081 4236 2211 4277 vero
2243 4221 2528 4291 spargitin
2560 4220 2706 4275 arvis
2737 4220 2969 4277 semina.
3000 4220 3138 4278 lllud
3174 4231 3382 4293 autem,
3405 4226 3463 4281 in
3492 4227 3662 4293 diem,

2081 4329 2202 4383 qua:
2231 4312 2457 4387 periodo
2490 4312 2811 4383 septimanae
2855 4321 3096 4382 constat,
3131 4314 3277 4371 diem
3338 4318 3664 4377 sabbatisrni

2080 4406 2234 4461 dicit.
2289 4403 2488 4459 Omnia
2520 4404 2665 4460 enim
2721 4403 2858 4460 festa
2893 4404 3143 4460 laborum
3194 4408 3662 4467 intermissionem

2080 4498 2359 4564 habentia,
2414 4497 2701 4554 sabbatum
2754 4499 2898 4570 apud
2955 4497 3214 4556 Hebraeos
3266 4502 3663 4572 appellantur:

2080 4605 2315 4659 quorum
2351 4588 2421 4643 ab
2479 4588 2618 4659 ipsis
2662 4597 2862 4659 praeter
2910 4589 3398 4647 bebdomadarium
3446 4594 3665 4664 cyclum

2084 4682 2190 4736 tria
2236 4681 2293 4735 in
2322 4695 2468 4737 anno
2508 4679 2887 4750 perﬁciuntur.
2933 4681 3238 4753 Aliquoties
3271 4683 3433 4740 etiam
3468 4693 3665 4755 printer

2084 4788 2248 4844 quam
2287 4772 2508 4843 proprie
2558 4772 2765 4830 dictum
2806 4772 3133 4828 Sabbatum.
3196 4774 3319 4831 Dies
3346 4775 3494 4831 enim
3526 4774 3663 4832 Sab-

2081 4867 2194 4923 bati
2220 4875 2337 4921 erat
2364 4873 2417 4927 et
2447 4873 2663 4935 tempus
2689 4881 2801 4935 quo
2830 4868 3198 4922 vescebantur
3222 4866 3659 4927 iufermentatis:

2083 4954 2335 5011 similiter
2377 4962 2433 5009 et
2484 4954 2841 5012 Pentecostes
2880 4975 2894 5011 :
2933 4956 3001 5009 ad
3034 4958 3285 5013 eumdem
3331 4957 3555 5013 modum
3606 4968 3664 5015 et

2085 5049 2453 5121 Sceuopegia;
2494 5048 2560 5103 Et
2580 5062 2735 5105 extra
2770 5050 2994 5121 proprie
3026 5050 3327 5104 Sabbalum
3361 5050 3593 5114 dictum,
3615 5049 3667 5105 si

2082 5143 2346 5213 temporis
2374 5142 2602 5212 periodo
2637 5142 2845 5197 incidat
2897 5142 3035 5211 ipsis
3082 5141 3306 5208 festum,
3358 5141 3660 5196 Sabbatum

2083 5232 2228 5290 diem
2263 5235 2567 5304 appellant;
2596 5234 2745 5303 quod
2778 5233 3070 5289 declarans
3109 5233 3346 5291 eximius
3375 5235 3667 5303 apostolus

2086 5326 2395 5392 blattbaeus,
2433 5324 2670 5381 Sabbato
2703 5325 2928 5381 secundo
2961 5329 3156 5395 primo,
3208 5325 3452 5396 inquit"
3484 5343 3500 5381 :
3535 5339 3667 5380 eum

2086 5416 2229 5473 diem
2298 5417 2638 5488 signiﬁcans,
2701 5417 2796 5487 qui
2854 5425 2979 5488 post
3024 5416 3326 5475 Sabbatum
3382 5415 3668 5487 proprium

468 5744 582 5817 (33)
616 5741 1091 5811 Δευτεροπρὼτῳ.
1146 5739 1357 5809 Lapsus
1405 5738 1665 5794 memoria
1713 5738 1799 5791 hic
1848 5736 2057 5792 vidi-tur
2098 5734 2391 5795 Caesarius.
2438 5734 2590 5791 Hanc
2635 5734 2779 5793 enim
2834 5743 3023 5791 vocem
3078 5747 3223 5790 unus
3271 5730 3448 5790 Lucas
3483 5747 3560 5802 vr,
3609 5732 3674 5803 ι,

394 5829 611 5884 “sum.”
628 5857 641 5868 .
