4112 6380
471 293 582 352 965

475 408 654 477 ipsum
703 423 797 478 per
829 406 1039 482 festum
1073 409 1188 466 otio
1233 410 1490 468 vacabat.
1541 409 1780 466 Proinde
1831 426 2057 466 menses

477 499 604 553 luna
645 501 875 571 perﬁcit,
923 516 1098 559 annos
1145 512 1325 559 autem
1377 505 1506 560 sol:
1542 503 1633 558 illa
1697 502 1918 574 quidem
1963 519 2062 574 per

476 594 759 662 periodum
818 596 1029 650 dierum
1083 597 1241 668 plena
1293 597 1436 652 facta
1488 616 1500 652 :

1584 289 1641 346 s.
1675 261 1990 346 caassnu'
2016 289 2351 348 cnsconu
2391 289 2696 346 FRATRIS

3660 291 3778 349 964

2168 411 2398 484 κέντρου
2442 414 2546 483 τῆς
2574 409 2715 482 ὲῴας
2741 410 3163 482 καθιστάμενος,
3191 409 3290 474 τὰς
3317 409 3528 482 τροπάς
3555 409 3776 480 φυλάσ-

2172 519 2282 556 σων
2317 504 2607 576 ἰσημερίας
2643 505 2836 576 θέρους
2861 520 2919 556 τε
2951 502 3045 556 καὶ
3075 501 3442 574 φθινοπώρου.

1559 597 1649 652 hic
1697 606 1880 650 autem
1928 611 1999 651 ex
2055 595 2286 668 periodo
2337 599 2611 653 mensium
2679 596 2734 651 in
2789 595 2981 652 eodem
3049 604 3241 650 centro
3297 604 3454 650 ortus
3506 594 3776 651 matutini

476 688 1235 752 constitutus,conversiones
1262 705 1491 746 servans
1519 689 1860 758 mquinoctii,
1893 690 2108 743 astatis
2150 695 2205 743 et
2238 690 2510 744 autumni.

865 779 1386 836 INTERROGATIO
1437 782 1668 837 XCVIII.

545 875 713 931 Estne
750 877 960 946 sphaera
1008 877 1228 942 coelum,
1281 888 1372 931 aut
1407 878 1872 948 hemisphaerium,
1920 882 2062 948 quod

475 976 654 1022 actum
685 968 938 1022 circulari
976 976 1120 1021 motu
1155 967 1324 1022 solem
1365 967 1466 1022 sub
1513 977 1714 1023 terram
1762 968 1920 1035 ferat,
1970 977 2064 1022 aut

473 1061 582 1116 alio
614 1059 778 1114 modo
801 1074 1027 1114 cursum
1055 1059 1104 1112 ei
1137 1059 1382 1113 tribuat?

1112 1151 1419 1220 Responsio.

546 1242 603 1297 ln
637 1244 724 1300 bis
753 1245 1000 1314 utrisque
1037 1246 1104 1298 ab
1131 1247 1335 1301 eximio
1375 1245 1512 1300 Isaia
1553 1246 1927 1313 instituamur,
1968 1246 2062 1319 qui

473 1337 714 1391 clamat:
743 1336 848 1402 Qui
871 1337 1144 1390 constituit
1179 1337 1365 1390 caelum
1417 1338 1556 1392 velut
1609 1338 1848 1408 laquear,
1891 1349 1940 1393 et
1971 1355 2064 1394 ea:-

475 1429 638 1483 tendit
666 1429 839 1498 ipsum
871 1430 1007 1482 velut
1034 1429 1222 1497 pellem
1265 1429 1331 1482 ‘9.
1369 1428 1527 1495 Quod
1573 1430 1738 1500 igitur
1783 1432 2059 1498 consistit,

475 1537 582 1575 non
622 1532 870 1574 movetur
901 1522 1249 1575 circulariter
1282 1539 1294 1575 :
1319 1522 1466 1591 quod
1491 1536 1794 1592 expansum
1824 1531 1930 1588 est,
1952 1539 2060 1578 non

474 1617 666 1668 subtus
711 1613 904 1668 fertur.
957 1612 1291 1684 Principium
1344 1615 1509 1684 igitur
1560 1615 1726 1670 habet
1763 1617 1964 1672 cmlum
2007 1623 2064 1671 et

477 1703 794 1755 terminum.
843 1701 960 1755 Non
1016 1704 1161 1757 enim
1215 1703 1395 1774 inquit
1441 1701 1762 1774 Scriptura,
1813 1705 2063 1760 ascendit

476 1794 577 1861 sol,
599 1791 710 1857 sed,
737 1790 992 1863 Egressus
1025 1803 1103 1848 est
1130 1811 1293 1864 supra
1318 1805 1545 1862 terram,
1576 1806 1626 1851 et
1657 1795 1759 1851 Lat
1792 1798 2059 1867 ingressus

471 1895 548 1939 est
591 1885 838 1954 Segorem
878 1887 923 1918 ⁷ο
969 1904 982 1940 :
1046 1901 1154 1940 non
1217 1888 1458 1958 globum,
1515 1888 1613 1944 sed
1659 1889 1886 1959 laquear
1941 1904 2060 1946 esse

473 1976 828 2030 conﬁrmans.
872 1975 939 2028 Et
989 1973 1225 2032 Davides
1281 1979 1460 2048 inquit
1493 1980 1549 2033 in
1584 1979 1929 2035 carminibus
1966 1997 1979 2034 :
2010 1981 2055 2034 A

473 2068 661 2120 vertice
683 2069 798 2120 creti
831 2085 1072 2139 egressus
1101 2068 1256 2137 ejus;
1291 2084 1401 2124 non
1446 2085 1744 2136 ascensus;
1788 2080 1838 2126 el
1880 2087 2062 2125 occur-

445 2167 562 2214 'sus
601 2162 717 2230 ejus
744 2178 908 2231 usque
932 2163 1000 2215 ad
1024 2178 1289 2215 summum
1320 2163 1532 2229 caeli“;
1585 2180 1695 2219 non
1733 2174 1914 2219 autem
1959 2164 2059 2219 de-

474 2267 703 2306 scensus
735 2253 873 2321 ejus,
899 2263 994 2307 aut
1025 2268 1279 2318 occasus,
1317 2269 1386 2309 ne
1426 2255 1604 2324 ipsum
1644 2261 2059 2324 percurrentem

474 2345 817 2398 circulariter
849 2345 1055 2400 moveri
1090 2345 1272 2402 faciat.
1309 2347 1372 2400 Et
1406 2347 1606 2400 iterum
1641 2367 1652 2400 :
1691 2345 1756 2399 Et
1794 2348 1921 2416 ipse,
1975 2347 2061 2401 in-

475 2438 614 2505 quit,
648 2437 784 2490 relut
814 2453 1060 2506 sponsus,
1107 2454 1216 2493 non
1259 2438 1586 2502 ascendens,
1622 2439 1740 2503 sed,
1789 2441 1968 2494 exiens
1997 2455 2063 2494 ex

477 2532 712 2584 thalamo
763 2547 859 2584 suo
905 2532 971 2585 ⁷³.
1025 2530 1147 2600 Ipse
1185 2547 1315 2586 vero
1361 2532 1723 2586 concionatur
1769 2531 2059 2596 Dominus,

477 2623 674 2689 Mittet,
701 2623 900 2693 inquit,
939 2623 1152 2694 angelos
1183 2641 1304 2678 cum
1333 2623 1465 2677 Iuba
1497 2632 1546 2677 et
1587 2640 1706 2678 voce
1752 2641 1969 2696 magna,
2010 2634 2062 2679 et

475 2714 860 2786 congregalmnt
890 2715 1082 2770 electos
1105 2716 1170 2769 ab
1198 2726 1433 2770 extremo
1456 2717 1573 2770 caeli
1589 2733 1753 2788 usque
1779 2719 1850 2771 ad
1879 2726 2058 2773 extre-

476 2825 619 2861 mum
645 2808 760 2876 eius
789 2808 858 2865 ⁷³.

893 2962 1416 3021 INTERROGATIO
1455 2965 1643 3022 XCIX.

548 3056 834 3124 Quomodo
860 3058 1022 3128 igitur
1069 3057 1272 3112 occidit
1318 3059 1424 3125 sol,
1489 3060 1534 3116 si
1586 3074 1694 3114 non
1739 3060 1910 3114 fertur
1960 3061 2064 3116 sub

478 3148 728 3202 terram?
756 3154 809 3203 et
845 3147 1070 3217 quinam
1107 3148 1262 3204 locus
1289 3151 1488 3221 estqui
1525 3150 1710 3207 radios
1742 3150 1864 3222 ejus
1887 3151 2067 3205 inum-

477 3240 598 3294 brat
620 3239 642 3291 ?

1113 3309 1425 3381 Responsio.

549 3402 861 3474 Peragralis
882 3402 1044 3458 celeri
1078 3418 1246 3459 cursu
1274 3405 1882 3473 coelestibusterminis,
1913 3419 2065 3480 post-

476 3511 637 3564 quam
673 3496 817 3551 latus
848 3495 1140 3565 quoddam,
1174 3497 1394 3552 boreale
1424 3513 1619 3568 nempe
1642 3498 1804 3552 clima
1826 3541 1840 3566 ,
1878 3501 2066 3558 subieo

479 3588 572 3650 rit,
601 3587 849 3643 elevante
876 3602 936 3642 se
970 3587 1359 3659 Cappadocum
1389 3590 1530 3656 solo,
1559 3590 1906 3645 inumbratur
1939 3594 2068 3664 qui-

475 3681 600 3736 dem
627 3680 905 3735 radiorum
939 3680 1119 3753 fulgor
1140 3699 1237 3754 per
1260 3683 1428 3740 silvas
1453 3691 1508 3739 et
1533 3699 1702 3754 aquas
1729 3701 1798 3740 ex
1829 3701 2065 3757 superna

474 3773 824 3843 repressione
856 3773 1210 3840 firmamenti,
1245 3774 1537 3845 perfractis
1560 3776 1627 3832 ad
1669 3777 1842 3834 latera
1868 3780 2064 3843 radiis,

474 3872 532 3923 et
560 3882 660 3937 per
687 3867 1040 3922 eminentiam
1065 3874 1224 3922 terrae
1253 3867 1374 3923 luce
1406 3868 1582 3938 ipsius
1614 3870 1869 3936 exclusa,
1903 3871 2068 3942 idque

477 3958 782 4015 secundum
810 3960 964 4030 prius
990 3960 1290 4022 exltibitam
1326 3960 1747 4017 similitudinem
1798 3963 2068 4034 lampadis

476 4054 637 4122 cujus
671 4052 813 4123 apud
846 4068 944 4109 nos
980 4069 1115 4108 usus
1145 4062 1251 4118 est,
1290 4053 1337 4108 si
1367 4061 1506 4110 testa
1531 4053 1619 4108 fax
1645 4055 2065 4127 comprimatur,

477 4154 530 4198 et
560 4145 740 4214 aliqua
781 4160 846 4200 ex
887 4153 1041 4214 parte
1069 4145 1446 4212 inumbretur,
1479 4147 1548 4201 ad
1582 4147 1803 4216 aliquod
1833 4148 2064 4205 liberum

479 4236 624 4292 latus
659 4237 751 4290 lux
781 4237 1009 4292 recedit.
1041 4235 1157 4292 Hoc
1187 4235 1350 4292 modo
1381 4237 1547 4292 etiam
1582 4239 1664 4294 sol
1700 4239 1952 4310 pervenit
1997 4240 2066 4294 ad
2094 4229 2102 4235 ’

479 4326 770 4392 orientem,
799 4328 1013 4382 occulte
1041 4328 1315 4384 borealem
1355 4329 1569 4400 plagam
1597 4345 1908 4400 permeans.
1939 4333 2066 4385 Est-

479 4435 588 4488 que
626 4418 785 4474 nobis
820 4417 1050 4474 illustris
1086 4421 1244 4476 testis
1291 4419 1351 4474 in
1386 4421 1552 4476 rebus
1591 4421 1792 4478 divinis
1845 4423 2066 4494 sapiens

481 4506 742 4562 Solomon
774 4526 787 4562 :
817 4507 1024 4572 Oritur,
1056 4509 1255 4579 inquit,
1288 4509 1391 4573 sol,
1434 4519 1485 4564 et
1531 4511 1757 4578 occidit;
1797 4523 1944 4569 ortus
1977 4530 2070 4584 per

479 4615 728 4653 occasum
757 4597 1022 4670 graditur,
1053 4608 1103 4653 et
1153 4616 1350 4671 gyrans
1392 4601 1728 4658 circulariter
1787 4605 1960 4675 fertur
1999 4606 2069 4660 ad

481 4689 799 4760 aquilonem,
830 4699 879 4743 et
904 4690 956 4742 in
983 4688 1157 4744 locum
1177 4706 1332 4743 suum
1357 4689 1491 4744 redit
1512 4691 1580 4743 ⁷⁸.
1605 4690 1808 4764 Aspice
1839 4696 2068 4765 proinde

478 4781 660 4850 ipsum
694 4796 790 4850 per
825 4780 1113 4836 meridiem
1146 4790 1487 4849 currentem,
1519 4791 1573 4839 et
1612 4785 1827 4856 plagam
1873 4786 2069 4842 borea-

481 4870 586 4925 lem
615 4869 1069 4936 circumeuntem,
1106 4877 1166 4924 ut
1188 4869 1334 4925 intra
1352 4872 1734 4943 praescriptum
1762 4873 1830 4929 ab
1853 4874 2067 4931 oriente

479 4961 711 5018 feratur.

959 5140 1480 5198 INTERROGATIO
1517 5142 1580 5198 C.

549 5228 608 5286 Si
637 5230 840 5301 absque
862 5231 1262 5288 intermissione
1279 5247 1478 5287 cursus
1505 5233 1627 5301 ejus
1648 5239 1757 5298 est,
1783 5235 2053 5302 quomodo

474 5331 665 5378 aestate
696 5324 915 5392 quidem
951 5325 1188 5395 majores
1243 5324 1401 5378 nobis
1459 5323 1577 5379 dies
1635 5324 1824 5390 ellicit,
1883 5325 2062 5381 hieme

475 5427 610 5469 vero
639 5414 924 5470 minores?

1121 5483 1428 5553 Responsio.

552 5575 630 5630 Eo
656 5576 800 5646 quod
828 5592 940 5632 non
969 5579 1038 5632 ab
1072 5579 1266 5634 eodem
1297 5585 1491 5632 centro
1526 5593 1742 5648 semper
1771 5579 2056 5648 procedit;

555 5716 602 5750 "
638 5717 738 5773 lsa.
801 5737 888 5782 χι,
939 5722 1028 5787 2'2,
1089 5738 1201 5779 sec.
1244 5720 1405 5776 LXX.

1512 5725 1556 5755 7°
1598 5724 1733 5779 Gott.
1797 5740 1908 5784 xix,
1959 5723 2048 5777 23.

475 5783 528 5822 ⁷⁸
574 5789 746 5843 l‘lCclc.
787 5807 823 5850 ι,
863 5793 912 5849 5,
948 5795 1000 5846 ϋ.

2158 5727 2195 5754 ⁷¹
2245 5725 2388 5782 Ρδυι.
2444 5745 2597 5794 xvm,
2644 5731 2695 5785 7.

2763 779 3015 832 ΠΕΥΣῘΣ
3053 777 3174 846 ιη’.

2239 871 2454 941 Σφαῖρά
2487 872 2636 924 ἐστιν
2663 873 2692 925 6
2716 871 3017 942 οὐρανὸ;,ῆ
3049 869 3411 942 ἡμισφαίριον
3446 871 3776 943 κυλιόμενον

2165 962 2256 1015 τὸν
2279 962 2451 1033 ἥλιον,
2505 964 2610 1016 ὑπὸ
2639 962 2739 1034 τὴν
2771 963 2878 1034 γῆν
2931 965 3123 1034 φέρον,
3180 964 3422 1034 ἧάλλως
3473 965 3623 1036 αὐτῷ
3672 967 3776 1020 τδν

2165 1055 2366 1126 δρόμον
2395 1057 2762 1128 παραχωροῦν
2790 1074 2806 1123 ;

2787 1148 3148 1216 Ἀπόκρισις.

2241 1238 2444 1309 ’Ἄμφω
2476 1239 2554 1311 τῷ
2601 1241 2793 1312 ὑψηλῷ
2830 1242 3030 1314 Ἡσαΐᾳ
3083 1243 3462 1314 στοιχήσωμεν
3483 1283 3498 1306 ,
3529 1243 3768 1315 διαρῤή..

2164 1332 2261 1403 δην
2296 1331 2524 1402 βοῶντι·
2568 1333 2622 1386 '0
2656 1333 2897 1401 στήσας
2931 1333 3040 1387 τὸν
3085 1334 3351 1403 οὐρανὸν
3392 1336 3536 1389 ὡσεί
3573 1337 3772 1404 καμά-

2158 1442 2300 1493 ραν,
2327 1425 2423 1478 καὶ
2454 1425 2755 1491 διατείνας
2804 1426 2994 1480 αὐτὸν
3038 1426 3120 1493 ὡς
3146 1427 3408 1494 σκηνήν.
3475 1427 3548 1480 Τὸ
3592 1427 3775 1492 ἑστὼς

2163 1512 2258 1570 οὖν
2309 1517 2371 1570 οὐ
2421 1518 2785 1572 κυλινδεῖται·
2844 1518 2907 1572 τὸ
2958 1518 3214 1574 διαταθὲν
3260 1519 3360 1589 οὐχ
3408 1519 3771 1588 ὑποφέρεται.

2179 1607 2378 1680 Ἀρχὴν
2406 1609 2589 1662 τοίνυν
2616 1609 2730 1680 ἔχει
2761 1609 3014 1681 οὐρανὸς,
3051 1611 3146 1663 καὶ
3178 1609 3373 1680 πέρας.
3411 1613 3486 1664 Οὐ
3513 1610 3624 1681 γάρ
3665 1629 3772 1680 φη-

2167 1718 2250 1755 σιν
2284 1701 2553 1774 ήΓραφὴ,
2599 1702 2854 1772 Ἀνῆλθεν
2891 1704 2920 1757 6
2947 1703 3120 1774 ἥλιος,
3159 1702 3299 1765 ἀλλ’,
3343 1702 3627 1770 Ἐξῆλθεν
3667 1704 3774 1757 ἐπὶ

2163 1792 2280 1862 τὴν
2309 1791 2425 1864 γῆν
2445 1837 2462 1862 ,
2496 1794 2594 1850 καί
2677 1793 2808 1848 Λὼτ
2839 1793 3131 1864 εἰσῆλθεν
3158 1796 3248 1860 εὶς
3277 1793 3482 1863 Σηγώρ
3503 1811 3516 1824 ·
3559 1796 3620 1848 οὐ
3668 1795 3776 1867 τὴν

2165 1887 2435 1956 σφαῖραν,
2475 1885 2612 1940 ἀλλὰ
2646 1886 2747 1958 τὴν
2787 1889 3046 1959 καμάραν
3086 1887 3402 1958 βεϐαιοῦσα.
3454 1888 3566 1941 Καὶ
3600 1888 3773 1940 Δαϐἰδ

2166 1995 2332 2048 φησιν
2382 1979 2441 2033 ὲν
2501 1979 2826 2050 μελῳδίαιςο
2885 1979 3002 2032 Ἀπ’
3042 1978 3233 2048 ἄκρου
3276 1979 3383 2033 τοῦ
3430 1979 3695 2047 οὐρανοῦ
3728 1979 3770 2045 ἡ

2169 2069 2384 2135 ἔξοδος
2411 2069 2600 2124 αὑτοῦ
2619 2088 2632 2101 ’
2665 2071 2788 2141 οὐχὶ
2816 2070 2874 2124 δὲ
2915 2072 2948 2140 ὴ
2971 2069 3157 2134 ἄνοδος
3181 2089 3194 2101 ·
3227 2071 3338 2124 Kal
3370 2069 3438 2124 τὸ
3471 2069 3770 2134 κατάντη-

2164 2179 2250 2230 pa
2279 2161 2468 2216 αὑτοῦ
2498 2161 2610 2228 ἕως
2643 2161 2852 2230 ἄκρου,
2879 2163 3002 2233 οὐχὶ
3035 2162 3092 2215 δὲ
3124 2165 3157 2233 ή
3194 2162 3420 2227 κάθοδος
3456 2161 3619 2215 αὐτοῦ
3659 2162 3690 2231 ἢ
3733 2164 3768 2232 ἡ

2169 2252 2493 2316 κατάδυσιςο
2517 2253 2606 2307 ἵνα
2644 2254 2716 2326 μὴ
2756 2254 3214 2326 σφαιροκύλιστον
3248 2256 3566 2325 καταστήσῃ
3603 2254 3771 2306 αὑτὸν

2168 2343 2450 2398 διαθέοντα
2479 2362 2492 2375 ·
2525 2345 2619 2398 καὶ
2649 2345 2832 2410 πάλιν,
2874 2346 2985 2400 Καὶ
3015 2345 3221 2413 αὐτὸς,
3267 2346 3453 2416 φησὶν,
3493 2347 3572 2411 ὡς
3615 2363 3771 2414 νυμ-

2169 2436 2340 2504 φίος,
2378 2436 2512 2500 οὐκ,
2564 2437 2964 2508 ἀνερχόμενος,
3020 2437 3136 2491 ἀλλ’
3184 2438 3663 2507 ἐκπορευόμενος
3700 2438 3769 2490 ἐκ

2170 2527 2408 2583 παστοῦ
2445 2528 2652 2582 αὑτοῦ.
2708 2528 2882 2592 Αὐτὸς
2927 2529 3206 2599 θεηγορῶν
3253 2530 3283 2580 6
3331 2527 3558 2598 Κύριος,
3599 2529 3767 2582 Ἀπο-

2170 2619 2394 2686 στελεῖ,
2415 2621 2568 2690 φησι,
2596 2619 2740 2687 τοὺς
2773 2619 3071 2690 ἀγγέλους
3095 2620 3304 2684 αὐτοῦ,
3335 2620 3486 2689 μετὰ
3512 2619 3770 2688 σάλπιγ-

2169 2731 2276 2782 γος
2330 2712 2431 2768 καὶ
2485 2711 2690 2782 φωνῆς
2729 2711 3030 2782 μεγάλης,
3085 2712 3185 2766 καὶ
3234 2712 3579 2777 συνάξουσι
3624 2712 3769 2776 τοὺς

2169 2803 2494 2869 ἐκλεκτοὺς
2550 2804 2653 2858 ἀπ’
2703 2803 2892 2872 ἇκρου
2939 2803 3046 2858 τοῦ
3101 2803 3363 2873 οὐρανοῦ
3415 2803 3526 2871 ἕως
3579 2803 3769 2873 ἄκρου

2170 2895 2386 2950 αὑτοῦ.

2762 2965 3014 3019 uersu:
3043 2965 3159 3033 ιιθι.

2235 3055 2360 3121 Πῶς
2393 3051 2485 3111 οὖν
2518 3056 2665 3110 δύνει
2703 3059 2733 3112 6
2764 3059 2946 3129 ἥλιος,
2995 3061 3045 3113 εί
3080 3058 3154 3131 μὴ
3216 3059 3323 3113 ὑπὸ
3359 3061 3464 3128 γῆν
3503 3061 3764 3132 φέρεταις

2174 3151 2268 3204 καὶ
2286 3149 2368 3214 τίς
2398 3149 2561 3214 τόπος
2587 3151 2617 3202 ὁ
2646 3149 2746 3216 τὰς
2774 3152 3001 3215 ἀκτῖνας
3030 3152 3198 3207 αὑτοῦ
3228 3153 3470 3218 σκιάζων
3496 3171 3512 3220 ;

2787 3307 3144 3379 Ἀπόκρισις.

2255 3401 2630 3473 Ὠκυποδήσας
2679 3401 2750 3455 τά
2794 3401 3024 3473 οὐράνια
3051 3401 3330 3472 τέρματα,
3371 3402 3467 3456 καὶ
3499 3401 3605 3456 ὑπό
3642 3420 3768 3456 τινα

2173 3495 2352 3564 τοῖχον
2373 3533 2388 3555 ,
2419 3492 2482 3546 τὸ
2519 3491 2730 3564 βόρειον
2761 3493 3051 3564 γενόμενον
3079 3493 3250 3565 κλῖμα
3269 3532 3283 3556 ,
3319 3493 3768 3565 ὑπερανεστῶτος

2172 3583 2269 3638 τοῦ
2315 3583 2700 3638 Καππαδοκῶν
2745 3584 3013 3654 ἐδάφους,
3075 3585 3470 3650 ἁποσκιάζεται
3514 3585 3615 3656 μὲν
3663 3587 3770 3657 τὴν

2174 3675 2462 3747 ἀστραπὴν
2495 3674 2603 3728 τῶν
2635 3675 2873 3730 ἀκτίνων
2903 3678 3024 3739 ταῖς
3051 3674 3281 3746 λόχμαις
3317 3677 3409 3729 καὶ
3436 3678 3549 3739 τοῖς
3585 3676 3764 3738 ὕδασι,

2173 3767 2253 3838 τῷ
2285 3765 2681 3839 ὑπερτεροῦντι
2725 3765 2944 3838 πιεσμῷ
2975 3767 3069 3820 τοῦ
3103 3766 3503 3839 στερεώματος,
3534 3767 3762 3820 διακλω-

2177 3856 2356 3928 μένων
2381 3855 2490 3910 τῶν
2509 3855 2892 3929 μαρμαρυγῶν
2908 3855 3001 3909 ἐπὶ
3030 3855 3099 3910 τά
3123 3855 3348 3924 πλάγια,
3379 3857 3475 3910 καὶ
3503 3859 3566 3926 τῇ
3592 3857 3764 3926 ὑπερ-

2172 3952 2273 4021 οχῇ
2311 3952 2411 4020 τῆς
2458 3950 2655 4022 χέρσου
2691 3948 2794 4019 τὴν
2824 3948 3026 4018 φαῦσιν
3074 3949 3393 4020 εἰργόμενος
3419 3988 3434 4011 ,
3478 3949 3621 4002 κατὰ
3666 3949 3768 4019 τὴν

2176 4041 2601 4113 προεκδοθεῖσαν
2623 4042 2809 4096 είκόνα
2830 4041 2932 4112 τῆς
2965 4041 3093 4112 παρ’
3118 4043 3249 4113 ἡμῖν
3271 4041 3555 4109 λαμπάδος
3573 4059 3589 4071 ·
3624 4042 3762 4095 ἄνω-

2176 4134 2268 4188 θεν
2308 4134 2529 4206 τηγάνῳ
2568 4135 2821 4206 ὀστράκῳ
2864 4135 2972 4189 τινὶ
3018 4134 3113 4188 τοῦ
3162 4133 3370 4206 πυρσοῦ
3413 4135 3763 4204 πιεζομένου,

2178 4225 2272 4279 καὶ
2305 4224 2616 4298 ἔμπροσθέν
2661 4243 2769 4280 τινι
2816 4227 3175 4298 σκιαζομένου
3201 4266 3217 4291 ,
3251 4228 3344 4280 ἐπὶ
3379 4227 3442 4280 τὸ
3478 4227 3765 4298 ἐλεύθερον

2173 4316 2357 4370 λοιπὸν
2412 4317 2520 4372 τῶν
2569 4317 2816 4386 πλαγίων
2871 4320 2970 4390 τῆς
3012 4318 3397 4391 λαμπρότητος
3452 4320 3763 4390 χωρούσης.

2173 4409 2600 4481 Καταλαμϐάνει
2651 4402 2807 4474 οὗτος
2838 4413 2867 4464 ό
2919 4411 3146 4482 φωστὴρ
3178 4411 3277 4482 τὴν
3322 4412 3483 4482 ἑῴαν,
3519 4413 3766 4483 κρύϐδην

2173 4500 2446 4570 περιθέων
2479 4499 2542 4553 τὸ
2569 4499 2779 4573 βόρειον
2820 4501 2986 4572 μέρος
3009 4516 3023 4530 ·
3074 4503 3172 4556 καὶ
3209 4501 3421 4574 μάρτυς
3447 4505 3578 4574 ἡμῖν
3607 4504 3766 4570 ἁξιάο

2172 4607 2374 4658 γαστος
2419 4592 2449 4643 6
2493 4590 2602 4644 τῶν
2647 4590 2808 4646 θείων
2861 4592 3025 4662 σοφὸς
3074 4592 3343 4662 Σολομὼν.
3417 4595 3765 4649 Ἀνατέλλει

2170 4683 2300 4753 γὰρ,
2333 4685 2518 4754 φησὶν,
2552 4687 2584 4737 ὀ
2608 4683 2782 4753 ἥλιος
2811 4687 2907 4740 καὶ
2930 4685 3126 4741 δύνει·
3144 4688 3495 4742 ἀνατέλλων
3513 4691 3762 4757 πορεύε-

2169 4793 2265 4829 ται
2298 4775 2451 4829 κατὰ
2471 4775 2674 4844 δύσιν,
2699 4778 2796 4832 καὶ
2821 4776 3068 4833 κυκλῶν
3086 4780 3310 4833 κυκλοῖ
3330 4781 3481 4849 πρὸς
3499 4781 3758 4849 βορρᾶν,

2168 4865 2270 4919 καὶ
2304 4867 2392 4932 εὶς
2419 4866 2528 4920 τὸν
2576 4867 2762 4922 τόπον
2790 4870 2978 4924 αὑτοῦ
3007 4870 3190 4925 ἕλκει.
3230 4871 3422 4942 Ἀθρει
3453 4873 3509 4926 δὲ
3540 4871 3634 4927 οὖν
3662 4875 3766 4926 αὐ-

2169 4962 2261 5015 τὸν
2301 4961 2399 5032 τὴν
2450 4963 2798 5034 μεσημϐρίαν
2833 4965 3116 5020 διαθέοντα
3138 5006 3153 5029 ,
3187 4967 3283 5020 καὶ
3313 4968 3403 5022 τὸν
3434 4967 3634 5040 βορρᾶν
3663 4987 3763 5023 κυ-

2171 5050 2423 5118 κλοῦντα,
2452 5053 2540 5106 ἵνα
2572 5054 2974 5128 ἐμπροθέσμως
3003 5058 3095 5112 ἐπὶ
3127 5057 3268 5129 ἑῴας
3293 5059 3538 5131 γένηται.

2781 5149 3031 5202 ΠΕΥΣΙΣ
3066 5151 3144 5204 P'.

2243 5236 2303 5288 Ei
2341 5238 2620 5302 ἄπαυστος
2659 5239 2824 5293 αὐτοῦ
2870 5243 3018 5295 ἐστιν
3051 5243 3079 5296 6
3116 5243 3351 5315 δρόμος,
3404 5244 3521 5309 πῶς
3568 5246 3763 5317 θέροις

2173 5328 2272 5396 μὲν
2306 5331 2546 5399 μεγάλας
2586 5335 2718 5404 ἡμῖν
2745 5335 2844 5398 τὰς
2872 5334 3086 5406 ἡμέρας
3113 5336 3440 5407 ἐργάζεται,
3487 5338 3761 5409 χειμῶνος

2170 5418 2227 5472 δὲ
2270 5424 2600 5495 μικροτέρας
2623 5443 2638 5491 ;

2784 5499 3147 5570 Ἀπόκρισις.

2250 5583 2403 5637 Ἐπεὶ
2422 5585 2522 5639 οὐκ
2546 5588 2650 5641 ἀπὶ.
2682 5587 2774 5642 τοῦ
2805 5590 2968 5644 αὐτοῦ
2999 5593 3228 5663 κέντρου
3252 5593 3337 5646 ἀεὶ
3359 5593 3626 5665 πρόεισιν,
3642 5595 3759 5648 ἀλλ’

2775 5735 2816 5765 τ’
2862 5733 2990 5787 ibid.
3027 5734 3080 5790 6.
3159 5736 3204 5766 ⁷³
3245 5733 3433 5788 Matth.
3470 5748 3619 5797 xxiv,
3669 5732 3758 5790 5!.
