4112 6380
362 351 473 409 965

366 473 533 542 ἐγγὺς
561 470 658 542 τὴν
695 470 1043 542 μεσημϐρίαν
1087 473 1408 544 γενόμενος,
1457 476 1519 529 οὐ
1572 474 1671 547 τὴν
1717 475 1951 546 ὑψηλὴν,

368 568 504 622 ἀλλὰ
553 568 652 638 τὴν
692 566 931 635 πλαγίαν
972 567 1173 632 ἐλθὼν,
1224 569 1565 641 βραχυτέρας
1598 570 1699 632 τὰς
1743 569 1957 641 ἡμέρας

369 660 682 732 ἐργάζεται.
705 658 876 723 Δύνας
903 660 962 713 δὲ
984 659 1064 731 τῷ
1092 662 1244 731 ἄκρῳ
1268 661 1363 713 τοῦ
1391 662 1646 733 ἑσπερίου
1671 661 1953 731 κλίματος,

369 753 560 805 κυκλοῖ
580 752 668 804 διὰ
690 752 789 821 τῆς
816 752 1009 814 νυκτὸς
1035 754 1216 805 πᾶσαν
1257 754 1356 822 τὴν
1385 754 1537 808 δύσιν
1569 755 1663 807 καὶ
1699 755 1953 822 ΙἌρκτον,

369 844 463 894 καὶ
489 844 587 911 τὴν
619 841 780 911 έῴαν,
823 842 975 905 ὅπως
1011 842 1195 915 φθάσῃ
1240 844 1402 896 πάλιν
1436 845 1497 897 τὸ
1536 844 1703 914 ἄκρον
1730 845 1827 914 τῆς
1862 862 1957 914 με-

369 933 682 1004 σημϐρίας,
736 934 945 987 ἐκεῖθεν
994 934 1157 987 πάλιν
1208 936 1308 1006 τῆς
1363 937 1633 1008 ἡμερινῆς
1676 935 1956 1006 ὠκύτητος

368 1025 691 1097 ἀρχόμενος.
734 1025 897 1077 Ὅθεν
935 1027 1164 1090 εἰκότως
1203 1027 1491 1096 συμϐαίνει
1520 1028 1620 1096 τὴν
1648 1028 1819 1081 νύκτα
1848 1044 1955 1097 μη·-

370 1117 647 1177 κύνεσθαι,
679 1116 776 1187 τὴν
814 1117 871 1170 δὲ
901 1117 1116 1187 ἡμέραν
1151 1118 1538 1189 βραχύνεσθαι.
1566 1121 1734 1174 Ὅταν
1756 1121 1815 1174 δὲ
1848 1123 1957 1174 ἰσο-

369 1205 553 1276 μερῶς
606 1206 694 1258 διὰ
744 1206 906 1275 μέσου
959 1208 1253 1277 ἱππηλατεί
1281 1209 1374 1261 τὸν
1403 1210 1616 1277 αἰθέρα,
1666 1211 1955 1283 ἰσημερίαν

365 1297 677 1367 ἐργάζεται.
724 1299 929 1369 Θέρους
971 1299 1027 1353 δὲ
1064 1301 1227 1354 πάλιν
1270 1301 1458 1365 κλίνας
1500 1303 1593 1355 ἐπὶ
1635 1303 1696 1356 τὸ
1744 1303 1954 1373 βόρειον

366 1388 616 1457 ὑψοῦται,
642 1391 741 1458 τῆς
772 1390 869 1460 μὲν
901 1391 1095 1456 νυκτὸς
1128 1392 1555 1464 ὑφαιρούμενος,
1586 1397 1651 1465 τῇ
1683 1394 1738 1447 δὲ
1770 1396 1954 1469 ἡμέρᾳ

365 1480 785 1551 προστιθέμενος
805 1482 891 1534 διά
913 1482 1005 1535 τοῦ
1027 1484 1361 1556 βραχυτέρου
1382 1486 1443 1538 ἐν
1461 1488 1526 1557 τῇ
1554 1487 1707 1539 νυκτί
1723 1486 1949 1541 κύκλου.

377 1572 440 1623 Ἠ
465 1571 521 1623 δὲ
564 1572 781 1643 σελήνη,
822 1574 882 1626 οὐ
914 1574 1116 1628 τέλειον
1147 1577 1444 1647 μειουμένη
1476 1578 1777 1644 ἁλίσκεται,
1816 1579 1955 1633 ἀλλά

368 1664 647 1727 σκιάζεται
675 1663 769 1716 τοῦ
800 1664 983 1718 δίσκου
1012 1665 1152 1719 κατά
1187 1668 1374 1737 μέρος,
1408 1668 1501 1721 καὶ
1537 1670 1684 1723 ἔστιν
1714 1670 1951 1742 ἀθρῆσαι

366 1753 657 1821 φθίνουσαν
683 1755 853 1826 αὐτὴν
884 1756 980 1809 καὶ
1006 1756 1282 1827 λήγουσαν
1306 1758 1413 1811 ὑπὸ
1444 1759 1504 1812 τὸ
1538 1759 1699 1828 νέφος
1733 1760 1952 1825 σκιαζο-

368 1844 558 1912 μένην,
592 1838 702 1896 οἷον
745 1846 926 1899 εἰκόνα
961 1847 1426 1917 παραπετάσματι
1458 1848 1746 1919 βόμϐυκος.
1784 1850 1952 1905 Πάλιν

363 1936 408 1988 δ’
436 1937 921 2008 ὲπαμφιεννυμένη
950 1938 1012 1991 τὸ
1050 1940 1188 2007 φῶς,
1234 1941 1627 2012 συνελκομένου
1652 1942 1747 1996 τοῦ
1777 1962 1950 2015 παρα-

364 2026 752 2096 πληρώματος,
771 2027 925 2098 δίκην
955 2028 1224 2097 βασιλίδος
1242 2032 1508 2102 πρόεισιν,
1530 2036 1766 2107 ἐναργὴς
1787 2034 1951 2089 εἰκὼν

364 2117 685 2188 ὑπάρχουσα
705 2117 804 2187 τῆς
836 2118 1111 2190 ἡμετέρας
1141 2120 1377 2189 φύσεως,
1418 2126 1756 2197 γεννωμένη,
1802 2126 1953 2191 αὐξο-

368 2214 526 2283 μένη,
551 2212 926 2285 πληρουμένη,
962 2216 1241 2284 φθίνουσα,
1271 2218 1661 2289 ὲλαττουμένη,
1696 2219 1948 2283 δύνουσα,

364 2306 424 2357 οὐ
460 2306 640 2359 τέλεον
690 2307 747 2359 δὲ
786 2308 1155 2378 ἀπολλυμένη.
1208 2310 1611 2380 Παραπλησίως
1646 2313 1740 2365 καὶ¹
1792 2313 1952 2383 ἡμεῖς

284 2447 293 2455 ,
365 2398 703 2467 γεννώμεθα,
737 2398 994 2469 αὔξομεν,
1040 2399 1395 2470 πληρούμεθα
1424 2401 1482 2453 ὲν
1510 2402 1692 2471 γήρει,
1728 2402 1827 2456 εἴθ’
1858 2404 1953 2456 οὖ-

362 2504 471 2549 τως
497 2487 737 2558 λήγομεν
761 2492 826 2558 τῇ
854 2488 973 2559 ὥρᾳ
997 2490 1091 2558 τῆς
1111 2488 1307 2557 ὄψεως,
1344 2489 1601 2560 φθίνομεν
1630 2494 1697 2562 τῇ
1727 2493 1952 2565 εύχροίᾳ

364 2578 460 2630 καὶ
493 2578 718 2650 εὐανθίᾳ
764 2580 863 2649 τῆς
906 2582 1159 2650 παρειᾶς,
1212 2580 1273 2633 τὸ
1322 2581 1552 2652 ἐρυθρὸν
1582 2581 1948 2653 ὼχριώμενοι.

377 2668 776 2739 Ἐλαττούμεθα
805 2672 902 2741 τὴν
931 2671 1120 2742 ῥώμην
1160 2672 1255 2724 τοῦ
1284 2671 1554 2743 σώματος,
1594 2675 1950 2745 κυρτοϐατείν

365 2760 677 2829 ἀρχόμενοι,
709 2761 803 2813 καὶ
838 2762 1110 2833 βακτηρίᾳ
1136 2762 1535 2834 ύπερείδεσθαι,
1563 2766 1699 2835 πρὸς
1722 2767 1826 2835 γῆν
1866 2784 1953 2819 νε-

364 2849 637 2912 νευκότες,
659 2851 751 2903 καὶ
774 2851 862 2903 διὰ
884 2849 976 2903 τοῦ
1009 2853 1285 2922 σχήματος
1316 2852 1486 2922 αὐτὴν
1512 2855 1913 2925 μαρτυρόμενοι
1933 2873 1946 2886 °

376 2940 507 2992 Ἰδοὺ
545 2940 937 3012 παραγίνομαι.
999 2942 1337 3013 Θνήσκομεν,
1370 2944 1465 2996 καὶ
1506 2946 1585 3007 εἰς
1614 2946 1785 3017 αὐτὴν
1812 2948 1943 3000 ἀπο-

364 3031 602 3102 λήγομεν
635 3035 868 3104 σώματι,
904 3034 1007 3086 οὺκ
1052 3034 1414 3105 ἀπολλύμενοι
1450 3034 1742 3105 πνεύματι.
1792 3037 1952 3090 Ἀλλά

368 3125 565 3197 μικρὸν
606 3124 833 3196 ὓστερον
876 3125 936 3177 τὸ
968 3124 1232 3178 ἀποτεθὲν
1269 3126 1482 3195 ἱμάτιον
1534 3129 1635 3197 τῆς
1685 3127 1885 3199 σαρκὸς
1918 3130 1951 3200 ἡ

363 3218 510 3288 ψυχὴ
536 3217 697 3270 πάλιν
728 3217 1134 3288 περιϐάλλεται.
1167 3218 1239 3270 Ού
1264 3217 1373 3289 γὰρ
1398 3217 1511 3287 ἐγὼ
1536 3219 1598 3271 τὸ
1627 3220 1807 3291 σῶμα,
1836 3222 1951 3275 ἀλλ’

365 3309 477 3377 ἐγὼ
511 3310 664 3380 μὲνὴ
692 3309 857 3379 ψυχὴ,
877 3309 1009 3379 ἐμὸν
1040 3310 1095 3361 δὲ
1123 3308 1183 3361 τὸ
1211 3309 1369 3379 σῶμα
1399 3312 1492 3363 καί
1512 3311 1612 3363 ὅσα
1634 3311 1733 3382 τῆς
1755 3312 1950 3384 χέρσου

365 3399 666 3467 ὲκφύεται*
702 3399 822 3451 ὅθεν
848 3400 940 3452 καὶ
973 3398 1152 3454 τοῦτο.
1208 3399 1376 3452 Πάλιν
1413 3400 1468 3452 δὲ
1506 3400 1642 3471 μετὰ
1668 3402 1768 3472 τὴν
1801 3401 1954 3472 λῆξιν

364 3489 621 3557 γεννᾶται
650 3491 683 3559 ἡ
740 3488 968 3556 φαίναξ,
1017 3488 1181 3542 οἱονεὶ
1236 3489 1534 3545 ἀναϐιοῦσα
1553 3494 1620 3563 τῇ
1659 3491 1779 3561 ὄψει
1811 3510 1953 3565 παρ-

367 3581 654 3651 ισταμένη.
701 3580 857 3633 Ἐπεὶ
890 3581 983 3633 καὶ
1014 3582 1174 3651 ἡμεῖς
1201 3583 1259 3636 ὲν
1294 3582 1454 3654 τάφῳ
1494 3582 1755 3654 λήξαντες
1793 3586 1956 3640 πάλιν

365 3670 809 3741 ἀναστησόμεθα,
851 3671 1013 3723 οἱονεὶ
1037 3671 1511 3742 παλιγγενόμενοι,
1529 3674 1671 3727 κατά
1698 3676 1797 3746 τὴν
1829 3676 1956 3747 θεη-

366 3760 559 3831 γορίαν
586 3775 601 3789 ο
631 3759 819 3811 ’Ὀταν
840 3754 953 3812 οὖν
979 3758 1131 3827 ἔλθῃ
1166 3762 1197 3813 ό
1236 3759 1369 3824 Υἱὸς
1401 3759 1507 3812 τοῦ
1545 3759 1859 3829 ἀνθρώπου
1884 3762 1955 3815 ἐν

364 3851 440 3919 τῇ
463 3848 926 3921 παλιγγενεσία*
958 3850 1055 3921 τῆς
1082 3850 1432 3914 ἀναστάσεως
1455 3853 1487 3922 ή
1496 3850 1613 3922 μῶν
1643 3853 1734 3906 τὸν
1763 3854 1953 3925 καιρὸν

366 3943 432 3995 ἐκ
461 3941 651 3996 τούτου
682 3939 881 4011 δηλῶν.

439 4055 486 4087 ⁷³
526 4053 715 4109 Matth.
752 4067 867 4119 ιιι,
895 4051 993 4106 28.

1790 347 2132 404 DIALOGUS
2166 347 2252 409 Π.

3530 355 3638 415 966

2060 472 2156 529 sed
2192 487 2360 543 prope
2406 475 2689 531 meridiem
2737 475 3094 540 constitutus,
3150 489 3258 530 non
3302 474 3494 545 altam,
3536 477 3637 534 sed

2056 566 2331 635 obliquam
2368 566 2629 625 incedens
2656 568 2825 629 viam.
2862 569 3143 624 breviores
3182 569 3341 623 nobis
3385 569 3503 624 dies
3548 568 3636 623 ef-

2057 656 2189 710 ﬁcit.
2221 656 2490 713 Occidens
2530 674 2662 713 vero
2694 659 2775 713 in
2832 675 3049 714 summo
3100 659 3273 729 plagae
3314 661 3639 730 vespertina

2058 748 2231 803 ambit
2262 764 2359 817 per
2387 760 2605 805 noctem
2645 766 2865 806 omnem
2896 750 3238 805 occidentem
3261 792 3275 812 ,
3306 760 3359 805 et
3384 752 3635 817 Arctum,

2056 850 2109 895 et
2133 841 2425 905 orientem,
2459 858 2568 912 quo
2594 842 2880 912 perveniat
2908 858 3101 897 rursus
3124 844 3190 896 ad
3220 858 3494 898 summum
3522 859 3639 899 me-

2057 931 2237 999 ridiei,
2271 933 2397 988 inde
2427 949 2623 989 rursus
2652 932 2911 988 diurnum
2950 935 3184 989 celerem
3232 949 3457 990 cursum
3501 936 3640 990 inci-

2057 1025 2230 1093 piens.
2266 1025 2438 1091 Unde,
2469 1042 2569 1081 ceu
2608 1035 2847 1092 constat,
2906 1028 3108 1081 accidit
3148 1035 3205 1081 ut
3250 1044 3357 1081 nox
3398 1029 3638 1098 longior,

2055 1117 2172 1172 dies
2205 1132 2333 1173 vero
2364 1118 2583 1173 brevior
2615 1117 2901 1173 efﬁciatur.
2933 1118 3165 1184 Quando
3201 1135 3331 1174 vero
3355 1122 3641 1189 aequaliter

2055 1221 2152 1275 per
2197 1208 2435 1260 medium
2494 1209 2605 1277 agit
2661 1208 2899 1272 aethera,
2966 1209 3354 1276 aequinoctium
3404 1210 3635 1279 perﬁcit.

2054 1294 2268 1349 IEstate
2301 1310 2432 1349 vero
2468 1311 2665 1351 rursus
2700 1298 2768 1349 ad
2828 1298 3103 1351 borealem
3140 1314 3372 1368 vergens
3420 1301 3637 1369 plagam

2054 1386 2333 1453 elevatur;
2363 1403 2425 1441 ac
2452 1390 2599 1443 nocti
2643 1389 2862 1459 quidem
2910 1390 3111 1454 aufert,
3162 1391 3313 1445 addit
3356 1407 3489 1445 vero
3531 1393 3637 1444 diei

2055 1492 2153 1546 per
2185 1477 2489 1532 breviorem
2525 1480 2703 1533 noctis
2733 1480 3023 1534 circulum.
3087 1480 3240 1534 Luna
3293 1489 3475 1535 autem
3526 1494 3637 1534 non

2055 1581 2284 1636 prorsus
2308 1583 2404 1636 per
2435 1568 2870 1624 imminutionem
2911 1570 3144 1626 deficere
3181 1571 3635 1641 deprehenditur,

2056 1657 2152 1711 sed
2183 1674 2249 1713 ex
2290 1669 2444 1728 parte
2487 1660 2638 1714 orbis
2689 1660 3039 1715 inumbratur
3096 1681 3108 1715 :
3164 1662 3451 1731 ipsamque
3491 1661 3639 1730 aspi-

2056 1763 2181 1803 cere
2246 1748 2375 1803 licet
2440 1749 2851 1805 decrescentem
2912 1758 3078 1820 atque
3133 1749 3476 1804 deficientem
3534 1748 3643 1804 sub

2055 1840 2199 1895 nube
2224 1840 2596 1905 obscuratam,
2631 1857 2751 1911 qua:
2784 1842 2951 1897 veluti
2983 1850 3134 1897 veste
3160 1841 3491 1912 bombycina
3524 1855 3641 1894 rur-

2054 1948 2150 1987 sus
2179 1931 2368 1987 induta
2402 1932 2543 1997 luce,
2578 1941 2814 1987 attracto
2845 1933 3274 2003 complemento,
3327 1934 3504 1986 instar
3547 1946 3639 1987 re-

2051 2024 2191 2095 gina!
2216 2028 2480 2094 procedit.
2510 2024 2716 2094 Estque
2745 2025 2970 2081 evidens
2996 2026 3175 2095 imago
3201 2032 3404 2080 nostrae
3427 2034 3641 2080 natura

2054 2130 2309 2179 nascens,
2352 2130 2633 2180 crescens,
2678 2117 2874 2187 plena,
2918 2117 3269 2179 decrescens,
3322 2116 3637 2181 imminuta,

2052 2207 2332 2271 occidens,
2358 2223 2467 2261 non
2501 2216 2679 2263 tamen
2718 2225 2947 2278 prorsus
2974 2210 3327 2264 intercidens.
3362 2209 3641 2265 Consimi-

2056 2295 2178 2349 liter
2211 2303 2267 2349 et
2295 2310 2396 2350 nos
2425 2295 2732 2358 nascimur,
2766 2298 3070 2351 crescimus
3092 2340 3105 2364 ,
3139 2299 3205 2351 ad
3237 2299 3636 2367 plenitudinem

2052 2386 2337 2442 evadimus
2360 2386 2416 2440 in
2449 2394 2733 2441 senectute
2760 2405 2773 2440 :
2807 2388 2882 2440 ita
2914 2388 3109 2443 deinde
3132 2388 3420 2444 deﬁcimus
3449 2389 3639 2460 vigore

2054 2479 2235 2542 faciei,
2270 2478 2647 2533 decrescimus
2670 2478 2943 2547 elegantia
2972 2480 3196 2542 coloris,
3236 2489 3290 2534 et
3336 2481 3511 2550 gratia
3538 2479 3639 2535 ﬂo-

2056 2571 2131 2625 ris
2161 2572 2215 2624 in
2246 2570 2423 2635 vultu,
2458 2570 2643 2625 rubori
2676 2570 2941 2639 pallorem
2977 2571 3409 2626 introducentes.
3443 2572 3635 2625 Immi-

2052 2662 2274 2715 nuimur
2304 2662 2551 2732 corporis
2587 2663 2805 2727 robore,
2832 2662 3153 2731 incipientes
3179 2664 3436 2718 incedere
3457 2663 3638 2729 curvi,

2053 2762 2107 2809 et
2132 2754 2290 2807 inniti
2324 2754 2540 2816 baculo,
2572 2753 2639 2807 ad
2675 2764 2875 2808 terram
2908 2755 3188 2814 inclinari.
3216 2766 3269 2810 et
3305 2757 3424 2825 ipso
3447 2756 3640 2811 habitu

2054 2844 2226 2912 ipsam
2285 2844 2627 2899 obtestantes
2667 2842 2844 2897 :Ecce
2886 2844 3101 2898 adsum.
3146 2844 3432 2909 Moriinur,
3479 2855 3534 2902 et
3582 2847 3639 2900 in

2057 2935 2228 3004 ipsam
2254 2934 2559 2989 desinimus
2586 2949 2837 3003 corpore,
2874 2952 2984 2989 non
3018 2944 3199 2990 tamen
3250 2938 3640 2994 intercidentes

2056 3028 2276 3096 Spiritu,
2308 3028 2402 3082 sed
2434 3028 2597 3096 paulo
2622 3038 2745 3096 post
2772 3028 3023 3095 deposito
3068 3028 3256 3082 carnis
3301 3030 3467 3099 pallio
3512 3044 3638 3082 rur-

2055 3134 2152 3173 sus
2178 3120 2359 3173 anima
2382 3120 2630 3174 vestitur.
2658 3119 2782 3179 Non
2815 3120 2960 3173 enim
2993 3135 3092 3190 ego
3120 3137 3240 3175 sum
3272 3136 3474 3190 corpus
3495 3161 3510 3186 ,
3542 3120 3639 3177 sed

2055 3225 2155 3280 ego
2178 3209 2398 3280 quidem
2450 3211 2656 3274 anima,
2704 3224 2883 3263 meum
2938 3217 3120 3264 autem
3162 3210 3267 3264 hoc
3313 3226 3539 3282 corpus,
3586 3218 3643 3267 et

2057 3319 2402 3375 quaecunque
2428 3318 2491 3357 ex
2530 3313 2674 3358 terra
2708 3310 3013 3357 nascuntur
3044 3321 3056 3357 :
3094 3304 3238 3358 unde
3271 3311 3325 3357 et
3367 3305 3469 3359 hoc
3515 3320 3643 3360 rur-

2058 3412 2155 3453 sus
2183 3405 2305 3466 post
2336 3397 2617 3451 interitum
2648 3395 2917 3459 nascitur,
2948 3401 3008 3449 ut
3036 3394 3169 3448 luna
3194 3410 3315 3465 qua:
3344 3395 3510 3449 veluti
3552 3411 3641 3450 re-

2051 3489 2345 3552 viviscens,
2369 3486 2470 3542 sub
2495 3498 2775 3557 aspectum
2798 3486 3055 3543 omnibus
3078 3487 3249 3541 venit.
3275 3486 3641 3559 Quandoqui-

2053 3581 2175 3637 dem
2202 3589 2256 3637 et
2285 3596 2389 3637 nos
2416 3582 2469 3635 in
2503 3580 2759 3650 sepulcro
2814 3580 3178 3646 intereuntes,
3225 3596 3424 3636 rursus
3454 3597 3643 3636 resur-

2053 3688 2267 3744 gemus,
2300 3674 2454 3742 quasi
2492 3671 2668 3726 renati
2695 3671 3000 3726 secundum
3039 3671 3269 3726 verbum
3323 3670 3459 3725 illud
3497 3671 3641 3726 divi-

2056 3780 2187 3820 num
2221 3763 2484 3828 :Quaudo
2530 3764 2723 3816 venerit
2769 3760 2949 3815 Filius
2986 3761 3216 3816 hominis
3252 3762 3307 3816 in
3361 3778 3640 3831 regenera-

2057 3858 2196 3910 tione
2221 3856 2308 3909 πε
2353 3870 2461 3926 quo
2491 3864 2696 3912 nostra:
2736 3853 3167 3909 resurrectionis
3213 3862 3430 3924 tempus
3469 3852 3642 3923 signi-

2058 3948 2270 4003 ficatur.

364 4211 3628 4242 —-—————_—_‘_-————_—___—-——

773 4332 1323 4421 ΔΙΑΛΟΓΟΣ
1412 4335 1500 4419 BI

958 4562 1205 4616 ΠΕΥΣΙΣ
1233 4563 1358 4617 ΡΑ’.

453 4650 669 4723 Ἐπειδὴ
693 4652 1006 4725 ἡκούσαμὲν
1038 4671 1130 4707 σου
1154 4654 1281 4725 χθὲς
1311 4654 1447 4725 πρὸς
1475 4652 1602 4717 τοὺς
1630 4653 1946 4724 ἐρωτήσαν-

371 4757 471 4805 τας
500 4742 762 4808 εἰπόντος,
794 4743 998 4813 ἄψυχον
1030 4740 1288 4815 εἶναιτὴν
1319 4745 1423 4813 γῆν
1444 4761 1457 4775 ·
1495 4744 1543 4796 εί
1573 4744 1779 4815 ἄψυχός
1814 4746 1951 4810 ἐστι,

374 4833 492 4896 πῶς
524 4835 798 4905 ἀπογεννᾷ
831 4836 902 4888 τὰ
933 4835 1184 4907 ἔμψυχα,¹
1217 4836 1365 4906 βοῦν,
1406 4838 1695 4911 πρόϐατον,
1743 4836 1952 4904 λέοντα,

372 4925 662 4997 δράκοντα,
697 4928 791 4979 καὶ
820 4927 887 4980 τὰ
915 4927 1039 4997 ἑξῆς
1062 4928 1193 4999 γένη
1226 4927 1438 4999 κτηνῶν
1460 4929 1556 4983 καὶ
1583 4929 1827 5000 ἑρπετῶν
1863 4930 1957 4983 καὶ

374 5016 578 5087 θηρίων
602 5018 695 5070 καὶ
718 5017 826 5071 τῶν
861 5018 1063 5072 λοιπῶν
1085 5036 1099 5084 ;

971 5110 1330 5178 Ἀπόκρισις.

446 5197 613 5251 Οὐδὲν
669 5198 904 5263 τούτων,
954 5198 1195 5270 ἔμψυχον
1241 5201 1346 5271 γῆν
1402 5219 1484 5255 σοι
1536 5202 1952 5257 ἀποδείκνυσιν·

374 5290 499 5343 ἐπεὶ
538 5289 712 5354 οὕτως
742 5290 987 5361 δώσομεν
1038 5292 1255 5354 πάντως
1283 5293 1378 5344 καὶ
1407 5293 1507 5363 τὴν
1536 5290 1780 5363 ἄμπελον
1817 5292 1954 5363 μετά

373 5384 480 5437 τῶν
512 5382 751 5454 βοτρύων
794 5382 1267 5438 ὑπολανθάνουσαν
1289 5425 1303 5451 ,
1337 5383 1549 5455 ἁθρόως
1589 5383 1911 5455 ἀναδοθῆναι
1937 5401 1949 5413 ·

374 5478 475 5531 καὶ
519 5476 610 5530 τὸν
661 5476 878 5544 φοίνικα
926 5475 1123 5547 καρπῷ
1177 5478 1359 5547 πλήρη
1408 5476 1688 5544 ύποφύντα
1737 5479 1802 5547 τῇ
1858 5478 1950 5547 γῇ,

375 5568 589 5638 ἀθρόως
625 5568 971 5637 ἀναπηδῆσαι
999 5567 1139 5638 πρὸς
1180 5568 1279 5634 τὴν
1311 5568 1635 5637 ὲκφάνειανσ
1677 5567 1823 5639 ἢτὸν
1857 5586 1956 5620 πυ-

376 5661 469 5733 ρὸν
502 5661 614 5731 (⁵54)
661 5662 840 5731 πλήρη
891 5661 1094 5731 στάχην
1136 5661 1230 5713 καὶ
1275 5660 1411 5730 πρὸς
1461 5660 1671 5731 ἀμητὸν
1714 5660 1953 5731 ἕτοιμον,

456 5817 565 5886 [34)
604 5814 820 5882 Πινρόν.
854 5812 1018 5867 Forte
1048 5811 1254 5883 πυρῶν.
1286 5810 1440 5867 EDIT.

2426 4318 3024 4411 DIALOGUS
3120 4324 3257 4412 Il.

2446 4626 2449 4629 _
2517 4553 3039 4613 INTERROGATIO
3080 4556 3165 4613 Cl.

2126 4646 2583 4716 Quandoquidem
2640 4649 2953 4704 audivimus
3007 4650 3126 4705 heri
3174 4658 3229 4705 te
3281 4651 3350 4705 ad
3404 4667 3499 4709 eos
3542 4654 3639 4725 qui

2057 4741 2449 4809 quaesiverant.
2488 4740 2788 4806 dicentem,
2831 4742 3191 4796 inanimatam
3226 4758 3350 4799 esse
3396 4751 3638 4813 terram;

2058 4836 2103 4887 si
2138 4833 2383 4886 inanima
2405 4839 2514 4895 est,
2546 4833 2823 4902 quomodo
2864 4842 3090 4903 generat
3114 4834 3378 4900 animata,
3420 4835 3637 4906 bovem,

2058 4939 2237 4988 ovem,
2274 4924 2513 4988 leonem,
2557 4924 2853 4979 draconem
2903 4932 2959 4978 et
2996 4933 3196 4979 caetera
3227 4940 3429 4997 genera
3472 4942 3640 4997 peco-

2057 5032 2201 5082 rum,
2234 5023 2290 5072 et
2320 5016 2622 5089 reptilium,
2662 5026 2717 5072 et
2752 5016 3096 5072 bestiarum?

2690 5108 2995 5178 Responsio.

2127 5196 2273 5251 Nihil
2307 5198 2501 5253 horum
2532 5199 2830 5254 animatam
2863 5208 3066 5255 terram
3099 5214 3224 5257 esse
3258 5200 3638 5258 demonstrat:

2058 5291 2329 5361 siquidem
2362 5290 2466 5346 hoc
2500 5293 2662 5348 modo
2712 5294 3083 5349 concedemus
3123 5295 3352 5349 omnino
3383 5303 3436 5350 et
3476 5295 3638 5350 vitem

2058 5398 2182 5436 cum
2223 5381 2400 5437 botris
2439 5382 2877 5452 delitescentem,
2927 5384 3219 5441 confestim
3266 5386 3535 5456 proferri;
3584 5396 3641 5441 et

2061 5473 2297 5544 palmam
2330 5472 2582 5527 arborem
2614 5472 2853 5529 fructum
2882 5476 3104 5545 plenum
3136 5477 3505 5547 proferentem
3536 5477 3643 5533 sub

2063 5574 2209 5618 terra
2256 5578 2382 5618 mox
2430 5564 2655 5619 exsilire
2694 5572 2754 5618 ut
2805 5575 3102 5636 appareat;
3145 5576 3238 5621 aut
3294 5579 3349 5621 tu
3393 5568 3640 5621 triticum

2064 5656 2279 5726 plenam
2309 5654 2516 5727 spicam
2542 5662 2596 5711 et
2630 5654 2698 5711 ad
2736 5670 2973 5714 messem
3005 5664 3256 5728 paratam
3286 5658 3484 5715 subtus
3512 5671 3643 5729 prc-
