4112 6380
483 319 592 377 967

491 444 704 510 tendat,
737 457 1044 512 rursusque
1075 441 1263 498 divino
1290 449 1566 514 pmcepto
1601 441 1834 498 oriatur.
1872 440 2078 499 Verum

492 551 603 593 non
652 535 815 590 habet
855 536 1124 590 rationem
1159 535 1483 590 similitudo.
1521 533 1654 588 Nam
1691 535 1736 589 si
1784 543 1926 590 terra
1962 537 2081 590 ani-

491 635 640 683 mata
684 643 753 681 ex
793 643 858 681 eo
896 634 1000 692 est,
1055 627 1200 696 quod
1242 627 1481 681 animata
1529 626 1760 696 profert,
1804 643 1864 682 se
1901 627 2077 697 ipsam

493 719 676 770 anima
697 717 963 772 destituit.
999 716 1132 770 Nam
1161 717 1256 786 qui
1281 717 1520 770 animam
1545 716 1749 781 educit,
1787 716 1902 770 sive
1921 731 2076 771 suam

491 806 607 860 sive
640 805 900 874 proximi,
938 813 1193 860 mortuus
1221 805 1448 859 omnino
1478 812 1532 858 et
1560 804 1830 859 exanimis
1854 812 1961 869 est,
1993 804 2078 858 vi-

491 898 655 954 talem
687 912 914 952 causam
948 898 1206 965 eiiciens.

951 985 1479 1042 INTERROGATIO
1518 987 1630 1041 Cll.

559 1081 703 1138 Num
736 1082 926 1154 igitur,
968 1079 1414 1151 quandoquidem
1452 1080 1707 1135 homines
1741 1079 1981 1134 viventia
2018 1087 2078 1135 et

488 1175 731 1230 animata
761 1181 1048 1244 generant,
1083 1171 1235 1228 edito
1260 1172 1316 1226 in
1346 1171 1524 1226 lucem
1555 1172 1766 1228 infante
1799 1173 2077 1230 inanimus

486 1267 716 1322 relictus
745 1265 866 1320 est?

1127 1357 1440 1427 Responsio.

557 1446 767 1505 Verum
800 1450 936 1504 nihil
968 1451 1119 1505 aliud
1146 1467 1311 1521 quam
1342 1466 1609 1521 organum
1633 1450 1797 1506 homo
1823 1461 2075 1522 generat,

483 1544 724 1597 animam
770 1551 954 1598 autem
1003 1544 1246 1598 immittit
1288 1545 1450 1600 Deus.
1499 1543 1782 1615 Nusquam
1826 1545 1973 1600 enim
2019 1546 2076 1600 in

487 1632 776 1701 Scriptura
805 1633 1011 1688 dictum
1043 1642 1167 1688 est:
1204 1633 1477 1689 Producat
1503 1634 1701 1689 mulier
1719 1634 1958 1690 animam
1993 1640 2078 1691 vi-

487 1732 739 1792 ventem;
796 1741 974 1796 neque
1018 1727 1164 1796 quod
1217 1725 1328 1780 Eva
1379 1727 1718 1797 concipiens,
1775 1736 1870 1782 aut
1912 1727 2071 1792 Sara,

485 1824 580 1869 aut
630 1815 908 1871 Elisabela
960 1817 1287 1887 produxerit
1335 1817 1600 1883 animam,
1647 1817 1742 1872 sed
1791 1820 1935 1888 quod
1982 1835 2075 1888 ge-

485 1907 672 1960 nuerit
728 1906 994 1961 infantem
1045 1921 1296 1976 puerum.
1342 1905 1455 1962 Cur
1491 1909 1786 1978 caeteroqui
1823 1908 2076 1979 plurima

487 2004 693 2052 matres
727 2003 995 2066 generant
1029 1997 1144 2051 sola
1175 2011 1433 2067 corpora,
1465 1997 1648 2053 anima
1681 1998 1968 2062 destituta,
1997 2001 2076 2056 si-

483 2088 704 2155 quidem
737 2096 990 2158 poterant
1039 2089 1340 2144 animatum
1380 2090 1685 2160 producere
1713 2090 1928 2147 fetum?
1967 2093 2074 2147 Aut

485 2196 655 2250 quare
688 2181 856 2236 letum
905 2189 1182 2236 mortuum
1231 2182 1427 2246 enim,
1479 2198 1649 2254 super
1695 2199 1763 2239 eo
1800 2184 1987 2254 lugent
2019 2192 2074 2238 et

485 2275 725 2344 plorant,
765 2281 820 2330 et
857 2290 970 2329 non
1022 2291 1149 2329 mox
1205 2276 1443 2329 animam
1485 2277 1682 2330 indunt
1731 2287 1995 2332 mortuo:
2025 2279 2072 2332 si

485 2367 706 2436 quidem
730 2366 914 2422 denuo
942 2366 1024 2424 ias
1054 2376 1173 2422 erat
1195 2368 1434 2422 animam
1467 2369 1766 2438 generare?
1788 2367 2074 2436 Quomodo

482 2472 616 2513 vero
645 2457 880 2532 quodvis
918 2459 1224 2513 animatum
1259 2460 1408 2514 ferro
1434 2459 1736 2516 dissectum
1770 2470 1865 2516 aut
1899 2463 2074 2516 lania-

485 2555 628 2613 tum,
658 2566 785 2604 mox
821 2551 1145 2623 sanguinem
1176 2550 1460 2622 profundit
1485 2553 1662 2608 instar
1694 2556 1978 2614 torrentis.
2017 2561 2074 2609 et

482 2642 917 2711 circumquaque
982 2643 1258 2697 rubel'acit
1320 2643 1674 2713 subjectum?
1747 2653 1892 2700 terra
1941 2661 2072 2700 vero

484 2743 639 2788 arata
669 2735 1000 2805 pastinoque
1027 2737 1291 2801 dissecta,
1317 2747 1371 2792 et
1404 2737 1459 2791 in
1484 2745 1706 2807 puteum
1737 2738 1935 2794 cll‘ossa
1961 2754 2070 2793 non

481 2825 706 2890 clamat,
758 2843 866 2880 non
919 2827 1097 2881 reddit
1147 2829 1492 2898 sanguinem,
1527 2843 1634 2882 non
1685 2828 1905 2891 ruhelit,
1960 2845 2070 2883 non

483 2919 816 2973 contradicit
862 2920 1309 2989 percussoribus,
1369 2930 1429 2974 ut
1475 2921 1717 2974 animata
1757 2921 1940 2975 omnia
1981 2937 2072 2974 so-

484 3009 637 3064 lent?
685 3009 973 3076 Quomodo
1037 3026 1168 3065 vero
1224 3011 1412 3066 allium
1469 3020 1524 3066 et
1579 3026 1746 3081 cepte,
1811 3019 1906 3064 aut
1954 3014 2073 3065 aliae

484 3101 686 3170 planta
718 3101 895 3154 cultro
923 3100 1003 3156 vel
1030 3100 1166 3156 i‘alce
1200 3109 1495 3172 amputata:
1524 3103 1790 3172 sanguine
1811 3118 1918 3156 non
1949 3118 2074 3172 per-

486 3190 815 3254 funduntur,
850 3193 894 3245 si
927 3193 1145 3261 quidem
1183 3193 1437 3246 animata:
1466 3200 1597 3247 sunt
1631 3192 1930 3247 secundum
1960 3193 2075 3246 Ma-

485 3279 732 3334 nichmos
762 3281 1088 3351 vaniloquos
1115 3289 1168 3335 et
1212 3281 1432 3345 stultos,
1467 3281 1560 3351 qui
1594 3280 1812 3336 fetidarn
1843 3282 2074 3336 maledi-

484 3372 723 3426 centiam
781 3371 836 3426 in
889 3371 1006 3428 suis
1057 3371 1348 3428 animabus
1414 3372 1852 3428 circumferunt?
1899 3372 2073 3431 Omne

485 3471 670 3518 autem
699 3464 1003 3518 animatum
1027 3471 1307 3518 terrenum
1338 3473 1392 3520 et
1420 3466 1693 3520 marinum
1721 3468 1946 3522 omnino
1967 3469 2073 3522 crit

485 3564 538 3609 et
589 3558 914 3626 sanguinem
962 3555 1192 3614 habens.
1234 3554 1354 3610 Non
1412 3544 1588 3627 igitur.
1635 3559 1875 3612 animata
1923 3567 2070 3613 terra

482 3657 612 3711 est,
676 3664 856 3718 neque
902 3649 1204 3720 quidquam
1274 3649 1627 3720 plantarum,
1693 3657 1788 3704 aut
1835 3651 2078 3713 luminao.

488 3739 652 3792 rium.
693 3738 976 3810 Nusquam
1025 3739 1168 3795 enim
1206 3739 1273 3794 de
1313 3739 1400 3794 his
1447 3739 1623 3810 inquit
1652 3740 1846 3811 pagina
1889 3756 2066 3805 sacra,

484 3829 631 3899 quod
671 3831 1018 3899 inspiraverit
1053 3830 1187 3900 ipsis
1214 3828 1402 3884 ﬂatum
1429 3830 1574 3893 vitae,
1611 3832 2067 3901 quemadmodum

485 3922 665 3988 inquit
697 3922 765 3976 de
789 3923 1032 3977 homine.
1068 3922 1228 3976 Absit
1276 3921 1443 3992 igitur
1484 3937 1514 3975 a
1563 3930 1616 3978 te
1657 3924 1844 3992 procul
1883 3938 2068 3993 quaeso

483 4011 703 4068 illorum
747 4011 1018 4066 dementia
1062 4019 1116 4066 et
1147 4011 1420 4066 delirium.
1457 4008 1630 4066 Omne
1677 4012 1822 4065 enim
1867 4012 2069 4065 animal

487 4101 594 4156 sibi
635 4103 814 4157 simile
841 4110 1089 4173 generat,
1132 4103 1232 4156 bos
1267 4102 1482 4164 bovem,
1517 4101 1774 4156 similiter
1796 4111 1853 4158 et
1893 4117 2069 4172 equus

485 4206 710 4262 equum,
753 4199 808 4246 et
847 4206 1066 4261 caprea,
1097 4199 1151 4245 et
1180 4191 1358 4261 tigris,
1393 4198 1446 4245 et
1477 4190 1742 4245 oneribus
1781 4193 2067 4262 portandis

486 4283 760 4338 destinata
808 4283 1077 4352 jumenta,
1136 4283 1435 4352 bestiaeque
1486 4283 1823 4351 crudivorae,
1881 4301 2072 4339 unum-

486 4375 768 4445 quodlibet
806 4389 960 4430 suam
1021 4383 1271 4429 naturam
1325 4389 1556 4444 eamque
1609 4375 1782 4430 solam
1821 4384 2064 4446 generat.

484 4466 773 4533 Quomodo
824 4467 990 4537 igitur
1030 4476 1175 4521 terra
1221 4481 1346 4521 cum
1391 4466 1554 4524 unius
1595 4475 1808 4522 naturae
1855 4467 1947 4530 sit,
1986 4475 2070 4522 tot

485 4564 651 4629 queat
698 4558 909 4612 animas
964 4571 1224 4624 generare
1279 4555 1504 4612 alterius
1558 4557 1775 4626 generis
1819 4565 1875 4611 et
1931 4557 2066 4611 ina:-

484 4648 730 4718 qualium
773 4647 1112 4710 animalium,
1154 4647 1261 4702 nisi
1307 4647 1493 4701 divino
1538 4649 1797 4704 mandato
1844 4649 2064 4703 anima-

481 4745 679 4793 rentur
729 4753 852 4809 qua:
887 4737 1014 4792 inde
1058 4737 1479 4808 producuntur?
1516 4738 1803 4805 Quomodo
1843 4754 1973 4794 vero
2012 4747 2067 4795 et

479 4843 642 4900 aqua:
670 4830 843 4885 eidem
878 4829 1064 4883 divino
1090 4829 1270 4900 jussui
1301 4829 1570 4898 obnoxiae,
1597 4846 1722 4886 cum
1757 4831 1868 4888 sint
1901 4833 2066 4889 unius

487 4930 697 4976 natura:
726 4921 907 4976 mollis
936 4930 990 4975 et
1020 4920 1199 4986 ﬂuxas,
1227 4922 1511 4977 innumera
1531 4938 1730 4994 genera
1756 4925 2064 4979 natatiiium

483 5015 872 5079 animatorum,
930 5022 1364 5084 caeterorumque
1425 5023 1478 5068 et
1536 5015 1766 5070 aliorum
1831 5016 2064 5085 piscium

485 5101 967 5172 eartilagineorum
995 5103 1048 5155 in
1073 5116 1184 5155 uno
1212 5101 1477 5171 temporis
1500 5112 1775 5157 momento
1804 5103 2068 5160 consimi-

485 5193 610 5246 liter
658 5209 781 5246 cum
836 5203 981 5248 terra
1026 5194 1419 5248 excreverunt?
1475 5193 1594 5260 Qui-
1637 5210 1724 5248 res
1790 5195 1971 5249 mollis
2011 5202 2066 5250 et

483 5283 647 5340 ﬂuida
680 5285 938 5356 produxit
967 5300 1200 5356 corpora
1231 5285 1492 5349 animata,
1525 5285 1810 5356 solidaque
1844 5297 1894 5342 et
1930 5286 2066 5356 lapi-

482 5379 608 5443 dea,
636 5379 688 5432 in
737 5379 936 5451 abysso
974 5377 1263 5440 ﬂuitantia,
1307 5378 1589 5448 adazquata
1639 5380 1914 5435 montibus
1949 5395 2065 5434 ma-

483 5472 788 5541 gnitudine,
816 5472 1125 5541 cujusmodi
1154 5477 1282 5526 sunt
1312 5471 1520 5540 phocae,
1550 5472 1791 5534 balaenze,
1819 5474 2058 5541 priones,

483 5563 661 5631 gauri,
691 5573 821 5626 etc.,
855 5563 1137 5617 horribilia
1178 5564 1325 5618 dictu
1353 5574 1405 5617 et
1432 5572 1654 5632 aspectu
1693 5566 1746 5616 in
1783 5563 2056 5633 profundo

457 5653 738 5723 _degentia
771 5657 1050 5720 animalia,
1085 5673 1318 5728 quorum
1356 5672 1460 5710 non
1492 5663 1576 5710 est
1601 5655 1888 5724 prasentis
1919 5662 2056 5707 tem-

550 5788 664 5862 (55)
710 5791 1054 5868 Ἐξέῤῥωσε.
1080 5792 1240 5848 Forte
1281 5792 1587 5865 ἐξέρρευσε.
1622 5790 1778 5846 Enir.

1576 319 1633 378 S.
1670 321 1973 378 CESARII
2008 321 2343 380 GREGORII
2372 325 2671 383 FRATRIS

2185 445 2586 518 ὑποκεχῶσθαι,
2617 450 2714 503 καὶ
2741 443 2901 513 αὖθις
2926 447 3005 519 τῷ
3039 449 3170 521 θείῳ
3211 450 3596 522 προστάγματι
3633 454 3768 507 dva-

2181 537 2450 592 τείλαντα.
2504 539 2645 593 Ἀλλ’
2683 541 2785 594 οὐκ
2822 539 2935 611 ἔχει
2966 540 3124 608 λόγον
3167 542 3202 612 ὴ
3234 542 3527 613 παροιμία.
3567 543 3769 616 Ειγὰρ

2181 628 2422 702 ἔμψυχος
2446 633 2480 702 ἡ
2509 631 2705 702 χέρσος
2730 633 2794 686 ὲκ
2821 631 2915 686 τοῦ
2936 633 3247 703 ἀποϐρᾶσαι
3271 635 3340 690 τά
3368 633 3611 705 ἔμψυχα,
3634 637 3764 709 Em-

2183 737 2283 790 μον
2321 717 2413 775 οὖν
2441 723 2642 794 ἑαυτὴν
2673 724 2932 778 κατέλιπε
2961 724 3062 792 τῆς
3084 724 3282 796 ψυχῆς.
3325 726 3384 778 '0
3422 726 3532 799 γὰρ
3555 727 3767 796 ἐξάγων

2177 813 2375 885 ψυχὴν,
2405 815 2514 867 εἴτε
2540 813 2640 886 τὴν
2669 816 2958 886 σφετέραν.
2977 818 3087 870 εἴτε
3115 817 3208 871 τοῦ
3247 817 3436 882 πέλας,
3464 821 3654 891 νεκρὸς
3671 821 3766 876 καὶ

2179 902 2385 973 ἄψυχος
2409 904 2627 968 πάντως
2656 904 2914 975 ὑπάρχει,
2942 905 3004 958 τὸ
3032 905 3262 970 ζωτικὸν
3293 907 3466 961 αἴτιον
3495 907 3761 964 ἐκϐαλών.

2771 994 2860 1047 [1E
2873 992 3017 1047 ΥΣΙΣ
3044 994 3165 1049 PB’.

2249 1083 2314 1136 Τί
2335 1078 2466 1150 οῦν;
2509 1083 2700 1154 ἐπειδὴ
2745 1083 3025 1156 ἅνθρωποι
3064 1084 3242 1150 ζῶντα
3283 1085 3378 1139 καὶ
3404 1086 3622 1158 ἔμψυχα
3646 1105 3768 1156 γεν-

2177 1175 2343 1230 νῶσιν
2366 1216 2381 1238 ,
2433 1171 2544 1248 ἆρα
2591 1174 2944 1248 προελθόντος
2983 1176 3080 1230 τοῦ
3123 1177 3356 1250 βρέφους
3396 1179 3602 1250 ἄψυχος
3630 1198 3768 1236 ut-

2165 1267 2400 1338 τλείφθη
2424 1284 2440 1333 ;

2789 1363 3145 1430 Ἀπόκρισις.

2263 1452 2403 1506 Ἀλλ’
2429 1454 2460 1506 ὸ
2496 1451 2784 1524 ἄνθρωπος
2811 1453 3046 1525 ὄργανον
3073 1454 3260 1524 γεννᾷ,
3285 1453 3386 1525 τὴν
3413 1455 3470 1508 δὲ
3494 1455 3674 1528 ψυχὴν
3701 1456 3765 1510 τὸ

2176 1544 2332 1598 Θεϊον
2369 1543 2594 1616 ἐνίησιν.
2627 1545 2854 1598 Οὐδέπω
2881 1544 2991 1616 γὰρ
3017 1548 3085 1617 τῇ
3120 1545 3308 1618 Γραφῇ
3344 1547 3560 1618 εἴρηται
3581 1565 3597 1580 ο
3642 1549 3762 1612 Ἐξ.

2178 1637 2433 1706 αγαγέτω
2455 1638 2489 1707 ἡ
2516 1637 2652 1707 γυνὴ
2679 1636 2864 1707 ψυχὴν
2900 1635 3080 1700 ζῶσαν
3104 1653 3120 1672 ο
3158 1638 3268 1691 οὐδ’
3303 1638 3386 1690 ὅτι
3419 1638 3760 1693 συλλαϐοῦσα

2177 1727 2310 1793 Εὔα,
2340 1728 2374 1800 ἢ
2414 1729 2622 1799 Σάρρα,
2658 1729 2692 1799 ἢ
2717 1727 3001 1781 Ἐλισάδετ
3032 1727 3270 1799 ἐξήγαγε
3295 1728 3492 1798 ψυχὴν,
3536 1729 3650 1783 ἀλλ’
3676 1731 3765 1785 ὅτι

2175 1820 2432 1890 ιγέννησε
2482 1817 2711 1872 παιδίον.
2772 1817 2926 1871 Διατί
2968 1817 3025 1870 δὲ
3065 1818 3174 1890 ἄρα.
3227 1819 3475 1870 πλεῖσται
3525 1819 3763 1887 μητέρες

2173 1908 2349 1979 ψυχῆς
2391 1907 2572 1980 ἔρημα
2615 1905 2914 1960 άποκύουσι
2961 1906 3098 1975 μόνα
3128 1905 3200 1960 τά
3227 1905 3477 1975 σώματα,
3508 1907 3665 1977 εἴπερ
3689 1903 3764 1978 ἦν

2174 1999 2364 2061 αὐταῖς
2394 1998 2619 2051 δυνατὸν
2652 1996 2894 2068 ἔμψυχον
2930 1996 3194 2050 ἀποκύειν
3222 1998 3283 2050 τὸ
3312 1996 3584 2068 ἐμϐρυονς
3618 1998 3766 2051 διατι

2173 2092 2229 2145 δὲ
2255 2089 2695 2163 νεκροτοκοῦσαι,
2726 2088 3095 2144 ὲπικωκύουσι
3124 2091 3218 2142 καὶ
3253 2089 3631 2160 ὀλοφύρονται,
3661 2091 3765 2145 καὶ

2178 2181 2251 2253 μὴ
2285 2179 2440 2246 αὖθις
2487 2182 2586 2252 τὴν
2612 2179 2789 2252 ψυχὴν
2833 2179 2910 2251 τῷ
2935 2180 3115 2252 νεκρῷ
3148 2181 3474 2245 ὲντιϐἑασιν,
3498 2183 3655 2254 εῐπερ
3689 2177 3764 2253 ἦν

2173 2274 2361 2336 αὑταῖς
2392 2271 2608 2341 θεμιτὸν
2634 2271 2815 2341 ψυχὴν
2835 2271 3139 2341 άπογεννᾷν
3162 2287 3178 2336 ;
3212 2271 3330 2332 πῶς
3361 2270 3420 2324 δὲ
3448 2271 3765 2342 παντδςὲμ-

2171 2364 2342 2435 ψύχου
2379 2364 2583 2434 σιδήρῳ
2610 2363 2947 2433 τεμνομένου
2997 2361 3030 2432 ἢ
3059 2360 3470 2431 ἁμυσσομένου,
3502 2357 3657 2423 αὖθις
3697 2363 3763 2414 τὸ

2173 2451 2312 2526 αἷμα.
2349 2457 2631 2526 προχεῖται
2655 2451 2976 2526 κρουνηδδν,
2995 2452 3090 2505 καὶ
3118 2451 3512 2522 περιφοινίττει
3535 2451 3595 2504 τὸ
3622 2453 3761 2505 ὐπο-

2173 2548 2452 2619 κείμενονο
2481 2548 2515 2618 ἡ
2535 2546 2592 2600 δὲ
2625 2546 2822 2616 χέρσος
2847 2544 3150 2615 ἀρουμένη,
3181 2545 3275 2596 καὶ
3299 2543 3476 2613 λίσγῳ
3521 2543 3761 2614 διαιρω-

2177 2640 2333 2710 μένη,
2359 2640 2450 2693 καὶ
2482 2640 2561 2702 είς
2583 2637 2760 2709 φρέαρ
2779 2635 3138 2708 ὀρυττομένη,
3168 2636 3229 2688 οὐ
3259 2635 3379 2707 βοᾷ,
3426 2636 3524 2705 οὐχ
3567 2637 3761 2706 αἱμορ-

2175 2734 2354 2805 ραγεῖ,
2373 2731 2434 2783 οὐ
2457 2729 2938 2801 περιφοινίττεται,
2960 2729 3019 2780 οὐ
3041 2730 3279 2798 καματοί
3295 2728 3421 2789 τοῦς
3444 2727 3759 2788 πταίοντας,

2174 2825 2427 2895 καθάπερ
2463 2823 2533 2876 τὰ
2558 2822 2777 2894 ἔμψυχα
2806 2820 2987 2874 πάντα
3014 2821 3260 2890 πέφυκε;
3295 2818 3416 2882 πῶς
3447 2818 3505 2871 δὲ
3536 2817 3605 2870 τὰ
3634 2817 3761 2870 σκό-

2175 2916 2383 2988 ροδα,ἢ
2413 2915 2696 2986 κρόμμυα,
2729 2915 2763 2985 ἢ
2794 2913 2863 2966 τὰ
2895 2912 3058 2966 λοιπὰ
3087 2911 3196 2964 τῶν
3219 2909 3403 2980 φυτῶν
3438 2908 3681 2980 μαχαίρᾳ
3723 2908 3760 2979 ἦ

2171 3007 2414 3080 δρεπάνῃ
2443 3005 2774 3077 τεμνόμενα,
2813 3006 2916 3075 οὐχ
2954 3005 3300 3075 αἱμάττεται,
3340 3002 3499 3075 εἴπερ
3540 3002 3760 3072 ἔμψυχα

2174 3099 2432 3169 ὑπάρχει,
2465 3097 2609 3150 κατὰ
2630 3096 2963 3166 Μανιχαίους
2985 3097 3110 3158 τοὺς
3133 3094 3503 3163 είκαιολόγους
3538 3095 3634 3148 καὶ
3657 3110 3761 3163 μα-

2172 3193 2497 3261 ταιόφρονας
2517 3230 2532 3254 ,
2570 3191 2698 3253 τοὺς
2726 3191 2824 3260 τὴν
2867 3191 3090 3244 ἐκείνων
3115 3189 3378 3260 δύσοδμον
3405 3188 3761 3259 κακοφημίαν

2172 3284 2231 3336 ὲν
2253 3286 2370 3346 ταῖς
2395 3283 2544 3351 σφῶν
2573 3281 2771 3353 ψυχαῖς
2796 3282 3192 3352 περιφέροντας
3217 3299 3232 3345 ;
3277 3281 3391 3333 Πᾶν
3423 3279 3481 3332 δὲ
3515 3280 3759 3349 ἔμψυχον

2170 3374 2422 3445 χερσαῖόν
2464 3391 2524 3426 τε
2576 3373 2673 3426 καὶ
2708 3373 2915 3427 ἐνάλιον
2954 3372 3170 3434 πάντως
3203 3370 3354 3424 ἔσται
3394 3371 3488 3423 καὶ
3512 3370 3756 3440 ἔναιμον.

2172 3462 2287 3513 Οὐκ
2339 3459 2578 3531 ἔμψυχος
2609 3460 2788 3514 τοίνυν
2818 3463 2850 3531 ὴ
2881 3461 2987 3530 γῆ,
3031 3461 3152 3513 οὐδέ
3199 3477 3250 3512 τι
3297 3459 3404 3514 τῶν
3455 3459 3673 3527 φυτῶν,
3721 3460 3756 3531 ἦ

2171 3557 2495 3626 φωστήρων.
2552 3554 2776 3608 Οὐδέπω
2822 3554 2931 3625 γὰρ
2965 3555 3094 3625 περὶ
3125 3553 3328 3606 τούτων
3354 3554 3523 3623 φησὶν
3561 3556 3594 3622 ἡ
3639 3553 3759 3606 θεία

2173 3645 2381 3716 Πυκτὴ,
2432 3647 2515 3698 ὅτι
2549 3645 2881 3716 ἐνεφύσησεν
2914 3645 3096 3708 αὐτοῖς
3129 3644 3297 3715 πνοὴν
3326 3643 3468 3713 ζωῆς
3504 3643 3762 3715 καθάπερ

2172 3737 2265 3790 ἐπὶ
2304 3737 2399 3790 τοῦ
2443 3736 2730 3807 ἀνθρώπου
2775 3735 2957 3808 φησίν.
3001 3738 3215 3806 Ἄπαγε
3255 3732 3348 3789 οὖν
3388 3736 3490 3805 τῆς
3533 3735 3760 3790 ἐκείνων

2170 3826 2499 3896 παροινίας.
2557 3827 2652 3880 xui.
2694 3827 3046 3898 φρενήτιδος,
3096 3826 3254 3891 ἀξιῶ.
3313 3827 3429 3878 Πᾶν
3470 3826 3578 3898 γὰρ
3619 3827 3759 3890 ζῶον

2171 3917 2349 3988 ἑαυτῷ
2375 3917 2556 3987 ὅμοιον
2585 3919 2779 3988 γεννᾷ,
2833 3917 2960 3987 βοῦς
2991 3917 3147 3987 βοῦν,
3203 3917 3298 3972 καὶ
3336 3917 3502 3979 ἵππος
3529 3917 3755 3987 ὁμοίως.

2171 4009 2265 4064 καὶ
2302 4009 2504 4082 δορκὰς
2546 4011 2639 4064 καὶ
2689 4011 2870 4082 τίγρις
2902 4011 2996 4064 καὶ
3042 4011 3111 4064 τὰ
3141 4011 3421 4082 ἀχθοφόρα
3466 4011 3575 4064 τῶν
3630 4012 3760 4064 ὐπο-

2171 4099 2407 4169 ζυγίων,
2455 4103 2550 4155 καὶ
2605 4102 2873 4173 αἱμοὸόρα
2918 4103 3027 4156 τῶν
3079 4101 3320 4174 θηρίων,
3375 4102 3609 4157 ἕκαστον
3654 4103 3760 4173 τῆς

2169 4193 2375 4256 οἰκείας
2412 4191 2628 4262 φύσεως
2660 4193 2755 4247 καὶ
2782 4193 2952 4264 μόνης
2991 4193 3224 4263 ὑπάρχει
3259 4194 3596 4263 γεννητικόν.
3630 4195 3758 4258 Πῶς

2169 4278 2263 4337 οὖν
2283 4287 2315 4353 ἡ
2340 4284 2531 4354 χέρσος
2567 4285 2654 4338 οἵα
2682 4302 2742 4337 τε
2765 4281 2833 4358 ἦν
2858 4286 2988 4356 μιᾶς
3021 4283 3340 4355 ὑπάρχοντα
3372 4283 3590 4354 φύσεως
3608 4325 3626 4350 ,
3669 4302 3758 4338 το-

2172 4377 2376 4438 σαὺτας
2435 4377 2803 4448 ἀπογεννῆσαι
2853 4377 3065 4449 ψυχὰς,
3123 4376 3427 4446 ἀλλογενῶν
3477 4377 3573 4431 καὶ
3628 4378 3756 4431 ἀνο-

2173 4467 2340 4537 μοίων
2362 4467 2536 4533 ζώων,
2569 4470 2616 4522 εί
2647 4469 2722 4540 μὴ
2753 4468 2831 4539 τῷ
2873 4469 3002 4540 Θείῳ
3032 4469 3416 4541 προστάγματι
3443 4469 3756 4540 ὲμψυχοῦτο

2168 4558 2237 4612 τά
2275 4560 2718 4632 ὲκὸραττόμενας
2772 4561 2888 4624 πῶς
2934 4561 2989 4614 δὲ
3019 4562 3111 4614 καὶ
3149 4561 3219 4615 τὰ
3270 4561 3439 4615 ὕδατα
3477 4561 3554 4632 τῷ
3599 4561 3757 4632 αὑτῷ

2169 4648 2464 4703 ὑπείκοντα
2489 4650 2839 4720 θεσπίσματι,
2875 4652 3002 4722 μιᾶς
3031 4652 3343 4722 ὑπάρχοντα
3375 4651 3610 4719 φύσεως,
3649 4669 3753 4722 μα-

2167 4739 2341 4813 λακῆς
2370 4760 2428 4794 τε
2458 4744 2552 4796 καὶ⁸
2591 4743 2779 4815 ῥυτῆς,
2824 4744 2990 4815 μυρία
3021 4744 3156 4812 γένη
3199 4743 3426 4797 πλωτῶν
3469 4743 3752 4814 ἐμψύχων,

2165 4831 2352 4901 κητῶν
2385 4848 2446 4884 τε
2487 4832 2586 4885 καὶ
2617 4831 2877 4903 σελαχῶν,
2910 4835 2968 4886 ὲν
3022 4835 3123 4905 μιᾷ
3146 4832 3338 4904 καιροῦ
3368 4835 3508 4906 ῥοπῇ
3548 4833 3754 4902 ὁμοίιος

2165 4927 2233 4996 τῇ
2265 4927 2336 4997 γῇ
2385 4925 2758 4997 ὲξωμόρξατο;
2804 4927 2839 4996 ἡ
2874 4926 3090 4996 μαλακή
3125 4943 3184 4978 τε
3233 4926 3326 4979 καὶ
3361 4925 3497 4996 ῥυτὴ
3519 4926 3752 4995 σώματα

2167 5015 2564 5086 ἐμψυχωμένα,
2600 5017 2804 5087 στερρά
2833 5033 2891 5068 τε
2918 5015 3012 5069 καὶ
3047 5015 3297 5086 πετρώδη
3322 5015 3656 5085 ὲννηχόμενα
3681 5017 3750 5085 τῇ

2165 5107 2388 5178 ἀσύσσῳ
2409 5149 2422 5174 ,
2467 5106 2618 5179 ὄρεσι
2649 5107 2726 5179 τῷ
2756 5107 2974 5178 μεγέθει
3020 5105 3420 5177 παρισούμενα,
3445 5106 3623 5174 φῶκαι
3654 5106 3753 5158 καὶ

2167 5199 2445 5268 φάλαιναι,
2471 5199 2690 5271 πρίονες
2716 5199 2810 5252 κα)⁵
2838 5198 3051 5270 γαῦροι,
3087 5198 3181 5251 καὶ
3207 5197 3275 5251 τά
3305 5196 3470 5249 λοιπὰ
3502 5187 3752 5267 φρικώδη

2165 5291 2232 5360 τῇ
2273 5288 2461 5360 κλήσει
2493 5291 2586 5342 καὶ
2617 5290 2739 5359 ὄψει
2785 5289 3020 5359 ὲμϐύθια
3051 5289 3184 5356 ζῶα,
3213 5288 3358 5359 ἅπερ
3387 5289 3448 5342 οὐ
3489 5287 3581 5341 τοῦ
3616 5306 3754 5358 m9-

2165 5380 2318 5443 όντος
2347 5379 2538 5451 καιροῦ
2573 5380 2997 5452 ἁνερμηνεύειν;
3030 5381 3154 5445 Πῶς
3185 5377 3300 5442 οὖν,
3324 5374 3483 5452 εἴπερ
3520 5381 3616 5450 μία
3646 5381 3751 5448 φύ-

2168 5490 2251 5535 σις
2274 5472 2514 5543 ἔμψυχος
2535 5474 2596 5527 τὸ
2629 5473 2794 5544 ὕδωρ,
2825 5475 3209 5546 ἀναρῤίομητα
3239 5474 3510 5546 ὲξέρῤωσε
3665 5475 3753 5540 γέ-

2166 5579 2232 5633 νη
2256 5563 2479 5616 πλωτῶν
2525 5582 2583 5617 τε
2634 5565 2728 5618 καὶ
2774 5565 2992 5635 πτηνῶν
3025 5565 3322 5636 ἐτεροφυῆ,
3376 5565 3469 5618 καὶ
3499 5562 3750 5636 ἑτερόσια

2167 5657 2260 5710 καὶ
2288 5657 2548 5728 ἀμφίϐια,
2574 5657 2668 5712 νῦν
2707 5658 2806 5728 μὲν
2832 5656 2925 5711 ἐπὶ
2953 5658 3053 5728 τῆς
3079 5657 3300 5728 χέρσου,
3327 5655 3423 5710 νῦν
3457 5655 3514 5711 δὲ
3545 5659 3606 5711 ὲν
3636 5657 3752 5719 τοῖς
