4112 6380
340 374 448 433 969

344 490 498 542 ὕδασι
543 485 905 558 διαιτώμενα,
940 486 989 540 οἷ
1023 484 1253 556 Νειλῷοι
1294 488 1393 556 τῆς
1421 484 1699 553 Αἰγύπτου
1734 484 1932 554 κροκό-

341 581 527 647 δειλοι,
553 582 602 634 oi
629 582 874 652 ἑσπέριοι
897 583 1198 635 Φυσωνίται
1233 578 1625 649 κυνοπόταμοι,
1646 581 1694 632 οἱ
1714 579 1935 651 Εὐφρα-

341 674 520 744 τήσιοι
549 672 780 745 γρύπες,
810 675 859 727 οἱ
884 672 1238 744 τελματήσιοι
1269 672 1622 743 βάτραχοι,οί
1651 674 1781 744 παρ’
1802 674 1935 744 ἡμῖν

343 764 533 835 ἐχῖνοι,
561 763 658 817 καὶ
691 763 880 817 κύκνοι
906 782 921 827 ;
954 764 1063 816 Καὶ
1098 762 1270 834 μυρία
1297 780 1381 826 τις
1403 762 1659 834 εύρήσειε
1682 762 1792 816 τῶν
1825 764 1936 833 ἀμ-

343 857 542 926 φιὸίων
571 855 727 925 γένη,
744 856 839 909 νῦν
870 854 971 926 μὲν
990 856 1084 909 ἐπὶ
1110 856 1220 909 τῶν
1246 854 1529 927 λειμώνων
1545 855 1639 908 καὶ
1663 855 1937 927 μεδίμνων

344 948 858 1021 σπερμολογοῦντα,
905 947 939 1020 ἢ
999 947 1429 1020 ποηφαγοῦντα,
1477 948 1596 1021 ἅμα
1644 952 1757 1013 τοῖς
1806 968 1935 1022 χερ-

342 1042 515 1105 σαίοις
548 1040 741 1107 ζώοις
770 1040 864 1095 νῦν
889 1040 947 1094 δὲ
976 1042 1037 1096 ἐν
1060 1044 1175 1106 τοῖς
1196 1040 1356 1096 ὕδασι
1392 1041 1465 1096 τὰ
1494 1043 1798 1115 λεπτότερα
1823 1043 1935 1097 τῶν

340 1134 571 1188 πλωτῶν
598 1132 967 1205 διανηχόμενα
993 1133 1334 1201 κατεσθίειν,
1384 1135 1523 1207 ὅπερ
1546 1135 1643 1189 καὶ
1674 1134 1744 1189 τὰ
1776 1135 1936 1206 αἱμο-

341 1227 480 1297 6όρα
500 1224 611 1279 τῶν
638 1226 913 1299 χερσαίων
942 1229 1121 1280 ποιεῖν
1149 1226 1417 1297 πέφυκεν.

1747 367 2095 425 DIALOGIJS
2134 367 2196 423 11.

3520 366 3624 424 970

2042 485 2195 554 poris
2241 484 2553 555 expositio?
2585 483 2870 553 Quomodo
2913 474 3115 555 igitur,
3153 480 3201 536 si
3249 479 3469 550 quidem
3516 496 3627 537 una

2038 588 2237 634 natura
2271 580 2512 633 animata
2541 589 2625 636 est
2654 593 2820 649 aqua,
2862 578 3152 632 innumera
3180 572 3507 628 efﬂuxeruut
3533 589 3627 644 ge-

2038 685 2171 725 nera
2212 669 2526 724 natatilium
2570 676 2627 723 et
2659 666 2987 730 volatilium,
3039 665 3198 721 aliter
3229 662 3535 728 nascentia,
3572 671 3628 719 ct

2040 764 2200 819 aliter
2228 763 2491 829 viventia,
2525 769 2579 817 et
2621 761 2843 833 quidem
2877 760 3099 815 diverso
3141 758 3291 813 victu
3329 756 3571 812 viventia
3608 773 3624 810 :

2039 872 2187 911 nunc
2216 854 2437 927 quidem
2468 870 2633 926 super
2666 863 2895 919 terram,
2937 867 3084 907 nunc
3119 866 3251 907 vero
3274 849 3331 904 in
3357 846 3518 920 aquis
3540 847 3627 901 vi-

2040 957 2188 1005 ctum
2246 948 2589 1020 quaerentia?
2637 946 2828 1002 Niliaci
2881 955 3011 1002 sunt
3055 944 3113 1001 in
3157 943 3395 1015 Egypto
3433 954 3629 996 croco-

2040 1043 2167 1110 dili;
2206 1042 2275 1098 ad
2326 1041 2723 1098 occidentalem
2769 1038 3082 1110 Physonem
3129 1051 3299 1092 canes
3342 1031 3625 1099 ﬂuminei;

2042 1135 2353 1207 Euphrataei
2405 1133 2663 1206 gryphes,
2710 1133 2984 1203 palustres
3027 1145 3197 1195 ranae,
3253 1136 3311 1185 et
3338 1125 3483 1198 apud
3522 1138 3627 1180 nos

2040 1226 2224 1281 echini
2250 1233 2305 1281 et
2330 1225 2510 1297 cygni.
2538 1225 2717 1295 Atque
2744 1223 3033 1278 innumera
3057 1220 3187 1293 quis
3210 1218 3484 1275 invenerit
3510 1229 3629 1271 am-

342 1316 657 1387 phibiorum
682 1332 904 1388 genera,
949 1332 1073 1389 quae
1105 1333 1256 1374 nunc
1295 1318 1516 1391 quidem
1547 1318 1602 1373 in
1637 1318 1810 1390 pratis
1845 1327 1898 1374 et
1929 1317 2221 1373 medimnis
2255 1318 2465 1373 semina
2493 1316 2780 1387 colligunt,
2812 1322 2909 1371 aut
2940 1313 3139 1369 herbas
3167 1311 3487 1376 comedunt,
3517 1321 3629 1364 una

342 1426 471 1466 eum
514 1412 877 1469 terrestribus
918 1415 1254 1471 animalibus
1289 1434 1303 1470 :
1358 1431 1509 1471 nunc
1543 1431 1675 1470 vero
1714 1416 1769 1471 in
1809 1416 1967 1487 aquis
1994 1416 2241 1471 natantia
2270 1416 2505 1471 leviores
2533 1414 2883 1470 ﬂuviatilium
2915 1412 3071 1468 cibos
3111 1408 3447 1466 comedunt:
3479 1405 3629 1480 quod

340 1514 401 1562 et
428 1506 725 1562 crudivora
748 1521 815 1562 ex
849 1508 1209 1563 terrestribus
1244 1506 1426 1563 facere
1463 1506 1662 1563 solent.

426 1598 566 1652 Ἀλλ’
600 1600 695 1652 ἐπὶ
735 1598 795 1652 τὸ
842 1600 1207 1671 προκείμενον
1239 1600 1367 1664 τοὺς
1408 1600 1603 1663 οίακας
1652 1599 1745 1654 τοῦ
1773 1599 1935 1668 λόγου

340 1692 655 1764 τρέφωμεν,
682 1694 795 1755 τοῖς
827 1694 1189 1764 προφητικοϊς
1217 1693 1478 1762 ἑπόμενοι
1511 1691 1798 1763 δόγμασιν.
1831 1693 1937 1745 02':-

339 1785 490 1838 δέπω
514 1784 626 1854 γάρ
654 1783 899 1855 ἔμψυχον
938 1784 1037 1857 τὴν
1071 1784 1179 1855 γῆν
1204 1785 1622 1853 ἀποφαίνονται,
1649 1783 1785 1838 ἀλλὰ
1815 1783 1939 1857 θείᾳ

346 1877 506 1949 ῥώμῃ
544 1876 641 1929 καὶ
676 1876 949 1948 πνεύματι
1002 1874 1379 1947 ὲμψυχοῦσθαι
1423 1877 1494 1929 τά
1546 1877 1763 1948 ἐκείνης
1804 1878 1933 1931 ἀπο-

343 1967 666 2039 δράσματα·
718 1966 815 2023 τοῦ
860 1968 959 2041 μὲν
1001 1967 1291 2022 Θεσπεσίου
1338 1967 1503 2022 Δαὸὶδ
1534 1969 1927 2040 μελῳδοῦντος·

354 2058 734 2125 Ἀποστελεῒς
778 2056 848 2111 τὸ
876 2057 1119 2128 Πνεῦμά
1154 2073 1293 2122 σου,
1330 2058 1429 2111 καὶ
1464 2057 1895 2126 κτισθήσονται
1919 2077 1932 2089 ·

341 2148 436 2202 τοῦ
458 2148 515 2202 δὲ
558 2150 783 2203 Ἡσαΐου
815 2149 891 2213 ὡς
922 2150 989 2203 ὲκ
1023 2148 1324 2221 προσώπου
1359 2147 1455 2202 τοῦ
1478 2148 1614 2202 Θεοῦ
1640 2150 1937 2223 διαρρήδην

343 2242 576 2313 βοῶντος
604 2258 618 2271 ·
644 2242 795 2310 Ἐγὼ
825 2243 859 2295 ό
891 2241 1037 2307 Θεὸς
1067 2244 1100 2294 ό
1129 2240 1395 2309 ποιήσας
1415 2240 1677 2309 οὐρανὸν
1704 2242 1801 2295 καὶ
1824 2240 1939 2309 τὴν

341 2334 480 2405 γῆν,
496 2334 594 2389 καὶ
616 2333 822 2399 διδοὺς
853 2332 1054 2401 πνοὴν
1075 2332 1224 2401 ζωῆς
1246 2334 1371 2400 τοῖς
1395 2332 1695 2388 πατοῦσιν
1720 2333 1935 2401 αὐτήν.

931 2426 1183 2479 ΠΕΥΣΙΣ
1216 2426 1335 2480 Pl".

415 2517 581 2572 Οὐδὲν
623 2516 985 2589 μυκώμενον,
1027 2517 1060 2589 ἢ
1096 2517 1441 2589 ὼρυόμενον,
1481 2517 1688 2590 ἄψυχον
1708 2518 1940 2589 λέγομεν

343 2610 647 2683 ὑπάρχεινο
704 2610 824 2674 πῶς
873 2610 1123 2682 ώρυᾶται
1161 2610 1273 2682 (56)
1308 2612 1341 2681 ἡ
1378 2612 1490 2682 γῆ,
1549 2611 1709 2682 εἴπερ
1735 2612 1940 2682 ἄψυχός

344 2705 482 2769 ἐστι,
517 2703 611 2756 καὶ
644 2704 885 2772 μυκᾶται
913 2703 1206 2774 σειομένη;

961 2795 1334 2864 Ἀπόκρισις.

428 2887 661 2958 Ὁμοίως
681 2889 749 2958 τῇ
775 2885 1019 2960 Θαλάττῃ
1039 2890 1151 2950 τοῖς
1180 2886 1456 2955 ὑπογείοις
1486 2885 1763 2958 πνεύμασι
1792 2885 1941 2955 διογ-

342 2984 584 3056 κουμένη
610 3023 625 3047 ,
667 2980 780 3037 οἷον
832 2983 1010 3056 ῥοῖζον
1052 2999 1175 3037 τινα
1219 2982 1251 3054 ἢ
1295 2981 1585 3054 μυκηθμὸν
1624 2982 1937 3037 ἀποδίδωσι.

344 3078 455 3132 Καὶ
484 3076 595 3149 γὰρ
631 3077 814 3148 ἐκείνη
843 3074 1106 3139 πολλάκις
1135 3077 1202 3146 τῇ
1248 3074 1613 3145 ἀναθυμιάσει
1634 3073 1731 3127 τοῦ
1778 3073 1940 3145 βυθοῦ

347 3170 682 3243 σαλευομένη
720 3170 816 3225 καὶ
856 3168 1249 3235 ὲξοιδαίνουσα,
1281 3164 1416 3242 ἦχον
1457 3167 1735 3233 ἀποτελεῖ,
1768 3183 1940 3241 προσ-

344 3262 692 3335 αραττομένη
742 3262 945 3333 ἑαυτὴν
972 3261 1295 3334 τρικυμίαις
1326 3276 1341 3292 ·
1380 3259 1477 3314 τοῦ
1525 3261 1583 3315 δὲ
1629 3259 1942 3331 πνεύματος

345 3353 683 3426 ἠρεμοῦντος
711 3349 763 3407 εἷ
781 3353 895 3425 (57)
915 3352 1123 3424 ἄψυχος
1142 3368 1156 3383 '
1186 3351 1368 3423 βοῶσα
1387 3352 1445 3406 δὲ
1466 3352 1562 3405 καὶ
1599 3350 1938 3423 κοιμωμένη,

346 3446 569 3517 βαθεῖαν
606 3446 720 3517 ἔχει
751 3445 1014 3516 γαλήνην.
1043 3447 1115 3499 Ἦ
1146 3445 1355 3500 δοκεῖτε
1376 3444 1477 3508 τὰς
1511 3444 1722 3516 ὑδρίας,
1752 3444 1785 3515 ἢ
1817 3444 1942 3507 τοὺς

345 3537 569 3603 πίθους,
610 3537 832 3609 ἔμψυχα
874 3538 1163 3609 ὑπάρχειν,
1208 3529 1286 3591 ὧν
1318 3536 1592 3608 ἀκούομεν
1617 3534 1942 3608 ροιζούντων

348 3631 442 3683 καὶ
481 3629 825 3700 μυκωμένων
858 3632 924 3700 τῇ
963 3629 1058 3682 τοῦ
1102 3627 1289 3700 ἀερίου
1324 3628 1632 3696 πνεύματος
1659 3627 1943 3700 διαφοιτήο-

349 3740 471 3786 σει;
513 3721 899 3794 Σφαττομένης
952 3721 1011 3776 δὲ
1062 3722 1163 3794 τῆς
1192 3721 1369 3807 3m;
1414 3720 1510 3775 καὶ
1558 3720 1943 3807 πξησσομένης

347 3813 525 3885 πάντη
559 3813 673 3883 (38)
719 3813 881 3884 δῆλον
931 3812 1141 3884 ἄψυχον
1175 3799 1444 3885 ύπάρχειν
1481 3811 1544 3866 τὸ
1581 3799 1803 3867 κ’ὦδιονο
1862 3814 1943 3875 εἰς

346 3905 517 3959 ἀσκὸν
553 3904 599 3958 δ’
634 3904 1078 3977 ἐξεργασθέντος,
1110 3905 1207 3959 καὶ¹
1255 3904 1529 3976 πνεύματι
1575 3903 1939 3968 διαταθέντος,

348 3994 467 4051 εἶτα
502 3997 665 4051 πάλιν
695 3996 774 4068 τῷ
808 3996 1030 4069 πιεσμῷ
1065 3996 1177 4051 τῶν
1217 3997 1421 4070 χειρῶν
1446 3997 1606 4069 ήμῶν
1638 3997 1942 4069 ὲκπνεόμε-

352 4107 545 4161 μενος,
594 4088 713 4152 πῶς
758 4090 937 4161 ῥοῖζον
964 4106 1118 4147 τινα.
1165 4089 1198 4161 ἢ
1234 4088 1525 4160 μυκηθμὸν
1561 4086 1883 4142 ἀποδίδωσιν
1913 4090 1943 4141 ὁ

347 4179 588 4250 ἄψυχος
623 4178 747 4242 Πῶς
766 4177 829 4232 δὲ
860 4178 1023 4233 πάλιν
1058 4177 1137 4249 τῷ
1168 4178 1412 4249 μουσικῷ
1458 4178 1731 4232 ὑποπνέον
1774 4178 1942 4252 ὀργά-

350 4291 448 4344 νῳ,
494 4276 560 4345 τῇ
594 4271 831 4345 ποδηγίᾳ
861 4271 958 4326 τοῦ
1001 4271 1255 4336 άστάτως
1300 4272 1609 4341 ἐφεστῶτος
1635 4273 1747 4327 πᾶν
1783 4272 1942 4344 μέλος

348 4366 772 4440 διακεχυμένον,
810 4366 1003 4439 γοερόν
1042 4383 1104 4420 τε
1138 4366 1233 4420 καὶ
1267 4366 1457 4421 ὕπτιον
1499 4366 1587 4420 διὰ
1620 4366 1732 4421 τῶν
1760 4364 1942 4425 αὐλῶν

349 4463 612 4533 ὲκφωνῇς
662 4456 752 4534 ἆρ’
800 4454 897 4516 οὖν
948 4459 1101 4534 παρὰ
1133 4458 1325 4513 τούτου
1379 4458 1657 4531 ἐμψύχους
1706 4457 1942 4530 ἐροῦμεν

347 4553 451 4618 τὰς
483 4554 898 4625 ὐποπνεομένας
948 4556 1064 4618 τοῖς
1104 4554 1383 4626 μουσικοῖς
1420 4552 1674 4622 ὀργάνοις
1716 4553 1781 4622 τῇ
1816 4549 1942 4622 βρο-

349 4646 462 4699 τῶν
489 4646 851 4719 ὲπινοίᾳ;τὰς
864 4645 922 4700 δὲ
954 4646 1273 4721 κιννυρικὰς
1303 4647 1523 4718 χορδὰς,
1555 4644 1651 4699 καὶ
1675 4644 1775 4707 τὰς
1797 4660 1937 4714 τυμ-

351 4738 587 4802 πανικὰς
616 4738 826 4811 δέρρεις
864 4738 1117 4803 τιννύσας
1149 4739 1244 4793 καὶ
1277 4737 1606 4809 βομὸούσας,
1633 4737 1728 4791 καὶ
1757 4752 1940 4807 μυκω-

356 4832 524 4904 μένας
567 4834 635 4904 τῇ
665 4833 847 4903 ἐπαφῇ
883 4832 977 4886 καὶ
1013 4831 1092 4903 τῷ
1138 4831 1402 4903 πλήκτρῳ
1435 4829 1530 4885 τοῦ
1579 4829 1940 4900 κατέχοντοςς

353 4923 542 4990 Οὕτως
579 4941 669 4995 μοι
715 4921 825 4976 νόει
863 4922 958 4975 καὶ
999 4923 1099 4992 τὴν
1144 4923 1250 4994 γῆν
1296 4922 1550 4994 ἐνεργείᾳ
1579 4921 1725 4985 τινὸς
1749 4922 1939 4993 ἑτέρου

357 5018 688 5091 μυκωμένην
717 5015 810 5070 καὶ
833 5014 1141 5087 σειομένην.

946 5193 1197 5248 ΠΕΥΣΙΣ
1232 5194 1350 5248 PA'.

420 5287 546 5351 Πῶς
574 5282 667 5342 οὖν
700 5288 752 5340 οἱ
786 5289 936 5359 τρεῖς
964 5286 1151 5351 παῖδες
1196 5288 1377 5342 πᾶσαν
1403 5287 1504 5361 τὴν
1545 5286 1720 5343 κτίσιν
1761 5286 1941 5359 ἔμψυ-

356 5398 443 5454 χον
475 5380 834 5454 παριστῶσιν,
866 5381 1085 5454 ᾅδοντες
1124 5383 1186 5435 ἓν
1212 5384 1279 5454 τῇ
1319 5381 1556 5453 καμίνῳ,
1592 5381 1938 5453 Eulog-sire,

354 5479 546 5546 πάντα
577 5477 651 5533 τὰ
683 5476 830 5548 ἔργα
861 5477 1108 5546 Κυρίου,
1137 5476 1246 5531 τὸν
1276 5477 1525 5546 Κύριον·
1556 5475 1796 5547 ὑμνεῖτε
1838 5476 1937 5531 καὶ

421 5669 467 5699 ’⁸
504 5669 650 5725 Psal.
680 5683 801 5737 cm,
829 5669 919 5727 30.
996 5670 1041 5703 "
1083 5669 1189 5728 lsa.
1220 5686 1358 5739 XLII,
1382 5672 1439 5730 5.

420 5833 532 5911 (ἓξ)
581 5834 1064 5911 ξρωᾱωωᾲιτύηο
1087 5838 1345 5911 ὠρύεται.
1384 5838 1544 5895 Ent'r.

420 5906 537 5978 (37)
573 5906 664 5977 ΕΖ,
694 5906 854 5964 Forte
873 5909 1012 5965 ἐστι.
1048 5906 1141 5964 Ιι).⁴

587 6003 857 6065 Parnm"
902 6006 1018 6068 Gn.
1054 6007 1413 6069 XXXVIII.

2115 1601 2223 1656 Sed
2266 1600 2332 1657 ad
2369 1599 2711 1672 propositum
2761 1614 3072 1657 sermonem
3116 1595 3484 1669 gubernacula
3512 1608 3629 1650 ver-

2041 1702 2243 1761 tamus,
2281 1695 2599 1765 prOpbetica
2638 1693 2813 1749 secuti
2853 1692 3130 1763 dogmata.
3170 1689 3450 1759 Nusquam
3481 1687 3627 1742 enim

2040 1794 2248 1842 terram
2293 1788 2590 1841 animatam
2639 1785 3019 1857 pronuntiant,
3062 1783 3158 1840 sed
3201 1782 3386 1837 divina
3428 1781 3631 1834 virtute

2045 1884 2101 1931 et
2134 1876 2331 1947 spiritu
2360 1876 2594 1931 animari
2634 1891 2702 1932 ex
2738 1875 2856 1945 ipsa
2898 1874 3247 1946 pullulantia,
3288 1871 3476 1929 divino
3500 1870 3629 1942 qui-

2042 1968 2164 2024 dem
2193 1968 2396 2025 Davide
2422 1977 2675 2035 canente,
2709 1967 2890 2023 Mitles
2920 1966 3182 2037 Spiritum
3205 1977 3378 2032 tuum,
3406 1975 3457 2021 et
3480 1981 3631 2019 crea-

2040 2061 2301 2115 bunlur"
2332 2080 2345 2116 :
2372 2062 2514 2118 lsaia
2545 2078 2675 2118 vero
2708 2061 2857 2118 velut
2903 2061 2957 2115 in
3000 2075 3234 2132 persona
3263 2059 3360 2117 Dei
3405 2057 3632 2115 manife-

2039 2162 2129 2209 sto
2176 2156 2485 2212 clamante:
2524 2155 2638 2227 Ego
2665 2155 2807 2210 Deus
2838 2157 2930 2227 qui
2964 2155 3064 2224 feci
3107 2155 3297 2209 calum
3325 2163 3376 2207 et
3404 2163 3627 2217 terram,

2037 2258 2087 2301 et
2112 2248 2204 2317 qui
2226 2248 2291 2301 do
2314 2248 2508 2317 ﬂatum
2538 2249 2659 2303 vitta
2689 2247 2934 2302 omnibus
2961 2246 3297 2301 calcantibus
3324 2260 3444 2299 eam
3467 2245 3535 2297 ".

2489 2430 3010 2487 INTERROGATIO
3047 2431 3179 2487 CIII.

2112 2525 2259 2581 Nihil
2284 2524 2429 2595 quod
2462 2524 2634 2595 mugit
2663 2532 2759 2578 aut
2784 2524 2949 2593 rugit,
2991 2524 3294 2578 inanimum
3328 2539 3455 2580 esse
3489 2523 3628 2579 dici-

2043 2637 2198 2687 mus;
2235 2619 2512 2691 quomodo
2544 2619 2710 2689 igitur
2740 2620 2885 2689 rugit
2916 2628 3085 2684 terra,
3123 2619 3167 2674 si
3191 2618 3412 2689 quidem
3446 2620 3626 2674 inani—

2043 2720 2187 2766 mata
2217 2721 2324 2778 est,
2352 2722 2405 2767 et
2447 2712 2728 2782 quomodo
2759 2712 2931 2783 mugit
2963 2712 3183 2780 quando
3204 2713 3559 2768 concutitur?

2646 2803 2953 2873 Responsio.

2122 2899 2388 2955 Similiter
2430 2912 2497 2954 ac
2543 2913 2696 2954 mare
2731 2897 3110 2954 subterraneis
3151 2898 3438 2971 spiritibus
3481 2898 3628 2954 intu-

2043 3008 2317 3056 mescens,
2367 2991 2525 3063 quasi
2582 2992 2874 3049 stridorem
2922 2993 3161 3063 aliquem
3204 3000 3300 3047 aut
3357 2994 3628 3065 mugitum

2042 3080 2241 3136 reddit.
2292 3079 2508 3135 Etenim
2550 3081 2686 3135 illud
2720 3096 3096 3152 saepenumero
3132 3091 3463 3152 evaporante
3500 3098 3629 3153 pro-

2045 3169 2198 3226 fundi
2237 3178 2374 3226 :estu
2426 3182 2762 3227 commotum
2803 3180 2856 3227 et
2892 3173 3199 3239 exundans,
3240 3174 3481 3229 sonitum
3515 3172 3631 3230 elli-

2048 3263 2158 3328 cit,
2211 3263 2443 3319 allidens
2493 3265 2848 3334 semetipsum
2894 3264 3154 3335 procellis
3202 3267 3629 3322 vehementiori-

2048 3354 2171 3411 bus.
2205 3354 2537 3423 Quiescente
2565 3372 2695 3412 vero
2716 3355 2873 3420 ﬂatu,
2913 3356 3060 3412 velut
3090 3357 3453 3413 inanimatum
3481 3358 3629 3415 haud

2044 3446 2265 3511 clamat,
2312 3447 2407 3502 sed
2455 3446 2694 3516 sopitum
2743 3446 3133 3517 profunditatis
3176 3450 3629 3520 tranquillitatem

2044 3538 2225 3593 habet.
2263 3536 2571 3609 Cmteroqui
2602 3553 2732 3593 num
2770 3540 2974 3609 putatis
3003 3541 3229 3609 aquaria
3251 3557 3382 3597 vasa
3405 3541 3491 3597 vel
3529 3543 3631 3598 do-

2043 3630 2116 3685 lia
2151 3632 2391 3685 animata
2439 3645 2584 3696 esse,
2627 3647 2749 3702 qum
2781 3631 3035 3689 audimus
3085 3635 3375 3691 stridentia
3415 3644 3470 3693 et
3509 3652 3631 3693 mu-

2044 3723 2268 3793 gientia,
2313 3739 2435 3778 cum
2466 3733 2715 3792 penetrat
2744 3725 2926 3780 aerius
2976 3725 3246 3795 spiritus?
3276 3728 3461 3785 occisa
3498 3745 3629 3787 vero

2044 3829 2211 3885 capra
2253 3823 2309 3871 et
2339 3817 2641 3880 excoriata,
2683 3816 2860 3872 cuivis
2913 3825 3135 3873 constat
3195 3817 3372 3889 ipsam
3429 3820 3626 3892 pellem

2045 3909 2345 3963 iuanimam
2381 3923 2542 3972 esse;
2580 3908 2635 3963 Ill
2672 3916 2845 3963 utrem
2873 3923 3008 3964 vero
3040 3917 3168 3966 cute
3205 3920 3543 3969 commutata
3570 3921 3629 3971 ει

2044 4000 2239 4070 spiritu
2277 4000 2543 4064 distenta,
2572 3999 2769 4055 deinde
2820 4016 3016 4057 rursus
3050 4003 3464 4073 compressione
3509 4018 3632 4060 ma-

2044 4106 2216 4149 nuum
2251 4100 2567 4149 nostrarum
2603 4094 2806 4148 emisso
2832 4091 2985 4159 ﬂatu,
3020 4095 3295 4166 quomodo
3334 4097 3626 4155 stridorem

2042 4183 2336 4256 quemdam
2369 4193 2463 4239 aut
2484 4183 2752 4254 mugitum
2777 4185 2955 4241 reddit
2984 4186 3320 4245 inanimatai
3339 4186 3628 4255 Quomodo

2044 4278 2174 4332 item
2215 4274 2431 4331 musico
2473 4275 2722 4332 serviens
2753 4276 3143 4345 instrumento,
3180 4278 3351 4336 ductu
3386 4280 3628 4339 hominis

2043 4367 2196 4424 varie
2229 4369 2323 4423 illo
2353 4368 2560 4423 utentis
2590 4368 2825 4439 quodvis
2860 4383 3083 4425 carmen
3122 4369 3379 4440 eﬂicitur,
3421 4386 3488 4430 ac
3514 4380 3627 4431 tam

2043 4461 2353 4533 lugubriter
2376 4476 2541 4533 quam
2568 4461 2800 4517 remisse
2830 4476 2928 4532 per
2956 4460 3168 4519 fistulas
3201 4466 3459 4521 resonat?
3484 4463 3628 4523 Num

2043 4555 2212 4627 igitur
2234 4555 2508 4609 animatas
2538 4553 2790 4611 dicemus
2835 4553 2984 4624 quod
3030 4554 3234 4612 inﬂata:
3278 4558 3508 4616 musicis
3543 4560 3630 4615 in-

2046 4656 2246 4706 sonant
2278 4648 2667 4705 instrumentis
2708 4648 2993 4708 hominum
3030 4651 3627 4723 excogitationeﬂtem

2041 4742 2384 4815 eitharartqn
2428 4739 2689 4806 chordas,
2738 4748 2796 4796 et
2829 4747 3217 4813 tympanorum
3260 4744 3431 4813 pelles
3458 4744 3629 4799 tinni-

2044 4844 2133 4890 tus
2170 4842 2227 4890 et
2268 4846 2436 4889 sonos
2462 4833 2659 4900 edunt,
2698 4848 2902 4905 perque
2931 4843 3136 4889 tactum
3184 4834 3307 4907 ejus
3346 4852 3376 4892 a
3401 4852 3513 4909 quo
3543 4847 3628 4895 te-

2042 4935 2265 4990 nentur,
2307 4935 2582 4996 strepunt.
2626 4925 2707 4980 Ad
2758 4924 2907 4980 hunc
2939 4924 3163 4981 modum
3209 4928 3389 5000 cogita
3432 4936 3488 4985 et
3514 4936 3629 4987 εει-ι

2044 5033 2184 5082 ram,
2212 5033 2308 5087 per
2347 5017 2576 5073 alterius
2614 5016 2850 5087 alicujus
2881 5017 3280 5088 operationem,
3317 5021 3534 5093 mugire
3570 5031 3629 5080 et

2040 5111 2284 5167 concuti.

2492 5199 3014 5258 INTERROGATIO
3060 5201 3196 5260 CIV.

2114 5291 2401 5361 Quomodo
2436 5292 2608 5364 igitur
2655 5299 2769 5347 tres
2808 5291 2887 5345 illi
2940 5292 3097 5363 pueri
3140 5305 3359 5350 omnem
3417 5304 3629 5355 creatu-

2042 5396 2159 5437 ram
2181 5381 2473 5438 animatam
2506 5380 2784 5443 innuunt,
2817 5386 3080 5435 canentes
3115 5379 3173 5435 in
3216 5380 3442 5440 fornace
3474 5406 3489 5442 :
3526 5384 3627 5440 Bc-

2042 5473 2286 5539 nedicite,
2301 5473 2482 5528 omnia
2505 5486 2665 5528 onera
2694 5470 2932 5540 Domini,
2956 5472 3263 5541 Dominum,
3293 5476 3552 5534 celebrate
3574 5489 3629 5535 et

2044 5835 2222 5962 mgis!)
2255 5834 2711 5963 1ἷὶιτηονοόμένης
2764 5837 2983 5908 πάντη.
3027 5834 3191 5893 Forte
3234 5835 3625 5910 πτισσομένης,

3302 6002 3373 6064 31
