4112 6380
550 385 648 444 οτι

551 503 978 569 exultateipsam
1024 502 1079 566 in
1126 485 1341 556 strcula.
1385 499 1706 565 Benedicite,
1755 501 1964 570 angeli,
1997 504 2137 567 coeli,

551 607 717 660 terra,
750 597 850 656 sol,
906 597 1052 656 (una,
1102 602 1274 658 astra,
1324 609 1508 658 rores,
1538 595 1734 663 pluvia:
1780 595 2146 666 nivales.gla-

551 692 675 750 cies,
712 690 876 749 nites,
902 689 1020 750 lux,
1049 685 1300 751 tenebris,
1325 697 1525 750 noctes,
1548 687 1923 753 dies,montes,
1959 688 2143 752 colles,

551 796 716 842 mare,
746 780 975 848 ﬂumina
1004 779 1072 845 ",
1105 786 1161 834 et
1201 781 1384 834 omnia
1435 796 1558 851 qua:
1606 789 1914 852 sequuntur
1948 782 1972 835 ’ἶ
2006 781 2142 836 Nam

549 875 653 926 hoc
689 887 809 926 esse
840 871 932 926 illa
975 873 1218 926 animata
1247 873 1612 942 signiﬁcatur.

1188 961 1502 1032 Responsio.

619 1053 690 1106 At
720 1068 829 1107 non
862 1053 1044 1108 omnia
1070 1053 1313 1108 animata
1350 1054 1594 1109 ostendit
1617 1070 1740 1110 esse
1766 1055 1986 1109 illorum
2014 1070 2144 1110 san-

549 1149 761 1196 ctorum
803 1143 1062 1211 hymnus,
1081 1147 1281 1210 prater
1355 1141 1630 1205 homines,
1655 1143 1818 1197 etiam
1861 1143 2067 1198 bestias
2092 1151 2146 1198 et

550 1243 700 1288 celos
740 1240 794 1287 et
821 1240 1016 1287 caetera
1050 1232 1332 1288 terrestria
1362 1241 1417 1288 et
1447 1233 1728 1304 aquatilia.
1777 1234 1966 1304 Angeli
1997 1235 2143 1289 enim

551 1325 883 1380 benedicunt
916 1333 973 1378 ut
1002 1325 1301 1380 rationales
1345 1325 1577 1398 spiritus
1612 1334 1666 1381 et
1697 1326 2086 1382 ministeriales
2121 1344 2135 1392 ;

550 1417 675 1472 coeli
704 1424 907 1482 autem,
938 1430 1050 1470 non
1101 1432 1355 1472 sermone
1407 1425 1462 1472 et
1490 1433 1641 1481 voce,
1676 1418 1772 1473 sed
1825 1419 2144 1489 suppedita-

550 1507 699 1563 tione
727 1508 984 1564 imbrium
1021 1518 1076 1564 et
1114 1507 1272 1563 ﬁrma
1315 1509 1742 1575 constitutione;
1775 1509 1858 1562 sol
1883 1517 2063 1563 autem
2089 1516 2145 1564 et

550 1601 703 1665 luna,
739 1608 935 1656 exortu
965 1608 1021 1654 et
1055 1608 1242 1654 mutua
1293 1599 1679 1655 vicissitudine
1727 1615 1924 1655 cursus
1955 1609 2009 1655 et
2053 1615 2144 1670 ra-

549 1691 766 1748 diorum
789 1691 1271 1761 ejaculatiouibus.
1308 1688 1577 1746 Praeterea
1609 1691 1961 1762 processione
1989 1691 2142 1746 ordi-

550 1793 676 1839 nata
711 1783 904 1838 lucifer
931 1783 1151 1852 quidem
1200 1781 1342 1837 diem
1375 1782 1687 1849 annuntiat,
1717 1783 1984 1854 hesperus
2012 1799 2142 1839 vero

551 1876 852 1930 diversum.
884 1875 1062 1930 Pleias
1100 1883 1398 1944 conspecta
1439 1875 1790 1930 securitatem
1824 1877 2134 1948 naviganti-

549 1970 655 2024 lius
682 1969 1003 2039 pollicetur;
1034 1967 1294 2024 occidens
1330 1983 1460 2022 vero
1485 1969 1821 2024 contrarium
1846 2008 1860 2022 .
1884 2010 1897 2023 .
1923 2011 1936 2024 .
1959 2011 1972 2025 .
1993 2011 2011 2028 .
2035 1970 2135 2023 ali-

547 2060 771 2130 quando
825 2059 1042 2131 quidem
1093 2059 1161 2113 ad
1214 2061 1534 2122 matutinas,
1577 2059 1874 2130 aliquando
1907 2075 2035 2116 vero
2065 2060 2131 2115 ad

547 2153 889 2224 vespertinas
921 2160 1106 2223 partes
1134 2167 1291 2207 axem
1319 2151 1580 2216 ﬂectens,
1613 2164 1827 2208 noctem
1859 2161 1914 2208 et
1954 2153 2132 2206 lucem

550 2243 842 2314 signiﬁcat.
896 2243 1068 2300 Terra
1101 2259 1230 2300 vero
1281 2244 1552 2299 fructibus
1581 2244 1892 2316 benigniter
1946 2245 2135 2300 fovens

551 2338 830 2398 mortales,
856 2336 1040 2392 laudat
1070 2336 1382 2391 Dominum.
1429 2337 1576 2392 Mare
1611 2339 1976 2408 prosperitate
2007 2353 2136 2407 pro—

549 2429 871 2496 li-rtionum,
918 2437 973 2483 et
1029 2429 1191 2500 lignis
1242 2427 1594 2496 permeabile,
1625 2428 1914 2498 piscesque
1972 2429 2134 2483 nobis

546 2521 834 2592 proferens
857 2528 911 2575 et
933 2536 1290 2583 conservans,
1320 2518 1613 2574 Dominum
1653 2520 1857 2573 laudat.
1905 2519 2132 2574 Anima-

547 2612 620 2667 lia
655 2620 836 2667 autem
865 2613 1046 2677 bruta,
1078 2621 1132 2668 et
1166 2613 1413 2668 homines
1443 2628 1457 2663 :
1486 2627 1589 2666 nos
1617 2611 1836 2681 quidem
1871 2627 1996 2666 cum
2040 2628 2133 2666 ra-

548 2707 697 2760 tione
742 2705 934 2760 laudes
990 2703 1299 2771 oﬂcrimus,
1339 2705 1431 2760 illa
1463 2712 1645 2759 autem
1694 2707 1966 2773 portantia
2017 2705 2135 2758 lau-

547 2803 742 2854 dantes
767 2805 821 2853 et
859 2805 978 2852 vota
1007 2797 1286 2861 facientes,
1322 2797 1573 2851 ordinate
1596 2795 1663 2850 ab
1685 2795 1794 2850 illis
1830 2799 2133 2865 gubernata

545 2904 609 2950 et'
633 2895 690 2947 in
731 2891 929 2946 timore
982 2890 1244 2956 cohibita,
1278 2889 1568 2944 Dominum
1610 2887 1946 2958 prazdicant;
1993 2891 2134 2944 nihil

545 2985 692 3040 enim
749 2984 932 3038 minus
973 2997 1135 3051 quam
1167 2997 1264 3051 pro
1298 2983 1458 3037 nobis
1509 2981 1668 3053 ipsis,
1708 2982 1870 3037 etiam
1916 2997 2015 3053 pro
2043 2981 2136 3052 ju-

548 3075 746 3130 mentis
779 3088 940 3128 orare
977 3072 1390 3128 consuevimus.

1004 3161 1528 3219 INTERROGATIO
1557 3162 1669 3220 CV.

619 3256 678 3312 Si
718 3256 772 3311 in
827 3257 1175 3311 ﬁrmamento
1225 3254 1328 3309 ﬁxa
1379 3263 1509 3311 sunt
1557 3264 1706 3312 astra
1735 3264 1789 3313 et
1817 3257 2128 3326 luminaria,

546 3348 802 3404 consistit
839 3356 1022 3403 autem
1060 3347 1358 3412 immobile,
1394 3355 1453 3401 ut
1495 3347 1724 3414 dicitur,
1747 3350 1970 3416 caelum,
1997 3365 2135 3421 quo-

544 3440 711 3494 modo
759 3438 935 3494 currit
986 3453 1082 3509 per
1124 3437 1305 3508 ipsum
1337 3439 1421 3493 sol
1453 3447 1507 3493 et
1551 3438 1704 3505 luna,
1739 3455 1849 3495 non
1881 3451 2133 3497 secantes

545 3530 722 3598 ipsius
779 3528 1144 3584 substantiam
1193 3527 1521 3598 iquomodo
1561 3530 1690 3584 item
1721 3532 1776 3584 in
1821 3531 1995 3602 glacie
2042 3531 2132 3603 ﬁgi

543 3629 722 3694 potest
755 3620 918 3692 ignis,
945 3619 1020 3674 ita
1053 3627 1112 3674 ut
1136 3634 1246 3674 non
1277 3620 1568 3675 solvatur?

1184 3710 1492 3782 Responsio.

611 3807 733 3863 Non
765 3815 896 3876 sunt
934 3805 1039 3861 ﬁxa
1061 3849 1076 3872 ,
1111 3805 1208 3863 sed
1241 3807 1344 3862 sub
1366 3807 1709 3861 ﬁrmamento
1744 3814 1948 3878 aptata,
1975 3815 2028 3862 et
2061 3806 2135 3864 fe-

542 3910 740 3956 runtur
763 3899 982 3970 quidem
1019 3900 1074 3953 in
1127 3899 1328 3954 aethere
1366 3899 1585 3954 levitate
1626 3907 1872 3964 naturae,
1902 3909 2133 3955 currunt

541 4009 674 4049 vero
700 3995 802 4050 sub
833 3993 1181 4048 ﬁrmamento
1223 4010 1238 4046 :
1275 3991 1425 4047 illius
1457 3992 1680 4062 quidem
1713 3991 2133 4062 refrigeratione

541 4085 844 4143 secundum
879 4084 1287 4154 proportionem
1318 4084 1387 4139 ad
1417 4083 1680 4138 inferiora
1713 4085 2134 4154 compulsa,ve-

543 4192 665 4230 rum
709 4179 853 4233 aeris
884 4177 1130 4247 subjecta
1166 4175 1539 4232 crassitudine
1589 4176 1826 4232 sublata.
1861 4174 2131 4231 Omnibus

541 4269 689 4323 enim
723 4270 923 4324 creatis
954 4269 1125 4324 levior
1161 4278 1246 4324 est
1295 4268 1439 4340 ignis
1486 4276 1683 4323 natura
1706 4310 1720 4336 ,
1758 4267 1988 4340 ideoque
2034 4284 2133 4324 au-

545 4361 649 4430 geli
698 4362 861 4415 etiam
911 4361 1055 4416 hanc
1105 4362 1287 4417 sortiti
1336 4367 1484 4416 sunt.
1544 4361 1649 4426 Qui
1726 4361 1858 4429 facit
1914 4363 2130 4431 angelos

541 4462 667 4505 suos
698 4452 950 4520 spiritus,
986 4461 1036 4505 et
1074 4453 1352 4507 ministros
1381 4468 1528 4515 suos,
1568 4455 1703 4523 ignis
1740 4455 2017 4522 ﬂammant
2046 4455 2090 4486 ’7
2113 4495 2129 4521 ,

545 4545 724 4614 inquit
788 4544 843 4599 in
895 4545 1147 4601 melodiis
1203 4545 1454 4602 Davides.
1502 4546 1561 4600 ln
1621 4546 1884 4617 Epistolis
1943 4556 2126 4602 autem

540 4635 748 4693 Paulus
791 4655 805 4692 :
859 4639 1002 4692 Aera
1057 4647 1310 4708 superant
1360 4639 1651 4693 luminaria
1706 4639 1912 4692 levitate
1959 4640 2121 4710 ignis.

540 4725 770 4784 Penitus
799 4736 982 4783 autem
1008 4729 1074 4784 ad
1104 4729 1508 4786 ﬁrmamentum
1543 4730 1836 4812 appellere3
1873 4739 1966 4784 aut
2004 4732 2126 4801 ejus

541 4821 780 4889 aliquam
827 4829 1037 4890 partem
1089 4821 1429 4877 inﬂammare
1468 4837 1577 4876 non
1613 4831 1865 4892 possunt,
1907 4833 2128 4894 propter

543 4915 795 4986 aspirans
814 4914 1050 4985 desuper
1081 4914 1256 4986 frigus
1283 4917 1594 4972 caelestium
1620 4931 1912 4988 aquarum.

994 5089 1516 5148 INTERROGATIO
1547 5091 1683 5148 CVI.

615 5184 684 5236 At
709 5183 987 5254 quomodo
1019 5195 1306 5240 ventorum
1345 5186 1603 5240 violentia
1633 5187 1686 5241 in
1717 5198 1866 5244 astra
1897 5208 2004 5248 non
2029 5195 2129 5248 im-

541 5277 796 5349 pingunt,
837 5285 931 5331 aut
964 5277 1338 5348 impediuntur
1377 5280 1597 5335 cursu?

1186 5368 1502 5439 Responsio.

616 5461 838 5532 Spirant
881 5460 1096 5518 inferne
1128 5460 1312 5527 ﬂatus,
1352 5471 1406 5516 et
1439 5464 1543 5518 sub
1587 5465 1702 5519 sole
1741 5464 1989 5522 fertmtur
2017 5485 2122 5524 nu-

542 5552 658 5618 bes,
695 5566 752 5609 ut
787 5558 839 5608 in
874 5556 984 5610 alto
1027 5554 1258 5611 meridie
1287 5556 1472 5610 videre
1514 5556 1662 5624 licet,
1685 5560 1962 5616 ouomodo
2019 5579 2123 5617 nu-

611 5687 659 5718 "
700 5684 836 5739 Dan.
873 5701 954 5750 lli,
979 5685 1048 5740 57
1071 5702 1224 5757 seqq.
1301 5687 1346 5717 τ’
1389 5684 1537 5742 Psal.
1569 5704 1684 5754 CIII,
1715 5688 1771 5742 ι.

635 5817 726 5886 59)
757 5819 1066 5886 Ἀπήνοια.
1093 5820 1220 5890 ch.
1257 5822 1461 5891 ἀπήνη.
1492 5839 1711 5878 currus:
1743 5823 2110 5881 constellatio.

613 5891 729 5961 μυ)
765 5891 1068 5960 Ἔλεγχον.
1106 5891 1269 5947 Forte
1296 5892 1505 5962 ἔλαχον.
1538 5893 1694 5952 Εωτ.

1625 381 1685 436 S.
1724 379 2027 436 CESABII
2077 378 2410 436 GREGORH
2458 379 2762 436 FRATRIS

3739 386 3854 445 9n

2248 503 2634 573 ὐπερυψοῦτε
2677 502 2866 558 αὐτὸν
2899 505 2988 569 είς
3037 498 3180 570 τοὺς
3221 503 3464 570 αἰῶνας.
3507 504 3848 576 Eii/torsi“,

2248 595 2512 668 ἄγγελοι,
2535 598 2802 664 οὐρανοὶ,
2827 596 2925 665 γῆ,
2961 595 3155 663 ἣλιος,
3189 595 3448 666 σελήνη,
3477 596 3692 666 ἄστρα,
3711 597 3848 665 δρό-

2247 705 2366 753 σοι,
2397 690 2650 758 regesto),
2680 687 2878 758 πάγοι,
2909 689 3131 758 χιόνες,
3153 687 3300 757 φῶς,
3328 691 3575 756 σκότος,
3602 691 3844 757 νύκτες,

2247 782 2482 854 ἡμέραι,
2519 783 2616 837 καὶ
2652 783 2759 852 ὄρη
2789 782 2889 835 καὶ
2912 782 3153 848 βουνοί,
3180 781 3490 837 θάλασσαι
3524 783 3623 836 καὶ
3656 778 3843 838 ποτα-

2241 879 2366 948 μοὶ,
2393 877 2489 931 καὶ
2515 877 2693 930 πάντα
2722 876 2758 929 ἃ
2783 876 2906 929 καθ’
2937 875 3064 946 ἑξῆς
3099 875 3318 946 ἔμψυχα
3355 875 3737 947 παριστῶσινς

2874 970 3215 1037 Ἀπόκρισις

2330 1063 2470 1117 Ἀλλ’
2515 1063 2577 1117 οὐ
2619 1063 2799 1117 πάντα
2848 1061 3068 1132 ἔμψυχα
3107 1061 3380 1114 δείκνυσιν
3421 1061 3450 1113 ό
3496 1059 3604 1113 τῶν
3649 1061 3846 1114 θεσπε-

2247 1159 2378 1213 σίων
2409 1157 2602 1228 ὕμνος,
2631 1155 2771 1228 πλὴν
2797 1154 3123 1226 ἀνθρώπων,
3149 1153 3356 1224 θηρίων
3382 1153 3477 1206 καὶ
3503 1153 3611 1206 τῶν
3638 1154 3842 1224 κητῶν,

2246 1253 2340 1306 καὶ
2369 1250 2479 1303 τῶν
2521 1249 2726 1302 λοιπῶν
2758 1247 3031 1319 χερσαίων
3073 1264 3132 1301 τε
3171 1246 3267 1300 καὶ
3293 1244 3553 1317 ἐνύδρων.
3585 1244 3843 1313 ’Ἄγγελοι

2244 1347 2352 1417 γὰρ
2385 1341 2733 1412 εὐλογοῦσιν.
2770 1341 2846 1404 ὠς
2893 1340 3088 1409 λογικά
3126 1339 3417 1409 πνεύματα
3467 1339 3567 1392 καὶ
3599 1338 3843 1408 λειτουρο

2244 1438 2413 1507 γικά·
2447 1436 2666 1507 οὐρανοὶ
2691 1433 2748 1486 δὲ
2787 1433 2850 1486 οὐ
2881 1433 3026 1503 λόγῳ
3069 1433 3164 1486 καὶ
3199 1434 3371 1502 φωνῇ.
3408 1431 3544 1485 ἀλλά
3577 1433 3644 1502 τῇ
3679 1449 3840 1502 χορη-

2243 1530 2342 1602 γίςι
2369 1527 2478 1582 τῶν
2506 1527 2734 1598 ὄμϐρων
2776 1526 2867 1580 καὶ
2905 1527 2972 1597 τῇ
3015 1525 3208 1595 ἑδραία
3236 1523 3454 1591 στάσει,
3483 1524 3639 1594 ἥλιος
3663 1523 3723 1577 δὲ
3753 1526 3839 1577 καὶ

2251 1621 2450 1692 σελήνη
2485 1623 2550 1690 τῇ
2599 1617 2831 1689 ἀνατολῇ
2876 1619 2972 1669 καὶ
3017 1614 3443 1686 ἀντιπαραδόσει
3471 1613 3568 1669 τοῦ
3615 1615 3836 1685 δρόμου.

2219 1713 2339 1767 ’καὶ
2370 1715 2491 1776 ταῖς
2543 1711 2724 1782 βολαῖς
2761 1709 2870 1762 τῶν
2905 1709 3160 1762 ἀκτίνων.
3206 1708 3350 1777 Ἀρα
3391 1707 3449 1760 δὲ
3497 1709 3561 1778 τῇ
3594 1707 3837 1776 εὐτάκτῳ

2244 1806 2437 1878 χορείᾳ
2479 1802 2768 1874 φωσφόρος
2805 1800 2905 1872 μὲν
2938 1798 3177 1869 ἀνίσχων
3217 1797 3314 1868 τὴν
3350 1797 3563 1868 ἡμέραν
3612 1799 3837 1865 εὐαγγε-

2241 1897 2482 1964 λίζεται,
2515 1895 2748 1965 ἕσπερος
2784 1892 2841 1945 δὲ
2883 1891 3215 1945 τούναντίον.
3249 1889 3444 1952 Πλειὰς
3472 1889 3752 1960 ὁρωμένη,
3780 1890 3836 1942 τὸ

2241 1990 2520 2044 ἀκίνδυνον
2561 1990 2674 2048 τοῖς
2717 1984 2990 2047 ναυτίλοις
3019 1981 3418 2052 ἐπαγγέλλεται
3437 1996 3452 2011 ’
3480 1980 3714 2033 δύνουσα
3747 1981 3802 2033 δὲ
3821 2021 3832 2042 ,

2241 2082 2572 2136 τούναντίον.
2615 2080 2680 2131 Ἦ
2723 2078 2960 2148 ἀπήνοια
2985 2075 3123 2144 (59),
3153 2073 3285 2126 ποτὲ
3327 2075 3424 2144 μὲν
3457 2073 3550 2126 ἐπὶ
3578 2072 3645 2124 τὰ
3677 2074 3834 2126 ἐσπέ-

2246 2189 2335 2243 ρια
2381 2169 2472 2223 τὸν
2524 2168 2689 2232 ἄξονα
2739 2165 3038 2238 τρέπουσα,
3091 2162 3286 2224 νυκτὸς
3337 2163 3433 2214 καὶ
3489 2159 3833 2229 ἐπιφαύτεως

2243 2271 2478 2342 ὑπάρχει
2506 2265 2839 2337 σημαντικήο
2868 2262 2939 2332 γῆ
2967 2262 3046 2324 δὲ,
3081 2263 3194 2324 τοῖς
3215 2259 3494 2330 ὲκφορίοις
3515 2258 3828 2329 δεξιουμένη

2245 2362 2500 2434 βροτοὺς,
2543 2360 2704 2429 ὑμνεῖ
2733 2357 2825 2410 τὸν
2864 2354 3085 2426 Κύριον.
3126 2352 3377 2406 Θάλαττα
3414 2351 3698 2413 καλωδίοις
3743 2350 3831 2403 καὶ

2243 2455 2423 2521 ξύλοις
2468 2449 2803 2520 πεζευομένη
2825 2487 2841 2512 ,
2893 2447 2987 2500 καὶ
3031 2444 3182 2515 ἰχθὺν
3216 2445 3348 2514 ἡμῖν
3385 2443 3706 2497 ἀποκύουσα
3739 2442 3828 2494 καὶ

2242 2542 2518 2615 φοροῦσα,
2568 2540 2728 2609 ὑμνεῖ
2765 2537 2857 2590 τὸν
2906 2533 3147 2607 Κύριον·
3178 2533 3249 2586 τὰ
3277 2533 3334 2585 δὲ
3377 2533 3547 2601 ἄλογα
3595 2531 3710 2596 ζῶα
3745 2532 3828 2583 καὶ

2241 2636 2516 2706 ἄνθρωποι
2541 2674 2554 2697 ,
2586 2635 2635 2685 οἱ
2669 2632 2764 2703 μὲν
2791 2629 2878 2683 διὰ
2910 2626 3005 2681 τοῦ
3035 2627 3192 2696 λόγου
3228 2627 3354 2689 τοὺς
3396 2624 3602 2696 ὑμνους
3631 2624 3828 2691 ἀναφέ-

2243 2748 2433 2804 ρομεν,
2467 2727 2537 2782 τὰ
2582 2726 2640 2779 δὲ
2672 2725 2798 2788 τούς
2846 2719 3148 2793 ὑμνοῦντας
3189 2719 3425 2790 φέροντα
3463 2715 3824 2786 εὐξαμένους,

2241 2823 2520 2883 εὐτάκτως
2541 2816 2754 2890 ἡνιοχοὺ
2765 2832 2901 2887 μενα
2919 2854 2934 2878 ,
2959 2813 3053 2866 καὶ
3079 2811 3230 2882 φόϐῳ
3252 2807 3470 2880 χαλινοῦ
3481 2825 3640 2879 μενα,
3673 2807 3826 2876 ὑμνεῖ

2239 2915 2330 2969 τὸν
2355 2913 2579 2985 Κύριον.
2607 2909 2775 2965 Οὐδὲν
2804 2907 2912 2979 γὰρ
2944 2899 3126 2978 ἧττον,
3161 2903 3237 2965 ὡς
3265 2902 3404 2973 ὑπὲρ
3436 2899 3666 2964 ἑαυτῶν,
3696 2914 3824 2968 κτη-

2245 3007 2432 3078 μάτων
2455 3002 2750 3074 εὐχόμεθα.

2832 3175 3083 3230 ΠΕΥΣΙΣ
3119 3176 3239 3229 PE’.

2309 3273 2373 3328 Εἰ
2405 3273 2464 3328 ἐν
2509 3271 2589 3344 τῷ
2637 3271 2975 3344 περεὼματι
3007 3266 3381 3340 πεπήγασιτά
3422 3267 3598 3335 ἄστρα
3641 3264 3734 3318 καὶ
3777 3261 3824 3315 οι

2235 3367 2542 3438 φωστῆρες,
2575 3366 2789 3418 ἵσταται
2813 3362 2872 3416 δὲ
2900 3361 3177 3432 ἀκίνητος,
3201 3360 3276 3423 ὡς
3299 3359 3499 3427 λέγεις,
3528 3359 3556 3410 ό
3576 3355 3820 3428 οὐρανός-⁸

2233 3457 2352 3520 πῶς
2380 3455 2564 3526 τρέχει
2591 3453 2657 3506 δι’
2697 3452 2862 3506 αὐτοῦ
2905 3454 2935 3505 ό
2969 3452 3120 3522 ἥλιος
3150 3450 3244 3504 καὶ
3284 3451 3317 3520 ἠ
3365 3447 3595 3518 σελήνη,
3636 3447 3709 3518 μὴ
3737 3447 3820 3498 τέ-

2237 3563 2460 3618 μνοντες
2488 3544 2650 3599 αὐτοῦ
2673 3543 2773 3614 τὴν
2797 3542 3016 3607 οὐσίαν,
3045 3539 3162 3604 πῶς
3189 3539 3244 3594 δὲ
3274 3537 3369 3592 καὶ
3390 3536 3619 3591 δυνατὸν
3650 3538 3820 3606 ἐμπα-

2233 3640 2395 3711 γῆναι
2426 3637 2556 3709 πῦρ,
2582 3636 2788 3690 ἐκείνου
2817 3634 2891 3706 μὴ
2913 3631 3213 3704 λυομένου;

2847 3723 3202 3789 Ἀπόκρισις.

2306 3822 2381 3876 Οὐ
2419 3820 2752 3890 πεπήγασιν,
2783 3815 2895 3870 ἀλλ’
2926 3816 3270 3885 ὑπήρτηνται
3293 3810 3387 3865 τοῦ
3425 3809 3817 3882 στερεὼματος·

2234 3915 2588 3985 ἐποχούμενοι
2615 3911 2714 3982 μὲν
2741 3909 2820 3980 τῷ
2855 3907 3036 3979 αίθέρι
3068 3905 3366 3975 κουφότητι
3411 3903 3631 3974 φύσεως
3653 3944 3668 3964 ,
3699 3904 3820 3956 ὑπο-

2215 4005 2447 4067 θέοντες
2475 4003 2531 4056 δὲ
2558 4000 2653 4055 τοῦ
2679 3999 3076 4070 στερεώματος·
3103 3999 3168 4069 τῇ
3203 3996 3301 4068 μὲν
3337 3995 3550 4050 ἐκείνου
3587 3993 3818 4064 καταψύ-

2236 4096 2315 4162 ξει
2361 4095 2640 4164 ἀναλόγως
2687 4092 2822 4166 πρὸς
2866 4092 2928 4144 τὸ
2979 4090 3131 4143 κάτω
3184 4087 3616 4158 συνωθούμενοι,
3659 4089 3726 4158 τῇ
3770 4084 3819 4138 δὲ

2235 4187 2572 4260 ὑποκειμένῃ
2602 4185 2696 4239 τοῦ
2729 4184 2889 4255 ἀέρος
2918 4181 3191 4252 παχύτητι
3225 4180 3558 4252 ἀνεχόμενοι.
3601 4179 3818 4233 Πάντων

2231 4281 2342 4352 γὰρ
2378 4279 2612 4334 κτιστῶν
2640 4276 2945 4346 κουφοτέρα
2975 4276 3009 4344 ἡ
3045 4272 3139 4328 τοῦ
3172 4273 3342 4344 πυρὸς
3369 4272 3603 4341 ὑπάρχει
3646 4271 3816 4340 φύσις·

2231 4374 2311 4428 διὸ
2339 4373 2433 4426 καὶ
2465 4371 2683 4440 ἄγγελοι
2713 4368 2918 4437 ταύτης
2963 4366 3182 4437 ἔλεγχον
3206 4365 3341 4436 (40).
3400 4364 3464 4416 '0
3498 4361 3692 4416 ποιῶν
3721 4361 3819 4430 γὰρ

2231 4465 2374 4531 τοὺς
2397 4464 2694 4534 ἀγγέλους
2717 4459 2904 4514 αὐτοῦ
2926 4460 3257 4527 πνεύματα,
3285 4455 3380 4510 καί
3403 4454 3546 4519 τοὺς
3559 4457 3818 4522 λειτουρ-

2235 4557 2382 4628 γοὺς
2427 4555 2614 4612 αὑτοῦ
2653 4553 2844 4622 πυρὸς
2885 4553 3082 4621 φλόγα
3106 4591 3121 4613 ,
3155 4549 3318 4620 φησὶν
3353 4549 3412 4601 ὲν
3464 4547 3756 4618 μελῳδίαις
3791 4546 3817 4596 ὁ

2229 4649 2408 4702 Δα6ίδ’
2455 4650 2512 4702 ἐν
2567 4644 2910 4708 Ἐπιστολαῖς
2938 4643 2995 4696 δὲ
3025 4645 3054 4696 ὁ
3095 4641 3307 4705 Παῦλος
3330 4657 3345 4672 ·
3386 4639 3499 4694 Τὸν
3525 4638 3676 4706 ἀέρα
3715 4631 3820 4692 οὖν·

2229 4740 2659 4809 ὺπερίπτανται
2683 4739 2738 4790 oi
2757 4733 3070 4806 φωστῆρες
3089 4731 3410 4802 κουφότητι
3429 4731 3679 4801 φύσεων
3693 4727 3814 4798 (Η).

2233 4830 2565 4906 Προσϐαλείν
2589 4829 2646 4882 δὲ
2673 4827 2752 4898 τῷ
2785 4824 3125 4898 στερεώματι
3149 4865 3166 4892 ,
3193 4823 3228 4895 ἢ
3264 4819 3698 4894 παραχωνεῦσαι
3727 4819 3816 4872 αὐο

2231 4924 2325 4977 τοῦ
2372 4939 2456 4986 τι,
2504 4921 2604 4992 οὐχ
2649 4914 2847 4972 οἷοίτε
2885 4915 3289 4986 καθεστήκασιν
3337 4914 3408 4984 τῇ
3442 4910 3818 4983 ὑπερπνεούσῃ

2232 5011 2531 5084 ψυχρότητι
2567 5007 2674 5060 τῶν
2706 5005 2967 5078 οὐρανίων
2996 5003 3225 5057 ὑδάτων.

2813 5093 3064 5151 ΠΕΥΣΙΣ
3095 5094 3236 5162 Ρςν.

2299 5191 2411 5246 Καὶ
2439 5189 2554 5254 πῶς
2579 5191 2646 5260 τῇ
2669 5189 2778 5241 τῶν
2807 5185 3023 5258 ἀνέμων
3054 5182 3146 5254 βίᾳ
3170 5183 3284 5244 τοῖς
3307 5181 3531 5252 ἄστροις
3560 5181 3622 5234 οὐ
3660 5195 3818 5252 προσ·

2229 5284 2536 5354 κρούονται,
2564 5281 2598 5354 ἢ
2627 5281 2719 5335 τὸν
2744 5280 2943 5351 δρόμον
2970 5278 3030 5330 οὐ
3062 5274 3398 5339 κωλύονται;

2823 5403 2827 5406 ·
2855 5371 3208 5438 Ἀπόκρισις.

2313 5469 2756 5537 ’Υποπνευματεῐ
2782 5464 2849 5519 τὰ
2878 5461 3184 5533 πνεύματα,
3222 5459 3318 5512 καὶ
3347 5456 3404 5510 αι
3436 5456 3661 5524 νεφέλαι
3699 5457 3818 5509 ὑπο-

2232 5563 2486 5634 φέρονται
2530 5559 2624 5615 τοῦ
2674 5559 2861 5631 ἡλίου,
2891 5555 2967 5620 ὡς
3008 5554 3155 5608 ἔστιν
3197 5551 3437 5624 ἀθρῆσαι
3485 5551 3546 5606 ὲν
3580 5547 3818 5620 σταθηρᾷ

2296 5822 2407 5889 (ΑΗ)
2446 5822 2556 5876 Tir
2577 5820 2790 5889 ἀέρα...
2821 5820 3078 5889 φύσεων.
3119 5816 3246 5874 Ηωο
3280 5817 3444 5873 verba
3469 5816 3523 5872 in
3559 5814 3818 5889 Epistolil

2234 5891 2476 5948 Puttliuis
2520 5895 2772 5966 nuspizuu
2800 5898 3041 5946 exstant.
