4112 6380
469 413 581 473 ωδ

471 529 664 592 rodet,
708 525 777 583 de
797 540 922 597 rege
965 521 1217 580 audiens.
1254 521 1368 578 Nisi
1401 521 1730 576 intellectilis
1765 521 1948 590 aliqua
1989 529 2045 574 et

475 619 760 674 rationalis
796 616 1039 689 potentia
1089 616 1180 670 illa
1221 614 1376 669 stella
1435 613 1652 682 fuisset,
1696 629 1805 668 non
1867 615 2057 683 utique

474 711 595 774 ejus
646 708 739 778 qui
800 715 963 763 natus
1011 716 1170 769 erat,
1213 705 1522 760 ministram
1585 721 1644 761 se
1691 706 2053 760 declarasset.

476 799 636 853 Nunc
675 809 857 854 autem
913 798 1062 870 quod
1109 797 1259 852 circa
1312 813 1467 868 reges
1506 797 1623 852 fieri
1681 799 1854 864 solet,
1899 807 2060 854 vocat

475 892 696 961 quidem
731 900 786 948 et
831 892 1143 962 praecedens
1188 891 1406 947 divinus
1454 891 1544 946 hic
1590 907 1789 947 cursor
1842 892 2066 948 deducit

477 983 546 1037 ad
576 997 758 1054 regem
793 983 1050 1054 aliquos;
1099 991 1390 1053 postquam
1426 998 1558 1037 vero
1593 984 1660 1036 ad
1705 990 1918 1052 portam
1982 983 2064 1036 la-

479 1073 637 1128 tioris
668 1075 860 1143 platea:
894 1073 1162 1138 venerint,
1203 1081 1429 1129 vocatos
1457 1079 1524 1127 ad
1565 1073 1754 1127 limina
1791 1081 1939 1127 stare
1967 1075 2064 1142 ju-

481 1165 592 1230 bet,
623 1179 800 1233 usque
829 1163 960 1218 dum
1019 1164 1314 1219 adventum
1359 1164 1604 1234 ipsorum
1636 1164 1751 1234 regi
1789 1164 2066 1234 significa-

481 1256 642 1319 verit.
676 1255 864 1325 sicque
893 1255 1156 1326 deinceps
1184 1255 1252 1310 ad
1283 1256 1435 1326 ipsos
1465 1256 1828 1321 reversus,ad
1860 1264 2065 1312 tectum

483 1364 710 1403 aureum
759 1357 812 1404 et
851 1348 916 1404 ad
967 1363 1154 1420 regem
1205 1349 1352 1402 intus
1393 1348 1673 1405 sedentem
1710 1349 1953 1404 deducit.
1988 1351 2068 1404 ita

487 1441 576 1496 hic
599 1442 756 1496 stella
792 1441 1014 1511 quidem
1050 1439 1416 1510 conspicitur,
1447 1441 1676 1510 angelus
1723 1451 1905 1496 autem
1946 1457 2070 1498 esse

489 1531 846 1601 intelligitur,
881 1541 934 1585 et
984 1531 1230 1599 gentium
1275 1530 1406 1585 dux.
1463 1529 1724 1596 Quaenam
1775 1535 2069 1600 caeteroqni

485 1624 644 1678 vobis
662 1622 878 1678 videtur
893 1637 1016 1678 esse
1049 1622 1284 1676 maxima
1317 1621 1512 1677 stella?
1530 1620 1668 1675 Num
1690 1621 1771 1676 sol
1791 1622 1814 1674 ’ἒ
1831 1619 2071 1676 Omnino

487 1714 638 1770 dices
668 1715 965 1769 maximum
998 1729 1121 1769 esse
1148 1715 1302 1771 sidus
1347 1715 1540 1769 solem.
1581 1712 1718 1780 Quis
1749 1713 1914 1785 igitur
1945 1729 2068 1770 cum

487 1815 572 1863 est
603 1808 659 1861 in
693 1805 873 1862 medio
903 1808 1040 1863 ctelo
1073 1809 1428 1872 constitutus,
1457 1806 1637 1862 dicere
1669 1817 1854 1878 queat,
1877 1823 2068 1879 quam-

489 1914 618 1954 nam
675 1898 893 1952 urbium
943 1906 1038 1953 aut
1095 1899 1338 1954 vicorum
1390 1897 1619 1970 praecise
1667 1900 1943 1965 ostendat,
1974 1909 2071 1954 aut

489 2003 784 2060 quamnam
821 1989 1045 2043 domum
1092 1990 1248 2059 quasi
1277 1988 1448 2058 digito
1476 1988 1726 2060 designet
1753 1989 1776 2044 ?
1799 1989 2070 2062 Compara

490 2079 656 2150 igitur
680 2079 892 2134 stellam
921 2094 1044 2134 cum
1078 2081 1214 2144 sole,
1249 2079 1394 2134 velut
1429 2094 1674 2135 muscam
1704 2079 1975 2135 vinariam
2003 2083 2070 2136 ad

487 2172 855 2244 elephantem,
889 2180 944 2227 et
967 2183 1176 2227 astrum
1207 2170 1453 2227 divinum
1499 2171 1567 2226 ad
1599 2173 1845 2227 omnium
1893 2174 2059 2228 maxi-

489 2279 636 2318 mam
687 2263 989 2328 civitatem,
1047 2263 1216 2319 veluti
1273 2277 1399 2318 cum
1453 2263 1665 2318 camelo
1723 2263 1976 2319 culicem.
2012 2263 2069 2320 Si

490 2357 658 2427 igitur
691 2371 801 2412 non
835 2357 1044 2412 scimus
1067 2369 1232 2425 quam
1260 2355 1626 2409 maximarum
1672 2354 1896 2410 urbium
1927 2355 2072 2411 desi-

488 2454 618 2519 gnet
651 2461 890 2518 superne
937 2446 1231 2501 imminens
1273 2446 1363 2502 ille
1389 2445 1741 2500 luminarium
1776 2461 1894 2510 rex,
1941 2461 2073 2516 quo-

489 2539 655 2594 modo
685 2539 902 2594 stellam
929 2539 1182 2608 exiguam
1207 2536 1500 2594 ostendere
1528 2536 1846 2607 speluncam
1869 2537 2068 2597 dicam.

487 2629 537 2686 si
595 2645 707 2684 non
752 2629 980 2700 angelus
1012 2627 1135 2693 fuit,
1156 2628 1524 2702 propinquum
1558 2639 1717 2684 terra:
1751 2629 1807 2683 in
1847 2629 2072 2685 sublimi

492 2721 591 2776 iter
620 2720 846 2786 faciens,
881 2727 936 2776 et
962 2718 1254 2774 Dominum
1304 2719 1600 2775 indicans?
1631 2718 1933 2776 Facessant
1972 2722 2072 2792 igi-

489 2820 580 2868 tur
608 2813 738 2868 hinc
780 2827 906 2868 cum
943 2825 1042 2868 sua
1082 2810 1377 2875 dementia,
1429 2811 1525 2881 qui
1558 2811 1772 2867 stellam
1806 2827 1915 2866 una
1944 2827 2070 2866 cum

489 2903 934 2974 uniuscujusque
967 2909 1217 2958 nostrum
1243 2903 1532 2958 nativitate
1578 2903 1712 2958 oriri
1746 2911 1960 2974 putant,
1995 2903 2074 2958 fa-

491 2996 672 3052 bulosi
721 3004 1042 3064 nugator-es,
1102 3009 1229 3048 cum
1270 2993 1462 3050 eodem
1522 2993 1793 3050 moriente
1857 2995 2072 3050 stellam

489 3103 709 3159 quoque
736 3087 971 3144 deficere
1001 3087 1319 3143 delirantes.
1352 3086 1490 3141 Cum
1534 3087 1680 3141 enim
1713 3086 1824 3142 duo
1855 3095 2068 3142 tantum

492 3180 745 3236 homines
769 3187 954 3236 essent
978 3179 1035 3234 in
1066 3177 1291 3242 mundo,
1325 3177 1570 3233 Adamus
1601 3178 1824 3248 inquam
1852 3187 1907 3234 et
1936 3179 2067 3242 Eva,

490 3271 712 3340 plenum
755 3279 874 3325 erat
911 3270 1074 3325 astris
1097 3269 1320 3324 coelum.
1357 3268 1680 3338 Rursusque
1711 3269 1941 3325 sublatis
1973 3286 2070 3341 per

490 3378 663 3434 aquas
693 3373 937 3432 tempore
954 3363 1233 3435 gigantum
1263 3361 1520 3418 omnibus
1549 3363 1807 3419 animatis
1829 3369 2064 3427 naturis,

1573 405 1631 461 S.
1664 401 1969 460 CESARII
2008 399 2340 456 GREGORII
2380 399 2686 456 FRATRIS

3651 391 3760 452 975

2159 519 2466 590 ἐγνωρίσθη
2494 560 2509 582 ,
2544 521 2646 574 οὑκ
2675 519 2740 573 ἂν
2770 516 2987 590 οίκέτης
3014 515 3107 571 τοῦ
3142 513 3491 585 γεννηθέντος
3517 515 3754 590 ἐδείχθη.

2167 610 2279 664 Νῦν
2331 612 2411 677 δὲ,
2453 612 2592 682 ὅπερ
2643 611 2735 664 ἐπὶ
2775 610 2882 664 τῶν
2934 609 3200 680 βασιλέων
3241 606 3472 679 δρᾶσθαι
3517 607 3757 676 πέφυκε,

2167 705 2334 772 φωνεῖ
2364 703 2463 774 μὲν
2501 705 2596 760 καὶ
2644 704 2969 774 προηγεῖται
3005 705 3034 756 ὁ
3084 701 3227 765 θεῖος
3267 699 3503 773 κοῦρσορ
3537 699 3631 752 ἐπὶ
3667 697 3758 751 τὸν

2169 794 2391 866 βασιλέα
2416 795 2566 859 τινάς
2589 812 2602 825 ο
2639 795 2763 848 ἐπεὶ
2785 795 2831 848 δ’
2854 795 2920 849 ἂν
2957 795 3050 848 ἐπὶ
3074 792 3174 864 τῆς
3203 791 3378 864 πύλης
3407 792 3515 845 τῶν
3539 790 3759 844 πλατῶν

2167 887 2437 940 πλατειῶν
2461 886 2570 958 (43)
2613 886 2901 956 γένωνται,
2937 886 3130 957 ἀφίησι
3169 885 3296 949 τοὺς
3334 883 3634 954 κληθέντας
3666 883 3760 934 ἐπὶ

2165 978 2276 1032 τῶν
2302 979 2613 1051 προαυλίων
2639 979 2880 1044 ἑστάναι,
2913 979 3106 1050 μέχρις
3141 978 3208 1032 ἂν
3250 977 3467 1050 μηνύσῃ
3492 975 3571 1048 τῷ
3607 974 3762 1044 βασι⁶

2166 1071 2249 1126 λεῖ
2281 1071 2380 1142 τὴν
2423 1071 2606 1127 αὐτῶν
2642 1072 2979 1142 παρουσίαν·
3013 1067 3118 1125 εἷθ’
3166 1069 3340 1134 οὑτως
3379 1068 3544 1124 πάλιν
3577 1067 3761 1129 αὐτοῖς

2173 1164 2496 1233 ἀναφανεὶς,
2523 1165 2618 1219 ἐπὶ
2650 1166 2743 1219 τὸν
2773 1164 3109 1237 χρυσόροφον
3138 1163 3234 1218 καὶ
3259 1163 3351 1216 τὸν
3383 1160 3607 1232 βασιλέα
3627 1158 3763 1214 καθ-

2169 1256 2428 1326 εζόμενον
2460 1259 2803 1327 προηγεῖται,
2837 1255 3012 1327 ἀστὴρ
3041 1255 3142 1326 μὲν
3166 1255 3508 1324 φαινόμενος,
3532 1249 3762 1319 ἄγγελος

2167 1346 2226 1400 δὲ
2255 1346 2544 1418 νοούμενος
2569 1345 2740 1400 ἐθνῶν
2765 1346 2980 1416 όδηγός.
3020 1344 3231 1408 ’Ἄλλως
3251 1345 3329 1408 δὲ,
3353 1343 3437 1408 τίς
3460 1343 3586 1413 ὑμῖν
3613 1340 3765 1394 δοκεῖ

2173 1438 2376 1510 μείζων
2402 1441 2669 1514 ὑπάρχειν
2697 1441 2726 1494 ὁ
2747 1441 2946 1512 ἀστὴρ,
2975 1439 3009 1501 ἢ
3036 1439 3066 1490 ό
3098 1439 3286 1509 ἦλιοςς
3331 1437 3508 1508 Ἐρεῖς
3535 1435 3590 1488 δὲ
3619 1435 3763 1486 πᾶν·

2169 1545 2299 1594 τωςο
2331 1530 2390 1584 '0
2415 1530 2590 1602 ἥλιος.
2615 1531 2712 1595 Τίς
2740 1525 2853 1597 οὖν,
2886 1529 3345 1602 μεσουρανοῖωτος
3371 1525 3556 1585 αὑτοῦ,
3585 1527 3763 1578 εἰπεῖν

2171 1621 2282 1688 οἷός
2305 1641 2366 1677 τε
2388 1624 2625 1695 ὑπάρχει
2656 1624 2815 1677 ποίαν
2841 1623 2949 1676 τῶν
2979 1621 3186 1675 πόλεων
3213 1620 3247 1691 ἢ
3271 1617 3472 1688 κωμῶν
3501 1618 3571 1672 δι’
3601 1621 3764 1688 ἀκρι-

2173 1715 2326 1780 δείας
2364 1715 2734 1787 καταμηνύει,
2763 1716 2798 1788 ἢ
2827 1715 2950 1770 τίνα
2981 1711 3130 1768 οἷκον
3159 1714 3350 1784 ὥσπερ
3386 1709 3633 1780 δακτύλῳ
3659 1727 3766 1778 ση-

2181 1807 2396 1876 μαίνεις
2445 1807 2741 1879 Σύγκρινον
2793 1807 2973 1862 τοίνυν
3027 1806 3234 1878 ἀστέρα
3273 1805 3408 1875 πρὸς
3451 1802 3622 1874 ἥλιον,
3682 1801 3768 1862 ὡς

2178 1900 2381 1970 ἐμπίδα
2411 1900 2523 1972 (44)
2550 1901 2687 1971 πρὸς
2708 1899 2999 1970 ἐλέφαντα,
3024 1899 3118 1954 καὶ⁵
3147 1898 3209 1952 τὸ
3236 1896 3378 1949 θεῖον
3399 1896 3595 1965 ἄστρον
3623 1892 3766 1964 πρὸς

2170 1994 2270 2064 τὴν
2293 1991 2484 2048 πασῶν
2513 1991 2735 2064 μείζονα
2761 1993 2938 2059 πόλιν,
2962 1993 3038 2057 ὡς
3061 1991 3198 2062 πρὸς
3222 1987 3467 2060 κάμηλον
3497 1988 3762 2040 κώνωπα.

2171 2079 2354 2138 Εἰοῦν
2387 2085 2448 2137 οὑ
2491 2081 2832 2155 γινώσκομεν
2864 2084 3023 2138 ποίαν
3068 2082 3176 2136 τῶν
3224 2080 3500 2152 μεγίστων
3551 2076 3765 2130 πόλεων

2174 2177 2518 2248 καταμηνύει
2549 2175 2865 2248 ὑπερεστὼς
2893 2177 2922 2229 ὁ
2954 2175 3063 2229 τῶν
3107 2174 3410 2246 φωστήρων
3449 2170 3610 2236 ἅναξ,
3644 2168 3767 2232 πῶς

2173 2267 2266 2321 τὸν
2294 2267 2535 2339 ἀμυδρὸν
2563 2267 2770 2339 ἀστέρα
2796 2265 3170 2336 καταμηνύειν
3190 2262 3250 2316 τὸ
3280 2260 3545 2334 σπήλαιον
3571 2259 3767 2329 φήσω-

2179 2377 2299 2432 μεν,
2349 2362 2398 2414 εί
2431 2360 2506 2432 μὴ
2553 2359 2785 2430 ἄγγελος
2809 2359 3057 2431 ὑπῆρχεν
3089 2357 3378 2428 πρόσγειον
3405 2353 3506 2424 τὴν
3532 2353 3769 2422 ἀκροπο-

2175 2454 2296 2527 ρίαν
2322 2453 2664 2525 ποιούμενος,
2696 2453 2792 2507 καὶ⁸
2833 2451 3055 2524 μηνύων
3089 2450 3187 2522 τὴν
3223 2447 3576 2510 δεσποτείανς
3612 2445 3770 2498 Παυ-

2175 2543 2461 2598 σάσθωσαν
2501 2544 2601 2614 τῆς
2635 2541 2923 2614 παροινίας
2945 2543 2994 2594 οἱ
3033 2539 3242 2611 ἀστέρα
3265 2536 3654 2591 ὲπανατέλλειν
3697 2537 3768 2606 τῇ

2174 2637 2404 2691 ἑκάστου
2457 2635 2616 2707 ἡμῶν
2667 2635 2878 2704 γενέσει
2922 2633 3194 2704 οἰόμενοι,
3251 2628 3579 2702 μυθολέσχαι
3621 2627 3771 2689 τινὲς

2175 2730 2528 2803 ὑπάρχοντες,
2548 2728 2643 2783 καλ⁸
2661 2727 3031 2782 συνεκλείπειν
3046 2723 3122 2794 τῷ
3139 2722 3426 2794 θνήσκοντι
3446 2720 3536 2774 τὸν
3557 2717 3770 2790 ἀστέρα

2173 2820 2489 2894 ληροῦντες.
2517 2820 2621 2874 Δύο
2659 2820 2766 2890 γὰρ
2796 2817 3100 2888 ἀνθρώπων
3130 2816 3300 2868 ὄντων
3327 2815 3386 2866 ὲν
3424 2812 3636 2882 κόσμῳ,
3667 2810 3769 2864 τοῦ

2188 2912 2359 2982 Ἀδάμ
2388 2929 2530 2984 φημι
2561 2912 2655 2966 καὶ
2695 2910 2799 2981 τῆς
2843 2908 3011 2972 Εὑας,
3059 2908 3090 2961 ό
3131 2906 3361 2978 οὐρανὸς
3391 2904 3608 2974 ἄστρων
3638 2905 3770 2956 έπε-

2175 3004 2454 3077 πλήρωτο.
2497 3003 2692 3057 "rem
2720 3001 2777 3055 δὲ
2812 2999 2974 3054 πάλιν
3001 2997 3391 3068 ἀφανισθείσης
3421 2995 3514 3048 ἐπὶ
3541 2994 3648 3048 τῶν
3679 3011 3771 3063 γι-

2174 3091 2387 3160 γάντων
2433 3091 2613 3160 πάσης
2658 3089 2905 3161 ἐμψύχου
2949 3086 3166 3158 φύσεως
3187 3126 3203 3152 ,
3235 3086 3374 3158 πλὴν
3425 3085 3608 3153 ὀγδόου
3661 3083 3764 3137 τοῦ

2177 3182 2466 3238 θεσπεσίου
2489 3183 2611 3236 Νῶε
2631 3181 3043 3254 περισωθέντος,
3067 3181 3127 3234 οὑ
3154 3177 3474 3250 συναπήχθη
3499 3177 3565 3231 τὰ
3587 3177 3772 3248 ἄστρα

2177 3276 2290 3338 τοῖς
2317 3273 2615 3346 ὲκτριϐεἶσι
2642 3273 2720 3346 τῷ
2749 3274 2925 3342 ὕδατι,
2954 3273 3075 3327 οὑδὲ
3107 3271 3280 3343 βραχὺ
3305 3271 3403 3342 τῆς
3425 3269 3630 3334 οἰκείας
3656 3287 3770 3322 πα-

2181 3367 2440 3439 ρεκινήθη
2472 3366 2700 3433 τάξεως.

491 3465 688 3526 praeter
723 3473 821 3512 eos
850 3465 976 3513 octo
1002 3457 1097 3526 qui
1127 3471 1251 3512 cum
1290 3457 1479 3511 divino
1509 3455 1625 3511 Noa
1674 3458 1875 3512 servati
1929 3471 2193 3522 sunt,non
2221 3461 2385 3514 simul
2419 3460 2600 3516 ablata
2636 3465 2777 3516 sunt
2805 3469 2951 3514 astra
2976 3473 3102 3514 cum
3152 3457 3263 3513 illis
3296 3460 3388 3528 qul
3415 3469 3556 3526 aqua
3596 3452 3768 3509 deleti

490 3559 652 3617 sunt,
701 3567 878 3622 neque
929 3552 1010 3605 vel
1050 3551 1332 3621 paululum
1372 3565 1403 3606 a
1427 3565 1528 3607 suo
1583 3562 1927 3608 recesserunt
1959 3555 2172 3614 ordine.

897 3653 1415 3713 INTERROGATIO
1479 3655 1660 3714 CVIII.

562 3746 854 3814 Quomodo
891 3762 1021 3802 vero
1045 3745 1330 3819 Scriptura
1357 3748 1695 3819 astrologum
1733 3748 1866 3803 dicit
1897 3749 2070 3803 Abra-

491 3839 764 3894 hamum?
795 3848 891 3893 aut
929 3839 1209 3910 quomodo
1253 3849 1310 3896 et
1355 3841 1494 3897 alios
1542 3841 1854 3897 invenimus
1902 3841 2072 3911 pluri-

494 3949 636 3998 mos,
673 3933 768 4005 qui
793 3949 860 3988 ex
891 3935 1058 3990 astris
1079 3934 1253 3988 multa
1277 3949 1400 4004 qua:
1435 3935 1573 3988 fiunt
1609 3937 1755 4005 apud
1780 3949 1882 3989 nos
1927 3949 2070 4004 prae-

491 4025 704 4089 dicunt,
741 4023 906 4079 veluti
933 4023 1082 4094 quod
1113 4024 1203 4080 hic
1227 4024 1410 4081 infans
1449 4025 1689 4090 adultus,
1732 4026 1785 4080 in
1836 4025 2070 4080 homici-

491 4118 616 4170 dam
646 4131 915 4172 evasurus
945 4115 1038 4180 sit,
1068 4124 1161 4171 aut
1187 4115 1527 4181 adulterum;
1573 4116 1666 4172 ille
1706 4132 1835 4172 vero
1892 4117 1945 4172 in
1987 4133 2073 4173 so-

493 4209 672 4264 brium
729 4214 785 4263 et
825 4205 1215 4262 modestiorem
1270 4213 1326 4263 et
1379 4205 1745 4274 fortunatum,
1805 4207 2072 4263 beneficio

497 4305 698 4362 sideris
727 4305 750 4357 ‘t

1125 4393 1430 4465 Responsio.

564 4484 940 4542 Patriarcham
960 4487 1184 4560 quidem
1215 4487 1592 4544 Ahrahamum
1625 4490 1859 4546 historia
1884 4502 2066 4549 astro-

493 4591 719 4634 nomum
741 4592 969 4646 vocans,
992 4593 1268 4650 nusquam
1291 4581 1445 4650 ponit
1473 4580 1657 4652 ipsum
1685 4597 1784 4650 pro
1837 4583 1945 4639 diis
1975 4585 2074 4638 ha-

486 4671 678 4725 buisse
705 4669 789 4725 vel
816 4669 1055 4726 coluisse
1076 4671 1284 4727 stellas.
1311 4669 1515 4726 Verum
1551 4673 1616 4728 ad
1641 4677 2061 4744 agriculturam,

490 4772 545 4817 et
568 4762 793 4826 imbres,
821 4773 874 4818 et
917 4763 1195 4819 siccitates
1229 4770 1694 4836 tempestatesque
1723 4766 1842 4836 ipse
1873 4767 2066 4823 obser-

492 4868 656 4910 vasse
706 4855 1022 4924 patriarcha
1077 4854 1345 4920 creditur,
1392 4865 1452 4910 ut
1496 4857 1588 4926 qui
1652 4865 1811 4924 patre
1856 4859 2076 4928 genitus

490 4953 638 5000 esset
663 4946 852 5016 gentili
882 4944 1088 5011 Thare,
1112 4955 1168 5001 et
1196 4961 1322 5001 cum
1343 4946 1617 5004 Chaldaeis
1655 4958 1929 5012 versatus,
1975 4950 2075 5022 qui

492 5033 902 5090 multitudinem
932 5033 1162 5090 deorum
1199 5034 1520 5092 credebant.
1558 5035 1676 5093 Non
1705 5040 1854 5094 enim
1907 5039 2068 5109 juxta

563 5258 676 5329 (4⁸5)
712 5255 1296 5329 Πλητῶνᾼπνζατειῶν.
1328 5256 1491 5314 Forte
1513 5257 1729 5312 πλατῶν
1761 5257 2065 5324 παλατίων,

490 5327 582 5383 vel
603 5328 848 5380 πλατέων
884 5327 1011 5380 παλ.
1046 5328 1202 5383 Ευιτ.

562 5399 674 5468 (Η)
692 5397 965 5467 Ἐμπίδα.
1001 5396 1220 5469 Priores
1242 5397 1510 5453 editiones
1533 5397 1741 5468 ἔμπεδα
1764 5413 1928 5469 {quae
1943 5399 2062 5469 qui-

490 5467 614 5524 dem
627 5485 732 5524 vox
758 5470 890 5540 nihil
923 5469 1029 5540 huc
1053 5467 1178 5540 facit
1208 5488 1230 5540 :7
1253 5476 1339 5540 est.
1358 5470 1510 5540 enim
1534 5467 1767 5538 ἔμπεδα,
1788 5467 2060 5540 Hesychio

491 5546 734 5610 auctore,
773 5538 1022 5610 ὲωτηδῇ,
1075 5539 1272 5610 ἀληθῆ,
1310 5538 1522 5607 βέϐαια,
1570 5539 1787 5610 ισχυρὰ,
1827 5538 2058 5609 ἀμετάλο

491 5555 734 5604 auctore,
773 5555 1022 5660 επιτηοηι,
1075 5555 1272 5609 αληυη,
1310 5555 1522 5607 ρεοαια,
1570 5555 1787 5610 ισχυρα,
1827 5555 2058 5609 αμεταΑο

490 5607 682 5672 λακτα,
706 5609 940 5676 ἀσφαλῆ.
967 5607 990 5662 Ι
1019 5612 1104 5662 inc
1129 5609 1489 5663 Leunclavius
1510 5610 1718 5662 hiatum
1745 5611 1797 5666 in
1827 5625 1922 5662 sua
1949 5625 2062 5664 ver-

493 5680 647 5748 sione
685 5680 1021 5746 relinquens,
1049 5679 1226 5732 locum
1263 5679 1344 5732 sic
1377 5679 1562 5748 eﬂert:
1599 5679 1864 5746 Compara
1897 5679 2061 5748 igitur

493 5747 701 5799 stellam
727 5763 847 5799 cum
880 5748 1010 5808 sole.
1040 5748 1174 5801 velut
1213 5787 1225 5799 .
1245 5785 1261 5800 .
1280 5786 1294 5799 .
1335 5747 1402 5800 ad
1427 5748 1770 5814 elephantem.
1807 5747 2056 5803 Men’dum

495 5815 678 5882 itaque
723 5817 943 5887 sustulit
990 5818 1187 5871 Croius
1235 5817 1456 5887 AObserv.
1488 5819 1543 5871 in
1592 5817 1726 5870 Nov.
1765 5819 1906 5872 Test.
1934 5835 2056 5887 cap.

499 5899 698 5950 xxvnt,
749 5886 1056 5939 rescribens
1095 5885 1312 5956 ἐμπίδα.
1359 5888 1629 5959 llesycltio
1677 5898 1858 5951 autem
1893 5885 2058 5961 ἐμπίς

2756 3661 3006 3716 ΠΕΥΣῘΣ
3055 3662 3182 3716 ΡΗ⁹.

2246 3755 2357 3808 Καὶ
2389 3754 2506 3818 πῶς
2532 3756 2564 3825 ἡ
2600 3754 2792 3826 Γραφὴ
2815 3753 3142 3826 ἀστρολόγον
3168 3752 3260 3806 τὸν
3294 3751 3547 3823 Ἀϐραὰμ
3569 3751 3722 3821 λέγει
3745 3769 3764 3820 ;

2176 3845 2292 3909 πῶς
2307 3845 2364 3897 δὲ
2380 3845 2474 3898 καὶ
2495 3845 2716 3916 ἑτέρους
2733 3846 3018 3908 πλείστους
3039 3844 3389 3918 εὑρίσκομεν,
3414 3845 3521 3897 ἀπὸ
3545 3844 3769 3916 ἄστρων

2175 3937 2346 3992 πολλὰ
2369 3937 2477 3992 τῶν
2509 3939 2632 3992 καθ’
2662 3940 2809 4010 ἡμᾶς
2844 3939 3123 4008 λέγοντας,
3165 3940 3248 3992 ὅτι
3295 3937 3514 4008 φονικὸν
3549 3939 3766 4012 ἀποϐή-

2179 4046 2333 4082 σεται
2357 4030 2419 4082 τὸ
2439 4030 2650 4084 παιδίον
2663 4029 3099 4102 αὑξανόμενον,ἢ
3125 4031 3311 4102 μοιχόν
3331 4048 3344 4060 ·
3376 4031 3435 4084 τὸ
3463 4031 3520 4085 δὲ
3551 4031 3762 4102 ἕτερον,

2178 4121 2461 4193 νηφάλιον,
2508 4123 2602 4178 καὶ
2651 4123 3116 4196 σωφρονέστερον,
3151 4125 3247 4179 καὶ
3289 4125 3512 4196 εὑτυχὲς
3536 4166 3550 4189 ,
3579 4125 3668 4179 διὰ
3704 4126 3764 4180 τὸ

2179 4211 2376 4284 ἄστρον
2400 4230 2415 4278 ;

2795 4396 3154 4464 Ἀπόκρισις.

2265 4488 2328 4542 Ἡ
2361 4489 2458 4558 μὲν
2487 4489 2694 4560 ἱστορία
2722 4489 2812 4541 τὸν
2836 4489 3186 4560 πατριάρχην
3226 4487 3474 4558 Ἀϐραὰμ
3497 4489 3763 4562 ἀστρονό-

2183 4596 2281 4650 μον
2307 4579 2589 4648 φάσκουσα
2607 4620 2620 4642 ,
2648 4578 2857 4632 οὑδέπω
2897 4579 3058 4633 αὑτὸν
3086 4578 3350 4633 θεοποιεῖν
3373 4579 3406 4651 ἢ
3436 4579 3615 4634 σέϐειν
3641 4580 3764 4646 τοὺς

2177 4672 2415 4742 ἀστέρας
2439 4671 2792 4742 παρίστησιν,
2818 4671 2954 4725 ἀλλὰ
2995 4671 3131 4745 πρὸς
3159 4671 3433 4744 γεωργίας
3467 4674 3563 4726 καὶ
3587 4675 3761 4744 ἑπομ-

2175 4762 2335 4834 ϐρίας
2364 4763 2608 4836 αὑχμούς
2648 4780 2706 4818 τε
2746 4766 2842 4820 κα)⁵
2882 4764 3156 4838 χειμῶνας
3190 4765 3479 4836 προσέχειν
3523 4767 3708 4832 αὑτοῖς
3731 4768 3763 4823 ό

2176 4855 2522 4928 πατριάρχης
2550 4856 2887 4910 πιστεύεται·
2920 4859 3016 4911 καὶ
3057 4856 3228 4911 ταῦτα
3256 4857 3465 4929 πατρὸς
3498 4859 3764 4930 ὑπάρχων

2176 4944 2436 5017 Ἕλληνος
2480 4945 2577 5000 τοῦ
2608 4945 2797 5018 saepe
2821 4990 2836 5014 ,
2879 4948 2972 5002 καὶ
3022 4947 3311 5013 Χαλδαίοις
3335 4949 3637 5018 meme»
3662 4967 3762 5004 πο-

2172 5034 2391 5090 λυθεῖαν
2447 5036 2832 5108 πυρέττουσιν.
2880 5037 2958 5092 οὑ
3007 5038 3117 5111 γὰρ
3178 5039 3321 5093 κατὰ
3371 5040 3756 5112 ἀστρονομίαν,

2169 5260 2377 5336 dicitur
2400 5261 2620 5336 κώνωψ,
2659 5259 2862 5336 ἦμεῐδος
2896 5263 3058 5336 ζώου,
3091 5262 3244 5335 παρὰ
3275 5265 3388 5336 τοῖς
3415 5264 3575 5320 ὕδασι
3605 5267 3762 5336 [svo-

2172 5350 2334 5407 μενον
2451 5330 2716 5407 γεννῴμξ]
2748 5336 2931 5407 ὅμοιον
2968 5330 3212 5407 κώνωπι,
3251 5335 3436 5406 μεῖξον
3455 5336 3553 5407 ﬁt.
3610 5330 3758 5392 (ἴσοξὶ

2169 5405 2476 5477 restitutio_
2498 5405 3085 5477 probatitr’Cotelerio
3132 5407 3185 5459 in
3238 5405 3355 5460 not.
3402 5405 3471 5459 ad
3520 5419 3644 5477 cap.
3694 5410 3762 5463 19

2163 5475 2315 5548 epist.
2446 5473 2646 5548 Ignatii
2667 5475 2758 5548 Μ.
2792 5476 2859 5530 ad
2905 5473 3763 5548 Magnesiams,_versioneinqoe

2167 5542 2629 5617 Leunelavianam
2663 5547 2738 5601 ita
2775 5542 3018 5617 supplet,
3068 5557 3226 5616 prout
3259 5546 3568 5601 edidimus:
3599 5542 3761 5604 Cdm—

2163 5627 2295 5681 ραι-α
2325 5615 2488 5681 igitur
2517 5617 2730 5670 stellam
2753 5615 3031 5676 curu‘sole.
3057 5615 3192 5670 uelut
3222 5632 3460 5670 muscam
3493 5617 3758 5672 vinariam

2163 5681 2234 5736 ad
2248 5684 2596 5757 elephantem.
2618 5685 2806 5757 Neque
2821 5688 2985 5741 aliter
3009 5687 3267 5751 Grabius,
3295 5686 3439 5755 Spic.
3465 5685 3570 5744 SS.
3603 5688 3756 5742 Patr.

2163 5763 2296 5834 tom.
2422 5771 2542 5828 pag.
2585 5753 2728 5825 557;
2748 5759 2873 5814 licet
2903 5758 3050 5814 Croii
3080 5767 3136 5814 et
3175 5753 3430 5813 Cotelerii
3465 5758 3613 5814 haud
3643 5774 3761 5814 Ine-

2163 5839 2357 5878 mtnert
2391 5863 2405 5878 .

2163 5839 2405 5881 mlnCI‘ll.
