4112 6380
410 353 516 412 επ

409 471 552 528 ἀλλὰ
572 468 885 526 θωσέσειαν
915 470 1133 543 πρῶτον
1159 470 1353 542 ἑαυτῷ,
1379 471 1479 527 εἶθ’
1501 470 1675 537 οὕτως
1710 472 1896 528 Ἰσαὰκ
1918 471 1997 544 τῷ

413 562 589 627 παιδὶ,
631 560 694 615 τὸ
752 561 995 633 σιδήριον
1041 562 1140 632 τῆς
1168 563 1489 634 ’περιτομῆς
1525 563 1869 636 τεθηγμένον
1912 566 2004 618 ἑπ-

413 653 640 721 ήγαγεν.
686 648 821 703 Οὐδὲ
855 648 1000 704 κατά
1019 651 1406 722 ἀστρονομίαν,
1431 652 1570 706 ἀλλά
1596 653 1908 726 θεηγορίαν,
1939 656 2005 708 ἐκ

415 739 516 810 τῆς
553 739 750 808 ἀγόνου
788 740 885 795 καὶ⁵
914 740 1221 811 παρήλικος
1254 741 1485 813 συμὸίου
1512 744 1611 814 τὴν
1652 745 1859 799 ἐκείνου
1888 745 2006 814 γέν-

410 848 565 898 νησιν
597 829 959 885 ἐπιστώσατο·
988 834 1119 904 περὶ
1156 828 1227 905 ἦς
1254 835 1318 886 ὲκ
1348 833 1477 897 νέας
1505 835 1599 887 καὶ
1629 834 1730 906 ήδη
1763 835 2006 906 σφριγώ-

415 939 518 992 σης
545 922 647 994 τῆς
670 922 909 993 ἡλικίας,
955 925 1149 996 μέχρις
1170 926 1339 996 αὐτῆς
1364 925 1557 990 πολιᾶς
1578 928 1672 981 καὶ
1702 927 2005 997 βαθυτάτου

411 1017 639 1084 γήρους,
671 1012 924 1085 ἀλλήλοις
954 1014 1436 1082 συγκαθεύδοντες,
1473 1017 1690 1071 οὐδέπω
1747 1020 2006 1090 ἀστρονο-

417 1105 569 1175 μίαις
601 1105 902 1161 ἐπείθοντο.
947 1106 1070 1160 Οὐδ’
1116 1102 1183 1161 αὖ
1235 1108 1399 1164 πάλιν
1438 1108 1534 1163 τοῦ
1582 1110 2006 1182 ἀστροτέκτονος

414 1197 502 1249 τὸν
531 1196 695 1251 παῖδα
741 1199 1111 1270 πειραστικιῖκ
1155 1200 1319 1254 αὑτὸν
1371 1200 1523 1255 θύειν
1566 1205 2003 1275 προστάξαντος,

413 1287 525 1340 οὐδ’
581 1288 805 1361 ἄστροις
852 1290 1137 1362 ἑπόμενος,
1176 1291 1314 1347 ἀλλά
1360 1293 1482 1365 Θεῷ
1526 1295 1866 1367 πειθόμενος,
1904 1299 2006 1370 τὴν

416 1380 692 1434 Χαλδαίαν
716 1384 781 1454 τῇ
813 1383 1213 1455 Μεσοποταμίᾳ
1244 1384 1443 1457 Συρίας
1479 1386 1787 1457 ἀμείϐεται.
1849 1389 2005 1455 ’Δξιῶ

415 1471 474 1524 δέ
524 1489 616 1526 σου
660 1474 760 1545 τὴν
806 1474 1107 1546 ἀγχίνοιαν,
1158 1475 1449 1548 ἀξιέραστε
1487 1481 1854 1547 Κωνστάντιε,
1905 1485 2007 1554 τῆς

419 1564 700 1637 παρούσης
726 1565 875 1629 θείας
900 1567 1225 1639 ὀμηγύρεως
1248 1569 1385 1641 πρὸς
1408 1570 1507 1643 τὴν
1544 1573 1805 1644 ἀκρόασιν
1832 1575 2005 1647 βραχὺ

422 1656 736 1730 σιωπώσης,
763 1659 863 1731 τὴν
893 1660 1037 1714 κατὰ
1069 1661 1129 1714 σὲ
1159 1662 1563 1735 ἀστρονομικὴν
1602 1666 1761 1737 ήμῶν
1792 1668 2007 1736 γένεσιν

417 1744 783 1819 διηγήσασθαί
833 1767 960 1820 μοι,
1003 1751 1098 1805 καὶ
1142 1752 1264 1822 ἥτις
1312 1753 1492 1815 αὐτῶν
1539 1756 1774 1829 ὑπάρχει
1825 1758 2007 1829 κρίσις

418 1840 513 1891 καὶ
563 1840 879 1913 συμπλοκή·
935 1842 1080 1897 οὕτω
1124 1846 1191 1915 τῇ
1238 1844 1360 1917 θείᾳ
1404 1845 1563 1921 ῥώμῃ
1606 1865 1667 1901 τε
1696 1850 1791 1903 καὶ
1843 1851 2007 1924 σοφίᾳ

419 1930 868 2004 καθαιρουμένων
895 1933 1004 1989 τῶν
1028 1934 1182 2007 παρά
1213 1935 1308 1988 σοῦ
1334 1936 1484 1990 δονου
1494 1938 1667 2007 μένων
1698 1938 2007 2010 δογμάτων,

420 2020 522 2075 πά)
534 2040 584 2076 ιν
622 2022 712 2077 διὰ
741 2023 958 2095 νήψεως
1002 2026 1096 2079 καὶ
1122 2025 1373 2090 παιδείας
1414 2028 1742 2099 κρειττόνων
1774 2029 1880 2083 ὑπὸ
1911 2030 2008 2085 σοῦ

420 2115 872 2185 ἀνεγειρομὲνων,
908 2116 984 2179 ὼς
1014 2116 1226 2171 καὶτοῦ
1255 2116 1460 2188 ὑψηλοῦ
1499 2118 1842 2190 ’Δποστόλου,
1875 2122 2011 2176 καθ-

421 2206 746 2278 αιρεθέντων
794 2209 893 2277 μὲν
924 2207 1033 2263 τῶν
1066 2209 1325 2280 νομικῶν,
1369 2210 1792 2280 ἀνθυψωθέντων
1819 2212 1876 2267 δὲ
1903 2213 2011 2268 τῶν

421 2298 815 2368 εύαγγελικῶν,
839 2300 937 2371 τῆς
962 2300 1020 2354 δὲ
1043 2302 1239 2366 κακίας
1261 2302 1707 2375 καταρραγείσης
1729 2304 1822 2359 καὶ
1838 2308 2015 2372 κτιζο-

426 2392 594 2461 μένης
631 2392 725 2444 ἐπὶ
745 2391 807 2445 τὸ
835 2394 1109 2462 κρεῖττον,
1138 2393 1236 2448 καὶ
1261 2394 1485 2465 εἰρήνης
1524 2410 1606 2447 σοι
1640 2393 1778 2466 πρὸς
1802 2395 1873 2449 τά
1902 2395 2015 2467 ὲμά

423 2480 718 2553 γινομένης
746 2482 1015 2553 δόγματα,
1054 2484 1149 2536 καὶ
1182 2483 1291 2539 τῶν
1318 2484 1751 2556 συνεγερθέντων
1786 2487 1879 2539 ἐπὶ
1914 2485 2014 2557 τὴν

423 2572 595 2643 ἀκοὴν
646 2570 741 2625 τοῦ
791 2572 949 2641 λόγου
992 2573 1289 2645 ἀλωὸήτως
1337 2574 1790 2645 άποφοιτώντων,
1848 2577 2015 2649 μηδὲν

424 2662 523 2731 τῆς
560 2661 873 2734 Ἑλληνικῆς
905 2663 1264 2733 ἐπαγομένων
1288 2664 1487 2728 κακίας
1509 2683 1523 2696 ·
1551 2666 1749 2735 ἐπάγει
1781 2667 1882 2735 μὲν
1908 2669 2014 2722 Δα-

424 2752 510 2804 διδ
533 2753 562 2804 ό
593 2752 701 2805 τῶν
735 2751 896 2806 θείων
943 2750 1178 2823 μελῳᾶὄς
1198 2770 1211 2783 ·
1267 2753 1431 2821 Αὕτη
1468 2756 1507 2823 ἠ
1538 2755 1871 2823 ἀλλοίωσις
1904 2756 2016 2826 τῆς

424 2842 628 2910 δεξιᾶς
667 2844 773 2899 τοῦ
822 2845 1145 2914 Ὑψίστου·
1189 2845 1505 2917 ἑπιόοήσειε
1555 2848 1613 2901 δὲ
1667 2849 1763 2903 καὶ
1822 2852 1851 2904 ὁ
1905 2850 2016 2906 τῶν

426 2935 723 3006 προφητῶν
764 2933 969 3007 ὑψηλὸς
1017 2936 1245 2999 Ἡσαΐας
1276 2937 1343 2991 ὲκ
1384 2937 1679 3010 προσώπου
1714 2940 1809 2994 τοῦ
1841 2940 2013 2995 Θεοῦ*

436 3029 580 3098 Ἐγὼ
619 3030 654 3082 ό
692 3025 881 3081 ποιῶν
909 3026 1179 3097 εἰρήνην,
1222 3027 1324 3083 καὶ
1354 3030 1564 3091 κτίζων
1599 3032 1758 3086 κακὰ
1804 3032 1904 3089 ἐπὶ
1951 3034 2017 3093 τὸ

426 3138 715 3192 κρειττον.

1012 3253 1265 3308 ΠΕΥΣΙΣ
1295 3256 1416 3310 PG’.

499 3365 611 3438 Τῆς
636 3366 906 3438 ὑμετέρας
925 3364 1234 3436 ἁγιωσύνης
1258 3366 1439 3436 λέγειν
1472 3386 1561 3440 μοι
1589 3370 2013 3445 ἐπιτρεπούσης,

427 3458 678 3514 ἐντεῦθεν
699 3458 794 3512 τοῦ
818 3458 978 3527 λόγου
1005 3458 1267 3529 ἄρχομαι,
1292 3460 1352 3512 ού
1374 3460 1715 3533 λυμήνασθαι
1740 3466 1866 3529 τοὺς
1885 3482 2020 3537 παρ-

429 3552 609 3618 ὄντας,
643 3550 758 3605 ἀλλ’
788 3550 1085 3605 ἀποθέσθαι
1114 3549 1214 3621 τὴν
1231 3549 1410 3624 λύμην
1442 3552 1780 3626 βουλόμενος.
1815 3556 2019 3613 Αὐτίκα

431 3640 562 3712 γοῦν
598 3640 772 3712 Ἀρης
813 3639 924 3710 (45)
954 3640 1179 3711 κέντρον
1224 3640 1425 3706 λαϐὼν,
1459 3644 1643 3715 οἰκείῳ
1669 3645 1804 3717 οἴκῳ
1837 3647 1904 3701 ἐκ
1930 3664 2021 3700 τε-

432 3731 716 3806 τραγώνου
739 3730 1055 3801 ὲπιθεωρῶν
1073 3734 1280 3804 Κρόνον
1311 3734 1409 3789 σὺν
1448 3735 1623 3808 Ἐρμῇ
1652 3737 1747 3791 ἐπὶ
1772 3737 2019 3811 κέντρον,

433 3826 670 3897 Σελήνης
726 3824 814 3877 ἐπ’
863 3822 1026 3878 αύτδν
1076 3824 1321 3897 πλήρους
1365 3826 1676 3898 ἀρχομένης
1726 3828 1877 3903 (46),
1928 3831 2021 3885 ἐπὶ

431 3922 702 3992 ἡμερινῆς
733 3918 1068 3989 γεννήσεως,
1117 3918 1330 3971 ὲκτελεῖ
1359 3917 1716 3991 ἀνδροφόνους
1748 3922 1843 3975 καὶ
1875 3940 2022 3976 κτει-

432 4012 714 4083 νομένους,
758 4007 1069 4080 ἐπωμώτας
1100 4009 1213 4081 (47)
1244 4008 1338 4063 καὶ
1370 4011 1692 4081 αἱμοπότας,
1730 4013 2019 4084 μεθύσους,

432 4103 684 4173 λάγνους,
727 4101 1117 4173 δαιμονῶντας,
1166 4102 1482 4173 μυστηρίων
1514 4103 1849 4175 ἀποκρύφων
1875 4108 2021 4161 ἴστο-

440 4213 558 4267 ρας,
602 4194 807 4264 μάγους
835 4192 1021 4258 θύτας,
1069 4192 1167 4246 καὶ
1210 4192 1277 4245 τὰ
1305 4192 1515 4259 τούτοις
1542 4195 1850 4263 ἀκόλουθα,’
1876 4198 2023 4263 ἐξαι-

439 4289 609 4359 ρέτως
638 4270 865 4358 μηδενὸς
891 4284 1001 4339 τῶν
1019 4284 1365 4355 ἀγαθοποιῶν
1393 4287 1640 4359 ἀστέρων
1662 4290 2022 4363 ὲπιθεωροῦν-

434 4395 549 4442 τος.
591 4377 761 4441 Αὐτὸς
794 4376 853 4430 δὲ
895 4375 1059 4430 πάλιν
1098 4376 1273 4448 Ἀρης
1302 4376 1439 4449 πρὸς
1482 4378 1804 4452 Ἀφροδίτην
1835 4382 2023 4455 σχῆμα

435 4470 796 4543 τετράγωνον,
828 4466 1092 4540 μοιρικῶς
1119 4468 1211 4521 ἐπὶ
1239 4468 1463 4540 κέντρον
1490 4470 1565 4542 μὴ
1597 4470 2023 4545 ὲπιθεωροῦντός

433 4580 584 4626 τινος
630 4558 1004 4631 ἀγαθοποιοῦ,
1048 4560 1270 4631 μοιχοὺς
1303 4560 1583 4624 ἀποτελεῖ,
1634 4562 1892 4633 ἀδελφαῖς
1928 4568 2026 4621 καὶ

439 4653 683 4727 μητράσι
719 4651 1102 4724 μιγνυμένους.
1157 4651 1376 4724 Κύπρις
1418 4652 1515 4706 σὺν
1553 4655 1712 4726 Μήνῃ
1758 4657 1817 4709 ὲν
1853 4656 2026 4730 ὁρίοις

434 4747 537 4801 καὶ
560 4746 729 4809 οἴκοις
762 4744 993 4815 Κρόνου,
1026 4744 1123 4797 σὺν
1152 4745 1367 4815 Κρόνῳ,
1402 4746 1903 4817 ἐπιμαρτυροῦντος
1929 4747 2024 4802 τοῦ

436 4840 662 4910 ,Ἄρεοῶ
694 4835 948 4890 ἀποτελεῖ
975 4836 1238 4903 γυναῖκας
1259 4836 1540 4906 γεωργοὺς
1566 4838 1661 4890 καὶ
1689 4838 2027 4911 οἰκοδόμους,

430 4930 538 4986 καὶ
564 4929 781 4983 πάντων
800 4926 1063 4998 ἀνδρείων
1092 4925 1269 4998 ἔργων
1295 4926 1684 4997 ἐπιστήμονας,
1720 4929 1814 4981 καὶ
1831 4933 2031 4984 κοινοῦ-

431 5021 569 5076 σθαι
600 5020 693 5073 καὶ
744 5017 1131 5087 συγκαθεύδειν
1177 5011 1259 5080 οἷς
1289 5017 1334 5070 δ’
1374 5018 1440 5071 ἂν
1472 5017 1777 5088 βούλοιντο,
1825 5022 1921 5075 καὶ
1956 5023 2031 5094 μὴ

428 5111 747 5173 κωλύεσθαι
772 5111 880 5165 ὑπὸ
905 5110 1016 5164 τῶν
1059 5110 1276 5164 οἰκείων
1316 5110 1547 5181 ἀνδρῶν.
1607 5112 1914 5184 Ἀνδρείους
1939 5110 2033 5169 οὖν

509 5282 558 5314 ³³
598 5278 744 5335 Psal.
770 5292 957 5342 Lxxw,
988 5276 1075 5331 Η.
1151 5276 1200 5308 ⁸³
1238 5274 1345 5332 Isa.
1380 5292 1503 5340 XLV,
1535 5278 1589 5332 7.

513 5437 628 5508 (45)
660 5436 888 5491 Αὐτίκα
928 5433 1079 5508 γοῦν
1110 5435 1337 5508 ξἈρηςἎ
1352 5432 1500 5508 ane
1532 5432 1634 5486 hac
1676 5432 1730 5485 in
1764 5430 2030 5508 Interrog.

424 5503 551 5565 109
586 5503 641 5561 et
672 5503 943 5575 sequente
973 5505 1075 5558 HO
1111 5505 1272 5575 habet
1299 5503 1904 5575 C:esarius._excerpsit
1936 5518 2032 5557 seu

422 5579 630 5652 potius
662 5570 958 5652 descripsit
1002 5591 1068 5630 ex
1100 5574 1533 5652 Βεεοῃηὶιζρηηῃι
1579 5570 2035 5652 Clemeniinurup

421 5642 543 5708 iib.
588 5663 664 5711 ix,
699 5662 823 5719 cap,
850 5642 917 5719 Π
951 5661 1104 5719 seqq.
1134 5642 1325 5699 seu'ex
1363 5642 1691 5719 Bardesanis
1721 5643 2038 5719 dialqgonDe

424 5723 585 5794 fato,
626 5712 786 5794 cujus
814 5712 1044 5794 insigne
1066 5712 1431 5794 fragmentum
1464 5715 1624 5794 nobis
1657 5713 1895 5768 servavit
1926 5712 2036 5767 Eu-

424 5785 637 5850 icbins
670 5788 846 5857 Prtep.
878 5786 1081 5857 Evang.
1115 5785 1207 5839 lin.
1236 5799 1313 5857 vi,
1347 5800 1468 5853 cap.
1490 5785 1587 5857 l0.

520 5858 637 5930 “6)
675 5854 1050 5930 Ἀρχομένηςζ
1086 5857 1235 5927 Legit
1264 5855 1572 5911 Cutelcrius
1603 5854 1925 5926 ἐρχομένης,
1958 5855 2038 5909 lu-

1800 351 2160 413 DIALOGUS
2192 355 2265 411 ll.

3578 350 3685 408 978

2106 474 2254 544 leges
2277 472 2538 540 siderum,
2565 473 2660 530 sed
2689 474 2845 545 juxta
2886 473 3139 543 pietatem
3168 471 3222 527 in
3252 468 3422 525 Deum
3449 466 3686 536 primum

2109 564 2329 619 sibimet
2359 565 2491 635 ipsi,
2516 574 2570 621 et
2596 566 2856 636 deinceps
2885 563 3075 620 lsaaco
3098 562 3212 618 tilio
3241 558 3687 618 circumcisionis

2108 666 2326 712 acutum
2364 658 2602 712 cultrum
2626 657 2900 713 adhibuit.
2923 656 3112 727 Neque
3160 651 3469 711 secundum
3504 657 3687 704 astro-

2108 748 2369 815 nomiam,
2397 747 2495 805 sed
2522 747 2770 804 divinam
2818 748 3248 820 promissionem
3294 759 3361 800 ex
3412 740 3589 798 sterili
3635 747 3691 794 et

2108 838 2389 910 decrepita
2420 848 2680 895 consorte
2712 840 2964 896 sobolem
3008 856 3069 896 se
3101 844 3529 910 procreaturum
3563 848 3691 886 cre-

2109 926 2269 991 didit,
2305 943 2430 982 cum
2454 943 2563 999 qua
2594 929 2663 984 ab
2725 928 3099 985 adolescentia
3146 936 3200 983 et
3254 924 3473 981 ﬂorenti
3528 930 3691 977 aetate

2110 1034 2285 1089 usque
2311 1019 2379 1075 ad
2401 1020 2577 1091 ipsam
2612 1023 2875 1078 canitiem
2902 1031 2958 1077 et
2984 1034 3287 1077 extremam
3343 1022 3690 1073 senectutem

2078 1118 2362 1166 -versatus
2388 1120 2526 1172 erat.
2552 1110 2848 1184 Nunquam
2886 1120 3038 1168 certe
3088 1110 3444 1167 astronomiae
3485 1105 3693 1177 paruit,

2109 1218 2179 1258 ne
2204 1212 2333 1259 tunc
2354 1204 2600 1275 quidem,
2628 1219 2754 1260 cum
2794 1215 3067 1261 astrorum
3091 1203 3275 1273 opifex
3304 1216 3402 1273 per
3433 1196 3692 1255 tentatio-

2108 1310 2235 1350 nem
2267 1295 2436 1350 ﬁlium
2469 1296 2755 1351 immolare
2781 1294 3157 1365 praecepisset.
3191 1291 3383 1362 Neque
3431 1298 3580 1344 astra
3604 1302 3693 1341 se-

2110 1403 2307 1458 quens,
2342 1387 2439 1442 sed
2476 1386 2586 1443 Deo
2617 1387 2903 1453 obediens,
2936 1386 3247 1441 Chaldmam
3278 1398 3403 1438 cum
3448 1378 3694 1448 Mesopo-

2110 1482 2280 1537 tamia
2306 1479 2481 1551 Syria.-
2502 1487 2801 1549 permutat.
2846 1478 3093 1533 Obsecro
3140 1486 3324 1531 autem
3364 1487 3594 1528 acumen
3630 1469 3695 1524 il-

2111 1566 2204 1622 lud
2236 1574 2415 1632 tuum,
2447 1567 2869 1636 praeclarissime
2899 1566 3216 1631 Constanti,
3252 1571 3313 1619 ut
3344 1563 3400 1617 in
3428 1558 3695 1633 praesenti

2113 1672 2276 1712 sacro
2309 1666 2455 1712 cmtu
2485 1656 2769 1726 paululum
2826 1654 3178 1712 auseultandi
3227 1653 3405 1725 gratia
3450 1654 3692 1711 tacente,

2113 1747 2540 1805 astronomicam
2582 1747 2827 1818 genesim
2868 1758 3116 1804 nostram
3160 1760 3329 1816 quam
3361 1751 3420 1797 tu
3469 1739 3692 1802 statuis,

2110 1839 2350 1910 explices
2375 1838 2533 1902 mihi,
2551 1853 2801 1909 quanam
2824 1838 3065 1896 siderum
3084 1838 3159 1894 sit
3183 1847 3295 1892 tam
3321 1835 3507 1892 mistio
3529 1848 3693 1904 quam

2111 1928 2448 2000 conjunctio,
2489 1928 2666 1984 donec
2709 1928 2896 1985 divina
2922 1929 3130 1985 virtute
3164 1944 3228 1985 ac
3255 1927 3523 1998 sapientia
3563 1925 3696 1981 sub-

2111 2023 2306 2085 versis,
2340 2036 2462 2092 quae
2491 2035 2521 2074 a
2554 2031 2608 2076 te
2629 2021 2929 2093 agitantur,
2946 2020 3241 2092 dogmatis,
3274 2034 3467 2075 rursus
3489 2033 3584 2088 per
3606 2031 3696 2072 so-

2112 2115 2399 2170 brietatem
2429 2125 2485 2170 et
2514 2113 2825 2168 doctrinam
2869 2113 3190 2169 melioribus
3235 2113 3291 2167 in
3326 2120 3382 2167 te
3415 2109 3692 2171 excitatis,

2112 2211 2576 2281 quemadmodum
2617 2218 2672 2266 et
2700 2210 2767 2264 ab
2802 2210 3022 2265 excelso
3041 2210 3306 2281 Apostolo
3331 2207 3553 2273 dicitur,
3600 2205 3698 2261 de-

2113 2303 2318 2359 molitis
2348 2304 2639 2374 legalibus,
2687 2310 2743 2357 et
2774 2301 3020 2358 vicissim
3051 2301 3306 2357 exaltatis
3327 2296 3695 2370 Evangelicis,

2111 2393 2358 2464 nequitia
2393 2394 2591 2460 fracta,
2616 2403 2669 2449 et
2698 2395 2753 2448 in
2784 2394 2979 2449 melius
3004 2393 3281 2455 restituta,
3308 2404 3551 2462 paceque
3571 2403 3699 2443 cum

2113 2487 2254 2541 meis
2283 2487 2558 2559 dogmatis
2585 2487 2970 2553 reconciliata,
3002 2494 3057 2542 et
3092 2486 3201 2542 illis
3221 2485 3317 2556 qui
3348 2498 3458 2539 una
3489 2481 3558 2537 ad
3600 2497 3701 2537 au-

2114 2573 2373 2629 diendum
2406 2576 2556 2632 hunc
2598 2590 2907 2631 sermonem
2940 2575 3162 2632 excitati
3212 2580 3359 2639 sunt,
3388 2572 3575 2628 illaesis
3605 2570 3702 2628 ab-

2114 2666 2402 2732 euntibus,
2459 2681 2563 2722 nec
2629 2665 3004 2737 improbitatis
3056 2664 3340 2737 gentilitiae
3400 2662 3701 2733 quidquam

2115 2778 2302 2819 secum
2332 2761 2785 2833 asportantibus:
2837 2761 3071 2818 Davides
3110 2760 3332 2831 quidem
3385 2764 3580 2813 auctor
3610 2755 3702 2810 ille

2114 2853 2425 2909 divinorum
2474 2854 2782 2909 carminum
2822 2853 3131 2923 subjiciat:
3183 2851 3314 2906 Han:
3362 2859 3439 2905 est
3474 2848 3702 2902 mutatio

2115 2946 2347 3003 dextera:
2372 2946 2640 3001 Altissimi
2659 2947 2704 2980 δ’
2734 2964 2750 3009 ς
2776 2946 3010 3002 eximius
3032 2953 3214 3001 autem
3237 2950 3390 3000 vates
3412 2941 3583 2999 Isaias
3606 2954 3700 2993 ac-

2115 3040 2316 3094 elamet
2344 3040 2400 3093 in
2431 3054 2669 3110 persona
2696 3037 2790 3094 Dei
2824 3057 2838 3092 :
2879 3036 2991 3109 Ego
3018 3035 3318 3102 suntDeus,
3346 3034 3438 3090 ille
3460 3034 3550 3104 qui
3572 3032 3707 3102 facit

2119 3146 2301 3201 pacem
2333 3141 2381 3187 et
2413 3130 2557 3186 mala
2586 3133 2640 3185 in
2662 3131 2849 3186 melius
2881 3140 3087 3186 revocat
3106 3131 3174 3187 ⁸⁸.

2634 3259 3154 3320 INTERROGATIO
3190 3259 3326 3319 CIX.

2195 3375 2361 3431 Facta
2392 3375 2526 3431 mihi
2560 3374 2778 3431 dicendi
2812 3379 3085 3445 potestate
3118 3386 3148 3426 a
3179 3370 3469 3428 sanctitate
3500 3372 3714 3433 vestra,

2118 3467 2427 3523 orationem
2453 3466 2809 3539 auspicabar,
2848 3480 2962 3521 non
2989 3474 3051 3519 ut
3074 3475 3427 3533 corrumpam
3462 3473 3711 3530 praesen-

2119 3566 2223 3623 tes,
2261 3560 2356 3615 sed
2398 3559 2480 3615 uti
2531 3574 2647 3616 rem
2694 3557 3064 3631 perniciosam
3095 3555 3431 3626 abjecturus.
3479 3549 3712 3618 Quando

2122 3650 2289 3721 igitur
2318 3650 2463 3708 Mars
2493 3660 2747 3707 centrum
2782 3659 2973 3706 tenens
3004 3649 3060 3704 in
3092 3647 3257 3703 domo
3289 3659 3411 3709 sua,
3440 3641 3713 3714 quadrato

2120 3754 2349 3818 aspectu
2402 3759 2527 3800 cum
2566 3742 2839 3800 Mercurio
2886 3748 3139 3798 centrum
3189 3739 3335 3794 lunae
3380 3751 3502 3807 qua
3547 3736 3709 3805 plena

2121 3851 2245 3891 esse
2274 3834 2501 3904 incipit,
2536 3831 2595 3887 in
2625 3830 2980 3903 generatione
3010 3828 3211 3884 diurna
3250 3827 3516 3889 intuetur,
3549 3822 3713 3877 eﬂicit

2122 3927 2431 3983 homicidas
2460 3932 2516 3980 et
2550 3922 2966 3990 interfectores,
2998 3922 3437 3993 juramentorum
3478 3927 3713 3985 usurpa-

2123 4028 2269 4073 tores
2292 4025 2346 4073 et
2370 4024 2594 4087 potores
2633 4012 2940 4084 sanguinis,
2976 4010 3182 4077 ebrios,
3212 4006 3576 4069 eli'eminatos,
3602 3999 3717 4055 daa-

2122 4108 2406 4164 moniacas
2426 4105 2654 4161 notitias
2674 4102 3125 4159 absconditorum
3149 4097 3537 4170 mysteriorum
3562 4106 3713 4149 scru-

2123 4208 2325 4263 tantes,
2365 4212 2560 4269 magos
2595 4196 2877 4253 sacriﬁcos
2909 4201 2964 4249 et
3003 4208 3127 4265 quae
3162 4197 3293 4246 sunt
3317 4188 3442 4243 istis
3472 4185 3709 4243 similia:

2125 4292 2170 4347 si
2195 4290 2499 4362 praesertim
2520 4288 2729 4343 nullius
2747 4285 2977 4342 alterius
2993 4281 3253 4339 beneﬂcae
3270 4279 3441 4335 stellae
3454 4283 3717 4347 aspectus

2124 4384 2219 4439 sit.
2270 4381 2486 4437 Rursus
2529 4381 2675 4436 idem
2718 4379 2865 4435 Mars
2915 4377 3135 4432 intuens
3167 4374 3437 4429 Venerem
3485 4374 3727 4438 aspectu

2129 4473 2419 4545 quadrato,
2451 4474 2497 4529 si
2528 4487 2638 4528 non
2674 4471 2747 4526 sit
2788 4475 3045 4540 aspectus
3082 4462 3318 4535 alicujus
3348 4459 3520 4517 stella:
3547 4458 3716 4513 bene-

2134 4567 2249 4623 ﬁcte
2278 4568 2333 4621 in
2363 4573 2574 4626 centro.
2607 4563 2887 4618 adulteros
2918 4558 3103 4622 eiiicit,
3137 4570 3250 4612 rem
3278 4568 3405 4609 cum
3431 4549 3728 4608 sororibus.

2134 4664 2190 4713 et
2225 4655 2493 4711 matribus
2536 4654 2822 4709 habentes.
2862 4648 3049 4706 Venus
3090 4661 3221 4703 cum
3261 4645 3393 4699 luna
3422 4642 3480 4696 in
3513 4639 3715 4694 ﬁnibus

2134 4756 2190 4804 et
2222 4747 2482 4804 domibus
2508 4744 2752 4811 Saturni,
2773 4743 3068 4800 accedente
3094 4739 3355 4798 Saturno,
3380 4731 3717 4804 approbante

2126 4840 2322 4906 Marte,
2367 4838 2528 4896 edicit
2570 4839 2833 4893 mulieres
2868 4848 3126 4907 agrorum
3158 4829 3421 4887 cultrices
3450 4832 3507 4882 et
3535 4823 3717 4879 archi-

2129 4942 2357 4991 tecturae
2394 4934 2756 5002 omniumque
2801 4929 3044 4986 virilium
3080 4937 3310 4996 operum
3339 4933 3562 4994 gnaras,
3590 4931 3718 4971 con-

2132 5025 2485 5083 suetudinem
2520 5023 2787 5080 babentes
2816 5029 2873 5077 et
2897 5018 3329 5076 concumbentes
3359 5026 3485 5068 cum
3515 5010 3718 5083 quibus

2130 5118 2429 5185 voluerint,
2478 5115 2616 5172 nihil
2647 5112 3075 5187 impedientibus
3121 5110 3176 5163 in
3224 5106 3328 5162 hoc
3355 5118 3450 5160 eas
3478 5098 3715 5183 maritis.

2134 5448 2371 5503 cumque
2404 5432 2676 5503 integrum
2705 5430 2785 5486 sic
2818 5430 3033 5485 reddit:
3071 5428 3205 5483 Cum
3230 5425 3397 5497 igitur
3421 5420 3573 5503 Mars
3596 5436 3739 5503 σξη-ν

2136 5489 2593 5569 ιγιιιηίεηεηε,“ἳιι
2625 5501 2781 5555 domo
2804 5518 2903 5554 sua
2930 5514 2995 5553 ex
3034 5489 3306 5573 tetragono
3340 5494 3568 5573 respexit
3612 5489 3722 5573 Sa:

2137 5586 2389 5639 turnum,
2435 5566 2563 5627 [uita
2610 5573 2843 5627 veniente
2883 5586 3037 5640 super
3060 5566 3186 5624 eum'
3216 5568 3393 5636 plena,
3446 5566 3501 5619 in
3545 5566 3727 5633 genesi

2133 5649 2722 5789 dui'i'ii'éi—Eémazac.
2756 5711 2850 5770 Vel
2879 5711 3189 5784 ὲπωμότας,
3220 5708 3355 5765 verti
3384 5705 3551 5764 etiam
3589 5713 3723 5775 pos-

2142 5788 2225 5845 set
2242 5788 2501 5859 pe'rjuros.
2539 5788 2748 5843 ουτω..
