4142 6382
392 389 502 452 979
1499 373 1560 432 ε.
1597 371 1898 430 CAESARI!
1919 368 2254 430 GREGORII
2284 363 2582 425 FRATBIS
3566 349 3673 408 980

401 515 598 574 Virtles
656 519 842 570 autem
885 508 1051 567 etﬁcit
1098 505 1361 561 mulieres
1405 503 1463 558 iu
1511 502 1872 575 Capricorno,
1926 495 1982 550 in

2098 490 2344 546 ἀποτελεῖ
2372 489 2637 558 γυναῖκας
2669 488 2726 538 ἐν
2765 483 3073 556 αἰγοκέρῳ,
3113 461 3380 552 sapam;
3416 477 3678 531 κακοδαί-

401 607 665 683 Aquario,
693 606 790 663 sed
810 604 865 659 in
903 619 964 659 re
995 614 1225 657 venerea
1258 596 1527 654 infelices.
1558 570 1616 651 in
1639 595 1772 650 viris
1801 602 1982 648 autem

2098 599 2260 652 μόνας
2285 583 2344 636 ὲν
2385 578 2676 651 ’Δφροδίτῃ
2696 576 2833 648 (48).
2883 575 3000 629 Ἐπ’
3035 572 3247 646 ἀνδρῶν
3282 571 3340 625 δὲ
3360 570 3675 624 τούναντίον

399 703 632 759 eﬂicitur
675 697 1040 759 contrarium,
1083 693 1133 749 si
1168 706 1296 748 cum
1354 688 1526 745 Marte
1572 689 1646 744 sit
1690 687 1746 742 in
1778 687 1982 742 Ariete.

400 796 521 863 Quo
551 794 628 859 lit,
656 800 716 847 ιιι
755 794 1034 859 nequeant
1073 785 1159 840 vel
1191 791 1359 849 metu,
1394 782 1480 838 vel
1530 780 1768 851 alicujus
1793 779 1982 839 minis,

401 892 486 946 vel
521 897 640 943 arte
673 885 956 943 continere
988 881 1273 946 libidines,
1317 885 1541 949 propter
1568 874 1983 931 inclinationem

400 991 696 1040 astrorum.

1037 1046 1346 1117 Responsio.

469 1140 777 1198 Admodum
802 1141 941 1197 scite
963 1137 1221 1209 gentilitii
1249 1134 1458 1192 erroris
1487 1132 1793 1190 enuntiasti
1830 1132 1987 1187 fabu-

403 1237 508 1291 las.
538 1234 800 1291 Vicissim
834 1235 1002 1305 igitur
1049 1239 1103 1288 et
1152 1244 1254 1301 ego
1301 1228 1565 1284 audacter
1597 1226 1884 1298 aggrediar
1923 1241 1988 1282 ea

402 1345 523 1400 qua:
551 1343 581 1382 a
609 1334 665 1383 te
713 1327 858 1382 dicta
895 1332 1047 1387 sunt,
1080 1331 1135 1381 et
1166 1322 1350 1378 fundae
1382 1321 1467 1378 vel
1504 1335 1668 1377 arcus
1716 1319 1835 1375 vice
1869 1334 1988 1375 ser-

403 1435 567 1476 mone
612 1427 771 1474 utens
812 1416 1060 1472 refellere
1107 1414 1376 1477 conabor,
1438 1428 1507 1468 ne
1554 1413 1622 1469 ad
1658 1411 1886 1468 Martem
1935 1421 1991 1469 et

403 1511 692 1574 Venerem.
752 1519 971 1565 nostras
1002 1508 1225 1572 stellas,
1263 1506 1496 1562 caadium
1530 1518 1729 1561 causas
1758 1505 1987 1562 referas.

402 1602 567 1659 Prius
595 1610 776 1658 autem
810 1601 1066 1667 obsecro,
1100 1609 1161 1655 ut
1190 1600 1405 1656 discere
1432 1598 1589 1662 velis,
1620 1612 1783 1668 posse
1818 1598 1993 1653 homi-

404 1713 553 1761 nem,
609 1697 654 1753 si
682 1695 905 1767 quidem
934 1696 1087 1759 velit,
1116 1694 1372 1749 libidines
1421 1699 1477 1749 et
1510 1692 1755 1749 actiones
1786 1692 1871 1748 vel
1898 1707 1993 1747 ca-

406 1792 613 1863 stigare
642 1790 727 1846 vel
754 1789 972 1861 penitus
1000 1796 1276 1844 excutere.
1330 1786 1510 1858 Atque
1544 1784 1802 1857 equidem
1825 1799 1991 1841 excu-

404 1895 521 1943 tere
546 1886 697 1942 soleo
720 1900 818 1957 per
841 1882 1197 1939 conscientia:
1220 1881 1433 1952 ﬂagella
1461 1887 1517 1937 et
1543 1896 1643 1950 per
1665 1877 1986 1933 memoriam

404 1978 738 2035 inevitabilis
783 1976 1013 2046 iudicii,
1064 1973 1214 2047 quod
1259 1974 1390 2031 vitia
1442 1972 1719 2045 prohibet.
1780 1969 1889 2026 Sed
1937 1977 1993 2023 et

404 2069 714 2143 principum
746 2069 912 2139 leges,
959 2074 1088 2123 ante
1126 2072 1336 2121 tentata
1371 2070 1671 2128 tormenta,
1726 2071 1782 2118 et
1817 2076 1993 2132 angu-

405 2166 576 2229 stias,
613 2174 777 2234 atque
826 2161 1232 2233 catapultarum
1276 2159 1582 2232 supplicia,
1627 2158 1748 2214 solo
1799 2157 1990 2212 auditu

405 2272 589 2314 rerum
619 2254 949 2312 terribilium
976 2269 1099 2324 quae
1126 2260 1258 2310 sunt
1286 2252 1340 2306 in
1370 2251 1821 2321 compensatione
1851 2248 1992 2305 deli-

403 2350 682 2416 lictorum,
722 2347 1030 2405 modestum
1061 2345 1293 2403 reddere
1332 2354 1563 2416 possunt
1596 2343 1874 2399 hominem
1907 2342 1993 2397 in-

402 2450 823 2516 temperantem,
869 2447 925 2497 et
976 2439 1286 2496 obtundere
1326 2439 1702 2495 lascivientem
1745 2438 1990 2511 vigorem

401 2539 707 2610 iuventutis
757 2538 814 2593 in
854 2534 1098 2607 qualibet
1149 2534 1393 2605 regione,
1441 2533 1557 2591 sive
1595 2532 1816 2604 scripta:
1857 2533 1988 2597 sint,

406 2633 522 2689 sive
556 2647 666 2686 non
693 2629 934 2700 scripta,
966 2636 1079 2683 tam
1111 2627 1257 2699 apud
1285 2643 1388 2684 nos
1416 2642 1581 2697 quam
1613 2635 1825 2699 gentes.
1854 2625 1991 2680 Nam

405 2725 551 2797 apud
586 2725 802 2796 aliquos
832 2725 918 2779 lex
948 2723 1177 2793 scripta,
1220 2720 1365 2793 apud
1403 2721 1541 2775 alios
1583 2736 1714 2776 vero
1757 2736 1993 2775 consue-

404 2817 541 2873 tudo
567 2818 727 2872 valet.
758 2815 999 2889 Legibus
1017 2815 1166 2871 enim
1190 2813 1285 2884 qui
1315 2813 1566 2869 destituti
1598 2822 1749 2880 sunt,
1783 2814 1992 2884 patrios

405 2924 589 2965 mores
632 2923 733 2980 pro
792 2908 1005 2978 legibus
1045 2905 1277 2961 ducunt.
1340 2904 1586 2972 Quorum
1631 2905 1790 2976 primi
1829 2903 1993 2961 Seres

406 3011 557 3069 sunt,
585 3004 682 3074 qui
720 3011 881 3058 terra;
906 3008 1153 3056 extrema
1204 2999 1534 3061 habitantes,
1570 3013 1672 3069 pro
1728 2999 1845 3070 lege
1895 3000 1993 3053 ha-

404 3100 536 3155 bent
585 3097 817 3168 patriam
856 3092 1355 3157 consuetudinem,
1414 3108 1485 3147 ne
1521 3091 1647 3163 quis
1693 3098 1991 3157 scortetur,

405 3204 545 3248 neve
579 3188 872 3260 praedetur,
910 3201 981 3242 ne
1013 3186 1140 3256 quis
1180 3184 1510 3240 adulterium
1562 3184 1891 3248 committat,
1926 3199 1995 3238 ne

406 3289 623 3337 statuas
663 3279 877 3346 adoret,
909 3292 980 3334 ne
1002 3278 1282 3334 damones
1311 3285 1623 3346 veneretur,
1661 3293 1730 3333 ne
1760 3292 1994 3347 prorsus

407 3373 553 3443 apud
597 3373 747 3443 ipsos
796 3372 974 3443 imago
1001 3371 1096 3438 sit,
1155 3377 1250 3425 aut
1285 3377 1552 3431 scortum,
1591 3377 1686 3425 aut
1724 3370 1994 3435 adultera,

407 3474 503 3522 aut
532 3465 739 3536 praedo,
780 3471 876 3519 aut
908 3462 1205 3528 homicida,
1234 3472 1330 3519 aut
1367 3462 1476 3518 fur.
1531 3461 1599 3517 Et
1635 3471 1817 3520 tamen
1872 3464 1999 3520 nul-

407 3561 518 3616 lius
550 3560 746 3614 horum
782 3558 1008 3613 liberam
1050 3564 1377 3627 potestatem
1425 3557 1604 3629 coegit
1633 3558 1745 3622 illa,
1785 3558 1854 3613 de
1888 3574 1996 3629 qua

407 3662 470 3707 tu
503 3651 667 3713 dicis,
700 3651 892 3706 lucens
928 3651 1052 3722 igne
1081 3647 1271 3705 Martis
1295 3648 1456 3706 stella
1485 3665 1500 3702 :
1535 3664 1714 3719 neque
1746 3650 1796 3703 vi
1845 3665 1997 3704 com-

407 3745 550 3815 pulit
579 3757 909 3815 quemquam
955 3742 1200 3812 ipsorum
1251 3740 1564 3797 interﬁcere
1602 3742 1783 3813 gladio
1813 3743 1998 3811 proxi-

409 3851 583 3900 mum,
619 3845 715 3889 aut
743 3831 922 3903 lapide
957 3840 1263 3903 percutere.
1290 3829 1408 3886 Non
1436 3828 1623 3886 Venus
1655 3845 1780 3885 cum
1826 3830 1999 3887 Marte

408 3928 681 4000 persuasit
720 3927 825 3997 ipsi
868 3933 930 3981 ut
961 3924 1169 3981 furiose
1199 3932 1325 3980 ruat
1365 3924 1419 3979 in
1453 3938 1677 3978 uxorem
1710 3923 1907 3977 vicini:
1951 3923 1998 3979 si

407 4022 495 4081 vel
530 4029 646 4077 toto
667 4019 756 4076 die
782 4019 1022 4075 medium
1054 4017 1179 4073 coeli
1216 4016 1363 4073 Mars
1400 4016 1667 4072 obtineat.
1709 4014 1999 4070 Nihilomi-

409 4129 518 4170 nus
547 4112 807 4183 praavalet
839 4110 984 4183 apud
1032 4108 1197 4166 Seres
1250 4117 1526 4163 astrorum
1562 4108 1879 4164 necessitati
1914 4110 1999 4164 lex

410 4209 608 4279 patria.
636 4206 749 4263 Lex
776 4213 958 4262 autem
994 4211 1046 4261 et
1074 4202 1380 4259 Bactrianis
1410 4209 1495 4259 est
1522 4205 1638 4259 sive
1656 4201 1998 4271 Bragmanis,

411 4313 443 4351 ιι
470 4296 775 4366 majoribus
809 4302 1035 4365 accepta
1082 4293 1412 4364 disciplina:
1467 4292 1546 4348 Ne
1575 4293 1707 4364 quid
1739 4303 1998 4359 mactem,

410 4404 592 4461 neque
639 4388 886 4443 inanima
918 4395 1163 4460 gustant,
1215 4402 1287 4443 ne
1331 4387 1463 4442 vino
1504 4387 1853 4457 simpliciter,
1907 4394 2003 4442 aut

415 4529 429 4544 .
457 4529 473 4546 .
608 4527 621 4542 .
663 4496 912 4552 utantur,
949 4485 1120 4543 Deum
1157 4502 1337 4543 meum
1361 4486 1696 4550 reverentes,
1729 4487 1856 4542 licet
1891 4487 2003 4540 sint

408 4585 578 4640 vicini
634 4585 772 4655 ipsis
816 4583 935 4640 Indi
992 4584 1236 4639 wdibus
1289 4584 1482 4655 polluti
1536 4591 1591 4639 et
1636 4585 1762 4639 vino
1803 4583 1994 4648 dediti,

411 4683 507 4754 qui
539 4694 835 4751 porcorum
867 4681 1208 4737 silvestrium
1233 4689 1328 4736 aut
1349 4696 1510 4737 suum
1551 4680 1729 4736 instar
1757 4695 1881 4735 cum
1915 4682 2000 4734 in-

414 4781 568 4838 sania
599 4780 833 4837 feminas
865 4779 1116 4851 deperire
1156 4782 1357 4844 solent,
1410 4788 1463 4835 et
1491 4778 1778 4835 aﬂ'ectibus
1816 4776 2001 4832 indul-

412 4892 561 4951 gere.
617 4877 678 4932 In
721 4876 1003 4948 Hesperiis
1036 4884 1216 4933 autem
1278 4877 1597 4948 regionibus
1641 4877 1784 4932 ultra
1816 4877 2001 4939 Indos.

2092 675 2187 728 σὺν
2217 675 2375 745 ’Λρεῑ
2407 666 2563 738 οὖσα,
2594 672 2653 724 ιν
2683 666 2845 741 κριῷ.
2876 666 3040 721 Ὅθεν
3075 666 3176 736 οὐχ
3209 660 3321 718 οἷόν
3358 679 3418 717 τε
3452 662 3602 732 φόϐῳ
3635 660 3670 731 ἦ

2088 783 2233 830 τινος
2263 766 2462 836 ἀπειλῇ
2503 763 2538 835 ἢ
2581 762 2796 834 μηχανῇ
2832 760 3078 831 ἐπισχεῖν
3113 757 3215 822 τὰς
3253 750 3549 828 ἐπιθυμίας
3583 752 3672 807 διά
3756 809 3765 818 _

2089 858 2187 927 τὴν
2218 856 2329 911 τῶν
2356 855 2573 928 άστρων
2602 852 3011 924 ἀποκλήρωσιν.

2704 1032 3060 1099 Ἀπόκρισις.
3522 1100 3525 1101 ν

2174 1125 2587 1199 Ἐπιστημόνως
2614 1124 2756 1178 πάνυ
2778 1123 2877 1193 τῆς
2900 1121 3167 1192 Ἐλλήνων
3195 1117 3405 1189 πλάνης
3423 1116 3550 1180 τοὺς
3579 1110 3678 1186 μύ-

2093 1220 2219 1284 θους
2255 1218 2616 1292 ἀπήγγειλας.
2671 1211 2839 1278 Αὖθις
2880 1210 2974 1268 οὖν
3004 1210 3162 1281 κάγὼ
3193 1208 3509 1283 θαρραλέως
3539 1209 3676 1261 ἀπο-

2091 1310 2321 1382 δύσομαι
2366 1308 2504 1381 πρὸς
2530 1308 2601 1362 τά
2640 1307 2746 1362 ὑπὸ
2775 1304 2871 1359 σοῦ
2910 1303 3173 1376 ρηθέντα,
3207 1301 3303 1356 καὶ
3332 1299 3594 1372 σφενδόνῃ
3636 1297 3671 1370 ἢ

2091 1402 2273 1475 τοξείᾳ
2301 1401 2378 1472 τῷ
2396 1400 2539 1471 λόγῳ
2558 1398 2862 1472 χρώμενος,
2879 1396 3126 1450 καθεῖλαι
3149 1394 3479 1463 πειράσομαι
3501 1392 3567 1444 Ἀ
3576 1404 3678 1462 ρεα

2093 1494 2186 1549 καὶ
2230 1493 2547 1567 ’Δφροδίτην
2585 1495 2714 1556 τοὺς
2765 1489 3069 1563 ἡμετέρους
3097 1488 3364 1558 ἀστέρας,
3401 1485 3549 1547 ὅπως
3584 1498 3675 1553 μοι

2091 1585 2477 1659 ἀστροκτονίας
2501 1584 2713 1654 γένεσιν
2758 1581 3120 1653 ὲπιφημίσῃς.
3148 1578 3421 1649 Πρότερον
3448 1573 3505 1627 δὲ
3541 1571 3677 1637 ἀξιῶ

2094 1676 2447 1748 παιδευθῆναι
2476 1694 2569 1740 σε,
2621 1669 2734 1730 οἷόν
2779 1691 2839 1728 τε
2873 1674 3160 1745 ὑπάρχειν,
3214 1669 3307 1723 τὸν
3355 1666 3677 1739 βουλόμενον

2092 1770 2192 1837 τὰς
2221 1770 2516 1842 ἐπιθυμίας
2545 1767 2638 1822 καὶ
2657 1765 2940 1839 ἐνεργείας
2967 1766 3001 1838 ἢ
3033 1763 3307 1829 κολάζειν,
3337 1760 3372 1832 ἢ
3398 1755 3677 1819 παντελῶς

2096 1861 2467 1918 ἀποσείεσθαι.
2504 1860 2642 1913 Σείω
2663 1858 2719 1912 δὲ
2750 1862 2815 1913 ὲκ
2844 1857 2937 1913 τοῦ
2973 1854 3272 1918 συνειδότος
3304 1848 3673 1921 αἰκιζομένου,

2100 1954 2195 2006 καὶ
2236 1953 2426 2025 μνήμῃ
2470 1949 2564 2004 τοῦ
2597 1949 2850 2014 ἀκλινοῦς
2879 1948 3187 2021 κριτηρίου,
3223 1946 3333 2000 τῶν
3357 1943 3541 1998 κακῶν
3566 1944 3681 2014 είρ-

2098 2045 2350 2116 γομένου.
2397 2044 2558 2098 Ἀλλά
2587 2043 2682 2097 καὶ
2721 2043 2771 2096 οί
2818 2040 2928 2095 τῶν
2965 2041 3243 2114 ἀρχόντων
3288 2038 3442 2107 νόμοι
3478 2029 3581 2089 οἷοί
3616 2049 3677 2086 τε

2099 2136 2207 2209 πρὸ
2255 2135 2355 2206 τῆς
2386 2135 2582 2206 πείρας
2617 2133 2728 2188 τῶν
2762 2131 3227 2205 στρεϐλιιγτηρίων,
3266 2130 3364 2183 καὶ
3403 2126 3676 2198 τηγάνων,

2099 2228 2194 2281 καὶ
2240 2225 2593 2281 καταπελτῶν
2609 2265 2625 2290 ,
2667 2226 2733 2296 τῇ
2787 2225 2923 2296 ἀκοῇ
2971 2224 3064 2277 καὶ
3099 2222 3237 2295 μόνῃ
3288 2219 3397 2274 τῶν
3433 2216 3681 2289 φοϐερῶν

2099 2319 2199 2390 τῆς
2228 2318 2425 2381 κακίας
2453 2316 2854 2388 ἀνταμείψεως,
2889 2314 3222 2387 σωφρονίσαι
3239 2312 3338 2383 τὴν
3360 2310 3678 2370 ἀκόλαστον,

2098 2411 2195 2464 κα)¹
2225 2409 2495 2482 ἀμϐλύναι
2540 2409 2639 2480 τὴν
2685 2408 3006 2481 σφριγῶσαν
3052 2406 3237 2477 ἀκμὴν
3274 2403 3375 2476 τῆς
3410 2401 3679 2473 νεότητος,

2099 2502 2157 2555 ἐν
2190 2501 2393 2570 ἑκάστῃ
2428 2496 2603 2569 χώρᾳ,
2657 2499 2948 2570 ἐγγράφως
2985 2496 3019 2568 ἢ
3050 2494 3308 2566 ἀγράφως
3346 2492 3683 2563 ὑπάρχοντες

2099 2593 2231 2664 παρ’
2271 2593 2400 2663 ἡμῖν
2436 2609 2497 2645 τε
2544 2592 2640 2646 καὶ
2668 2590 2906 2644 ἔθνεσιν·
2960 2590 3019 2643 ἐν
3050 2590 3159 2651 τοῖς
3190 2586 3291 2658 μὲν
3331 2585 3393 2638 τὸ
3423 2584 3679 2655 γράμμα.

2098 2687 2158 2738 ὲν
2186 2687 2299 2748 τοῖς
2327 2685 2385 2737 δὲ
2408 2686 2442 2755 ἡ
2483 2682 2765 2755 συνήθεια.
2789 2681 2972 2753 Νόμος
3000 2679 3109 2753 γὰρ
3126 2679 3347 2751 ἀνόμοις
3376 2677 3445 2730 τά
3476 2677 3683 2746 πάτρια

2098 2775 2270 2829 δοκεῖ’
2333 2768 2409 2830 ὧν
2440 2775 2649 2847 πρῶτοι
2680 2774 2886 2845 Σῆρες,
2931 2775 2979 2826 οί
3028 2772 3089 2826 τὸ
3126 2772 3298 2843 ἀκρον
3342 2772 3443 2840 τῆς
3483 2767 3682 2838 χέρσου

2097 2867 2394 2933 οἰκοῦντες,
2427 2868 2591 2938 νόμον
2624 2864 2840 2937 ἔχοντες
2878 2864 2941 2918 τὸ
2981 2862 3234 2936 πατρῷον
3265 2861 3407 2926 ἔθος,
3436 2860 3510 2931 μὴ
3538 2861 3688 2913 ἑται-

2102 2959 2369 3029 ρίζεσθαι,
2388 2958 2521 3031 μηδὲ
2540 2959 2726 3029 συλᾷν,
2753 2958 2829 3029 μὴ
2861 2955 3171 3027 μοιχᾶσθαι,
3191 2953 3265 3026 μὴ
3291 2952 3500 3018 ξοάνοις
3522 2966 3686 3022 προσ-

2100 3051 2364 3121 κυνεῖν,ἢ
2404 3048 2726 3104 ποτνιᾶσθαι
2769 3048 3012 3119 δαίμοσι,
3056 3047 3181 3119 μηδ’
3228 3046 3366 3108 ὅλως
3406 3047 3466 3098 ἐν
3502 3044 3686 3105 αὐτοῖς

2100 3141 2366 3214 ὑπάρχειν
2392 3139 2631 3207 εἴδωλον,
2670 3140 2705 3212 ἢ
2749 3139 3034 3211 ἐταίρανῆ
3068 3137 3376 3210 μοιχαλίδα,
3419 3135 3481 3189 ού
3522 3133 3689 3204 συλή-

2099 3249 2220 3304 την,
2241 3233 2300 3286 οὐ
2336 3231 2522 3302 φονέα,
2576 3232 2637 3285 οὐ
2668 3232 2982 3302 λωποδύτην
3012 3248 3027 3262 ·
3068 3231 3162 3284 καὶ
3204 3231 3353 3302 ὅμως
3379 3226 3591 3290 οὐδενὸς
3625 3224 3689 3279 τὸ

2098 3322 2440 3390 αὐτεξούσιον
2470 3323 2781 3395 ἠνάγκασεν
2813 3326 2842 3377 ό
2870 3322 2965 3377 τοῦ
3010 3322 3154 3377 κατά
3192 3322 3250 3377 σὲ
3300 3316 3688 3393 πυριλαμποῦς

2102 3416 2314 3489 ’Ἄρεως
2351 3413 2543 3486 ἀστὴρ,
2596 3412 2718 3467 οὐδὲ
2756 3411 3012 3469 ὲδιάσατό
3051 3428 3175 3464 τινα
3205 3409 3385 3464 αὐτῶν
3422 3405 3687 3476 φασγάνῳ

2095 3506 2188 3561 τὸν
2219 3505 2387 3570 πέλας
2413 3505 2679 3576 ἀναιρεῖν,
2710 3503 2744 3575 ἢ
2780 3502 2915 3574 λίθῳ
2942 3500 3214 3568 πατάξαι·
3253 3501 3353 3553 οὐκ
3395 3496 3686 3569 Ἀφροδίτη

2100 3600 2197 3654 σὺν
2220 3599 2284 3651 ’Δ
2296 3616 2377 3671 ρει
2408 3597 2625 3651 ἔπεισεν
2648 3596 2846 3660 αὐτοὺς
2874 3594 3229 3663 ὲπιλυττῆσαι
3254 3594 3321 3663 τῇ
3350 3590 3569 3659 γυναικὶ
3588 3587 3684 3641 τοῦ

2099 3688 2372 3757 γείτονος·
2418 3684 2761 3757 πανημέριον
2813 3680 3274 3755 μεσουρανοῦντος
3313 3678 3407 3733 τοῦ
3451 3680 3689 3749 Ἀρεως,

2100 3779 2194 3835 καὶ
2210 3780 2360 3850 ὅμως
2392 3778 2642 3850 ίσχυρότε
2651 3793 2742 3848 ρος
2768 3774 2869 3846 τῆς
2891 3775 3135 3843 ἀνάγκης
3160 3771 3271 3826 τῶν
3293 3771 3507 3843 ἄστρων
3535 3770 3688 3841 παρὰ

2100 3872 2304 3943 Σηρσὶν
2322 3872 2351 3924 ὁ
2378 3870 2609 3941 πάτριος
2638 3865 3023 3940 νόμος.Νόμος
3040 3865 3098 3918 δὲ
3132 3865 3227 3919 καὶ
3243 3863 3395 3935 παρά
3417 3863 3691 3932 Βακτρια-

2100 3966 2230 4028 νοῖς,
2260 3963 2378 4035 ἦτοι
2414 3962 2759 4034 Βραγμανοῖς
2790 3958 2929 4031 (i9),
2960 3960 2993 4029 ή
3035 3958 3100 4011 ὲκ
3128 3955 3410 4027 προγόνων
3447 3951 3687 4016 παιδεία,

2104 4054 2180 4126 μὴ
2224 4052 2463 4126 μεθύειν,
2509 4052 2644 4126 μηδὲ
2695 4050 2920 4121 ἀψύχων
2963 4048 3353 4117 ἀπογεύεσθαι,
3393 4047 3494 4100 οὐκ
3540 4045 3689 4099 οἴνου

2100 4144 2346 4225 ἁπλοῦ-ἢ
2373 4145 2529 4199 νόθου
2557 4144 2669 4216 (50)
2705 4141 2975 4214 μετέχειν,
3006 4141 3140 4195 Θεὸν
3168 4140 3260 4194 τὸν
3290 4138 3421 4210 ὲμδν
3456 4137 3694 4192 δεδοικό-

2099 4256 2228 4304 τας’
2256 4238 2435 4293 καίτοι
2463 4239 2569 4293 τῶν
2594 4234 3020 4308 παρακειμένων
3046 4233 3234 4297 αὐτοῖς
3265 4230 3444 4285 Ἰνδῶν
3473 4245 3694 4300 μιαιφο-

2102 4330 2357 4396 νούντων,
2386 4331 2481 4385 καὶ
2512 4328 2995 4398 οίνοφλυγούντων,
3032 4324 3127 4379 καὶ¹
3167 4323 3366 4390 μονιῶν
3417 4321 3623 4392 ἀγρίων
3653 4318 3692 4392 ἢ

2106 4421 2250 4476 συῶν
2279 4421 2435 4492 δίκην
2464 4420 2940 4491 θηλυμανούντων,
2986 4419 3081 4472 καὶ
3105 4416 3182 4488 τῷ
3214 4415 3378 4471 πάθει
3406 4414 3694 4487 κραδαινο-

2108 4514 2304 4586 μένων.
2352 4514 2441 4566 Ἐν
2464 4511 2521 4565 δὲ
2548 4516 2661 4577 τοῖς
2700 4512 2977 4584 ἑσπερίοις
3005 4509 3262 4579 κλίμασιν
3294 4507 3557 4578 ἐνδοτέρω
3578 4504 3693 4560 τῶν

2102 4606 2281 4658 ἐκεῖσε
2315 4600 2514 4668 Ἰνδῶν,
2546 4601 2817 4673 ξενοὸόροι
2845 4599 2987 4662 τινὲς
3014 4598 3372 4670 ὑπάρχοντες,
3414 4596 3539 4660 τοὺς
3590 4596 3694 4649 έπ-

2098 4693 2299 4765 ἠλυδας
2338 4693 2686 4765 ἀναιροῦντες
2713 4690 2973 4756 ἐσθίουσι,
2999 4689 3095 4743 καὶ
3125 4689 3302 4752 οὐδεὶς
3336 4687 3445 4741 τῶν
3489 4686 3697 4756 ἀγαθο-

2102 4787 2274 4842 ποιῶν
2328 4787 2574 4857 ἀστέρων
2634 4785 2731 4857 τῆς
2783 4780 3096 4856 μιαιφονίας
3128 4781 3325 4845 αὐτοὺς
3369 4778 3695 4850 ἀπωσθῆναι

2105 4880 2295 4951 ἴσχυσε
2327 4879 2488 4951 μέχρι
2520 4880 2779 4950 τήμερον.

410 4972 662 5070 habitant
711 4972 931 5043 quidem
960 4970 1055 5043 qui
1112 4970 1361 5041 hospites
1385 4970 1671 5034 devorant,
1701 4980 1757 5026 et
1803 4970 2042 5029 advenas
2091 4972 2486 5029 interﬁcientes
2530 4972 2847 5027 comedunt.
2874 4968 3063 5042 Neque
3089 4968 3197 5025 ulla
3226 4966 3506 5024 stellarum
3529 4966 3695 5022 bene-

410 5063 640 5128 ticarutn
667 5083 699 5122 a
726 5066 874 5122 caede
903 5067 1053 5136 ipsos
1092 5071 1340 5121 avertere
1376 5063 1573 5134 patuit,
1613 5079 1789 5135 usque
1817 5065 1871 5119 in
1901 5065 2228 5123 hodiernum
2260 5063 2429 5121 diem.

446 5226 449 5231 ,
477 5169 600 5225 Alia
647 5164 938 5231 Chaldaeis,
961 5170 1019 5219 et
1064 5161 1382 5230 Babyloniis
1412 5162 1757 5217 consuetudo
1785 5172 1902 5227 est,
1938 5171 1999 5216 ut

2177 5160 2405 5234 Ἕτερος
2432 5159 2593 5231 νόμος
2619 5158 2906 5223 Χαλδαίοις
2951 5176 3010 5213 τε
3051 5157 3146 5213 καὶ
3192 5154 3551 5219 Βαϐυλωνίοις
3592 5171 3698 5225 μη-

409 5271 621 5319 matres
666 5259 726 5315 in
773 5270 975 5313 uxores
1022 5255 1259 5320 ducant,
1317 5269 1539 5310 sorores
1596 5253 1836 5319 violent,
1871 5269 1993 5324 erga

2105 5254 2404 5326 τρογαμεῖν
2432 5251 2527 5307 καὶ
2561 5251 3004 5326 ἀδελφοφθορεῖν,
3047 5252 3144 5305 καὶ
3176 5251 3299 5310 ταῖς
3325 5247 3477 5320 σφῶν
3511 5248 3698 5302 παισὶν

438 5427 594 5504 ηαδ)
621 5425 1075 5504 κακοδαίμονας
1103 5425 1175 5504 sic
1193 5421 1713 5504 jAgpgﬁ/tn'."Leg_ti
1744 5437 1866 5504 cum
1882 5420 1989 5477 Co-

2102 5492 2119 5504 _
2172 5420 2289 5489 (50)
2318 5420 2499 5504 Οἵνοι)
2537 5419 2803 5504 ιζπλοᾷῆ
2831 5420 3055 5504 νόθου..
3075 5415 3199 5470 Vim
3232 5416 3384 5504 vocis
3402 5413 3562 5504 νόθου
3590 5414 3698 5467 hoc

438 5488 445 5492 ,
479 5441 594 5498 μδ)
621 5441 1075 5496 κακοδαίμονας
1103 5441 1172 5479 εν
1204 5441 1469 5493 Ἀρροσιτ
1518 5461 1532 5476 .
1571 5441 1713 5492 nego
1744 5441 1866 5477 cum
1882 5441 1989 5477 uo-

408 5499 621 5561 telerio.
658 5495 1131 5566 κακοδαιμονούσα
1162 5441 1779 5566 Ἀφροδίτῃῃνξιταςὶηεδ
1814 5493 1993 5566 itaque

2172 5441 2289 5489 (δυ)
2318 5441 2499 5474 υινου
2537 5441 2738 5475 απνιου
2766 5441 2803 5489 η
2831 5441 3034 5473 νουου.
3088 5441 3199 5470 11111
3234 5441 3384 5471 VUCIS
3407 5441 3562 5469 νουυυ
3592 5441 3695 5467 ιιυυ

2102 5492 2224 5566 loco
2247 5500 2535 5566 usurpatae.
2551 5489 2813 5550 Caesario.
2845 5505 2953 5566 non
2978 5497 3062 5544 est
3083 5486 3695 5566 assecutusnintcrpres.

408 5555 558 5637 efﬁcit
594 5555 819 5636 feminas
847 5555 903 5620 iri
935 5555 1282 5634 Capricorno,
1308 5566 1365 5617 in
1392 5555 1997 5633 A'quario'cacodwmon
2104 5565 2351 5632 adeoque
2389 5555 2705 5616 'versionem
2768 5560 3012 5614 mutilatn
3057 5558 3300 5613 exhibet.
3356 5555 3699 5611 Bardesanes

426 5638 617 5690 lenus.
655 5636 748 5690 Sic
778 5652 913 5690 sane
947 5638 1090 5690 infra
1122 5637 1352 5690 ipsemet
1380 5634 1672 5690 Caesarius.
2106 5650 2268 5690 auem
2307 5640 2498 5687 auctor
2523 5631 2805 5690 exscrihit,
2838 5631 2928 5683 hic
2961 5630 3141 5687 habet,
3172 5628 3315 5680 οἴνου
3351 5627 3446 5679 καὶ
3480 5625 3699 5690 σίκερος

431 5630 617 5690 Venus.
655 5636 748 5691 Sic
778 5652 913 5691 sane
947 5630 1090 5690 infra
1122 5637 1352 5703 ipsemet
1380 5630 1672 5690 Gaesarius.
2106 5630 2275 5703 quem
2307 5640 2498 5687 auctor
2523 5631 2805 5695 exscrihit,
2838 5631 2928 5683 hic
2961 5630 3141 5687 habet,
3172 5630 3315 5680 οἴνου
3351 5630 3446 5679 καὶ
3480 5630 3700 5695 σίκερος

431 5773 447 5787 .
485 5706 596 5787 (19)
622 5706 1010 5787 Βραγιέαίοῖςο
1035 5706 1231 5787 limit".
1252 5721 1377 5787 cui"
1409 5704 1604 5787 leem
1633 5703 1998 5787 Βρακμαγρῖς·
2110 5703 2346 5787 (simul
2380 5701 2453 5772 μὴ
2480 5703 2785 5787 eudem-
2812 5699 2951 5787 ΗίιΡο
2984 5695 3698 5787 (³³³⁵³⁸1⁵.νεςβὲεέιὶξγῗίὲῖ

413 5767 627 5829 Scilicet
661 5767 813 5843 apud
846 5767 1268 5847 Caesariumltic
1301 5776 1361 5835 τὸ
1385 5794 1417 5847 χ
1447 5767 1587 5847 ἱιῖίγ.
1618 5767 1832 5847 succisa
1859 5767 2005 5830 tibiae
2111 5767 2221 5828 [lita
2245 5767 2403 5845 {quin
2434 5767 2663 5843 proinde
2687 5773 2765 5829 sic
2798 5781 3061 5827 vertet-cut
3094 5788 3106 5825 :
3146 5767 3225 5823 Nc
3273 5768 3389 5822 sino
3429 5783 3570 5820 mero
3604 5772 3699 5820 aut

413 5846 934 5917 pzirte,gleciirtatituii
954 5845 1287 5917 luerit.Na:n
1309 5845 1593 5914 subhujus
1621 5845 1995 5917 Responsionis
2109 5847 2317 5917 factitio
2352 5858 2591 5903 utantur.

415 5912 574 5968 ﬂuctu
594 5913 821 5986 legimus
838 5918 909 5988 Bg
923 5918 1168 5988 κχμᾶνας
1199 5915 1261 5970 [it
1281 5917 1331 5970 in
1351 5912 1610 5978 sequente
1629 5916 1999 5985 Βραχμαίους.
