4142 6382
368 369 478 427 983
1428 373 1486 428 S.
1527 372 1832 430 CAESAR“
1855 374 2187 432 GREGORII
2226 375 2534 432 FRATRIS
3530 373 3638 432 98‘

365 491 463 537 aut
499 496 688 539 vocem
736 483 1041 553 ediderint;
1084 485 1176 541 alii
1218 500 1348 541 vero
1391 487 1445 543 in
1470 488 1580 545 vita
1607 498 1864 556 manent,
1894 499 1949 546 et

363 574 510 629 mala
552 575 763 646 legibus
811 576 1136 648 prmscripta
1180 578 1630 650 amplectuntur?
1665 581 1776 637 Aut
1803 596 1944 652 quo-

365 665 532 720 modo
562 665 753 722 eodem
790 679 1038 739 tempore
1064 669 1324 727 mulieres
1350 672 1494 743 apud
1535 688 1637 729 nos
1663 682 1720 729 et
1757 675 1945 729 conci-

367 757 522 825 piunt
550 765 606 812 et
633 758 852 827 pariunt
883 761 1133 831 plurimae
1155 799 1171 827 ,
1199 763 1540 834 gemelloque
1569 776 1726 835 partu
1757 765 1905 821 edito
1923 805 1939 831 ,

366 847 557 902 ambos
588 847 830 906 infantes
861 862 1223 920 conservant,
1255 853 1406 909 nullo
1439 863 1593 930 astro
1621 864 1851 926 cogente
1884 861 1945 910 ut

367 939 716 1009 interimant,
741 951 838 999 aut
860 944 980 1000 solo
1004 945 1270 1010 allidant,
1298 954 1359 1002 ut
1380 962 1478 1003 eos
1507 963 1538 1004 e
1567 948 1678 1003 vita
1711 949 1907 1004 tollant
1925 987 1941 1011 ,

366 1031 515 1088 velut
553 1032 862 1093 Amazones
905 1037 1140 1092 miseros
1181 1037 1344 1094 fretus
1397 1053 1528 1096 suos
1574 1047 1808 1104 necant,
1844 1038 1943 1094 sed

365 1137 524 1178 suam
555 1125 740 1199 potius
768 1127 1036 1183 cervicem
1073 1143 1172 1199 pro
1203 1128 1423 1184 illorum
1458 1128 1606 1186 cmde
1636 1131 1904 1201 objiciant
1925 1169 1941 1196 ,

368 1215 796 1290 Iactentiumque
821 1217 1096 1274 infantum
1123 1221 1289 1274 vitam
1315 1221 1491 1293 magis
1517 1237 1679 1292 quam
1712 1239 1770 1277 se
1797 1223 1942 1292 ipsas

366 1306 592 1362 ament?

433 1441 591 1510 Quod
623 1444 670 1500 si
717 1443 1053 1512 Mercurius,
1089 1456 1147 1501 ut
1195 1448 1416 1514 dicitis,
1469 1463 1593 1503 cum
1631 1447 1842 1504 Venere
1887 1450 1944 1504 in

368 1535 485 1591 suis
513 1536 894 1594 mansionibus
920 1539 1196 1594 exsistens
1221 1539 1383 1594 efﬁcit
1415 1539 1650 1606 lictores,
1685 1540 1941 1610 pictores,

369 1627 805 1693 nummularios;
836 1629 891 1683 in
921 1629 1303 1684 mansionibus
1330 1637 1511 1683 autem
1557 1626 1806 1694 Veneris,
1837 1647 1943 1686 nn-

367 1716 718 1785 guentarios,
761 1714 1054 1784 cantores,
1108 1719 1341 1780 mimos.
1391 1727 1622 1788 poetas:
1655 1719 1750 1790 qui
1785 1720 1844 1775 fit
1885 1731 1945 1776 ut

369 1806 512 1874 apud
558 1805 707 1863 Elios
746 1816 801 1861 et
831 1808 1174 1872 Saracenos,
1203 1818 1258 1864 et
1293 1810 1436 1879 apud
1468 1826 1566 1866 eos
1601 1811 1695 1882 qui
1728 1821 1858 1868 sunt
1887 1814 1943 1868 in

369 1891 537 1966 Libya
571 1897 894 1967 superiore,
931 1898 1074 1968 apud
1111 1897 1331 1953 Mauros
1359 1897 1488 1954 item
1520 1900 1614 1970 qui
1657 1899 1816 1970 juxta
1855 1902 1949 1956 lit-

371 1997 487 2040 tura
513 1995 568 2042 et
603 1987 752 2058 ripas
784 1987 988 2044 Oceani
1026 1990 1294 2056 habitant,
1329 1999 1384 2046 et
1417 1991 1473 2046 ln
1514 1993 1777 2049 ulteriore
1810 1993 1950 2050 Ger-

369 2077 550 2132 mania
571 2118 587 2141 ,
615 2087 670 2134 et
699 2081 753 2134 in
789 2080 1061 2136 Sarmatla
1099 2083 1419 2153 superiore,
1448 2092 1503 2139 et
1529 2084 1583 2139 in
1615 2082 1862 2156 Scythia,
1897 2095 1954 2142 ct

368 2166 513 2238 apud
545 2184 737 2226 omnes
771 2173 1022 2228 nationes
1051 2189 1173 2244 qua:
1206 2191 1235 2227 a
1276 2173 1451 2230 Ponto
1502 2177 1694 2247 procul
1746 2177 1954 2235 dissita:

367 2267 533 2326 sunt,
569 2261 799 2319 inveniri
831 2279 943 2318 non
973 2267 1148 2335 possit
1179 2267 1614 2335 nummularius,
1647 2278 1743 2324 aut
1769 2269 1950 2337 lictor,

367 2357 462 2405 aut
490 2351 688 2422 pictor,
719 2367 832 2408 non
858 2353 1193 2411 architectus
1213 2394 1229 2420 ,
1262 2373 1370 2410 non
1407 2367 1624 2422 cantor,
1659 2373 1768 2413 non
1801 2368 1956 2412 actor

368 2452 681 2515 poematum
701 2487 716 2512 ,
741 2455 803 2501 ut
832 2447 977 2518 apud
1003 2450 1141 2504 nos?
1162 2449 1343 2516 Quare
1367 2449 1670 2508 Mercurius
1692 2459 1749 2507 et
1770 2448 1956 2509 Venus

368 2535 424 2589 id
455 2551 565 2591 non
591 2539 945 2594 contulerunt
967 2542 1132 2596 etiam
1159 2541 1303 2612 apud
1337 2543 1489 2612 ipsos
1518 2551 1682 2606 nato,
1713 2551 1772 2597 ut
1799 2559 1955 2601 asse-

366 2638 570 2699 quatur
595 2644 661 2685 ea
692 2630 1000 2686 studiorum
1028 2640 1083 2688 et
1103 2648 1320 2688 morum
1346 2634 1632 2698 exercitia,
1659 2650 1781 2704 quae
1808 2634 1953 2705 apud

365 2735 465 2778 eos
492 2735 604 2775 non
633 2723 804 2777 sunt?
834 2721 972 2778 Medi
1009 2724 1135 2778 data
1175 2740 1341 2794 opera
1374 2742 1567 2782 omnes
1611 2726 1793 2781 adhuc
1839 2727 1954 2797 spi-

368 2816 554 2863 rantes
597 2815 830 2878 aegrotos
845 2810 1077 2865 canibus
1125 2829 1310 2866 escam
1346 2815 1488 2869 citra
1519 2815 1958 2871 commiseratio-

369 2913 492 2954 Iem
517 2899 810 2970 objiciunt.
840 2900 1021 2973 Atque
1041 2903 1096 2958 bi
1126 2902 1266 2959 Medi
1300 2920 1443 2960 anne
1482 2921 1606 2960 cum
1634 2905 1785 2961 Luna
1813 2906 1957 2961 Mar-

369 2998 516 3056 tem,
559 2999 621 3046 ut
645 3007 742 3048 vos
770 2993 920 3064 loqui
962 2995 1189 3060 soletis,
1232 2995 1288 3050 in
1328 2996 1525 3052 diurna
1564 2998 1852 3054 nativitate
1896 2999 1952 3054 in

369 3079 581 3139 Cancro
611 3084 790 3140 sortiti
815 3088 988 3141 sunt!
1016 3085 1132 3141 Indi
1165 3086 1432 3142 cadavera
1463 3096 1802 3142 mortuorum
1836 3089 1948 3158 igni

371 3174 428 3229 in
459 3174 676 3232 cineres
702 3175 990 3248 redigunt.
1017 3187 1072 3234 et
1105 3193 1231 3233 cum
1262 3177 1344 3234 eis
1366 3181 1728 3250 quorumdam
1749 3194 1948 3235 uxores

369 3264 719 3323 comburunt.
742 3269 909 3339 Atqui
933 3283 1280 3340 nequaquam
1301 3282 1494 3323 omnes
1517 3269 1625 3340 igni
1647 3269 1948 3340 absumpta:

371 3376 576 3418 uaces
605 3361 895 3428 ludorum,
927 3372 1023 3418 aut
1050 3362 1231 3418 adhuc
1262 3361 1532 3426 viventes,
1569 3362 1786 3418 sortita:
1814 3369 1948 3418 sunt

370 3460 619 3525 tempore
664 3454 924 3509 nocturni
970 3462 1262 3525 parentum
1298 3469 1523 3510 suorum
1570 3454 1774 3520 coitus,
1822 3467 1949 3508 οιιιιι

373 3543 545 3602 Marte
569 3547 774 3610 solem,
807 3547 863 3602 in
895 3548 1144 3618 partibus
1177 3547 1368 3605 Martis
1393 3557 1564 3604 noctu
1610 3565 1720 3606 non
1759 3549 1950 3604 lucen-

372 3645 506 3693 tem.
535 3637 932 3695 Germanorum
957 3641 1268 3712 complures
1290 3643 1722 3716 strangulatiqpe
1750 3658 1809 3698 se
1839 3642 1949 3696 vita

373 3730 786 3798 spoliant;non
819 3741 1000 3788 tamen
1037 3734 1263 3790 omnino
1293 3733 1468 3806 major
1497 3750 1625 3806 pars
1645 3734 1952 3790 Germano-

372 3833 535 3885 rum,
583 3820 770 3875 lunam
795 3829 852 3878 et
894 3822 1086 3878 horam
1135 3823 1499 3894 interceptam
1551 3839 1582 3879 a
1627 3825 1868 3879 Saturno
1897 3832 1952 3880 et

375 3911 550 3968 Marte
590 3913 810 3969 habent.
850 3913 1053 3971 Verum
1107 3917 1164 3972 in
1207 3917 1358 3972 omni
1411 3927 1573 3988 gente
1615 3919 1662 3973 si
1712 3919 1951 3974 interdiu

375 4001 627 4060 homines
655 4005 772 4060 nati
798 4004 1006 4062 fuerint
1024 4047 1039 4072 ,
1066 4023 1176 4061 non
1203 4009 1458 4065 meliores
1484 4008 1768 4080 pejoresve
1790 4016 1954 4064 erant

376 4092 678 4150 secundum
703 4105 982 4151 astrorum
1011 4097 1458 4167 conjunctionem
1479 4140 1494 4165 ,
1515 4099 1592 4152 uti
1620 4113 1719 4154 vos
1747 4097 1952 4162 dicitis,

379 4185 474 4241 sed
503 4185 558 4242 in
590 4202 918 4258 unaquaque
951 4188 1172 4258 regione
1212 4189 1361 4261 leges
1391 4189 1642 4259 quadam
1671 4198 1726 4245 et
1769 4193 1958 4260 patriae

377 4276 804 4332 consuetudines
836 4279 1164 4347 praevalent,
1187 4295 1254 4333 ex
1281 4279 1484 4348 quibus
1516 4279 1797 4350 proprium
1823 4278 1916 4348 jus
1936 4317 1953 4344 ,

379 4373 436 4422 et
461 4365 594 4438 quid
623 4367 784 4423 nobis
811 4369 1069 4426 omnibus
1097 4369 1408 4425 faciendum
1436 4371 1538 4434 sit,
1569 4387 1762 4428 omnes
1788 4371 1957 4425 disci-

381 4475 526 4514 mus.
559 4458 678 4515 Non
705 4460 852 4516 enim
881 4468 1064 4531 potest
1087 4461 1158 4517 de
1188 4469 1372 4518 vestra
1405 4463 1674 4518 sententia
1695 4504 1710 4528 ,
1739 4462 1957 4534 genesis

381 4565 577 4622 cogere
611 4549 774 4607 Seres
814 4559 876 4606 ut
915 4550 1285 4616 interﬁciant,
1330 4561 1425 4608 aut
1469 4552 1838 4610 Bracbinanes
1887 4554 1956 4609 ad

380 4639 687 4699 vorandum
716 4657 914 4700 carnes
943 4645 1246 4700 siceramve
1277 4644 1571 4715 potandum
1591 4685 1606 4709 ,
1640 4653 1735 4700 aut
1768 4644 1962 4702 Persas

383 4745 453 4788 ne
483 4747 608 4788 eum
645 4733 917 4790 matribus
946 4733 1293 4790 matrimonia
1335 4735 1600 4806 jungant,
1645 4744 1700 4791 et
1740 4751 1961 4792 sorores

381 4824 625 4892 violent;
669 4832 766 4881 aut
805 4824 972 4885 Indos
1002 4842 1073 4882 ne
1111 4826 1223 4898 igni
1275 4835 1522 4883 mortuos
1563 4827 1821 4894 tradant;
1868 4835 1963 4883 aut

383 4913 604 4980 Medos,
635 4932 706 4974 ne
737 4917 970 4973 canibus
999 4919 1267 4989 objiciant
1311 4921 1651 4989 morituros;
1694 4931 1787 4976 aut
1831 4921 1964 4976 Par-

385 5009 510 5068 thos
526 5047 544 5076 ,
576 5024 646 5066 ne
671 5009 840 5066 multa
864 5010 1118 5081 conjugia
1141 5013 1469 5068 contrahant
1493 5031 1508 5080 ;
1540 5023 1634 5068 aut
1654 5012 1962 5085 Mesopota-

385 5101 561 5168 mios,
589 5107 651 5156 ut
679 5101 792 5158 sint
823 5101 979 5158 valde
1008 5111 1378 5174 temperantes
1404 5122 1420 5170 ;
1457 5113 1552 5160 aut
1583 5104 1804 5161 Graecos
1827 5147 1843 5169 ,
1891 5121 1962 5162 ne

385 5193 714 5263 corporibus
739 5194 1065 5253 exercendis
1087 5195 1343 5264 occupati
1383 5195 1497 5250 sint
1523 5212 1538 5262 ;
1570 5204 1666 5250 aut
1694 5195 1960 5254 barbaras

385 5291 614 5353 gentes,
651 5290 714 5340 ut
751 5299 877 5343 cum
924 5285 1031 5342 illis
1071 5302 1194 5356 quae
1240 5303 1272 5342 a
1317 5286 1522 5343 Grecis
1568 5288 1958 5358 praedicantur,

385 5375 778 5434 conmercium
821 5376 1026 5434 habere
1065 5379 1254 5435 velint.
1291 5378 1530 5443 Verum,
1581 5385 1642 5433 ut
1687 5379 1801 5434 disi
1845 5381 1958 5451 jam

457 5577 571 5649 (58)
596 5581 1065 5648 Hopmoaoﬁrtat.
1089 5582 1533 5638 Emendationem
1563 5582 1961 5636 (Zotelerianam

386 5648 716 5716 proferimus
741 5667 809 5707 ex
845 5650 1082 5708 Monum.
1112 5653 1255 5707 Eccl.
1296 5650 1388 5707 Gr.
1420 5661 1553 5707 tom.
1585 5653 1645 5712 ll,
1681 5668 1801 5721 pag.
1837 5652 1962 5718 557,

386 5728 882 5840 quamlcon‘textus
930 5725 1234 5778 confirmat.
1291 5723 1464 5796 Vulgo
1514 5722 1961 5792 περιπατοῦνται,

388 5801 552 5856 proca
579 5804 676 5841 can
707 5830 720 5841 .

463 5856 573 5932 (56)
606 5860 771 5928 Παρὰ
805 5861 872 5916 δὲ
907 5863 1172 5932 Ἠλείοις.
1212 5863 1546 5924 Bardesanes
1575 5862 1722 5938 παρὰ
1752 5863 1963 5921 Ταίνοις

2053 491 2112 546 ἐν
2134 491 2316 563 ταυτῷ
2355 491 2534 563 καιρῷ
2564 491 2619 544 αἱ
2649 490 2778 560 παρ’
2808 489 2940 560 ἡμῖν
2971 489 3229 557 γυναῖκες
3269 485 3362 540 καὶ
3398 485 3634 557 συλλαμρ

2049 584 2307 642 δάνουσαι
2350 586 2444 638 καὶ
2495 583 2828 640 ἁποκύουσαι
2871 582 3139 649 πλεῖσται,
3189 583 3280 638 καὶ
3325 582 3636 638 διτοκοῦσαι

2049 675 2216 746 ἄμφω
2253 678 2323 732 τὰ
2364 676 2537 749 βρέφη
2579 675 2986 747 περιποιοῦνται
3026 676 3161 746 (55),
3193 675 3360 748 μηδὲν
3395 677 3499 730 ὑπὸ
3525 677 3636 732 τῶν

2049 767 2262 840 ἄστρων
2295 767 2611 840 βιαζόμεναι
2647 767 3000 840 διαφθείρειν,
3038 767 3072 840 ἢ
3119 767 3197 838 τῷ
3227 767 3413 837 ἐδάφει
3461 783 3636 839 προσ-

2049 862 2323 932 αράττειν,
2358 862 2452 915 καὶ
2482 864 2548 933 τῇ
2577 863 2648 933 γῇ
2681 859 3096 934 προσαναλύειν,
3125 859 3204 924 ὡς
3237 858 3532 931 Ἀμαζόνες
3567 860 3636 914 τά

2049 951 2286 1005 δείλαιαο
2319 951 2454 1007 ἀλλὰ
2489 952 2580 1006 τὸν
2609 951 2760 1022 σφῶν
2802 951 3006 1022 αὐχένα
3033 950 3135 1022 τῆς
3162 950 3388 1004 ἐκείνων
3417 950 3635 1020 σφαγῆς

2052 1042 2484 1112 προῦπεχούσας,
2514 1043 2708 1106 ἑαυτὰς
2740 1041 2940 1113 μᾶλλον
2960 1042 2995 1114 ἢ
3021 1041 3090 1097 τὰ
3117 1040 3377 1096 ὑπότιτθα
3408 1039 3503 1095 τοῦ
3534 1040 3636 1113 ζῇν

2054 1133 2377 1204 ἱμειρόμενα
2401 1132 2882 1204 άποῤῥήγνυσθαι;

2128 1449 2191 1502 El
2218 1447 2276 1500 δὲ
2328 1448 2418 1503 καὶ
2471 1447 2698 1520 Ἑρμῆς,
2727 1447 2803 1512 ὥς
2844 1463 3000 1520 φατε,
3039 1446 3178 1518 μετὰ
3215 1446 3533 1521 Ἀφροδίτης
3576 1447 3640 1506 ἐν

2051 1543 2218 1606 οἴκοις
2251 1541 2399 1605 ἰδίοις
2427 1541 2666 1595 ἐπιτελεῖ
2695 1539 2956 1608 πλάστας,
2999 1540 3344 1614 ζωγράφους,
3380 1557 3642 1614 κερματι-

2055 1635 2212 1699 στάς·
2243 1636 2301 1688 ἐν
2328 1637 2494 1698 οῐκοις
2517 1633 2574 1688 δὲ
2611 1631 2949 1704 Ἀφροδίτης,
2975 1634 3272 1706 μυρεψοὺς,
3296 1635 3638 1704 φωνασκοὺς.

2055 1726 2380 1798 ὑποκριτὰς,
2439 1727 2701 1798 ποιητάςο
2765 1729 2918 1799 παρὰ
2972 1725 3030 1779 δὲ
3089 1724 3320 1788 Ἠλείοις
3376 1724 3488 1796 (56)
3544 1725 3641 1780 καὶ

2054 1820 2408 1890 Σαρακηνοῖς,
2437 1819 2530 1872 καὶ
2555 1821 2667 1882 τοῖς
2695 1819 2753 1872 ἐν
2785 1821 2850 1890 τῇ
2883 1817 3132 1889 ἁνωτέρᾳ
3150 1817 3348 1891 Λιϐύῃ,
3376 1818 3468 1872 καὶ
3493 1817 3641 1872 Maii-

2055 1927 2166 1980 ροις
2196 1909 2337 1963 κατὰ
2369 1911 2494 1973 τοὺς
2525 1911 2712 1980 ἠϊόνας
2757 1909 2870 1980 (57)
2919 1910 3014 1964 καὶ
3060 1911 3224 1981 ὄχθας
3257 1909 3352 1964 τοῦ
3385 1909 3640 1965 Ὠκεανοῦ

2054 2000 2300 2072 ποταμοῦ
2347 1999 2576 2064 οἰκοῦσι,
2627 2001 2723 2054 καὶ
2753 2002 2811 2054 ἐν
2853 2003 2920 2073 τῇ
2949 1999 3192 2074 ἐξωτέρᾳ
3222 2001 3521 2074 Γερμανίᾳ,
3547 2003 3641 2056 καὶΙ

2051 2094 2113 2145 ἐν
2157 2095 2223 2163 τῇ
2271 2091 2519 2164 ἁνωτέρᾳ
2565 2091 2867 2164 Σαρματίᾳ,
2894 2092 2990 2146 καὶ
3025 2093 3084 2146 ἐν
3111 2093 3336 2168 Σκυθίᾳ.
3373 2094 3468 2148 καὶ
3495 2094 3636 2147 πᾶσι

2055 2186 2114 2238 ἐν
2166 2186 2279 2248 τοῖς
2365 2181 2640 2247 ἐξωτικοῖς
2674 2183 2864 2253 μέρεσι
2903 2179 2998 2233 τοῦ
3047 2179 3249 2233 Πόντου
3281 2178 3509 2236 ἔθνεσιν.
3541 2175 3641 2248 οὐχ

2053 2267 2242 2325 οἷόντε
2275 2271 2454 2343 εὑρεῖν
2483 2269 2855 2341 κολλυϐιστὴν,
2881 2270 2916 2341 ἢ
2949 2268 3214 2340 πλάστην,
3249 2267 3284 2339 ἢ
3327 2266 3638 2338 ζωγράφον,

2053 2363 2153 2416 οὐκ
2180 2361 2558 2434 ἀρχιτέκτονα,
2582 2361 2644 2414 οὐ
2681 2360 2984 2428 φωνασκὺν,
3016 2360 3116 2430 οὐχ
3145 2359 3446 2430 ὑποκριτὴν
3478 2373 3641 2428 ποιη-

2058 2455 2263 2526 μάτων,
2297 2453 2374 2516 ὡς
2411 2452 2542 2524 παρ’
2577 2454 2736 2523 ἡμῖν·
2774 2451 2864 2505 διὰ
2905 2451 2960 2506 τί
2992 2449 3202 2523 Ἐρμῆς
3224 2451 3319 2504 καὶ
3355 2448 3641 2521 ’Δφροδίτη

2054 2547 2117 2599 οὐ
2166 2543 2462 2614 παρέσχον,
2511 2544 2630 2597 κατ’
2688 2543 2933 2598 ἐνιαυτὸν
2987 2543 3266 2612 ἐπιτυχεῖν
3317 2539 3643 2611 γεννωμένῳ

2055 2638 2168 2699 τοῖς
2199 2634 2508 2689 ἐκλείπουσι
2545 2635 2674 2707 παρ’
2706 2635 2888 2698 αὐτοῖς
2929 2633 3359 2704 ἐπιτηδεύμασι;
3387 2632 3560 2703 Μῆδοι
3583 2631 3643 2685 δὲ

2057 2729 2259 2792 πάντες
2291 2726 2430 2799 μετὰ
2456 2727 2692 2798 σπουδῆς
2718 2726 2797 2781 ἔτι
2825 2726 3160 2798 ἐμπνέοντας
3187 2727 3314 2789 τοὺς
3339 2724 3645 2796 κάμνοντας

2054 2821 2187 2874 κυσὶ⁵
2206 2819 2372 2893 βοράν
2392 2817 2741 2890 προτιθέασιν
2760 2818 3097 2890 ἀναλγήτως.
3122 2818 3227 2871 Σὺν
3251 2819 3318 2888 τῇ
3339 2817 3529 2888 Μήνῃ,
3561 2813 3641 2879 ῶς

2057 2930 2217 2983 φατε,
2249 2912 2341 2966 τὸν
2374 2914 2546 2983 ’Δρεα
2581 2912 2675 2966 ἐπὶ
2705 2911 2974 2984 ἡμερινῆς
3002 2911 3270 2980 γενέσεως
3291 2913 3350 2964 έν
3393 2908 3645 2980 καρκίνῳ

2058 3003 2232 3075 Μῆδοι
2265 3002 2494 3073 ἔλαχον;
2543 3002 2693 3056 Ἰνδοὶ
2737 3002 2860 3067 τοὺς
2907 3003 3133 3075 νεκροὺς
3187 3001 3396 3055 ἑαυτῶν
3448 3017 3646 3072 τεφρο-

2058 3095 2273 3150 ποιοῦσι
2306 3094 2438 3166 πυρί
2456 3109 2471 3124 ο
2503 3094 2621 3164 μεθ’
2648 3087 2724 3149 ὧν
2753 3093 3154 3164 καταφλέγουσί
3180 3110 3341 3148 τινων
3382 3093 3483 3156 τὰς
3507 3109 3646 3164 συμ-

2055 3187 2207 3250 ϐίους
2225 3205 2238 3217 ·
2268 3186 2362 3240 καὶ
2388 3186 2450 3239 οὑ
2472 3186 2643 3257 δήπου
2689 3188 2860 3240 πᾶσαι
2891 3187 2949 3240 αἱ
2976 3185 3308 3258 πυριὰλωτοι
3341 3185 3521 3239 Ἰνδῶν
3548 3200 3648 3254 γυ-

2050 3278 2256 3339 ναῖκες,
2284 3274 2318 3345 ἢ
2352 3276 2409 3329 αἱ
2448 3273 2639 3340 ζῶσαι,
2669 3273 2858 3346 ἔλαχον
2889 3273 2995 3328 ὑπὸ
3026 3274 3127 3346 τῆς
3171 3274 3495 3346 νυκτερινῆς
3522 3290 3648 3327 συν-

2050 3367 2318 3431 ελεύσεως
2340 3367 2450 3421 τῶν
2479 3367 2681 3436 γονέων
2707 3367 2804 3421 σὺν
2831 3367 2987 3438 Ἀρει
3017 3366 3111 3421 τὸν
3141 3367 3352 3431 Ἥλιον,
3391 3369 3450 3421 ἐν
3487 3368 3646 3421 νυκτὶ⁵

2054 3459 2131 3531 μὴ
2181 3457 2439 3528 φαίνοντα
2483 3459 2542 3511 ἐν
2607 3457 2825 3530 μοίραις
2866 3458 3102 3528 Ἀρεως.
3158 3456 3454 3528 Γερμανῶν
3499 3455 3544 3509 δ’
3593 3459 3642 3511 οῖ

2051 3548 2272 3612 πλείους
2297 3547 2501 3620 ἀγχόνῃ
2535 3547 2596 3602 τὸ
2640 3547 2740 3619 ζῇν
2777 3547 3125 3618 άμείϐονταιυ
3177 3547 3274 3601 καὶ
3313 3547 3376 3601 οὐ
3430 3547 3647 3609 πάντως

2049 3641 2112 3694 τὸ
2133 3640 2336 3712 πλῆθος
2359 3639 2654 3713 Γερμανῶν
2683 3641 2781 3712 τὴν
2803 3641 3041 3712 Σελήνην
3065 3643 3160 3695 καὶ
3180 3641 3282 3710 τὴν
3311 3641 3463 3711 ὥραν
3486 3656 3647 3710 μεσο-

2051 3733 2466 3806 λαμσανομένας
2495 3735 2601 3788 ὑπὸ
2626 3734 2835 3806 Κρόνου
2857 3736 2952 3789 καὶ
2986 3735 3198 3807 Ἀρεως
3223 3733 3460 3805 ἔχουσιν.
3503 3732 3654 3799 Ἀλλ,

2052 3824 2103 3875 εἰ
2129 3823 2294 3876 παντὶ
2319 3821 2460 3875 ἔθνει
2493 3821 2695 3893 ἡμέραι
2719 3822 2927 3894 βροτοῖς
2950 3823 3234 3892 γένωνται,
3252 3822 3314 3875 οὺ
3340 3819 3644 3893 κρείττονες

2052 3913 2088 3985 ἢ
2118 3913 2360 3985 χείρονες
2384 3913 2523 3968 κατὰ
2553 3913 2768 3985 ἄστρων
2801 3913 3141 3985 συμπλοκὴν,
3179 3913 3256 3978 ὼς
3297 3915 3456 3984 ὑμεῖς
3482 3929 3642 3982 φατε,

2053 4007 2171 4061 ἀλλ’
2199 4008 2256 4060 ἐν
2279 4007 2484 4078 ἑκάστῃ
2509 4005 2662 4078 χώρᾳ
2681 4005 2835 4078 νόμοι
2858 4008 3002 4070 τινὲς
3031 4007 3124 4060 καὶ
3153 4007 3358 4079 πάτρια
3385 4005 3484 4078 ἔθη
3513 4022 3648 4076 κρα-

2055 4099 2159 4161 τεῖ,
2183 4097 2242 4164 ἐξ
2269 4089 2345 4152 ὧν
2366 4098 2426 4152 τὸ
2451 4097 2796 4162 αὐτεξούσιον
2816 4099 2910 4152 καὶ
2937 4097 2998 4152 τὸ
3031 4099 3118 4168 ἐφ’
3151 4101 3284 4170 ἡμῖν
3304 4099 3373 4152 τά
3396 4097 3648 4172 πρακτέα

2056 4187 2320 4259 ὑπάρχειν
2349 4189 2712 4261 παιδευόμεθα
2741 4189 2963 4255 πάντες.
2997 4191 3073 4245 Οὐ
3097 4191 3205 4263 γὰρ
3235 4191 3322 4245 eia.
3361 4207 3422 4244 τε
3446 4171 3494 4262 δὴ
3525 4171 3647 4243 καθ’

2056 4281 2202 4350 ὑμᾶς
2225 4279 2437 4348 γένεσις
2467 4282 2774 4350 ἀναγκάσαι
2815 4283 2994 4354 Σῆρας
3032 4281 3299 4351 άνακεῖνθ,
3325 4283 3359 4354 ἢ
3387 4283 3648 4354 Βραχμᾶ·

2056 4388 2156 4436 νας
2179 4371 2507 4444 κρεωΰορεῖν
2534 4374 2627 4427 καὶ
2675 4377 3064 4446 σικεροποτεῖν,
3106 4373 3139 4446 ἢ
3171 4373 3388 4445 Πέρσας
3421 4373 3496 4445 μὴ
3529 4390 3649 4444 μη-

2057 4467 2356 4536 τρογαμεῖν
2398 4466 2492 4519 καὶ
2525 4465 3019 4539 άδελφοφθορεῖν,ῆ
3059 4465 3253 4530 Ἰνδοὺς
3284 4466 3360 4537 μὴ
3403 4465 3535 4534 πυρὶ
3569 4463 3650 4516 δι-

2061 4555 2208 4610 δόναι
2239 4557 2365 4620 τοὺς
2405 4558 2650 4628 νεκροὺς,
2683 4558 2716 4628 ἦ
2746 4557 2961 4628 Μήδους
3005 4557 3081 4629 μὴ
3127 4556 3255 4610 κυσὶ⁹
3294 4558 3420 4620 τοὺς
3457 4555 3648 4626 θνηξο-

2064 4647 2262 4718 μένους
2301 4647 2633 4719 προτιθέναι,
2678 4649 2712 4720 ἢ
2774 4648 3022 4719 Πάρθους
3078 4647 3152 4718 μὴ
3206 4645 3562 4716 πολυγαμεῖν,
3615 4645 3650 4716 ἢ

2058 4741 2186 4802 τοὺς
2213 4739 2668 4811 Μεσοποταμίτας
2702 4741 2777 4812 μὴ
2820 4741 3002 4812 ἄκρως
3031 4741 3352 4810 σωφρονεῖν,
3385 4737 3420 4808 ἢ
3453 4737 3649 4805 Ἐλλη-

2060 4848 2156 4894 νας
2187 4830 2263 4901 μὴ
2295 4834 2724 4902 σωμασκεῖσθαι,
2752 4832 2786 4902 ἢ
2824 4831 2893 4886 τά
2937 4830 3191 4904 βάρϐαρα
3233 4829 3360 4902 ἔθνη
3401 4831 3523 4892 ταῖς
3561 4827 3653 4897 ὑφ’

2072 4921 2342 4994 Ἑλλήνιον
2397 4922 2970 4994 προσαγορευομέναις
3041 4924 3354 4976 κοινωνεῖν
3406 4920 3523 4975 ἀλλ’
3576 4920 3653 4984 ὡς

2066 5015 2330 5087 προέφην,
2363 5014 2594 5078 ἕκαστος
2622 5014 2830 5088 βροτῶν
2854 5015 3058 5088 χρῆται
3090 5017 3156 5086 τῇ
3185 5012 3282 5067 τοῦ
3313 5012 3480 5084 νόμου
3509 5011 3654 5066 ἐλευ-

2065 5103 2245 5178 θερίᾳ,
2269 5105 2339 5160 τὰ
2377 5108 2443 5160 ἐκ
2479 5105 2589 5160 τῶν
2621 5107 2842 5176 ἄστρων
2875 5105 3328 5178 μυθουργοὺμενα
3359 5103 3483 5159 καθ’
3523 5102 3652 5155 Ἕλ-

2063 5196 2234 5267 ληνας
2286 5199 2813 5271 παραπεμπόμενος,
2857 5198 2936 5270 τῷ
2980 5201 3048 5253 ἐκ
3086 5198 3198 5251 τῶν
3236 5196 3419 5268 νόμων
3457 5194 3650 5264 δέει,ῆ

2066 5289 2145 5359 τῷ
2179 5288 2240 5354 ἐξ
2275 5289 2461 5355 ἔθνους
2492 5291 2606 5345 lbet
2641 5291 2857 5364 πατρίῳ
2898 5289 3008 5344 τῶν
3045 5289 3265 5360 φαύλων
3311 5287 3650 5360 εἰργόμενος,

2068 5383 2134 5437 Δί
2180 5384 2280 5454 μὲν
2321 5383 2432 5457 γὰρ
2478 5383 2590 5438 τῶν
2629 5383 2841 5456 ἀρετῶν
2890 5381 3199 5453 ὑπάρχουσι
3249 5378 3652 5454 προαιρετικαὶ,

2070 5583 2164 5655 καὶ
2193 5584 2399 5655 Σαρακ.
2432 5583 2541 5639 Nec
2560 5583 2867 5655 satisnoti
2897 5596 3037 5655 quos
3068 5579 3224 5655 _Eliqs
3255 5577 3527 5655 caesarius
3554 5593 3654 5629 no-

2068 5649 2458 5722 minat.'Forte
2494 5654 2618 5717 τοὺς
2650 5652 2758 5706 ἀπὸ
2799 5653 2898 5722 τῆς
2918 5649 3151 5715 ’Ἤλιδος
3181 5649 3651 5722 intelligit,__quam

2072 5720 2383 5796 Stephanus
2405 5725 2540 5796 πρὸς
2559 5715 2624 5794 τῇ
2652 5715 2947 5796 Αἰγυπτίᾳ,
2975 5723 3161 5796 urbem
3189 5736 3312 5796 esse
3339 5715 3436 5775 ait.
3455 5715 3648 5773 Vicae.

2141 5791 2252 5865 (⁵⁷)
2289 5791 2693 5864 Τοὺςῆτόνάς.
2738 5791 2910 5849 Forte
2933 5793 3029 5856 τὰς
3064 5791 3198 5862 ἡϊόν.
3237 5791 3330 5848 En.
