4112 6380
446 526 507 579 αἱ
541 522 600 578 δὲ
637 522 1040 593 περ.στατικαὶ,
1062 521 1277 594 ἀνάγκῃ
1303 521 1395 575 ἐπὶ
1421 520 1484 575 τὸ
1519 522 1766 592 κρεῖττον
1797 492 2038 591 χωροῦν-

448 630 541 676 τος
567 611 659 666 τοῦ
690 611 1025 682 ζητουμένου
1052 612 1160 665 ὑπὸ
1190 611 1303 665 τῶν
1329 611 1530 682 νόμων.

1914 404 2259 461 DIALOGUS
2293 401 2358 461 ll.

3622 398 3727 455 986

2146 528 2273 576 ante
2292 560 2308 586 ,
2336 519 2518 591 quivis
2546 518 2833 575 hominum
2863 534 2979 577 sua
3006 520 3143 595 legis
3170 522 3422 579 libertate
3447 520 3640 581 utitur,
3674 528 3731 575 et

2144 626 2267 681 quae
2292 626 2359 667 ex
2384 609 2550 667 astris
2574 610 2878 667 secundum
2904 611 3127 670 Graecos
3151 612 3400 671 fabulose
3422 614 3547 669 ﬁcta
3575 618 3729 682 sunt,

452 714 677 774 propter
702 703 881 773 legum
909 711 1115 757 metum
1144 702 1352 756 omittit
1371 740 1387 766 ,
1416 709 1513 755 aut
1540 710 1765 772 propter
1792 700 2251 757 consuetudinem
2291 700 2521 771 patriam
2555 700 2735 771 gentis
2768 717 2800 756 a
2824 702 2974 759 vitiis
2998 703 3258 762 abstinet.
3287 703 3427 760 Nam
3457 706 3723 761 virtutum

450 795 571 850 aliae
601 802 730 850 sunt
758 808 827 848 ex
853 792 1042 847 liberae
1071 790 1375 845 voluntatis
1408 791 1711 856 electione,
1745 790 1867 846 alia:
1894 805 2028 847 vero
2058 804 2124 849 ex
2156 789 2591 847 circumstantiis
2620 789 2743 862 ejus
2772 792 2868 862 qui
2900 794 3229 850 necessitate
3258 802 3485 851 coactus
3514 794 3727 851 accedit

450 885 519 941 ad
554 884 785 949 melius,
816 891 1005 953 utpote
1046 882 1259 953 legibus
1295 881 1373 935 ita
1407 882 1791 952 poscentibus.

1044 997 1296 1051 ΠΕΥΣΙΣ
1343 998 1448 1053 PI'.

534 1114 670 1167 Ἀλλ’
704 1112 845 1167 ἑπτὰ
890 1112 1061 1166 ὄντων
1105 1112 1175 1183 τῇ
1218 1110 1432 1180 γενέσει
1472 1110 1629 1183 ήμῶν
1665 1110 2043 1184 ἀνακειμένων

450 1207 717 1279 ἀστέρων,
742 1207 825 1269 εἰς
858 1205 1000 1259 ἑπτὰ
1025 1204 1255 1276 λέγομεν
1280 1204 1521 1276 κλίματα
1552 1205 1652 1277 τὴν
1685 1206 1791 1278 γῆν
1813 1206 2043 1280 διαιρεῖ-

453 1296 598 1359 σθαι,
656 1296 751 1349 καὶ
805 1294 1071 1367 ἄρχεσθαι
1114 1296 1348 1349 ἕκαστον
1399 1294 1570 1366 κλῖμα
1621 1296 1710 1365 ὑφ’
1764 1296 1883 1360 ἑνὸς
1931 1297 2042 1352 τῶν

450 1387 715 1459 ἀστέρων,
745 1389 841 1441 καὶ
873 1387 1012 1458 πρὸς
1044 1387 1268 1440 ἐκείνων
1299 1386 1620 1457 συμπλοκὰς
1657 1387 1909 1456 ἄγεσθαι,
1948 1390 2045 1444 καὶ

449 1478 829 1534 ἀποτελεῖσθαι
856 1481 986 1544 τοὺς
1009 1480 1350 1553 ἀρχομένους
1368 1498 1382 1512 ·
1412 1482 1547 1553 ὅπερ
1578 1480 1744 1552 νόμον
1772 1483 1916 1548 τινὲς
1943 1484 2043 1556 τὴν

448 1571 543 1627 τοῦ
571 1571 773 1646 ἄστρου
808 1572 1091 1643 ἐνέργειαν
1115 1572 1387 1641 λέγουσιν.

1070 1665 1431 1734 Ἀπόκρισις.

517 1757 628 1811 Kal.
680 1756 799 1821 πῶς
842 1758 891 1810 εἰ
937 1756 1187 1828 ἐπταχῶς
1224 1757 1511 1829 διαιρεῖται
1552 1759 1587 1830 ἡ
1620 1756 1933 1830 οἰκουμένη,
1978 1758 2040 1811 ἐν

449 1850 551 1920 μιᾷ
571 1849 746 1921 μερίδι
763 1848 993 1913 πολλοὺς
1016 1851 1111 1903 καὶ
1131 1850 1420 1921 διαφόρους
1446 1850 1645 1921 νόμους
1673 1851 2033 1923 εὑρίσκομεν;

446 1943 540 1995 καὶ
576 1940 703 1996 οὑτε
754 1942 894 1995 ἑπτὰ
940 1940 1102 2011 μόνον
1130 1942 1273 1996 κατὰ
1329 1943 1455 2006 τοὺς
1495 1942 1754 2013 ἀστέρας,
1785 1940 1910 1995 οὔτε
1956 1942 2039 2005 δὶς

444 2032 506 2097 ἒξ
531 2033 672 2088 κατὰ
693 2033 822 2097 τοὺς
850 2032 1112 2097 ζωδικοὺς
1139 2033 1274 2103 (58),
1304 2033 1414 2087 οὐδ’
1444 2029 1512 2088 αὗ
1552 2033 1714 2088 πάλιν
1742 2033 2038 2105 τριάκοντα

442 2122 505 2187 ἓξ
536 2121 681 2177 κατὰ
698 2124 826 2187 τοὺς
852 2122 1111 2186 δεκάνους
1144 2122 1281 2193 (59),
1306 2121 1443 2177 ἀλλὰ
1469 2120 1650 2193 μυρίοι
1679 2120 2040 2192 μνημονεύον-

442 2233 533 2270 ται
572 2215 750 2285 νόμοι,
787 2214 957 2269 πάλαι
990 2213 1373 2284 άμειφϐέντες,
1413 2215 1508 2268 καὶ
1536 2211 1633 2265 νῦν
1675 2213 2030 2284 ὑπάρχοντες.

444 2307 569 2370 Πῶς
598 2305 656 2359 δὲ
689 2306 748 2359 ὲν
772 2304 955 2375 ταυτῷ
984 2307 1232 2376 τμήματι
1277 2304 1405 2367 τοὺς
1450 2302 1903 2375 ἀνθρωποδόρους
1934 2304 2035 2355 Ἰν-

441 2396 584 2461 δοὺς,
615 2397 710 2449 καὶ
736 2397 865 2459 τοὺς
893 2396 1154 2467 ἐμψύχων
1193 2395 1288 2448 καὶ
1317 2393 1499 2465 θοίνης
1525 2394 1743 2465 ἁπάσης
1771 2393 2038 2463 άπεχομέυ

440 2506 565 2553 νους
613 2488 963 2560 Βραχμαίους
1014 2486 1298 2551 οἰκοῦντας
1324 2485 1577 2558 δρῶμεν;
1628 2486 1746 2550 πῶς
1796 2486 1854 2539 δὲ
1894 2488 1943 2539 οἱ
1977 2488 2036 2540 ὲν

444 2579 722 2634 ιὶαδυλῶνι
765 2582 887 2634 ὅποι
928 2580 972 2633 δ’
1013 2579 1080 2634 ἂν
1130 2580 1408 2649 γίνωνται,
1463 2581 1527 2651 τῇ
1583 2577 1881 2649 μιαιγαμίᾳ
1927 2579 2036 2631 τῶν

438 2672 696 2744 ὁμαίμων
730 2670 1048 2743 παροινοῦσι
1073 2689 1087 2739 ;
1125 2671 1242 2735 πῶς
1267 2672 1312 2725 δ’
1336 2673 1395 2725 ἐν
1416 2671 1588 2742 ἑτέρῳ
1608 2671 1857 2741 τμήματι
1881 2670 2035 2735 ὄντες

439 2766 490 2817 οἰ
521 2763 822 2833 Σκλαυηνοὶ
848 2763 943 2817 καὶ
981 2764 1303 2826 Φυσωνῖται,
1337 2765 1385 2816 oi
1415 2763 1511 2817 καὶ
1551 2762 1833 2816 Δανούϐιοι
1863 2780 2035 2833 προσ-

439 2856 849 2927 αγορευόμενοι,
902 2856 953 2909 οἰ
1001 2856 1099 2928 μὲν
1142 2854 1806 2926 γυναικομαστοϐοροῦσιν
1838 2854 2031 2927 ⁴ἡδέως,

436 2950 527 3004 διὰ
552 2949 611 3003 τὸ
636 2948 1031 3020 πεπληρῶσθαι
1062 2947 1155 3001 τοῦ
1196 2948 1491 3017 γάλακτος,
1527 2947 1679 3019 μυῶν
1708 2946 1866 3018 δίκην
1907 2949 2035 3011 τοὺς

439 3041 759 3107 ὑποτίτθους
804 3044 929 3107 ταῖς
973 3043 1204 3114 πέτραις
1255 3040 1687 3111 ὲπαράττοντεςο
1735 3040 1784 3091 οί
1832 3038 1891 3091 δὲ
1937 3039 2035 3093 καὶ

436 3134 538 3205 τῆς
572 3134 812 3205 νομίμης
833 3133 929 3188 καὶ
952 3132 1279 3204 ἀδιασλήτου
1326 3130 1668 3204 κρεωὸορίας
1696 3130 2030 3201 ἀπέχονται;

437 3224 605 3279 καὶοί
636 3225 735 3295 μὲν
774 3225 1112 3297 ὑπάρχουσιν
1168 3222 1440 3288 αὐθάδεις,
1488 3223 1801 3294 αὐτόνομοι,
1829 3222 2031 3292 ἀνηγε-

439 3316 706 3387 μόνευτοι,
733 3316 973 3388 συνεχῶς
1001 3315 1372 3388 ἀναιροῦντες,
1406 3316 1812 3386 συνεσθιόμενοι
1838 3314 1872 3385 ἦ
1911 3331 2034 3367 συν-

434 3410 731 3474 οδεύοντες,
762 3410 869 3464 τῶν
896 3409 1045 3479 σφῶν
1066 3409 1314 3481 ἡγεμόνα
1342 3410 1435 3463 καὶ
1460 3408 1716 3480 ἄρχοντα,
1739 3407 2033 3470 ἀλώπεκας

437 3501 530 3553 καὶ
563 3500 661 3564 τὰς
687 3499 983 3571 ὲνδρύμους
1005 3499 1213 3562 κάττας
1236 3498 1331 3552 καὶ
1363 3500 1580 3569 μονιοὺς
1612 3496 1905 3559 ἐσθίοντες,
1936 3495 2033 3549 καὶ

434 3598 501 3665 τῇ
536 3593 717 3648 λύκων
759 3594 949 3663 ὠρυγῇ
1004 3593 1144 3661 σφᾶς
1199 3591 1700 3663 προσκαλούμενοι·
1734 3590 1785 3643 οἰ
1832 3589 1889 3642 δὲ
1936 3590 2034 3643 καὶ

436 3685 773 3756 ἀδδηφαγίας
803 3683 1120 3754 ἀπέχονται,
1148 3682 1243 3736 καὶ
1288 3681 1369 3753 τῷ
1410 3682 1628 3752 τυχόντι
1661 3680 2032 3752 ὑποταττόμε-

434 3793 517 3830 νοι
547 3775 641 3829 καὶ
678 3774 995 3839 ὑπείκοντες
1014 3792 1029 3842 ;

505 3973 615 4028 Kal.
663 3972 830 4036 πολὺς
870 3972 899 4026 δ
941 3971 1103 4041 λόγος
1148 3972 1277 4043 περί
1308 3972 1762 4044 Λογγουδάρδων,
1798 3974 1892 4027 καὶ¹
1925 3973 2032 4027 Νό-

438 4083 565 4137 ρων,
589 4065 682 4118 καὶ
707 4064 927 4118 Γάλλων
966 4064 1077 4118 τῶν
1110 4064 1404 4136 ἐσπερίων,
1438 4064 1548 4119 τῶν
1586 4065 1893 4137 Ἑρμαῖκῆς
1935 4067 2029 4120 καὶ

433 4157 708 4228 Κρονικῆς
736 4155 1113 4228 άμοιρούντων
1134 4156 1446 4227 ἐπιστήμης
1464 4156 1575 4209 τῶν
1602 4155 1836 4227 ἄστρων.
1864 4156 2028 4209 Πόσοι

435 4246 674 4318 βασιλεῖς
703 4250 797 4302 καὶ
826 4250 1086 4320 ἄρχοντες
1118 4249 1443 4319 παρήγαγον
1472 4248 1598 4311 τοὺς
1628 4247 1815 4311 κακῶς
1843 4248 2028 4319 κειμέ-

432 4338 557 4401 νοὺς
588 4338 805 4409 νόμους,
840 4337 993 4391 αὑτοὶ
1023 4337 1085 4390 τὸ
1135 4337 1328 4391 δοκοῦν
1381 4337 1830 4409 νομοθετοῦντεςῐ
1887 4339 1919 4409 ἢ
1957 4332 2025 4391 αῦ

434 4428 596 4483 πάλιν
619 4429 746 4491 τοὺς
779 4427 1096 4498 κρείττονας
1124 4428 1174 4480 οἰ
1206 4428 1438 4481 ἐναντίοι
1466 4426 1777 4493 ἀπώσαντο,
1810 4428 1902 4481 ὑπ’
1929 4429 2024 4481 οὑ-

431 4520 581 4587 om;
606 4519 717 4572 τῶν
742 4518 958 4592 ἄστρων
983 4519 1121 4591 πρὸς
1146 4520 1215 4573 τά
1238 4519 1528 4591 αἱρεθέντα
1553 4520 1860 4590 εἰργόμενοι
1882 4521 1894 4573 l
1933 4521 2031 4573 ’Ἑν

430 4610 489 4665 δὲ
512 4609 678 4679 φάναι
710 4608 993 4681 βούλομαι.
1023 4609 1053 4664 δ
1085 4612 1178 4663 καὶ
1204 4610 1313 4663 τῶν
1336 4611 1582 4663 ἀπίστων
1614 4609 1832 4664 πάντων
1856 4612 2029 4682 άποῤ-

434 4698 596 4770 paea:
639 4699 709 4752 τὰ
756 4698 1033 4771 στόματα·
1077 4699 1321 4753 Ἰουδαῖοι
1373 4698 1575 4761 πάντες
1612 4698 1702 4752 τὸν
1744 4698 1833 4753 διὰ
1870 4700 2032 4752 Μωὺο

431 4790 574 4853 σέως
599 4789 885 4859 δεξάμενοι
907 4790 1093 4861 νόμον,
1127 4791 1235 4843 πᾶν
1257 4790 1427 4862 ἄρρεν
1470 4789 1688 4859 λογικὸν
1723 4789 1906 4853 αὑτοῖς
1944 4806 2030 4858 γι-

429 4882 655 4953 νόμενον
693 4885 759 4953 τῇ
790 4882 953 4956 ὀγδόῃ
984 4882 1169 4954 ἡμέρᾳ
1192 4882 1613 4954 περιτέμνοντες
1652 4884 2026 4954 αίμάττουσιν·

429 4975 538 5029 ἀπὸ
574 4975 631 5028 δὲ
683 4974 778 5028 τοῦ
816 4975 1032 5043 αἰῶνος,
1090 4976 1266 5041 οὐδεὶς
1303 4976 1575 5047 Ἑλλήνων
1612 4976 1645 5047 ἢ
1688 4976 2028 5047 Χριστιανῶν

430 5066 736 5138 περιτομὴν
764 5065 1010 5133 ἐδέξατοο
1051 5066 1321 5121 πλείστων
1363 5067 1633 5123 Ἰουδαίων
1687 5068 1782 5120 καὶ
1827 5066 2029 5139 Ἐλλή-

426 5176 535 5211 νων
569 5158 661 5211 καὶ
704 5157 1045 5229 Χριστιανῶν
1094 5160 1234 5213 κατά
1285 5161 1413 5225 τοὺς
1461 5162 1660 5224 αὑτοὺς
1715 5162 1891 5233 μῆνας
1936 5166 2030 5217 καὶ

428 5249 729 5320 ἑϐδομάδας
754 5252 849 5304 καὶ
881 5250 1097 5323 ἡμέρας
1139 5255 1232 5307 καὶ
1260 5251 1409 5326 ὧρας
1440 5256 1814 5327 γεννωμένων,
1857 5256 2031 5327 Ἀρης

427 5341 460 5411 ἦ
497 5342 709 5414 Ἐρμῆς
738 5343 770 5413 ἢ
799 5343 1076 5416 Κύπριςῆ
1108 5346 1136 5398 ὁ
1168 5345 1354 5410 λοιπὸς
1391 5346 1663 5418 Ἐλλήνων
1690 5348 1878 5419 μῦθος,
1910 5349 2028 5413 ἑνὸς

427 5434 626 5488 κύκλου
666 5436 1094 5509 ἐμπεριέχοντος
1147 5439 1219 5492 τὰ
1264 5438 1462 5505 πάντα,
1513 5441 1607 5493 καὶ
1656 5441 1884 5521 μηδενδς
1918 5440 2026 5494 ὑπὸ

424 5527 670 5599 ἀστέρων
724 5528 1072 5600 βιαζομένου.
1120 5532 1197 5585 Οὑ
1260 5532 1371 5604 γάρ
1418 5533 1619 5598 πάντες
1677 5534 1938 5606 Ἕλληνες
1986 5536 2021 5607 ἢ

498 5704 612 5844 ἓδὸ)
647 5708 969 5777 Ζωδικούς.
1002 5709 1167 5765 Forte
1199 5708 1517 5774 ζωδιακούς.
1559 5710 1716 5769 Enn.

522 5775 613 5839 59)
672 5776 829 5831 Κατὰ
892 5782 1033 5844 τοὺς
1086 5781 1399 5844 δεκάνους.
1455 5781 1669 5844 Utique.

502 5775 613 5857 (59)
672 5776 829 5857 [farti
892 5775 1033 5857 τοὺς
1086 5781 1399 5857 δεκᾲνους.
1455 5781 1669 5857 Utique.
1727 5783 2021 5839 Duodecim

422 5848 568 5927 enim
594 5846 914 5927 infodiam
940 5846 1115 5927 signa.
1151 5846 1515 5927 Signiautem
1542 5846 1813 5927 cujusque
1844 5867 2024 5927 partes

424 5929 454 5968 a
485 5918 855 5977 chethliacis
887 5923 1111 5992 triginta
1152 5918 1486 5992 constituta‘,
1518 5940 1579 5979 ac
1611 5918 1736 5983 ἰι-οε
1767 5925 1822 5981 in
1844 5918 2023 5982 "dccu~

2584 994 3109 1055 lNTERROGATlO
3148 999 3262 1059 CX.

2212 1109 2379 1181 Atqui
2402 1124 2527 1165 cum
2579 1110 2691 1166 sint
2734 1121 2945 1184 septem
2996 1114 3441 1188 uniuscujusque
3478 1127 3739 1175 nostrum

2142 1202 2411 1257 nativitati
2439 1201 2719 1273 deputatae
2741 1205 2937 1269 stellae,
2972 1204 3031 1261 in
3063 1214 3277 1278 septem
3313 1209 3501 1280 plagas
3523 1218 3736 1267 terram

2140 1291 2374 1350 divisam
2397 1310 2521 1351 esse
2547 1295 2807 1360 dicimus,
2836 1304 3003 1369 atque
3037 1300 3342 1370 quamlibet
3366 1301 3579 1372 plagam
3622 1318 3728 1373 gu-

2142 1386 2363 1441 bernari
2393 1386 2461 1442 ab
2492 1401 2599 1440 una
2633 1387 2919 1443 stellarum
2943 1390 3183 1457 illarum,
3214 1401 3272 1447 et
3329 1392 3632 1448 secundum
3664 1394 3730 1448 il-

2142 1476 2315 1531 larum
2368 1478 2817 1547 conjunctionem
2870 1480 2999 1535 duci
3052 1489 3108 1537 et
3163 1483 3351 1553 perfici
3401 1485 3727 1555 subjectos:

2142 1582 2307 1638 quam
2331 1565 2714 1624 efficacitatem
2747 1568 2922 1624 stellae
2952 1570 3122 1641 aliqui
3150 1572 3322 1645 legem
3372 1582 3587 1630 vocant.

2782 1662 3095 1733 Responsio.

2219 1749 2276 1805 Si
2303 1750 2359 1805 in
2399 1757 2607 1821 septem
2641 1752 2831 1824 plagas
2861 1754 3126 1810 dividitur
3159 1756 3333 1821 orbis,
3365 1758 3643 1827 quomodo
3672 1761 3729 1815 in

2142 1856 2253 1895 una
2285 1848 2439 1911 parte
2463 1842 2664 1897 multas
2696 1851 2862 1913 atque
2894 1844 3145 1900 diversas
3174 1847 3321 1917 leges
3377 1849 3736 1905 invenimus?

2140 1931 2329 2003 Neque
2354 1940 2562 2004 septem
2597 1935 2760 1989 modo
2783 1936 3083 1991 seéundum
3104 1954 3393 1994 numerum
3423 1943 3732 2004 stellarum,

2141 2040 2320 2094 neque
2344 2024 2635 2080 duodecim
2690 2028 2997 2081 secundum
3052 2029 3259 2084 zodiaci
3319 2033 3498 2101 signa,
3554 2049 3735 2103 neque

2140 2114 2267 2168 item
2294 2115 2517 2186 triginta
2546 2132 2639 2171 sex
2674 2119 2979 2173 secundum
3007 2118 3271 2185 decanos,
3308 2122 3402 2175 sed
3432 2122 3736 2179 innumeras

2139 2217 2646 2262 commemorantur
2672 2211 2838 2279 leges,
2874 2225 2996 2280 qua:
3033 2211 3164 2265 olim
3218 2221 3443 2268 mutatae
3495 2222 3645 2277 sunt,
3679 2225 3736 2270 et

2139 2312 2288 2351 nunc
2341 2297 2546 2369 vigent.
2597 2298 2888 2365 Quomodo
2932 2316 3065 2356 vero
3130 2303 3182 2356 in
3247 2304 3439 2358 eadem
3486 2308 3737 2360 sectione

2138 2388 2624 2460 anthropophagos
2675 2390 2868 2453 Indos,
2921 2400 2977 2445 et
3030 2390 3099 2445 ab
3154 2392 3415 2450 animatis
3475 2395 3735 2465 omnique

2137 2480 2473 2536 mactatione
2504 2483 2847 2539 abstinentes
2890 2482 3267 2540 Brachmanes
3316 2487 3568 2542 habitare
3610 2504 3736 2543 cer-

2138 2571 2683 2638 nimus?Quomodo
2710 2574 2999 2646 Babylonii
3046 2575 3195 2629 misti
3247 2577 3473 2646 pollutis
3525 2580 3734 2651 nuptiis

2136 2665 2676 2735 consanguineorum
2734 2667 3017 2721 delirant?
3074 2668 3181 2723 Aut
3225 2669 3503 2739 quomodo
3548 2671 3603 2725 in
3647 2685 3737 2726 se-

2136 2757 2320 2811 ctione
2354 2756 2459 2811 alia
2492 2757 2741 2828 ejusdem
2778 2767 2988 2814 tractus
3028 2758 3277 2815 Sclaveni
3324 2769 3379 2817 et
3418 2758 3737 2835 Physonita:

2136 2849 2309 2917 quiet
2343 2848 2656 2905 Danubiani
2708 2852 3082 2922 appellantur,
3142 2853 3237 2907 alii
3287 2854 3509 2924 quidem
3564 2856 3736 2910 ubera

2136 2943 2431 2998 mulierum
2485 2944 2721 3000 libenter
2785 2945 3121 3011 comedunt,
3178 2947 3325 3017 quod
3375 2947 3536 3018 plena
3592 2948 3739 3003 lacte

2138 3035 2363 3102 fuerint,
2390 3037 2570 3093 instar
2610 3037 2851 3092 murium
2899 3036 3141 3094 infantes
3204 3039 3357 3094 saxis
3406 3038 3735 3105 allidentes;

2144 3127 2237 3182 alii
2264 3142 2395 3184 vero
2422 3128 2587 3184 etiam
2620 3143 2651 3183 a
2694 3128 2939 3200 legitimo
2989 3137 3045 3183 et
3093 3129 3562 3199 irreprehensihili
3610 3145 3737 3184 car-

2139 3220 2292 3274 nium
2318 3235 2415 3275 esu
2442 3220 2725 3276 abstinent
2751 3221 2775 3274 ?
2810 3219 2914 3287 Qui
2939 3236 3131 3275 eorum
3156 3221 3248 3274 alii
3282 3222 3558 3291 praefracti
3579 3231 3735 3286 sunt,

2141 3328 2243 3369 suo
2277 3313 2405 3383 jure
2436 3314 2683 3369 viventes
2723 3315 2934 3385 absque
2982 3314 3311 3384 cujusquam
3363 3313 3618 3384 imperio,
3669 3330 3735 3368 ac

2140 3420 2541 3473 nonnunquam
2592 3405 2972 3461 comedentem
3022 3419 3208 3459 secum
3257 3404 3343 3457 vel
3383 3403 3487 3459 iter
3528 3403 3738 3458 facien-

2139 3505 2249 3553 tem
2286 3498 2592 3568 principem
2627 3513 2789 3554 suum
2844 3496 3261 3559 interﬁcientes,
3312 3497 3503 3566 vulpes
3542 3505 3596 3551 et
3638 3498 3737 3551 sil-

2138 3602 2354 3647 vestres
2413 3590 2545 3648 feles
2598 3607 2908 3662 porcosque
2954 3590 3331 3656 comedentes,
3371 3598 3427 3645 et
3480 3590 3735 3660 luporum

2139 3685 2350 3739 ululatu
2381 3701 2440 3741 se
2464 3692 2863 3755 provocantes;
2897 3684 2988 3737 alii
3031 3698 3163 3738 vero
3211 3698 3241 3735 a
3286 3682 3593 3737 voracitate
3631 3681 3733 3735 ab-

2137 3774 2365 3839 stinent,
2425 3782 2481 3829 et
2535 3773 2713 3828 cuivis
2760 3772 2997 3844 principi
3043 3786 3105 3827 se
3178 3771 3544 3843 subjicientes
3595 3772 3732 3827 obc-

2136 3866 2295 3921 diunt
2328 3865 2352 3918 ἲ

2207 3976 2373 4031 Multa
2417 3984 2567 4031 certe
2610 3988 3114 4032 commemorantur
3152 3976 3221 4032 de
3258 3974 3642 4047 Longobardis
3676 3981 3735 4031 et

2134 4069 2296 4125 Noris
2346 4077 2401 4124 et
2448 4068 2623 4126 Gallis
2684 4069 3150 4135 occidentalibus,
3204 4080 3466 4141 tanquam
3525 4067 3735 4138 ignaris

2133 4159 2477 4216 Mercurialis
2499 4167 2555 4216 et
2587 4159 2902 4216 Saturnius:
2929 4161 2998 4217 de
3044 4163 3212 4219 astris
3265 4160 3532 4218 scientia.
3582 4159 3733 4226 Quot

2132 4267 2293 4324 reges
2322 4256 2379 4305 et
2424 4251 2705 4322 principes
2762 4251 3110 4307 sustulerunt
3173 4252 3316 4308 male
3375 4251 3518 4306 latas
3561 4251 3731 4320 leges,

2133 4341 2237 4411 ipsi
2269 4355 2368 4396 sua
2400 4340 2603 4411 placita
2637 4341 2990 4396 sancientes?
3019 4349 3115 4396 aut
3143 4358 3174 4398 e
3195 4342 3436 4407 diverso,
3472 4340 3733 4395 meliores

2133 4432 2500 4503 repudiarunt
2529 4432 2599 4486 ab
2623 4432 2711 4488 his
2744 4431 2977 4497 diversi,
3005 4448 3034 4486 a
3069 4432 3225 4487 nullo
3257 4441 3412 4488 astro
3442 4432 3499 4486 in
3540 4432 3731 4486 decre-

2140 4525 2211 4581 tis
2255 4523 2361 4580 sibi
2412 4524 2632 4595 placitis
2668 4524 2961 4595 impediti?
3006 4524 3188 4582 Unum
3230 4535 3415 4579 autem
3451 4522 3728 4595 proferam

2131 4616 2280 4686 quod
2308 4616 2724 4671 incredulorum
2756 4616 3005 4671 omnium
3065 4630 3162 4670 ora
3213 4615 3373 4685 quasi
3421 4615 3578 4684 alapa
3622 4628 3731 4667 ca:-

2129 4707 2451 4765 detzludzei
2489 4723 2683 4764 omnes
2710 4709 2829 4780 lege
2857 4724 3026 4779 quam
3074 4707 3257 4763 Moses
3302 4707 3430 4761 tulit
3483 4712 3727 4774 recepta,

2127 4816 2344 4857 omnem
2372 4800 2546 4855 fetum
2574 4815 2780 4855 marem
2813 4801 3141 4871 participem
3173 4800 3410 4854 rationis
3448 4797 3585 4869 ipsis
3625 4811 3726 4851 na-

2134 4904 2273 4958 tum,
2306 4904 2502 4949 octavo
2541 4892 2629 4947 die
2660 4893 3146 4957 circuuicidentes,
3198 4893 3470 4963 sanguine
3502 4890 3732 4962 perfun-

2130 4988 2289 5043 dunt.
2333 4988 2378 5041 A
2402 4987 2606 5044 saeculo
2630 4995 2812 5042 autem
2860 4988 3046 5042 nullus
3082 4986 3402 5041 Graecorum
3434 4992 3532 5039 aut
3577 4984 3733 5040 Chri-

2128 5080 2439 5137 stianorum
2495 5079 2980 5135 circumcisionem
3018 5079 3267 5157 recepit,
3317 5078 3443 5132 licet
3500 5076 3728 5147 plurimi

2126 5170 2302 5227 Judaei
2334 5180 2390 5227 et
2414 5170 2590 5227 (ἱηοί
2643 5181 2699 5226 et
2741 5169 3044 5226 Christiani
3092 5170 3290 5226 iisdem
3338 5169 3624 5225 mensibus
3673 5175 3732 5226 et

2129 5262 2572 5319 hebdomadibus
2601 5271 2658 5319 et
2690 5263 2889 5319 diebus
2923 5270 2978 5318 et
3028 5262 3181 5320 horis
3230 5263 3348 5317 nati
3394 5262 3530 5318 sint.
3581 5261 3729 5318 Nihil

2129 5370 2261 5426 ergo
2291 5354 2437 5411 Mars
2464 5354 2597 5410 facit
2632 5365 2726 5411 aut
2750 5354 3083 5421 Mercurius,
3116 5362 3210 5411 aut
3246 5354 3456 5418 Venus,
3504 5364 3600 5409 aut
3642 5370 3732 5411 re-

2133 5446 2283 5513 liqua
2312 5446 2630 5502 Graecorum
2656 5446 2869 5514 fabula,
2900 5464 3009 5503 uno
3054 5447 3269 5503 circulo
3319 5446 3725 5517 complectente

2132 5538 2369 5595 omnia:
2410 5538 2709 5611 nullusque
2761 5541 2832 5595 ab
2887 5540 3061 5597 astris
3124 5540 3177 5595 vi
3233 5539 3469 5612 cogitur.
3529 5537 3725 5594 Annon

2134 5717 2247 5772 rias
2304 5717 2523 5790 tributa:
2553 5736 2565 5773 :
2596 5734 2841 5790 quarum
2873 5718 3171 5790 principes,
3245 5717 3465 5790 Decani.
3513 5732 3577 5771 ex
3618 5715 3728 5774 Ro-

2135 5788 2538 5911 manﬁmililiae
2574 5806 2677 5846 usu
2700 5788 2968 5846 nominati
2998 5810 3011 5845 :
3044 5788 3237 5846 omnes
3255 5788 3481 5859 proinde
3502 5790 3723 5860 triginta

2135 5874 2247 5914 sex.
2337 5875 2477 5914 icsn.

2236 5900 2247 5915 ι
2302 5890 2317 5911 Ἰ
2337 5890 2477 5914 ιυιιι.
