4112 6380
315 375 427 434 987

317 496 471 553 enim
495 492 676 550 Graeci
716 497 808 547 aut
846 489 1021 547 Judaei
1084 500 1179 546 aut
1211 490 1517 547 Christiani
1570 493 1761 548 eadem
1815 493 1907 549 die

323 588 410 643 vel
440 592 595 653 hora,
627 586 682 640 in
714 583 1181 652 maternumjacti
1210 592 1341 639 sunt
1378 592 1618 647 uterum,
1653 592 1708 638 et
1750 583 1914 637 simul

323 679 382 733 in
421 692 596 733 tucet-n
621 674 788 731 editi?
825 673 1113 741 Quomodo
1148 675 1317 746 igitur
1366 676 1623 745 plurimis
1670 677 1915 747 ipsorum

319 768 549 825 Christo
579 768 880 837 adjunctus,
916 766 1099 836 patrio
1127 767 1397 838 abnegato
1420 782 1632 831 errore,
1672 783 1780 821 non
1815 782 1915 837 po-

322 861 431 914 tuit
452 863 501 915 ei
545 871 777 914 terrenae
802 859 944 929 parti
981 858 1277 914 dominans
1322 860 1482 915 stella
1524 860 1679 930 ipsos
1726 849 1918 915 arCere

325 953 397 1009 ab
425 968 551 1008 vera
587 953 640 1006 in
672 950 842 1007 Deum
870 951 1118 1022 pietate?

768 1063 1293 1120 lNTERROGATlO
1331 1063 1468 1122 CXL

399 1180 466 1234 At
499 1179 658 1234 nobis
692 1178 821 1234 dum
853 1181 919 1236 de
955 1181 1123 1236 astris
1150 1181 1448 1251 loquimur,
1480 1196 1589 1236 non
1621 1190 1706 1237 est
1735 1197 1919 1239 sermo

327 1270 397 1327 de
432 1270 557 1335 ﬁde,
586 1271 681 1327 sed
724 1271 793 1327 de
829 1272 1074 1326 moribus
1114 1279 1168 1326 et
1196 1271 1411 1327 ratione
1439 1272 1679 1336 vivendi,
1708 1281 1763 1328 et
1792 1273 1921 1330 inde

327 1362 601 1434 pendente
628 1365 869 1426 actione,
912 1373 1177 1434 praeterea
1230 1364 1300 1418 de
1349 1364 1749 1421 constitutione
1792 1379 1922 1421 cor-

330 1456 502 1525 poris.
530 1453 664 1508 Nam
696 1470 933 1525 quorum
984 1454 1090 1511 sub
1131 1454 1316 1511 Ariete
1350 1457 1610 1513 nativitas
1659 1466 1766 1525 est,
1812 1459 1922 1513 cri-

331 1547 447 1615 spis
494 1553 623 1601 sunt
672 1546 944 1612 crinibus,
999 1545 1229 1615 gratiosi
1283 1553 1339 1600 et
1389 1547 1747 1617 magnamini,
1789 1549 1922 1618 quia

329 1638 602 1708 principis
630 1637 813 1692 ol’licio
840 1636 1088 1708 fungitur
1133 1636 1294 1692 Aries
1328 1655 1341 1691 :
1371 1638 1537 1692 etiam
1590 1639 1773 1693 liberae
1819 1655 1920 1695 vo-

331 1728 561 1784 luntatis
589 1729 912 1784 electionem
945 1729 1169 1794 habent,
1194 1729 1465 1800 siquidem
1491 1738 1546 1784 et
1566 1730 1728 1788 Aries
1752 1731 1923 1803 depo-

331 1821 439 1876 sito
471 1823 679 1891 absque
703 1822 893 1877 dolore
923 1822 1151 1889 vellere,
1177 1837 1375 1877 rursus
1419 1837 1449 1876 a
1497 1831 1697 1877 natura
1744 1824 1918 1881 vesti-

332 1921 445 1969 tur.
479 1912 773 1984 Subjectus
809 1921 991 1969 autem
1037 1913 1245 1977 Tauro,
1297 1929 1649 1972 mrumnosus
1705 1923 1812 1981 est,
1869 1924 1925 1972 et

333 2005 595 2060 servilis:
631 2014 827 2060 taurus
856 2007 1006 2061 enim
1043 2005 1147 2061 sub
1189 2006 1325 2077 jugo
1373 2014 1481 2062 est.
1532 2007 1635 2073 Qui
1684 2017 1768 2064 est
1819 2009 1923 2064 sub

335 2094 658 2166 Scorpione,
693 2112 991 2167 percussor
1018 2103 1125 2160 est,
1155 2104 1381 2167 propter
1416 2112 1540 2152 eam
1583 2114 1707 2168 quae
1748 2099 1820 2154 ab
1858 2099 1924 2153 il-

332 2187 402 2243 lis
434 2188 627 2244 bestiis
656 2191 917 2251 sumitur,
968 2189 1412 2244 similitudinem.
1466 2189 1603 2243 Nam
1656 2199 1711 2245 et
1745 2188 1924 2245 Libra:

334 2280 639 2351 subjectus,
672 2289 759 2337 est
805 2280 1012 2353 justus,
1042 2288 1270 2353 propter
1296 2288 1617 2337 nostrarum
1648 2281 1921 2336 librarum

332 2373 725 2444 mqualitatcm.

979 2464 1285 2535 Responsio.

407 2556 453 2611 0
491 2548 820 2625 gentilitiam
850 2556 1221 2613 dementiam!
1258 2557 1393 2628 quid
1423 2557 1572 2612 enim
1603 2557 1731 2614 istis
1758 2556 1926 2613 fuerit

333 2649 510 2720 magis
544 2649 883 2704 ridiculum?
907 2648 1046 2705 Nam
1071 2651 1235 2707 Aries
1276 2651 1424 2706 unde
1461 2649 1624 2706 deliri
1665 2651 1928 2705 nativita-

334 2750 443 2796 tem
469 2742 714 2798 hominis
740 2750 1018 2812 repetunt,
1052 2743 1178 2799 caeli
1215 2742 1543 2799 duodecima
1564 2757 1694 2813 pars
1726 2751 1831 2807 est,
1867 2742 1927 2797 in

334 2848 444 2903 quo
473 2835 554 2890 sol
588 2850 800 2893 means,
841 2849 1007 2890 verna
1037 2835 1197 2906 signa
1237 2833 1568 2906 ingreditur.
1609 2831 1718 2889 Sed
1740 2843 1797 2888 et
1829 2831 1923 2887 Li-

337 2926 457 2992 bra,
486 2938 541 2983 et
572 2926 813 2991 Taurus,
875 2936 930 2984 et
988 2928 1274 2999 Scorpius,
1321 2936 1375 2983 et
1423 2928 1680 2984 similiter
1728 2926 1924 2982 horum

333 3018 568 3089 quodvis
612 3019 939 3075 duodecima
973 3020 1156 3091 portio
1205 3027 1311 3087 est,
1338 3028 1394 3076 et
1426 3020 1716 3100 pars_caali
1745 3019 1803 3074 in
1830 3017 1929 3073 Zo-

334 3114 519 3180 diaco,
545 3129 710 3182 quem
752 3120 980 3176 vocant,
1002 3113 1236 3168 circulo.
1272 3111 1559 3179 Quomodo
1577 3106 1754 3182 igitur
1800 3110 1927 3166 inde

335 3206 663 3261 mortalibus
708 3204 1083 3275 praecedentes
1127 3220 1328 3260 causas
1380 3204 1651 3260 exsistere
1694 3202 1921 3269 dicunt,

337 3298 468 3353 dum
494 3314 563 3352 ex
594 3297 661 3353 iis
688 3312 811 3367 quae
841 3297 986 3368 apud
1015 3312 1117 3353 nos
1147 3298 1357 3362 balant,
1398 3312 1585 3352 mores
1616 3295 1754 3367 ipsis
1782 3296 1928 3353 desi-

337 3370 620 3457 gnantur?
663 3387 885 3457 Animal
937 3387 1085 3441 enim
1148 3386 1217 3442 ad
1275 3384 1702 3457 impartiendutn
1747 3385 1928 3451 facile,

337 3479 497 3534 Aries
527 3485 612 3532 est
648 3495 662 3531 :
697 3493 806 3532 non
845 3477 990 3548 quod
1019 3478 1250 3547 hujusce
1276 3478 1448 3533 moris
1476 3475 1720 3532 effectrix
1761 3478 1837 3533 sit
1866 3493 1931 3532 ea

339 3585 470 3644 pars
499 3570 650 3637 coeli,
689 3570 785 3626 sed
816 3569 962 3639 quod
988 3569 1108 3625 ovis
1140 3585 1170 3623 a
1207 3581 1461 3626 creatore
1482 3570 1644 3625 talem
1675 3577 1929 3625 naturam

341 3662 572 3732 accepit.
608 3660 790 3733 Atque
812 3676 879 3717 ex
920 3663 1087 3717 astris
1135 3660 1357 3731 quidem
1390 3662 1594 3733 satagis
1637 3660 1932 3718 ostendere

340 3754 589 3825 genesim
614 3760 887 3819 nostram,
913 3753 966 3807 id
996 3767 1128 3809 vero
1181 3769 1280 3823 per
1315 3754 1538 3810 balatus
1595 3754 1933 3825 persuadere

342 3847 583 3901 conaris.
636 3844 919 3915 Siquidem
975 3860 1007 3900 a
1066 3844 1272 3902 talibus
1329 3846 1663 3902 animalibus
1729 3846 1932 3903 caelum

341 3948 616 4012 gestatum
656 3940 795 3996 tales
831 3939 1000 3996 habet
1035 3955 1253 3996 morum
1306 3956 1508 3998 causas
1546 3960 1559 3998 :
1606 3942 1834 3997 omnino
1878 3949 1933 3997 et

342 4030 525 4101 ipsum
557 4029 864 4100 subjectum
892 4038 979 4086 est
1005 4032 1201 4089 alienis
1232 4033 1600 4104 potestatibus
1623 4073 1639 4099 ,
1667 4033 1931 4088 nimirum

343 4121 713 4193 potestatibus
737 4129 1053 4190 astrorum;
1077 4133 1228 4178 astra
1254 4139 1385 4179 vero
1416 4125 1758 4188 animalium,
1800 4140 1934 4195 peu-

344 4211 541 4267 dentes
569 4211 638 4266 ab
669 4211 805 4282 ipsis
861 4228 1063 4269 causas
1107 4214 1388 4269 habentia.
1442 4213 1500 4269 Si
1551 4231 1676 4270 vero
1721 4216 1932 4272 ridicu-

345 4304 461 4357 lum
490 4303 596 4358 hoc
635 4312 742 4367 est,
770 4305 944 4375 magis
974 4304 1269 4359 ridiculum
1296 4304 1433 4359 illud
1463 4306 1589 4373 erit,
1616 4322 1684 4362 ex
1712 4307 1781 4362 iis
1811 4323 1936 4378 quae

345 4394 486 4450 nihil
520 4395 662 4450 inter
691 4411 750 4451 se
776 4410 1070 4451 commune
1090 4396 1315 4462 habent,
1347 4396 1611 4453 inducere
1638 4399 1777 4453 velle
1808 4414 1934 4469 pro-

345 4487 686 4544 babilitatem
752 4505 946 4544 eorum
997 4505 1121 4560 qua:
1175 4489 1245 4545 de
1297 4490 1588 4546 nativitate
1645 4492 1927 4548 dicuntur.

347 4579 636 4647 Quomodo
661 4582 806 4636 enim
841 4582 1091 4652 quotidie
1132 4583 1612 4639 innumerabiliter
1647 4593 1932 4641 mutantur

348 4673 633 4729 stellarum
685 4675 990 4744 aspectus?
1032 4674 1168 4730 Nam
1214 4672 1468 4748 planetae,
1499 4684 1560 4732 ut
1596 4685 1759 4743 sunt,
1799 4693 1938 4734 sem-

349 4781 447 4838 per
478 4767 707 4823 mobiles
736 4768 1105 4838 appellantur.
1142 4769 1323 4840 Atque
1354 4771 1447 4825 alii
1488 4770 1710 4842 quidem
1768 4772 1936 4828 citius

350 4868 723 4929 assequuntur
763 4874 823 4914 se
850 4859 1110 4924 invicem.
1145 4862 1238 4916 alii
1277 4877 1407 4917 vero
1450 4863 1707 4933 periodos
1745 4864 1936 4919 eadem

349 4950 486 5005 hora
522 4948 730 5004 faciunt
763 4949 1058 5007 tardiores.
1085 4952 1393 5024 Aliquoties
1418 4955 1583 5009 etiam
1614 4969 1675 5010 se
1697 4954 1934 5009 invicem

350 5042 705 5113 aspicientes,
744 5058 865 5098 mox
894 5045 1266 5100 occultantur.
1312 5044 1470 5111 Quod
1530 5046 1577 5101 si
1631 5061 1698 5100 ex
1743 5054 1941 5099 natura

349 5135 487 5205 ipsis
517 5136 723 5190 bonum
760 5144 817 5191 et
854 5137 1058 5190 malum
1088 5137 1268 5201 adest,
1301 5137 1532 5191 omnino
1586 5137 1653 5191 atl
1687 5136 1940 5208 Opiﬁcem

350 5244 517 5285 causa
557 5229 686 5283 mali
724 5243 754 5282 a
805 5228 969 5284 nobis
1004 5227 1265 5284 refertur.
1298 5228 1456 5296 Quod
1508 5228 1553 5285 si
1609 5229 1796 5283 liberte
1845 5243 1944 5283 vo-

349 5320 580 5375 luntatis
605 5320 873 5376 electione
899 5329 1212 5386 moventur,
1256 5323 1493 5393 primum
1524 5322 1747 5392 quidem
1776 5330 1943 5378 erunt

349 5413 612 5467 animalia
649 5412 876 5483 praedita
911 5414 1089 5470 libera
1118 5416 1421 5484 voluntate,
1443 5416 1646 5471 solutis
1674 5422 1729 5470 et
1752 5414 1936 5469 liberae

426 5613 542 5685 (60)
572 5613 1107 5685 Χαροποιοίεῐίόνῑε
1144 5613 1396 5685 χαροποί.
1435 5613 1593 5671 Eutr.

426 5683 540 5754 (61)
583 5684 872 5753 Ἀερη·ῶν.
910 5684 1037 5754 Leg.
1072 5683 1321 5754 ἐαρινῶν.
1354 5686 1424 5739 In.

424 5752 1012 5833 (62)_'[‘1_00vc._lnepte
1044 5757 1097 5833 iu
1126 5752 1372 5833 Yttlgatis
1399 5762 1591 5833 ἤχους,
1622 5753 1715 5833 ubi
1756 5755 1836 5809 s‘c
1873 5754 1945 5806 lo-

355 5821 767 5896 cusretlditnr:
801 5821 1084 5896 Non—quod
1122 5821 1318 5879 Arietis
1350 5821 1535 5879 sonum
1581 5824 1703 5879 edat
1732 5841 1795 5879 ea
1820 5840 1941 5890 pars

357 5893 494 5950 steti.
530 5893 599 5948 At
634 5894 796 5959 ήθους
835 5893 1018 5952 veram
1074 5896 1358 5953 lectionem
1419 5896 1615 5952 docere
1668 5896 1946 5953 debuisset

1421 375 1479 432 S.
1521 377 1825 433 CESARII
1864 377 2200 438 GREGORII
2239 383 2541 441 FRATRIS

3493 379 3615 438 988

2026 497 2267 554 Ἰουδαῖοι
2294 501 2328 571 ἢ
2359 498 2681 570 Χριστιανοὶ
2713 499 2772 552 ὲν
2796 500 2861 569 τῇ
2886 497 3022 568 αὐτῇ
3044 496 3280 567 ἡμέρᾳῆ
3306 494 3426 568 ὥρᾳ
3455 497 3512 551 ὲν
3534 499 3606 570 τῇ

2021 590 2251 663 μητρῷα
2284 590 2694 663 κατεϐλήθησαν
2728 588 2914 661 νηδύϊ*
2953 586 3060 642 οὐδ’
3106 582 3172 640 αὖ
3208 585 3368 641 πάλιν
3406 586 3609 653 πάντες

2018 680 2136 753 ἅμα
2166 682 2580 754 ἀπεκυήθησαν.
2629 680 2755 745 Πῶς
2797 675 2891 735 οὖν
2918 682 2970 734 οἱ
3002 678 3244 734 πλεῖστοι
3264 677 3444 732 αὐτῶν
3473 677 3610 750 Χρι-

2021 771 2132 843 στῷ
2171 771 2483 837 συνέθεντο,
2523 773 2624 845 τὴν
2669 770 2931 844 πατρῴαν
2973 769 3343 841 ἀρνησάμενοι
3375 769 3607 840 πλάνην,

2022 864 2100 936 μὴ
2145 864 2464 935 ἰσχύσαντος
2509 863 2604 918 τοῦ
2645 864 2905 934 ἄρχοντος
2948 861 3180 933 ἀστέρος
3219 862 3318 932 τῆς
3354 860 3608 933 χερσαίου

2022 955 2241 1028 μερίδος
2273 955 2565 1028 ἐμποδίσαι
2595 955 2793 1020 αὐτοὺς
2831 955 2964 1026 πρὸς
3000 953 3342 1019 θεοσέϐειαν;

2585 1068 2836 1124 ΠΕΥΣΙΣ
2885 1069 3038 1125 PlA'.

2105 1181 2244 1236 Ἀλλ’
2274 1181 2335 1236 οὐ
2366 1182 2497 1255 περὶ
2522 1181 2756 1246 πίστεως
2784 1183 2916 1251 ήμῖν
2955 1182 2985 1234 ὁ
3022 1177 3153 1251 περ)⁵
3190 1177 3407 1249 ἄστρων
3432 1177 3617 1247 λόγος,

2022 1272 2137 1328 ἀλλ’
2163 1273 2326 1346 ἤθους
2353 1273 2448 1327 καὶ
2486 1272 2760 1336 πολιτείας
2783 1273 2879 1327 καὶ
2907 1271 3165 1344 πράξεως
3195 1270 3405 1326 ἐκεῖθεν
3444 1271 3620 1343 ἁρμο-

2023 1364 2274 1436 ζομένης,
2302 1364 2383 1419 ἔτι
2410 1366 2467 1419 δὲ
2491 1365 2706 1434 καὶτῆς
2746 1364 3064 1435 σωματικῆς
3105 1363 3515 1426 καταστάσεως.
3550 1363 3616 1416 Ol

2023 1458 2130 1531 γὰρ
2162 1455 2301 1529 κριῷ
2326 1458 2425 1530 τὴν
2455 1457 2671 1527 γένεσιν
2696 1456 2931 1528 ἔχοντες,
2967 1457 3114 1511 οὑλοὶ
3156 1455 3258 1527 τὴν
3284 1456 3448 1527 τρίχα
3480 1456 3623 1508 ἁπο-

2021 1545 2319 1610 τελοῦνται,
2348 1548 2630 1620 χαροποιοὶ
2666 1547 2778 1617 (60)
2817 1549 2912 1602 καὶ
2962 1546 3385 1619 μεγαλόφρονες,
3431 1544 3619 1618 ἐπειδὴ

2024 1638 2349 1709 ἡγεμονικὸν
2381 1641 2409 1694 ὁ
2447 1639 2630 1712 κριός·
2675 1638 2813 1693 ἀλλὰ
2858 1639 2954 1694 καὶ
2991 1639 3389 1712 προαιρετικοὶ,
3433 1635 3621 1710 ἐπειδὴ

2024 1730 2117 1785 καὶ
2142 1732 2170 1783 ὁ
2197 1730 2350 1803 κριὸς
2388 1731 2706 1785 ἀποτίθεται
2750 1731 2972 1795 ἀλύπως
3002 1733 3064 1784 τὸ
3117 1732 3285 1804 ἔριον,
3323 1729 3417 1785 καὶ
3460 1729 3621 1783 πάλιν

2028 1823 2134 1878 ὑπὸ
2158 1824 2256 1895 τῆς
2288 1824 2504 1895 φύσεως
2530 1826 2869 1882 ὲπενδύεται.
2913 1827 2971 1880 Ὀ
2997 1826 3055 1880 δὲ
3084 1826 3394 1900 ταυριανὸς,
3421 1825 3624 1895 τληπα-

2025 1915 2123 1988 θὴς
2166 1915 2261 1969 καὶ
2305 1915 2583 1981 δουλικός’
2634 1916 2741 1971 ὑπὸ
2790 1917 2955 1986 ζυγὸν
2985 1917 3095 1990 γὰρ
3130 1919 3159 1971 ὁ
3208 1915 3430 1987 ταῦρος.
3471 1914 3531 1969 '0
3562 1911 3625 1970 δὲ

2025 2004 2370 2076 σκορπιανὸς,
2400 2005 2667 2078 πλήκτης,
2694 2006 2782 2060 διὰ
2811 2006 2909 2079 τὴν
2937 2006 3076 2078 πρὸς
3115 2006 3177 2061 τὸ
3221 2006 3411 2078 θηρίον
3431 2003 3625 2076 ὁμοίω-

2027 2112 2130 2150 σιν.
2175 2097 2233 2151 '0
2260 2096 2368 2167 γὰρ
2390 2096 2665 2166 ξυγιανδς,
2685 2098 2914 2164 δίκαιος,
2945 2097 3035 2152 διὰ
3071 2098 3171 2172 τὴν
3194 2101 3327 2170 παρ’
3364 2099 3497 2170 ἡμῖν
3520 2095 3628 2151 ἰσό-

2025 2206 2164 2260 τητα
2195 2191 2304 2244 τῶν
2336 2189 2540 2259 ζυγῶν.

2641 2464 3008 2531 Ἀπόκρισις.

2101 2561 2166 2614 Ὢ
2183 2558 2286 2630 τῆς
2317 2556 2635 2631 Ἑλληνικῆς
2657 2557 2670 2610 l
2700 2556 2752 2609 τί
2776 2554 2884 2628 γὰρ
2909 2555 2974 2609 ἂν
3002 2554 3215 2624 γένοιτο
3234 2556 3441 2612 τούτων
3463 2569 3638 2609 καταρ

2025 2651 2412 2722 γελαστότερον
2438 2668 2453 2718 ;
2495 2650 2553 2703 Ὀ
2584 2647 2695 2720 γὰρ
2728 2649 2902 2721 κριὸς,
2929 2646 3023 2717 ἀφ’
3061 2639 3124 2701 οὗ
3158 2646 3258 2718 τὴν
3276 2645 3492 2715 γένεσιν
3528 2643 3625 2700 τοῦ

2025 2742 2311 2817 ἀνθρώπου
2335 2742 2613 2815 ληροῦσιν,
2642 2740 2871 2813 οὐρανοῦ
2911 2739 3075 2812 μέρος
3106 2739 3342 2811 ὑπάρχει
3380 2737 3443 2791 τὸ
3461 2736 3629 2792 δωδὲ-

2025 2854 2218 2891 κατονο
2251 2836 2310 2890 ἐν
2352 2828 2398 2904 ᾧ
2438 2833 2656 2905 φθάνων
2703 2833 2733 2886 ὁ
2771 2832 2923 2904 ἣλιος
2971 2831 3082 2885 τῶν
3115 2830 3347 2901 ἀερινῶν
3379 2829 3493 2901 (61)
3515 2845 3637 2903 ση-

2029 2928 2196 3001 μείων
2224 2929 2458 2983 ἆπτεται
2476 2942 2491 2956 ·
2520 2927 2616 2980 καὶ
2641 2924 2826 2993 ζυγὸν,
2855 2923 2951 2977 xal
2971 2920 3192 2995 ταῦρος,
3220 2923 3313 2977 καὶ
3342 2922 3633 2994 σκορπίος,

2025 3020 2226 3093 ὁμοίως
2271 3019 2474 3074 τούτων
2516 3017 2746 3072 ἕκαστον
2800 3014 3100 3069 δωδέκατον
3147 3014 3334 3086 μόριον
3391 3014 3631 3085 ὑπάρχει

2032 3111 2195 3185 μέρος
2222 3110 2316 3165 τοῦ
2337 3110 2570 3183 ούρανοῦ
2608 3108 2705 3164 τοῦ
2745 3106 3011 3175 ζωδιακοῦ
3063 3108 3355 3179 λεγομένου
3399 3106 3625 3161 κύκλου.

2030 3204 2157 3268 Πῶς
2182 3198 2275 3258 οὖν
2296 3204 2505 3259 ἐκεῖθεν
2525 3202 2625 3267 τὰς
2654 3201 3079 3275 προηγουμένας
3114 3202 3294 3265 αἰτίας
3330 3200 3630 3270 φάσκοντες

2032 3294 2244 3368 βροτοῖς
2270 3295 2561 3367 ὑπάρχειν,
2594 3296 2661 3349 ὲκ
2688 3295 2799 3349 τῶν
2841 3296 2974 3368 παρ’
3002 3295 3136 3367 ἡμῖν
3166 3293 3530 3365 βληχωμένων
3560 3291 3634 3347 τὰ

2030 3387 2136 3459 ήθη
2161 3389 2346 3452 αὐτοῖς
2377 3386 2883 3460 χαρακτηρίζεται;
2914 3385 3290 3457 Εὑμετάδοτον
3322 3386 3432 3458 γάρ
3456 3385 3631 3456 κριὸς,

2030 3480 2130 3534 οὐκ
2157 3480 2344 3553 ἐπειδὴ
2372 3479 2614 3534 τοιούτου
2660 3480 2825 3553 ἧθους
2855 3479 2969 3551 (62)
3015 3479 3298 3551 ποιητικὸν
3347 3481 3524 3532 ἐκεῖνο
3562 3477 3625 3532 τὸ

2034 3573 2203 3645 μέρος
2226 3571 2320 3626 τοῦ
2355 3570 2607 3643 οὒρανοῦ,
2637 3571 2749 3627 ἀλλ’
2779 3571 2902 3625 ἐπεὶ
2934 3570 3191 3642 τοιαύτης
3228 3570 3388 3641 ἔλαχε
3416 3569 3477 3623 τὸ
3498 3569 3635 3641 πρός

2031 3666 2195 3720 ϐατον
2217 3665 2433 3737 φύσεως
2463 3662 2617 3738 παρὰ
2648 3662 2743 3718 τοῦ
2781 3663 3088 3729 κτίσαντος.
3133 3662 3245 3717 Kal
3289 3664 3352 3715 ἐκ
3385 3662 3484 3733 μὲν
3517 3661 3627 3716 τῶν

2031 3760 2246 3832 ἄστρων
2274 3758 2529 3823 σπεύδεις
2553 3746 2846 3830 ήμῶντὴν
2885 3757 3100 3827 γένεσιν
3140 3757 3434 3829 παριστᾷν,
3466 3757 3531 3809 ἐκ
3572 3754 3633 3810 δὲ

2030 3851 2140 3907 τῶν
2178 3851 2542 3923 βληχημάτων
2591 3850 2797 3905 πείθειν
2851 3849 3174 3922 ἐπιχειρεῖς.
3209 3850 3273 3903 El
3320 3849 3420 3920 μὲν
3474 3847 3631 3920 παρὰ

2032 3940 2141 3995 τῶν
2175 3940 2329 4005 ζώων
2365 3942 2394 3994 ὁ
2423 3939 2652 4011 οὐρανὸς
2679 3938 3049 4009 κομισάμενος
3079 3936 3193 4007 ἔχει
3237 3935 3338 3999 τὰς
3375 3934 3635 4006 ἀφορμὰς

2032 4032 2288 4097 τοιαύτας
2321 4030 2428 4085 τῶν
2447 4030 2618 4101 ήθῶν,
2643 4028 2927 4083 ὑπόκειται
2970 4028 3065 4082 καὶ
3095 4027 3259 4091 αὐτὸς
3285 4026 3503 4089 πάντως
3537 4024 3634 4078 ἀλ-

2033 4126 2276 4198 λοτρίαις
2314 4125 2532 4197 ἀρχαῖς,
2555 4123 2719 4187 αὐτὸς
2762 4121 2861 4194 μὲν
2887 4123 3009 4185 ταῖς
3035 4120 3142 4174 τῶν
3179 4120 3416 4191 ἄστρων,
3447 4118 3637 4171 ἐκεῖνα

2032 4218 2092 4273 δὲ
2121 4217 2229 4272 τῶν
2256 4215 2432 4282 ζώων,
2466 4215 2526 4283 ἐξ
2555 4213 2738 4270 αὐτῶν
2780 4213 2973 4285 ἔχοντα
3012 4212 3113 4276 τὰς
3168 4211 3348 4275 αἰτίας
3394 4211 3634 4281 ἀπηρτι-

2037 4311 2240 4382 σμένας
2275 4309 2411 4380 (65).
2440 4308 2504 4362 Ei
2553 4306 2611 4360 δὲ
2650 4305 3056 4374 καταγέλαστον
3100 4302 3277 4367 τοῦτο,
3327 4300 3637 4369 καταγέλα·

2036 4403 2289 4474 στότερον
2346 4400 2409 4454 τὸ
2460 4401 2526 4455 ἐκ
2571 4399 2681 4452 τῶν
2733 4397 2898 4470 μηδὲν
2956 4394 3358 4450 κοινωνούντων
3405 4393 3635 4461 ἐπάγειν

2038 4496 2336 4566 ἐπιχειρεῖν
2381 4492 2491 4547 τῶν
2533 4492 2708 4561 λόγων
2759 4490 2859 4555 τὰς
2900 4489 3264 4560 πιθανότητας
3308 4487 3438 4559 περὶ
3483 4485 3639 4556 γενέ-

2039 4603 2198 4649 σεως.
2231 4584 2354 4647 Πῶς
2380 4583 2490 4656 γὰρ
2524 4583 2609 4652 ἐφ’
2649 4581 2888 4654 ἑκάστης
2929 4581 3141 4652 ἡμέρας
3188 4579 3449 4651 μυριάκις
3479 4575 3637 4648 ἀμεί-

2037 4680 2190 4732 ϐεται
2244 4676 2349 4731 τῶν
2400 4674 2647 4748 ἀστέρων
2688 4674 2757 4728 τὰ
2816 4673 3104 4744 σχήματα;
3150 4670 3474 4742 Ἀεικίνητοι
3525 4667 3637 4740 γὰρ

2037 4768 2188 4832 ὄντες
2212 4770 2262 4822 oi
2287 4766 2555 4837 πλανῆται
2585 4764 3136 4837 προσαγορευόμενοι,
3165 4763 3261 4817 καὶ
3301 4763 3351 4815 al
3379 4762 3478 4832 μὲν
3506 4759 3639 4814 θᾶτ-

2037 4878 2129 4913 τον
2165 4856 2771 4929 ἐπικαταλαμϐάνοντες
2805 4855 3089 4927 ἀλλήλους,
3123 4854 3174 4907 οἱ
3210 4853 3269 4906 δὲ
3298 4850 3639 4923 βραδυτέρας

2040 4952 2136 5017 τὰς
2168 4951 2452 5025 περιόδους
2492 4949 2803 5020 ποιούμενοι
2848 4947 2941 5000 ἐπὶ
2981 4946 3081 5018 τῆς
3105 4944 3276 5013 αὐτῆς
3307 4943 3477 5013 ὧρας,
3506 4941 3637 4994 πολ-

2040 5046 2197 5108 λάκις
2239 5045 2333 5098 καὶ
2369 5042 2570 5116 ὁρῶσιν
2613 5040 2877 5111 ἀλλήλους
2925 5039 3019 5092 καὶ
3061 5036 3522 5109 ἀποκρύπτονται.
3570 5031 3636 5086 El

2043 5141 2099 5193 δὲ
2131 5139 2225 5193 καὶ
2256 5140 2319 5191 ὲκ
2357 5136 2571 5206 φύσεως
2606 5135 2790 5198 αὐτοῖς
2820 5131 2881 5186 τὸ
2926 5129 3130 5200 ἀγαθὸν
3175 5129 3266 5182 καὶ
3306 5130 3506 5197 χεῖρον,
3544 5125 3638 5179 ἐπὶ

2044 5232 2135 5286 τὸν
2161 5228 2500 5302 Δημιουργὸν
2537 5230 2572 5299 ή
2605 5226 2753 5281 αἰτία
2789 5225 2884 5279 τοῦ
2920 5223 3093 5279 κακοῦ
3138 5223 3268 5293 παρ’
3300 5219 3456 5292 ἡμῶν
3486 5220 3638 5272 ἀνα-

2045 5325 2270 5395 φέρεται
2296 5322 2603 5385 πάντως.Εί
2627 5315 2684 5374 δὲ
2712 5317 3030 5391 προαιρέσει
3057 5314 3395 5387 κεκίνηνται.
3414 5310 3636 5387 πρῶτον

2048 5414 2148 5487 μὲν
2179 5413 2333 5469 ἔσται
2358 5413 2474 5480 ζῶα
2501 5410 2862 5485 προαιρετικά
2897 5408 3215 5481 λελυμέναις
3245 5407 3340 5462 καὶ
3365 5405 3640 5477 αὐτοκρα-

2051 5614 2427 5682 interpretem,
2469 5618 2583 5664 tum
2626 5616 2974 5682 sensus,tum
3006 5606 3154 5682 ἠθῶν
3184 5605 3333 5682 quod
3379 5620 3505 5682 mox
3556 5618 3641 5660 se-

2052 5674 2259 5750 quitu'r,
2289 5692 2344 5736 ut
2397 5683 2608 5736 monuit
2645 5681 3001 5736 doctissimus
3032 5674 3347 5735 Coteleritts
3393 5674 3633 5730 Monum.

2059 5754 2200 5807 Eccl.
2241 5752 2332 5808 Cr.
2366 5760 2499 5805 tum.
2534 5751 2596 5811 ll,
2633 5768 2754 5820 pag.
2791 5752 2910 5805 ἓιῦυ.

2126 5825 2234 5895 {65)
2281 5816 2753 5894 Ἀπηρτισμέιίιιζ·
2804 5820 2962 5878 Forte
2996 5817 3386 5893 ἁπηρτημένας
3430 5816 3596 5874 Eutr.
