4112 6380
420 397 527 456 989

417 525 664 592 τορικαῖς
700 523 898 595 ὁρμαῖς
943 532 1290 602 κεχρημένα’
1346 535 1482 606 ὅπερ
1531 538 1725 607 μανίας
1777 541 2011 612 ὑπάρχει

419 615 515 668 καὶ
565 614 750 679 ἀνοίας
803 618 1059 690 ἐσχάτης,
1112 623 1205 676 τὸν
1260 627 1602 700 Δημιουργὸν
1651 630 2009 704 βλασφημεῖν,

419 707 514 760 καὶ
544 706 651 760 τῶν
681 707 904 778 ἀψύχων
932 713 1384 784 καταψεύδεσθαι.

493 797 616 861 Πῶς
651 798 706 852 δὲ
739 801 789 852 οἱ
839 802 979 873 κριῷ
1026 806 1124 875 τὴν
1176 809 1388 875 γένεσιν
1433 811 1679 881 ἔχοντες.
1715 816 1859 868 ούλοὶ
1917 815 2012 869 καὶ

422 890 674 959 χαροποὶ,
714 892 808 944 καὶ
839 901 1231 968 προαιρετικοὶ,
1267 902 1361 955 καὶ
1389 907 1728 975 ποριστικοί;
1764 907 2011 979 Ὀρῶμεν

424 981 650 1046 πολλοὺς
679 983 868 1049 οὑλοὺς
899 987 999 1056 μὲν
1027 989 1125 1061 τὴν
1164 994 1346 1064 τρίχα,
1394 997 1627 1065 τυφλοὺς
1670 999 1727 1053 δὲ
1773 1001 1866 1053 καὶ
1912 1001 2012 1056 οὐκ

422 1071 717 1162 εὐπόρους,
767 1079 890 1132 οὐδὲ
943 1087 1391 1154 προαιρετικοὺς,
1442 1087 1555 1142 ἀλλ’
1619 1091 1863 1162 ἰταμοὺς,
1918 1095 2011 1146 καὶ

420 1161 740 1236 δυσπόρους,
765 1169 859 1222 καὶ
879 1173 1021 1243 ρυπή
1032 1190 1195 1244 μονας
1215 1177 1348 1246 (64),
1367 1178 1462 1232 καὶ
1487 1161 1823 1252 ρακοιρόρους
1849 1183 1951 1253 ὰγύ
1962 1203 2012 1256 ρ·

420 1271 538 1320 τας,
572 1257 742 1328 θύραν
773 1261 836 1312 ἐκ
869 1261 1040 1335 θύρας
1073 1265 1417 1336 ἀμείϐοντας,
1449 1271 1551 1340 τῆς
1583 1272 1861 1344 ἐφημέρου
1893 1293 2011 1347 τρο-

425 1348 530 1420 φῆς
554 1349 761 1407 ἕνεκεν.
796 1353 921 1419 Πῶς
951 1355 1007 1409 δέ
1032 1358 1080 1410 οἱ
1111 1358 1379 1430 φαλακροὶ
1410 1360 1442 1431 ἢ
1479 1363 1572 1415 καὶ
1620 1363 1938 1435 ἁπλόκομοι,
1974 1366 2006 1437 ἢ

423 1440 743 1510 ἀμϐλυωποὶ
781 1447 1040 1501 τάναντία
1089 1448 1290 1519 έχουσι,
1335 1451 1564 1506 πλοῦτον
1609 1455 1703 1508 καὶ
1750 1456 2009 1522 ἀφθονίαν

423 1531 518 1586 καὶ
541 1533 795 1606 ἠρεμίαν,
831 1539 1072 1603 σπανίως
1097 1545 1208 1605 τοῖς
1245 1543 1418 1611 φίλοις
1462 1546 1723 1616 ὁμαίμοις
1764 1565 2012 1620 συναγει·

423 1624 675 1694 ρόμενοι;
709 1629 947 1694 Ποσάκις
998 1632 1055 1684 δὲ
1092 1634 1192 1704 τῆς
1235 1637 1463 1707 ἡμέρας,
1503 1639 1534 1709 ἢ
1577 1640 1675 1710 τῆς
1707 1642 1920 1707 νυκτὸς,
1959 1644 2010 1696 οἱ

418 1713 529 1766 τῶν
564 1715 856 1785 βασιλικῶν
881 1721 1145 1789 γενέσεων
1189 1725 1573 1780 ἀποτελοῦνται
1608 1731 2004 1802 σχηματισμοίι

421 1804 508 1860 δά
530 1806 579 1859 τί
609 1807 684 1879 μὴ
711 1810 794 1878 ἐφ’
823 1811 1060 1882 ἑκάστης
1085 1815 1376 1882 γεννῶνται
1407 1818 1672 1887 βασιλεῖς;
1702 1821 1734 1892 ἢ
1765 1823 1880 1886 πῶς
1901 1824 2008 1876 πά-

418 1895 502 1950 λιν
543 1901 806 1972 πατρικαὶ
856 1905 1039 1969 αὐτοῖς
1080 1907 1413 1979 ὑπάρχουσιν
1467 1913 1524 1965 αἱ
1581 1912 1681 1982 τῆς
1731 1912 2007 1983 βασιλείας

415 1989 688 2062 διαδοχαί;
725 1995 799 2048 Οὐ
825 1995 996 2066 δήπου
1042 1999 1151 2070 γὰρ
1192 2001 1421 2067 ἕκαστος
1465 2004 1575 2058 τῶν
1607 2004 1874 2075 βασιλέων
1902 2025 2011 2060 πα-

423 2087 863 2156 ρατετηρημένος
897 2092 977 2153 εἰς
1007 2089 1068 2143 τὺ
1101 2091 1378 2161 βασιλικὸν
1419 2096 1528 2149 τῶν
1574 2099 1792 2170 ἄστρων
1823 2099 2012 2170 σχῆμα

417 2173 506 2262 διὰ
541 2178 639 2247 τῆς
676 2180 813 2249 πρὸς
841 2180 938 2252 τὴν
980 2184 1208 2255 σύμϐιον
1246 2188 1530 2254 κοινωνίας
1568 2190 1661 2244 τοῦ
1703 2191 2009 2262 ἐναρμόσαι

419 2261 528 2329 οἶός
561 2286 647 2322 τε·
679 2271 804 2324 οὔτε
839 2274 945 2345 γάρ
989 2293 1072 2339 τις
1109 2277 1298 2347 κύριος
1337 2278 1430 2332 τοῦ
1468 2281 1732 2337 τοιούτου.
1763 2282 1888 2347 Πῶς
1915 2279 2010 2338 οὖν

437 2357 614 2423 Ὀζίας
654 2363 682 2414 ὁ
731 2362 982 2430 βασιλεὺς
1034 2366 1288 2436 ἐγέννησε
1335 2371 1427 2423 τὸν
1486 2371 1722 2443 Ἰωαθάμ
1765 2371 2006 2442 βασιλέα,

435 2447 672 2520 Ἰωαθάμ
697 2451 753 2505 δέ
781 2453 871 2506 τὸν
908 2455 1093 2525 Ἀχὰξ,
1137 2457 1304 2528 Ἀχὰς
1329 2461 1382 2512 δὲ
1420 2461 1509 2514 τὸν
1546 2463 1817 2527 Ἐζεκίαν,
1857 2458 2009 2529 οὗτος

417 2539 473 2593 δὲ
500 2541 590 2595 τὸν
621 2545 941 2616 Μανασσῆν..
971 2541 1125 2613 οὗτος
1156 2550 1212 2602 δὲ
1244 2551 1337 2605 τὸν
1380 2553 1625 2624 Ἀμμὼς,
1652 2547 1807 2620 οὗτος
1831 2557 1888 2610 δὲ
1918 2558 2008 2610 τὸν

431 2633 659 2702 Ἰωσίαν,
709 2629 864 2702 οὗτος
918 2640 975 2694 δὲ
1030 2641 1122 2696 τὸν
1168 2644 1413 2715 Ἰωαχὰζ,
1467 2645 1698 2710 ἕκαστος
1758 2649 2008 2718 βασιλεὺς

419 2722 672 2794 βασιλέας
725 2729 820 2781 καὶ
868 2731 1042 2794 οὐδεὶς
1087 2733 1145 2786 ἐν
1208 2735 1391 2798 αὐτοῖς
1429 2737 1672 2808 οίκετικῇ
1725 2738 2009 2810 συνέτυχεν

417 2816 538 2889 ῶρᾳ
564 2820 888 2891 γεννήσεως.
925 2825 1159 2880 Ἔπειτα
1185 2828 1233 2879 εί
1266 2828 1359 2880 καὶ
1388 2829 1494 2880 τῶν
1521 2829 1660 2882 κατὰ
1687 2831 1885 2884 κακίαν
1914 2833 2009 2885 καὶ

414 2909 618 2982 ἀρετὴν
652 2913 1044 2985 ἐνεργημάτων
1081 2919 1182 2972 οὐκ
1210 2919 1274 2972 ἐκ
1306 2919 1413 2972 τῶν
1446 2921 1531 2989 ἐφ’
1562 2923 1695 2992 ἡμῖν
1729 2923 2008 2995 ὑπάρχου-

418 3017 501 3054 σιν
539 3005 595 3055 ai
630 3004 816 3074 ἀρχαὶ,
866 3006 979 3060 ἀλλ’
1018 3010 1084 3062 ἐκ
1135 3011 1236 3082 τῆς
1285 3014 1592 3083 γεννήσεως
1644 3015 1700 3068 αἱ
1749 3016 2006 3084 ἀνάγκαι,

415 3095 657 3167 περιττοὶ
685 3096 785 3166 μὲν
809 3098 858 3150 οἱ
887 3099 1172 3170 νομοθέται
1204 3102 1271 3156 τὰ
1299 3103 1488 3173 αἱρετὰ
1514 3105 1608 3156 καὶ
1641 3106 1847 3172 φευκτὰ
1875 3109 2008 3177 ήμίν

414 3184 708 3256 ὁρίζοντες,
747 3189 992 3258 περιττοὶ
1047 3189 1104 3242 δέ
1160 3193 1208 3244 oi
1257 3193 1508 3247 δικασταὶ
1554 3195 1756 3266 ἀρετὴν
1788 3214 2006 3266 μετατι-

415 3277 627 3348 -μῶντες
643 3278 799 3350 (64⁸),
821 3279 1019 3334 κακίαν
1031 3281 1086 3334 δὲ
1109 3283 1446 3347 κολάζοντες.
1461 3286 1535 3339 Οὐ
1550 3285 1658 3358 γὰρ
1670 3286 1762 3340 τοῦ
1777 3288 2008 3343 κλέπτου

414 3368 448 3441 ἢ
481 3368 575 3422 τοῦ
607 3371 811 3439 φονέως
858 3371 919 3425 τὸ
966 3372 1231 3444 ἀδίκημα,
1280 3369 1361 3436 οἷς
1397 3391 1463 3442 γε
1505 3377 1628 3429 οὐδὲ
1667 3376 2009 3447 βουλομένοις

415 3464 638 3532 κρατεῖν
662 3463 762 3533 τῆς
795 3463 975 3534 χειρὸς
1017 3458 1126 3517 οἷόν
1171 3483 1252 3532 τε,
1278 3466 1366 3519 διὰ
1389 3467 1488 3537 τὴν
1515 3468 1609 3520 ἐπὶ
1645 3468 1746 3532 τὰς
1781 3470 2008 3540 πράξεις

414 3555 844 3622 κατεπείγουσαν
886 3556 1082 3619 αὐτοὺς
1122 3557 1504 3628 ἀστρονομίαν,
1538 3560 1632 3612 καὶ¹
1663 3560 1764 3632 τὴν
1805 3562 1870 3615 ἐκ
1905 3563 2006 3634 τῆς

414 3646 754 3717 εἱμαρμένης
787 3648 1030 3718 ἀνάγκην
1063 3649 1432 3719 ἐπικειμένην.

1767 415 2118 477 DIALOGUS
2173 420 2240 476 ll.

3594 417 3701 474 9‘39

2117 543 2406 615 potestatis
2436 544 2676 601 motibus
2709 543 2916 598 utentia
2949 563 2962 598 :
2996 542 3048 599 id
3083 543 3227 612 quod
3258 550 3516 597 extrema:
3549 541 3700 596 insa-

2115 640 2220 691 niae
2263 647 2425 707 atque
2467 637 2754 692 dementiae
2798 637 2982 699 fuerit,
3030 651 3152 690 cum
3199 635 3534 704 blasphemia
3568 649 3699 688 con-

2110 728 2361 798 junctum
2397 728 2628 798 opiﬁcis,
2655 736 2855 783 etcum
2892 727 3178 781 mendacio
3202 726 3269 781 de
3297 726 3632 781 inanimatis.

2185 819 2471 886 Quomodo
2500 828 2701 882 autem,
2745 818 2838 888 qui
2871 818 2936 871 ad
2975 817 3211 872 Arietem
3256 831 3414 870 suam
3437 817 3699 869 nativita-

2113 917 2223 987 tem
2256 910 2524 974 referunt,
2558 909 2724 976 crispi
2751 916 2805 963 et
2839 909 3089 977 gratiosi,
3121 915 3176 962 et
3212 907 3397 961 liberae
3444 907 3702 962 volunta-

2115 1002 2208 1065 tis.
2241 1008 2295 1054 et
2325 999 2523 1054 divites
2547 998 2720 1054 sunt?
2749 996 3014 1052 Videmus
3045 999 3248 1051 multos
3267 997 3490 1066 quidem
3525 998 3698 1051 crini-

2112 1093 2218 1148 bus
2252 1092 2473 1162 crispis,
2512 1090 2604 1160 qui
2638 1098 2821 1144 tamen
2859 1089 2990 1142 caeci
3021 1096 3149 1142 sunt
3181 1097 3234 1142 et
3287 1087 3513 1141 minime
3564 1086 3700 1140 divi-

2114 1192 2220 1246 tes,
2253 1199 2434 1253 neque
2469 1183 2640 1236 libera
2671 1181 2885 1252 praediti
2943 1178 3248 1234 voluntatis
3270 1178 3558 1242 electione,
3599 1177 3696 1232 sed

2113 1276 2370 1346 improbi,
2403 1275 2468 1328 ad
2505 1280 2773 1344 quzestum
2807 1271 3114 1325 faciendum
3145 1270 3337 1340 inepti.
3377 1279 3429 1324 et
3463 1269 3693 1330 sordidi.

2112 1375 2166 1422 et
2203 1365 2460 1436 pannosi,
2489 1362 3014 1422 etcircuml‘oranei,
3055 1360 3147 1430 qui
3177 1361 3405 1429 januam
3451 1375 3578 1414 cum
3620 1360 3700 1429 ja-

2113 1474 2222 1513 nua
2257 1466 2470 1511 mutant
2500 1454 2804 1526 quotidiani
2852 1453 3033 1506 victus
3093 1451 3433 1520 adipiscendi
3498 1452 3695 1521 gratia.

2113 1551 2402 1617 Quomodo
2431 1557 2612 1602 autem
2645 1546 2738 1616 qui
2795 1544 2934 1598 calvi
2993 1550 3142 1610 sunt,
3199 1541 3281 1597 vel
3331 1541 3497 1596 etiam
3545 1542 3700 1596 crine

2113 1641 2350 1712 simplici
2381 1647 2478 1694 aut
2510 1638 2704 1692 hebete
2729 1636 2874 1698 visu,
2907 1635 3183 1690 diversum
3212 1634 3435 1696 habent,
3467 1632 3694 1686 divitias

2111 1736 2372 1790 nimirum
2400 1740 2454 1787 et
2489 1728 2880 1786 abundantiam
2905 1735 3068 1798 atque
3096 1728 3364 1796 quietem,
3399 1741 3529 1780 raro
3562 1742 3688 1780 cum

2115 1828 2308 1882 amicis
2331 1810 2757 1894 consanguineis
2773 1821 3230 1891 congredientes?
3250 1819 3478 1886 Quoties
3504 1827 3689 1872 autem

2114 1919 2202 1974 die
2240 1919 2323 1973 vel
2389 1927 2551 1971 nocte
2603 1915 2878 1985 regiarum
2924 1912 3270 1966 nativitatum
3337 1912 3700 1981 perficiuntur

2115 2010 2492 2080 ﬁgurationes,
2515 2022 2686 2076 quare
2719 2020 2827 2059 non
2845 2004 3088 2074 qualibet
3121 2002 3239 2056 vice
3269 2017 3425 2070 reges
3454 2016 3700 2056 nascun-

2113 2102 2234 2155 tur?
2263 2099 2374 2153 Aut
2407 2099 2686 2168 quomodo
2731 2096 2922 2166 patria:
2976 2095 3110 2164 ipsis
3153 2093 3506 2148 intercedunt
3544 2093 3699 2162 regni

2112 2186 2836 2246 successiones?Nimirum
2865 2200 2972 2239 non
3005 2183 3184 2253 quivis
3222 2199 3317 2237 rex
3363 2185 3568 2254 regiam
3608 2196 3699 2235 as-

2111 2292 2323 2336 trorum
2398 2279 2778 2351 ﬁgurationem
2835 2293 2933 2348 per
2977 2279 3185 2332 coitum
3241 2290 3365 2329 cum
3435 2283 3700 2329 consorte

2111 2376 2241 2437 tori,
2293 2373 2405 2428 lilio
2473 2371 2855 2442 applicandam
2917 2369 3216 2424 observare
3262 2367 3459 2437 potuit.
3508 2364 3698 2434 Neque

2110 2466 2256 2520 enim
2295 2465 2587 2534 quisquam
2619 2477 2738 2516 eam
2777 2476 2891 2515 rem
2917 2460 3084 2514 habet
3121 2459 3178 2512 in
3243 2465 3512 2528 potestate
3573 2471 3695 2509 sua.

2110 2555 2400 2624 Quomodo
2435 2556 2606 2624 igitur
2635 2552 2797 2609 Ozias
2829 2569 2921 2607 rex
2975 2552 3165 2621 genuit
3208 2550 3564 2604 Joathamum
3609 2561 3698 2600 re-

2109 2665 2254 2721 gem,
2289 2648 2618 2704 Joathamus
2658 2661 2789 2701 vero
2840 2645 3148 2707 Achazum,
3197 2643 3452 2696 Achazus
3510 2647 3696 2693 autem

2110 2742 2445 2796 Ezechiam?
2475 2740 2576 2794 Hic
2621 2754 2752 2792 vero
2801 2737 3134 2799 Manassen),
3195 2743 3250 2790 et
3314 2735 3362 2788 is
3409 2735 3695 2793 Amosum,

2110 2835 2201 2888 ille
2235 2847 2364 2888 vero
2393 2830 2624 2890 Josiam,
2661 2831 2751 2884 hic
2787 2837 2971 2884 autem
3009 2827 3367 2888 Joachasum,
3404 2823 3700 2894 unusquis-

2109 2941 2218 2996 que
2249 2939 2345 2979 rex
2385 2923 2609 2993 regem?
2638 2931 2694 2977 et
2729 2922 2953 2992 quidem
3002 2922 3188 2975 nullus
3249 2934 3440 2974 eorum
3475 2918 3532 2971 in
3579 2931 3698 2971 ser-

2109 3016 2272 3071 vilem
2309 3015 2617 3069 nativitatis
2651 3015 2843 3068 horam
2875 3014 3091 3068 incidit.
3149 3012 3357 3068 Deinde
3383 3012 3430 3067 si
3465 3011 3695 3065 vitiosa-

2110 3122 2230 3160 rum
2262 3114 2316 3160 et
2350 3106 2538 3161 virtuti
2562 3113 3062 3160 consentanearum
3122 3104 3401 3159 actionum
3460 3116 3568 3154 non
3629 3115 3696 3154 ex

2112 3196 2273 3252 nobis
2335 3197 2603 3268 principia
2662 3198 2926 3267 pendent,
2993 3196 3090 3252 sed
3142 3211 3208 3251 ex
3268 3192 3700 3250 necessitatibus

2113 3289 2421 3346 nativitatis
2461 3309 2474 3343 :
2509 3289 2779 3359 superﬂui
2815 3297 2948 3345 sunt
2984 3291 3163 3360 legum
3205 3289 3411 3342 latores
3443 3285 3536 3355 qui
3573 3299 3697 3340 sec-

2112 3382 2276 3436 tanda
2301 3381 2671 3452 fugiendaque
2700 3381 2861 3438 nobis
2892 3382 3186 3443 deﬁniunt,
3231 3377 3497 3448 superﬂui
3550 3375 3702 3445 judi-

2110 3475 2629 3550 ces,quiyirtntem
2662 3475 2884 3545 quidem
2940 3475 3240 3538 honorant,
3285 3471 3696 3540 improbitatem

2108 3581 2241 3620 vero
2271 3567 2526 3635 puniunt.
2561 3565 2746 3635 Neque
2774 3567 2920 3620 enim
2965 3565 3106 3620 furis
3140 3573 3233 3619 aut
3291 3562 3583 3617 homicidae
3634 3575 3699 3615 ea

2110 3654 2316 3724 injuria
2362 3667 2468 3722 est,
2501 3657 2595 3725 qui
2626 3657 2936 3726 nequidem,
2965 3657 3010 3711 si
3046 3656 3234 3718 velint,
3276 3669 3500 3708 manum
3541 3652 3698 3706 cohi-

418 3735 547 3790 bere
582 3745 834 3805 possunt,
865 3745 1092 3809 propter
1120 3747 1407 3810 urgentem
1445 3740 1596 3810 ipsos
1638 3741 1706 3796 ad
1755 3756 1821 3798 ea
1859 3742 2034 3811 facta,
2075 3755 2350 3803 astrorum
2398 3749 2606 3818 legem,
2643 3757 2696 3803 et
2729 3759 2952 3819 propter
2993 3747 3302 3816 impositam
3349 3744 3453 3800 sibi
3488 3758 3555 3797 ex
3589 3742 3700 3795 fato

416 3827 820 3884 necessitatem.

489 3939 758 4010 Διελέγξω
797 3940 840 3994 δ’
875 3941 1073 4007 αὐτοὺς
1114 3944 1210 3998 καὶ
1255 3945 1320 3998 ἐκ
1365 3946 1464 4016 τῆς
1509 3945 1618 3998 τῶν
1663 3947 2007 4018 πραγμάτων

421 4029 652 4118 καθόλου
690 4031 1009 4102 μεταϐολῆς.
1057 4033 1170 4103 Πρὸ
1222 4033 1332 4103 γὰρ
1377 4035 1476 4105 τῆς
1520 4035 1840 4107 θεανδρικῆς
1886 4038 2007 4089 ἐπι-

421 4125 724 4193 φοιτήσεως
741 4164 752 4182 ,
783 4123 1003 4177 πάντων
1034 4124 1206 4178 ἐθνῶν
1230 4126 1734 4196 εἰδωλομανούντων
1753 4169 1767 4192 ,
1795 4130 1889 4181 καὶ
1919 4129 2010 4181 διὰ

419 4214 600 4285 πάσης
645 4215 952 4286 χορούντων
1013 4216 1293 4282 ἀσεϐείας,
1361 4219 1501 4290 μετὰ
1548 4221 1650 4291 τὴν
1692 4220 1874 4292 ἄφιξιν
1919 4221 2013 4277 τοῦ

419 4305 701 4378 θεάνδρου,
739 4307 826 4360 διὰ
870 4306 964 4361 τοῦ
998 4309 1355 4378 εὐαγγελικοῦ
1391 4311 1750 4382 κηρύγματος
1801 4315 1834 4384 ή
1880 4314 2016 4385 πρὸς

420 4400 730 4453 θεοσέϐειαν
785 4401 978 4470 γέγονε
1049 4402 1363 4473 μεθίδρυσις
1423 4418 1438 4433 ’
1489 4405 1588 4475 τῆς
1651 4403 1858 4477 πλάνης
1918 4405 2014 4476 μὲν

420 4492 665 4548 ἐκποδὼν
716 4493 1065 4565 γενομένης,
1135 4496 1338 4568 ἀρετῆς
1401 4497 1458 4550 δὲ
1521 4498 1861 4566 τιμωμένης,
1916 4498 2014 4568 τῆς

420 4585 590 4654 αὐτῆς
620 4586 728 4639 τῶν
761 4587 977 4658 ἄστρων
1011 4587 1278 4658 μενούσης
1304 4587 1481 4656 ὄψεώς
1507 4606 1566 4640 τε
1600 4589 1695 4641 καὶ
1731 4591 1972 4652 στάσεως
1991 4630 2006 4655 ,

420 4675 480 4742 ἐξ
529 4678 798 4748 Ἑλλήνων
841 4697 899 4732 τε
944 4680 1038 4732 καὶ
1073 4680 1341 4734 Ἰουδαίων
1386 4681 1480 4732 καὶ
1526 4681 1694 4734 ἐθνῶν
1740 4682 2009 4735 πλείστων

421 4768 886 4838 ἐπιστραφέντων,
924 4771 1018 4823 καὶ¹
1052 4769 1273 4841 Χριστῷ
1305 4770 1670 4841 συνθεμένων.
1700 4771 1808 4824 Ποῦ
1839 4768 1932 4824 οὖν
1963 4773 2013 4824 οί

423 4858 639 4928 πρῶτον
686 4860 1196 4928 καταναγκάζοντες
1240 4862 1438 4925 αὐτοὺς
1471 4862 1701 4930 ἀστέρες
1725 4901 1739 4925 ,
1774 4861 2013 4925 εἰδώλοις

425 4951 760 5006 ποτνιείσθαι
805 4952 949 5023 (65);
997 4953 1100 5006 ποῦ
1145 4955 1201 5006 δέ
1244 4953 1525 5007 λανθάνειν
1576 4955 1794 5008 ἐδόκουν
1830 4955 1879 5007 οί
1917 4955 2013 5006 νῦν

426 5044 562 5115 πρὸς
607 5043 919 5098 θεοσέϐειαν
961 5045 1156 5109 αὐτοὺς
1205 5047 1616 5118 ἐπισπώμενοι;
1657 5048 1720 5100 Εἰ
1768 5046 1825 5100 δέ
1877 5051 2014 5118 μήτε

423 5137 738 5208 ἀφαίρεσις,
762 5138 899 5208 μήτε
915 5138 1200 5209 προσθήκη
1220 5141 1284 5210 τῇ
1309 5139 1484 5210 χωρία
1517 5139 1628 5212 (66)
1659 5140 1767 5192 τῶν
1797 5140 2014 5211 ἄστρων

422 5228 666 5297 γέγονεν,
685 5228 908 5290 ἄκοντες
925 5228 1356 5298 ὁμολογήσωσιν,
1382 5231 1482 5283 οὐκ
1498 5229 1561 5283 ἐκ
1577 5247 1724 5294 τινος
1740 5230 1788 5282 εἱ
1796 5248 1870 5300 μα
1877 5248 1907 5297 ρ
1915 5230 2012 5300 μέ-

423 5339 518 5390 νης
546 5320 578 5392 ἢ
613 5320 876 5391 ἀνάγκης,
913 5321 1160 5392 ἁρετὴνῆ
1187 5321 1386 5375 κακίαν
1440 5320 1856 5392 ἐμϐιοτεύεσθαι
1882 5321 1917 5390 ἢ
1936 5324 2016 5374 αἱ·

438 5412 791 5483 ρεῖσθαι,άλλ“
813 5414 877 5466 ἐκ
891 5413 989 5484 τῆς
1005 5413 1237 5466 ἐκάστου
1256 5413 1608 5479 αὐτεξουσίου
1639 5415 2012 5486 προαιρέσεως

433 5505 527 5558 ἐπὶ
567 5505 856 5576 αἱρεθέντα
905 5505 1227 5577 χωροῦντος.
1268 5506 1448 5574 Ὅπερ
1496 5507 1683 5575 σαφῶς
1728 5509 1756 5561 ὁ
1812 5508 2015 5579 ὑψηλὸς

424 5599 710 5669 παριστῶν
755 5597 982 5662 Ἡσαΐας
1017 5597 1315 5668 διαρρήδην
1348 5597 1447 5669 βοᾷ
1487 5599 1552 5651 ἐκ
1592 5597 1887 5671 προσώπου
1919 5599 2013 5652 τοῦ

497 5777 614 5849 (64)⁸
642 5779 1040 5849 Ῥυπήμονας.
1073 5779 1378 5835 Cotelcrius
1432 5779 1672 5834 Monum.
1732 5778 1880 5834 Ecci.
1922 5779 2012 5835 Gr.

421 5856 555 5921 φη).
579 5847 664 5912 ΙΙΙ,
701 5847 974 5919 ρθείῦὅυ,
999 5852 1252 5905 rescribit
1284 5851 1636 5921 ῥυπείμονας.
1658 5851 1748 5903 Sic
1792 5860 1845 5902 ιιι
1877 5852 2018 5905 ἱηΙί-ῖι

427 5916 886 5991 Ιηιενγοαδειέγιιι
916 5936 1016 5992 pro
1052 5916 1370 5992 ρυπὼμοσιν
1404 5916 1532 5992 legit
1569 5921 1913 5992 ρυπείμοσιν.

2187 3947 2458 4003 Rcl‘utabo
2487 3957 2667 4003 autem
2699 3948 2849 4017 ipsos
2883 3945 3046 4001 etiam
3084 3960 3148 3998 ex
3179 3941 3574 3997 universalium
3606 3953 3697 3992 re-

2115 4056 2238 4096 rum
2264 4040 2582 4096 mutatione.
2602 4037 2737 4093 Nam
2759 4052 2881 4093 cum
2897 4043 3024 4089 ante
3039 4033 3334 4089 adventum
3352 4029 3522 4088 divini
3549 4031 3700 4085 illius

2117 4131 2357 4188 hominis
2394 4146 2588 4188 omnes
2628 4137 2817 4201 gentes
2859 4129 3029 4184 cultui
3074 4136 3347 4183 astrorum
3379 4123 3576 4178 deditae
3610 4136 3701 4175 es-

2114 4232 2237 4281 sent
2267 4232 2322 4279 et
2364 4223 2421 4278 in
2456 4223 2606 4278 omni
2637 4221 2951 4276 incederent
3009 4218 3308 4289 impietate,
3349 4225 3473 4286 post
3512 4227 3702 4269 acces-

2114 4330 2235 4370 sum
2279 4313 2449 4368 divini
2484 4312 2746 4376 hominis,
2797 4327 2895 4381 per
2941 4309 3314 4380 evangelicam
3362 4305 3699 4376 praedicatio-

2115 4423 2263 4472 nem,
2310 4407 2377 4461 ad
2410 4406 2665 4477 pietatem
2702 4405 2845 4459 facta
2885 4402 3139 4458 transitio
3170 4408 3276 4465 est,
3320 4400 3546 4454 amolito
3579 4397 3702 4468 qui-

2113 4499 2234 4555 dem
2263 4513 2470 4562 errore,
2503 4498 2707 4552 virtute
2739 4503 2922 4550 autem
2966 4496 3020 4549 in
3058 4494 3235 4565 pretio
3265 4493 3473 4556 habita,
3505 4491 3698 4546 eodem

2117 4601 2392 4646 astrorum
2421 4599 2676 4643 manente
2706 4603 2827 4641 cum
2862 4594 3088 4665 aspectu
3123 4595 3234 4637 tum
3266 4583 3655 4638 constitutione
3687 4598 3699 4634 :

2116 4697 2182 4736 ex
2227 4679 2467 4742 Grzccis,
2520 4687 2574 4733 et
2617 4677 2850 4743 Judazis,
2895 4685 2949 4732 ct
2999 4676 3252 4746 gentibus
3286 4673 3703 4744 quamplurimis

2114 4772 2430 4834 conversis,
2473 4779 2526 4825 et
2566 4769 2787 4824 Christo
2822 4767 3120 4837 adjunctis.
3156 4764 3258 4819 Uhi
3296 4766 3460 4834 igitur
3496 4765 3703 4833 priores

2115 4865 2306 4926 stella3,
2339 4877 2459 4931 quae
2487 4862 2754 4931 cogebant
2778 4869 2903 4914 ante
2935 4859 3076 4913 idola
3101 4857 3420 4926 suppliciter
3450 4869 3703 4924 procum-

2114 4956 2280 5010 bere?
2312 4955 2412 5009 Ubi
2455 4955 2673 5008 latitare
2705 4953 3051 5018 videbantur,
3083 4965 3203 5019 qua:
3236 4963 3381 5002 nunc
3423 4948 3491 5001 ad
3535 4947 3700 5017 pietao

2116 5055 2222 5101 tem
2251 5047 2401 5116 ipsos
2427 5045 2783 5116 pertrahunt?
2806 5043 2861 5098 Si
2882 5059 3014 5098 vero
3044 5059 3216 5112 neque
3237 5041 3511 5110 ademptio
3529 5055 3704 5108 neque

2116 5137 2324 5191 additio
2364 5136 2574 5207 regioni
2623 5147 2898 5190 astrorum
2942 5134 3202 5204 contigit,
3247 5133 3331 5186 vel
3383 5131 3536 5185 inviti
3569 5130 3703 5184 fate-

2117 5229 2342 5289 buntur,
2376 5244 2485 5281 non
2517 5243 2582 5281 ex
2609 5227 2793 5296 aliquo
2829 5226 2940 5278 l‘ato
2975 5225 3056 5278 vel
3087 5223 3417 5278 necessitate
3448 5222 3701 5274 virtutem

2117 5321 2590 5390 improbitatemve
2625 5319 2936 5373 viventibus
2980 5317 3144 5372 inseri
3193 5323 3285 5369 aut
3327 5315 3569 5378 decerni,
3609 5314 3704 5367 sed

2121 5430 2184 5468 ex
2219 5412 2651 5481 uniuscujusque
2685 5410 2853 5465 libera
2886 5408 3171 5480 potestatis
3212 5408 3479 5462 electione
3509 5421 3707 5458 ιιιηιιιι-

2124 5523 2394 5578 quemque
2425 5523 2482 5561 se
2529 5506 2596 5558 ad
2640 5519 2702 5560 ea
2745 5519 2865 5574 qum
2899 5503 3078 5572 elegit,
3125 5502 3394 5555 conferre.
3448 5497 3502 5550 Id
3557 5496 3703 5568 quod

2124 5600 2415 5656 manifeste
2439 5600 2673 5654 eximius
2704 5598 2999 5652 ostendens
3029 5595 3222 5660 Isaias,
3255 5593 3559 5648 luculenter
3591 5591 3704 5646 cla-

2198 5778 2333 5848 (δι’)
2374 5777 2837 5848 Μετατιμῶντες.
2871 5773 3012 5837 Lege
3044 5773 3144 5848 μὲν
3169 5771 3455 5848 τιμῶντες.
3481 5769 3642 5829 Εοιτ.

2199 5846 2737 5910 (ϐῧγηρτνιεῖσθαι.
2772 5847 2928 5898 Forte.
2953 5846 3295 5897 ποτνιᾶσθαι.
3330 5846 3406 5898 In.

2204 5920 2313 5990 \06)
2349 5921 2552 5987 Χωρίςι,
2589 5917 2748 5973 Forte
2781 5916 2986 5991 χορεία.
3033 5915 3106 5971 lo.
