4142 6382
421 397 525 457 991

430 523 546 570 mat
572 513 629 570 in
653 529 886 585 persona
917 513 1010 570 Dei
1041 534 1054 570 :
1087 515 1151 570 Si
1201 516 1474 571 volueritis
1501 528 1550 570 et
1581 515 2011 572 auscultaveritis

430 606 581 670 milii,
615 606 752 662 bona
783 617 942 662 terra
963 607 1280 672 comedetis;
1302 609 1350 662 si
1380 624 1499 664 vero
1528 609 1831 674 nolueritis,
1855 622 2016 679 neque

431 697 863 753 auscultauritis
891 700 1044 766 mihi,
1094 701 1305 770 gladius
1340 718 1427 757 vos
1455 701 1728 758 devorabil
1754 718 1772 756 :
1799 719 1923 756 nam
1955 718 2014 756 os

429 785 650 841 Domini
693 789 928 843 loculum
957 798 1036 845 est
1067 790 1175 845 ista
1207 790 1276 847 “.
1326 789 1446 863 Ipse
1475 807 1606 848 vero
1635 792 1690 848 in
1723 791 2016 863 Evangelio

430 881 769 936 concionans
796 880 1062 942 Dominus
1094 883 1271 953 inquit
1297 902 1310 938 :
1340 884 1738 954 Hierosolyma,
1767 883 2018 939 Hieroso-

429 967 598 1036 lyma,
632 984 750 1038 qua
795 969 993 1026 occidis
1032 971 1338 1042 prophetas,
1373 982 1423 1026 et
1456 971 1668 1040 lapidas
1698 988 1787 1026 eos
1825 971 1917 1043 qui
1945 969 2016 1024 ad

431 1066 482 1112 te
512 1058 663 1112 missi
698 1069 846 1124 sunt,
878 1061 1080 1131 quoties
1112 1061 1256 1115 volui
1281 1078 1600 1133 congregare
1636 1079 1725 1116 vos
1763 1059 1861 1116 sub
1895 1059 2014 1114 alas

431 1166 602 1214 sileas,
633 1151 1078 1221 quemadmodum
1103 1154 1312 1226 gallina
1349 1162 1630 1226 congregat
1657 1152 1833 1222 pullos
1865 1169 2014 1220 suos,

430 1254 480 1296 et
499 1243 748 1300 noluistis
762 1245 808 1277 ⁸⁸
828 1247 842 1301 l
867 1245 945 1303 Ad
962 1247 1298 1304 voluntatem
1319 1249 1575 1318 uniusqu
1586 1263 1758 1319 usque
1770 1247 2016 1305 referens

431 1336 710 1404 sequenda
738 1344 834 1392 aut
863 1338 1107 1404 vitanda,
1147 1347 1202 1395 et
1248 1354 1356 1394 non
1399 1341 1466 1395 ad
1502 1341 1884 1397 necessitatem
1919 1338 2014 1394 fati

430 1436 527 1482 aut
555 1428 690 1499 legis
716 1439 1014 1486 astrorum.
1045 1430 1165 1487 Non
1212 1433 1360 1488 enim
1399 1444 1716 1504 peccatores
1748 1448 1850 1489 nos
1893 1448 2016 1490 esse

430 1519 674 1586 duceret,
705 1522 752 1577 si
783 1522 1003 1578 illorum
1034 1522 1250 1580 insidiis
1281 1540 1532 1582 essemus
1555 1525 1813 1596 expositi.

860 1703 1385 1760 INTERROGATIO
1425 1703 1586 1760 CXII.

501 1795 659 1861 Quod
700 1796 746 1851 si
775 1798 928 1852 nullo
956 1799 1040 1854 vel
1072 1797 1334 1853 beneficio
1369 1798 1452 1852 vel
1498 1798 1699 1868 injuria
1732 1813 1800 1854 ex
1845 1799 2013 1854 astris

429 1886 740 1943 adiciuntur
767 1889 1042 1953 homines,
1093 1889 1368 1960 quomodo
1415 1887 1768 1960 Evangelium
1813 1887 2013 1943 lunati-

429 1995 527 2036 cos
548 1989 708 2037 vocat
727 1981 1069 2052 epilepticos,
1099 1989 1420 2052 spumantes
1449 1989 1505 2037 et
1531 1996 1656 2038 sese
1679 1980 2019 2037 lacerantes?

483 2229 494 2238 .
1065 2165 1374 2236 Responsio.

499 2254 797 2314 Lunaticos
829 2265 995 2313 vocat
1043 2258 1346 2314 secundum
1393 2258 1673 2330 vulgarem
1715 2260 2015 2316 multorum

427 2347 783 2413 sententiam,
817 2349 911 2418 qui
946 2348 1001 2404 id
1029 2348 1175 2421 quod
1213 2350 1378 2405 altius
1409 2358 1494 2405 est
1525 2349 1716 2406 audire
1743 2367 1853 2406 non
1884 2367 2014 2422 pos-

429 2445 582 2493 sunt.
611 2438 1069 2509 Quandoquidem
1101 2441 1246 2496 enim
1272 2441 1415 2496 lunae
1442 2449 1498 2496 et
1523 2442 1624 2498 soli
1653 2450 1710 2498 et
1733 2444 1899 2500 astris
1925 2459 2018 2499 ve-

429 2531 734 2586 nerationis
759 2532 965 2587 cultum
994 2532 1328 2588 exhibebant
1353 2533 1606 2590 homines
1643 2535 1794 2598 vani,
1824 2537 2016 2592 volens

427 2624 582 2693 ipsos
613 2637 644 2678 a
675 2638 773 2678 sua
802 2632 1065 2696 tanquam
1097 2624 1408 2695 perniciosa
1443 2626 1703 2696 opinione
1733 2641 2012 2691 revocare.

427 2716 594 2770 ctiam
639 2715 1100 2773 daemoniacorum
1141 2731 1368 2773 causam
1414 2718 1655 2774 ostendit
1696 2719 1906 2784 lunam,
1955 2726 2015 2774 ut

427 2805 508 2860 illi
546 2807 928 2878 supplicantes
967 2810 1337 2881 languidiores
1366 2810 1518 2873 facti,
1546 2811 1616 2866 ab
1647 2811 1770 2880 ejus
1794 2825 2016 2867 venera-

428 2897 579 2953 tione
609 2899 910 2956 resilircnt.
943 2899 1064 2955 Non
1096 2901 1242 2956 enim
1275 2902 1330 2957 in
1367 2903 1667 2973 perniciem
1699 2903 2013 2958 mortalium

427 2991 721 3047 luminaria
763 2993 1142 3049 universitatis
1183 2993 1518 3050 architectus
1550 2995 1824 3050 exstruxit
1849 2993 2014 3050 Chri-

429 3091 572 3148 stus,
601 3082 698 3138 sed
730 3084 1049 3140 immundus
1077 3085 1306 3155 spiritus
1335 3087 1642 3142 observans
1677 3087 1734 3140 in
1766 3085 1900 3155 ipsis
1934 3094 2015 3140 ta-

428 3171 536 3228 lem
567 3172 826 3244 speciem,
859 3171 926 3228 ad
958 3174 1331 3231 seducendum
1362 3176 1577 3247 aliquos
1626 3176 1910 3241 subduxit,
1953 3185 2014 3231 ut

428 3265 808 3321 inconstantes
837 3273 892 3322 et
919 3281 1110 3336 parum
1147 3266 1289 3337 frugi
1321 3268 1578 3324 mortales
1610 3269 1677 3322 ad
1712 3268 2015 3340 praestigia-

427 3365 578 3413 tores
603 3364 658 3412 et
684 3357 750 3411 ad
782 3372 878 3414 eos
905 3358 1105 3414 abeant
1136 3369 1351 3426 sponte,
1382 3361 1478 3432 qui
1507 3375 1537 3414 a
1558 3358 1691 3416 Jove
1715 3361 1907 3416 nutriti
1936 3362 2018 3416 vi-

429 3447 653 3512 dentur,
683 3448 944 3502 nimirum
973 3464 1071 3519 per
1098 3450 1534 3506 iucantationum
1565 3453 1934 3542 occasipnem,
1962 3461 2018 3508 et

429 3551 582 3608 spem
617 3537 834 3593 levandi
868 3539 1094 3593 malum.
1133 3537 1523 3610 Saepenumero
1553 3537 2017 3598 autem'videmus

429 3639 485 3684 et
508 3642 676 3684 canes
703 3629 935 3686 latenter
960 3631 1016 3685 in
1047 3646 1148 3685 nos
1176 3631 1428 3699 irruere;
1465 3647 1643 3704 neque
1669 3641 1849 3688 tamen
1883 3633 2019 3688 dici-

429 3736 555 3776 mus
584 3721 769 3776 lunam
800 3737 1025 3779 causam
1064 3739 1189 3780 esse
1219 3739 1438 3780 morsus
1469 3733 1562 3778 aut
1602 3732 1784 3780 motus
1811 3724 2020 3795 anima-

430 3811 521 3868 lis.
571 3812 638 3866 Et
686 3815 834 3869 servi
889 3830 1264 3884 smpenumero
1313 3831 1438 3870 cum
1480 3823 1594 3870 toto
1637 3815 1766 3870 luna
1813 3816 2020 3872 lumine

431 3906 718 3977 splendet,
767 3905 836 3961 ad
882 3906 1210 3978 capiendum
1255 3905 1439 3977 fugam
1480 3918 1744 3978 surgunt,
1792 3917 1848 3962 et
1896 3907 2019 3978 ejus

432 3998 641 4054 auxilio
669 3998 739 4054 ad
771 3999 1112 4055 celeritatem
1139 4009 1386 4054 utuntur.
1419 3997 1559 4054 Num
1596 3999 1765 4070 igitur
1792 4014 2018 4055 causam

433 4089 760 4146 temeritatis
801 4089 1016 4162 fugitivi
1057 4089 1306 4144 dicemus
1347 4089 1576 4144 lunam?
1633 4085 2019 4158 Saepenumero

433 4181 565 4236 item
593 4188 648 4236 et
679 4180 1028 4237 effeminatus
1057 4181 1223 4237 homo
1251 4190 1552 4237 nocturnas
1583 4179 1844 4236 tenebras
1881 4179 2022 4235 veri-

431 4279 523 4326 tus
565 4271 714 4326 domi
747 4271 989 4328 dormire
1029 4273 1279 4343 cogitur;
1322 4273 1451 4327 luna
1493 4287 1624 4328 vero
1665 4288 1763 4344 per
1801 4281 2020 4328 noctem

432 4363 669 4426 lucente.
709 4362 871 4420 citius
907 4364 975 4418 ad
1012 4365 1377 4436 prostibulum
1422 4366 1600 4420 instar
1639 4365 1767 4436 equi
1817 4364 2022 4420 lascive

435 4454 754 4525 prosiliens,
789 4455 1066 4520 hinniens,
1101 4465 1159 4512 et
1191 4472 1446 4522 currens,
1483 4455 1550 4511 ad
1577 4466 1821 4512 scortum
1863 4457 2020 4512 laetus

431 4548 603 4603 venit.
637 4547 777 4603 Num
812 4549 979 4620 igitur
1011 4549 1228 4604 itineris
1273 4548 1524 4605 scelerati
1555 4564 1723 4605 causa
1753 4555 1838 4605 est
1867 4549 2017 4614 luna,

431 4659 559 4716 qua;
605 4643 791 4699 divino
839 4650 1110 4714 praecepto
1158 4651 1339 4699 terras
1375 4646 1518 4699 cmlo
1569 4642 1847 4713 subjectas
1894 4643 2020 4698 illu-

434 4735 612 4790 strat?
641 4733 849 4789 Cohibe
873 4748 1062 4805 quaeso
1103 4733 1450 4805 temetipsum
1478 4749 1508 4788 a
1539 4734 1783 4790 lunatiea
1803 4733 2021 4790 demen-

433 4829 550 4884 tia:
597 4828 876 4884 dtemones
909 4827 1055 4882 enim
1093 4826 1160 4883 iis
1196 4827 1291 4899 qui
1325 4827 1513 4884 faciles
1547 4835 1710 4898 captu
1757 4837 1904 4893 sunt,
1937 4835 2022 4880 ta-

431 4919 540 4975 cite
567 4918 622 4973 in
647 4918 865 4974 animos
889 4919 1134 4974 inserere
1159 4927 1585 4986 consueverunt,
1617 4925 1678 4973 ut
1706 4933 1816 4973 non
1841 4918 2019 4973 solum

433 5009 728 5066 luminaria
750 5012 1019 5067 malorum
1045 5025 1246 5066 causas
1269 5025 1393 5067 esse
1416 5019 1689 5074 asseram,
1719 5009 1816 5066 sed
1841 5009 2018 5079 ipsum

433 5103 602 5158 etiam
625 5102 877 5173 opificem
900 5103 1051 5159 velut
1081 5103 1352 5157 malorum
1383 5110 1438 5156 et
1462 5101 1828 5157 exitiosorum
1853 5100 2022 5156 facto-

433 5211 548 5253 rem
587 5196 1020 5253 calumnientur.
1062 5195 1169 5263 Qui
1203 5211 1334 5252 vero
1371 5194 1532 5251 fidem
1584 5195 1695 5250 illis
1738 5194 2020 5260 adhibent,

432 5305 544 5346 non
568 5288 741 5346 Deum
772 5289 870 5347 sed
898 5291 1140 5347 cinerem
1164 5290 1397 5346 adorant
1420 5289 1477 5344 in
1505 5288 1802 5360 parricida,
1837 5303 1903 5344 eo
1930 5286 2024 5358 qui

496 5453 543 5487 “
582 5453 692 5510 Isa.
724 5469 764 5519 ι,
799 5453 866 5509 l9
921 5453 1015 5510 20.
1090 5453 1136 5486 ⁸³
1176 5450 1368 5509 Matth.
1403 5466 1560 5518 xxur,
1587 5452 1676 5509 57.

505 5621 619 5691 (67)
661 5622 1123 5678 Ἀποκτεγοῦσα.
1160 5621 1324 5679 Forte
1354 5622 1774 5677 ἀποκτείνουσα.
1809 5619 1969 5691 Eutr.

664 5695 763 5758 Ὠς
785 5695 884 5748 ἐπὶ
908 5693 1134 5764 βλάϐῃ.
1163 5693 1325 5748 Forte
1347 5695 1422 5757 ὼς
1454 5692 1797 5756 ὲπιϐλαϐοῦς.
1831 5690 1906 5746 In.

506 5762 621 5835 (99)
649 5763 1006 5835 Σεληνικῆς.
1033 5762 1197 5835 Forte
1234 5764 1580 5835 σεληνιακῆς.
1615 5765 1687 5818 lo.

507 5830 620 5902 (70)
650 5835 752 5888 Διὰ
795 5830 898 5888 τοῦ
927 5830 1100 5902 πατρ.
1144 5833 1244 5887 llic
1287 5830 1525 5890 Caesarii'
1563 5835 1716 5888 locus
1758 5848 1821 5887 ex
1860 5830 2018 5886 Reco-

434 5905 728 5976 gnitionum
761 5902 1214 5962 Clcmcntinarum
1245 5905 1339 5962 lib.
1374 5921 1429 5973 κ,
1467 5921 1584 5976 cap.
1622 5905 1693 5960 9.3
1721 5919 1873 5975 seqq.
1910 5904 2019 5958 for-

1526 393 1585 452 S.
1616 392 1919 451 CAESARI!
1959 389 2300 450 GREGORII
2339 388 2640 446 FRATRIS

3591 382 3700 441 99!

2120 509 2276 566 Θεοῦ·
2306 510 2448 565 Ἐὰν
2469 507 2812 577 θέλητε,καί
2833 505 3224 562 εἰσακούσετέ
3245 522 3380 575 μου,
3405 504 3480 560 τὰ
3503 502 3698 575 ἀναθά

2118 601 2228 671 τῆς
2256 601 2370 672 τῆς
2397 602 2662 671 φάτεσθε
2697 615 2710 627 ·
2749 600 2802 652 εἰ
2828 596 2998 668 δὲμὴ
3039 596 3272 664 θέλητε,
3307 593 3418 663 καί¹
3436 593 3529 665 μὴ,
3569 597 3697 650 εἰσ-

2115 690 2409 746 ακούσετέ
2448 709 2602 762 μου,
2630 688 2897 760 μάχαιρα
2921 686 3078 758 ὑμᾶς
3106 685 3414 741 κατέδεται
3443 703 3458 718 ο
3485 685 3549 740 τὸ
3585 685 3698 756 γὰρ

2116 786 2313 855 στόμα
2345 785 2565 853 Κυρίου
2597 781 2864 851 ἐλάλησε
2891 781 3105 836 ταῦτα.
3153 780 3326 844 Αὐτὸς
3349 779 3408 833 δὲ
3435 781 3493 832 ὲν
3519 779 3700 846 Εὑαγ·

2114 877 2314 948 γελίοις
2363 873 2642 949 Θεηγορῶν
2675 877 2704 929 ὁ
2753 873 2992 945 Κύριος,
3027 872 3221 944 φησίνο
3284 869 3699 941 Ἰερουσαλὴμ,

2127 969 2536 1039 Ἰερουσαλὴμ,
2557 969 2596 1037 ἠ
2620 967 3041 1022 ἀποκτενοῦσα
3061 966 3172 1038 (67)
3193 964 3336 1032 τοὺς
3363 961 3693 1034 προφήτας,

2115 1061 2214 1116 καί
2252 1059 2657 1114 λιθοϐολοῦσα
2697 1057 2839 1124 τοὺς
2870 1055 3399 1126 ἀπεσταλμένους,
3436 1053 3701 1120 ποσάκις

2114 1151 2390 1221 ἠθέλησα
2405 1149 2773 1220 συναγαγεῖν
2792 1147 2948 1220 ὑμᾶς
2968 1147 3088 1203 ὑπὸ
3112 1146 3223 1215 τὰς
3245 1143 3542 1216 πτέρυγάς
3555 1161 3701 1215 μου,

2114 1243 2190 1299 ὃν
2219 1246 2445 1316 τρόπον
2482 1245 2647 1314 ὅρνις
2690 1244 2940 1316 συνάγει
2967 1246 3042 1300 τὰ
3079 1243 3306 1299 νοσσιὰ
3333 1238 3575 1308 ἑαυτῆς,
3598 1241 3698 1297 καί

2113 1336 2645 1406 οὺκκήθελήσατεί
2691 1339 2788 1392 ἐπὶ
2823 1339 2884 1392 τὺ
2925 1338 3100 1392 θέλειν
3135 1336 3367 1391 ἑκάστου
3410 1333 3701 1405 ἀναφέρων

2111 1427 2182 1481 τὰ
2223 1428 2447 1498 αἱρετὰ,
2486 1429 2520 1501 ἢ
2552 1428 2797 1500 φευκτὰ,
2843 1430 2937 1483 καὶ
2977 1429 3078 1482 οὐκ
3127 1429 3214 1480 ἐπ’
3247 1425 3465 1496 ἀνάγκῃ
3504 1425 3703 1495 εἰμαρ-

2117 1519 2290 1592 μένης
2323 1520 2357 1592 ἢ
2387 1522 2772 1594 ἀστρονομίας.
2828 1522 2903 1576 Οὐ
2933 1520 3042 1593 γὰρ
3072 1521 3318 1592 ήγήσατο
3341 1518 3490 1588 ἡμᾶς
3517 1517 3702 1588 ἀμαρ-

2113 1613 2395 1681 τάνοντας,
2436 1615 2596 1688 εἰπερ
2632 1614 2734 1684 τῆς
2761 1614 2984 1668 ἐκείνων
3022 1611 3304 1683 μεθοδείας
3339 1606 3702 1679 ύπεκείμεϐα.

2691 1705 2943 1760 ΠΕΥΣΙΣ
2981 1704 3126 1758 ΡΙΒ’.

2186 1797 2298 1850 Kal
2328 1797 2377 1849 εἰ
2409 1796 2577 1869 μηδὲν
2610 1799 2674 1850 ὲκ
2697 1796 2806 1851 τῶν
2831 1797 3048 1868 ἄστρων
3072 1794 3495 1866 εὐεργετῶνται,
3525 1793 3560 1864 ἢ
3586 1791 3702 1846 ἀδι-

2121 1886 2341 1942 κοῦνται
2388 1889 2438 1941 οἰ
2487 1888 2785 1961 ἄνθρωποι,
2832 1887 2950 1952 πῶς
2994 1887 3055 1940 τὸ
3092 1887 3422 1957 Εὐαγγέλιον
3449 1885 3703 1957 σεληνια-

2119 1978 2382 2050 ζομένους
2431 1980 2580 2050 λέγει
2617 1981 2746 2046 τοὺς
2789 1979 3220 2051 ἐπιληπτικοὺς,
3258 1977 3567 2051 ἀφροῦντας
3606 1974 3704 2031 καὶ

2119 2072 2488 2143 ρησσομένους
2517 2090 2534 2140 ;

2730 2165 3093 2234 Ἀπόκρισις.

2191 2257 2683 2330 Σεληνιαζομένους
2733 2258 2899 2328 φησὶ,
2941 2256 3085 2312 κατά
3129 2255 3230 2327 τὴν
3273 2253 3563 2327 πρόχειρον
3591 2252 3704 2307 τῶν

2118 2351 2329 2406 πολλῶν
2352 2351 2628 2417 ὑπόνοιαν,
2673 2351 2746 2422 μὴ
2776 2348 3097 2422 χωρούντων
3127 2347 3357 2402 ἀκοῦσαι
3397 2347 3460 2400 τὸ
3501 2343 3702 2416 ὑψηλό-

2115 2460 2294 2514 τερον.
2332 2443 2486 2498 Ἐπεὶ
2514 2441 2624 2515 γὰρ
2663 2441 2892 2512 σελήνῃ,
2938 2440 3034 2493 καί
3065 2438 3231 2510 ήλίῳ,
3258 2439 3351 2492 καὶ
3388 2437 3608 2508 ἄστροις
3640 2435 3703 2490 τὸ

2119 2534 2284 2598 σέϐας
2312 2533 2586 2604 ἀπένεμον
2608 2532 2660 2585 οἰ
2691 2532 3107 2604 ματαιόφρονες,
3149 2529 3472 2600 βουλόμενος
3503 2528 3704 2592 αὐτοὺς

2116 2628 2428 2697 ἀπαγαγεῖν
2453 2629 2553 2697 τῆς
2584 2625 2792 2688 οἰκείας
2817 2624 3001 2696 δόξης,
3029 2623 3104 2688 ὡς
3132 2623 3226 2676 ἐπὶ
3247 2621 3422 2695 βλάϐῃ
3444 2621 3580 2691 (68),
3609 2621 3704 2676 καὶ

2115 2716 2294 2771 αἰτίαν
2345 2715 2453 2770 τῶν
2500 2713 2897 2786 δαιμονούντων
2944 2713 3042 2784 τὴν
3095 2712 3325 2784 σελήνην
3379 2711 3700 2779 ὑποφαίνει·

2115 2813 2263 2876 ὅπως
2309 2809 2683 2881 ναρκήσαντες
2711 2809 2761 2861 οἰ
2796 2806 2985 2879 ἐκείνῃ
3010 2804 3393 2876 ποτνιώμενοι,
3420 2806 3706 2877 ἀποπηδή-

2119 2920 2252 2957 σωσι
2276 2900 2370 2955 τοῦ
2394 2899 2603 2954 εἰκαίου
2633 2900 2997 2969 σεϐάσματος.
3043 2899 3118 2952 Οὐ
3155 2899 3266 2970 γὰρ
3297 2899 3391 2952 ἐπὶ
3412 2897 3558 2970 λύμῃ
3581 2897 3706 2970 βρο-

2114 2995 2225 3048 τῶν
2266 2993 2394 3058 τοὺς
2431 2991 2729 3063 φωστῆρας
2765 2991 2794 3044 ὁ
2820 2990 2914 3044 τοῦ
2945 2991 3148 3055 παντὸς
3189 2991 3529 3062 ἀρχιτέκτων
3561 2989 3704 3044 ἐδεί-

2120 3103 2258 3158 ματο
2281 3084 2539 3156 Χριστὸς,
2562 3084 2678 3138 ἀλλ’
2708 3083 3020 3155 ἀκάθαρτον
3046 3081 3265 3154 πνεῦμα
3291 3082 3586 3155 ἑπιτηροῦν
3608 3082 3708 3136 αὑ·

2118 3179 2230 3240 τοῖς
2247 3176 2306 3230 τὺ
2327 3175 2526 3229 τοιόνδε
2555 3175 2763 3246 σχῆμα,
2786 3176 3152 3242 ὲπιτωθάζειν
3173 3176 3316 3229 τισὶν
3334 3175 3703 3247 ὑπαγόμενον,

2117 3269 2243 3332 τοὺς
2299 3267 2558 3339 εύρίπους
2606 3267 2702 3321 καὶ
2741 3268 3063 3336 ἀνερίστους
3106 3267 3316 3339 βροτῶν
3365 3268 3459 3322 ἐπὶ
3504 3268 3708 3339 γόητας

2118 3361 2212 3414 καὶ
2249 3360 2549 3432 διοτρεφεῖς
2593 3359 2936 3431 αὐτομολεῖν,
2979 3361 3252 3432 προφάσει
3297 3361 3557 3432 ὲπαοιδῆς
3610 3360 3711 3414 καὶ

2117 3451 2210 3506 τοῦ
2243 3451 2582 3523 διοχλοῦντος
2619 3453 2934 3525 ἁνακωχῆς.
2986 3453 3254 3518 Πολλάκις
3280 3453 3337 3508 δὲ
3370 3453 3587 3526 ὁρῶμεν
3610 3452 3708 3506 κύ-

2119 3560 2217 3607 νας
2250 3543 2493 3615 κρύϐδην
2527 3543 2927 3616 ὲφαλλομένους
2949 3545 3117 3616 ἡμῖν,
3146 3545 3239 3600 καὶ
3285 3543 3346 3599 ού
3386 3561 3567 3614 φαμεν
3604 3544 3708 3616 τὴν

2121 3633 2351 3706 σελήνην
2390 3637 2572 3690 αἰτίαν
2600 3635 2695 3691 τοῦ
2725 3636 3026 3708 δήγματος,
3066 3637 3101 3708 ἦ
3127 3637 3228 3708 τῆς
3261 3636 3356 3691 τοῦ
3384 3636 3526 3702 ζὼου
3556 3638 3708 3707 κινή-

2122 3744 2279 3791 σεως.
2300 3728 2410 3782 Καὶ
2422 3729 2641 3798 οἰκέτης
2653 3727 2935 3793 πολλάκις,
2952 3728 3313 3801 πληρηφαοῦς
3333 3727 3705 3799 ὑπαρχούσης,

2121 3819 2258 3890 πρὸς
2280 3817 2608 3890 δραπέτειαν
2629 3819 2860 3891 ἠγέρθη,
2874 3819 2950 3890 τῷ
2973 3821 3189 3892 ἐκείνης
3207 3820 3348 3888 φωτί
3371 3819 3550 3891 βοηθῷ
3570 3821 3709 3890 πρὸς

2120 3907 2430 3962 ὠκυποδίαν
2457 3906 2758 3979 χρώμενος.
2789 3905 2918 3981 'Ap’
2937 3905 3031 3963 οὖν
3057 3908 3434 3980 αἰτιασώμεθα
3461 3909 3561 3979 τῆς
3582 3908 3710 3961 δυσ-

2123 3996 2341 4060 ϐουλίας
2369 3996 2465 4050 τοῦ
2496 3998 2829 4070 ὑποδράντος
2863 3998 2963 4070 τὴν
2993 3981 3270 4068 φαίνακα;
3310 3999 3422 4054 Καὶ
3443 4002 3470 4053 ὁ
3513 3999 3709 4069 λάγνος

2120 4089 2382 4154 πολλάκις
2423 4090 2485 4144 τὸ
2519 4090 2732 4146 νύκτιον
2775 4091 2966 4156 σκότος
3010 4090 3218 4159 δεδιὼς,
3254 4092 3394 4147 οἶκοι
3424 4093 3709 4148 καθεύδειν

2121 4181 2401 4252 ἐπείγεται
2418 4198 2433 4214 ο
2458 4185 2525 4254 τῇ
2552 4182 2609 4236 δὲ
2633 4183 2832 4258 σελήνῃ
2851 4181 3339 4256 καταυγαζομένης
3362 4185 3462 4255 τῆς
3491 4186 3706 4249 νυκτὸς,

2121 4269 2314 4325 θᾶττον
2347 4270 2439 4324 ἐπὶ
2471 4271 2532 4324 τὸ
2571 4273 2993 4344 χαμαιτυπεῖον,
3026 4273 3194 4327 ῖππου
3226 4273 3382 4344 δίκην
3414 4275 3706 4345 κροαίνων,

2123 4361 2460 4434 χρεμετίξων
2499 4365 2595 4418 καὶ
2634 4363 2792 4432 θέων,
2829 4359 2963 4438 ἧκεν
3011 4365 3350 4436 ἐπισκαίρων
3391 4368 3460 4437 τῇ
3491 4365 3707 4436 ἑταίρᾳ.

2121 4449 2249 4526 Ἆρ’
2277 4449 2369 4508 οὖν
2384 4454 2482 4526 τῆς
2510 4453 2821 4526 μιαιϐαδίας
2844 4455 2991 4508 αἰτία
3017 4455 3052 4526 ή
3077 4457 3148 4525 γῇ
3177 4455 3267 4507 ὑπ’
3291 4454 3519 4525 οὐρανὸν
3541 4471 3711 4506 κατα-

2126 4546 2418 4618 λάμπουσα
2449 4547 2577 4619 θείῳ
2611 4548 3000 4620 προστάγματι
3029 4565 3044 4615 ;
3077 4543 3244 4619 Εἷργε
3279 4547 3474 4601 σαυτὸν
3499 4549 3596 4617 τῆς
3621 4563 3712 4598 σε-

2123 4641 2351 4712 ληνικῆς
2369 4641 2483 4713 (69)
2511 4641 2821 4711 παροινίας.
2855 4640 2980 4705 Τοῖς
3007 4641 3117 4713 γὰρ
3141 4639 3431 4705 εὐαλώτοις
3454 4640 3711 4710 δαίμονες

2123 4733 2478 4803 ύποσπείρειν
2519 4732 2807 4799 εἰώθασιν,
2847 4733 2906 4786 οὐ
2949 4733 3108 4803 μόνον
3145 4733 3273 4797 τοὺς
3300 4733 3595 4803 φωστῆρας
3626 4731 3713 4784 αἰ-

2120 4823 2338 4878 τιᾶσθαι
2359 4823 2468 4878 τῶν
2490 4823 2698 4889 κακῶν,
2721 4824 2858 4878 ἀλλὰ
2885 4826 2981 4879 καὶ
3006 4824 3167 4880 αὐτὸν
3188 4825 3287 4897 ήδη
3314 4825 3405 4880 τὸν
3435 4827 3709 4897 Δημιοιιρ⁶

2122 4917 2218 4987 γον
2253 4917 2330 4982 ὡς
2358 4919 2577 4988 φαύλων
2609 4917 2704 4972 καὶ
2756 4917 3073 4990 φθαρτικῶν
3110 4917 3343 4989 ποιητὴν
3370 4915 3707 4970 διαϐάλλειν·

2123 5011 2171 5064 οἰ
2198 5009 2256 5064 δὲ
2281 5010 2490 5075 τούτοις
2512 5008 2845 5081 πειθόμενοι,
2870 5010 2931 5063 ού
2962 5008 3084 5081 Θεῷ
3107 5009 3244 5063 ἀλλὰ
3267 5007 3447 5079 σποδῷ
3470 5024 3714 5079 προσκυ-

2123 5102 2296 5168 νοῦσι,
2332 5103 2420 5157 διὰ
2464 5102 2558 5156 τοῦ
2597 5102 2924 5174 πσπραλοίου
2948 5102 3063 5175 (70)
3089 5103 3184 5156 καί
3219 5101 3327 5156 τῶν
3363 5101 3581 5156 οἰκείων
3618 5099 3709 5154 τέ-

2127 5196 2271 5248 κνων
2308 5195 2434 5258 τοὺς
2469 5195 2681 5266 γάμους
2719 5193 3070 5266 φθείραντος,
3120 5195 3217 5249 καί⁵
3258 5195 3316 5247 ὲν
3363 5193 3519 5264 τάφῳ
3557 5192 3713 5262 παρὰ

2127 5287 2312 5359 Κρησί
2339 5284 2636 5358 φθαρέντος
2655 5304 2667 5316 ·
2702 5287 2840 5360 ὅπερ
2863 5286 2965 5341 οὐκ
2993 5285 3110 5340 ἐστι
3145 5282 3294 5341 θεοῦ.
3319 5281 3400 5338 Οὐ
3437 5283 3544 5357 μὴν
3574 5282 3713 5342 ἀλλὰ

2122 5625 2328 5680 matus,
2357 5615 2596 5688 pessime
2633 5627 2666 5667 a
2708 5611 2952 5688 librariis
2975 5617 3241 5688 acceptus
3285 5607 3408 5663 fuit.
3443 5604 3536 5662 Sic
3564 5605 3712 5688 enim

2123 5689 2177 5743 iu
2208 5677 2440 5756 vulgatis
2465 5686 2686 5756 legitur,
2708 5682 2919 5756 suam;
2937 5677 3259 5756 ⁸πατραλοία
3276 5717 3350 5756 _...
3377 5677 3713 5750 παρακρίσει

2124 5750 2419 5829 enimille
2445 5750 2573 5811 vero
2603 5754 2742 5829 nihil
2772 5753 2915 5829 vidit
2936 5750 3232 5829 interpres.
3275 5750 3478 5829 [locum
3501 5790 3516 5812 ,
3547 5756 3713 5829 prgut

2123 5815 2434 5891 édid'imus',
2484 5825 2728 5882 restituit
2767 5815 3112 5899 reddiditque
3139 5820 3453 5899 potelerius
3494 5815 3712 5899 ali—.IEC-r

2123 5901 2316 5971 coguit.
2341 5900 2378 5955 ι.
2398 5889 2448 5954 c.
2474 5899 2567 5970 qui
2592 5906 2645 5956 ct
2669 5894 2986 5966 suspicatur
3014 5889 3112 5966 pro
3134 5891 3225 5946 διά
3252 5889 3540 5963 legendum
3565 5889 3705 5952 Διὸς.
